3109 5092
1109 336 1907 403 EUTERPE.11.114.
2458 333 2467 339 ’
2522 341 2648 404 677

374 538 496 579 του
524 505 852 591 ἅψασθαι.
914 504 951 577 6
979 509 1181 599 νόμος
1223 501 1418 593 οὗτος
1463 513 1790 584 διατελέει
1832 509 1966 582 ε’ων
1992 508 2220 602 ὁμοῖος
2249 517 2440 605 μέχρι
2488 521 2652 607 ἐμεῦ

374 620 470 706 τῷ
509 610 628 681 ἀπ’
674 610 899 701 ἀρχῆς.
1005 618 1128 683 τοῦ
1157 605 1256 683 ὦν
1289 613 1373 741 δη
1395 614 1841 708 Ἀλεξάνδρου
1877 613 2270 688 ἀπιστέαται
2299 618 2643 709 θεράπον-

374 745 510 801 τες,
551 715 928 805 πυθόμενοι
962 715 1083 787 τὸν
1112 719 1266 807 περὶ
1299 716 1375 788 τὸ
1404 719 1555 809 ἱρὸν
1582 727 1816 809 ἔχοντα
1845 721 2089 809 νόμον·
2170 724 2379 792 ἱκέται
2411 724 2487 794 δὲ
2514 724 2644 809 ἱζό-

372 847 564 910 μενοι
627 826 750 889 τοῦ
811 826 989 913 θεοῦ
1044 821 1458 912 κατηγόρεον
1509 829 1635 894 τοῦ
1695 821 2173 914 Ἀλεξάνδρου,
2244 826 2647 916 βουλόμενοι

372 924 699 1014 βλάπτειν
728 920 977 1008 αὐτὸν,
1022 923 1240 995 πάντα
1270 927 1474 1016 λόγον
1513 926 1976 1017 ἐξηγεύμενοι,
2024 923 2113 1009 ὥς
2154 927 2287 1017 εἶχε
2327 933 2484 1023 περὶ
2521 929 2648 1020 τὴν

363 1025 639 1116 Ἑλένην
665 1054 736 1095 τε
767 1029 878 1095 καὶ
906 1025 1032 1116 τὴν
1060 1033 1126 1109 ές
1153 1034 1526 1101 Μενέλεων
1555 1028 1858 1121 ἀδικίην·
1905 1031 2317 1122 κατηγόρεον
2343 1034 2420 1103 δὲ
2436 1040 2646 1105 ταῦτα

374 1129 538 1220 πρός
564 1158 637 1199 τε
663 1127 820 1210 τούς
849 1133 1030 1220 ἱρέας
1065 1132 1177 1202 καὶ
1206 1130 1326 1203 τὸν
1350 1140 1483 1203 τοῦ
1508 1135 1831 1224 στόματος
1870 1134 2113 1205 τούτου
2157 1136 2503 1225 φύλακον,
2552 1144 2647 1230 τῷ

374 1261 634 1323 ουνομα
673 1225 762 1322 ἦν
804 1239 1045 1315 Θῶνις.

374 1344 690 1426 ταχίστην
735 1340 801 1418 ἐς
827 1340 1119 1426 Μέμφιν
1161 1365 1342 1429 παρα
1367 1345 1653 1431 Πρωτέα
1683 1340 2041 1431 ἀγγελίην,
2086 1345 2420 1429 λέγουσαν
2450 1344 2608 1413 τάδε
2629 1367 2643 1380 ·

353 1439 549 1511 ”Ηκει
576 1444 823 1525 ξεῖνος,
870 1442 1062 1527 γένος
1091 1442 1217 1529 μὲν
1256 1442 1579 1534 Τευκρός,
1627 1452 1829 1534 ἔργον
1871 1445 1946 1515 δὲ
1974 1441 2251 1515 ἀνόσιον
2288 1449 2364 1515 έν
2395 1442 2642 1535 τῇἙλ-

375 1545 529 1615 λάδι
573 1546 1080 1633 ἐξεργασμένος·
1192 1549 1419 1629 ξείνου
1459 1546 1589 1637 γὰρ
1616 1553 1739 1618 τοῦ
1779 1551 2038 1619 ἑωυτοῦ
2071 1548 2484 1637 ἐξαπατήσας
2521 1547 2649 1639 τὴν

373 1664 687 1736 γυναῖκα,
716 1644 932 1735 αὐτήν
958 1674 1030 1717 τε
1057 1649 1308 1739 ταύτην
1334 1679 1522 1739 αγων
1548 1648 1695 1741 ἥκει
1724 1654 1835 1721 καὶ
1856 1649 2069 1722 πολλα
2090 1652 2301 1740 κάρτα
2323 1652 2646 1741 χρήματα,

371 1747 498 1822 ὑπ’
545 1748 814 1838 ἀνέμων
848 1753 914 1831 ἐς
956 1756 1085 1840 γῆν
1113 1754 1367 1841 ταύτην
1404 1751 1851 1842 ἀπενειχθείς
1934 1753 2174 1843 κότερα
2202 1760 2370 1841 δῆτα
2407 1760 2650 1825 τοῦτον

372 1861 590 1943 ἐῶμεν
631 1852 866 1923 ἀσινέα
909 1856 1250 1940 ἐκπλέειν,
1304 1886 1345 1945 η
1317 1851 1827 1945 ’ἀφελώμεθα,
1870 1855 1949 1926 τὰ
1977 1864 2152 1943 ἔχων
2177 1847 2381 1944 ἦλθες
2429 1854 2643 1926 Ἀντι-

371 1958 618 2046 πέμπει
651 1954 817 2046 πρὸς
857 1962 1068 2026 ταῦτα
1102 1954 1138 2026 6
1166 1959 1491 2048 Πρωτεὺς
1520 1960 1804 2047 λέγοντα
1835 1960 1996 2030 τάδε
2015 1980 2029 1994 ·
2103 1957 2356 2048 ”Ανδρα
2382 1965 2645 2045 τοῦτον,

368 2058 548 2141 ὅστις
587 2060 741 2130 κοτέ
786 2064 924 2129 ἐστι
971 2057 1210 2130 ἀνόσια
1251 2063 1657 2151 ἐργασμένος
1694 2067 1916 2145 ξεῖνον
1960 2059 2080 2132 τὸν
2125 2063 2412 2148 ἑωυτοῦ,
2452 2071 2641 2151 ,συλ-

369 2164 688 2253 λαβόντες
728 2160 1020 2249 ἀπάγετε
1063 2161 1225 2254 παρ’
1282 2166 1434 2255 ἐμὲ,
1490 2172 1604 2237 ἵνα
1649 2171 1844 2253 εἰδῶ,
1903 2162 1942 2235 ὅ
1981 2193 2045 2235 τι
2092 2165 2243 2234 κοτὲ
2292 2168 2406 2234 καὶ
2447 2165 2641 2247 λέξει.

431 2364 635 2438 ὁμοῖος
670 2368 830 2437 μέχρι
854 2361 987 2436 ἐμεῦ
1013 2370 1094 2435 τῷ
1113 2362 1217 2423 ἀπ’
1247 2364 1448 2441 ἀρχῆς]
1552 2382 1708 2442 gypt.
1759 2393 1804 2427 s.
1839 2374 1877 2426 l.
1916 2375 2080 2425 Phar.
2128 2374 2175 2424 Ι.
2225 2389 2350 2439 pag.
2404 2373 2528 2424 285.
2563 2372 2641 2422 ΙΙ.

1144 1233 1465 1319 Ἀκούσας
1511 1239 1587 1308 δὲ
1623 1237 1884 1309 τούτων
1924 1236 1959 1308 6
1988 1244 2210 1319 Θωνις
2250 1243 2494 1329 πέμπει
2523 1239 2781 1329 τὴν114

371 2445 458 2494 Ita
508 2442 825 2507 scripsimus
874 2458 993 2493 eum
1040 2424 1344 2524 Schweigh.
1397 2451 1452 2496 et

368 2511 640 2564 Gaisford.
713 2510 896 2592 Vulgo
928 2502 1140 2573 ὁμοίως
1176 2519 1231 2563 et
1270 2504 1453 2575 ἀπαρ-

366 2581 488 2647 χῆς.
560 2581 643 2632 Ad
677 2578 758 2647 τῷ
794 2572 896 2628 ἀπ’
934 2575 1111 2661 ἀρχῆς
1143 2581 1319 2664 suppl.
1359 2577 1453 2633 νό-

365 2667 473 2733 μφ.
513 2678 577 2687 -
614 2651 699 2701 De
736 2650 911 2700 forms
954 2645 1287 2700 ἀπιστέαται
1332 2650 1451 2717 (pro

364 2702 729 2785 ἀφίστανται)
762 2719 908 2772 conf
935 2720 1010 2781 ΙΙ,
1042 2720 1112 2770 80
1131 2724 1185 2770 et
1215 2722 1448 2772 Bredov.

365 2806 492 2857 pag.
536 2789 657 2842 329.
711 2787 1059 2854 Intelligendi
1096 2794 1224 2840 sunt
1259 2790 1451 2840 famuli

263 2906 268 2911 .
367 2877 412 2912 s.
454 2859 623 2923 servi,
671 2858 765 2923 qui
798 2874 908 2908 uua
953 2873 1074 2908 cum
1112 2859 1310 2909 Paride
1341 2861 1450 2909 He-

364 2929 597 2995 lenaque
651 2929 707 2977 in
763 2929 1072 2992 Aegyptum
1127 2927 1295 2979 delati
1361 2929 1452 2980 hio

365 3000 638 3050 dominum
660 3013 815 3048 suum
843 2997 1250 3063 derelinquunt,
1286 2999 1453 3063 inque

366 3068 618 3119 Herculis
671 3067 927 3132 templum
982 3068 1333 3134 confugiunt,
1390 3073 1453 3119 ut

364 3139 491 3191 inde
525 3137 683 3189 liberi
717 3135 869 3187 fiant.

435 3204 514 3275 τῷ
526 3197 749 3269 οὔνομα
768 3192 842 3271 ἦν
861 3202 1072 3270 Θῶνις]
1094 3205 1452 3271 Polydamnu‚

375 3277 559 3327 Thonis
602 3273 850 3339 (Θῶνος)
888 3276 1112 3336 coniux,
1160 3275 1451 3341 Aegyptia,

361 3348 600 3396 Homero
651 3345 709 3393 in
746 3343 988 3393 Helenae
1023 3343 1257 3395 historia.
1305 3344 1451 3395 haud

363 3416 556 3479 ignota
591 3413 795 3477 Odyss.
827 3412 923 3471 IV,
951 3412 1071 3462 228.
1142 3414 1302 3464 Unde
1328 3414 1451 3463 aliis

370 3482 558 3533 'I'Itonis
603 3481 801 3531 dieitur
845 3449 1080 3545 Aegypti
1126 3497 1247 3542 τοις
1302 3482 1449 3532 conf.

362 3550 618 3602 Eustath.
677 3550 747 3600 ad
791 3551 1012 3600 Homeri
1065 3548 1192 3612 loe„
1238 3550 1447 3601 Aelisn.

365 3623 438 3673 H.
466 3622 532 3672 A.
561 3621 660 3682 lx,
696 3619 758 3669 21
796 3619 920 3669 coll.
960 3620 1213 3683 inter-prr.
1255 3619 1324 3669 ad
1357 3620 1452 3669 Ni-

365 3691 553 3742 candr.
593 3689 758 3741 Ther.
794 3688 914 3740 312.
987 3687 1092 3738 Sed
1125 3688 1367 3738 Diodoro
1405 3688 1450 3750 1,

367 3762 433 3813 19
467 3760 651 3810 Thonis
683 3763 958 3809 vetustum
976 3762 1061 3809 est
1082 3758 1318 3823 Aegypti
1346 3773 1454 3807 em-

365 3831 604 3895 porium,
658 3829 753 3879 ubi
814 3829 872 3878 in
917 3843 1063 3878 mare
1114 3827 1227 3877 exit
1273 3826 1451 3877 Nilum

364 3902 545 3964 Atque
584 3915 650 3949 ea
683 3900 806 3963 ipsa
854 3897 983 3947 urbs
1019 3914 1053 3947 a
1097 3895 1264 3947 Thone
1306 3912 1452 3960 rege,

364 3971 457 4034 qui
484 3967 788 4018 Menelaum
817 3968 1109 4031 exceperit,
1145 3981 1342 4016 nomen
1366 3981 1455 4016 ae-

364 4038 577 4101 cepisse
617 4038 807 4087 fertur.
880 4036 1007 4087 Vid.
1049 4036 1233 4086 Strab.
1271 4035 1450 4086 XVII.

362 4122 491 4171 pag.
548 4106 647 4156 801
712 4121 757 4155 s.
816 4120 946 4170 pag.
1009 4106 1142 4156 1152
1198 4106 1262 4155 Β.
1324 4104 1449 4155 coll.

362 4178 599 4237 Heeren.
631 4174 799 4225 Ideen
830 4175 905 4235 11,
934 4175 987 4224 2.
1019 4189 1074 4239 p.
1107 4173 1228 4225 378.
1286 4173 1452 4224 Plura

361 4244 565 4310 oppida
599 4260 694 4309 per
715 4244 1021 4309 Aegyptum
1048 4244 1263 4294 nomine
1298 4242 1458 4294 Tho‘m'

365 4315 644 4366 exstitisse
678 4313 961 4375 videntur,
1009 4312 1153 4363 unde
1187 4313 1453 4364 Graecum

363 4382 553 4443 Θῶνις
588 4385 812 4434 fluxisse
841 4381 961 4435 vult
986 4382 1288 4448 Champoll.
1313 4381 1453 4435 ΠΕ-

1552 2463 1682 2512 psg.
1723 2446 1840 2497 142.
1876 2445 1999 2495 262.
2074 2444 2178 2506 Qui
2213 2443 2412 2493 altiora
2431 2446 2645 2492 sectan-

1553 2522 1644 2566 tur
1692 2519 1747 2565 et
1781 2515 2092 2564 interiorem
2145 2512 2414 2578 quandam
2453 2511 2645 2560 harum

1553 2585 1861 2634 fabularum
1883 2584 2151 2633 rationem
2181 2581 2368 2630 rimari
2402 2576 2643 2641 student,

1566 2655 1776 2703 Tltonem
1819 2651 2012 2701 volunt
2061 2666 2183 2700 esse
2235 2650 2482 2714 spiritum
2529 2649 2646 2697 uni-

1553 2723 1723 2773 versi.
1798 2719 2067 2785 Equidem
2104 2716 2286 2768 malim
2324 2734 2445 2767 eum
2481 2717 2646 2767 Creu-

1556 2808 1681 2844 zero
1716 2791 1960 2856 cogitare
1986 2789 2054 2838 de
2084 2789 2410 2839 Graecorum
2436 2786 2645 2836 Tithono

1556 2860 1720 2926 (quo
1703 2876 1823 2926 ipso
1856 2859 1925 2909 in
1938 2857 2153 2908 nomine
2180 2856 2456 2923 Aegyptia
2487 2855 2644 2906 radix

1556 2928 1734 2997 [Θῶν]
1772 2930 1953 2980 inesse
1982 2925 2254 2992 videatur)
2293 2926 2644 2993 Aegyptium-

1554 3017 1659 3066 que
1695 2999 1822 3050 inde
1856 2999 2073 3049 heroem
2107 2997 2175 3047 sd
2205 2996 2408 3047 solares
2441 2996 2642 3046 referre

1556 3071 1687 3122 deos
1725 3071 1782 3120 in
1817 3069 2072 3135 Aegypto
2110 3066 2218 3118 coli
2252 3066 2463 3118 solitos.

1913 3240 2047 3290 Cu».
2087 3239 2280 3290 CXIV.

1622 3340 1788 3408 γένος
1860 3335 1991 3406 μὲν·
2041 3333 2316 3404 Τευκρός]
2392 3332 2644 3401 Τευκρός

1550 3411 1855 3476 Schweigh.
1919 3416 1976 3460 et
2034 3408 2309 3461 Gaisford.
2378 3405 2645 3456 dederunt

1550 3497 1649 3547 pro
1704 3477 1987 3542 Τεῦκρος,
2049 3479 2193 3542 quod
2248 3477 2316 3526 ab
2368 3475 2472 3525 hoe
2521 3474 2647 3525 looo

1550 3551 1786 3600 alienum
1837 3552 1939 3596 est.
2014 3547 2174 3597 Cous.
2225 3543 2526 3609 Goettling.
2574 3542 2644 3593 de

1551 3620 1778 3668 Aoeent.
1824 3630 1951 3681 pag.
1991 3615 2096 3666 206
2145 3619 2200 3665 et
2236 3613 2348 3662 vid.
2386 3612 2532 3662 infra
2566 3613 2642 3675 ΙΙ,

1553 3687 1677 3738 118.
1731 3687 1797 3736 Ῑιι
1817 3699 1969 3749 seqq.
2000 3684 2192 3748 reliqui
2220 3682 2645 3733 lectionemvul-

1554 3760 1771 3821 getam,
1805 3753 1961 3804 libris
1999 3754 2164 3803 etiam
2203 3749 2422 3832 seriptis
2468 3751 2642 3801 firma-

1553 3831 1692 3876 tam:
1734 3792 1788 3881 ἐς
1823 3821 1931 3888 γῆν
1967 3815 2223 3887 ταύτην
2256 3813 2641 3886 ἀπενειχθεὶς,

1553 3896 1709 3946 euius
1747 3893 1867 3944 loeo
1899 3891 2044 3957 quod
2078 3892 2135 3941 in
2169 3890 2500 3942 editionibus
2525 3891 2642 3972 qui-

1556 3964 1789 4016 busdam
1826 3961 2184 4012 substitutum
2220 3965 2327 4010 est:
2366 3952 2472 4023 τὴν
2513 3954 2638 4042 σὴν,

1555 4035 1627 4085 ad
1683 4032 1923 4099 glossam
1980 4030 2181 4081 referre
2229 4029 2433 4081 malim.
2505 4021 2639 4080 ἀπε-

1555 4096 1808 4167 νειχθεὶς
1827 4105 1911 4151 est
1928 4101 2143 4161 delatus,
2166 4102 2442 4164 compulsus
2480 4100 2639 4151 Cous.

1553 4173 1631 4235 ΙΙ,
1671 4173 1787 4223 152.
1860 4172 1976 4222 Nee
2010 4171 2237 4222 multum
2262 4169 2459 4231 differt,
2493 4169 2640 4235 quod

1554 4243 1630 4304 ΙΙ,
1681 4242 1781 4291 115
1827 4244 1937 4292 est.
1982 4207 2488 4305 ἀπολαμφθέντες,
2546 4239 2641 4289 ubi

1554 4280 1723 4433 νίἷἕνα
1776 4373 1937 4445 εἰδω,
1986 4368 2032 4450 ὅ,
2064 4395 2118 4429 τι
2161 4370 2291 4428 κοτὲ
2324 4372 2443 4426 καὶ
2475 4372 2638 4444 λέξει]
