3109 5092
468 285 592 349 742
1340 284 1867 348 HERODOTI

334 468 454 531 137
630 457 827 552 Μετὰ
878 458 953 528 δὲ
1007 463 1248 528 τοῦτον
1296 461 1692 546 βασιλεῦσαι
1743 454 1961 545 ἄνδρα
1999 454 2262 545 τυφλὸν
2315 457 2382 537 ἐξ
2438 452 2763 536 Ἀνύσιος

467 559 716 647 πόλιος,
743 567 837 654 τῷ
864 560 1117 650 οὕνομα
1133 561 1416 630 Ἀνυσιν
1444 559 1640 628 εἶναι.
1672 560 1781 627 ἐπὶ
1807 560 2051 629 τούτου
2077 560 2554 648 βασιλεύοντος
2587 560 2754 629 ἐλά-

465 688 577 735 σαι
626 661 731 735 ἐπ’
769 675 1120 752 Αἴγυπτον
1167 666 1337 752 χειρὶ
1378 668 1592 751 πολλῇ
1622 662 1962 743 Αἰθίοπάς
2000 690 2071 731 τε
2114 665 2224 731 καὶ
2255 661 2598 751 Σαβακῶν
2624 661 2757 732 τὸν

470 769 830 838 Amadum!
859 770 1155 857 βασιλέα.
1213 766 1333 836 τὸν
1366 767 1491 855 μὲν
1534 764 1619 853 δὴ
1664 764 1928 854 τυφλὸν
1964 771 2205 835 τοῦτον
2232 775 2540 854 οἴχεσθαι
2568 765 2747 854 φεύ-

465 935 822 1002 pyramidem,
868 935 936 985 de
982 952 1088 1001 qua
1138 934 1192 984 h.
1230 932 1268 984 l.
1310 935 1552 983 Herodo-

466 1012 556 1056 tus
593 1005 809 1068 scribit,
846 1021 966 1056 eam
1006 1019 1126 1055 esse
1162 1003 1264 1053 viri
1290 1004 1437 1054 docti
1469 1019 1551 1053 ar-

464 1076 841 1136 bitrabantur,
879 1090 1018 1140 quae
1033 1089 1176 1124 nunc
1200 1074 1550 1138 conspicitur,

464 1145 726 1195 lateribus
764 1111 878 1194 sole
923 1144 1094 1194 coctis
1138 1147 1444 1203 exstructa,
1492 1143 1549 1191 in

465 1214 603 1264 colle
622 1212 855 1278 quodam
875 1228 1044 1278 prope
1062 1213 1130 1263 El
1166 1211 1379 1273 Lahun,
1406 1210 1549 1261 haud

465 1284 546 1332 ita
579 1283 768 1347 procul
803 1283 873 1332 ab
905 1282 1063 1332 initio
1101 1281 1283 1346 mag-ni
1320 1280 1547 1340 canalis,

466 1352 557 1416 qui
611 1351 875 1401 deductus
938 1357 1024 1400 est
1075 1352 1148 1401 ad
1196 1350 1441 1400 Medinat
1500 1350 1551 1399 el

464 1421 727 1484 Fayoum.
801 1419 1065 1470 Conferas
1100 1420 1446 1482 Description
1481 1419 1548 1468 de

465 1489 707 1554 l'Egypt.
729 1489 967 1553 Antiqq.
1007 1489 1217 1538 livrais.
1267 1488 1376 1539 111.
1413 1494 1547 1540 tom.

463 1559 541 1609 11.
591 1557 749 1623 chap.
798 1558 978 1609 XVII.
1023 1563 1159 1614 sect.
1204 1557 1257 1608 3.
1304 1573 1432 1623 pag.
1479 1557 1546 1608 23

465 1643 635 1693 seqq„
685 1628 890 1678 Ritter:
931 1626 1227 1678 Erdkunde
1266 1628 1309 1677 Ι.
1359 1642 1411 1691 p.
1445 1626 1546 1676 796

466 1713 578 1761 seq.
619 1696 743 1747 coll.
805 1697 1081 1746 Mannert:
1121 1696 1318 1760 Geogr.
1357 1696 1411 1746 d.
1451 1695 1544 1746 Gr.

468 1781 521 1816 u.
558 1767 746 1816 Roem.
771 1766 839 1825 X,
883 1767 933 1816 l.
957 1779 1083 1829 pag.
1121 1767 1243 1815 444.
1282 1764 1404 1816 467.
1476 1765 1548 1813 At

464 1850 594 1884 vero
613 1851 756 1885 nunc
775 1834 1011 1884 dubitari
1038 1834 1227 1897 nequit
1241 1871 1254 1893 ‚
1293 1833 1434 1882 hanc
1455 1849 1548 1896 py-

464 1904 724 1953 ramidem
769 1919 930 1953 unam
975 1919 1040 1953 ex
1090 1904 1160 1953 iis
1207 1917 1356 1964 esse,
1407 1917 1548 1966 quae

462 1988 631 2038 prope
663 1974 844 2023 vicum
878 1972 1095 2022 Dashur
1121 1972 1396 2022 meridiem
1431 1986 1547 2020 ver-

465 2058 557 2092 sus
605 2059 637 2092 a
683 2040 921 2105 Memphi
969 2040 1335 2106 proficiscenti
1382 2056 1547 2105 appa-

463 2116 612 2174 rent,
662 2117 717 2161 et
764 2111 978 2174 quidem
1014 2125 1161 2169 eam,
1210 2125 1350 2174 quae
1387 2125 1547 2174 opere

464 2179 712 2229 latericio
732 2183 960 2238 structa,
980 2183 1317 2228 caeterarum
1329 2179 1547 2241 amplis-

465 2250 603 2298 sima
640 2253 694 2298 et
730 2248 1080 2298 ornatissima
1109 2247 1284 2297 adhue
1312 2248 1546 2310 videtur,

465 2317 889 2381 septentrionem
957 2316 1189 2366 maxime
1259 2321 1544 2380 spectans;

466 2402 626 2451 quam
677 2386 989 2435 accuratius
1036 2400 1206 2448 nuper
1255 2386 1547 2449 inquisive-

465 2461 591 2505 runt
612 2456 758 2520 Vyse
778 2460 831 2504 et
851 2456 1081 2518 Peri-ing
1099 2454 1406 2519 (Pyramids
1416 2456 1543 2515 ,VoL

465 2526 575 2575 111.
590 2540 716 2589 pag.
733 2524 799 2574 58
814 2524 995 2589 seqq.)
1011 2539 1401 2589 mensurasque
1422 2541 1547 2574 con-

466 2597 791 2655 stituerunt;
827 2594 936 2644 vid.
962 2595 1183 2644 Bnnsen
1203 2593 1238 2644 l.
1262 2594 1297 2643 1.
1315 2594 1390 2643 11.
1416 2610 1543 2658 pag.

464 2665 534 2712 90
564 2680 738 2729 seqq„
785 2663 959 2714 Raoul
991 2663 1281 2714 Roehette:
1315 2663 1549 2713 Journal

466 2734 518 2784 d.
557 2735 687 2787 Sav,
733 2735 882 2784 1844.
921 2749 1048 2798 pag.
1095 2733 1195 2783 407
1231 2748 1345 2797 seq.
1385 2733 1549 2795 inpri-

463 2803 564 2854 mis
596 2818 725 2867 pag.
763 2803 865 2852 410
901 2819 1014 2866 seq.
1049 2806 1102 2851 et
1138 2802 1287 2853 1816.
1333 2819 1384 2866 p.
1426 2801 1548 2852 372.

462 2874 536 2920 Et
571 2872 713 2920 cons.
753 2886 967 2935 quoque
1005 2873 1147 2919 Hirt.
1187 2870 1224 2919 1.
1262 2871 1297 2920 l.
1330 2886 1454 2936 pag.
1488 2872 1550 2921 10

462 2955 605 3003 seq.,
655 2939 985 2989 Wilkinson.
1033 2941 1288 2988 Manners
1322 2941 1368 2989 Ι.
1419 2955 1547 3004 pag.

466 3007 561 3057 131
601 3022 717 3071 seq.

747 3158 878 3209 CAP.
919 3159 1244 3211 CXXXVII.

528 3257 856 3340 βασιλεῦσαι
878 3249 1065 3339 3360oe
1081 3252 1301 3344 τυφλὸν
1321 3252 1410 3310 ἐκ’
1403 3254 1546 3311 Ανύ-

460 3345 581 3388 σιος
616 3322 836 3396 πόλιος]
875 3321 1054 3395 νόμος
1081 3323 1330 3387 Ἀνύσιος
1351 3347 1545 3381 memo-

457 3407 610 3452 ratur
653 3400 800 3450 infra
850 3399 1092 3462 11,166
1128 3400 1221 3450 ubi
1264 3401 1408 3460 vid.;
1459 3417 1547 3450 ur-

457 3472 579 3522 bem
633 3475 896 3520 memorat
942 3470 1253 3535 Stephanus
1306 3471 1542 3533 Byzant.

460 3556 506 3591 s.
547 3556 600 3590 v,
676 3539 833 3601 Quod
869 3543 1051 3589 tamen
1088 3541 1143 3589 in
1183 3539 1344 3588 Iesai.
1373 3540 1543 3601 XXX,

459 3612 666 3672 4,021-1
705 3605 956 3672 (Chanes)
994 3608 1200 3659 hancce
1243 3608 1430 3658 urbem
1469 3608 1545 3657 la-

460 3696 576 3743 tere
611 3675 956 3754 existimant,
1007 3693 1319 3758 obloquitur
1351 3692 1545 3743 Cham-

458 3761 593 3825 poll.
632 3762 871 3827 l’Egypt.
912 3762 1119 3813 sousl.
1159 3763 1320 3811 Phar.
1368 3763 1448 3812 11.
1488 3778 1542 3826 p.

461 3831 590 3891 200,
630 3846 749 3880 cum
785 3832 983 3881 vocula
1015 3823 1237 3888 ’Ἀνυσις
1280 3829 1358 3881 nil
1396 3831 1543 3881 aliud

460 3899 534 3948 sit
565 3899 671 3947 nisi
705 3899 913 3963 „Anisi,
953 3901 1186 3965 Idaque,
1237 3902 1322 3965 qm·
1351 3915 1546 3964 appar-

455 3970 580 4017 lieni
623 3967 656 4016 ἀ
704 3936 847 4018 I'sis!
831 3969 868 3995 ‘⁴
945 3968 1185 4018 Indicari
1236 3971 1376 4019 enim
1422 3985 1539 4019 eam

456 4037 671 4097 urbem,
711 4051 850 4099 quae
883 4037 1064 4086 Plinio
1101 4038 1405 4102 appellatur
1439 4039 1542 4089 Isi-

456 4107 537 4156 dis
565 4105 796 4168 oppidum
841 4110 896 4154 et
933 4105 1085 4155 Iseon
1119 4106 1395 4170 Stephano
1437 4110 1543 4173 By-

455 4174 695 4236 zantinO,
733 4178 1061 4224 exstructam
1090 4190 1152 4225 eo
1189 4176 1244 4223 in
1276 4175 1415 4238 loce,
1455 4177 1544 4227 eui

454 4259 598 4294 nune
618 4257 810 4293 nomen
833 4242 1119 4294 Babbaics.
1147 4245 1378 4307 Bahber't,
1398 4245 1543 4295 haud

453 4312 729 4384 proculab
751 4312 1077 4370 occidentali
1101 4314 1221 4378 ripa
1241 4314 1354 4366 Nili
1379 4315 1540 4365 Phat-

1656 936 1867 997 metici,
1918 933 2010 984 ubi
2057 934 2351 984 etiamnum
2396 934 2751 998 conspician-

1655 1008 1743 1054 tur
1775 1002 2043 1068 splendidi
2072 1001 2261 1066 templi
2294 1001 2510 1052 rudera.
2585 1003 2753 1065 Quae

1652 1075 1709 1123 in
1740 1073 2005 1139 propheta
2038 1072 2291 1122 Hebraeo
2339 1078 2567 1122 vocatur
2611 1072 2752 1122 urbs

1655 1145 1839 1208 (quam
1885 1141 2217 1204 Talehaplmes
2261 1141 2370 1206 legi
2423 1139 2581 1203 vult),
2620 1157 2753 1191 eam

1654 1227 1774 1262 esse
1830 1212 2076 1274 Daphnus
2124 1211 2449 1270 Pelusiacas,
2512 1209 2580 1259 de
2633 1226 2751 1274 qua

1651 1282 1763 1331 vid.
1803 1296 1969 1345 supra
2003 1280 2078 1341 11,
2114 1279 2203 1330 30.
2273 1278 2401 1330 vid.
2438 1278 2749 1343 champoll.

1648 1350 1688 1401 1.
1726 1350 1763 1400 1.
1801 1351 1874 1401 11.
1913 1365 2041 1415 pag.
2073 1347 2159 1398 78.
2198 1348 2243 1397 1.
2281 1364 2406 1414 pag.
2435 1348 2557 1400 313.
2605 1350 2753 1399 Post

1650 1435 1809 1485 quem
1853 1434 1887 1468 a
1934 1420 2018 1468 Cr.
2064 1416 2323 1467 laudatus
2371 1417 2639 1468 Gesenius
2687 1418 2749 1466 in

1651 1490 1949 1539 comment.
1990 1487 2061 1536 ad
2096 1486 2257 1537 Iesai.
2305 1486 2345 1537 1.
2392 1486 2428 1537 1.
2467 1502 2593 1552 pag.
2635 1486 2745 1538 863

1649 1574 1803 1622 seqq.
1887 1571 1947 1619 0:
1946 1573 2000 1641 ’ῃ
2058 1556 2384 1620 Aegyptium
2427 1571 2550 1605 esse
2599 1556 2749 1606 Hnds

1618 1642 1765 1690 'sive
1786 1637 1955 1690 Elmc‘s
1979 1621 2342 1704 probabiliter
2381 1641 2596 1702 statuit,
2635 1656 2744 1706 quo

1649 1708 1865 1760 nomine
1904 1711 2288 1772 Heracleopolis
2322 1710 2444 1759 urbs
2475 1709 2700 1759 media
2685 1727 2747 1760 ιιι

1652 1779 1901 1842 Aegypto
1933 1778 2293 1864 designetur,
2346 1793 2523 1842 neque
2576 1779 2746 1829 etiam

1650 1846 1916 1897 Herodoti
1933 1841 2154 1903 ’Ἀνυσις
2175 1846 2446 1897 diversum
2478 1846 2654 1898 videri
2673 1848 2743 1897 ab

1650 1917 1847 1976 Hanes,
1883 1917 2064 1980 prouti
2088 1921 2142 1965 et
2164 1916 2559 1981 NVesselingins
2581 1922 2636 1966 et
2651 1918 2745 1966 Vi-

1651 1986 1837 2064 tringa
1859 1985 2060 2036 dudum
2093 1986 2544 2035 existimaverint.
2606 1986 2745 2036 Cum

1651 2048 1827 2116 νόμος
1856 2047 2108 2110 Ἀνύσιος
2145 2054 2214 2103 ad
2247 2054 2544 2105 Calasirios
2576 2057 2745 2120 perti-

1648 2123 1854 2185 nuerit,
1899 2124 1955 2172 in
1995 2123 2246 2173 orientali
2281 2124 2450 2174 Delta
2492 2130 2650 2188 parte
2690 2131 2746 2176 et

1649 2208 1848 2258 pagum
1884 2197 1937 2241 et
1976 2193 2160 2242 urbem
2195 2195 2381 2258 quaeri
2411 2194 2608 2243 debere
2632 2210 2746 2245 mo-

1648 2262 2038 2326 net-Lepsius:
2087 2261 2412 2326 chronolog.
2463 2262 2509 2312 Ι.
2546 2280 2601 2326 p.
2639 2264 2743 2315 312

1648 2336 1764 2380 not.
1839 2331 2037 2395 Itaque
2073 2331 2280 2381 reiecta
2314 2331 2743 2396 Champollionis

1649 2400 1924 2450 sententia
1936 2399 2141 2449 mavult
2164 2401 2405 2465 cogitare
2426 2402 2490 2450 de
2510 2416 2575 2449 ea
2586 2402 2741 2463 urbe,

1649 2485 1789 2533 quae
1825 2473 2053 2519 vocatur
2109 2469 2422 2531 Thennesus,
2469 2470 2612 2520 inter
2649 2486 2746 2534 pa-

1648 2538 1802 2588 ludes
1839 2541 1948 2587 sita
1988 2537 2324 2589 occidentem
2356 2554 2546 2588 versus
2582 2554 2616 2588 a
2642 2539 2742 2589 Pe-

1648 2606 1809 2670 lusio,
1834 2611 1976 2657 teste
2004 2607 2269 2658 Cassiano
2291 2606 2428 2658 Coll.
2457 2608 2610 2657 Patr.
2640 2609 2741 2670 XI,

1653 2677 1703 2739 1,
1741 2646 1975 2741 indeque
2007 2677 2151 2758 apud
2184 2676 2518 2727 Herodotum
2554 2693 2744 2740 exspe-

1652 2746 1909 2796 ctandum
1955 2761 2075 2795 esse
2105 2736 2365 2802 '‘Avvvmg
2422 2747 2540 2795 sive
2586 2742 2741 2795 Θάν-

1651 2828 1813 2872 νυσις
1867 2815 2054 2865 addito
2098 2815 2345 2865 articulo.
2417 2815 2501 2865 Ad
2546 2831 2743 2866 nomen

1651 2885 1796 2949 regis
1835 2885 2014 2945 caeci,
2051 2884 2143 2948 qui
2167 2874 2389 2939 Ἀνυσις
2415 2884 2740 2949 appellatur,

1650 2953 1795 3004 haud
1832 2954 1945 3002 scio
1981 2968 2050 3002 an
2072 2952 2362 3017 pertineat,
2403 2954 2546 3017 quod
2579 2954 2741 3004 affert

1650 3022 1856 3072 Bohlen
1880 3021 2022 3080 (Ind.
2049 3022 2124 3072 11.
2152 3037 2278 3086 pag.
2313 3022 2458 3086 459),
2492 3024 2547 3072 in
2573 3023 2740 3073 Sans-

1648 3092 1859 3141 critana
1893 3091 2081 3156 lingua
2116 3091 2305 3142 anisln's
2337 3091 2579 3142 indicare
2618 3108 2737 3143 cac-

1645 3176 1750 3210 cum
1785 3160 2036 3210 hominem.

1691 3270 2002 3358 Σαβακῶν
2026 3269 2130 3326 τὸν
2150 3271 2457 3328 Αίθιόπων
2480 3274 2735 3345 βασιλέα]

1646 3339 1751 3396 τὸν
1783 3363 1880 3412 pro
1916 3344 2030 3395 τῶν
2065 3363 2185 3397 cum
2225 3354 2455 3399 reeentt.
2495 3349 2618 3399 edd.
2654 3365 2735 3399 re-

1648 3417 1907 3480 cepimus.
1983 3416 2186 3467 Similis
2230 3418 2481 3468 confusio
2516 3418 2572 3467 in
2610 3418 2736 3468 Plu-

1646 3485 1822 3535 tarchi
1857 3485 2191 3550 Philopoem.
2234 3487 2279 3548 l,
2311 3487 2406 3536 ubi
2440 3487 2552 3536 vid.
2591 3492 2736 3539 nott.

1646 3571 1775 3619 pag.
1815 3558 1864 3605 5.
1941 3555 2100 3616 Quod
2131 3554 2201 3605 ad
2227 3563 2607 3621 argumentum
2630 3556 2737 3607 loci

1646 3624 1877 3684 attinet,
1914 3624 2007 3672 vix
2025 3639 2117 3685 ea,
2160 3640 2296 3688 quae
2327 3625 2641 3676 Herodotus
2672 3626 2739 3675 de

1648 3693 1911 3743 Sabaoone
1947 3698 2113 3757 atque
2135 3693 2491 3758 Aethiopibus
2527 3701 2736 3756 narrat,

1648 3778 1768 3812 eum
1824 3760 2153 3827 reliquorum
2200 3764 2524 3827 scriptorum
2582 3765 2741 3814 testi·

1648 3832 1844 3880 moniis
1868 3831 2157 3881 conciliari·
2172 3837 2449 3897 poterunt,
2481 3833 2739 3884 obstante

1647 3904 1949 3964 temporum
1986 3902 2217 3963 ratione,
2248 3917 2355 3965 quo
2386 3902 2560 3951 minus
2587 3907 2738 3952 certa

1645 3985 1859 4036 regum,
1907 3967 2002 4035 qui
2037 3971 2342 4034 Aegyptum
2392 3970 2519 4020 olim
2555 3974 2739 4024 tenue·

1645 4040 1777 4096 rint,
1839 4040 2205 4089 constituatur
2249 4038 2437 4091 series.
2520 4041 2739 4090 Etenim

1647 4124 1712 4159 ex
1758 4108 2087 4158 Manethone
2140 4108 2375 4158 afferunt
2427 4108 2739 4171 dynastiam

1644 4177 1957 4227 vicesimam
1978 4178 2221 4241 quintam
2246 4177 2409 4226 trium
2430 4193 2616 4242 regum
2635 4180 2739 4229 Ae

1647 4241 1908 4325 thiopum,
1948 4246 2042 4310 qui
2065 4247 2416 4296 nominantur
2434 4240 2737 4312 Σαβακῶν,

1647 4307 1924 4380 Σεβιχώς,
1969 4308 2231 4380 Ταρακός
2256 4313 2390 4380 (vid.
2415 4314 2652 4383 Syneell.
2682 4334 2736 4385 p.
