3109 5092
350 1045 430 1105 50

435 347 560 407 546

1282 339 1823 402 ΗΕΒΟΒΟΤΙ

436 516 609 599 ὅκως
652 515 1013 605 Αἰγύπτιοι
1048 511 1211 605 παρ’
1234 511 1577 603 Ἑλλήνων
1616 518 1863 603 ἔλαβον
1896 506 1939 600 ἦ
1978 515 2176 581 τοῦτο
2208 504 2251 599 ἦ
2286 508 2454 580 ἄλλο
2489 510 2615 581 κού
2645 537 2714 579 τι

437 620 736 710 νόμαιον.
810 622 1161 690 πυθέσθαι
1192 621 1273 687 δέ
1295 645 1408 706 μοι
1444 619 1663 686 δοκέει
1688 617 1974 706 μάλιστα
2001 612 2422 703 Μελάμπους
2448 611 2531 683 τὰ
2559 615 2713 704 περὶ

441 722 562 794 τὸν
578 723 923 794 Διόνυσον
950 719 1130 813 παρὰ
1155 720 1440 810 Κάδμου
1471 748 1544 789 τε
1580 726 1703 789 τοῦ
1740 726 1993 809 Τυρίου
2032 718 2145 788 καὶ
2190 723 2331 787 τῶν
2362 715 2495 787 οὐν
2532 714 2717 811 αὐτῷ

440 830 516 897 ἐκ
562 834 885 917 Φοινίκης
943 824 1374 914 ἀπικομένων
1437 820 1505 904 ἐς
1561 821 1686 913 τὴν
1736 828 1871 893 νῦν
1916 828 2250 910 Βοιωτίην
2300 823 2719 910 καλεομένην

441 928 687 1020 χώρην.

600 1029 864 1120 Σχεδὸν
891 1029 968 1100 δὲ
994 1032 1109 1100 καὶ
1136 1028 1354 1100 πάντα
1388 1026 1469 1096 τὰ
1497 1025 1838 1117 οὐνόματα
1864 1032 2005 1096 τῶν
2029 1030 2217 1096 θεῶν
2250 1021 2318 1108 ἐξ
2358 1023 2718 1112 Αἰγύπτου

443 1233 522 1297 ΙΙ,
562 1233 647 1283 12.
687 1231 792 1292 111,
829 1232 879 1290 2,
912 1245 1047 1295 quas
1084 1231 1164 1280 ita
1197 1232 1413 1280 iunctas
1454 1229 1523 1279 ab
1627 1230 1702 1279 ris
1737 1228 2054 1279 coniectura
2090 1227 2381 1279 deductam
2414 1227 2519 1278 sibi
2542 1226 2718 1277 videri

444 1296 513 1352 οὗ
553 1295 658 1364 μὲν
679 1292 818 1349 οὐδὲ
844 1299 949 1365 (ΙΙ,
976 1300 1094 1351 120.
1134 1301 1230 1362 IV,
1269 1301 1370 1351 205
1394 1299 1525 1364 etc.)
1627 1303 1801 1350 ratus.

445 1369 680 1421 discerni
726 1371 875 1418 recte
928 1368 1136 1418 iudicat
1186 1367 1422 1418 Bredov.
1470 1384 1525 1433 p.

449 1437 566 1492 143.
634 1438 721 1488 Tu
757 1436 905 1487 conf.
957 1453 1096 1502 quae
1142 1437 1214 1487 ad
1248 1437 1527 1488 Plutarch.

447 1507 681 1558 Flamin.
717 1522 774 1571 p.
811 1505 910 1555 127
947 1506 1136 1569 attuli,
1187 1506 1381 1571 quibus
1421 1505 1530 1556 alia

450 1577 716 1643 quaedam
769 1575 924 1625 addit
963 1575 1159 1626 Iacobs
1206 1576 1278 1626 ad
1317 1574 1532 1627 Aelian.

446 1648 517 1698 N.
550 1647 618 1697 A.
656 1645 783 1708 vn,
818 1645 906 1695 45.

512 1745 815 1800 πυθέσθαι
844 1743 909 1800 δέ
940 1761 1038 1812 μοι
1073 1743 1259 1797 δοκέει
1293 1741 1533 1812 μάλιστα

446 1810 803 1883 Μελάμπους
846 1831 897 1866 κ.
945 1832 994 1867 τ.
1038 1814 1114 1883 λ.]
1162 1815 1319 1879 Quod
1365 1831 1532 1880 supra

447 1904 515 1940 ex
559 1889 813 1953 Aegypto
856 1886 993 1937 haec
1038 1887 1322 1951 accepisse
1361 1885 1533 1935 tradit

447 1957 872 2022 Melampodem,
922 1971 1083 2021 quem
1116 1957 1224 2005 iam
1258 1971 1293 2005 a
1327 1954 1533 2006 Cadmo

448 2027 616 2091 Tyrio
648 2027 900 2077 edoctum
923 2027 1094 2078 fuisse
1112 2026 1320 2087 scribit,
1351 2024 1408 2073 id
1427 2024 1532 2074 sibi

446 2095 595 2145 haud
644 2095 999 2160 repugnabit,
1053 2095 1102 2143 si
1137 2093 1532 2159 Melampodem

449 2165 680 2229 primum
712 2166 770 2213 iu
816 2164 937 2227 ipsa
969 2164 1220 2228 Aegypto
1271 2164 1405 2214 haec
1445 2178 1534 2212 ac-

451 2233 686 2298 cepisse,
737 2231 864 2282 dein
922 2248 1051 2282 vero
1106 2233 1415 2283 accuratius
1466 2247 1532 2282 ea

452 2303 704 2353 edoctum
738 2315 859 2352 esse
896 2316 931 2350 a
965 2301 1198 2364 Cadmo,
1233 2302 1407 2366 ipsius
1441 2317 1532 2351 ae-

452 2371 628 2437 quali,
675 2370 956 2422 statueris.
1029 2370 1138 2422 Sed
1180 2374 1365 2421 monet
1399 2371 1533 2420 Lar-

451 2441 645 2491 cherus
672 2437 753 2505 (in
781 2444 897 2490 not.
932 2441 1003 2489 ad
1037 2440 1092 2490 h.
1126 2439 1166 2492 l.
1193 2438 1318 2491 coll.
1356 2439 1532 2491 tabul.

452 2509 764 2574 chronolog.
802 2510 899 2560 VI.
943 2513 996 2573 §-
1032 2511 1083 2560 2.
1133 2525 1186 2575 Ρ.
1236 2509 1333 2560 201
1376 2510 1537 2574 seq.),

454 2580 692 2647 quinque
708 2582 855 2630 certe
871 2579 1313 2645 generationibus
1333 2578 1539 2630 Cadmo

452 2650 719 2701 iuniorem
769 2650 943 2699 fuisse
988 2648 1418 2714 Melampodem,
1477 2653 1541 2699 ut

454 2721 523 2771 ab
556 2721 673 2785 ipso
701 2718 905 2769 Cadmo
943 2720 1162 2770 minime
1196 2719 1413 2771 edoceri
1448 2717 1541 2768 ille

454 2790 712 2855 potuerit.
786 2788 980 2854 ltaque
1023 2790 1080 2838 in
1115 2789 1382 2839 Herodoti
1417 2787 1540 2839 loco

456 2857 797 2907 scribendum
821 2863 1033 2908 censet:
1069 2848 1209 2922 παρ’
1233 2849 1540 2923 ἀπογόνων

457 2920 699 2990 Κάδμου
742 2940 800 2974 τε
848 2924 952 2974 τοῦ
1001 2925 1240 2989 Τυρίου.
1315 2927 1423 2977 Sed
1458 2941 1540 2976 re-

455 2995 742 3059 fragantur
779 3009 963 3044 omnes
1002 2994 1129 3044 libri
1163 2995 1387 3059 scripti,
1420 2996 1540 3046 sine

455 3063 653 3128 quibus
689 3063 939 3126 equidem
958 3062 1037 3112 nil
1065 3065 1336 3115 mutarim.
1403 3066 1538 3127 Quis

455 3132 598 3183 enim
613 3134 809 3195 nescit,
843 3137 1048 3196 quanta
1064 3134 1282 3183 omnino
1307 3134 1365 3182 in
1389 3133 1540 3185 hisce

454 3201 758 3266 reperiatur
805 3202 1046 3252 varietas
1105 3216 1374 3267 quamque
1428 3202 1540 3253 late

453 3276 680 3337 pateant
724 3270 861 3321 haec
907 3270 1031 3335 ipsa
1064 3273 1409 3337 antiquorum
1451 3272 1542 3323 he-

453 3357 609 3392 roum
627 3340 841 3407 (quales
876 3340 1123 3391 feruntur
1150 3341 1406 3406 Cadmus,
1432 3343 1544 3393 Me-

455 3410 696 3476 lampus,
742 3410 863 3472 alii)
899 3411 1146 3474 nomina,
1194 3412 1389 3477 quibus
1426 3427 1544 3462 sae-

456 3494 748 3547 penumero
781 3480 1037 3530 universa
1073 3482 1239 3545 stirps
1277 3485 1372 3531 aut
1407 3497 1540 3546 gens

456 3550 794 3616 designatur,
828 3550 898 3600 ab
923 3565 1030 3600 uno
1055 3549 1147 3600 illo
1180 3550 1355 3601 abavo
1380 3549 1541 3601 huius

456 3619 689 3671 nominis
713 3619 973 3684 originem
992 3619 1215 3670 ducens.
1279 3619 1542 3671 Larcheri

456 3688 887 3740 emendationem
922 3690 1112 3740 merito
1145 3705 1252 3739 non
1276 3690 1545 3754 approbat

457 3758 760 3824 Guigniaut
793 3757 1095 3824 (Religions
1133 3757 1202 3809 de
1232 3756 1545 3823 l’antiquite

457 3827 562 3890 111,
584 3830 635 3879 l.
659 3843 713 3893 Ρ.
743 3825 843 3877 113
869 3828 938 3878 de
956 3827 1345 3879 Bacchicorum
1377 3828 1542 3879 Grae-

459 3911 643 3945 corum
679 3896 979 3960 originibus
1009 3898 1124 3962 ipse
1166 3898 1273 3959 111,
1320 3897 1372 3948 3.
1410 3913 1536 3963 pag.

464 3965 596 4016 1014
645 3979 794 4029 seqq.
834 3964 1076 4028 pluribus
1122 3965 1422 4028 disserens,
1472 3967 1539 4018 de

458 4033 653 4099 quibus
688 4048 902 4097 quoque
925 4034 1229 4100 disputavit
1249 4036 1316 4085 A.
1340 4035 1539 4102 Maury

458 4101 593 4153 ibid.
615 4101 719 4163 111,
745 4100 796 4151 3.
824 4117 876 4165 Ρ.
900 4102 1003 4154 913
1034 4119 1186 4169 seqq.
1212 4104 1316 4156 922
1340 4109 1538 4171 seqq.),

461 4172 552 4237 qui
601 4185 667 4220 ex
713 4170 847 4219 Asia
889 4171 1082 4223 minori
1117 4174 1367 4238 primitus
1402 4174 1539 4225 haec

458 4255 618 4292 sacra
647 4239 704 4288 in
737 4239 1020 4291 Graeciam
1050 4242 1275 4294 fluxisse
1318 4249 1538 4295 conten-

459 4310 568 4374 dit,
616 4308 882 4359 Herodoti
923 4312 1290 4362 narrationem
1327 4313 1395 4363 de
1432 4314 1536 4363 Ae-

458 4378 651 4448 gyptia
702 4377 912 4444 origine
956 4393 1024 4432 ex
1075 4379 1251 4446 ipsius
1306 4381 1537 4447 scripto-

1702 1375 1757 1443 ἐς
1790 1375 2041 1448 τὴν“νῦν
2060 1379 2344 1445 Βοιωτίην
2369 1380 2717 1447 καλεομένην

1631 1446 1850 1519 χώρην]
1876 1451 2020 1502 Olim
2041 1451 2183 1501 enim
2217 1450 2354 1501 haec
2380 1452 2550 1516 regio,
2578 1466 2719 1517 quae

1635 1538 1669 1572 a
1706 1523 1930 1573 Boeotis
1967 1537 1997 1570 e
2035 1520 2324 1571 Thessalia
2357 1522 2548 1572 eiectis
2586 1523 2723 1571 Boe·

1638 1593 1784 1643 otiae
1830 1606 2026 1641 nornen
2071 1590 2313 1655 accepit,
2362 1590 2592 1642 Cadmeis
2633 1606 2726 1656 ap.-

1637 1661 1962 1728 pellabatur.
2034 1660 2158 1712 vid.
2209 1659 2515 1725 Thucydid.
2558 1660 2605 1725 1,
2657 1662 2723 1710 12

1637 1731 1759 1785 coll.
1796 1731 2026 1782 Diodor.
2058 1729 2233 1795 ,SicuL
2270 1729 2369 1794 IV,
2400 1729 2487 1781 67.

2067 1919 2199 1970 Cu.
2237 1919 2305 1970 L.

1705 2013 1932 2088 Σχεδὸν
1970 2016 2034 2071 δὲ
2078 2017 2175 2070 καὶ
2209 2012 2400 2071 πάντα
2443 2012 2513 2070 τὰ
2548 2010 2719 2070 οὐνό-

1637 2105 1787 2155 ματα
1814 2089 1928 2140 τῶν
1967 2088 2126 2140 θεῶν
2162 2105 2214 2141 τι.
2254 2106 2301 2139 τ.
2338 2089 2411 2156 λ.]
2451 2090 2603 2141 Scita
2638 2094 2723 2140 est

1638 2161 1944 2212 emendatio
1978 2160 2216 2222 Cobetii,
2255 2160 2349 2225 qui
2372 2160 2539 2211 scribi
2573 2159 2719 2209 vult:

1637 2223 1869 2281 πάντων
1926 2227 2043 2278 τῶν
2086 2227 2245 2279 θεῶν
2286 2221 2356 2277 τὰ
2411 2221 2720 2293 οὐνόματα.

1636 2299 1794 2364 Quod
1829 2299 1901 2350 ad
1935 2298 2040 2349 loci
2087 2303 2462 2365 argumentum
2504 2300 2724 2360 attinet,

1636 2371 1691 2419 in
1712 2370 2041 2420 contrariam
2061 2374 2290 2433 partem,
2313 2372 2377 2418 ut
2399 2368 2543 2419 hunc
2563 2368 2724 2418 modo

1642 2454 2081 2500 commemorem,
2122 2438 2369 2503 disputat
2399 2437 2726 2492 Plutarchus

1643 2509 1711 2559 de
1734 2509 1957 2573 malign.
1980 2509 2184 2559 Herod.
2218 2523 2270 2572 p.
2298 2506 2400 2557 857
2424 2509 2585 2568 D.1·3;
2626 2523 2729 2557 nec

1644 2579 1863 2628 defuere
1898 2578 2188 2627 recentiori
2218 2582 2428 2638 aetate,
2471 2579 2565 2642 qui
2602 2592 2729 2627 ean·

1643 2647 1766 2698 dem
1817 2648 1886 2702 ob
1933 2662 2155 2697 causam
2202 2647 2573 2697 obtrectarent
2617 2647 2729 2695 He-

1643 2716 1866 2778 rodoto,
1922 2732 2082 2781 quem
2130 2722 2342 2778 tamen,
2397 2732 2454 2766 re
2503 2715 2730 2781 diligen·

1642 2787 1754 2838 tius
1790 2787 2091 2851 pensitato,
2128 2787 2222 2836 vix
2254 2787 2509 2836 incusare
2542 2784 2730 2835 licebit

1644 2856 1843 2907 erroris
1879 2856 2249 2918 mendaciive,
2287 2857 2334 2905 si
2364 2855 2579 2921 quidem
2612 2857 2729 2904 eius

1642 2926 1811 2976 verba
1836 2926 2125 2976 maximam
2150 2932 2360 2990 partem
2385 2928 2639 2989 spectant
2659 2924 2729 2974 ad

1642 2995 1865 3045 nomina
1890 2996 2112 3046 deorum
2124 2996 2394 3061 Aegyptia
2413 2995 2470 3044 in
2487 2992 2728 3058 linguam

1644 3065 1909 3116 Graecam
1937 3064 2235 3127 translata,
2274 3064 2353 3113 ita
2379 3070 2441 3113 ut
2473 3062 2731 3128 Aegyptii

1643 3134 1955 3185 sacerdotes
1981 3134 2082 3199 illi,
2120 3135 2453 3185 Graecorum
2477 3132 2729 3197 magistri

1645 3209 1701 3255 et
1730 3204 1890 3270 quasi
1912 3208 2312 3269 praeceptores,
2350 3218 2470 3253 eam
2493 3202 2730 3253 numinis

1643 3272 1873 3325 alicuius
1909 3276 2215 3337 notionem,
2255 3288 2395 3338 quae
2434 3288 2468 3322 a
2506 3272 2730 3321 rudibus
2802 3293 2811 3298 ·

1644 3344 1867 3394 Graecis
1893 3343 2109 3394 facilius
2137 3343 2394 3408 cognosci
2432 3357 2498 3392 ac
2523 3341 2732 3407 percipi

1643 3413 1902 3478 potuerit,
1930 3414 1987 3462 in
2006 3413 2338 3464 Graecorum
2350 3411 2591 3476 linguam
2605 3425 2731 3461 con·

1643 3483 1909 3532 verterint
1944 3481 2140 3547 deique
2177 3497 2373 3531 nomen
2418 3480 2521 3531 hoc
2568 3479 2729 3529 modo

1643 3551 1852 3602 Graece
1863 3551 2207 3616 interpretati
2224 3551 2355 3602 sint.
2390 3549 2556 3600 Plura
2567 3549 2731 3599 Creu-

1646 3635 1754 3671 zer.
1792 3621 1849 3671 in
1881 3621 2123 3686 Symbol.
2165 3620 2271 3671 ΠΙ.
2311 3633 2366 3685 pt
2404 3619 2439 3669 8
2477 3620 2563 3671 ed.
2599 3622 2729 3669 tert.

1645 3689 1842 3755 Itaque
1877 3691 2010 3740 nihil
2044 3691 2137 3739 isti
2171 3690 2491 3754 proficiunt,
2529 3689 2621 3755 qui
2659 3687 2731 3738 ad

1642 3759 1912 3810 Herodoti
1967 3760 2338 3810 testimonium
2395 3759 2733 3809 labefactan-

1645 3827 1773 3878 dum
1808 3829 1931 3894 ipsa
1952 3830 2345 3895 Aegyptiorum
2372 3833 2539 3892 atque
2567 3828 2733 3879 Grae-

1642 3913 1829 3949 corum
1868 3899 2093 3949 deorum
2116 3899 2337 3949 nomina
2372 3897 2732 3947 dissimillima

1640 3967 1942 4031 proferunt,
1975 3983 2095 4018 cum
2133 3983 2198 4018 ea
2225 3983 2294 4018 ne
2310 3968 2483 4033 ipsius
2517 3965 2733 4032 quidem

1642 4037 1909 4088 Herodoti
1935 4038 2098 4087 fuerit
2120 4038 2410 4090 sententia.
2445 4037 2734 4087 Caeterum

1644 4106 1716 4156 cf.
1755 4108 1921 4157 etiam
1940 4107 2252 4157 Schwarze:
2284 4108 2400 4157 Das
2425 4105 2537 4156 alte
2552 4105 2733 4170 Aegy-

1641 4177 1852 4240 pten.1.
1870 4192 1924 4241 p.
1937 4176 2006 4226 82
2026 4191 2177 4242 seqq.
2219 4176 2463 4225 Pertinet
2472 4175 2580 4225 huc
2602 4189 2735 4240 quo-

1643 4260 1746 4309 que
1767 4246 1974 4311 Teoph.
2001 4245 2220 4298 Studeri
2243 4246 2417 4296 oratio
2442 4245 2499 4294 in
2522 4243 2736 4294 Acade-

1639 4315 1751 4364 mia
1762 4315 2027 4365 Bernensi
2045 4329 2175 4365 aun.
2193 4313 2346 4366 1830.
2364 4313 2575 4375 habita,
2592 4327 2736 4378 quae

1637 4382 1983 4435 inscribitur:
2019 4397 2169 4450 „qua
2197 4381 2303 4435 fide
2336 4381 2537 4438 dixerit
2560 4383 2736 4434 Hero·
