3109 5092
1128 335 1636 397 EUTERPE.
1683 337 1770 397 Π.
1820 344 1941 399 125.

1109 471 1138 489 Q

2544 337 2666 400 715

401 508 526 595 μὲν
554 510 664 576 ἐπὶ
690 506 812 577 τὸν
840 511 1111 593 πρῶτον
1149 522 1416 595 στοῖχον
1451 514 1591 577 τῶν
1618 505 2044 598 ἀναβαθμῶν
2081 505 2450 596 ἆείροντες’
2493 504 2668 588 ὅκως

398 611 474 680 δὲ
502 607 682 680 ἀνίοι
709 607 746 679 ὁ
774 617 967 690 λίθος
993 608 1103 678 ἐπ’
1136 607 1367 696 αὐτὸν,
1398 618 1492 692 εἰς
1520 613 1757 700 ἑτέρην
1779 608 2086 700 μηχανὴν
2112 613 2395 696 ἐτίθετο,
2425 612 2662 681 ἑστεῶ-

395 736 524 783 σαν
552 716 660 783 ἐπὶ
689 719 809 783 τοῦ
838 713 1110 804 πρώτου
1138 720 1406 802 στοίχου
1425 736 1439 749 ·
1500 711 1632 784 ἆπό
1671 715 1916 784 τούτου
1945 715 2017 784 δὲ
2060 715 2169 783 ἐπὶ
2198 711 2317 782 τὸν
2347 713 2666 803 δεύτερον

397 823 652 887 εἵλκετο
680 833 945 905 στοῖχον
984 814 1092 885 ἐπ’
1136 814 1340 906 ἄλλης
1366 824 1684 906 μηχανῆς.
1767 815 1909 888 ὅσοι
1940 815 2067 908 γὰρ
2097 815 2180 906 δὴ
2220 833 2467 903 στοῖχοι
2495 808 2667 904 ἦσαν

396 927 533 989 τῶν
559 917 984 1009 ἀναβαθμῶν
1002 972 1019 1004 ,
1050 927 1368 990 τοσαῦται
1398 924 1509 989 καὶ
1538 926 1615 990 αί
1636 923 1924 1009 μηχαναὶ
1953 913 2126 1009 ἦσαν
2144 972 2162 1004 ,
2209 930 2277 989 εἴ
2297 947 2368 990 τε
2404 922 2514 989 καὶ
2542 918 2666 1008 τὴν

396 1020 614 1112 αὐτὴν
638 1021 980 1113 μηχανὴν,
1010 1025 1257 1093 ἐοῦσαν
1283 1032 1447 1112 μίαν
1474 1051 1545 1094 τε
1575 1026 1686 1093 καὶ
1719 1022 2177 1112 εὐβάστακτον
2195 1076 2213 1108 ,
2254 1022 2667 1112 μετεφόρεον

390 1129 508 1211 ,ἐπὶ
553 1142 818 1213 στοῖχον
857 1130 1173 1213 ἕκαστον,
1219 1124 1391 1207 ὅκως
1430 1125 1549 1196 τὸν
1578 1135 1779 1197 λίθον
1820 1130 2138 1209 ἐξέλοιεν·
2197 1129 2495 1213 λελέχθω
2537 1124 2665 1214 γὰρ

401 1225 560 1317 ἡμῖν
601 1226 710 1298 ἐπ’
756 1226 1101 1319 ἀμφότερα
1120 1282 1138 1314 ,
1192 1230 1490 1320 κατάπερ
1532 1235 1817 1318 λέγεται.
1892 1227 2287 1319 Ἐξεποιήθη
2335 1226 2398 1298 δ’
2433 1220 2531 1298 ὧν
2585 1227 2665 1298 τὰ

395 1329 702 1401 ἀνώτατα
741 1329 949 1421 αὐτῆς
980 1338 1244 1422 πρῶτα,
1286 1331 1452 1421 μετὰ
1483 1334 1558 1404 δὲ
1586 1333 1670 1403 τὰ
1698 1332 1989 1422 ἑπόμενα
2029 1332 2290 1403 τούτων
2320 1336 2665 1416 ἐξεποίευν

391 1534 608 1599 pidibus
636 1540 932 1600 occupatos
959 1538 1476 1600 repraesentantem,

391 1604 634 1654 exhibuit
681 1604 1009 1655 Wilkinson.
1057 1605 1315 1656 Manners
1369 1611 1476 1659 etc.

392 1674 498 1723 111.
535 1690 587 1737 p.
622 1673 744 1725 335.
809 1675 884 1724 Et
916 1674 1059 1724 conf.
1101 1690 1316 1740 quoque
1340 1677 1479 1727 Rus·

389 1757 604 1888 Βῗᾳόξῖς
618 1743 906 1860 abl-&12:152
940 1743 1195 1867 15432‘9333
1242 1801 1333 1861 ἐπ’
1373 1807 1474 1860 αὖ·

387 1878 508 1944 τον]
562 1880 751 1945 Suppl.
790 1882 1047 1944 στοῖχοντ
1108 1883 1298 1945 quoties
1343 1884 1475 1944 lapis

382 1950 707 2012 perveniebat
751 1966 809 2001 eo
859 1964 905 2000 s.
942 1950 1015 1999 ad
1057 1949 1186 2000 hunc
1230 1952 1473 2010 ordinem,

387 2021 477 2069 alii
507 2019 763 2070 machinae
792 2019 1308 2084 superimponebatur,
1346 2035 1490 2084 quae·

385 2090 436 2138 in
470 2089 562 2138 Ιιοο
587 2093 696 2152 ipso
720 2091 900 2139 ordine
934 2093 1030 2139 iam
1056 2097 1253 2151 parata
1280 2090 1471 2143 stabat.

387 2188 455 2197 —-
509 2159 573 2207 In
628 2173 780 2224 seqq.
823 2159 1104 2219 revocavi,
1158 2158 1300 2224 qnod
1333 2175 1475 2209 com-

385 2226 628 2292 pluribus
690 2227 845 2277 libris
913 2228 1128 2292 scriptis
1186 2229 1472 2292 probatum

387 2301 500 2358 est,
539 2293 781 2360 εἵλκετο,
821 2297 975 2347 cuius
1004 2297 1125 2348 loco
1165 2313 1194 2347 e
1227 2298 1470 2349 Florent.

386 2366 594 2416 Schwei
635 2365 883 2417 haeuser.
938 2372 996 2417 et
1045 2366 1322 2418 Gaisford.
1380 2367 1470 2418 de-

386 2436 579 2486 derant
643 2435 833 2497 λκετος
872 2436 943 2486 cf.
977 2436 1211 2487 Bredov.
1252 2454 1305 2502 p.
1343 2436 1464 2488 303.

383 2507 517 2555 Post
551 2499 737 2553 ἕλκετο
762 2507 991 2568 στοῖχον
1016 2505 1285 2557 excidisse
1308 2522 1469 2572 quae-

385 2574 508 2624 dam
545 2579 701 2638 putat
738 2573 1071 2638 Schweigh.:
1124 2569 1221 2624 καὶ
1267 2565 1326 2624 ἐκ
1365 2574 1468 2625 τοῦ

379 2634 649 2706 δευτέρου
688 2633 782 2691 ἐπὶ
827 2634 930 2693 τὸν
974 2642 1168 2707 τρίτον
1217 2647 1465 2707 στοῖχον.

379 2712 515 2762 Mihi
561 2727 717 2762 secus
754 2711 990 2764 videtur.
1060 2713 1145 2763 Ad
1182 2712 1467 2776 χαμᾶθεν

380 2781 630 2832 conferas
653 2781 882 2831 Moerid.
915 2797 1040 2846 pag.
1073 2781 1205 2842 409,
1241 2783 1335 2833 ubi
1357 2772 1465 2831 Ἀτ-

379 2848 546 2905 τικοῑς
585 2851 666 2901 sic
711 2850 820 2900 dici
861 2855 1075 2912 monet,
1125 2841 1466 2915 Ἑλληνικῶς

379 2910 663 2982 χαμόθεν,
710 2920 806 2970 ubi
850 2919 962 2972 vid.
1007 2920 1254 2971 Pion-son.
1334 2920 1461 2970 vid.

376 2989 520 3038 infra
554 2989 759 3040 Herod.
797 2990 892 3051 IV,
935 2990 1051 3040 172.

446 3046 572 3107 ὅσοι
614 3050 719 3122 γὰρ
766 3050 840 3122 δὴ
886 3062 1106 3122 στοῖχοι
1147 3043 1297 3123 ἦσαν
1348 3055 1462 3108 τῶν

371 3116 759 3193 ἀναβαθμῶν,
809 3125 1081 3177 τοσαῦται
1113 3122 1210 3177 καὶ
1245 3120 1324 3177 αἰ
1355 3143 1460 3192 μη-

375 3192 543 3260 χαναὶ
607 3196 779 3262 ησαν]
835 3191 899 3246 αἱ
939 3213 1060 3248 cum
1108 3203 1337 3248 recentt.
1381 3196 1463 3249 lu-

376 3267 509 3315 bens
546 3268 753 3330 recepi,
793 3281 1147 3332 quamquam,
1197 3267 1343 3332 quod
1379 3283 1460 3318 se-

377 3336 559 3399 quitur
598 3334 826 3384 alterum
858 3323 1005 3398 ἦσαν
1042 3337 1090 3386 si
1122 3352 1157 3386 a
1188 3336 1342 3387 libris
1365 3338 1461 3387 ab·

375 3411 547 3464 esset,
583 3403 727 3454 haud
763 3418 928 3466 aegre
950 3405 1198 3469 equidem
1227 3405 1330 3456 hoc
1356 3406 1461 3456 ser·

374 3487 506 3521 rem.
574 3471 657 3521 Ad
686 3471 796 3522 loci
826 3477 1201 3536 argumentum
1230 3474 1458 3535 faciunt,

376 3556 515 3605 quae
554 3539 621 3590 de
667 3539 927 3590 hodierna
965 3541 1123 3592 huius
1159 3543 1457 3606 pyramidis

374 3609 687 3660 conditione
722 3609 864 3659 hunc
898 3610 955 3659 in
992 3610 1207 3661 modum
1240 3612 1461 3674 scripsit

371 3680 556 3745 Zoega
600 3678 636 3729 1.
675 3678 714 3729 l.
763 3693 891 3742 pag.
929 3680 1059 3729 402:
1121 3680 1459 3742 „Ascensum

371 3763 543 3814 usque
579 3749 648 3800 ad
700 3748 961 3799 verticem
1009 3749 1272 3813 praebent
1320 3753 1460 3800 stru-

373 3818 578 3868 ctiones
617 3818 836 3869 circiter
872 3817 1140 3868 ducentae
1166 3821 1221 3868 et
1252 3818 1456 3879 decem,

372 3887 638 3951 graduum
674 3889 849 3937 instar
882 3887 1065 3938 factae
1103 3902 1132 3936 e
1179 3887 1457 3952 quadratis

369 3955 643 4018 lapidibus
668 3957 986 4022 grandibus,
1026 3956 1144 4006 sine
1173 3961 1456 4006 caemento

368 4024 613 4076 clavisve
645 4025 919 4088 gravitate
957 4040 1056 4074 sua
1094 4025 1385 4086 connexis,
1424 4040 1454 4075 e

368 4094 563 4156 quibus
611 4099 732 4145 tota
778 4093 948 4143 moles
994 4095 1297 4158 composita
1349 4098 1451 4156 est,

365 4167 594 4227 excepto
639 4167 703 4212 ut
747 4161 968 4212 videtur
1013 4162 1196 4213 infimo
1238 4161 1451 4223 nucleo,

364 4247 522 4296 quem
556 4229 803 4282 nonnulli
839 4247 1030 4281 saxum
1058 4232 1305 4281 nativum
1330 4246 1451 4282 esse

362 4301 545 4361 aiunt,
593 4299 690 4349 alii
723 4316 753 4350 e
793 4299 1034 4364 lapidum
1083 4300 1331 4350 frustulis
1372 4301 1450 4350 in-

1579 1541 1773 1588 tatum.
1836 1533 2097 1600 Singulae
2129 1538 2309 1585 autem
2332 1536 2664 1586 structiones

1578 1607 1763 1658 factae
1798 1610 1927 1655 sunt
1963 1620 2029 1654 ex
2062 1620 2170 1654 uno
2202 1603 2445 1669 lapidum
2476 1604 2664 1656 ordine

1576 1673 1934 1734 horizontali,
1996 1677 2108 1723 tum
2165 1672 2487 1734 altitudine,
2548 1679 2662 1723 tum

1575 1744 1869 1795 latitudine
1900 1743 2101 1791 sensim
2128 1740 2428 1793 diminutae
2457 1744 2527 1793 ab
2554 1744 2663 1793 imo

1577 1813 1647 1864 ad
1701 1826 1994 1864 summum:
2067 1825 2191 1860 nam
2246 1811 2462 1862 infimae
2516 1811 2663 1862 altae

1574 1897 1696 1933 esse
1754 1882 2008 1932 dicuntur
2063 1880 2229 1944 pedes
2287 1885 2518 1946 quatuor
2575 1881 2662 1932 vel

1578 1951 1741 2018 paulo
1766 1948 2014 2015 amplius,
2051 1950 2288 2014 quinque
2317 1952 2428 2001 fere
2464 1950 2660 2015 pedum

1577 2022 1757 2088 spatio
1805 2022 2209 2085 procurrentes3
2258 2036 2539 2085 supremae
2585 2021 2662 2070 al-

1579 2097 1671 2142 tae
1712 2090 1876 2156 pedes
1925 2088 2061 2139 duos
2108 2095 2432 2152 procurrunt
2474 2089 2661 2141 latitu-

1578 2161 1703 2211 dine
1740 2160 1851 2211 fere
1884 2157 2197 2223 tripedali.“

1648 2227 1708 2279 εἴ
1742 2243 1801 2279 τε
1845 2225 1941 2277 καὶ
1987 2218 2095 2290 τὴν
2145 2216 2329 2290 αὐτὴν
2372 2217 2655 2291 μηχανὴν,
2757 2260 2769 2269 -

1577 2291 1787 2352 ἐοῦσαν
1832 2295 2006 2361 μίαν
2048 2311 2101 2345 κ.
2142 2312 2189 2346 τ.
2224 2295 2296 2361 λ.]
2352 2295 2488 2358 μίαν
2534 2312 2657 2347 cum

1574 2367 1850 2421 Gaisford.
1889 2365 2033 2416 edidi
2068 2380 2164 2429 pro
2198 2365 2349 2430 vulg.
2387 2365 2468 2430 μί
2474 2381 2556 2430 ην
2602 2371 2658 2416 et

1571 2443 1698 2503 post
1731 2435 1977 2501 λελέχθω
2015 2450 2137 2486 cum
2173 2439 2404 2486 recentt.
2426 2435 2549 2485 edd.
2578 2436 2657 2484 in·

1572 2508 1717 2558 serui
1751 2499 1876 2569 γάρ.
1946 2504 2129 2555 Verba
2162 2504 2281 2569 ipsa
2310 2505 2391 2555 sic
2420 2505 2657 2555 reddidit

1570 2575 2076 2639 Schweighaeuser:
2142 2575 2297 2633 „sive
2357 2577 2503 2624 etiam
2556 2590 2657 2624 una

1569 2646 1839 2709 eademque
1888 2643 2113 2692 machina
2151 2642 2252 2704 fuit
2281 2650 2491 2704 portatu
2522 2644 2658 2705 saei-

1566 2717 1658 2766 lt‘s:
1710 2729 1853 2778 quam
1897 2728 1968 2763 ex
2003 2725 2098 2760 uno
2132 2710 2312 2760 ordine
2356 2712 2410 2760 in
2444 2714 2657 2761 alterum

1564 2782 1946 2846 promovebant,
1993 2781 2184 2845 quoties
2227 2780 2444 2843 lapidem
2489 2781 2540 2829 in
2575 2783 2654 2830 al-

1566 2861 1664 2904 tum
1698 2853 1875 2902 tollere
1912 2851 2095 2900 vellent
2104 2867 2126 2905 ,·
2159 2864 2272 2899 nam
2305 2851 2357 2899 in
2394 2857 2657 2915 utramque

1563 2929 1759 2985 partem
1773 2959 1784 2972 .
1837 2918 2233 2985 quemadmodum
2272 2919 2461 2982 saeuam
2493 2921 2654 2970 tradi-

1567 3000 1676 3051 tur,
1729 2991 1908 3040 dictum
1945 3006 1978 3038 a
2015 2988 2156 3039 nobis
2191 2989 2360 3043 e810.“
2430 2988 2654 3055 Lhardy

1563 3059 1733 3112 verba
1753 3048 1902 3116 ὅκως
1926 3049 2030 3108 τὸν
2057 3056 2233 3106 λίθον
2255 3049 2501 3120 ἐξέλοιεν
2531 3074 2654 3110 eum

1564 3131 1619 3180 in
1668 3129 1885 3181 modum
1932 3126 2164 3193 intelligi
2220 3127 2366 3178 vult:
2422 3145 2523 3191 „so
2569 3129 2652 3179 oft

1567 3201 1644 3251 sie
1690 3215 1801 3250 von
1847 3198 1968 3248 dem
2002 3198 2189 3249 Krahn
2223 3192 2492 3261 (μηχανὴ)
2545 3197 2651 3248 den

1566 3270 1721 3321 Stein
1760 3268 2151 3334 abgenommen
2191 3266 2380 3317 hatten
2395 3267 2449 3327 ;“
2495 3282 2650 3317 secu-

1564 3343 1655 3389 tus
1683 3343 1739 3389 et
1754 3337 1947 3388 Vallae
1971 3343 2025 3388 et
2044 3335 2301 3386 Larcheri
2324 3336 2648 3398 versionem,

1563 3412 1756 3459 contra
1792 3422 1928 3470 quos
1965 3405 2210 3470 disputat
2236 3403 2650 3468 Schweighaeu-

1563 3492 1667 3527 ser.
1707 3476 1762 3525 in
1798 3476 1933 3524 Lex.
1968 3473 2232 3523 Herodot.
2273 3472 2320 3524 1.
2360 3487 2487 3536 pag.
2525 3473 2647 3534 221,

1561 3543 1877 3595 Herodotea
1909 3542 2081 3591 verba
2127 3541 2207 3592 sic
2254 3540 2528 3591 reddenda
2564 3556 2649 3592 ra-

1562 3619 1682 3663 tus:
1721 3613 1916 3677 quoties
1939 3611 2154 3673 lapidem
2173 3611 2506 3671 sustulissent,
2533 3625 2649 3662 sur-

1560 3699 1667 3732 sum
1705 3681 2093 3744 promovissent.-
2155 3679 2316 3743 idque
2353 3678 2484 3729 mihi
2520 3694 2649 3744 quo-

1562 3766 1665 3815 que
1704 3749 1967 3813 probatur
2000 3748 2312 3812 respicienti
2337 3747 2406 3799 ad
2431 3754 2647 3799 antece-

1560 3819 1773 3880 dentia,
1812 3833 1953 3883 quae
1991 3817 2176 3867 eadem
2200 3817 2309 3867 iam
2341 3821 2466 3882 apte
2504 3823 2646 3869 attu-

1554 3888 1625 3939 lit
1660 3888 1798 3938 idem
1836 3885 2409 3964 Schweigl‘gaeuserus:
2445 3879 2647 3953 ἤειρον

1558 3951 1696 4014 τοὺς
1743 3954 1949 4012 λίθους
1988 3960 2042 4006 et
2095 3970 2244 4011 οκως
2289 3947 2445 4006 ἀνίοι
2498 3947 2528 4006 ὁ
2565 3957 2644 4007 λί-

1558 4025 1673 4083 θος
1727 4030 1782 4075 et
1829 4015 1921 4074 ἐπὶ
1962 4016 2065 4074 τὸν
2114 4021 2384 4088 δεύτερον
2427 4023 2643 4076 εἵλκετο

1556 4096 1806 4157 στοῖχον.

1622 4153 1941 4226 ἐξεποιήθη
1968 4150 2026 4210 δ’
2058 4147 2141 4211 ὦν
2163 4153 2232 4211 τὰ
2252 4152 2516 4212 ἄναὶτατα
2539 4154 2643 4212 αὖ-

1552 4229 1655 4294 τῆς
1701 4228 1920 4295 πρῶτα]
1980 4220 2411 4295 ,,ἕκποιηθῆναι
2468 4233 2643 4297 perhi-

1550 4299 1776 4362 bentur,
1818 4300 1995 4365 quibus
2021 4301 2268 4350 ornandis
2298 4308 2349 4350 et
2381 4301 2641 4351 absolven-

362 4370 622 4425 formibus
642 4375 918 4423 caemento
936 4369 1136 4424 iunctis
1164 4385 1449 4437 coagmen·
1511 4369 1630 4423 odis
1652 4372 1824 4422 ultima
1854 4384 2028 4421 mnus
2056 4372 2337 4434 ἐπιφοπίιιιν.
2397 4370 2640 4422 Primum
