3109 5092
333 823 449 884 140
463 811 545 885 οὗ
562 868 581 901 ,
620 812 787 886 ἀλλὰ
817 814 1036 885 πάντα
1061 809 1326 903 ὁμοίως.

462 333 585 396 286

1326 329 1899 398 ΗΕΒΟΒΟΤΓ

463 511 949 595 γαλοπρεπείῃ,
990 474 1350 575 τελευτῶἆι
1392 506 1612 576 πάντα
1640 512 1707 588 ἐς
1734 504 1950 578 τώυτὸ
1976 506 2276 598 γράμμα,
2320 506 2394 578 τὸ
2431 512 2731 597 Δωριέες

465 610 591 699 μὲν
618 608 765 679 Σάν
791 609 1104 678 καλέουσι
1120 605 1380 695 ,Ἴωνες
1407 610 1483 679 δὲ
1509 619 1759 699 Σίγμα.
1827 613 1893 692 ἐς
1921 617 2118 681 τοῦτο
2148 611 2496 703 διζήμενος
2524 608 2724 701 εὑρή-

463 734 601 793 σεις
626 716 1041 782 τελευτῶντα
1067 716 1205 782 τῶν
1234 715 1558 804 Περσέων
1588 712 1670 782 τὰ
1696 711 2033 803 οὐνόματα
2056 767 2076 801 ,
2119 712 2203 784 οὐ
2230 713 2311 785 τὰ
2338 715 2498 805 μὲν,
2539 714 2622 784 τὰ
2650 715 2726 785 δὲ

1408 821 1631 885 Ταῦτα
1657 818 1784 905 μὲν
1808 814 2136 907 ἀτρεκέως
2165 824 2293 907 ἔχω
2322 820 2476 906 περὶ
2501 814 2730 887 αὐτῶν

466 916 662 999 εἰδώς
688 926 925 989 εἰπεῖν.
994 916 1154 987 τάδε
1183 920 1412 1006 μέντοι
1442 914 1530 999 ὥς
1559 918 1987 1008 κρυπτόμενα
2015 924 2306 1010 λέγεται,
2345 924 2459 992 καὶ
2494 918 2576 992 οὐ
2607 943 2725 989 σα-

465 1027 763 1112 φηνέως,
816 1021 971 1110 περὶ
1028 1026 1150 1091 τοῦ
1207 1017 1702 1103 ἀποθανόντος·
1772 1019 1862 1103 ὥς
1912 1021 1995 1093 οὐ
2035 1025 2362 1115 πρότερον
2400 1023 2729 1094 θάπτεται

464 1123 709 1216 ἀνδρὸς
736 1128 1015 1213 Πέρσεω
1056 1119 1091 1192 ὁ
1136 1127 1368 1209 νέκυς,
1413 1127 1577 1213 πρὶν
1616 1120 1702 1195 ἂν
1740 1122 1849 1196 ὑπ’
1881 1124 2162 1215 ὄρνιθος
2200 1122 2243 1217 ἢ
2284 1125 2487 1209 κυνὸς
2528 1129 2723 1195 ἑλκυ-

467 1324 584 1374 doti
626 1323 830 1373 dictum
879 1324 950 1373 ad
983 1322 1287 1373 masculina
1327 1324 1548 1373 nomina

466 1394 668 1444 veteris
701 1394 990 1443 Persarum
1023 1392 1244 1458 ling-nae
1273 1393 1434 1443 unice
1469 1408 1548 1443 re-

468 1462 596 1511 ferri
639 1477 802 1526 posse
838 1467 1111 1524 statuens,
1161 1477 1386 1526 quorum
1424 1462 1543 1512 scil.

467 1532 832 1582 nominativus
878 1533 936 1581 in
975 1531 1120 1581 illam
1158 1531 1372 1582 literam
1409 1532 1548 1581 exie-

465 1601 557 1653 rit.
633 1602 785 1663 Quae
834 1617 956 1651 cum
1002 1601 1071 1651 ad
1116 1602 1384 1651 Herodoti
1428 1617 1548 1651 sen·

464 1672 690 1722 tentiam
714 1671 1167 1736 comprobandam
1199 1671 1425 1720 multum
1455 1686 1548 1720 va-

465 1742 642 1803 leant,
681 1742 844 1791 miror
863 1741 1090 1791 eundem
1128 1740 1298 1790 virum
1329 1739 1548 1790 doctum

467 1812 534 1861 de
556 1811 823 1862 Herodoti
838 1810 1055 1876 ingenio
1089 1814 1143 1858 et
1179 1811 1233 1859 in
1256 1810 1415 1859 rebus
1438 1816 1548 1860 tra-

467 1881 598 1931 ditis
633 1880 738 1931 fide
774 1896 948 1947 neque
983 1878 1160 1929 minus
1207 1878 1274 1929 de
1319 1879 1434 1929 eius
1469 1880 1546 1928 in-

467 1950 590 2001 dole
626 1966 690 2000 ac
721 1951 986 2001 facultate
1019 1948 1297 1998 iudicandi
1323 1950 1402 1998 ita
1426 1964 1547 2013 pro-

468 2022 783 2082 nuntiasse,
837 2025 900 2070 ut
956 2034 1146 2084 parum
1204 2019 1547 2068 considerate

470 2089 808 2140 examinasse
856 2089 1108 2138 videatur
1156 2089 1325 2138 totius
1366 2087 1545 2151 operis

467 2158 767 2208 Herodotei
819 2158 1103 2210 rationem.
1189 2158 1253 2206 In
1300 2157 1545 2206 cuneatis

468 2226 912 2290 inscriptionibus
962 2239 1101 2291 quae
1149 2226 1375 2275 inventa
1420 2230 1549 2274 sunt

469 2297 717 2358 nomina,
764 2295 923 2345 modo
963 2296 1016 2344 in
1056 2295 1088 2344 ὃ
1121 2299 1348 2355 exeunt,
1389 2292 1548 2344 modo

469 2366 527 2414 in
575 2364 819 2415 vocalem
865 2365 1146 2414 desinunt:
1205 2363 1312 2412 nisi
1356 2361 1440 2412 his
1491 2362 1549 2411 in

469 2433 873 2499 pronuntiando
921 2432 1168 2483 additum
1202 2433 1241 2483 ὃ
1275 2447 1394 2494 esse
1436 2436 1549 2482 sta-

469 2509 612 2555 tuas.
691 2505 872 2568 Atque
915 2502 1124 2553 Bohlen
1182 2500 1296 2565 (De
1351 2501 1545 2567 origin.

468 2573 601 2639 ling.
638 2574 805 2624 Zend.
843 2589 899 2637 p.
922 2572 1031 2638 32),
1070 2585 1210 2636 quae
1236 2571 1547 2622 Herodotus

469 2644 523 2694 h.
565 2645 604 2694 l.
659 2644 942 2708 proponit,
992 2658 1059 2692 ea
1111 2642 1178 2690 de
1225 2638 1548 2690 nominativi

473 2712 661 2763 formis
698 2712 1049 2778 quibusdam,
1097 2726 1238 2774 quae
1280 2710 1550 2774 hodieque

471 2783 528 2831 in
575 2782 763 2847 lingua
801 2781 1040 2832 Zendica
1084 2780 1424 2844 reperiantur
1467 2782 1548 2827 at-

471 2867 575 2915 que
610 2851 736 2899 olim
765 2851 1000 2899 fortasse
1024 2849 1416 2913 frequentiores
1436 2847 1549 2896 fue-

471 2921 608 2981 rint,
653 2917 835 2968 valere
875 2934 1038 2983 posse
1075 2927 1285 2967 censet:
1331 2917 1550 2981 quibus-

473 3003 594 3037 cum
652 2986 724 3037 cf.
777 2988 986 3037 Lassen
1035 2985 1293 3048 (Altpers.
1341 2984 1548 3035 Keilin-

473 3055 685 3106 schrift.
721 3071 773 3119 p.
805 3053 920 3116 25),
957 3055 1047 3105 cui
1068 3055 1380 3104 Herodotus
1416 3054 1553 3103 indi-

476 3140 600 3175 care
636 3124 724 3174 hic
759 3124 997 3173 voluisse
1028 3123 1246 3173 videtur
1266 3125 1552 3172 Persarum

475 3209 666 3244 sonum
698 3194 813 3257 sclz,
858 3208 1016 3258 quem
1052 3191 1285 3257 simplici
1318 3192 1554 3242 Graeco-

473 3279 591 3313 rum
646 3277 781 3313 sono
829 3263 872 3315 ’ὅ
932 3260 1211 3327 aequalem
1272 3259 1552 3309 iudicarit:

473 3333 615 3383 unde
652 3334 766 3383 fere
794 3348 900 3384 non
940 3330 1146 3381 recedit
1179 3331 1363 3381 Loebe
1405 3329 1549 3394 (Jen.

471 3403 609 3453 Litt.
649 3403 787 3452 Zeit.
835 3401 989 3453 1847.
1039 3416 1093 3465 p.
1132 3399 1288 3462 284),
1334 3400 1426 3463 qui
1472 3415 1553 3449 re·

473 3473 612 3536 spid
642 3473 702 3521 in
735 3471 820 3521 his
845 3471 996 3521 iubet
1032 3468 1165 3519 illud
1200 3469 1286 3532 sk,
1326 3469 1554 3518 nomini-

472 3540 574 3592 bus
627 3542 858 3607 propriis
910 3542 966 3590 in
1012 3542 1049 3588 ἅ
1102 3538 1421 3589 exeuntibus
1473 3538 1553 3587 ita

474 3610 747 3674 additum,
791 3615 854 3661 ut
901 3611 947 3662 si
983 3624 1092 3659 non
1136 3607 1553 3673 expresse⁶scri-

470 3685 647 3743 ptum,
702 3681 759 3729 in
807 3679 1217 3745 pronunciando
1269 3681 1418 3727 certe
1464 3692 1554 3726 ex-

471 3764 715 3813 pressum
788 3748 1115 3800 inveniatur.
1214 3746 1553 3797 Herodotum

473 3832 601 3867 vero
637 3818 690 3869 h.
731 3816 767 3868 l.
809 3819 1067 3868 Doricam
1103 3816 1318 3866 literam
1354 3814 1462 3864 San
1500 3820 1555 3864 et

472 3884 717 3935 Ionicum
752 3885 922 3950 Siqma
967 3901 1064 3948 pro
1106 3900 1214 3935 una
1259 3883 1554 3949 eademque

472 3951 634 4002 litera
657 3953 912 4003 habuisse
929 3991 942 4015 ,
978 3953 1032 4002 id
1057 3953 1187 4002 mihi
1220 3954 1356 4003 satis
1378 3957 1558 4003 osten-

473 4021 620 4071 disse
638 4022 1243 4072 videturWestermann
1259 4021 1552 4074 inJahrbb.

473 4090 513 4140 f.
549 4090 744 4139 Philol.
780 4105 832 4140 u.
869 4089 1111 4154 Paedag.
1143 4090 1342 4140 XXIX.
1368 4106 1423 4153 p.
1449 4091 1544 4142 361

475 4174 619 4222 seq.,
674 4174 795 4208 cum
842 4160 984 4207 inter
1020 4163 1304 4223 utramque
1338 4157 1550 4209 literam

472 4226 576 4278 viri
612 4227 761 4277 docti
796 4227 875 4277 ita
908 4227 1303 4287 discernerent,
1348 4231 1410 4276 ut
1440 4229 1554 4278 Do-

474 4297 646 4347 ricum
678 4295 788 4345 San
816 4296 889 4346 ad
925 4309 1114 4345 sonum
1144 4295 1232 4345 seli
1265 4295 1440 4360 magis
1465 4311 1555 4346 ac-

472 4364 715 4428 cederet,
759 4363 931 4431 Siqma
966 4378 1097 4415 vero
1135 4363 1432 4430 simplicem
1469 4379 1555 4416 so-

1652 1343 1778 1377 num
1825 1345 1852 1378 s
1896 1327 2175 1379 redderet:
2222 1327 2333 1379 vid.
2372 1328 2569 1378 Franz.
2605 1326 2728 1377 Ele·

1651 1403 1816 1446 ment.
1843 1397 2141 1463 Epigraph.
2166 1414 2216 1462 p.
2248 1398 2308 1449 16
2335 1412 2448 1462 seq.
2487 1396 2726 1448 Boeckh.

1651 1466 1813 1532 Corp.
1850 1467 2026 1517 Inscr.
2067 1468 2161 1518 Gr.
2203 1467 2251 1518 1.
2295 1483 2378 1517 nr.
2411 1468 2499 1518 25.
2543 1482 2597 1531 p.
2637 1467 2726 1515 42.

1652 1536 1758 1598 Qui
1793 1536 1936 1586 idern
1981 1537 2169 1598 eodem
2216 1552 2378 1600 opere
2408 1536 2484 1590 11.
2533 1552 2586 1600 p.
2633 1533 2728 1584 113

1651 1621 1766 1671 seq.
1817 1606 1874 1654 in
1920 1606 2061 1656 hanc
2097 1605 2365 1655 Herodoti
2405 1604 2731 1655 sententiam

1650 1675 1718 1724 de
1753 1675 2136 1725 terminatione
2169 1676 2441 1725 nominum
2484 1674 2732 1724 Persico·

1652 1760 1798 1806 rum,
1834 1760 1976 1809 quae
2010 1744 2078 1794 ad
2099 1742 2218 1794 sola
2240 1744 2477 1793 virorum
2511 1743 2733 1792 nomina

1652 1815 1725 1863 sit
1745 1814 2051 1874 reserenda,
2085 1814 2372 1877 inquisivit
2400 1818 2654 1876 recteque
2673 1811 2731 1861 id

1651 1884 1779 1933 mihi
1805 1884 2065 1933 statuisse
2091 1883 2327 1943 ridetur,
2364 1896 2587 1932 necesse
2610 1895 2731 1929 esse

1651 1954 1708 2002 in
1746 1953 1926 2017 prisca
1962 1953 2246 2002 Persarum
2292 1950 2477 2015 lingua
2521 1936 2730 2014 aliquid

1651 2023 1842 2083 fuerit,
1879 2022 2023 2086 quod
2051 2021 2317 2071 Herodoti
2352 2021 2552 2070 iudicio
2573 2034 2731 2084 prae-

1652 2091 1831 2142 buerit
1882 2105 2101 2141 ansam:
2155 2090 2301 2155 quod
2345 2089 2506 2155 quale
2546 2089 2727 2149 fuerit,

1650 2161 1810 2211 huius
1855 2159 2073 2224 linguae
2120 2161 2310 2224 peritis
2361 2157 2730 2223 relinquamus

1649 2228 2051 2290 declarandum,
2091 2230 2316 2293 ipseque
2350 2228 2655 2279 Boeckhius
2690 2225 2727 2278 l.

1648 2298 1684 2349 l.
1724 2314 1776 2362 p.
1819 2297 1918 2348 170
1961 2298 2028 2347 iis
2064 2313 2125 2347 se
2160 2298 2350 2349 cedere
2393 2298 2552 2358 dicit,
2591 2311 2731 2361 quae

1651 2367 1857 2417 Bohlen
1893 2366 1932 2416 l.
1968 2366 2006 2417 1.
2047 2368 2262 2418 statuit.
2335 2367 2495 2431 Ipsas
2540 2368 2732 2416 Persa-

1648 2452 1766 2487 rum
1801 2451 1964 2486 voces
2010 2436 2066 2487 in
2103 2436 2341 2500 antiquis
2374 2435 2731 2499 scriptoribus

1651 2506 1839 2556 obvias
1887 2504 2108 2571 collegit
2163 2511 2219 2556 et
2266 2504 2525 2570 explicuit
2571 2504 2728 2554 Paul.

1649 2575 1988 2626 Boetticher:
2047 2576 2238 2638 Arica,
2287 2573 2416 2625 Hal.
2475 2574 2622 2624 1851.
2674 2573 2727 2624 8.

1651 2661 1702 2709 p.
1748 2646 1809 2696 10
1844 2660 1998 2709 seqq.

2028 2813 2162 2864 Car.
2199 2812 2360 2864 CXL.

1720 2913 1920 2976 ,Ταῦτα
1965 2907 2069 2980 μὲν
2111 2906 2387 2979 ἀτρεκέως
2421 2909 2551 2981 ἔχω]
2612 2916 2733 2966 Hoc

1651 2984 1773 3035 loco
1812 2982 1988 3034 ταῦτα
2024 2999 2131 3034 non
2165 2984 2236 3034 ad
2271 2999 2336 3034 ea
2370 2989 2582 3034 tantum
2616 3000 2735 3049 per-

1653 3054 1810 3115 tinet,
1850 3068 1989 3118 quae
2026 3054 2264 3118 proxime
2295 3053 2468 3104 relata
2504 3059 2631 3103 sunt
2666 3054 2734 3103 de

1652 3125 1940 3174 Persarum
1994 3123 2333 3185 nominibus,
2396 3123 2491 3172 sed
2543 3123 2615 3172 ad
2668 3138 2734 3172 ea

1656 3193 1865 3253 omnia,
1913 3207 2053 3256 quae
2087 3191 2154 3241 de
2188 3192 2479 3242 Persarum
2517 3192 2735 3241 institu-

1655 3263 1756 3322 tis,
1792 3261 2060 3322 moribus,
2094 3260 2356 3325 religione
2392 3262 2519 3311 inde
2553 3275 2587 3310 a
2609 3276 2732 3340 cap.

1660 3331 1753 3382 131
1797 3299 2106 3381 narrantur.
2140 3360 2211 3368 —
2257 3331 2439 3381 Verba
2474 3324 2606 3393 περὶ
2635 3323 2736 3380 αὖ·

1655 3415 1769 3449 των
1805 3399 1873 3449 de
1908 3400 2089 3449 Persis
2122 3403 2249 3449 sunt
2284 3399 2691 3478 accipienda..

1740 3463 1879 3533 πρὶν
1927 3482 2002 3516 αν
2054 3457 2149 3517 ὑπ’
2197 3458 2443 3530 ὄρνιθος
2478 3457 2520 3533 ἦ
2562 3459 2736 3524 κυνὸς

1655 3484 2023 3603 ἑλκυσθῆναι]
2085 3529 2433 3601 ἑλκυσθῆναι
2486 3537 2733 3586 dedimus

1655 3623 1773 3657 cum
1796 3610 1998 3655 recent.
2029 3606 2153 3656 edd.
2169 3620 2265 3670 pro
2294 3607 2441 3671 vulg.
2462 3596 2732 3670 ἑλκυσθῇ.

1654 3706 1727 3715 -
1763 3676 1827 3725 In
1855 3677 1974 3741 ipsa
2011 3690 2069 3725 re
2106 3690 2228 3724 cum
2262 3674 2542 3726 Herodoto
2573 3674 2736 3740 plane

1656 3745 2004 3795 consentiunt
2063 3742 2159 3793 alii
2214 3745 2539 3809 scriptores,
2593 3744 2737 3807 Aga-

1656 3813 1830 3876 thias,
1867 3813 2093 3874 Strabo,
2138 3811 2354 3873 Cicero;
2393 3827 2620 3878 quorum
2657 3817 2735 3861 teo

1657 3884 1913 3933 stimonia
1957 3882 2330 3947 suppeditabit
2372 3882 2616 3931 Brisson.
2667 3879 2737 3929 de

1657 3967 1772 4017 reg.
1809 3953 1960 4002 Pers.
1995 3951 2224 4018 princip.
2251 3951 2326 4001 11.
2366 3952 2415 4012 ὅ.
2448 3950 2568 4001 152.
2609 3947 2735 4000 coll.

1657 4021 1816 4085 Hyde
1873 4020 1939 4070 de
1988 4019 2141 4084 relig.
2198 4021 2412 4070 Persar.
2475 4032 2597 4083 cap.
2646 4018 2735 4070 34.

1657 4091 1772 4140 Nec
1807 4093 1998 4139 nostra
2035 4093 2219 4139 aetate
2251 4090 2394 4139 hunc
2418 4103 2621 4138 morem
2648 4102 2738 4154 pe-

1657 4159 1801 4209 nitus
1837 4158 2109 4208 interiisse
2142 4162 2417 4208 testantur
2461 4172 2549 4219 ea,
2600 4171 2740 4223 quae

1658 4243 1725 4278 ex
1763 4227 2018 4278 Chardin.
2060 4227 2241 4277 itiner.
2285 4227 2374 4292 (T.
2414 4225 2490 4275 11.
2528 4241 2583 4290 p.
2617 4223 2737 4289 186)

1656 4296 1861 4361 profert
1883 4295 2186 4347 Larcherus
2215 4296 2281 4346 de
2303 4294 2580 4345 cimeterio
2606 4308 2740 4358 quo-

1658 4366 1781 4416 dam
1813 4380 1982 4431 prope
2015 4364 2284 4430 Ispahan,
2335 4363 2432 4413 ubi
2463 4363 2741 4414 hominum
