3109 5092
25 538 73 658 &5

24 712 70 919 ’.ι-ιε

24 970 62 2459 ,ᾼἯη-νᾈ““ψ-Ἷ“Ε“““Μ”ἿἾ“

1025 342 1156 402 AD
1202 343 1553 406 HEROD
1576 343 1721 405 OT.
1768 346 1851 421 11,
1898 354 1982 409 17.
2512 344 2634 409 853

359 517 508 589 quod
557 516 732 569 solum
776 517 903 569 dein
948 516 1082 569 dicit
1120 518 1404 570 maximum
1439 516 1555 569 Nili
1602 518 1801 570 ostium
1844 519 2100 589 tertium,
2159 539 2224 573 ex
2271 537 2381 591 quo
2427 522 2634 575 canalis

360 602 687 656 Mendesius
735 603 811 654 sit·
859 602 1152 655 deductus.
1218 602 1395 654 Cuius
1441 605 1681 657 Phaenica·
1722 602 1931 656 canalis
1978 622 2097 658 cum
2145 605 2296 657 nulla
2342 606 2440 659 fiat
2484 608 2632 679 apud

358 687 700 741 Herodotum
732 687 963 753 mentio,
1003 688 1234 740 eundem
1256 686 1435 739 fuisse
1472 688 1579 741 viri
1601 689 1747 741 docti
1785 689 2097 742 existimant
2119 694 2284 759 atque
2307 692 2628 760 Bucolicum,

359 790 518 843 quem
542 773 752 825 fossum
777 772 988 824 Noster
1013 772 1204 824 scribit
1237 790 1340 825 nec
1364 773 1564 825 natura
1590 778 1785 826 ortum.
1855 773 1967 836 Qui
1992 775 2133 827 enim
2154 775 2425 828 Herodoti
2448 781 2629 829 aetate
2715 845 2719 849 ἡ

355 860 600 910 fortasse
625 856 769 908 haud
793 857 973 924 magni
1009 864 1130 909 erat
1151 857 1403 912 momenti
1423 898 1439 923 ,
1473 859 1659 927 potuit
1680 858 1773 911 ille
1793 864 2016 927 postea,
2050 864 2256 913 mutato
2281 860 2399 912 Nili
2435 877 2623 929 cursu,

358 942 630 1011 aquisque
670 941 776 993 alio
824 942 1142 1009 conversis,
1196 942 1447 995 maiorem
1480 959 1778 1012 sanequam
1822 944 2071 1013 accipere
2111 961 2377 1014 aquarum
2421 946 2628 1015 copiam

358 1043 583 1095 eamque
617 1026 745 1079 inde
787 1025 1075 1097 acquirere
1123 1028 1530 1094 auctoritatem,
1585 1044 1745 1097 quam
1795 1027 2066 1098 hodieque
2102 1029 2359 1096 retinuit,
2408 1030 2501 1082 ubi
2542 1037 2629 1082 est

355 1112 698 1167 Damiatinus
729 1111 966 1176 fluvius,
1014 1111 1110 1180 qui
1150 1130 1322 1182 prope
1356 1111 1667 1165 Damffatam
1704 1112 1761 1164 in
1797 1130 1944 1165 mare
1975 1115 2106 1167 exit.
2177 1114 2493 1167 Bucolicum
2528 1132 2627 1168 cur

355 1195 569 1250 vocarit
596 1196 915 1249 Herodotus
936 1199 1126 1267 (quem
1149 1213 1295 1249 unus
1327 1197 1582 1266 sequitur
1607 1197 1865 1249 Eustath.
1891 1198 1961 1249 ad
1982 1199 2216 1267 Dionys.
2242 1198 2462 1267 Perieg.
2493 1202 2626 1267 226)

357 1300 460 1335 nec
479 1279 820 1349 Phatnicum,
855 1286 918 1333 ut
938 1280 1140 1350 reliqui
1164 1288 1437 1348 auctores,
1461 1281 1591 1333 inde
1614 1282 1970 1350 repetendum
1992 1283 2215 1335 videtur
2232 1283 2624 1352 Wesselingio,

355 1366 504 1436 quod
527 1381 646 1417 cum
685 1364 841 1417 iuxta
863 1365 1184 1419 Phatnicum
1217 1365 1416 1418 ostium
1442 1370 1634 1417 essent
1660 1360 1730 1419 τὰ
1759 1362 2091 1438 Βουκολικά,
2128 1367 2166 1419 i.
2192 1385 2241 1419 e.
2267 1366 2387 1419 loca
2418 1350 2627 1421 famosa

353 1451 627 1503 latronum
650 1449 937 1502 domiciliis
960 1467 1024 1502 ac
1045 1448 1427 1521 receptaculis,
1452 1466 1595 1519 quae
1618 1450 2312 1520 descripserintHeliodor.
2331 1450 2623 1522 Aethiopp.

355 1536 413 1602 Ι,
453 1541 516 1603 5,
563 1535 657 1586 ubi
701 1536 848 1588 conf.
883 1533 1096 1587 Coraes
1129 1541 1170 1588 t.
1197 1535 1272 1587 ΙΙ.
1311 1542 1447 1602 p.11
1486 1541 1542 1586 et
1567 1534 1760 1588 Achifl.
1781 1536 1981 1587 Tatius
2014 1536 2117 1604 ΙΙΙ,
2162 1542 2214 1595 9.
2262 1535 2357 1600 IV,
2390 1543 2481 1605 12,
2531 1537 2624 1591 ubi

354 1620 501 1673 conf.
525 1620 738 1672 Iacobs.
775 1624 1083 1672 commentt.
1119 1640 1175 1691 p.
1202 1624 1324 1679 641.
1391 1619 1479 1671 Tu
1511 1618 1624 1672 vid.
1649 1619 2065 1672 Schlichthorst.
2105 1619 2141 1673 l.
2169 1620 2204 1671 l.
2232 1638 2286 1689 p.
2312 1625 2399 1679 39.
2460 1622 2620 1674 Man-

355 1709 500 1758 nert.
534 1703 569 1756 Ι.
596 1704 633 1757 l.
657 1723 712 1774 p.
737 1708 840 1764 545
867 1722 1026 1774 seqq.
1053 1709 1159 1765 548
1182 1704 1302 1757 coll.
1327 1703 1563 1757 Rennel.
1594 1722 1649 1773 p.
1675 1709 1798 1764 618.
1841 1704 2166 1757 Hartmann.
2190 1703 2620 1758 Erdbeschreib.

354 1809 408 1844 v.
434 1789 724 1859 Aegypten
757 1807 813 1858 p.
843 1794 913 1849 89
946 1795 1002 1841 et
1022 1789 1225 1842 Ritter.
1250 1790 1285 1842 l.
1311 1787 1348 1839 l.
1372 1792 1548 1859 p.817
1571 1806 1728 1859 seqq.
1759 1794 1866 1849 833
1890 1807 2007 1858 seq.
2077 1787 2273 1841 Gallus
2314 1788 2512 1843 doctus
2546 1790 2620 1842 du

353 1873 687 1941 Bois-Ayme
721 1874 758 1926 l.
781 1874 817 1925 l.
860 1892 914 1942 p.
941 1878 1046 1933 288
1078 1876 1382 1929 Bucolicum
1416 1874 1615 1925 ostium
1641 1880 1697 1925 et
1726 1873 1848 1943 ipse
1874 1872 2018 1926 haud
2039 1872 2263 1926 differre
2302 1873 2379 1925 ait
2403 1890 2435 1926 a
2461 1877 2623 1930 Phat-

353 1961 468 2014 nico
492 1976 539 2010 s.
570 1961 916 2025 Plautmetico,
957 1958 1203 2030 illudque
1227 1958 1523 2012 convenire
1549 1975 1669 2011 cum
1692 1954 1864 2011 fluvio
1886 1958 2215 2012 Damiatino.
2265 1957 2405 2010 Nain
2429 1960 2621 2012 Cham-

355 2042 555 2115 pollio,
620 2043 716 2113 qui
760 2043 1189 2111 Sebennyticum
1234 2043 1506 2096 Herodoti
1550 2044 1749 2096 ostium
1800 2061 1899 2112 pro
1941 2042 2277 2096 Phatmetico
2325 2044 2622 2115 eodemque

352 2127 660 2182 Damiatino
698 2129 888 2196 habet,
944 2128 1209 2185 Saiticum
1257 2146 1388 2180 vero
1423 2127 1695 2180 Herodoti
1729 2128 1928 2180 ostium
1975 2146 2093 2181 cum
2129 2128 2422 2182 Strabonis
2478 2130 2621 2182 ostio

354 2213 725 2281 Sebennytico
769 2213 1068 2266 convenire
1105 2221 1327 2280 censet,
1373 2212 1730 2266 difficultates
1768 2213 1940 2280 magis
1974 2213 2199 2266 auxisse
2231 2231 2391 2283 quam
2430 2220 2620 2267 sustu-

356 2298 489 2350 lisse
532 2298 777 2367 videtur,
817 2302 881 2349 ut
914 2297 1049 2350 adeo
1087 2299 1323 2365 erroris,
1363 2298 1523 2350 cuius
1561 2298 1824 2350 historiae
1844 2301 2054 2367 patrem
2086 2299 2334 2365 incusat,
2378 2299 2498 2368 ipse
2532 2316 2620 2351 ac-

354 2383 633 2436 cusandus
669 2401 796 2436 esse
830 2382 1104 2436 videatur.
1169 2383 1392 2452 Quippe
1427 2382 1666 2436 canalem
1689 2384 1957 2452 quendam
1980 2383 2219 2451 Aegypti
2253 2383 2537 2436 inferioris
2565 2389 2622 2436 et

354 2469 476 2521 eius
513 2467 729 2537 quidem
773 2468 980 2537 partis,
1022 2469 1117 2520 ubi
1150 2467 1412 2522 Bucolica
1446 2468 1562 2520 sint
1593 2470 1769 2540 (unde
1789 2468 2034 2520 Bucolici
2066 2467 2226 2520 fluvii
2250 2469 2505 2536 nomen),
2552 2470 2620 2520 ab

354 2552 642 2605 Herodoto
668 2552 953 2605 contendit
974 2570 1074 2622 pro
1101 2570 1212 2606 uno
1238 2553 1305 2605 de
1332 2559 1542 2621 septem
1567 2554 1727 2605 ostiis
1755 2570 1880 2604 esse
1903 2553 2164 2604 habitum.

519 2638 568 2689 E
592 2637 963 2705 Sebennytico
999 2638 1141 2690 ostio
1167 2638 1276 2690 duo
1301 2635 1408 2690 alia
1440 2637 1706 2689 orientem
1730 2654 1929 2689 versus
1956 2637 2190 2689 deducta
2223 2633 2419 2686 scribit
2438 2634 2618 2686 Hero-

352 2722 546 2789 dotus,
584 2721 850 2775 Saiticum
882 2728 938 2773 et
969 2722 1329 2775 Mendesium.
1407 2722 1664 2775 Saiticam
1701 2722 1902 2773 ostium
1936 2720 2079 2772 haud
2116 2719 2395 2771 diversum
2429 2736 2556 2771 esse
2588 2736 2621 2770 a

349 2806 604 2859 Tanitico
625 2846 639 2871 ,
684 2812 906 2859 auctore
928 2805 1200 2859 Strabone
1227 2806 1404 2858 XVII.
1431 2824 1483 2875 p.
1510 2810 1617 2865 802
1649 2824 1696 2858 s.
1734 2824 1787 2874 p.
1821 2809 1961 2863 1154
1990 2804 2158 2871 vulgo
2192 2808 2424 2872 ponunt,
2461 2802 2615 2856 inde-

351 2908 459 2961 que
485 2890 754 2943 Herodoti
795 2890 852 2943 in
887 2890 1006 2943 loco
1041 2891 1455 2944 rescribendum
1487 2908 1614 2943 esse
1646 2895 1879 2943 censent
1904 2882 2227 2944 Τανιτικόν.
2287 2887 2426 2954 Sed,
2475 2905 2618 2956 quae

350 2975 556 3028 dudum
591 2975 952 3043 Wesselingii
990 2982 1111 3028 erat
1144 2975 1459 3046 sententia,
1505 2974 1664 3027 libris
1711 2976 1937 3044 scriptis
1985 2974 2235 3027 omnibus
2271 2973 2616 3026 adversanti-

348 3062 456 3114 bus
497 3061 554 3113 in
589 3060 906 3113 Herodoteo
954 3064 1110 3113 textu
1162 3060 1296 3113 nihil
1341 3060 1671 3114 mutandum.
1740 3060 1985 3112 Gravius
2028 3060 2175 3114 haud
2210 3058 2327 3110 scio
2365 3076 2433 3110 an
2479 3057 2615 3111 illud

350 3147 454 3212 sit,
501 3145 650 3217 quod
679 3145 786 3198 alia
807 3162 1042 3215 prorsus
1079 3146 1133 3198 in
1158 3146 1405 3215 regionis
1426 3146 1590 3198 Delta
1620 3150 1777 3214 parte
1799 3145 1926 3198 Sa'is
1961 3145 2095 3197 urbs
2131 3144 2240 3197 sita
2272 3143 2410 3213 fuit,
2455 3150 2613 3197 trans

346 3230 776 3299 Sebennyticum
800 3231 998 3283 ostium
1023 3230 1353 3284 occidentem
1378 3248 1597 3284 versus.
1634 3229 2007 3298 Wesselingio
2032 3230 2089 3283 in
2114 3234 2344 3281 mentem
2368 3234 2613 3296 venerat,

347 3316 597 3386 potuisse
620 3332 813 3367 nomen
848 3316 1026 3383 repeti
1050 3317 1117 3368 ab
1142 3318 1346 3371 Saitica
1369 3318 1742 3385 praefectura,
1789 3333 1948 3384 quam
1971 3315 2039 3366 ab
2078 3314 2360 3367 occidente
2390 3311 2618 3363 radebat

346 3398 587 3463 fluvius3
624 3397 799 3450 malim
834 3398 1086 3466 equidem
1116 3406 1390 3466 statuere,
1435 3402 1615 3453 Tanin
1648 3400 1866 3466 urbem,
1906 3400 2053 3451 unde
2088 3396 2296 3448 fluvius
2326 3396 2617 3463 Taniticus,

350 3483 472 3535 olim
512 3483 648 3535 Scin
688 3498 908 3551 quoque
953 3484 1279 3535 nominatam
1313 3484 1520 3549 fuisse,
1570 3481 1809 3552 indeque
1847 3480 2206 3551 repetendum
2239 3478 2434 3530 Saitici
2485 3479 2614 3531 ostii

347 3584 560 3620 nomen.
628 3566 768 3619 Nam
800 3564 1052 3636 plerique
1074 3566 1192 3617 VV.
1216 3567 1336 3619 DD.
1373 3574 1569 3619 nostra
1600 3571 1778 3619 aetate
1801 3567 2056 3621 Saiticam
2088 3570 2143 3616 et
2177 3564 2479 3618 Taniticum
2512 3581 2614 3632 pro

349 3669 459 3705 uno
484 3651 782 3721 eodemque
808 3650 984 3703 canali
1007 3652 1329 3721 perhibent,
1371 3652 1466 3720 qui
1495 3668 1643 3703 nunc
1680 3651 1992 3703 exsiccatus
2016 3667 2191 3719 paene
2213 3666 2326 3701 non
2352 3648 2461 3699 nisi
2483 3647 2613 3700 Nilo

346 3741 631 3790 crescente
664 3736 827 3806 aquis
864 3735 1068 3805 repleri
1098 3735 1303 3803 soleat,
1350 3737 1559 3806 quique
1584 3736 1638 3788 in
1675 3735 1847 3788 lacum
1871 3734 2160 3787 Menzaleh
2192 3732 2419 3785 finiatur
2441 3750 2613 3803 prope

346 3822 742 3891 Ommfaredje3
789 3838 936 3873 nunc
973 3822 1025 3875 ei
1048 3839 1239 3874 nomen
1267 3839 1392 3874 esse
1424 3820 1635 3873 addunt
1656 3820 1878 3888 Mueys.
1940 3819 2171 3872 Praeter
2192 3815 2609 3870 Schlichthorst.

343 3906 381 3960 l.
418 3907 454 3959 l.
497 3925 551 3976 p.
585 3908 673 3963 42.
719 3905 953 3959 Rennel.
991 3906 1027 3959 l.
1067 3906 1103 3960 l.
1148 3925 1201 3976 p.
1229 3911 1350 3966 619.
1399 3906 1681 3958 Mannert.
1720 3904 1819 3957 l.1.
1863 3924 1919 3975 p.
1957 3909 2062 3963 549
2097 3921 2216 3973 seq.
2258 3901 2459 3954 Ritter.
2496 3901 2533 3953 l.
2575 3903 2610 3954 l.

344 4011 400 4062 p.
423 3993 528 4051 827
551 4008 707 4061 seqq.
747 3996 806 4042 tu
832 3989 942 4042 vid.
969 3991 1219 4061 inprimis
1242 3990 1314 4043 du
1338 3990 1673 4058 Bois-Ayme
1697 4009 1751 4060 p.
1776 3993 1901 4050 287.
1947 3988 2270 4054 Andreossy
2293 3986 2487 4058 (Mem.
2514 4004 2611 4039 sur

343 4075 395 4129 le
422 4076 503 4128 lac
525 4073 844 4141 Menzaleh)
873 4075 932 4127 in
957 4075 1233 4145 Descript.
1262 4075 1329 4128 de
1352 4075 1496 4143 l’Eg.
1526 4078 1640 4127 etat
1658 4075 1902 4128 modern.
1929 4074 1973 4125 Ι.
2000 4091 2055 4142 p.
2074 4074 2176 4130 263
2199 4090 2338 4140 seq„
2364 4072 2443 4123 Le
2466 4070 2609 4123 Pere

346 4160 540 4231 (Mem.
575 4177 675 4213 sur
703 4159 755 4212 le
779 4158 933 4211 canal
956 4160 1010 4212 d.
1037 4161 1181 4214 deux
1205 4161 1376 4226 mers)
1411 4159 1544 4211 ibid.
1581 4178 1637 4230 p.
1665 4163 1795 4226 113,
1839 4158 1936 4229 qui
1977 4157 2155 4210 omnia
2187 4155 2383 4208 scribit
2419 4174 2483 4207 eo
2509 4155 2609 4206 du-

345 4263 470 4298 cere
503 4243 738 4312 indicia,
789 4247 851 4297 ut
891 4244 1057 4297 huius
1097 4244 1254 4297 fluvii
1278 4244 1490 4297 alveum
1528 4249 1833 4297 statuamus
1869 4261 1993 4296 esse
2027 4241 2237 4295 alveum
2271 4238 2486 4308 antiqui
2508 4239 2611 4290 Pe-

345 4329 539 4382 lusiaci
591 4328 911 4400 (superiori
955 4348 1033 4382 sc.
1068 4332 1228 4400 parte
1263 4345 1442 4399 usque
1477 4329 1545 4381 ad
1580 4328 1891 4395 Bubastia)
1936 4332 1993 4380 et
2034 4325 2277 4380 Tanitici
2320 4322 2611 4394 (inferiori
