3109 5092
449 276 575 336 462
1308 280 1853 344 HERODOTI

450 463 579 528 εἰσι
621 472 906 545 σχοῖνοι·
953 452 1028 523 τὸ
1059 454 1136 523 δὲ
1165 450 1298 524 ἀπὸ
1328 455 1673 544 θαλάσσης
1710 453 2049 543 λεγόντων
2086 450 2153 534 ἐς
2187 451 2557 543 μεσόγαιαν
2589 463 2727 523 τεί·

447 589 596 632 νειν
624 556 838 648 αὐτὴν
867 559 1057 648 μέχρι
1089 556 1546 649 Κερκασώρου
1582 558 1845 644 πόλιος,
1878 553 2026 626 κατ’
2056 554 2144 646 ἣν
2178 565 2465 645 σχίζεται
2490 552 2526 628 ὅ
2556 564 2725 626 Νεῖ-

449 675 582 750 λος,
611 670 678 745 ἔς
703 691 776 733 τε
804 662 1192 752 Πηλούσιον
1222 664 1399 751 ῥέων
1426 664 1536 731 καὶ
1571 659 1637 742 ἐς
1666 661 2002 750 Κάνωβον
2021 683 2034 696 ·
2072 659 2151 729 τὰ
2178 661 2253 729 δὲ
2289 658 2458 730 ἄλλα
2489 659 2723 748 λεγόν-

447 795 585 838 των
609 773 725 857 τῆς
752 763 1142 853 Αἰγύπτου,
1170 762 1251 834 τὰ
1281 765 1406 855 μὲν
1440 765 1726 855 Λιβύης,
1766 763 1848 834 τὰ
1879 764 1951 833 δὲ
1974 762 2295 853 Ἀραβίης
2317 762 2491 834 εἶναι
2509 786 2524 801 ·
2554 760 2721 833 ἄπο-

401 885 406 890 ’
450 871 881 960 δεικνύοιμεν
915 863 1035 956 ἂν,
1078 866 1293 963 τούτῳ
1327 873 1425 962 τῷ
1465 869 1641 963 λόγῳ
1685 867 2083 959 χρεώμενοι,
2124 874 2555 955 Αἰγυπτίοισι
2600 862 2725 937 οὐκ

449 972 696 1046 ἐοῦσαν
733 973 1064 1064 πρότερον
1100 969 1348 1061 χώρην.
1412 968 1544 1062 ἤδη
1583 972 1711 1060 γάρ
1754 992 1876 1060 σφι
1903 971 1981 1041 τό
2013 997 2089 1059 γε
2118 974 2377 1057 Δέλτα,
2418 968 2505 1052 ὥς
2534 967 2725 1040 αὐτοὶ

447 1081 720 1167 λέγουσι
764 1076 1124 1164 Αἰγύπτιοι
1167 1078 1279 1144 καὶ
1333 1070 1477 1163 ἐμοὶ
1521 1080 1775 1160 δοκέει,
1839 1077 1978 1144 ἐστὶ
2023 1073 2441 1165 κατάρρυτόν
2498 1102 2569 1144 τε
2612 1074 2725 1142 καὶ

448 1183 723 1269 νεωστὶ,
775 1176 864 1262 ὦς
892 1180 1069 1273 λόγῳ
1105 1186 1352 1264 εἰπεῖν,
1390 1175 1845 1270 ἀναπεφηνός.
1905 1184 1968 1248 εἰ
1993 1186 2230 1248 τοίνυν
2271 1197 2393 1267 σφι
2437 1180 2619 1271 χώρη
2647 1202 2725 1264 γε

448 1291 739 1375 μηδεμία
774 1280 1030 1373 ὑπῆρχε
1052 1335 1070 1370 ,
1109 1291 1181 1353 τί
1205 1284 1744 1373 περιειργάζοντο
1784 1285 2133 1363 δοκέοντες
2166 1288 2417 1370 πρῶτοι
2447 1279 2721 1374 ἀνθρώ-

450 1416 599 1458 πων
638 1391 1022 1476 γεγονέναις
1068 1384 1229 1458 οὐδὲ
1273 1391 1412 1457 ἔδει
1457 1389 1668 1475 σφέας
1710 1384 1776 1466 ἐς
1822 1385 2177 1476 διάπειραν
2218 1390 2356 1455 τῶν
2399 1392 2691 1457 παιδίων
2710 1398 2807 1450 111

450 1495 644 1578 ἰέναι,
671 1500 820 1564 τίνα
857 1495 1170 1579 γλῶσσαν
1206 1489 1479 1580 πρώτην
1503 1487 1857 1580 ἀπήσουσι.
1906 1486 2084 1559 Ἀλλ’
2121 1485 2277 1559 οὔτε
2311 1496 2726 1577 Αἰγυπτίους

452 1600 665 1666 δοκέω
693 1591 827 1685 ἅμα
853 1599 945 1689 τῷ
973 1598 1193 1664 Δέλτα
1228 1599 1323 1687 τῷ
1354 1588 1473 1663 ὑπ’
1498 1591 1745 1664 Ἰώνων
1778 1597 2159 1686 καλεομένῳ
2198 1596 2554 1680 γενέσθαι,
2591 1599 2732 1663 αἰεί

448 1727 521 1768 τε
554 1698 750 1786 εἶναι,
785 1695 851 1782 ἐξ
882 1688 966 1768 οὗ
989 1694 1380 1788 ἀνθρώπων
1405 1700 1598 1786 γένος
1626 1693 1921 1785 ἐγένετο·
1957 1694 2318 1786 προϊούσης
2347 1696 2424 1765 δὲ
2449 1703 2565 1788 τῆς
2590 1696 2721 1786 χώ-

450 1831 591 1893 ρης,
625 1799 915 1883 πολλοὺς
944 1802 1069 1891 μὲν
1099 1799 1253 1882 τούς
1283 1796 1859 1891 ὑπολειπομένους
1900 1797 2127 1870 αὐτῶν
2164 1800 2522 1888 γενέσθαι,
2558 1811 2721 1871 πολ-

450 1905 610 1987 λοὺς
644 1907 720 1975 δὲ
745 1904 904 1987 τοὺς
934 1900 1619 1994 ὑποκαταβαίνοντας.
1672 1902 1749 1974 τό
1777 1902 1844 1973 δ’
1879 1894 1976 1974 ὧν
2010 1903 2213 1973 πάλαι
2244 1907 2320 1971 αἱ
2346 1910 2565 1993 Θῆβαι
2594 1914 2721 1974 At-

1641 2106 1859 2172 giones,
1918 2105 2185 2171 prioribus
2233 2104 2452 2156 sedibus
2497 2106 2750 2158 relictis.-

1641 2178 1821 2241 Negat
1857 2176 1997 2224 enim
2030 2175 2374 2238 Herodotus,
2423 2177 2723 2242 Aegyptios

1640 2251 1754 2295 tum
1782 2245 1995 2295 demum
2025 2244 2324 2306 exstitisse,
2366 2261 2486 2295 cum
2538 2246 2723 2310 Delta,

1640 2315 1785 2380 quod
1822 2314 1891 2364 ab
1924 2313 2149 2364 Ionibus
2198 2318 2453 2375 vocatur,
2507 2331 2570 2366 eo
2615 2332 2721 2382 quo

1638 2389 1805 2434 antea
1853 2384 1993 2433 dixit
2046 2382 2205 2433 modo
2265 2385 2567 2446 exstiterit,
2626 2386 2721 2436 sed

1636 2453 1798 2519 longe
1836 2457 2000 2503 antea.
2044 2452 2132 2502 vel
2167 2452 2350 2516 potius
2390 2453 2459 2503 ab
2495 2471 2559 2505 eo
2596 2454 2722 2506 inde

1636 2529 1895 2588 tempore,
1931 2537 2037 2587 quo
2067 2523 2285 2572 omnino
2310 2522 2602 2574 humanum
2633 2541 2723 2591 ge·

443 2106 639 2155 hibent
683 2106 942 2171 ipsosque
989 2105 1260 2168 homineS,
1312 2107 1406 2171 qui
1452 2106 1537 2156 vel

447 2175 806 2240 piscationem
843 2181 1095 2225 exercent
1138 2175 1225 2225 vel
1263 2176 1318 2224 in
1356 2178 1537 2226 condi·

451 2244 605 2293 endis
625 2245 866 2309 piscibus
888 2246 1063 2309 captis
1083 2250 1400 2295 versantur:
1421 2245 1534 2296 vid.

449 2313 757 2363 Wilkinson
774 2314 1030 2364 Manners
1047 2313 1532 2365 andCustomsetc.

448 2383 556 2433 111.
593 2399 645 2448 p.
673 2384 739 2435 53
764 2399 916 2448 seqq.
944 2381 1067 2436 coll.
1097 2383 1174 2434 11.
1207 2400 1258 2449 p.
1293 2383 1355 2433 19
1380 2399 1533 2450 seqq.

449 2453 711 2503 Rosellini
755 2454 997 2503 Menum.
1050 2452 1196 2503 civil.
1245 2453 1292 2504 1.
1339 2470 1391 2518 p.
1432 2453 1529 2505 231

450 2537 601 2588 seqq.
675 2524 748 2573 Et
795 2511 939 2573 con‘i.
987 2522 1151 2573 etism
1201 2523 1405 2574 Herod.
1455 2524 1530 2586 11,

451 2594 515 2643 77
556 2593 739 2659 ibique
776 2598 916 2643 nott.
991 2592 1132 2655 Quid
1173 2593 1315 2658 quod
1354 2593 1532 2643 adhuc

449 2661 653 2728 pisces,
699 2663 792 2728 qui
841 2663 896 2712 in
931 2662 1057 2712 lacu
1093 2662 1376 2713 Menzaleh
1417 2663 1534 2728 (qui

449 2747 557 2782 non
592 2732 752 2797 longe
793 2733 952 2783 abest
1001 2732 1069 2782 ab
1111 2732 1335 2798 antiquo
1373 2733 1534 2783 Pelu-

1636 2609 1737 2642 nus
1774 2592 2016 2654 exstitit,
2057 2592 2355 2656 Aegyptios
2385 2608 2600 2660 quoque
2634 2610 2723 2645 ex·

1636 2664 1845 2713 stitisse
1866 2661 2110 2711 homines
2130 2661 2274 2722 vult,
2313 2677 2541 2726 quorum
2575 2664 2721 2715 baud

1637 2733 1825 2796 pauci,
1868 2736 2016 2781 terra
2060 2731 2306 2797 quamvis
2355 2730 2571 2798 longius
2617 2732 2723 2796 (se-

448 2799 558 2862 sio)
598 2803 916 2865 capiuntur,
955 2806 1010 2851 et
1046 2801 1374 2852 condiuntur
1399 2804 1533 2853 etin

447 2871 635 2919 urbem
672 2870 832 2920 Cairo
871 2876 926 2921 et
963 2871 1017 2919 in
1039 2871 1251 2935 Syriam
1292 2872 1535 2937 aliasque

449 2944 623 2988 terras
682 2943 1054 3004 exportantur.
1143 2940 1250 2991 Vid
1312 2941 1531 2992 Wiener

447 3007 668 3057 lahrbb.
705 3009 955 3058 LXXXI.
993 3024 1044 3072 p.
1085 3007 1170 3059 32.

512 3067 997 3141 ἀποδεικνύοιμεν
1022 3066 1095 3125 ἄν
1112 3109 1183 3116 -
1209 3069 1421 3143 χώρην]
1448 3080 1532 3128 De

447 3146 725 3211 participii
758 3162 862 3197 usu
892 3146 1079 3197 confer
1113 3147 1239 3208 vn,
1280 3147 1394 3197 118.
1433 3148 1530 3208 IX,

447 3215 533 3278 58,
572 3232 640 3267 ne
675 3216 851 3281 plura.
888 3246 957 3256 —-
994 3215 1101 3266 Pro
1139 3206 1251 3280 ἤδη
1289 3208 1394 3281 γάρ
1431 3230 1532 3279 σφι

446 3286 729 3337 Benedict.
767 3285 977 3337 mavult
1022 3286 1187 3335 scribi
1231 3279 1270 3350 ἤ
1304 3299 1391 3333 τοι
1428 3279 1534 3350 γάρ

448 3368 549 3419 σφι
589 3356 844 3421 (profecto
872 3354 1038 3420 enirn).
1112 3355 1219 3406 Sed
1265 3355 1389 3405 libri
1424 3370 1532 3405 non

444 3425 727 3477 addicunt.
759 3426 845 3476 Cf.
868 3426 1031 3474 etiam
1049 3425 1330 3490 Hartung:
1357 3424 1533 3475 Lehre

446 3494 497 3546 d.
529 3495 741 3549 Partik.
781 3496 828 3546 1.
867 3511 915 3560 p.
951 3493 1073 3545 243.
1145 3495 1251 3544 Pro
1287 3491 1533 3559 μηδεμιή

446 3579 566 3614 cum
618 3565 793 3616 Gaisf.
844 3564 1098 3627 rescripsi
1145 3562 1421 3628 μηδεμία,
1469 3568 1533 3613 ut

445 3633 594 3686 alibi.
644 3663 717 3673 —
757 3631 1223 3697 περιεργάζεσθαι
1267 3633 1528 3684 reddunt:

444 3719 605 3768 τωρωι
626 3719 795 3769 aqere,
833 3718 1168 3766 supervacua,
1203 3702 1345 3752 haud
1360 3719 1529 3754 neces·

443 3776 590 3823 saria
626 3781 875 3822 tractare.
949 3772 1107 3822 Conf.
1147 3772 1252 3835 111,
1291 3774 1360 3824 46
1381 3777 1437 3822 et
1466 3772 1532 3821 de

442 3840 564 3904 ipsa
599 3857 658 3891 re
702 3842 780 3903 ΙΙ,
820 3842 872 3891 5.
955 3841 1039 3891 Ad
1087 3841 1312 3892 sormam
1361 3842 1433 3892 cf.
1481 3842 1528 3904 Ι,

445 3909 546 3960 186
581 3909 766 3974 ibique
802 3913 942 3959 nott.

511 3971 761 4035 πολλοὺς
819 3971 924 4041 μὲν
968 3970 1105 4036 τοὺς
1147 3970 1525 4043 ὑπολειπομέ-

442 4060 581 4103 νους
629 4061 681 4094 κ.
732 4062 779 4095 τ.
831 4044 904 4110 λ.]
969 4041 1029 4097 οἷ
1079 4037 1526 4112 ὑπολειπόμενοι

441 4120 585 4177 sunt,
624 4115 718 4181 qui
751 4114 996 4179 pristinis
1020 4117 1076 4166 in
1113 4117 1331 4167 sedibus
1357 4133 1527 4167 rema-

440 4190 600 4247 nent,
647 4190 794 4235 terra
830 4184 1075 4248 quamvis
1114 4192 1278 4237 aucta
1315 4191 1370 4237 et
1405 4203 1527 4252 pro-

439 4260 605 4316 mota;
627 4244 1267 4319 οῖῦποκαταβαίνοντες,
1289 4255 1381 4322 qui
1395 4271 1528 4320 pau-

439 4324 594 4376 latim
633 4323 691 4374 in
734 4321 1017 4373 inferiores
1067 4322 1401 4375 descendunt
1448 4340 1529 4375 re-

1636 2802 1999 2867 ptentrionem
2035 2802 2248 2864 versus)
2296 2809 2722 2867 promoveretur,

1636 2873 1692 2921 in
1745 2871 2015 2937 prioribus
2074 2870 2293 2921 sedibus
2350 2873 2724 2936 remanserint,

1637 2941 1732 2990 alii
1777 2943 1834 2990 in
1880 2940 2020 2990 hanc
2063 2941 2241 3004 ipsam
2286 2944 2485 2991 terram
2533 2958 2724 2993 recens

1636 3011 1921 3075 adgestsm
1947 3010 2149 3059 sensim
2177 3011 2485 3075 sensimque
2506 3011 2726 3063 descen-

1637 3080 1832 3130 derint.
1905 3081 1990 3129 De
2033 3080 2725 3143 iunctura.particularum

1639 3138 1771 3198 οὔτε
1802 3179 1872 3188 -
1904 3163 1962 3196 τε
1999 3149 2073 3199 cf.
2110 3153 2251 3199 nott.
2296 3148 2366 3198 ad
2400 3150 2499 3212 VI,
2537 3152 2586 3201 1.
2626 3153 2722 3212 IV,

1638 3219 1725 3269 94.
1762 3219 1830 3280 V,
1865 3217 1951 3268 49.
2027 3217 2252 3282 caligit
2284 3223 2469 3269 autem
2518 3235 2585 3271 ex
2618 3221 2723 3272 hoc

1636 3286 1758 3336 loco
1799 3291 1854 3337 et
1899 3302 2051 3351 seqq.
2088 3288 2323 3339 Heeren.
2387 3287 2579 3351 (Ideen
2614 3296 2722 3342 etc.

1637 3357 1729 3417 11,
1776 3359 1828 3408 2.
1874 3372 1927 3421 p.
1981 3356 2080 3407 100
2128 3355 2251 3406 coll.
2305 3357 2450 3422 326),
2504 3359 2724 3410 Thebas

1636 3443 1681 3476 s.
1720 3426 2052 3491 superiorem
2088 3426 2395 3491 Aegyptum
2446 3430 2592 3492 prius
2642 3430 2725 3480 fu-

1635 3496 1743 3545 isse
1769 3495 1995 3552 cultam.
2037 3510 2101 3545 ex
2141 3510 2248 3559 qua
2277 3497 2449 3546 omnis
2475 3498 2723 3549 cultioris

1635 3565 1784 3614 vitae
1838 3564 2046 3614 semina
2091 3579 2188 3629 per
2234 3566 2498 3630 reliquam
2541 3570 2723 3634 Aegy-

1634 3639 1784 3698 ptum
1811 3649 2004 3698 sparsa
2030 3633 2250 3684 fuerint.
2317 3635 2563 3696 Quocum
2594 3653 2720 3688 con-

1634 3704 1810 3764 venit,
1874 3704 2017 3769 quod
2073 3707 2215 3753 teste
2269 3703 2511 3756 Diodoro
2559 3707 2604 3768 Ι,
2652 3709 2721 3758 50

1635 3772 1883 3822 Thebani
1930 3787 1989 3823 se
2025 3772 2261 3822 omnium
2309 3774 2720 3839 antiquissimos

1634 3857 1753 3892 esse
1782 3841 2194 3907 praedicabant.

1701 3904 1766 3960 τὸ
1804 3902 1864 3960 δ’
1905 3899 1987 3960 ὧν
2021 3903 2193 3959 πάλαι
2224 3903 2290 3959 αῖ
2324 3907 2511 3977 Θῆβαι
2549 3909 2717 3977 Αἴγυ-

1631 3995 1773 4038 πτος
1819 3970 2096 4043 ἐκαλέετο]
2135 3980 2282 4030 Male
2328 3979 2455 4029 libri
2503 3981 2720 4047 quidam

1631 4040 1952 4098 ἐκαλέοντο.
1979 4051 2065 4100 Tu
2086 4048 2199 4098 vid.
2227 4048 2483 4099 Kuehner
2506 4051 2599 4101 Gr.
2626 4053 2718 4102 Gr.

1631 4122 1682 4181 §-
1722 4119 1844 4171 429.
1878 4145 1944 4155 —
1977 4118 2240 4168 Herodoti
2282 4120 2608 4170 sententiam
2644 4121 2722 4171 di-

1631 4193 1775 4238 serte
1820 4203 1879 4237 re
1918 4189 2017 4238 etit
2061 4187 2388 4238 Aristoteles
2433 4189 2719 4241 Meteon-01.

1628 4256 1673 4306 I.
1713 4258 1802 4309 14:
1840 4272 1870 4305 τ
1942 4247 2188 4321 ἀρχαῖον
2222 4246 2258 4321 ἡ
2287 4254 2577 4320 Αἴγυπτος
2605 4256 2717 4324 Θῆ-

1629 4321 1724 4390 βαι
1768 4319 2168 4392 καλεούμεναι,
2220 4326 2367 4377 unde
2411 4325 2718 4393 Cobetium‚
