3109 5092
1063 338 1560 399 EUTERPE.
1608 339 1694 399 11.
1744 349 1864 401 100.

2487 340 2609 399 645

338 519 510 599 βλου
536 505 765 580 ἄλλων
791 510 1127 596 βασιλέων
1168 516 1574 602 τριηκοσίων
1607 538 1677 580 τε
1708 513 1821 582 καὶ
1849 511 2207 602 τριήκοντα
2248 507 2607 601 οὐνόματα.

338 727 490 763 seras
532 725 746 771 sacras,
800 710 968 773 ritus,
1015 710 1424 778 disciplinarum

337 785 630 847 praecepta
647 794 922 830 sacrarum
937 782 1239 846 perscripta
1253 783 1424 832 fuisse

337 853 394 901 in
429 850 539 899 illis
577 848 974 912 voluminibus,
1021 866 1208 901 verum
1256 853 1422 902 etiam

336 920 627 981 historias,
666 924 723 968 et
745 934 842 983 pro
872 920 1136 970 annalibus
1167 937 1420 987 magnam

337 995 547 1056 partem
585 988 838 1038 habenda
873 1005 993 1039 esse
1030 1005 1122 1049 ea,
1158 1005 1294 1054 quae
1329 1007 1423 1056 pa-

338 1061 458 1126 pyri
493 1058 620 1108 illae
643 1057 967 1109 habuerunt.
1025 1059 1160 1109 Inde
1182 1059 1422 1124 proclive

345 1136 429 1180 est
452 1128 522 1178 ad
556 1126 991 1191 intelligendum,
1027 1143 1124 1177 cur
1147 1130 1422 1180 Diodorus

337 1200 384 1261 1,
422 1197 491 1250 53
538 1211 625 1246 res
667 1196 990 1247 Sesostridis
1037 1199 1258 1249 uberius
1304 1215 1423 1264 per·

338 1276 559 1318 secutus
583 1266 675 1329 sit,
708 1266 925 1316 brevius
950 1267 1282 1319 Herodotus.
1329 1269 1423 1320 Ni-

227 1334 236 1341 ”
339 1338 532 1389 mirum
569 1337 617 1387 si
647 1339 888 1399 statuas,
934 1352 964 1385 e
1001 1337 1294 1388 maioribus
1331 1354 1423 1388 vo-

336 1405 631 1458 luminibus
654 1404 850 1455 hausta
873 1420 991 1455 esse
1010 1421 1093 1469 ea,
1131 1422 1272 1472 quae
1295 1408 1425 1458 Dio·

342 1477 506 1528 dorus
528 1474 876 1526 memorando
902 1476 1215 1539 audiverat,
1253 1492 1284 1527 e
1309 1477 1426 1527 bre·

341 1545 582 1596 vioribus
611 1548 791 1594 autem
812 1543 1082 1607 lectitata,
1113 1561 1253 1609 quae
1278 1545 1425 1611 apud

338 1613 676 1667 Herodotum
701 1612 874 1664 relata
899 1619 1053 1663 sunt:
1087 1614 1285 1665 debent
1304 1631 1425 1680 pro-

339 1684 464 1735 inde
499 1682 782 1747 utriusque
826 1686 1169 1734 narrationes
1218 1685 1426 1735 censeri

341 1771 369 1805 e
383 1753 491 1804 fide
508 1755 757 1802 annalium
767 1753 1172 1805 sacerdotalium.
1217 1753 1427 1804 Deinde

338 1838 479 1890 quae
513 1822 695 1874 verbis
731 1827 952 1873 narrata
987 1823 1244 1886 leguntur
1278 1823 1425 1888 apud

337 1898 627 1958 utrumqne
656 1893 1003 1956 scriptorem,
1055 1892 1242 1943 eadem
1278 1908 1425 1958 pror-

339 1978 452 2025 sus,
484 1961 571 2012 vel
599 1977 664 2011 ex
687 1966 843 2026 parte
868 1956 1027 2011 valde
1050 1962 1269 2024 similia,
1294 1976 1424 2013 ana·

339 2031 543 2099 glypha
578 2030 833 2082 exhibent
865 2032 922 2080 in
956 2032 1257 2095 parietibus
1291 2036 1428 2081 tem·-

338 2103 550 2168 plorum
616 2099 1052 2166 palatiorumque
1125 2099 1425 2165 exsculpta.

340 2172 462 2235 Quo
483 2186 549 2221 ea
570 2170 872 2234 pertinent,
911 2185 1051 2235 quae
1080 2170 1136 2219 in
1161 2171 1284 2220 vico
1309 2169 1426 2219 Me-

341 2240 606 2291 dinatabu
648 2238 900 2289 visuntur
947 2241 1239 2305 aeneisque
1273 2239 1428 2289 tabu-

339 2310 410 2360 lis
438 2308 650 2359 reddita
676 2311 896 2358 exstant
914 2308 969 2357 in
993 2323 1154 2374 opere
1180 2308 1423 2358 laudato.

340 2380 424 2431 Ad
454 2394 520 2429 ea
546 2377 692 2429 conf.
729 2392 870 2442 quae
905 2378 1106 2428 ibidem
1137 2381 1426 2428 monentur

340 2450 412 2500 ab
429 2447 727 2498 editoribus
763 2446 872 2497 vol.
913 2448 989 2498 11.
1027 2462 1149 2512 cap.
1188 2447 1240 2497 9.
1284 2450 1420 2496 sect.

345 2520 394 2569 1.
430 2533 484 2582 p.
532 2516 601 2568 60
650 2531 799 2581 seqq.
867 2516 1020 2577 Quae
1063 2516 1286 2566 tabulae
1333 2515 1422 2565 ad-

339 2585 610 2637 hibendae
666 2590 794 2635 sunt
844 2585 1123 2635 Herodoto
1171 2586 1250 2636 11.
1300 2601 1422 2649 cap.

345 2657 443 2708 102
481 2655 673 2720 seqq.“
741 2653 892 2704 Idem
937 2659 1131 2719 postea
1176 2655 1230 2702 in
1268 2654 1424 2718 Sym·

340 2725 451 2776 bol.
501 2725 598 2775 IV.
643 2724 876 2789 praefat.
928 2739 1055 2789 pag.
1107 2723 1266 2773 VIII.
1305 2727 1420 2773 not.

343 2795 427 2844 ed.
466 2793 580 2844 sed.
617 2792 710 2854 (T.
753 2793 828 2842 ΙΙ.
878 2808 1004 2857 pag.
1041 2792 1145 2843 263
1181 2808 1296 2855 seq.
1334 2791 1421 2842 ed.

342 2862 493 2929 tert.)
541 2866 723 2912 monet
769 2862 1053 2926 Aegyptiis
1098 2861 1269 2911 fuisse
1304 2875 1424 2911 car-

343 2934 490 3002 mina
549 2932 703 2997 epica
757 2946 803 2980 s.
855 2931 1179 2981 traditiones
1238 2945 1428 2980 secun-

342 3004 468 3053 dum
482 3001 824 3052 sacerdotum
837 3001 1210 3051 successiones
1222 2999 1426 3050 etl-“ha-

255 3095 266 3101 ·
343 3087 566 3123 raonum
603 3070 887 3136 dynastiae
935 3070 1245 3132 ordinatas,
1290 3083 1426 3135 quas

341 3142 489 3207 ipsas
527 3140 807 3191 Herodoto
856 3154 924 3189 ex
969 3139 1056 3189 his
1107 3138 1427 3211 voluminibus

335 3213 644 3276 papyraceis
686 3207 1051 3274 praelegerint
1089 3210 1422 3260 sacerdotes.

342 3282 456 3331 Nec
492 3294 694 3329 meram
727 3278 1011 3328 historiam
1047 3278 1156 3329 illis
1201 3282 1423 3329 conten-

343 3354 453 3400 tam
477 3348 677 3411 fuisse,
714 3348 810 3398 sed
843 3348 1015 3397 multa
1033 3347 1143 3398 alia
1161 3348 1421 3399 admixta.

343 3417 653 3482 „Vielmehr
706 3432 889 3466 waren
943 3417 1091 3467 diese
1136 3416 1426 3482 episch·hi-

343 3486 648 3539 storischen
670 3484 1188 3551 Ueberlieferungen
1216 3484 1427 3535 vielfal-

343 3559 425 3622 tig
459 3557 559 3606 mit
597 3553 767 3617 jenen
807 3554 1100 3621 religiosen
1135 3555 1426 3619 Legenden

342 3625 655 3677 durchwebt
676 3625 785 3674 und
813 3624 1107 3689 gleichsam
1132 3625 1228 3673 mit
1255 3625 1428 3674 einem

344 3693 736 3761 allegorischen
803 3694 992 3744 Faden
1062 3693 1426 3759 durchzogen.

342 3766 509 3816 Nicht
541 3763 736 3815 anders
783 3778 900 3812 war
944 3779 1002 3814 es
1049 3763 1139 3813 bei
1192 3763 1296 3813 den
1341 3762 1430 3811 In-

347 3836 525 3896 diem,
561 3834 664 3883 wie
695 3834 978 3897 Ramayan
1021 3832 1132 3881 und
1169 3830 1428 3882 Mahaba-

346 3909 432 3953 rat
468 3903 688 3969 zeigen3
736 3902 888 3953 nicht
932 3901 1130 3952 anders
1165 3900 1305 3951 auch
1340 3900 1429 3949 bei

346 3973 451 4023 den
485 3971 751 4024 Griechen
783 3973 869 4021 bis
906 3987 972 4021 zu
1009 3971 1114 4021 den
1151 3968 1429 4020 Ueberlie·

346 4044 608 4107 ferungen
641 4057 750 4092 von
775 4041 880 4092 deu
907 4038 1428 4091 Herakliden-Wan-

346 4113 622 4177 derungen
670 4110 896 4161 herab.“
948 4140 1017 4152 -—
1066 4110 1158 4160 Sic
1213 4123 1429 4174 quoque

346 4180 670 4232 Saalschiitz
708 4180 847 4244 (Zur
882 4179 1067 4228 Kritik
1099 4176 1426 4227 Manetho’s.

345 4251 711 4315 Konigsberg.
754 4250 907 4301 1851.
954 4265 1008 4313 p.
1049 4248 1072 4297 1
1110 4246 1248 4313 seq.)
1285 4246 1428 4295 hunc

344 4319 560 4381 librum,
604 4334 762 4384 quem
796 4321 998 4370 Noster
1031 4317 1087 4367 h.
1124 4315 1162 4366 l.
1203 4330 1430 4366 comme-

345 4393 553 4451 morat,
591 4404 701 4443 non
727 4393 843 4441 tam
879 4388 950 4441 ad
984 4386 1263 4439 historiam
1312 4400 1428 4453 per-

1524 714 1757 764 tinuisse
1786 717 1961 778 putat,
1999 713 2094 764 sed
2121 713 2191 763 ad
2219 712 2407 778 templi
2439 717 2494 763 et
2525 729 2610 764 sa-

1524 800 1739 834 crorum
1790 799 1908 844 res,
1947 799 2067 832 cum
2107 784 2479 848 unusquisque
2515 798 2612 833 rex

1524 868 1719 903 munus
1767 853 2058 917 auspicans
2113 852 2271 901 initia
2314 852 2470 917 qnasi
2522 866 2611 902 ac-

1525 924 1732 987 ceperit
1766 924 1823 972 in
1860 921 2060 987 templo
2093 920 2324 986 indeque
2348 925 2609 986 tanquam

1525 992 1781 1042 sacerdos
1810 994 1865 1041 in
1886 991 2029 1041 hunc
2064 990 2260 1040 librum
2285 1005 2499 1040 sacrum
2531 1006 2612 1041 re·

1523 1062 1668 1111 latus
1706 1061 1886 1111 fuerit.
1939 1060 2206 1126 Equidem
2229 1059 2424 1109 librum
2448 1059 2609 1122 hunc,

1523 1148 1591 1181 ex
1629 1147 1736 1196 quo
1768 1130 1987 1180 nomina
2023 1135 2078 1179 et
2123 1130 2495 1179 successiones
2530 1145 2611 1179 re-

1525 1216 1653 1264 gum
1701 1198 1984 1250 Herodoto
2032 1197 2394 1263 praelegerint
2431 1213 2609 1248 sacer·

1525 1270 1708 1331 dotes,
1749 1284 1859 1319 non
1892 1273 2006 1319 tam
2036 1269 2277 1319 carmina
2298 1283 2492 1332 resque
2524 1282 2612 1317 sa-

1526 1354 1649 1389 cras
1698 1338 2031 1389 continuisse
2078 1338 2326 1399 credam,
2376 1337 2473 1387 sed
2521 1352 2604 1387 eo-

1526 1424 1643 1458 rum
1687 1423 1752 1457 ex
1798 1422 1997 1472 genere
2042 1407 2240 1467 fuisse,
2290 1407 2381 1471 qui
2429 1406 2613 1471 sing-u·

1525 1478 1700 1528 lorum
1725 1492 1915 1542 regum
1953 1476 2173 1527 nomina
2201 1490 2393 1541 resque
2424 1481 2611 1540 gestas

1529 1547 1718 1598 ordine
1752 1545 2137 1612 chronologico
2165 1560 2199 1595 a
2235 1545 2611 1596 sacerdotibus

1526 1621 1748 1666 notatas
1784 1616 2151 1665 continuerint
2185 1614 2418 1679 indeque
2446 1629 2611 1663 anna-

1526 1684 1606 1736 les
1624 1685 1749 1735 libri
1780 1686 1897 1735 iure
1918 1685 2106 1735 vocari
2137 1689 2364 1750 queant,
2405 1683 2474 1733 de
2496 1683 2614 1748 qui-

1527 1756 1629 1805 bus
1650 1754 1801 1804 libris
1828 1753 1985 1818 plura
2007 1753 2280 1804 Diodorus
2314 1753 2360 1813 1,
2389 1754 2458 1802 44
2485 1751 2609 1802 coll.

1527 1825 1678 1886 XVI,
1716 1824 1811 1873 51:
1846 1838 2021 1888 neque
2058 1822 2310 1883 dubium,
2346 1821 2472 1871 inde
2512 1821 2610 1871 du-

1527 1897 1648 1944 ctos
1697 1908 1817 1942 esse
1863 1891 2071 1942 indices
2111 1890 2234 1940 illos
2279 1898 2467 1955 regum
2510 1889 2612 1940 Ae·

1528 1961 1838 2027 gyptiorum
1872 1960 2217 2011 Manethonis
2264 1974 2396 2009 cura
2430 1974 2610 2009 serva-

1527 2038 1642 2082 tos:
1694 2034 1884 2080 nostra
1920 2046 2049 2080 vero
2094 2034 2275 2079 aetate
2319 2029 2478 2093 plura
2510 2029 2610 2079 hu-

1529 2100 1828 2151 iuscemodi
1844 2099 2121 2149 volumina
2133 2113 2458 2164 papyracea‚
2471 2113 2612 2162 quae

1529 2176 1586 2220 et
1625 2169 1844 2220 nomina
1899 2174 1955 2219 et
2003 2169 2378 2219 successiones
2425 2183 2611 2234 regum

1526 2238 1861 2304 singulorum
1898 2238 2143 2303 adeoque
2175 2253 2262 2288 res
2296 2237 2366 2287 ab
2398 2237 2484 2289 his
2521 2252 2613 2302 ge-

1528 2315 1645 2359 stas
1675 2307 1983 2370 declarant,
2026 2313 2182 2358 eruta
2209 2310 2376 2372 atque
2410 2306 2468 2356 in
2500 2308 2613 2356 Eu-

1528 2393 1740 2443 ropam.
1766 2376 1953 2428 delata
2006 2393 2128 2428 esse
2180 2377 2316 2426 satis
2371 2380 2610 2437 constat,

1527 2449 1670 2498 inter
1706 2462 1847 2512 quae
1875 2448 2151 2511 egregium
2177 2445 2309 2496 illud
2338 2444 2617 2506 volumen,

1526 2516 1670 2582 qnod
1692 2516 1920 2566 Taurini
1946 2531 2091 2566 nunc
2113 2520 2444 2575 asservatur,
2471 2529 2613 2564 com-

1527 2600 1857 2636 memorasse
1885 2584 2154 2645 susficiat,
2193 2585 2431 2649 itemque
2464 2583 2612 2633 Lon-

1527 2654 1802 2715 dinensia,
1843 2654 1910 2703 de
1947 2654 2143 2718 quibus
2180 2652 2325 2703 cons.
2389 2651 2506 2701 The
2534 2651 2612 2699 hi-

1524 2721 1749 2773 storical
1788 2723 1980 2788 papyri
2021 2722 2083 2771 of
2119 2720 2213 2771 the
2253 2720 2451 2771 british
2496 2719 2613 2769 Mu-

1529 2807 1713 2853 scam,
1771 2791 1947 2841 Lond.
2001 2791 2129 2842 1841
2181 2806 2316 2855 seq„
2362 2790 2608 2838 Bunsen:

1527 2864 1843 2926 Aegyptens
1881 2859 2048 2912 Stelle
2073 2865 2178 2910 etc.
2215 2860 2260 2908 Ι.
2300 2875 2352 2924 p.
2390 2858 2458 2908 26
2495 2873 2611 2922 seq.

1527 2931 1597 2983 60
1634 2945 1784 2995 seqq.
1822 2931 1889 2982 82
1929 2944 2100 2996 seqq„
2140 2928 2400 2993 Lepsius:
2447 2926 2612 2977 Chro-

1528 2999 1639 3051 nol.
1694 3001 1746 3050 d.
1794 3002 2030 3065 Aegypt.
2075 3000 2122 3050 Ι.
2172 3015 2229 3064 p.
2276 2998 2344 3049 38
2391 3013 2502 3062 seq.
2546 2997 2616 3048 50

1526 3086 1587 3121 se
1668 3106 1681 3118 .

1589 3084 1781 3188 Zffzmv
1801 3134 1959 3205 βασιλ
1972 3135 2052 3186 έω
2067 3152 2101 3185 ν
2122 3134 2465 3200 τριηκοσίων
2484 3151 2535 3184 κ.
2563 3150 2611 3185 τ.

1524 3207 1600 3273 L]
1625 3204 1920 3274 βασιλέων
1936 3222 2057 3257 cum
2081 3211 2309 3255 recentt.
2335 3205 2459 3255 edd.
2486 3203 2616 3255 scri-

1526 3279 1613 3343 psi
1671 3294 1766 3342 pro
1828 3267 2151 3341 βασιλήων.
2234 3276 2299 3325 In
2345 3276 2464 3338 ipso
2518 3289 2616 3323 nu-

1525 3363 1676 3398 mero
1725 3350 2091 3396 trecentorum
2147 3344 2379 3407 triginta
2427 3356 2613 3406 regum

1526 3416 1671 3467 haud
1697 3416 1857 3480 plane
1893 3412 2167 3464 consentit
2190 3411 2482 3471 Diodoru8‚
2521 3408 2615 3473 qui

1526 3486 1769 3550 potiores
1824 3487 2038 3532 tantum
2088 3495 2245 3545 reges
2297 3493 2615 3529 commemo-

1526 3569 1680 3603 rasse
1716 3552 1953 3603 videtur.
2024 3548 2149 3598 vid.
2190 3548 2235 3611 Ι,
2281 3550 2368 3599 45.
2418 3547 2504 3595 47.
2545 3546 2615 3595 50

1530 3638 1683 3687 seqq.
1756 3622 1946 3684 Neque
1992 3618 2376 3668 Manethonem
2432 3614 2616 3665 admo-

1530 3692 1654 3743 dum
1704 3706 1738 3740 a
1785 3690 1988 3740 Nostro
2036 3686 2327 3735 dissentire
2385 3683 2615 3748 probare

1530 3759 1742 3811 studuit
1773 3759 2005 3809 Heeren.
2052 3754 2219 3805 Ideen
2265 3755 2342 3815 11,
2386 3755 2437 3804 2.
2486 3768 2613 3819 pag.

1529 3831 1632 3880 427
1672 3844 1788 3892 seq.
1851 3828 2005 3889 Quae
2040 3824 2182 3873 enim
2220 3839 2253 3873 a
2288 3823 2616 3874 Manethone

1530 3898 1643 3963 (ap.
1683 3894 1920 3962 Syncell.
1960 3908 2087 3959 pag.
2127 3895 2193 3944 52
2219 3893 2397 3958 seqq.)
2432 3908 2616 3943 recen-

1529 3972 1718 4017 sentur
1740 3963 2123 4029 septemdecim
2147 3978 2333 4028 regum
2356 3961 2616 4025 familiae,

1531 4037 1742 4101 ipsique
1790 4048 1946 4098 reges
1995 4032 2215 4082 ducenti
2263 4032 2616 4097 septuaginta

1532 4121 1655 4167 sex,
1723 4103 2048 4154 convenient
2105 4117 2226 4152 cum
2286 4101 2614 4152 Herodoteis

1529 4174 1789 4225 trecentis
1822 4171 2078 4237 triginta,
2114 4172 2161 4221 si
2197 4170 2423 4220 duarum
2460 4170 2615 4220 fami·

1527 4243 1750 4304 liarnm,
1800 4246 1988 4292 sextae
2033 4256 2098 4293 ac
2145 4240 2412 4302 decimae,
2458 4254 2614 4305 reges

1528 4312 1677 4365 haud
1701 4311 1927 4362 indicari
1952 4311 2096 4376 apud
2122 4310 2505 4360 Manethonem
2536 4323 2615 4357 re-

1531 4382 1833 4449 putaveris.
1920 4380 2087 4445 Atqui
2134 4379 2418 4447 utriusque
2463 4377 2616 4429 fami·
