3109 5092
375 368 382 374 ,
432 295 556 360 486

1301 289 1847 354 HERODOTI

431 476 641 561 νῆσον
669 467 1008 557 περιρῤέει
1035 460 1072 535 ὁ
1101 473 1380 543 Νεῖλος·
1439 460 1768 552 Ταχομψὼ
1803 458 2060 551 οὔνομα
2099 458 2271 552 αὐτῇ
2298 455 2460 529 ἐστι’.
2530 462 2710 529 οἰκέ-

431 594 584 644 ουσι
615 573 690 642 δὲ
717 569 798 641 τὰ
824 568 957 640 ἀπὸ
980 567 1455 658 Ἐλεφαντίνης
1493 564 1636 636 ἅνω
1667 572 2001 646 Αἰθίοπες
2039 562 2168 653 ἤδη
2201 564 2312 633 καὶ
2352 568 2468 652 τῆς
2499 562 2712 652 νήσου

506 729 798 802 Ταχομψώ
827 725 1049 799 οὔνομα
1076 724 1223 800 αὐτῇ
1248 722 1387 799 ἐστι’]
1419 732 1520 782 Τα-

430 809 658 872 chompso
700 823 734 857 a
781 806 1057 871 Stephano
1092 805 1327 868 Byzant.
1377 818 1423 852 s.
1462 818 1516 852 v-

429 894 526 946 pro
566 893 597 928 e
655 876 843 928 Philas
903 890 1023 926 esse
1087 872 1315 934 dicitur,
1382 887 1520 938 quae

428 949 534 999 Pto
559 961 745 997 emaeo
783 949 1007 995 auctore
1043 942 1216 1007 magis
1256 941 1328 990 ad
1364 941 1521 990 meri-

432 1017 576 1067 diem
615 1031 650 1066 a
684 1015 856 1066 Philis
884 1016 994 1064 sita
1031 1016 1168 1063 erat.
1242 1011 1398 1073 Sunt,
1428 1010 1521 1076 qui

429 1085 669 1136 insulam
703 1083 1002 1149 appellent3
1041 1087 1168 1131 sunt
1203 1081 1297 1145 qui
1332 1080 1521 1130 urbem

428 1159 656 1216 vocent,
696 1169 834 1218 quae
853 1154 1219 1202 Romanorum
1238 1153 1422 1199 aetate
1450 1148 1520 1199 ad

429 1224 705 1289 reg-ionem
724 1222 935 1272 nomine
956 1219 1402 1271 Dodecaschoeni
1425 1234 1522 1268 no·

431 1300 544 1342 tam
561 1291 901 1358 pertinuerit.
960 1290 1068 1339 Sed
1097 1289 1219 1353 ipsa
1244 1288 1374 1338 urbs
1396 1292 1521 1352 post

432 1361 677 1422 deserta,
717 1375 877 1424 quam
915 1358 1213 1421 Aethiopes
1254 1356 1416 1406 aliam
1454 1372 1520 1406 ex

429 1430 579 1481 illius
631 1430 853 1494 regione
905 1426 1276 1477 condiderant.
1361 1426 1519 1475 Nunc

428 1500 551 1550 loco
608 1513 802 1549 nomen
856 1511 978 1546 esse
1021 1496 1198 1546 Der-ar
1244 1495 1518 1544 Mannert.

431 1567 585 1633 ponit
619 1566 658 1617 l.
691 1567 730 1617 l.
766 1567 835 1629 X,
866 1567 912 1615 1.
947 1582 1002 1630 p.
1039 1564 1160 1616 231.
1234 1563 1344 1615 Sed
1378 1564 1519 1614 Hee-

430 1652 545 1687 ren.
596 1634 784 1699 (Ideen
835 1639 943 1685 etc.
996 1634 1070 1694 ΙΙ,
1121 1634 1168 1684 l.
1217 1648 1342 1698 pag.
1389 1632 1515 1697 359)

430 1704 661 1771 intelligi
718 1719 878 1770 posse
929 1703 1228 1753 arbitratur
1286 1700 1518 1751 insulam

430 1773 748 1837 Calapcselee,
776 1773 864 1822 vel
881 1772 1046 1822 aliam
1066 1770 1355 1836 quandam,
1379 1787 1519 1837 quae

433 1848 663 1910 quatuor
700 1841 956 1892 milliaria
982 1841 1209 1892 ulterius
1232 1856 1262 1890 e
1297 1841 1516 1905 regione

428 1913 540 1963 vici
575 1911 836 1964 Girscheh
870 1911 978 1962 sita
1014 1911 1112 1970 sit;
1159 1925 1287 1959 nam
1330 1910 1387 1958 in
1424 1909 1517 1958 illa

430 1981 607 2032 insula
633 1980 1071 2045 splendidissima
1099 1982 1155 2028 et
1185 1978 1518 2044 amplissima

430 2049 751 2115 templorum
792 2049 988 2098 rudera
1024 2048 1344 2097 recentioris
1374 2052 1520 2097 aeta-

432 2119 503 2169 tis
538 2118 969 2183 peregrinatores
1008 2116 1344 2176 detexerunt,
1382 2132 1517 2181 quos

432 2187 648 2238 eosdem
694 2192 910 2236 secutus
960 2186 1167 2235 Ritter:
1215 2184 1515 2235 Erdkunde

430 2258 476 2305 Ι.
516 2273 571 2320 p.
610 2255 712 2305 645
750 2269 901 2319 seqq.
935 2253 1089 2318 plura
1127 2253 1389 2318 disputat.
1452 2255 1517 2303 In

431 2324 702 2389 Aegyptio
754 2324 966 2373 insulae
1011 2322 1227 2372 nomine
1284 2321 1516 2372 Tachem-

425 2394 556 2456 psalt
577 2410 619 2444 s.
660 2392 949 2443 Tachimsalz
974 2392 1181 2441 invenit
1210 2390 1511 2456 Champoll.

430 2462 693 2529 (l'Egypt.
744 2478 871 2512 sous
920 2462 956 2511 l.
996 2461 1157 2511 Phar.
1210 2461 1256 2512 1.
1307 2477 1361 2525 p.
1414 2462 1512 2510 152

428 2533 569 2597 seq.)
609 2531 1066 2597 significationem
1098 2532 1225 2590 loci,
1279 2531 1365 2580 ubi
1396 2538 1514 2580 sunt

427 2604 563 2652 multi
584 2601 843 2662 crocodili,
883 2617 1003 2651 cum
1032 2599 1221 2650 Amsalz
1252 2599 1513 2649 crocodili

428 2671 501 2721 sit
537 2686 762 2732 nomen,
801 2671 866 2721 de
905 2685 1009 2735 quo
1051 2669 1121 2719 cf.
1158 2673 1299 2719 nott.
1327 2668 1398 2718 ad
1435 2669 1510 2731 11,

428 2739 516 2791 69.
589 2738 747 2802 Quod
782 2739 925 2789 idem
960 2747 1126 2789 antea
1150 2743 1409 2804 posuerat
1427 2738 1514 2788 Io-

427 2808 645 2859 mardus
681 2808 904 2859 Recueil
940 2812 1046 2858 etc.
1074 2808 1123 2858 1.
1151 2823 1278 2872 pag.
1303 2807 1393 2869 92,
1419 2807 1514 2857 ubi

426 2879 580 2926 varia
615 2878 834 2927 nomina
871 2877 1083 2942 attigit,
1135 2877 1329 2941 quibus
1368 2875 1514 2942 apud

427 2951 639 2996 veteres
673 2945 810 2995 haec
842 2945 1025 2995 insula
1059 2946 1397 3009 designatur.

497 3008 749 3063 οἰκέουσι
777 3008 840 3062 δὲ
866 3006 936 3062 τὰ
964 3004 1078 3062 ἀπὸ
1101 3006 1512 3077 Ἐλεφαντίνης

424 3072 546 3131 ἄνω
595 3098 646 3131 κ.
693 3098 739 3130 τ.
789 3080 860 3147 L]
914 3081 1219 3147 Adscripsit
1270 3083 1356 3132 Gr.
1401 3084 1510 3133 Eu-

428 3151 617 3203 stathii
663 3150 844 3201 locum
900 3150 970 3201 ad
1021 3150 1220 3215 Odyss.
1273 3152 1370 3215 IV,
1418 3151 1507 3202 84.

426 3239 476 3285 p.
522 3220 615 3272 151
655 3220 781 3270 infr.
821 3224 878 3270 et
917 3221 1016 3271 152
1054 3235 1202 3286 supr.
1228 3222 1357 3271 Bas.
1408 3222 1509 3271 Est

426 3295 609 3341 autem
644 3290 879 3356 insignis
906 3289 997 3339 hic
1030 3289 1201 3352 locus,
1241 3291 1288 3338 si
1315 3289 1382 3340 de
1410 3290 1510 3339 Ae-

424 3360 736 3427 gyptiorum
755 3364 1001 3410 veterum
1023 3359 1325 3425 originibus
1350 3374 1512 3424 quae-

423 3445 542 3488 ras,
578 3444 714 3496 quas
752 3444 818 3479 ex
852 3428 1145 3493 Aethiopia
1185 3429 1510 3494 repetendas

424 3515 545 3549 esse
566 3499 781 3550 volunt.
822 3499 945 3560 Qua
974 3498 1041 3549 de
1064 3513 1140 3560 re,
1167 3504 1410 3549 nostrum
1434 3498 1511 3548 lo-

423 3585 546 3619 cum
571 3569 888 3633 respiciens,
917 3568 1053 3618 haec
1072 3569 1295 3633 scripsit
1315 3569 1507 3618 Creuz.

422 3640 478 3687 in
491 3639 816 3689 Commentt.
829 3638 1073 3688 Herodd.
1090 3639 1137 3688 Ι.
1153 3653 1207 3702 p.
1228 3637 1326 3688 180
1337 3653 1508 3702 seqq.:

422 3708 741 3770 „Historiae
753 3713 907 3772 pater
918 3706 1151 3757 insulam
1164 3707 1509 3771 Tachempso

421 3778 619 3840 partim
655 3777 726 3826 ab
761 3777 1149 3842 Aethiopibus,
1201 3776 1400 3841 partim
1438 3776 1506 3825 ab

420 3845 706 3908 Aegyptiis
721 3845 961 3895 habitari
975 3846 1172 3910 prodit.
1194 3845 1353 3907 Quod
1365 3845 1508 3894 idem

420 3913 476 3962 in
512 3912 846 3964 Philensium
879 3914 1061 3964 insula
1095 3914 1272 3965 locum
1306 3914 1510 3964 habere

420 3980 555 4030 dicit
589 3981 818 4045 Strabo,
852 3998 1081 4047 quocum
1119 3985 1337 4049 egregie
1373 3984 1510 4033 facit

418 4048 766 4100 Heliodorus.
860 4051 977 4101 Iam
1031 4052 1368 4117 Ohampollio
1420 4053 1500 4119 (p.

422 4115 548 4180 157)
601 4117 815 4168 elevare
882 4120 1067 4171 studet
1133 4122 1505 4172 testimonium

419 4185 733 4250 Strabonis,
782 4202 1010 4254 eamque
1042 4204 1378 4241 communem
1415 4191 1508 4241 ha-

418 4256 736 4306 bitationem
772 4255 875 4306 soli
910 4257 1123 4308 insulae
1166 4260 1506 4324 Tachempso

417 4325 713 4376 arbitratur
775 4326 1158 4377 reservandam
1177 4365 1190 4391 ‚
1252 4344 1375 4378 cum
1429 4335 1510 4380 ta·

1623 749 1745 783 men
1780 732 2093 783 Herodotus
2129 730 2328 781 ibidem
2356 729 2457 794 (11,
2492 727 2588 792 29)
2610 735 2711 779 ter-

1622 817 1735 852 ram
1773 817 1937 867 supra
1968 801 2372 866 Elephantinen
2405 800 2474 850 ab
2495 798 2713 849 Aethio-

1624 872 1784 938 pibus
1830 872 2065 921 habitari
2112 876 2168 920 et
2215 871 2336 935 ipse
2371 868 2708 934 profiteatur.

1626 942 1732 994 Sed
1769 946 1831 990 ut
1865 940 1934 990 ad
1966 941 2346 1005 antiquissima
2369 944 2613 1003 tempora
2632 953 2713 988 re·

1625 1012 1877 1073 deamus,
1915 1010 2110 1075 quibus
2133 1009 2299 1059 latius
2323 1013 2625 1073 porrectam
2654 1007 2711 1057 in

1625 1080 1901 1130 meridiem
1929 1081 2235 1145 Aegyptum
2255 1078 2391 1129 facit
2410 1076 2709 1127 Philostra-

1625 1155 1738 1211 tus;
1779 1150 1896 1214 ipse
1918 1148 2252 1212 Champollio
2294 1147 2363 1212 (1.
2392 1164 2445 1212 p.
2476 1148 2542 1197 57
2570 1146 2707 1211 seq.)

1624 1220 1740 1269 eius
1776 1219 1857 1268 rei
1894 1219 2134 1283 vestigia
2171 1216 2396 1269 offendit
2431 1217 2489 1265 in
2525 1230 2710 1266 recen·

1623 1289 1854 1338 tioribus
1892 1287 2213 1349 itinerariis,
2260 1287 2317 1336 in
2366 1285 2563 1351 quibus
2600 1301 2711 1335 mo-

1622 1362 2001 1407 numentorum
2060 1357 2448 1422 Aegyptiorum
2506 1354 2709 1405 mentio

1621 1427 1713 1490 fit,
1765 1440 1904 1491 quae
1947 1425 2112 1491 longe
2159 1441 2326 1490 supra
2356 1423 2544 1474 Philas
2589 1438 2707 1473 ver·

1623 1511 1717 1545 sus
1741 1495 2019 1544 meridiem
2045 1498 2363 1560 appareant.
2441 1494 2595 1557 Quae
2623 1508 2708 1542 res

1622 1566 1669 1613 si
1718 1564 2029 1615 accuratius
2081 1569 2135 1614 et
2182 1563 2251 1612 ad
2300 1569 2503 1613 certam
2548 1562 2707 1612 fidem

1619 1633 1883 1683 historiae
1930 1632 2265 1697 exploretur:
2313 1632 2528 1697 possint
2572 1630 2709 1680 indi-

1623 1702 1745 1754 dem
1805 1702 1976 1753 multa
2025 1702 2314 1767 explicari,
2371 1717 2512 1766 quae
2564 1716 2709 1750 nunc

1621 1772 1839 1837 quidem
1864 1787 1965 1823 nos
1985 1771 2274 1836 impeditos
2294 1775 2499 1821 tenent.
2537 1771 2708 1820 Nemo

1623 1842 1764 1891 enim
1799 1857 1908 1890 non
1932 1841 2112 1904 videt,
2153 1840 2387 1905 origines
2408 1840 2708 1905 Aegyptias

1623 1925 1915 1975 omnesque
1962 1926 2048 1960 res
2095 1910 2458 1960 vetustiorum
2506 1909 2710 1959 Phara-

1622 1994 1785 2029 onum
1818 1979 1957 2029 alias
1995 1995 2140 2040 esse,
2196 1980 2271 2041 si,
2318 1982 2445 2044 post
2482 1994 2710 2043 occupa-

1621 2052 1735 2098 tam
1783 2064 1817 2098 a
1863 2048 2056 2113 priscis
2104 2048 2218 2098 illic
2273 2047 2481 2098 colonis
2531 2048 2710 2112 Aegy-

1621 2121 1802 2182 ptum,
1847 2118 2174 2182 Aethiopum
2211 2132 2324 2180 res,
2377 2132 2506 2182 opes
2527 2154 2541 2180 ,
2578 2116 2709 2167 alia-

1621 2201 1724 2251 que
1761 2188 2007 2250 protinus
2046 2187 2296 2237 seiuncta
2323 2201 2548 2236 censeas
2573 2202 2606 2236 a
2628 2202 2709 2236 re-

1619 2256 1721 2305 bus
1781 2256 2121 2306 institutisve
2184 2256 2498 2321 Aegyptiis:
2569 2255 2708 2305 alias

1621 2328 1841 2386 contra,
1879 2326 1926 2375 si
1956 2324 2112 2390 plura
2145 2340 2241 2390 per
2276 2324 2497 2374 saecula
2531 2324 2707 2375 et-Ae-

1620 2393 1841 2459 gyptios
1887 2393 2130 2444 homines
2167 2397 2236 2456 ⁸et
2280 2393 2574 2459 Aethiopes
2620 2409 2708 2444 eoa-

1617 2462 1841 2512 rundem
1869 2478 2056 2528 regum
2086 2463 2306 2528 imperio
2330 2462 2577 2513 subditos
2599 2464 2707 2513 exi-

1618 2531 1833 2593 stimeS,
1895 2547 1961 2581 ac
2006 2538 2193 2582 mutuo
2244 2532 2482 2581 omnium
2529 2548 2705 2582 rerum

1618 2601 1940 2650 commercio
1974 2601 2118 2651 inter
2163 2616 2282 2651 sese
2322 2601 2704 2652 coniunctos.“

1616 2669 1683 2719 In
1727 2674 1860 2719 nota
1910 2670 2158 2720 subiecta
2213 2669 2356 2720 idem
2405 2671 2495 2722 Cr.
2547 2671 2705 2736 plura

1618 2743 1802 2789 monet
1832 2739 1899 2788 de
1925 2739 2281 2805 religionibus
2305 2740 2592 2805 utriusque
2614 2757 2707 2805 po·

1615 2807 1757 2872 puli,
1798 2824 1939 2872 quae
1976 2808 2023 2857 si
2054 2809 2355 2874 Aegyptios
2382 2808 2707 2874 Aethiopum

1615 2876 1837 2927 colonos
1896 2878 2047 2928 dicas
2103 2875 2208 2942 (uti
2261 2878 2488 2928 Diodor.
2535 2878 2703 2930 sicul.

1616 2946 1722 3008 111,
1764 2945 1839 3010 3),
1874 2962 1985 2997 non
2021 2951 2275 3011 poterant
2299 2947 2460 2998 valde
2494 2947 2705 2997 differre

1612 3016 1851 3081 itemque
1884 3022 2235 3066 monumenta
2270 3017 2536 3079 advocat,
2571 3021 2703 3066 tem-

1611 3083 1730 3149 pla,
1768 3084 1942 3146 idola,
1981 3085 2094 3135 alia
2118 3085 2175 3135 id
2197 3101 2401 3152 genus,
2440 3101 2579 3150 quae
2602 3087 2705 3135 Ae-

1612 3152 1818 3218 gyptiis
1866 3153 2025 3218 plane
2088 3160 2413 3219 congruunt.
2501 3156 2705 3206 Nostra

1613 3227 1797 3272 aetate
1831 3225 2034 3273 veteris
2060 3223 2383 3289 Aethiopiae
2418 3239 2463 3273 s.
2491 3225 2705 3275 Nubiae

1614 3297 1963 3343 monumenta
2010 3292 2332 3357 templorum
2373 3293 2604 3358 grandia
2651 3299 2705 3344 et

1613 3362 2078 3427 peregrinatorum
2136 3367 2192 3412 et
2245 3363 2514 3412 artificum
2575 3379 2707 3413 cura

1613 3432 1923 3481 accuratius
1973 3432 2197 3497 cognita
2243 3448 2363 3483 esse
2410 3432 2702 3483 laetamur:

1615 3506 1675 3550 tu
1726 3500 1840 3551 vid.
1896 3501 2143 3565 inprimis
2184 3500 2329 3552 Gau:
2383 3501 2701 3566 Antiquites

1614 3569 1681 3618 de
1718 3569 1774 3619 la
1810 3570 1990 3620 Nubie
2026 3571 2202 3620 Paris.
2245 3569 2378 3621 1822
2417 3571 2533 3633 sol„
2571 3571 2700 3633 alia,

1613 3654 1753 3702 quae
1802 3639 2111 3688 excitantur
2149 3640 2203 3688 in
2246 3639 2309 3691 C.
2346 3639 2412 3690 Ο.
2451 3640 2700 3690 Muelleri

1614 3708 1753 3758 libro
1807 3708 1872 3757 de
1911 3708 2272 3774 Archaeolog.
2323 3711 2372 3771 ἓ.
2410 3709 2533 3759 218.
2584 3715 2699 3761 not.

1614 3779 1664 3826 2.
1726 3777 1916 3841 Neque
1952 3778 2145 3842 negari
2181 3779 2412 3842 poterit,
2459 3778 2604 3828 inter
2639 3794 2705 3828 ea

1613 3851 1986 3909 monumenta,
2037 3861 2179 3911 quae
2222 3847 2531 3898 in-Nubiae
2566 3847 2701 3897 infe-

1616 3915 1774 3964 rioris
1813 3915 1882 3964 ad
1917 3915 2223 3981 Aegyptum
2273 3917 2516 3980 proxime
2550 3933 2703 3966 acce·

1614 3983 1793 4034 dentis
1809 3985 2056 4049 partibus
2086 3985 2312 4036 inventa
2338 3991 2496 4050 sunt,
2534 3991 2700 4051 atque

1607 4054 1729 4117 ipsa
1764 4054 2001 4119 Aegypti
2031 4060 2380 4105 monumenta
2411 4056 2700 4105 maximam

1610 4123 1946 4173 intercedere
1972 4123 2398 4186 similitudinem,
2427 4131 2489 4174 ut
2514 4125 2583 4175 ab
2608 4140 2700 4174 ea-

1609 4191 1732 4241 dem
1768 4198 1931 4256 gente
1965 4193 2265 4258 iisdemque
2302 4194 2475 4244 sacris
2512 4194 2699 4245 dedita

1608 4261 1861 4326 profecta
1896 4262 2217 4313 videantur:
2264 4263 2362 4313 sed
2392 4263 2449 4315 id
2484 4279 2698 4329 quoque

1611 4331 2015 4382 concedendum
2068 4333 2200 4396 erit,
2251 4333 2467 4384 Nubiae
2510 4348 2698 4383 monu-
