3109 5092
1117 326 1612 388 EUTERPE.
1661 327 1745 386 II.
1794 336 1910 391 156.
2527 323 2647 386 787

369 501 495 584 μὲν
546 504 621 570 ἐν
668 506 869 589 λίμνῃ
915 500 1136 588 βαθέῃ
1181 499 1295 568 καὶ
1339 503 1592 589 πλατέῃ
1638 504 1912 590 κειμένη
1952 499 2134 592 παρα
2172 498 2247 570 τὸ
2289 504 2363 571 ἐν
2399 512 2648 573 Βουτοῖ

369 601 551 693 ἱρὸν,
610 606 869 691 λέγεται
911 602 986 671 δὲ
1027 597 1148 670 ὑπ’
1190 609 1590 688 Αἰγυπτίων
1633 602 1807 673 εἶναι
1854 600 2026 693 αὕτη
2072 600 2113 694 ἡ
2146 609 2346 695 νῆσος
2393 607 2644 697 πλωτή.

368 704 570 786 αὐτὸς
596 707 723 796 μὲν
753 712 966 793 ἔγωγε
995 702 1151 774 οὔτε
1172 708 1515 775 πλέουσαν
1540 702 1696 776 οὔτε
1724 718 2127 796 κινηθεῖσαν
2148 707 2355 792 εἶδον,
2381 712 2647 797 τέθηπα

371 810 447 878 δὲ
490 807 793 893 ἀκούων,
845 814 910 877 εἰ
943 814 1143 898 νῆσος
1181 806 1491 897 ἀληθέως
1530 811 1672 879 ἐστὶ
1710 811 1960 900 πλωτή.
2050 814 2126 880 ἐν
2166 810 2250 900 δὴ
2296 803 2393 880 ὧν
2436 813 2644 902 ταύτῃ

370 910 528 1001 νηός
556 940 627 981 τε
649 909 1068 992 ’Λπόλλωνος
1087 913 1293 1000 μέγας
1323 918 1446 997 ἔνι,
1477 914 1589 981 καὶ
1619 915 1834 1003 βωμοὶ
1864 914 2201 1003 τριφάσιοι
2232 915 2643 1004 ἐνιδρύαται.

371 1016 797 1104 ἐμπεφύκασι
835 1011 900 1084 δ’
935 1019 1010 1085 ἐν
1037 1011 1208 1105 αὐτῇ
1237 1022 1541 1103 φοίνικες
1569 1017 1825 1103 συχνοὶ,
1855 1019 1967 1087 καὶ
1994 1015 2163 1087 ἄλλα
2196 1021 2503 1108 δένδρεα,
2533 1020 2645 1088 καὶ

369 1119 770 1209 καρποφόρα
809 1119 920 1187 καὶ
947 1115 1203 1207 ἄφορα,
1246 1117 1480 1186 πολλά.
1542 1118 1745 1206 λόγον
1783 1120 1858 1189 δὲ
1896 1119 2093 1189 τόνδε
2136 1123 2556 1208 ἐπιλέγοντες
2583 1128 2654 1191 οἱ

371 1222 732 1309 Αἰγύπτιοι
773 1223 939 1309 φασὶ
984 1220 1156 1290 εἶναι
1198 1218 1411 1310 αὐτὴν
1458 1219 1767 1312 πλωτὴν,
1813 1218 1902 1303 ὥς
1949 1226 2023 1292 ἐν
2064 1229 2147 1312 τῇ
2184 1224 2368 1317 νήσφ
2409 1226 2643 1314 ταύτῃ,

368 1323 493 1397 οὐκ
523 1324 725 1415 ἐούσῃ
754 1325 1084 1414 πρότερον
1114 1330 1378 1413 πλωτῇ,
1417 1321 1652 1413 Λητώ,
1682 1328 1886 1394 ἐοῦσα
1912 1331 2050 1395 τῶν
2078 1323 2252 1395 ὀκτώ
2283 1332 2473 1397 θεων
2506 1333 2646 1398 των

371 1527 437 1577 de
478 1525 727 1588 Osiride,
760 1525 938 1590 Iside,
976 1527 1159 1587 Horo,
1198 1526 1255 1575 in
1293 1527 1458 1577 Grae-

370 1597 509 1646 ciam
538 1596 879 1646 translatam.
935 1595 1062 1646 Vid.
1083 1562 1348 1646 Herodot.
1380 1596 1455 1658 11,

374 1667 473 1716 144
518 1665 646 1730 ibiq.
695 1669 808 1716 not.
860 1691 931 1702 -
978 1665 1044 1715 In
1092 1664 1340 1716 clausula
1391 1681 1455 1715 ex

369 1735 566 1785 Ritteri
621 1734 758 1785 libro
812 1733 1130 1798 (Erdkunde
1167 1736 1213 1784 1.
1251 1749 1300 1798 p.
1352 1735 1452 1785 821

371 1805 509 1871 seq.)
534 1804 637 1853 hoc
662 1803 1005 1864 adnotamus,
1043 1803 1338 1867 permultas
1363 1803 1455 1854 ad-

368 1873 474 1922 huc
509 1874 565 1923 in
599 1872 693 1923 illo
729 1873 854 1923 lacu
893 1888 1014 1923 esse
1050 1873 1277 1933 insulas,
1314 1886 1457 1938 quae

369 1943 1296 2077 ’Ἒῖῗῗὶἓοιῑῗέμῖξᾍῖῗέῗῖἒι
1321 2010 1458 2060 πια-

369 2077 483 2146 τέῃ]
536 2082 638 2130 Est
671 2080 823 2130 lacus
860 2082 1021 2131 Butos
1055 2097 1101 2132 s.
1137 2082 1349 2131 Butr'cus
1383 2080 1459 2131 la·

372 2164 498 2210 cns,
543 2151 630 2198 cui
673 2165 817 2199 nunc
850 2165 1044 2200 nomen
1079 2151 1297 2213 Bur-los,
1335 2166 1457 2200 cum

371 2185 509 2268 mar'i
539 2219 860 2269 coniunctus
884 2220 1048 2270 fluvio
1088 2235 1170 2282 eo,
1209 2221 1300 2284 qui
1329 2220 1458 2270 olim

370 2293 487 2338 erat
509 2287 623 2338 Nili
648 2287 1066 2353 Sebennyticus.
1114 2288 1341 2354 Amplus
1367 2289 1455 2339 ille

370 2361 484 2420 est,
539 2362 602 2407 ut
645 2358 738 2423 qui
777 2358 889 2407 Nili
935 2372 1198 2424 aquarum
1246 2364 1455 2422 partem

366 2426 654 2492 pluresque
706 2427 924 2478 canales
981 2428 1275 2478 etiamnum
1323 2428 1457 2478 reci·

367 2497 501 2560 piat,
538 2496 877 2562 longitudine
907 2497 1190 2548 duodecim
1225 2497 1340 2547 fere
1367 2497 1458 2547 ho-

366 2581 576 2628 rarum,
620 2566 910 2616 latitudine
955 2566 1190 2616 maxima
1234 2582 1329 2617 sex
1364 2568 1458 2617 ho-

368 2650 568 2685 rarum.
641 2635 809 2685 Plura
845 2636 1039 2687 Ritter.
1077 2634 1189 2686 l.1.

418 2696 648 2784 λέγεται
695 2699 759 2754 δε
801 2695 906 2754 ὑπ’
947 2701 1272 2768 Αἰγυπτίων
1308 2696 1456 2754 εἶναι

367 2787 513 2835 αυτη
549 2763 585 2837 ἡ
613 2771 785 2837 νῆσος
813 2771 1080 2839 πλωτηἹ,
1087 2775 1260 2836 ,Haec
1289 2771 1458 2826 histo-

366 2842 482 2891 riae
517 2843 689 2905 patris
724 2843 892 2892 verba
929 2848 1121 2907 poetae
1152 2843 1332 2893 verbis
1364 2844 1458 2894 ad-

368 2911 659 2961 hibuerunt
676 2917 886 2962 veteres
903 2912 1338 2977 recentioresque
1359 2913 1459 2964 cri-

370 2980 495 3040 tici3
533 2980 784 3031 nimirum
822 2981 907 3031 his
933 2981 1020 3032 Od
1060 2984 1302 3062 ssean,
1322 2983 1355 3033 3
1390 2982 1458 3033 de

366 3049 520 3100 Aeoli
544 3050 747 3101 insula
781 3049 974 3117 πλωτη
1027 3046 1084 3099 vi
1110 3044 1287 3118 νήσῳ.
1328 3053 1453 3102 Vid.

368 3120 625 3169 Eustath.
666 3120 735 3170 ad
771 3121 824 3170 h.
864 3120 901 3174 l.
943 3136 995 3185 p.
1023 3121 1124 3172 377
1159 3121 1328 3172 Basil.
1367 3120 1457 3172 Al-

366 3188 505 3239 berti
540 3188 608 3238 ad
637 3190 878 3255 Hesych.
921 3191 1002 3241 11.
1041 3207 1092 3254 p.
1126 3190 1229 3242 984
1268 3196 1322 3241 et
1347 3190 1458 3240 Vil-

365 3258 560 3308 loison.
596 3258 663 3308 ad
687 3259 939 3323 Apellen.
961 3261 1095 3310 Lex.
1128 3261 1291 3311 Hom.
1327 3275 1453 3325 pag.

366 3329 467 3377 555
522 3327 608 3378 ed.
645 3328 827 3380 Toll.“
900 3329 1151 3382 Creuzer.
1212 3330 1268 3379 in
1302 3331 1458 3379 Com-

367 3400 555 3445 mentt.
607 3397 844 3447 Herodd.
911 3414 964 3461 p.
1014 3398 1117 3448 283
1165 3405 1278 3448 not.
1330 3399 1452 3448 258.

365 3465 712 3514 Aristarchus
750 3465 843 3515 illo
876 3466 1098 3516 Homeri
1140 3467 1258 3517 loco
1308 3466 1456 3515 πλω-

364 3525 433 3596 τὴ
459 3539 806 3614 exposuerat·
835 3529 1162 3598 κινουμένη,
1189 3528 1456 3599 πλέουσα,

367 3597 815 3666 περιφερομένης
864 3617 1003 3668 quae
1037 3605 1243 3669 posteri
1281 3620 1457 3670 gram-

365 3672 552 3722 matici
590 3672 942 3737 repetierunt.

433 3730 606 3799 αυτὸς
638 3738 741 3806 μὲν
773 3735 941 3806 ἔγωγε
991 3755 1061 3790 οι
1067 3754 1124 3790 τε
1172 3736 1455 3789 πλέουσαν

366 3826 418 3861 κ.
457 3826 505 3860 τ.
542 3808 680 3876 λ.,]
688 3812 812 3873 ,Hic
861 3826 1071 3878 quoque
1117 3810 1270 3861 locus
1317 3812 1455 3861 satis

367 3880 561 3930 docere
597 3848 862 3948 quemque
896 3884 1105 3946 potest,
1152 3880 1244 3944 qui
1271 3895 1457 3931 verum

365 3950 553 3999 videre
598 3950 759 4014 velit,
807 3951 1069 4000 historiae
1104 3954 1312 4014 patrem
1351 3966 1459 4000 non

365 4034 756 4085 usquequaque
805 4019 1128 4085 pependisse
1172 4020 1243 4069 ab
1282 4021 1459 4085 Aegy-

365 4088 599 4151 ptiorum
634 4090 769 4138 mira
807 4088 1164 4151 tradentium,
1210 4088 1459 4140 sacerdo·

368 4163 480 4206 tum
522 4159 845 4277 μακροῦ,
901 4173 1020 4220 ore,
1071 4162 1132 4207 ut
1179 4159 1272 4223 qui
1314 4158 1460 4208 haud

367 4241 489 4276 raro
552 4241 611 4275 se
707 4229 878 4277 utiam
936 4242 1090 4277 snam
1149 4228 1219 4276 ab
1277 4243 1460 4277 eorum

367 4296 697 4347 auctoritate
733 4311 1023 4362 segregare
1058 4295 1459 4362 intelligatur.“

368 4363 603 4416 Creuzer
636 4365 909 4432 Fragmm.
948 4364 1078 4416 hist.
1128 4380 1184 4430 p.
1236 4366 1303 4418 27
1344 4369 1460 4417 not.

1560 1526 1783 1592 Respici
1816 1507 1909 1576 his·
1924 1527 2103 1576 verbis
2133 1528 2203 1577 ab
2229 1527 2512 1578 Herodoto
2538 1528 2645 1578 He-

1560 1601 1810 1647 cataeum
1837 1596 2126 1659 Milesium,
2161 1597 2316 1647 cuius
2354 1596 2530 1647 locum
2559 1612 2645 1648 su-

1560 1682 1659 1731 pra
1694 1665 2004 1727 attulimus,
2041 1667 2237 1716 statuit
2270 1665 2532 1717 Klausen.
2577 1666 2647 1716 ad

1560 1735 1827 1787 Hecataei
1865 1736 2113 1800 fragmm.
2144 1751 2199 1800 p.
2233 1735 2350 1786 123.

1632 1794 1763 1853 οὔτε
1794 1803 2138 1867 κινηθεισαν
2160 1796 2336 1869 εἶδον]
2379 1795 2539 1854 εἶδον
2565 1820 2647 1854 re-

1558 1874 1756 1923 vocavi
1792 1873 2085 1924 ePlorent.
2121 1888 2240 1924 cum
2266 1878 2496 1924 recentt.
2521 1874 2644 1924 edd.

1561 1958 1659 2006 pro
1697 1938 1857 2006 ἴδον,
1894 1943 2039 2008 quod
2073 1942 2348 1993 Gaisford.
2394 1943 2645 2004 dederat,

1561 2012 1635 2061 cf.
1675 2011 1907 2062 BredoV.
1942 2028 1995 2076 p.
2021 2012 2244 2064 305.—
2278 2012 2345 2061 In
2370 2027 2521 2078 seqq.
2549 2027 2646 2077 pro

1560 2071 1917 2145 ἑμπεφυκασι
1967 2081 2084 2130 bini
2131 2080 2256 2131 libri
2306 2074 2645 2144 ἐμπεφύασι,

1560 2149 1706 2215 quod
1740 2151 2033 2200 Homerica
2066 2149 2368 2200 locutione.
2418 2146 2549 2212 περὶ
2587 2147 2623 2199 δ

1558 2217 1812 2283 αἴγειρος
1871 2232 2158 2283 πεφυασιν
2213 2218 2381 2284 (conf.
2441 2219 2645 2284 Odyss.

1559 2288 2362 2354 IV,484.111.V11‚128)
2415 2290 2647 2354 probare

1558 2357 1797 2408 student.
1871 2358 1978 2409 Sed
2009 2358 2237 2423 vulgata
2267 2358 2433 2410 lectio
2469 2357 2645 2409 firma-

1559 2432 1648 2477 tur
1681 2426 2141 2505 1,193.11‚91.

1630 2488 1815 2560 Anus,
1855 2464 2027 2546 ἐοῦσα
2061 2492 2174 2546 τῶν
2212 2487 2358 2546 ὀκτώ
2397 2494 2556 2546 θεῶν
2592 2511 2647 2549 κ.

1558 2581 1607 2617 τ.
1646 2563 1714 2631 λ.]
1764 2565 2014 2615 Habetur
2050 2568 2267 2615 Latona
2311 2580 2420 2615 nox
2454 2566 2650 2630 princi·

1560 2634 1727 2700 palis,
1778 2634 1923 2684 unde
1957 2635 2182 2699 quaevis
2219 2634 2489 2698 oriuntur,
2526 2652 2647 2700 pro-

1559 2705 1704 2754 xime
1760 2709 1942 2753 autem
2000 2703 2139 2753 coeli
2197 2704 2436 2767 lumina,
2508 2719 2649 2769 quae

1561 2778 1689 2823 sunt
1720 2772 1815 2823 Sol
1849 2777 2013 2836 atque
2036 2772 2213 2824 Luna.
2284 2772 2421 2823 Inde
2455 2788 2649 2823 conve-

1560 2844 1645 2892 nit
1687 2858 1807 2892 cum
1855 2841 1958 2891 dea
1994 2840 2185 2902 Athor,
2235 2856 2376 2906 quae
2421 2846 2477 2892 et
2527 2843 2648 2907 ipsa

1562 2912 1800 2962 omnium
1850 2927 2027 2961 rerum
2075 2911 2129 2960 in
2177 2926 2237 2962 se
2284 2913 2529 2962 continet
2567 2928 2650 2962 se-

1561 2982 1708 3032 mina
1744 2980 2087 3046 originesque
2129 2986 2184 3031 et
2221 2981 2391 3045 primo
2428 2982 2650 3032 deorum

1561 3050 1735 3101 ordini
1788 3050 2132 3101 adscribitur.
2205 3050 2330 3101 Vid.
2390 3057 2528 3102 nott.
2577 3050 2646 3101 ad

1560 3121 1637 3183 11,
1657 3120 1740 3182 41,
1759 3120 2123 3184 champollio:
2149 3118 2431 3171 Pantheon
2443 3123 2646 3187 Egypt.

1559 3190 1642 3240 Pl.
1681 3189 1748 3240 23
1784 3195 1839 3239 et
1866 3191 1933 3242 23
1958 3191 2047 3251 Α.,
2072 3190 2303 3254 Lepsius
2343 3191 2424 3241 in:
2463 3190 2647 3241 Deuk-

1560 3259 1774 3310 schrift.
1804 3258 1856 3310 d.
1882 3259 2082 3309 Berlin.
2122 3259 2300 3310 Akad.
2324 3260 2478 3310 1851.
2522 3275 2646 3323 pag.

1561 3329 1677 3391 176,
1715 3328 1809 3378 ubi
1847 3327 1987 3378 hanc
2022 3328 2204 3388 deam,
2253 3344 2414 3392 quam
2453 3327 2648 3377 Graeci

1556 3397 1824 3447 Latonam
1860 3401 2076 3455 vocant,
2114 3397 2340 3446 formam
2377 3395 2649 3460 quandam

1558 3466 1833 3514 existimat
1882 3466 2015 3515 deae
2060 3464 2235 3514 Athor
2280 3465 2450 3514 fuisse
2500 3464 2648 3514 indc-

1558 3549 1663 3598 que
1711 3534 2043 3597 adscriptam
2079 3533 2250 3596 primo
2296 3533 2516 3583 deorum
2565 3548 2647 3582 or-

1558 3602 1690 3653 dini.
1750 3602 2058 3651 &Vilkinson
2082 3600 2358 3665 (Manners
2388 3606 2493 3653 etc.
2533 3617 2644 3652 sec.

1558 3687 1661 3722 ser.
1703 3671 1748 3721 Ι.
1786 3687 1913 3735 pag.
1948 3669 2051 3720 273
2077 3669 2200 3721 coll.
2229 3670 2360 3733 228)
2396 3686 2455 3721 se
2492 3672 2647 3737 igno·

1555 3755 1678 3790 rare
1736 3740 2046 3805 profitetur,
2123 3755 2385 3804 quaenam
2446 3742 2648 3792 fuerint

1560 3809 1855 3872 attributa,
1930 3824 2194 3875 quaenam
2256 3809 2431 3859 forma
2485 3810 2646 3861 huius

1558 3881 1807 3930 Latonae
1841 3878 2147 3944 Aegyptiae
2168 3916 2182 3941 ,
2220 3894 2383 3945 quam
2421 3880 2492 3930 ad
2528 3895 2646 3931 eam

1561 3949 1745 4010 deam,
1794 3964 1933 4015 quae
1970 3947 2184 3997 Athribi
2224 3946 2532 4009 colebatur,
2567 3965 2647 4000 re-

1564 4018 1760 4081 ferret,
1826 4019 1930 4068 nisi
2001 4016 2188 4067 eadem
2258 4020 2440 4081 potius
2505 4025 2651 4070 esset

1564 4093 1730 4152 atque
1768 4087 1919 4138 Mau!
1963 4103 2010 4137 s.
2048 4086 2194 4149 Mne,
2246 4102 2384 4154 quae
2432 4088 2503 4139 ad
2545 4089 2652 4154 pri·

1564 4173 1707 4207 mam
1744 4157 1965 4207 deorum
1995 4156 2226 4208 classem
2261 4158 2452 4224 utique
2486 4158 2653 4223 perti-

1564 4231 1709 4277 neat.
1784 4228 1964 4292 Atque
1996 4225 2137 4276 hanc
2171 4228 2346 4291 ipsam
2381 4228 2471 4277 hic
2497 4226 2653 4277 intel·

1565 4294 1665 4360 ligi
1688 4295 1808 4346 vult
1830 4297 2052 4347 Bunsen
2079 4297 2338 4361 (Egypt's
2363 4296 2529 4346 Place
2566 4297 2649 4345 in:

1568 4364 1862 4417 Universal
1911 4364 2143 4429 History
2180 4369 2287 4415 etc.
2335 4365 2384 4417 1.
2429 4380 2480 4429 p.
2517 4362 2650 4428 379)

2091 4445 2230 4508 50*
