3109 5092
440 363 519 423 74
727 351 734 357 ’
1300 353 1841 416 HERODOTI

441 537 795 610 πλουτέειν
829 531 954 620 μὲν
986 533 1161 619 μέγα
1199 537 1507 619 φαίνεαι,
1564 530 1677 598 καὶ
1724 525 2041 617 βασιλεὺς
2080 525 2254 596 εἶναι
2300 535 2572 600 πολλῶν
2604 529 2723 601 ἆν-

439 640 769 731 θρῶπων·
819 634 1036 707 ἐκεῖνο
1074 635 1179 719 δὲ,
1220 631 1295 705 τὸ
1335 631 1512 722 εἴρεό
1540 660 1657 721 με,
1699 629 1886 702 οὔκω
1922 651 1998 700 σε
2032 627 2164 719 ἐγώ
2193 635 2404 721 λέγω,
2446 638 2611 725 πρὶν
2642 631 2728 706 ἂν

442 741 928 833 τελευτήσαντα
965 744 1185 818 καλῶς
1218 735 1337 808 τὸν
1373 743 1590 808 αἰῶνα
1627 736 1970 823 πύθωμαι.
2032 733 2115 805 οὐ
2165 737 2295 825 γάρ
2328 766 2428 809 τοι
2474 736 2510 809 ὁ
2557 743 2728 829 μέγα

444 847 762 925 πλούσιος
796 850 1054 934 μᾶλλον
1099 848 1221 911 τοῦ
1256 839 1363 911 ἐπ’
1407 840 1665 931 ἡμέρην
1702 847 1965 929 ἔχοντος
1994 838 2391 930 ὀλβιώτερός
2431 841 2612 930 ἐστι,
2666 852 2728 914 εἰ

442 952 532 1043 μή
568 956 636 1022 οἱ
675 948 841 1037 τύχη
883 945 1261 1033 ἐπίσποιτο,
1316 949 1532 1015 πάντα
1564 943 1735 1014 καλοὶ
1774 951 2009 1032 ἔχοντα
2051 951 2444 1036 τελευτῆσαι
2496 940 2572 1017 εὖ
2609 948 2727 1018 τὸν

441 1063 614 1146 βίον.
665 1054 899 1124 πολλοὶ
925 1052 1052 1140 μὲν
1073 1049 1202 1140 γὰρ
1229 1048 1583 1133 ζάπλουτοι
1615 1046 2008 1139 ἀνθρώπων
2031 1045 2343 1138 ἀνόλβιοί
2365 1056 2526 1137 εἰσι,
2560 1062 2722 1122 πολ-

443 1162 548 1230 λοὶ
590 1157 665 1227 δὲ
698 1163 984 1246 μετρίως
1020 1160 1282 1241 ἔχοντες
1326 1161 1481 1241 βίου
1530 1150 1857 1240 εὐτυχέες.
1922 1146 1959 1221 ὁ
1998 1153 2124 1240 μὲν
2171 1151 2257 1244 δὴ
2300 1157 2472 1242 μέγα
2515 1158 2724 1226 πλού-

441 1285 618 1347 σιος,
660 1259 970 1347 ἀνόλβιος
999 1252 1375 1343 δὲ,’δυοῐσι
1410 1260 1678 1347 προέχει
1706 1262 1826 1326 τοῦ
1860 1253 2168 1344 εὐτυχέος
2201 1257 2510 1346 μούνοισι
2530 1283 2543 1296 ·
2607 1252 2725 1330 οὗ·

445 1370 555 1446 τος
589 1365 665 1434 δὲ
702 1369 823 1432 τοῦ
867 1368 1195 1432 πλουσίου
1234 1362 1346 1431 καὶ
1382 1359 1705 1449 ἀνολβίου
1748 1368 2072 1430 πολλοῖσι.
2130 1356 2166 1430 ὃ
2201 1361 2327 1450 μὲν
2357 1359 2729 1454 ἐπιθυμίην

448 1535 638 1586 mortis
686 1532 967 1582 dominatu
1017 1531 1073 1579 in
1127 1534 1263 1581 vett.
1315 1546 1370 1594 p.
1429 1530 1534 1580 478
1635 1530 1798 1596 ripid.
1827 1529 2189 1583 Andromach.
2237 1533 2366 1585 1283
2416 1537 2471 1583 et
2514 1534 2573 1583 in
2607 1532 2731 1584 Pol-

449 1622 562 1671 seq.
638 1601 889 1668 (Studien
958 1600 1054 1650 des
1124 1599 1287 1652 class.
1358 1599 1536 1650 Alter·
1634 1601 1774 1651 lucis
1814 1601 2152 1652 Onomastic.
2189 1603 2464 1668 111,109.

450 1675 675 1739 thumss)·
887 1750 899 1769 ἱ
1116 1748 1130 1766 ,
1437 1757 1450 1769 0
1491 1757 1503 1769 ·
1708 1702 1899 1755 δυοῖσι
1926 1702 2154 1771 προέχει
2177 1704 2281 1755 τοῦ
2309 1699 2572 1772 εὐτυχέος
2591 1702 2730 1772 μού-

519 1752 703 1811 ἕκεῖνθ
727 1753 808 1821 δὲ,
836 1774 909 1808 2'0
947 1755 1130 1820 εἴρεο
1165 1754 1263 1822 με]
1286 1756 1536 1838 Duplum
1639 1773 1818 1840 νοισι]
1853 1775 2059 1826 Eadem
2090 1780 2383 1841 structura,
2421 1776 2488 1827 de
2525 1793 2634 1843 qua
2660 1777 2732 1827 ad

450 1831 753 1884 accusativi
788 1834 915 1895 post
959 1824 1335 1892 interrogandi
1367 1828 1539 1877 verba
1639 1845 1685 1905 1,
1751 1845 1800 1895 1,
1861 1845 2184 1897 monuimus,
2263 1848 2516 1898 Remu-rit
2567 1848 2730 1912 paulo

450 1906 727 1953 structura
764 1917 829 1950 ex
862 1897 1122 1949 hocloco
1161 1896 1414 1958 tenenda,
1445 1912 1539 1946 au·
1640 1919 1789 1980 post:
1840 1904 1871 1963 ὁ
1916 1907 2006 1978 δὲ,
2055 1913 2270 1966 τοιαίδε
2319 1914 2546 1981 προέχει
2592 1906 2730 1966 ἐκεῖ.

451 1977 601 2024 ⁰t⁰re
622 1969 1192 2052 Matth·,§·417²⁰·p‚·
1229 1966 1539 2048 764²q¹¹Pm
1643 1999 1749 2034 νου
1800 1999 1851 2033 κ.
1915 2000 1962 2033 τ.
2010 1983 2079 2046 λ.,
2128 1985 2226 2035 ubi
2278 2003 2398 2036 cum
2452 1987 2628 2038 Sehw.
2677 1992 2731 2036 et

449 2045 587 2093 bene
637 2041 902 2121 advefhfv
964 2036 1110 2118 quf'd
1168 2040 1324 2085 ¹¹¹¹t¹⁰
1377 2036 1537 2116 ¹¹¹³}ss
1643 2053 1820 2105 Gaisf.
1857 2053 2196 2119 reposuimus
2234 2054 2534 2119 τοιοίδε,
2568 2057 2732 2107 libro-

448 2111 625 2190 iP‘fflP'
687 2110 884 2173 0⁸P5t¹⁸
937 2106 1166 2172 ¹⁰g¹¹⁵¹¹r²
1210 2096 1540 2186 ,ἔπειρωῗᾳς
1642 2140 1760 2173 rum
1796 2124 2124 2175 auctoritate
2161 2125 2297 2175 satis
2343 2126 2479 2176 illud
2516 2128 2733 2190 quidem

451 2196 527 2242 με
561 2172 960 2241 ἅνθρωπηΐων
996 2189 1341 2255 πραγμαξων
1366 2188 1539 2254 ’stof-
1642 2194 1913 2243 firmatum
1971 2199 2026 2244 et
2083 2196 2373 2259 probatum
2427 2196 2625 2246 Matth.
2679 2200 2729 2259 §-

454 2252 517 2301 1¹1
563 2249 806 2313 Pl‘OXimss
851 2259 1004 2309 seqq·
1054 2239 1195 2307 πρὶν
1227 2258 1301 2292 ‘²²'
1334 2274 1404 2282 —
1434 2259 1542 2292 πυ·
1644 2262 1767 2323 630,
1806 2278 1854 2312 e.
1894 2280 1948 2327 p.
1989 2263 2122 2313 1202
2165 2266 2401 2330 itemquo
2440 2266 2733 2316 Schaefero

454 2321 649 2381 θωμαι
685 2318 750 2367 G.
789 2316 1087 2364 Hermann.
1138 2311 1395 2377 (Opuscc.
1442 2313 1541 2362 IV.

454 2407 509 2453 p.
548 2384 698 2449 108.)
735 2384 925 2435 melius
963 2383 1155 2433 abesse
1190 2386 1349 2445 putat
1381 2396 1543 2431 vocu-

454 2460 563 2509 lam
596 2446 685 2518 ὂῖν,
724 2469 886 2520 quam
914 2454 968 2502 iu
1002 2452 1086 2501 his
1123 2452 1257 2515 ipsis
1295 2466 1544 2501 necessa-

454 2530 591 2580 riam
617 2528 758 2577 bene
795 2522 1057 2588 explicuit
1091 2521 1405 2572 Baeumlein
1432 2522 1545 2571 Un-

456 2598 696 2651 tersuch.
733 2596 869 2645 iiber
905 2593 958 2644 d.
987 2593 1081 2642 Gr.
1106 2591 1276 2641 Modi.
1311 2607 1367 2655 p.
1398 2590 1541 2652 229„

457 2669 660 2720 similes
698 2664 890 2717 Nostri
927 2662 1078 2713 locos
1115 2661 1345 2712 afferens
1382 2661 1427 2722 I,
1453 2662 1540 2711 82.

455 2740 570 2802 ΙΙΙ,
626 2735 746 2787 109.
802 2734 897 2796 IV,
963 2731 1081 2782 196.
1164 2730 1323 2781 Conf.
1380 2732 1545 2811 etism}

456 2808 712 2859 Kuehner
750 2806 843 2855 Gr.
882 2803 974 2853 Gr.
1017 2805 1068 2865 §-
1115 2802 1237 2852 807.
1275 2832 1347 2841 -—
1384 2815 1414 2848 ο
1451 2791 1520 2849 ἐπ

452 2870 674 2942 ἡμέρην
709 2868 854 2939 ἔχων
890 2872 1091 2922 dicitur
1117 2871 1184 2930 ie,
1222 2871 1309 2920 cui
1344 2873 1394 2921 in
1421 2871 1547 2920 diem

456 2949 637 2997 victus
672 2943 941 3007 suppetit3
981 2941 1053 2990 cf.
1086 2940 1249 3003 Apitz
1285 2940 1354 2989 ad
1389 2940 1547 2989 Euri-

457 3016 567 3082 pid.
617 3013 905 3064 Phoeuiss,
949 3010 1072 3060 412.
1145 3010 1228 3058 De
1269 3007 1548 3058 locutione

456 3082 716 3151 μᾶλλον
738 3110 807 3121 —·
831 3070 1246 3143 ὀλβιώτερος
1285 3077 1357 3127 cf.
1385 3078 1431 3140 1,
1458 3076 1544 3139 31,

458 3159 514 3207 et
549 3153 615 3202 de
652 3149 907 3200 infinitivi
942 3163 1046 3197 usu
1067 3151 1193 3212 post
1222 3146 1548 3209 locutiones,

458 3239 599 3290 quae
646 3219 955 3271 accuratius
999 3217 1258 3280 explicari
1314 3216 1551 3267 debeant

457 3285 671 3355 (πάντα
706 3280 849 3338 καλὰ
875 3281 1553 3351 ἕχοντα·τελευτῆσαι)

460 3361 660 3414 Matth.
702 3359 794 3410 Gr.
832 3357 925 3408 Gr.
961 3360 1010 3419 §-
1051 3354 1171 3415 532,
1209 3354 1263 3405 d.
1292 3371 1347 3419 p.
1388 3355 1543 3406 1040.

460 3433 553 3499 qui
591 3431 733 3481 idem
777 3432 828 3491 §.
867 3429 989 3477 524.
1029 3429 1143 3475 not.
1192 3424 1243 3474 3.
1296 3440 1350 3486 p.
1392 3425 1546 3477 1017.

460 3502 649 3567 attigit
696 3499 866 3548 verba
911 3490 964 3546 εἰ
1007 3487 1084 3559 μή
1140 3487 1200 3543 οἷ
1240 3490 1383 3559 τύχη
1428 3483 1549 3543 ἐπί-

461 3585 663 3622 σποιτο
702 3567 761 3633 (i.
802 3584 849 3618 e.
891 3569 992 3618 nisi
1034 3565 1085 3615 εἰ
1120 3565 1331 3628 fortuna
1366 3565 1549 3622 adsue-

460 3641 571 3706 rit),
599 3655 740 3705 quae
766 3636 931 3687 simili
952 3635 1113 3685 modo
1143 3634 1398 3699 leguntur
1419 3634 1545 3696 VII,

461 3712 543 3764 10.
585 3714 635 3772 ἓ.
676 3712 727 3771 4,
769 3708 837 3758 ob
868 3706 1015 3755 modi
1050 3706 1345 3768 rationem,
1384 3719 1545 3769 quam

460 3779 686 3829 eandem
736 3778 792 3825 in
853 3775 1153 3824 indicativo
1201 3773 1546 3826 antecedenti

460 3839 575 3898 ἐστὶ
614 3845 928 3896 observavit
955 3843 1211 3894 Kuehner
1235 3845 1328 3895 Gr.
1369 3845 1463 3895 Gr.
1493 3847 1543 3906 §-

530 3954 733 4034 πόλλοὶ
768 3973 873 4044 μὲν
906 3972 1012 4043 γὰρ
1036 3969 1374 4056 Ξᾷπλουτοι]
1422 3981 1460 4030 i.
1502 3997 1549 4031 e.

459 4072 609 4124 valde
645 4070 841 4129 divite-3,
880 4081 1002 4115 cum
1039 4061 1104 4122 ζα
1137 4064 1194 4112 in
1221 4063 1308 4113 his
1344 4067 1418 4114 sit
1439 4054 1555 4113 ἔπι-

461 4130 696 4191 τατικὸν
734 4137 982 4200 idemque
1020 4134 1132 4183 fere
1168 4131 1354 4182 valeat
1390 4137 1556 4197 atque

461 4207 620 4275 μέγα,
667 4197 922 4270 ἰσχυρὸν,
972 4194 1138 4264 πολὺ,
1185 4206 1329 4251 teste
1380 4204 1556 4267 Hesy-

464 4280 585 4331 chio
625 4277 855 4341 aliisque
892 4271 1263 4337 grammaticis
1305 4271 1486 4321 allatis
1523 4289 1556 4322 a

464 4346 749 4400 Ilindorfio
793 4345 851 4395 in
898 4343 1063 4394 Thes.
1115 4342 1180 4390 L.
1235 4340 1329 4392 Gr.
1379 4342 1455 4394 II.
1496 4358 1550 4406 p.

470 4418 623 4471 1106.
660 4415 946 4468 Invenitur
982 4411 1170 4463 eadem
1205 4427 1311 4461 vox
1357 4411 1412 4462 in
1448 4413 1554 4463 Eu-

1646 2332 1716 2381 ad
1756 2333 2035 2384 Lambert.
2082 2335 2211 2385 Boe.
2271 2336 2465 2401 Ellips.
2524 2337 2588 2385 L.
2638 2337 2731 2385 Gr.

1644 2418 1699 2466 p.
1739 2399 1859 2451 606.
1908 2407 1962 2451 et
2009 2403 2257 2454 WVerfero
2295 2405 2351 2453 iu
2388 2405 2536 2456 Aett.
2580 2404 2731 2471 phill.

1644 2472 1893 2521 Monacc.
1928 2472 1975 2521 Ι.
2025 2488 2079 2536 p.
2117 2472 2185 2522 98
2232 2490 2368 2539 seq„
2418 2491 2577 2540 quem
2628 2491 2737 2525 om-

1647 2541 1774 2590 nino
1809 2540 1875 2589 de
1912 2540 1964 2590 h.
1998 2540 2037 2593 l.
2085 2544 2313 2606 consul.⁷
2360 2544 2416 2592 in
2461 2560 2568 2610 quo
2615 2561 2738 2609 pro-

1647 2625 1842 2659 nomen
1888 2607 2111 2676 (ταῦτα)
2169 2611 2238 2662 ad
2283 2629 2434 2678 seqq.
2487 2619 2738 2679 spectare

1647 2686 1795 2729 recte
1830 2685 2030 2731 monet.
2059 2708 2126 2716 —
2153 2684 2305 2744 Quae
2334 2700 2463 2733 vero
2503 2685 2590 2734 bic
2631 2684 2739 2733 dis-

1647 2754 1936 2814 putantur,
1987 2750 2133 2801 haud
2182 2752 2466 2815 differunt,
2513 2759 2740 2803 auctore

1648 2820 1766 2882 Cr„
1805 2820 1873 2868 ab
1907 2820 1994 2882 iis,
2032 2836 2170 2885 quae
2203 2823 2457 2873 uberiora
2493 2823 2739 2873 aProclo

1650 2889 1933 2954 disputata
1993 2889 2226 2955 legimus
2281 2892 2340 2941 in
2400 2892 2741 2943 Commenta-

1649 2960 1744 3008 riis
1783 2957 1851 3008 ad
1887 2957 2139 3009 Platonis
2176 2960 2447 3013 Alcibiad.
2482 2962 2528 3013 1.
2564 2979 2613 3013 c.
2650 2962 2736 3014 33.

1648 3044 1703 3091 p.
1735 3028 1854 3078 104.
1892 3027 1975 3079 ed.
2014 3028 2205 3079 Creuz.
2255 3031 2419 3081 Redit
2456 3036 2637 3095 autem
2675 3044 2737 3079 eo

1650 3097 1764 3145 fere
1803 3095 2020 3147 Solonis
2057 3101 2361 3163 sententia,
2408 3106 2470 3152 ut
2518 3102 2596 3157 ie,
2645 3098 2738 3162 qui

1651 3165 1803 3215 dives
1861 3166 1964 3228 sit,
2030 3183 2093 3218 eo
2151 3173 2465 3233 praevertat
2524 3166 2738 3218 felicem

1622 3262 1625 3265 Δ
1652 3234 1990 3300 eundemque
2017 3252 2328 3301 pauperem,
2364 3237 2511 3302 quod
2544 3238 2662 3302 ipse
2690 3244 2740 3285 et

1653 3303 1981 3368 cupiditates
2019 3306 2235 3357 facilius
2272 3307 2484 3372 explere
2509 3311 2563 3356 et
2592 3306 2740 3356 dam-

1651 3389 1781 3422 num
1825 3390 2082 3439 magnum
2121 3376 2366 3427 incidens
2409 3377 2615 3427 minore
2650 3391 2741 3425 ne-

1650 3442 1803 3507 gotio
1862 3445 2100 3508 perferre
2160 3450 2349 3510 queat;
2417 3446 2550 3495 felix
2610 3460 2738 3495 vero

1649 3511 1901 3578 idemque
1938 3530 2143 3578 pauper
2171 3531 2234 3565 eo
2274 3515 2567 3566 antecellat
2608 3514 2742 3565 divi-

1650 3586 1787 3643 tem,
1835 3582 1978 3646 quod
2030 3585 2228 3634 damna
2283 3585 2740 3649 cupiditatesque,

1650 3652 1847 3717 quibus
1888 3652 2124 3703 serendis
2161 3653 2279 3718 ipse
2309 3655 2487 3705 minus
2512 3671 2613 3719 par
2638 3658 2741 3715 est,

1651 3721 1869 3770 omuino
1895 3721 2116 3773 fortuna
2133 3724 2201 3773 ab
2221 3739 2283 3774 eo
2314 3729 2518 3784 arceat,
2544 3725 2744 3789 ipsum-

1651 3807 1755 3855 que
1778 3806 2026 3841 securum
2054 3809 2118 3843 ac
2147 3797 2323 3843 tutum
2349 3794 2416 3842 ab
2446 3793 2555 3843 illis
2591 3808 2745 3858 prae-

1652 3864 1781 3910 stet.
1806 3861 2143 3922 Quibuscum
2167 3863 2251 3913 Cr.
2279 3868 2575 3927 comparat,
2606 3877 2746 3927 quae

1653 3929 1977 3981 Aristoteles
2005 3932 2272 3996 disputat
2319 3932 2374 3980 in
2421 3932 2602 3983 Ethic.
2651 3931 2744 3982 Ni-

1655 3999 1898 4049 comacb.
1934 4001 2058 4065 VII,
2089 4003 2181 4062 13;
2220 4000 2290 4051 ad
2323 4002 2444 4066 ipsa
2478 4004 2649 4053 verba
2673 4002 2747 4052 ci-

1654 4072 1740 4117 tat
1774 4068 2038 4120 Valcken.
2089 4072 2169 4136 ad·
2206 4072 2436 4122 Theocr.
2475 4072 2743 4123 Adouiaz.

1656 4152 1710 4186 v.
1752 4139 1838 4189 24.
1878 4156 1932 4204 p.
1978 4139 2102 4192 317.
2150 4140 2271 4193 318.
2319 4142 2456 4194 haec
2503 4147 2748 4193 statuen-

1658 4211 1798 4256 tem:
1871 4200 2115 4275 ,,ὅλβιος
2183 4211 2467 4262 dicebatur
2551 4210 2746 4261 eximie

1658 4292 1766 4326 non
1803 4267 1833 4325 ὃ
1871 4269 2138 4343 εὐτυχὴς,
2193 4282 2290 4331 sed
2346 4271 2376 4329 ὁ
2424 4271 2741 4339 εὖδαίμωνς

1657 4345 1783 4395 hinc
1819 4348 1923 4412 ipsi
1963 4348 2038 4396 dii
2088 4338 2333 4411 ὄιβιοι.“
2397 4348 2565 4399 Addit
2601 4346 2746 4396 idem

1658 4416 1927 4481 insignem
1951 4418 2230 4483 Euripidis
2257 4416 2435 4468 locum
2473 4419 2529 4467 in
2549 4416 2748 4467 Medea
