3109 5092
382 368 508 435 668
1249 376 1788 440 HERODOTI

386 575 591 620 κοντα
637 551 939 637 πηχέων,
998 551 1255 621 ἑωυτόν
1296 580 1368 622 τε
1413 555 1525 622 καὶ
1564 551 1692 643 τὴν
1730 567 2056 640 γυναῖκα,
2098 549 2253 632 τούς
2297 551 2374 622 δὲ
2417 558 2664 633 παῖδας

290 713 300 723 .
387 653 618 734 ἐόντας
650 656 1003 742 τέσσερας,
1054 666 1266 725 εἴκοσι
1302 659 1571 746 πηχέων
1590 661 1895 728 ἕκαστον.
1974 661 2114 726 τῶν
2151 653 2235 745 δὴ
2264 650 2301 723 ὁ
2330 653 2516 743 ίρεύς
2541 661 2665 726 τοῦ

376 753 749 845 Ἡφαίστου
789 757 1008 851 χρόνῳ
1050 762 1401 847 μετέπειτα
1458 766 1687 854 πολλῷ
1744 770 2044 850 Δαρεῖον
2084 756 2203 829 τὸν
2247 760 2523 850 Πέρσην
2580 757 2664 829 οὐ

388 866 686 949 περιεῖδε
718 861 991 930 ἱστάντα
1020 869 1362 952 ἔμπροσθε
1406 861 1814 952 ἀνδριάντα,
1854 860 1986 951 φὰς
2019 859 2102 932 οὔ
2142 868 2213 932 οἱ
2247 868 2663 952 πεποιῆσθαι

391 971 554 1054 ἔργα
596 959 706 1033 οἷά
749 990 876 1054 περ
915 966 1263 1055 Σεσώστρι
1312 972 1406 1061 τῷ
1448 973 1825 1061 Αἰγυπτίῳ.
1930 969 2324 1056 Σέσωστριν
2370 967 2497 1056 μὲν
2531 996 2663 1055 γαρ

388 1067 558 1138 αλλα
584 1096 656 1138 τε
688 1071 1282 1197 καταστρέψασθαι
1309 1078 1519 1141 ἔθνεα
1548 1069 1675 1141 οὐκ
1716 1070 1972 1141 ἐλάσσω
2000 1073 2266 1140 ἐκείνου
2293 1072 2405 1140 καὶ
2435 1067 2520 1160 δὴ
2549 1073 2665 1140 καὶ

387 1170 707 1257 Σκύθας,
758 1182 1059 1259 Δαρεῖον
1089 1174 1165 1243 δὲ
1206 1171 1288 1243 οὐ
1315 1181 1745 1265 δυνασθῆναι
1777 1172 2059 1255 Σκύθας
2103 1175 2300 1243 ελετν.
2408 1171 2533 1243 οὐκ
2562 1202 2664 1243 ων

393 1282 659 1346 δίκαιον
689 1274 862 1343 εἶναι
895 1275 1156 1346 ἱστάναι
1189 1283 1533 1369 ἔμπροσθε
1567 1306 1705 1347 των
1734 1281 2003 1347 ἐκείνου
2047 1273 2541 1366 ἀναθημάτων,
2572 1275 2665 1366 μὴ

389 1376 516 1447 οὐκ
546 1374 1144 1467 ὑπερβαλλόμενον
1170 1398 1341 1451 τοῖσι
1370 1388 1645 1470 ἔργοισι.

392 1480 558 1570 πρὸς
587 1486 796 1550 ταῦτα
825 1482 1237 1572 συγγνώμην
1266 1484 1701 1575 ποιήσασθαι.

1126 1652 1210 1701 De
1234 1667 1471 1704 mensur.

388 1720 596 1773 Herod.
633 1736 688 1785 p.
738 1720 824 1781 21,
877 1734 1001 1770 cum
1048 1712 1246 1785 πήχεις
1292 1737 1337 1773 s.
1386 1739 1476 1773 cu·

389 1791 493 1841 biti
526 1788 905 1855 intelligantur
944 1789 1198 1854 vulgares
1227 1806 1272 1842 s.
1308 1793 1476 1843 miuo-

391 1876 506 1922 res‚
553 1859 793 1921 invenit,
849 1861 1078 1924 triginta
1130 1861 1345 1913 cubitos
1387 1877 1478 1912 ae-

390 1945 559 1996 quare
605 1929 773 1980 ferme
830 1929 995 1993 pedes
1050 1929 1341 1982 Rhenanos
1388 1933 1477 1994 44,

390 2000 495 2062 20⁴,
533 2000 730 2064 viginti
784 1999 997 2049 cubitos
1043 1999 1131 2061 29,
1177 2001 1264 2049 47¹
1308 2000 1475 2064 pedes

388 2070 565 2120 Rhen.
601 2070 788 2135 Neque
822 2083 956 2119 sune
988 2067 1124 2119 baec
1159 2070 1477 2135 magnitudo

391 2138 662 2190 offendere
705 2138 910 2203 poterit
948 2152 1070 2200 eos,
1114 2139 1209 2204 qui
1244 2138 1332 2189 vel
1368 2155 1478 2189 ma·

389 2211 535 2259 iores
570 2207 813 2258 colossos
851 2222 1142 2272 eorumque
1167 2208 1363 2259 rudera
1381 2223 1478 2274 per

391 2279 701 2355 Aegyptum
736 2276 970 2327 inveniri
1007 2279 1382 2359 cognoverint.

461 2361 578 2395 των
610 2338 682 2409 δὴ
730 2336 761 2394 ὁ
810 2337 969 2407 ἱρεὺς
1011 2344 1115 2394 τοῦ
1154 2338 1477 2410 Ηφαίστου

392 2431 447 2467 κ.
484 2431 531 2464 τ.
571 2413 669 2494 ³..J-
680 2414 886 2495 Scripsi
920 2431 1040 2465 cum
1076 2415 1383 2481 Schweigh.
1422 2419 1477 2466 et

393 2485 570 2537 Gaisf.
591 2481 706 2533 τῶν
722 2476 817 2549 δὴ,
856 2484 947 2536 ubi
969 2481 1082 2534 τῶν
1104 2485 1294 2535 Ionum
1327 2501 1477 2537 more

392 2555 631 2620 positum
672 2558 757 2604 est
794 2570 890 2619 pro
926 2540 1025 2604 ὧν.
1096 2556 1180 2605 Ex
1217 2555 1339 2605 aliis
1363 2556 1477 2620 qui·

390 2625 622 2676 busdam
662 2623 817 2674 libris
858 2622 1251 2706 Wesseliugius
1295 2624 1477 2677 edide-

392 2698 481 2745 rat
513 2690 715 2744 τῶνδε
752 2687 825 2758 δὴ
852 2684 1131 2756 ὁῖρεύςκ.
1165 2711 1212 2745 τ.
1241 2693 1289 2744 λ.
1339 2695 1477 2745 Pen-

391 2765 484 2816 det
519 2779 650 2816 vero
688 2763 961 2829 genitivus
1008 2763 1077 2813 ab
1124 2757 1475 2828 ἔμπροσθεν,

392 2838 448 2884 et
482 2838 697 2898 spectat
731 2832 801 2882 ad
845 2832 1118 2896 colossos,
1169 2849 1204 2883 a
1236 2833 1479 2885 Sesostri

393 2907 623 2953 erectos.
662 2932 732 2943 -—-
767 2902 941 2952 Paulo
977 2907 1107 2952 ente
1133 2918 1255 2953 cum
1283 2903 1477 2953 iisdem

392 2972 526 3021 viris
563 2970 815 3034 rescripsi
849 2970 1075 3034 πηχέων
1110 2988 1207 3037 pro
1231 2963 1480 3035 πήχεων,

394 3039 580 3091 eodem
612 3038 798 3119 modo,
837 3054 942 3104 quo
979 3039 1024 3101 Ι,
1058 3040 1157 3093 183
1182 3046 1238 3091 et
1269 3040 1347 3101 ΙΙ,
1380 3041 1475 3092 111

392 3109 488 3160 fin.
526 3099 685 3171 ἱρεὺς
717 3107 823 3158 hoc
855 3106 978 3158 loco
1005 3108 1145 3159 erit
1129 3110 1339 3173 1s‚qui
1371 3109 1480 3159 col-

388 3177 535 3259 legio
582 3176 923 3227 secerdotum
973 3176 1081 3227 fuit
1116 3179 1480 3244 praepositus,

389 1655 535 1702 stras
568 1663 834 1701 revocans
868 1649 1086 1702 IacobS.

388 3237 711 3312 ἀρχιερεὺς,
764 3250 827 3297 ut
861 3262 981 3296 eum
1016 3248 1240 3298 vocavit
1279 3247 1482 3298 Diodo-

391 3333 485 3367 rus
521 3316 567 3378 Ι,
604 3315 689 3378 58,
727 3316 822 3366 ubi
850 3315 917 3367 de
946 3314 1050 3367 hoc
1083 3332 1188 3368 usu
1220 3322 1351 3382 apte
1374 3333 1483 3369 mo-

392 3387 512 3437 nuit
543 3384 874 3451 wesseling.
918 3385 1151 3436 Gravius
1189 3387 1323 3438 illud
1362 3387 1478 3453 qui·

390 3456 620 3507 busdam
658 3455 963 3517 videbitur,
1025 3456 1170 3521 quod
1217 3457 1377 3508 Darii
1419 3457 1477 3506 in

391 3527 644 3591 Aegypto
680 3526 1066 3577 commorantis
1115 3527 1365 3591 nuspiam
1417 3526 1479 3577 fit

389 3597 593 3647 mentio
609 3633 626 3659 ‚
658 3596 767 3646 nisi
795 3611 961 3647 unum
999 3596 1238 3661 excipias
1270 3596 1480 3647 Aristo-

391 3664 590 3716 teleum
630 3665 811 3717 locum
858 3666 915 3716 in
952 3665 1138 3715 Rhett.
1176 3664 1252 3727 11,
1289 3666 1377 3715 20.
1419 3681 1474 3729 p.

392 3736 496 3785 570
532 3734 599 3786 A.
652 3734 733 3786 Ac
762 3738 980 3800 poterat
995 3735 1185 3800 utique
1213 3735 1281 3795 ei,
1318 3749 1478 3799 quem

391 3819 488 3853 rex
532 3804 733 3853 Darius
791 3820 890 3855 suo
940 3803 1064 3855 loco
1121 3804 1178 3853 in
1224 3803 1477 3869 Aegypto

391 3872 754 3922 constituerat
802 3871 1047 3937 regulum
1094 3888 1139 3922 s.
1179 3877 1478 3938 satrapam,

391 3939 503 3991 tale
521 3940 652 4005 quid
669 3941 997 4005 respondere
1015 3941 1296 4002 sacerdota
1332 3941 1478 4008 quod

392 4009 519 4061 dein
557 4009 625 4058 ad
662 4009 838 4073 ipsum
888 4025 1070 4074 regem
1114 4008 1381 4076 perlatum
1414 4011 1479 4061 il-

388 4077 495 4130 lius
530 4079 668 4129 iram
697 4077 1115 4143 haudquaquam
1140 4080 1326 4130 movit.
1405 4080 1480 4131 At

391 4162 588 4199 nomen
621 4147 779 4197 Darii
821 4147 968 4211 regis
1004 4162 1149 4198 nuuc
1192 4148 1477 4200 inventum

278 4238 288 4249 ·
394 4220 480 4268 est
531 4215 853 4279 inscriptum
911 4215 1213 4279 parietibus
1271 4217 1476 4283 templi,

392 4284 540 4351 quod
585 4286 644 4336 iu
687 4300 888 4349 mag-na
926 4283 1062 4335 Oasi
1101 4290 1185 4336 est
1225 4300 1290 4335 eo
1333 4285 1475 4351 loco,

392 4357 488 4421 qui
508 4357 738 4406 vocatur
758 4354 830 4404 El
855 4353 1131 4419 Khergeh‚
1164 4358 1307 4405 teste
1341 4355 1477 4404 Wil-

392 4426 609 4477 kinson.
637 4424 894 4475 Menners
913 4427 1020 4475 etc.
1040 4424 1088 4475 1.
1115 4439 1168 4489 p.
1200 4424 1322 4476 199.
1359 4423 1473 4481 Cfr.

1754 1391 2054 1471 Δαρεῖον
2078 1382 2206 1470 μέν
2230 1408 2364 1450 νυν
2391 1382 2665 1468 λέγουσι

1576 1655 1854 1705 Letronne
1890 1652 1971 1701 in:
2011 1650 2244 1704 Journal
2276 1651 2330 1702 d.
2358 1651 2488 1702 Sav.
2508 1649 2667 1703 1838.

1578 1740 1630 1789 p.
1670 1722 1772 1775 237
1810 1737 1926 1786 seq.
1999 1723 2248 1787 Namque
2280 1720 2468 1786 templi
2504 1720 2670 1771 huius

1578 1808 1705 1859 pars
1744 1792 1813 1842 ab
1848 1792 1969 1855 ipso
2004 1791 2106 1841 hoc
2143 1806 2273 1856 rege
2308 1791 2416 1841 fuit
2455 1794 2672 1840 exstru-

1578 1868 1689 1913 cta..
1745 1859 2045 1911 Confirmat
2080 1860 2216 1910 haec
2252 1859 2518 1911 Rosellini
2553 1861 2671 1910 Mo-

1580 1948 1726 1983 num.
1765 1930 1953 1981 storic.
1994 1930 2070 1981 11.
2107 1945 2234 1995 pag.
2277 1930 2378 1981 170
2401 1945 2513 1995 seq.
2556 1928 2671 1980 alia

1581 2016 1795 2067 quoque
1824 1999 2052 2050 afferens
2080 2000 2396 2050 testimonia
2425 2000 2669 2050 eiusdem

1580 2071 1834 2121 nominis.
1881 2098 1948 2107 —-—
1982 2070 2090 2120 Pro
2137 2067 2287 2133 vulg.
2335 2063 2671 2133 ἔμπροσθεν

1581 2141 1670 2190 hic
1714 2140 1910 2204 scripsi
1957 2134 2281 2203 ἔμπροσθε,
2346 2139 2492 2203 quod
2542 2155 2669 2189 mox

1581 2224 1766 2260 omnes
1810 2208 1937 2260 libri
1981 2210 2132 2263 recte
2175 2207 2464 2272 praebent3
2519 2209 2668 2260 conf.

1577 2279 1813 2330 Bredov.
1810 2293 1978 2359 pag.
2020 2277 2138 2329 106.

1649 2339 1758 2397 οὐκ
1789 2363 1872 2397 ων
1892 2345 2123 2396 δίκαιον
2142 2337 2289 2395 εἶναι
2322 2336 2549 2395 ἱστάναι
2576 2341 2669 2411 ἔμ-

1580 2414 1806 2479 προσθε
1840 2432 1893 2470 κ.
1932 2432 1980 2465 τ.
2021 2414 2094 2482 λ.]
2135 2415 2299 2466 Hunc
2334 2414 2511 2467 locum
2544 2432 2670 2467 cum

1578 2486 1827 2537 Werfero
1865 2485 2038 2548 (Actt.
2060 2486 2250 2536 Monn.
2290 2484 2338 2537 Ι.
2374 2501 2502 2551 pag.
2548 2486 2670 2551 107)

1579 2556 1660 2607 sic
1687 2557 2044 2621 interpretor:
2080 2570 2141 2606 eo
2165 2557 2382 2621 iniquum
2399 2570 2529 2618 esse,
2564 2563 2675 2606 sta-

1580 2634 1696 2677 tuas
1721 2641 1915 2691 ponere
1949 2640 2235 2691 quemquam
2269 2632 2386 2675 ante
2415 2627 2547 2676 illius
2578 2626 2673 2676 do-

1578 2699 1758 2757 naria,
1804 2697 1904 2746 πίει·
1940 2711 2047 2745 eum
2080 2695 2233 2746 rebus
2266 2697 2425 2760 yonis
2454 2711 2677 2758 supera—

1579 2773 1675 2816 ret.
1744 2734 1856 2815 Ubi
1891 2764 2124 2815 Werfer.
2149 2763 2433 2815 admonuit
2455 2779 2673 2844 quoque

1579 2835 1856 2917 participii
1882 2850 2043 2895 usus,
2079 2834 2169 2884 eui
2196 2834 2567 2898 praepositum
2593 2826 2674 2898 μὴ

1584 2896 1674 2967 οὐ,
1711 2906 1835 2966 πίεί,
1875 2904 2234 2955 antecedente
2272 2904 2545 2954 sententia
2579 2920 2675 2955 ne-

1583 2974 1799 3039 gative,
1850 2979 1911 3023 ut
1939 2973 2046 3035 VI,
2083 2971 2186 3023 106
2231 2977 2287 3022 et
2322 2972 2488 3038 Soph.
2529 2972 2671 3024 Oed.

1583 3044 1651 3094 T.
1690 3044 1776 3104 12,
1809 3057 1945 3107 quos
1980 3042 2132 3094 locos
2174 3047 2303 3107 apte
2337 3043 2446 3092 iam
2483 3042 2673 3094 attulit

1583 3111 1851 3162 Matthiae
1885 3111 1979 3162 Gr.
2026 3112 2120 3162 Gr.
2163 3126 2217 3175 p.
2260 3110 2412 3163 1230.
2489 3114 2673 3175 Quare

1582 3181 1729 3232 haud
1773 3196 1907 3245 opus
1955 3181 2225 3242 scribere,
2274 3181 2421 3246 quod
2466 3182 2529 3232 C.
2578 3182 2672 3232 W.

1580 3252 1648 3302 F.
1662 3249 1944 3301 Buechner
1956 3249 2144 3315 (Thes.
2158 3217 2494 3302 controvers.
2514 3251 2674 3303 1830.

1582 3318 1740 3385 Hal.)
1775 3320 2081 3384 proposuit:
2134 3316 2239 3367 τοῦ
2274 3312 2352 3383 μὴ
2390 3311 2673 3384 ὑπερβαλ-

1578 3384 1840 3453 λομένου.
1904 3387 2200 3471 Vulgatum
2227 3393 2413 3439 tuetur
2439 3390 2673 3441 Godofr.

1578 3459 1924 3509 Hermaunus
1958 3459 2043 3509 in.
2082 3456 2379 3509 Schulzeit.
2419 3458 2574 3511 1833.
2614 3475 2672 3525 p.

1581 3527 1704 3590 789,
1765 3528 1920 3577 cuius
1988 3532 2171 3579 tamen
2230 3528 2674 3593 interpretationi

1581 3596 1840 3648 accedere
1890 3611 2001 3648 non
2044 3611 2296 3661 possumt
2347 3613 2450 3649 nec
2495 3598 2672 3663 mag-is

1581 3667 1761 3732 placet
1807 3681 1871 3716 ea
1917 3666 2094 3729 ratio,
2149 3681 2258 3731 qua
2302 3667 2447 3718 hunc
2490 3667 2671 3718 locum

1581 3740 1795 3786 mutata
1826 3735 2268 3800 interpunctione
2287 3735 2524 3803 intelligi
2551 3736 2674 3787 vult

1578 3803 2239 3870 A.Sander.1301trag0
2284 3821 2334 3856 z.
2381 3806 2567 3856 Kritik
2614 3821 2670 3857 u.

1579 3872 1893 3953 Erkliirung
1929 3874 1983 3924 d.
2025 3873 2246 3925 Griech.
2279 3875 2582 3925 Dramatik.
2614 3891 2671 3940 p.

1617 3935 1695 3993 ἰ
1706 3956 1829 3992 στα
1845 3941 2054 4021 vadat
2070 3942 2233 4007 paulo
2251 3947 2416 3995 antea
2438 3936 2675 3993 sovana:

1579 4040 1650 4052 ·-·
1681 4002 2018 4077 ἀνδριάντα)
2067 4013 2358 4063 transitive
2403 4013 2675 4078 accipien-

1580 4080 1707 4131 dum
1746 4079 1814 4131 de
1853 4096 1944 4145 eo,
1996 4082 2089 4146 qui
2134 4086 2376 4133 statuam
2416 4082 2671 4145 collocat,

1578 4154 1641 4200 ut
1671 4148 1834 4200 facile
1869 4149 2143 4202 obiectum
2177 4151 2268 4202 hic
2308 4152 2568 4203 omissum
2605 4168 2673 4202 ex

1578 4219 1845 4269 sermonis
1890 4225 2152 4271 contextu
2211 4220 2449 4287 suppleri
2494 4223 2675 4286 possit

1575 4278 1854 4351 ἀνάθημα
1883 4303 1927 4338 s.
1962 4280 2296 4352 ἀνδριαντα.
2314 4293 2513 4369 ,Quae
2546 4307 2673 4341 cum

1578 4356 1658 4406 ita
1676 4357 1804 4419 sint,
1825 4357 1972 4408 haud
1991 4358 2261 4425 intelligo,
2281 4375 2380 4410 cur
2398 4361 2673 4445 Schweig-

1579 4424 1842 4477 Ιιιισιιιοιο
1877 4428 2212 4479 commodius
2241 4428 2497 4481 videatur
2515 4420 2676 4480 ἔστα-
