3109 5092
1252 384 1506 448 CLIO.
1552 388 1604 447 Ῑ.
1650 396 1740 451 5².

2512 392 2631 452 107

342 561 615 645 λέγουσι
658 557 852 629 εἶναι.
910 557 1075 647 πρὸς
1117 560 1190 629 δὲ
1239 561 1352 630 καὶ
1393 565 1509 648 τῆς
1563 562 1820 630 ἑωυτοῦ
1859 561 2181 648 γυναικὸς
2221 561 2303 633 τὰ
2341 561 2474 635 ἀπὸ
2508 571 2626 656 τῆς

343 667 571 751 δειρῆς
598 658 894 750 ἀνέθηκε
920 658 957 733 ὁ
987 672 1274 749 Κροῖσος
1301 665 1413 733 καὶ
1445 661 1564 744 τὰς
1591 663 1820 748 ζώνας.
1910 670 2133 736 Ταῦτα
2173 668 2301 755 μὲν
2342 671 2408 748 ἐς
2439 678 2615 740 Δελ-
2638 677 2719 738 52

341 764 514 853 φούς
555 763 929 855 ἀπέπεμψε.
995 772 1088 859 τῷ
1126 769 1201 837 δὲ
1239 765 1655 860 Ἀμφιάρεῳ,
1701 767 2087 858 πυθόμενος
2124 768 2334 841 αὐτοῦ
2385 771 2510 860 τήν
2549 801 2622 842 τε

336 867 588 960 ἀρετὴν
620 872 732 941 καὶ
758 868 883 959 τὴν
911 868 1174 958 πάθην,
1211 868 1509 959 ἀνέθηκε
1536 870 1738 951 σάκος
1764 898 1835 940 τε
1866 871 2151 962 χρύσεον
2178 880 2312 945 πᾶν
2329 928 2347 961 ,
2381 869 2625 964 ὁμοίως

338 976 452 1043 καὶ
489 971 736 1064 αἰχμὴν
776 972 1057 1063 στερεὴν
1094 980 1317 1043 πᾶσαν
1356 977 1682 1063 χρυσέην,
1735 972 1809 1044 τὸ
1855 975 2098 1057 ξυστὸν
2147 983 2299 1068 τῇσι
2350 979 2623 1068 λόγχῃσι

342 1075 454 1147 ἐὸν
498 1072 745 1164 ὁμοίως
784 1077 1100 1166 χρύσεον·
1154 1075 1237 1146 τὰ
1273 1083 1371 1147 ἔτι
1422 1080 1534 1147 καὶ
1578 1075 1924 1166 ἀμφότερα
1969 1084 2035 1159 ἐς
2081 1081 2194 1169 ἐμὲ
2223 1073 2307 1170 ἦν
2346 1091 2624 1172 κείμενα

340 1184 417 1250 ἐν
463 1179 760 1270 Θήβῃσι,
818 1183 929 1250 καὶ
969 1189 1290 1269 Θηβαίων
1343 1184 1419 1250 ἐν
1475 1186 1573 1275 τῷ
1623 1187 1766 1275 νηῷ
1817 1188 1938 1251 τοῦ
1999 1181 2332 1273 Ἰσμηνίου
2382 1184 2620 1257 Ἀπόλ-

342 1294 577 1364 λωνος.

338 1458 556 1504 statuas
581 1452 888 1511 exstitisse,
927 1468 1067 1516 quae
1087 1453 1235 1517 ipsos
1262 1453 1431 1503 homi-

337 1539 437 1574 nes
475 1522 1031 1587 repraesentaverint3
1073 1523 1218 1588 quod
1252 1524 1429 1587 ipsum

339 1595 559 1644 fuerant
594 1592 689 1657 qui
733 1592 790 1641 in
838 1591 1290 1656 disceptationem
1337 1610 1429 1644 vo-

336 1667 547 1715 carent.
598 1660 708 1712 Alii
727 1661 961 1727 denique
982 1662 1306 1713 vocabulum
1330 1654 1430 1721 ἆρ-

336 1724 587 1789 τοκόπος
631 1732 987 1791 damnarunt,
1036 1738 1098 1783 ut
1131 1733 1426 1797 Phrynieh.

334 1805 389 1853 in
433 1802 663 1866 Eologg.
694 1817 752 1866 p.
776 1803 879 1851 222
902 1802 1042 1853 Lob.
1086 1793 1425 1865 ἀρτοκόπος,

332 1864 637 1926 ἀδόκιμον.
671 1862 777 1935 χρὴ
805 1865 869 1919 δὲ
893 1862 1228 1931 ἀρτοκόπος
1255 1860 1295 1936 ἢ
1322 1863 1423 1931 ἆρ-

334 1934 572 1997 τοποιὸς
596 1938 801 2004 λέγειν,
826 1941 922 1991 ubi
943 1946 1125 1992 tamen
1144 1942 1422 1993 Lobeekio

334 2028 461 2078 pag.
526 2010 629 2061 223
692 2025 1010 2074 persuasum
1063 2016 1176 2071 est,
1233 2027 1424 2062 voeem

332 2072 658 2138 αρτοιιόπος
715 2085 990 2143 postremo
1046 2081 1168 2132 loeo
1236 2080 1427 2145 reponi

335 2152 559 2213 debere,
608 2154 665 2199 et
700 2143 1010 2209 ἀρτοποιὸς
1056 2152 1229 2215 primo
1274 2150 1423 2209 10003

334 2223 391 2271 in
429 2235 536 2285 quo
579 2217 672 2268 ille
708 2221 882 2271 utitur
916 2220 1242 2270 Herodoteis
1289 2220 1427 2270 loeis

336 2293 383 2351 1,
419 2292 481 2341 51
525 2288 813 2351 et.1X‚82‚
851 2290 957 2340 nisi
989 2291 1207 2340 omnino
1237 2291 1425 2341 Gram-

336 2361 618 2417 matieum,
672 2365 736 2410 ut
772 2359 929 2415 alibi.
966 2360 1045 2409 ita
1081 2360 1169 2410 hie
1206 2375 1425 2425 quoque

330 2430 543 2480 rariora
597 2428 868 2481 voeabula
920 2428 1292 2480 locutionesve
1342 2430 1422 2479 in-

330 2500 474 2551 iuria
497 2499 843 2560 vituperasse
867 2498 1180 2549 credideris.
1236 2501 1311 2550 Et
1335 2515 1422 2549 oe-

331 2574 558 2621 currunt
602 2560 917 2632 ἀρτοκόποι
977 2584 1022 2618 s.
1072 2569 1307 2633 pistores
1364 2570 1420 2618 in

328 2642 618 2690 Persarum
656 2652 872 2704 quoque
911 2638 1038 2687 aula
1081 2640 1260 2701 regim
1305 2639 1417 2689 vid.

328 2707 677 2773 Xenophont.
713 2707 927 2758 Hellen.
951 2708 1079 2767 vn,
1113 2709 1161 2767 1,
1184 2708 1253 2759 26
1291 2708 1414 2759 coll.

330 2778 636 2842 Cyropaed.
684 2778 760 2836 V,
796 2779 858 2837 5,
908 2776 994 2829 39.
1079 2777 1238 2828 Unde
1273 2778 1419 2843 apud

328 2847 647 2898 Iuvenalem
695 2847 813 2899 Sat.
849 2847 928 2906 V,
966 2848 1033 2897 72
1069 2851 1301 2909 artocopi
1337 2863 1420 2897 re-

325 2918 493 2968 tineri
528 2917 739 2973 malim,
773 2916 1073 2979 lubensque
1098 2917 1170 2966 ad
1200 2916 1419 2968 Weberi

326 2987 629 3049 nuperrimi
670 2986 896 3037 editoris
956 2987 1283 3037 sententiam
1333 3003 1421 3037 ae·

327 3054 494 3115 cedo,
538 3056 649 3107 hoe
686 3056 755 3106 de
797 3055 919 3105 loeo
968 3048 1242 3120 copiosius
1290 3057 1421 3107 seri·

324 3126 533 3177 bentis.
616 3125 700 3176 Ad
747 3125 1202 3189 significationem
1252 3116 1419 3185 ἄρτο-

324 3188 499 3250 ποιὸς
556 3210 665 3245 non
709 3195 916 3245 distare
962 3195 1030 3245 ab
1076 3186 1417 3255 ἀρτοκόπος,

328 3282 394 3315 eo
421 3265 600 3314 minus
619 3265 855 3315 dubitari
872 3265 1091 3329 poterit,
1120 3280 1241 3314 enm
1255 3264 1417 3315 Athe-

324 3350 500 3385 naeus
536 3333 633 3394 IV,
674 3334 754 3383 15.
788 3334 850 3384 41
889 3333 1114 3384 alterum
1149 3333 1417 3384 Herodoti

320 3405 507 3455 locum
562 3404 858 3467 respit-,iens
914 3403 1195 3468 scripserit
1249 3395 1417 3467 ἀρτο-

325 3467 502 3531 ποιὸς
536 3487 634 3535 pro
667 3463 1005 3529 ἀρτοκόπος.

392 3533 468 3593 τὰ
509 3534 627 3590 ἀπὸ
678 3538 780 3604 τῆς
833 3537 1026 3603 δειρῆς
1084 3531 1339 3603 ἀνέθηκε
1382 3529 1413 3587 ὁ

324 3613 584 3673 Κροῖσος
641 3605 735 3660 καὶ
790 3601 890 3666 τὰς
935 3601 1137 3673 ζώνας]
1186 3601 1256 3656 τὰ
1301 3600 1416 3657 ἀπὸ

322 3680 428 3744 τῆς
475 3676 671 3743 δειρῆς
719 3683 846 3729 sunt
880 3680 1081 3730 monilia
1126 3680 1253 3728 collo
1288 3692 1419 3728 uxo·

321 3755 399 3803 ris
434 3751 701 3803 detracta.
740 3764 810 3798 ne
844 3748 975 3812 quid
1013 3748 1225 3798 scilieet
1256 3747 1418 3811 Apol-

318 3822 421 3871 lini
470 3834 705 3879 neoeasse
757 3817 1062 3879 videretur,
1115 3822 1179 3867 ut
1232 3817 1418 3867 existi·

320 3895 439 3941 mat
476 3887 902 3953 Wesselingius‚
956 3891 1084 3937 ante
1120 3887 1417 3937 admonens

319 3958 597 4011 Athenaei
632 3958 729 4007 VI.
770 3974 823 4021 p.
841 3958 945 4007 232
983 3956 1049 4007 de
1085 3955 1249 4007 simili
1287 3970 1416 4019 quo-

317 4031 451 4079 dam
488 4027 660 4089 dono,
698 4032 753 4077 et
786 4026 1063 4078 Eustathii
1101 4025 1170 4076 ad
1192 4024 1413 4076 Homer.

316 4100 529 4165 Odyss.
567 4114 621 4162 p.
660 4095 783 4157 453,
817 4096 885 4148 23
912 4095 1084 4147 Basil.

710 4264 843 4317 cir.
889 4266 1019 4317 LII.

388 4356 729 4428 πυθόμενος
764 4355 944 4412 αὐτοῦ
977 4354 1084 4426 τήν
1116 4375 1175 4410 τε
1208 4336 1420 4424 ἀρετὴν

312 4432 415 4485 καὶ
448 4426 557 4501 τὴν
595 4425 835 4499 πάθην]
878 4434 1141 4499 Spectant
1176 4431 1313 4482 haee
1348 4429 1419 4481 ad

1532 1467 1626 1513 ea,
1665 1467 1804 1516 quae
1834 1454 1900 1503 de
1931 1454 2244 1519 Amphiarai
2270 1454 2401 1505 fatis
2425 1456 2622 1508 Graeci

1530 1522 1798 1574 ferebant.
1870 1524 1994 1575 vid.
2039 1540 2204 1589 supra
2240 1524 2310 1574 ad
2345 1526 2390 1586 1,
2425 1526 2512 1577 46.

1520 1585 1545 1605 ’
1620 1584 1688 1639 τὸ
1754 1584 1963 1653 ξυστὸν
2026 1591 2153 1647 τῆσι
2226 1587 2456 1659 λόγχῃσι
2526 1587 2623 1645 ἐὸν

1530 1656 1744 1722 ὁμοίως
1813 1654 2087 1729 χρύσεον]
2159 1665 2242 1713 De
2300 1666 2620 1716 nominativi

1529 1735 1807 1781 structura
1856 1732 1912 1780 in
1959 1732 2044 1781 his
2098 1733 2170 1782 ef.
2220 1733 2433 1783 Geisler
2487 1735 2525 1785 l.
2580 1736 2618 1785 l.

1528 1816 1654 1866 pag.
1697 1801 1786 1851 25.
1846 1791 1911 1849 τὸ
1968 1793 2176 1861 ξυστὸν
2232 1808 2318 1851 est
2359 1802 2508 1853 Ιιαεια
2572 1821 2618 1855 s.

1522 1870 1731 1933 hastile,
1781 1859 1816 1931 ἡ
1854 1861 2028 1934 λόγχη
2075 1870 2253 1921 hastae
2295 1875 2536 1934 spiculum
2571 1890 2617 1924 s.

1525 1943 1722 2002 cuspis,
1762 1943 1825 1988 ut
1860 1939 1994 1999 VII,
2032 1940 2119 1990 69.
2166 1940 2254 1989 77.
2317 1941 2455 1993 Add.
2495 1944 2622 1992 Am-

1526 2024 1670 2059 mon.
1728 2008 1796 2057 de
1851 2008 2142 2059 differentt.
2197 2011 2429 2061 voeabb.
2489 2028 2614 2081 pag.

1531 2078 1633 2128 100
1677 2078 1807 2142 ibiq.
1857 2078 2118 2129 Valcken.
2172 2080 2518 2132 Animadvss.
2563 2099 2615 2147 p.

1532 2147 1634 2199 170
1669 2152 1724 2198 et
1760 2163 1900 2211 quae
1927 2147 2036 2198 alia
2068 2148 2260 2199 laudat
2282 2150 2607 2217 wesseling.

1600 2216 1831 2276 κείμενα
1855 2208 1916 2264 ἐν
1947 2209 2185 2281 Θήβῃσι,
2224 2214 2322 2268 καὶ
2348 2217 2621 2283 Θηβαίων

1527 2276 1591 2336 ἔν
1624 2286 1703 2349 τῷ
1731 2283 1874 2351 νηῶ]
1906 2287 2165 2338 Bar-thius
2203 2288 2471 2341 maluerat
2504 2292 2617 2341 κεί-

1526 2370 1668 2418 μενα
1702 2346 1763 2404 ἐν
1799 2348 2061 2419 θήκῃσι
2092 2354 2393 2420 Θηβαίωνς
2428 2376 2620 2426 perpe-

1524 2441 1668 2487 ram,
1698 2430 1760 2476 ut
1775 2425 1912 2475 bene
1943 2427 2086 2477 vidit
2105 2427 2434 2491 Wesseling.
2475 2432 2618 2482 Nam

1524 2488 1684 2559 θήκη
1730 2501 1814 2545 est
1859 2495 2074 2555 bustum,
2129 2499 2320 2548 loculus
2362 2496 2498 2560 (vid.
2539 2502 2614 2561 11,
2685 2492 2694 2501 ⁰

1524 2565 1592 2614 67
1639 2564 1771 2628 ibiq.
1826 2565 2020 2625 nott.),
2076 2566 2294 2617 minime
2337 2583 2494 2630 vere,
2554 2576 2617 2620 ut

1521 2633 1783 2685 Barthius
1830 2634 2128 2684 arbitratus
2179 2640 2290 2695 est,
2348 2636 2617 2690 thesaurus

1520 2718 1808 2767 rerumque
1845 2718 2121 2753 sacrarum
2166 2704 2425 2755 favissae.
2499 2708 2614 2758 Nee

1520 2774 1698 2835 magis
1737 2773 2129 2832 necessarium,
2172 2774 2317 2836 quod
2357 2776 2613 2827 Reiskius

1520 2842 1834 2908 proposuit:
1873 2837 1966 2891 καὶ
1997 2838 2258 2908 Θηβέων,
2287 2859 2405 2894 eum
2430 2845 2613 2896 huius-

1520 2911 1667 2962 modi
1705 2912 1969 2961 transitus
2014 2913 2083 2961 ab
2134 2913 2346 2963 urbium
2382 2917 2611 2966 nomini-

1520 2982 1624 3037 bus
1676 2981 1746 3031 ad
1791 2996 1976 3031 earum
2031 2982 2238 3032 incolas
2297 2983 2444 3035 haud
2487 3002 2610 3037 raro

1522 3056 1828 3103 occurrant.
1870 3078 1937 3087 —
1992 3052 2325 3103 Particulam
2373 3050 2468 3104 καὶ
2526 3047 2611 3121 (ἐν

1524 3111 1772 3183 Θήβησι,
1809 3116 1921 3169 καὶ
1956 3118 2250 3186 Θηβαίων)
2302 3139 2410 3174 ιιοιι
2447 3141 2609 3191 oopu-

1520 3189 1750 3239 lativam
1785 3190 1839 3239 h.
1867 3190 1905 3240 l.
1926 3206 2064 3251 esse,
2096 3190 2192 3241 sed
2223 3193 2608 3258 explieativam

1521 3256 1721 3320 (idque.
1762 3259 1960 3324 eaque),
1999 3267 2182 3311 monet
2202 3263 2286 3312 vir
2323 3264 2516 3314 doetus
2551 3266 2608 3315 in

1519 3327 1682 3377 Mem.
1710 3328 1778 3378 de
1800 3328 2014 3380 l'Aead.
2036 3330 2088 3380 d.
2113 3331 2373 3395 Inscript.
2397 3335 2606 3386 T.v11.

1519 3394 1719 3457 (Paris.
1765 3398 1923 3461 1824)
1963 3414 2089 3463 pag.
2129 3398 2214 3449 39.
2288 3402 2428 3451 Nam
2468 3403 2608 3452 The·

1517 3467 1603 3516 bis
1648 3475 1700 3516 et
1744 3468 1938 3531 quidem
1981 3468 2038 3516 in
2085 3468 2348 3530 Apollinis
2406 3471 2606 3535 templo

1519 3535 1763 3599 reposita
1798 3551 1920 3586 esse
1956 3537 2201 3586 donaria.
2263 3538 2347 3587 De
2385 3530 2606 3603 Θήβῃσι

1520 3603 1640 3668 (pro
1668 3596 1929 3670 Θήβαις),
1954 3606 2047 3655 ubi
2084 3605 2243 3655 modo
2265 3606 2482 3656 additur
2513 3624 2607 3658 vo-

1519 3674 1645 3724 eula
1690 3663 1779 3731 ἐν,
1835 3674 1995 3723 modo
2043 3674 2339 3739 omittitur,
2396 3677 2604 3726 consul.

1519 3742 1799 3793 Sohaefer.
1835 3742 1906 3791 ad
1941 3743 2216 3794 Lambert.
2253 3745 2381 3795 Bos.
2422 3744 2489 3796 de
2517 3746 2606 3797 El-

1517 3811 1643 3872 lips.
1691 3825 1817 3875 pag.
1861 3810 1984 3862 699.
2051 3812 2175 3863 Vid.
2228 3814 2305 3877 V,
2345 3813 2431 3865 59.
2503 3816 2602 3866 Cr.

1519 3880 1676 3997 adgit
1699 3881 1853 3931 Bast.
1890 3881 2079 3932 Lettre
2113 3883 2290 3948 eritiq.
2326 3900 2454 3949 pag.
2483 3886 2605 3939 152.

1683 3947 1763 3997 vsi
1800 3947 1922 4016 νηῷ
1957 3948 2062 3999 τοῦ
2092 3941 2379 4016 Ἰσμηνίου
2421 3948 2607 4004 Ἀπόλ-

1515 4015 1723 4084 λωνος]
1768 4020 1852 4069 De
1896 4020 2099 4084 templo
2136 4021 2400 4084 Apollinis
2442 4023 2607 4075 Isme-

1517 4087 1598 4136 nii
1621 4088 1822 4138 Noster
1842 4089 1908 4150 V,
1937 4090 2023 4151 59,
2047 4090 2141 4140 ubi
2163 4091 2274 4142 vid.
2311 4096 2452 4143 nott.
2500 4093 2610 4158 Qui

1518 4156 1795 4220 peculiare
1847 4158 2162 4222 Amphiarai
2232 4160 2491 4211 sacellum
2548 4165 2604 4212 in

1519 4225 1788 4289 Apollinis
1827 4227 2028 4291 templo
2074 4228 2248 4279 fuisse
2292 4231 2608 4282 existimant

1520 4299 1618 4343 aut
1653 4294 1803 4345 alind
1827 4295 2144 4360 Amphiarai
2178 4298 2364 4349 fanum
2399 4300 2457 4348 in
2485 4301 2606 4364 ipso

1520 4377 1672 4427 agro·
1689 4363 1950 4415 Thebano
1984 4365 2130 4415 haud
2166 4367 2353 4431 procul
2378 4369 2449 4418 ab
2472 4369 2608 4419 urbe

1517 4436 1755 4497 ponunt,
1800 4432 2148 4485 donariorum
2191 4436 2608 4488 translationem
