3109 5092
1227 373 1343 435 GL
1358 374 1482 437 10.
1526 376 1580 436 Ι.
1628 381 1751 436 174.

2498 374 2618 437 341

342 549 459 633 τῆς
484 542 704 635 χόρης
730 550 847 637 τῆς
883 552 1213 638 σφετέρης
1248 550 1703 640 τετραμμένης
1740 551 1808 630 ἐς
1849 548 2100 620 πόντον
2118 600 2137 636 ,
2179 548 2255 621 τὸ
2298 547 2383 639 δὴ
2423 549 2616 642 Τριό-

345 673 503 718 πιον
529 652 856 720 καλέεται.
918 647 1256 742 ἀργμένης
1284 653 1360 722 δὲ
1387 656 1461 722 ἐκ
1483 657 1603 741 τῆς
1629 654 2043 742 χερσονήσου
2067 658 2185 742 τῆς
2209 660 2617 743 Βυβασσίης,

347 751 583 839 ἐούσης
634 780 708 823 τε
763 753 977 842 πάσης
1015 761 1134 844 τῆς
1175 760 1490 845 Κνιδίης,
1551 754 1729 845 πλὴν
1767 752 2031 845 ὀλίγης,
2073 755 2439 848 περιρρόου
2511 756 2621 842 (τά

345 855 472 944 μὲν
529 853 658 943 γὰρ
706 853 914 946 αὐτῆς
977 857 1142 945 πρὸς
1197 863 1444 950 βορέην
1495 857 1747 948 ἄνεμον
1800 854 1836 928 ὃ
1897 857 2313 949 Κεραμεικὸς
2375 860 2622 940 κόλπος

345 955 660 1048 ἀπέργει,
698 957 780 1029 τὰ
822 961 899 1031 δὲ
938 959 1106 1052 πρὸς
1151 962 1353 1034 νότον
1390 958 1432 1052 ἡ
1471 959 1642 1032 κατὰ
1672 960 1918 1051 Σύμην
1960 990 2033 1032 τε
2073 965 2186 1033 καὶ
2216 959 2445 1033 Ῥόδον
2480 962 2619 1037 θά-

344 1159 566 1212 videtur
600 1159 802 1211 Noster
848 1163 1132 1228 scripsisse
1180 1163 1250 1214 de
1288 1164 1440 1215 Cari-

346 1233 476 1293 bus,
516 1244 651 1294 quos
678 1236 842 1282 antea
868 1233 1015 1282 omni
1038 1233 1259 1284 virtutis
1278 1233 1439 1284 laude

348 1300 671 1352 excelluisse
707 1316 872 1367 supra
906 1302 953 1365 I,
998 1302 1250 1374 1⁷1.⁵¹¹i¹³·
1294 1303 1440 1353 dixe-

349 1375 516 1488 rassoel
538 1436 1010 1504 Λακεδαιμονίων
1045 1429 1281 1489 ἄποικοι
1301 1439 1441 1490 Κνί-

349 1508 492 1575 διοι]
520 1508 845 1559 Heraclidae
880 1508 1017 1560 duce
1042 1510 1286 1575 Hippota
1318 1510 1441 1561 Cni-

352 1581 480 1630 dum
527 1578 656 1628 olim
716 1579 1028 1629 condidisse
1076 1580 1352 1644 feruntur,
1411 1585 1470 1631 e*

1223 1648 1325 1698 Cui
1361 1649 1441 1699 fa-

351 1721 471 1768 mae
507 1717 674 1767 etiam
694 1716 854 1767 fidem
888 1716 1089 1768 addere
1123 1717 1440 1778 existimant

350 1789 581 1838 Veneris
615 1785 822 1836 cultum
856 1788 913 1836 in
936 1786 1251 1838 Cnidiorum
1285 1788 1438 1852 urbe,

350 1872 493 1924 quae
539 1857 632 1906 vix
676 1855 787 1906 alia
841 1857 914 1906 sit
960 1861 1126 1922 atque
1170 1856 1440 1920 Cytherea

352 1928 539 1977 Venus
555 1964 569 1988 ,
609 1941 642 1976 a
664 1927 945 1976 Laconum
980 1925 1189 1976 colonis
1214 1926 1319 1975 huc
1343 1927 1442 1977 ad-

352 2003 531 2047 vecta.
605 1995 763 2045 Conf.
808 1994 1036 2046 Diodor.
1077 1995 1246 2046 Sicul.
1282 1995 1350 2057 V,
1386 1996 1438 2046 9.

353 2067 439 2118 53.
514 2064 573 2115 C.
613 2064 679 2115 Ο.
730 2064 984 2115 Mueller:
1030 2065 1121 2115 die
1152 2066 1353 2127 Dorer,
1391 2065 1439 2116 1.

354 2153 408 2201 p.
456 2133 559 2186 123
616 2149 731 2198 seq.
779 2133 903 2184 coll.
950 2134 1128 2185 Raoul
1173 2133 1442 2184 Rochette

355 2205 502 2255 Hist.
552 2204 620 2253 de
662 2201 874 2254 l'etabl.
922 2203 975 2253 d.
1024 2203 1203 2254 colon.
1243 2203 1437 2269 Grecq.

357 2275 468 2326 111.
508 2289 561 2338 p.
597 2273 632 2324 8
670 2288 784 2338 seq.
824 2274 909 2323 72.
982 2273 1123 2323 Add.
1149 2272 1315 2336 Corp.
1354 2273 1443 2322 In-

353 2345 567 2408 scriptt.
625 2342 850 2393 Graeco.
907 2343 974 2392 Τ.
1031 2342 1107 2392 ΙΙ.
1157 2357 1243 2391 nr.
1302 2342 1441 2392 2653

350 2409 538 2477 ibique
575 2411 816 2462 Boeckh.
859 2425 986 2477 pag.
1023 2411 1145 2462 448.
1183 2440 1256 2450 -
1299 2410 1443 2461 Ante

352 2483 523 2533 verba
558 2478 662 2545 τῆς
707 2471 897 2545 χώρης
937 2496 988 2530 τι
1033 2495 1082 2529 τ.
1123 2479 1171 2528 λ.
1209 2485 1440 2530 recentt.

354 2552 480 2603 edd.
504 2552 852 2601 inseruerunt
888 2545 964 2612 οἳ,
1003 2549 1091 2600 cui
1116 2549 1445 2612 respondeat

352 2622 498 2671 infra
535 2610 813 2684 ὤρυσσον.
884 2620 932 2670 E
977 2618 1131 2668 libris
1178 2617 1314 2668 nihil
1346 2634 1444 2668 no-

353 2695 524 2741 tatur.

422 2752 490 2809 τὸ
536 2752 610 2824 δὴ
659 2749 944 2823 Τριόπιον
989 2753 1266 2822 καλέεται]
1312 2757 1350 2806 i.
1391 2772 1440 2807 e.

353 2845 535 2896 „quae
569 2829 787 2895 quidem
831 2828 983 2892 regio
1029 2824 1169 2889 (sive
1201 2829 1444 2889 *promon-

353 2898 552 2966 torium)
568 2897 873 2964 appellatur
890 2895 1232 2962 Triopium.“
1281 2895 1442 2948 Conf.

353 2984 521 3036 supra
554 2969 601 3030 1,
639 2968 759 3020 144.

390 3081 393 3082 γ
427 3030 708 3102 ἀργμένης
747 3029 812 3087 δὲ
845 3026 905 3085 ἐκ
950 3032 1054 3098 τῆς
1088 3023 1442 3099 χερσονήσου

354 3106 458 3173 τῆς
499 3103 840 3173 Βυβασσίης]
897 3104 1050 3155 Libri
1103 3100 1442 3169 Βυβλησίης,

356 3176 503 3244 quod
547 3176 705 3227 nihili
751 3180 854 3226 est.
934 3175 1279 3237 Receperunt
1317 3171 1443 3221 inde

357 3247 612 3307 editores,
647 3246 792 3310 quod
826 3244 900 3293 Is.
938 3242 1168 3293 Vossius
1204 3241 1445 3291 coniece-

356 3321 445 3368 rat
479 3316 550 3366 ad
582 3317 844 3378 Pompon.
867 3311 995 3362 Mel.
1037 3311 1085 3375 Ι,
1123 3310 1206 3371 16,
1249 3310 1312 3360 10
1340 3312 1444 3361 Βυ-

357 3385 614 3454 βασσίης.
688 3383 845 3434 Conf.
882 3382 1109 3431 Diodor.
1140 3380 1247 3431 Sic.
1281 3380 1348 3442 V,
1375 3379 1445 3430 62

357 3457 491 3521 ibiq.
527 3452 859 3516 wesseling.
890 3450 1032 3501 Plin.
1068 3451 1140 3500 H.
1175 3451 1244 3499 N.
1280 3449 1348 3510 V,
1377 3448 1444 3498 28

359 3530 414 3578 et
476 3523 643 3574 Ovid.
713 3520 1074 3584 Metamorph.
1149 3519 1257 3581 IX,
1321 3518 1444 3596 642.

358 3594 671 3660 Stephanus
722 3592 859 3654 Byz.
912 3586 1229 3655 Βύβασσος,
1282 3586 1448 3643 πολις

364 3662 583 3726 Καρίας
616 3691 689 3702 —-·
723 3656 788 3710 τὸ
838 3650 1079 3709 ἑθνικὸν
1116 3648 1444 3723 Βυβάσσιος.

340 3727 599 3796 Ἔφορος
634 3725 698 3780 δὲ
720 3720 1014 3794 Βύβαστόν
1047 3739 1190 3791 φησι
1222 3721 1317 3775 καὶ
1340 3726 1447 3774 Βυ-

361 3799 613 3868 βάστιον.
701 3799 931 3850 Sensum
976 3796 1087 3847 loci
1140 3796 1236 3845 vix
1285 3791 1449 3843 intel-

357 3871 558 3925 lexisse
590 3869 809 3919 videtur
842 3867 1176 3926 Larcherus,
1212 3879 1333 3915 cum
1366 3863 1449 3911 ita

360 3942 528 3994 verba
560 3939 717 4004 iungi
749 3937 941 3988 vellet:
992 3933 1095 4000 τῆς
1128 3930 1451 4000 Βυβασσίης

359 4003 641 4075 ἀργμένης
674 3999 734 4058 ἐκ
763 4004 864 4072 τῆς
897 3996 1297 4069 Χερσονήσου,
1333 4002 1371 4051 i.
1400 4015 1447 4050 e.

361 4097 468 4131 aaa
501 4077 770 4130 Bubassus
802 4079 944 4141 regio
979 4090 1013 4123 a
1044 4073 1353 4124 Chersoneso
1375 4071 1451 4119 in-

360 4155 584 4213 wereu
642 4146 843 4197 etenim
886 4143 1123 4209 pertinet
1170 4132 1452 4204 ἀργμένης

362 4220 433 4272 ad
455 4209 644 4282 χώρης
666 4220 832 4280 atque
856 4210 957 4277 τῆς
986 4207 1305 4276 Βυβασσίης
1330 4224 1453 4259 cum

360 4286 606 4355 proxime
664 4282 1113 4335 antecedentibus
1160 4279 1343 4330 verbis
1393 4268 1453 4326 ἐκ

358 4355 465 4422 τῆς
508 4346 862 4419 χερσονήσου
906 4349 1261 4415 iungendum,
1308 4345 1455 4413 quod

358 4426 450 4480 vel
484 4424 831 4492 praepositus
880 4419 1145 4474 articulus
1181 4416 1452 4480 declarat3

350 1648 728 1713 Peloponneso
763 1647 869 1698 huc
899 1648 1151 1714 profecti.

1538 1162 1684 1213 unde
1737 1162 1875 1212 haec
1919 1162 2029 1213 loci
2082 1164 2272 1214 existit
2326 1164 2624 1215 sententia:

1545 1247 1706 1297 „cum
1751 1231 2098 1295 (Cnidiorum
2143 1232 2325 1298 regio)
2377 1237 2626 1296 inciperet

1539 1319 1576 1353 a
1600 1303 1908 1353 Chersoneso
1925 1302 2204 1367 Bybassia,
2234 1311 2437 1369 totaque
2464 1318 2626 1365 prae-

1539 1381 1622 1423 ter
1660 1375 1892 1437 exiemus
1926 1379 2137 1421 tractim
2164 1372 2299 1438 (quo
2325 1388 2446 1422 cum
2481 1377 2628 1422 terra

1541 1441 1846 1492 continenti
1904 1438 2184 1503 cohaeret)
2241 1450 2376 1492 esset
2423 1443 2628 1491 cir-emn-

1537 1513 1664 1578 flna.
1737 1511 2019 1574 Bybassus
2056 1510 2202 1574 ipsa,
2253 1519 2395 1576 quae
2430 1526 2628 1561 nomen

1542 1581 1694 1631 dedit
1730 1579 2093 1642 Chersoneso,
2144 1584 2297 1630 extra
2334 1580 2630 1631 Chersone-

1542 1666 1661 1700 sum
1699 1650 1808 1698 sita
1855 1654 2001 1711 erat,
2053 1664 2192 1713 quae
2238 1650 2359 1714 ipsa
2404 1654 2524 1700 tota
2557 1649 2628 1700 ad

1543 1719 1857 1770 Cnidiorum
1902 1717 2160 1767 ditionem
2205 1718 2516 1783 pertinebat
2553 1723 2625 1782 et,

1541 1790 1592 1839 si
1611 1789 1678 1838 ab
1702 1802 1813 1837 una
1844 1801 2015 1851 eaque
2029 1788 2227 1852 exigua
2244 1793 2401 1852 parte
2428 1787 2631 1837 disces-

1542 1858 1678 1908 seris
1716 1855 1859 1920 (scil.
1902 1871 1983 1917 ea,
2021 1871 2128 1920 qua
2165 1872 2287 1906 cum
2321 1862 2468 1906 terra
2504 1872 2629 1906 con·

1539 1927 1738 1976 tinenti
1760 1925 2051 1975 coniuncta
2067 1921 2232 1988 erat),
2259 1926 2461 1975 circum
2483 1926 2630 1976 circa

1541 1997 1710 2046 ferme
1742 1995 1877 2043 mari
1911 1997 2031 2044 erat
2054 1996 2257 2045 cincta.
2330 1994 2418 2043 Ibi
2438 1994 2626 2059 igitur,

1541 2066 1636 2115 ubi
1682 2064 2082 2126 Chersonesus,
2143 2078 2284 2129 quae
2339 2067 2461 2113 tota
2506 2063 2630 2113 Cni-

1544 2135 1753 2185 diorum
1798 2137 1945 2194 erat,
1993 2133 2182 2194 desiit,
2230 2133 2529 2196 incipiebat
2571 2133 2630 2182 in

1540 2209 1690 2254 terra
1746 2202 2050 2253 continenti
2106 2202 2388 2252 Bubassus
2443 2201 2631 2266 ibique

1542 2273 1708 2324 etiam
1764 2271 2023 2322 isthmum
2080 2271 2366 2336 perfodere
2412 2272 2632 2321 institu-

1542 2345 1702 2394 erunt
1730 2341 1927 2391 Cnidii.
1987 2341 2036 2391 A
2070 2342 2439 2405 septentrione
2471 2340 2632 2390 Cher-

1543 2426 1799 2462 sonesum
1843 2410 2008 2461 istam
2057 2410 2216 2460 alluit
2269 2411 2424 2461 sinus
2470 2410 2632 2460 Cera-

1543 2481 1746 2542 micus,
1796 2480 1890 2544 qui
1934 2495 2079 2530 nunc
2126 2479 2325 2532 dicitur
2372 2477 2535 2530 Golfo
2575 2479 2632 2529 di

1546 2548 1732 2601 Castel
1743 2550 2016 2600 Marmora
2029 2565 2042 2608 ς
2070 2555 2253 2600 vetere
2265 2548 2633 2613 appellatione

1545 2617 1899 2686 probabiliter
1951 2618 2185 2669 deducta
2227 2619 2299 2667 ab
2349 2618 2480 2667 urbe
2530 2617 2630 2666 Ce-

1544 2703 1724 2749 ramo,
1765 2702 1905 2751 quae
1927 2687 1998 2736 ad
2022 2687 2172 2738 illum
2194 2687 2299 2737 fuit
2323 2689 2629 2744 exstructa;

1544 2756 1822 2808 meridiem
1857 2771 2049 2807 versus
2086 2771 2260 2817 mare,
2299 2753 2443 2820 quod
2476 2754 2633 2805 iuxta

1545 2829 1746 2892 Symeu
1791 2831 1845 2876 et
1877 2825 2127 2876 Rhodum
2171 2829 2283 2888 est,
2339 2824 2634 2874 Chersone-

1546 2913 1665 2948 sum
1702 2895 2023 2946 circumdat.
2047 2925 2118 2934 —
2142 2896 2208 2945 In
2227 2894 2394 2945 verbo
2431 2884 2633 2960 ἀργμέ-

1545 2982 1651 3031 νης
1695 2981 1868 3030 aeque
1915 2969 2080 3030 atque
2124 2964 2260 3028 VII,
2312 2964 2374 3015 11
2431 2965 2634 3014 Noster

1544 3039 1894 3100 augmentum
1941 3033 2208 3099 neglexit,
2260 3033 2405 3098 quod
2440 3034 2496 3083 in
2530 3033 2635 3082 hoc

1542 3106 1708 3156 verbo
1764 3104 1903 3154 alias
1949 3104 2150 3155 addere
2195 3101 2371 3166 solet,
2428 3107 2490 3152 ut
2523 3117 2635 3152 mo-

1545 3176 1667 3226 nuit
1730 3173 1965 3225 BredoV.
2030 3189 2157 3238 pag.
2221 3172 2342 3223 294.
2443 3172 2635 3236 Neque

1543 3261 1675 3296 vero
1723 3243 1855 3293 mihi
1898 3242 2024 3292 inde
2068 3257 2206 3308 opus
2251 3241 2469 3291 videtur
2523 3256 2636 3291 mu·

1543 3315 1775 3365 tatione.

1617 3375 1687 3431 τὰ
1731 3375 1836 3445 μὲν
1874 3374 1980 3443 γὰρ
2025 3371 2202 3442 αὐτῆς
2246 3392 2297 3425 κ.
2331 3390 2381 3424 τ.
2420 3374 2492 3441 1.]
2532 3369 2634 3423 αὖ-

1545 3450 1647 3514 τῆς
1684 3450 1803 3500 seil.
1849 3438 2229 3512 χερσονήσου,
2274 3443 2421 3509 quod
2465 3459 2634 3509 prave

1549 3521 1679 3572 olim
1713 3519 1877 3568 litera
1912 3513 2111 3565 initiali
2139 3513 2332 3564 maiori
2352 3517 2471 3561 erat
2503 3513 2636 3562 scri-

1547 3594 1719 3655 ptum.
1759 3617 1829 3626 --
1864 3575 2096 3648 ἀπέργει
2135 3597 2256 3632 cum
2292 3581 2469 3632 Gaisf.
2508 3580 2635 3631 dedi

1548 3674 1647 3725 pro
1694 3648 1977 3718 ἀπείργει,
2028 3650 2411 3702 addicentibus
2459 3650 2635 3700 tribus

1545 3726 1719 3777 libris.
1797 3723 1995 3774 Confer
2039 3722 2086 3784 Ι,
2125 3722 2212 3770 72.
2284 3719 2463 3784 Atque
2510 3735 2639 3769 con-

1549 3800 1761 3848 stanter
1783 3808 1881 3858 pro
1901 3788 2068 3856 εἴργω
2087 3791 2287 3841 Noster
2306 3787 2444 3838 dixit
2467 3782 2635 3853 ἔργωε

1548 3866 1708 3932 plura
1760 3863 1876 3913 vid.
1930 3860 2076 3926 apud
2124 3859 2358 3910 Bredov.
2408 3874 2462 3923 p.
2517 3856 2635 3922 153,

1550 3936 1646 4001 qui
1689 3933 1834 3983 idem
1882 3946 1980 3996 pro
2025 3926 2206 3997 βορῆν
2251 3927 2494 3994 reposuit
2541 3924 2637 3993 βο-

1550 4001 1711 4070 ρέην,
1751 4007 1812 4052 ut
1848 4002 1892 4058 Ι,
1926 4001 1978 4062 6,
2017 4000 2112 4050 ubi
2145 3997 2262 4050 vid.

1621 4068 1658 4137 ἠ
1717 4064 1861 4121 κατὰ
1919 4060 2128 4134 Σύμην
2184 4082 2244 4117 τε
2293 4060 2390 4116 καὶ
2430 4053 2638 4114 Ῥόδον

1552 4134 1838 4205 θάλασσα]
1897 4139 2045 4205 Syme
2116 4136 2296 4188 insula
2361 4135 2639 4185 meridiem

1552 4226 1745 4264 versus
1781 4226 1815 4260 a
1853 4208 2050 4259 Cnidia
2095 4207 2303 4258 ditione
2352 4206 2491 4267 sita,
2536 4220 2639 4256 nec

1553 4284 1675 4348 ipsa
1724 4279 1889 4330 valde
1936 4282 2146 4329 remota
2192 4293 2226 4327 a
2270 4280 2419 4325 terra
2470 4273 2640 4322 conti-

1553 4351 1732 4412 nenti,
1781 4350 1924 4398 inter
1960 4347 2152 4398 Chium
2188 4349 2243 4395 et
2276 4343 2526 4394 Rhodum
2561 4343 2640 4390 in-

1554 4419 1747 4473 sulam.
1818 4416 2001 4468 Hodie
2045 4415 2246 4466 dicitur
2278 4412 2429 4482 Symo
2463 4426 2509 4462 s.
2545 4409 2643 4479 Sy-
