3109 5092
440 302 565 361 670
1308 300 1368 358 Η
1386 300 1440 358 Ε
1458 300 1513 358 R
1528 298 1583 358 O
1598 300 1658 358 D
1676 297 1730 358 Ο
1747 300 1805 357 Τ
1821 299 1851 357 Ι

440 470 545 542 ἐπ’
581 471 1039 543 ὀκτωκαίδεκα
1066 471 1348 562 πήχεας,
1391 466 1481 551 ὥς
1508 466 1886 561 ὑπερέβαλε
1912 468 2027 550 τὰς
2052 467 2381 559 ἀρούρας,
2412 468 2713 557 πνεύμα-

437 605 549 657 τος
577 575 1008 666 ἐμπεσόντος,
1063 582 1387 664 κυματίης
1413 571 1449 644 5
1480 573 1773 663 ποταμὸς
1802 577 2099 661 ἐγένετο·
2180 571 2301 643 τὸν
2331 574 2407 642 δὲ
2435 574 2717 661 βασιλέα

439 682 709 767 λέγουσι
740 685 982 749 τοῦτον
1013 675 1391 768 ἀτασθαλίῃ
1420 678 1874 768 χρησάμενον,
1904 677 2198 765 λαβόντα
2225 673 2503 766 αἰχμὴν,
2556 684 2679 765 βα·
2702 692 2811 744 154

439 786 622 875 λέειν
663 787 730 864 ἐς
773 785 978 872 μέσας
1010 781 1126 862 τὰς
1167 788 1360 862 δίνας
1401 787 1525 852 τοῦ
1565 787 1901 870 ποταμοῦ·
2009 777 2173 869 μετὰ
2205 781 2281 850 δὲ
2305 777 2549 849 αὐτίκα
2588 807 2710 847 κα-

440 887 650 976 μόντα
672 884 881 955 αὐτὸν
906 885 1063 965 τούς
1090 883 1493 973 ὀφθαλμοὺς
1521 891 1996 973 τυφλωθῆναι.
2105 886 2268 953 δέκα
2295 884 2423 972 μὲν
2451 881 2534 972 δὴ
2563 889 2715 951 ἔτεα

443 990 625 1061 εἶναί
644 1020 764 1079 μιν
802 989 1097 1078 τυφλόν,
1140 989 1476 1082 ἑνδεκάτῳ
1506 988 1583 1057 δὲ
1622 994 1763 1057 ἔτει·
1783 985 2151 1058 ἀπικέσθαι
2191 992 2261 1056 οἱ
2282 986 2609 1076 μαντήϊον
2639 988 2713 1054 ἐκ

441 1100 741 1173 Βουτοῦς
783 1092 1047 1177 πόλιος,
1092 1088 1181 1171 ὥς
1211 1092 1425 1181 ἐξήκει
1455 1094 1533 1161 τέ
1562 1096 1632 1159 oc
1657 1086 1693 1159 5
1719 1090 1958 1181 χρόνος
1984 1097 2100 1180 τῆς
2127 1098 2358 1179 ζημίης
2384 1091 2495 1158 καὶ
2543 1084 2709 1157 ἆνα-

437 1200 674 1286 βλέψει
696 1249 715 1282 ,
756 1193 1076 1284 γυναικὸς
1104 1193 1286 1288 οῦρω
1316 1194 1683 1284 νιψάμενος
1711 1193 1866 1273 τοῦς
1895 1192 2332 1283 ὀφθαλμοὺς,
2361 1190 2504 1282 ἥτις
2533 1190 2715 1281 παρὰ

438 1298 559 1368 τὸν
599 1302 850 1388 ἑωυτῆς
889 1297 1106 1389 ἄνδρα
1144 1303 1402 1387 μοῦνον
1456 1307 1856 1386 πεφοίτηκε,
1921 1294 2147 1367 ἄλλων
2195 1294 2471 1388 ἀνδρῶν
2506 1297 2713 1364 ἐοῦσα

440 1401 744 1492 ἄπειρος·
854 1403 966 1470 καὶ
1013 1400 1132 1471 τὸν
1178 1400 1445 1490 πρώτης
1482 1406 1599 1491 τῆς
1640 1403 1896 1470 ἑωυτοῦ
1934 1399 2259 1490 γυναικὸς
2299 1403 2664 1487 πειρᾶσθαι
2692 1419 2708 1432 ·

440 1533 605 1595 μετα
633 1505 744 1590 δὲ,
786 1500 876 1584 ὦς
914 1502 1040 1574 οὐκ
1067 1501 1432 1593 ἆνέβλεπε,
1472 1507 1708 1593 ἐπεξῆς
1747 1508 2019 1575 πασέων
2048 1509 2435 1594 πειρᾶσθαι.
2540 1497 2710 1571 ἀνα-

439 1611 783 1698 βλέψαντα
825 1608 899 1678 δὲ
940 1623 1355 1696 συναγαγεῖν
1381 1605 1497 1687 τὰς
1523 1623 1889 1695 γυναῖκας,
1931 1636 2067 1678 των
2108 1607 2476 1697 ἐπειρήθη,
2533 1601 2715 1692 πλὴν

441 1708 484 1801 ἢ
510 1718 625 1800 τῆς
653 1740 745 1781 τω
788 1709 970 1805 οὕρω
999 1712 1367 1800 νιψάμενος
1395 1707 1768 1799 ἀνέβλεψε,
1801 1714 1867 1791 ές
1887 1718 2049 1800 μίαν
2076 1709 2312 1796 πόλιν,
2357 1705 2400 1798 ἣ
2426 1712 2560 1778 νῦν
2585 1735 2709 1776 κα-

442 1816 658 1885 λέεται
703 1812 999 1906 Ἐρυθρὴ
1051 1821 1296 1904 βωλος·

443 2004 545 2039 στα
579 2005 629 2040 κ
668 2006 715 2043 τ,
744 1988 816 2055 λ.]
853 1989 938 2040 Ad
973 1989 1131 2040 buius
1160 1988 1266 2040 loei
1293 1992 1529 2039 structu-

443 2076 558 2109 ram
596 2057 720 2124 (τοῦ
754 2057 1040 2139 ποταμοῦ
1050 2051 1432 2117 κατελθόντος
1457 2085 1528 2095 -

441 2127 716 2193 κυματίης
758 2119 788 2177 5
827 2119 1083 2192 ποταμὸς
1132 2120 1392 2193 ἐγένετο),
1435 2128 1528 2177 ubi

442 2198 671 2263 genitivi
704 2197 960 2259 absoluti,
998 2198 1090 2261 qui
1127 2198 1399 2261 dicuntur,
1434 2213 1528 2246 no-

443 2268 826 2317 minativorum
885 2265 1003 2316 loco
1062 2267 1228 2330 positi
1275 2266 1528 2318 videntur

444 2336 591 2387 conf.
640 2335 794 2385 Koch
850 2335 922 2385 ad
969 2336 1229 2386 Antonin.
1288 2333 1524 2385 Liberal.

444 2422 495 2470 p.
548 2405 652 2455 313
695 2420 832 2469 seq„
878 2403 1135 2455 Kuehner
1180 2404 1273 2455 Gr.
1322 2404 1415 2455 Gr.
1472 2407 1522 2467 ς.

443 2476 536 2525 681
593 2491 645 2525 a.
700 2472 1074 2538 κατέρχεσθαι
1136 2472 1323 2524 eodem
1363 2488 1527 2524 sensu

445 2544 519 2607 ΙΙ,
563 2545 625 2595 19
670 2549 726 2594 et
762 2543 906 2608 apud
940 2543 1166 2595 Aristid.
1200 2543 1277 2595 11.
1314 2559 1370 2608 p.
1403 2542 1524 2606 336,

449 2581 530 2665 10’.
601 2613 689 2664 Ad
725 2628 879 2691 seqq.
916 2613 1062 2664 conf.
1099 2613 1175 2676 ΙΙ,
1218 2612 1303 2664 13.
1361 2611 1526 2663 Octo·

444 2684 618 2734 decim
663 2674 867 2748 πήχεις
912 2682 1178 2733 accedunt
1234 2683 1402 2732 ferme
1453 2681 1526 2732 ad

442 2754 644 2819 viginti
662 2758 870 2817 septem
889 2752 1054 2817 pedes
1074 2753 1383 2804 Rhenanos.
1423 2752 1527 2802 Est

444 2838 572 2873 vero
623 2824 769 2887 regis
825 2822 1029 2873 factum
1078 2822 1207 2872 inde
1253 2821 1527 2886 explican-

444 2891 598 2953 dum,
635 2891 777 2956 quod
802 2891 988 2953 Nilus,
1026 2892 1344 2956 praesertim
1369 2892 1525 2940 inun-

445 2960 682 3010 dationis
718 2959 1101 3010 saluberrimae
1133 2965 1405 3024 tempore,
1444 2974 1527 3008 sa·

444 3043 535 3078 cer
574 3028 803 3078 habetur
826 3028 971 3078 haud
997 3028 1155 3078 aliter
1190 3034 1356 3094 atque
1383 3028 1527 3079 Gan-

444 3112 539 3163 ges
580 3095 725 3162 apud
758 3096 942 3148 Indos.
1019 3097 1177 3147 Conf.
1227 3098 1296 3147 ad
1344 3097 1419 3160 ΙΙ,
1459 3097 1528 3147 90

442 3170 558 3216 not.

511 3232 788 3300 κυματίης
821 3222 851 3282 5
886 3225 1138 3299 ποταμὸς
1161 3223 1399 3297 ἐγένετο]
1427 3248 1524 3282 κυ-

442 3303 646 3370 ματίης
683 3303 882 3354 dieitur
914 3304 1111 3355 fluvius
1149 3303 1381 3368 fluctibus
1414 3305 1524 3367 aqi-

443 3382 603 3431 tatus,
646 3378 709 3425 ut
743 3372 901 3436 VIII,
946 3373 1042 3425 118
1078 3363 1286 3437 ἄνεμος
1319 3386 1523 3436 κυμα-

442 3441 804 3508 τίηςνειιιῐιιε
830 3442 995 3493 maris
1030 3443 1225 3493 fluctus
1261 3443 1523 3503 excitans,

443 3518 499 3564 et
508 3512 676 3592 apud
712 3511 967 3577 Aeschyl.
999 3511 1189 3578 Suppl.
1227 3512 1331 3564 504
1367 3510 1521 3575 (555)

443 3573 625 3645 πόρος
671 3580 1028 3647 κυματίας.
1110 3583 1239 3631 Mox
1284 3596 1407 3631 eum
1445 3596 1526 3630 re·

326 3689 335 3698 .
443 3651 608 3716 liquis
628 3650 751 3702 edd.
781 3649 975 3716 reliqui
994 3646 1230 3717 βαλέειν,
1267 3650 1337 3700 ab
1360 3650 1528 3699 omni-

443 3719 543 3772 bus
580 3719 760 3783 libris,
804 3725 1064 3786 quantum
1101 3720 1235 3782 seio,
1282 3718 1524 3781 allatum,

443 3789 539 3838 aed
588 3804 654 3839 ex
691 3789 949 3839 Bredovii
994 3755 1285 3854 praeeep'to
1330 3803 1383 3853 p.
1424 3755 1526 3839 326

443 3856 758 3907 mutandum
793 3857 850 3907 in
887 3854 1100 3935 βαλειν.

395 3944 402 3950 ’
445 3914 1526 4054 002{“{1”Zit3122⁰”0‡?³31⁰}.³⁰2²54⁰²²2¹

443 4095 513 4104 -
529 4065 614 4114 De
644 4062 863 4113 oraculo
887 4063 1168 4113 Latonae
1152 4076 1208 4111 m
1227 4061 1360 4112 urbe
1382 4063 1525 4111 Buto

443 4133 588 4184 conf.
638 4130 716 4192 ΙΙ,
757 4132 874 4182 155.
912 4161 981 4170 —-
1016 4131 1139 4194 ,,Τιι
1177 4129 1322 4179 conf.
1371 4129 1527 4179 Brui·

441 4202 590 4266 ning.
641 4199 982 4251 schediasma
1036 4198 1103 4248 de
1154 4198 1524 4248 Mesmerismo

444 4274 570 4320 ante
604 4268 928 4321 Mesmerum
967 4265 1504 4332 (Groning.1815)p

442 4339 570 4391 66.‘
607 4338 693 4392 Gr.

1408 1818 1473 1894 ἐς
1513 1814 1769 1902 ταύτην
1809 1821 2266 1884 συναλίσαντα
2324 1808 2715 1903 υποπρῆσαι

1702 1978 1858 2051 παρὰ
1892 1978 1997 2036 τὸν
2030 1977 2243 2053 ἑωυτῆς
2270 1976 2459 2052 ανδρα
2490 1982 2717 2051 μοῦνον

1631 2053 1966 2123 πεφοίτηκε]
2006 2055 2220 2126 φοιτᾶν
2266 2056 2355 2106 hie
2392 2055 2459 2106 de
2488 2070 2717 2106 eonsue-

1629 2127 1818 2176 tudine
1849 2128 2092 2177 venerea
2113 2107 2544 2192 intelligendum,
2579 2140 2718 2175 voce

1628 2195 1961 2256 honestiori,
2018 2200 2133 2245 tum
2184 2195 2250 2245 de
2307 2196 2423 2245 viro
2480 2201 2594 2245 tum
2645 2195 2716 2244 de

1628 2264 1852 2316 muliere
1896 2266 2122 2316 usitata.
2192 2266 2320 2316 Vid.
2371 2264 2468 2327 lv,
2509 2266 2533 2315 1
2576 2264 2713 2329 ibiq.

1630 2333 1826 2386 Valek.
1874 2340 1929 2385 et
1963 2334 2211 2385 Siebelis.
2247 2334 2318 2384 ad
2352 2336 2594 2384 Pausan.
2635 2333 2715 2396 ΙΙ,

1634 2401 1715 2453 10.
1753 2402 1805 2466 §-
1842 2406 1893 2465 4,
1934 2405 2025 2469 qui
2062 2405 2250 2455 eadem
2284 2408 2369 2453 est
2401 2418 2531 2454 usus
2568 2402 2718 2453 locu-

1627 2473 1797 2523 tione.
1868 2474 1942 2523 Et
1987 2474 2224 2539 pertinet
2263 2473 2368 2523 huc
2402 2488 2617 2538 quoque
2645 2472 2716 2521 ei-

1628 2540 1771 2591 milis
1796 2542 1948 2591 verbi
1971 2539 2283 2605 πειρᾶσθαι
2311 2557 2467 2605 usne,
2508 2541 2576 2591 de
2606 2556 2715 2606 quo

1628 2610 1914 2662 Ruhnken.
1964 2611 2034 2662 ad
2072 2612 2284 2662 Timaei
2320 2612 2454 2662 Lex.
2491 2609 2712 2661 Platon.

1630 2696 1754 2745 pag.
1792 2681 1912 2731 210.
1936 2682 2313 2732 —Caeterum
2350 2696 2416 2731 ex
2450 2680 2553 2731 hae
2588 2695 2714 2730 nar-

1629 2752 1843 2800 ratione
1890 2751 2028 2801 satie
2079 2756 2268 2816 patere
2315 2750 2532 2801 videtur
2576 2750 2716 2799 Lar-

1631 2819 1818 2881 ehero‚
1872 2836 2033 2885 quam
2083 2820 2324 2885 corrupti
2371 2820 2479 2870 ieta
2529 2823 2715 2869 aetate

1628 2889 1736 2937 iam
1765 2888 1966 2940 fuerint
1989 2905 2164 2941 mores
2194 2890 2604 2955 Aegyptiorum,
2632 2894 2713 2950 ut,

1631 2973 1771 3023 quae
1814 2956 1880 3008 de
1913 2958 2223 3011 Abrahamo
2268 2964 2561 3009 narrantur
2611 2958 2716 3009 Ge-

1631 3042 1748 3077 nea.
1783 3026 1911 3091 XII,
1954 3028 2014 3079 ll
2065 3034 2121 3081 et
2167 3029 2236 3079 ‹le
2280 3027 2567 3094 impudicis
2602 3042 2715 3077 mo-

1630 3096 1780 3145 ribus
1873 3097 2054 3148 uxoris
2133 3096 2448 3163 Potipharis
2544 3096 2711 3160 (ibid.

1628 3164 1883 3229 XXXIX,
1920 3167 1950 3216 7
1975 3165 2173 3233 seqq),
2211 3168 2413 3232 optime
2428 3165 2588 3217 fidem
2607 3181 2716 3216 me-

1623 3238 1866 3286 reantur.

1694 3299 1809 3352 τῶν
1854 3292 2135 3368 ἐπειρήθη
2184 3319 2234 3353 κ.
2292 3318 2341 3353 τ.
2392 3302 2464 3370 L]
2522 3303 2713 3354 Monet

1625 3369 2112 3434 Werferus(Actt.
2159 3371 2620 3437 phill.Monn.1,
2661 3373 2711 3424 1.

1628 3457 1678 3505 p.
1701 3440 1795 3505 94)
1816 3440 1882 3491 de
1908 3441 2179 3506 particula
2202 3436 2324 3505 μὲν
2360 3441 2447 3492 hie
2477 3441 2711 3503 omissa3

1628 3525 1749 3560 eam
1784 3510 1924 3560 enim
1949 3526 2070 3561 esse
2108 3511 2265 3561 huius
2291 3510 2398 3561 loci
2424 3511 2710 3574 rationem,

1628 3579 1677 3629 si
1721 3580 1845 3644 quis
1885 3579 1957 3630 ad
2004 3595 2247 3630 normam
2299 3595 2418 3631 eam
2463 3580 2713 3659 redigere

1629 3646 1790 3698 velit.
1846 3645 1961 3698 τῶν
2013 3640 2134 3727 μὲν
2188 3642 2503 3714 ἐπειρήθη,
2572 3638 2712 3697 οῦδὲ

1627 3707 1925 3783 ἀνέβλεψε,
1974 3708 2182 3776 ταύτας
2231 3712 2356 3783 μὲν
2390 3708 2520 3783 έςμ
2588 3732 2621 3765 ν

1628 3801 1676 3834 τ.
1716 3785 1764 3836 λ.
1836 3786 1900 3837 In
1937 3801 2089 3853 seqq.
2129 3786 2198 3837 ad
2244 3734 2520 3838 voculam„
2522 3715 2567 3836 ιδ

1629 3855 1854 3919 petitam
1887 3856 1945 3906 in
1980 3856 2163 3907 verbis
2198 3853 2301 3919 τῆς
2345 3849 2423 3904 δὲ
2472 3846 2711 3936 vau-dpe-

1629 3938 1731 3981 νος
1763 3939 1814 3973 κ.
1856 3939 1901 3974 τ.
1940 3923 1989 3973 λ.
2038 3915 2251 3988 ταύτην
2300 3918 2376 3974 δὲ
2411 3916 2525 3990 εἶχε
2561 3940 2617 3974 α.
2654 3939 2707 3988 y.

1627 3991 1994 4071 conf.11,39
2026 3993 2220 4075 ibique
2241 3997 2384 4044 nott.

1699 4048 1738 4124 ἢ
1774 4058 1881 4112 νῦν
1917 4058 2169 4112 καλέεται
2206 4053 2463 4126 Ἐρυθρὴ
2500 4058 2708 4129 βωλος]

1629 4129 1845 4180 Laudat
1897 4146 1962 4181 ex
2010 4129 2114 4182 hoe
2162 4129 2283 4181 loeo
2330 4130 2472 4182 hane
2521 4131 2709 4182 urbem

1627 4199 1930 4262 Stephanus
1994 4200 2130 4264 Byz.
2195 4199 2471 4250 Diodorus
2534 4200 2580 4261 Ι,
2641 4197 2713 4248 59

1626 4260 1787 4331 ἱερὰν
1804 4264 1988 4334 βῶλον
2008 4267 2159 4331 dicit,
2198 4268 2255 4318 in
2280 4236 2580 4332 Ἐρυθρὴν
2598 4282 2713 4317 mu-

1626 4336 1878 4399 tandum,
1926 4335 1975 4386 si
2022 4340 2170 4389 reete
2214 4338 2412 4390 statuit
2449 4336 2715 4388 Schlicht-
