<?xml version="1.0" encoding="UTF-8"?>
<!DOCTYPE html PUBLIC "-//W3C//DTD XHTML 1.0 Transitional//EN"
    "http://www.w3.org/TR/xhtml1/DTD/xhtml1-transitional.dtd">
<html xmlns="http://www.w3.org/1999/xhtml" xml:lang="en" lang="en">
 <head>
  <title>
</title>
<meta http-equiv="Content-Type" content="text/html;charset=utf-8" />
  <meta name='ocr-system' content='tesseract 3.04.00' />
  <meta name='ocr-capabilities' content='ocr_page ocr_carea ocr_par ocr_line ocrx_word'/>
</head>
<body>
  <div class='ocr_page' id='page_1' title='image "./herodotihalicar02unkngoog_0163.png"; bbox 0 0 3109 5092; ppageno 0'>
   <div class='ocr_carea' id='block_1_1' title="bbox 1206 384 1760 451">
    <p class='ocr_par' dir='ltr' id='par_1_1' title="bbox 1206 384 1760 451">
     <span class='ocr_line' id='line_1_1' title="bbox 1206 384 1760 451; baseline 0 -6"><span class='ocrx_word' id='word_1_1' title='bbox 1206 384 1463 446; x_wconf 84' lang='lat' dir='ltr'><strong>OLIO.</strong></span> <span class='ocrx_word' id='word_1_2' title='bbox 1508 386 1562 445; x_wconf 92' lang='grc' dir='ltr'><strong><em>Ι.</em></strong></span> <span class='ocrx_word' id='word_1_3' title='bbox 1607 394 1698 451; x_wconf 88' lang='grc'><strong>65.</strong></span> <span class='ocrx_word' id='word_1_4' title='bbox 1755 390 1760 397; x_wconf 82' lang='grc'><em>’</em></span> 
     </span>
    </p>
   </div>
   <div class='ocr_carea' id='block_1_2' title="bbox 2474 380 2591 444">
    <p class='ocr_par' dir='ltr' id='par_1_2' title="bbox 2474 380 2591 444">
     <span class='ocr_line' id='line_1_2' title="bbox 2474 380 2591 444; baseline 0.017 -2"><span class='ocrx_word' id='word_1_5' title='bbox 2474 380 2591 444; x_wconf 84' lang='grc'><strong>143</strong></span> 
     </span>
    </p>
   </div>
   <div class='ocr_carea' id='block_1_3' title="bbox 310 553 2594 753">
    <p class='ocr_par' dir='ltr' id='par_1_3' title="bbox 310 553 2594 753">
     <span class='ocr_line' id='line_1_3' title="bbox 310 553 2594 647; baseline -0.002 -18"><span class='ocrx_word' id='word_1_6' title='bbox 310 580 469 644; x_wconf 85' lang='grc' dir='ltr'><strong><em>στα,</em></strong></span> <span class='ocrx_word' id='word_1_7' title='bbox 549 561 908 647; x_wconf 81' lang='grc' dir='ltr'><strong><em>μετέστησε</em></strong></span> <span class='ocrx_word' id='word_1_8' title='bbox 975 553 1058 625; x_wconf 78' lang='grc' dir='ltr'><strong><em>τὰ</em></strong></span> <span class='ocrx_word' id='word_1_9' title='bbox 1109 556 1358 647; x_wconf 80' lang='grc' dir='ltr'><strong><em>νόμιμα</em></strong></span> <span class='ocrx_word' id='word_1_10' title='bbox 1433 556 1652 627; x_wconf 74' lang='grc' dir='ltr'><strong><em>πάντα</em></strong></span> <span class='ocrx_word' id='word_1_11' title='bbox 1717 558 1831 625; x_wconf 74' lang='grc' dir='ltr'><strong>καὶ</strong></span> <span class='ocrx_word' id='word_1_12' title='bbox 1890 555 2180 646; x_wconf 77' lang='grc' dir='ltr'><strong><em>ἐφύλαξε</em></strong></span> <span class='ocrx_word' id='word_1_13' title='bbox 2239 561 2448 626; x_wconf 80' lang='grc' dir='ltr'><strong><em>ταῦτα</em></strong></span> <span class='ocrx_word' id='word_1_14' title='bbox 2502 553 2594 644; x_wconf 78' lang='grc' dir='ltr'><strong>μὴ</strong></span> 
     </span>
     <span class='ocr_line' id='line_1_4' title="bbox 312 658 2592 753; baseline -0.002 -21"><span class='ocrx_word' id='word_1_15' title='bbox 312 668 785 753; x_wconf 71' lang='grc' dir='ltr'><strong><em>παραβαίνειν.</em></strong></span> <span class='ocrx_word' id='word_1_16' title='bbox 850 658 1016 748; x_wconf 77' lang='grc' dir='ltr'><strong><em>μετὰ</em></strong></span> <span class='ocrx_word' id='word_1_17' title='bbox 1056 660 1132 729; x_wconf 74' lang='grc' dir='ltr'><strong>δὲ</strong></span> <span class='ocrx_word' id='word_1_18' title='bbox 1182 658 1266 731; x_wconf 79' lang='grc' dir='ltr'><strong><em>τὰ</em></strong></span> <span class='ocrx_word' id='word_1_19' title='bbox 1305 663 1373 742; x_wconf 79' lang='grc' dir='ltr'><strong>ἐς</strong></span> <span class='ocrx_word' id='word_1_20' title='bbox 1410 660 1710 749; x_wconf 79' lang='grc' dir='ltr'><strong><em>πόλεμον</em></strong></span> <span class='ocrx_word' id='word_1_21' title='bbox 1749 666 2018 746; x_wconf 78' lang='grc' dir='ltr'><strong><em>ἔχοντα,</em></strong></span> <span class='ocrx_word' id='word_1_22' title='bbox 2075 663 2438 749; x_wconf 74' lang='grc' dir='ltr'><strong><em>ἐνωμοτίας</em></strong></span> <span class='ocrx_word' id='word_1_23' title='bbox 2480 660 2592 728; x_wconf 80' lang='grc' dir='ltr'><strong>καὶ</strong></span> 
     </span>
    </p>
   </div>
   <div class='ocr_carea' id='block_1_4' title="bbox 310 826 1417 4486">
    <p class='ocr_par' dir='ltr' id='par_1_4' title="bbox 310 826 1401 1446">
     <span class='ocr_line' id='line_1_5' title="bbox 312 826 1400 893; baseline -0.001 -15"><span class='ocrx_word' id='word_1_24' title='bbox 312 830 676 878; x_wconf 73' lang='lat' dir='ltr'><strong>commoratus</strong></span> <span class='ocrx_word' id='word_1_25' title='bbox 689 827 1029 878; x_wconf 79' lang='lat' dir='ltr'><strong>Cretensium</strong></span> <span class='ocrx_word' id='word_1_26' title='bbox 1060 829 1316 879; x_wconf 85' lang='lat' dir='ltr'><strong>instituta</strong></span> <span class='ocrx_word' id='word_1_27' title='bbox 1342 826 1400 893; x_wconf 89' lang='lat' dir='ltr'><strong>(i.</strong></span> 
     </span>
     <span class='ocr_line' id='line_1_6' title="bbox 313 897 1403 963; baseline 0 -16"><span class='ocrx_word' id='word_1_28' title='bbox 313 914 362 948; x_wconf 92' lang='lat' dir='ltr'><strong>e.</strong></span> <span class='ocrx_word' id='word_1_29' title='bbox 401 903 590 947; x_wconf 80' lang='lat' dir='ltr'><strong>vetera</strong></span> <span class='ocrx_word' id='word_1_30' title='bbox 622 897 829 948; x_wconf 90' lang='lat' dir='ltr'><strong>Dorum</strong></span> <span class='ocrx_word' id='word_1_31' title='bbox 875 898 1131 948; x_wconf 86' lang='lat' dir='ltr'><strong>instituta</strong></span> <span class='ocrx_word' id='word_1_32' title='bbox 1181 913 1248 948; x_wconf 85' lang='lat' dir='ltr'><strong>ae</strong></span> <span class='ocrx_word' id='word_1_33' title='bbox 1294 899 1403 963; x_wconf 87' lang='lat' dir='ltr'><strong>pri-</strong></span> 
     </span>
     <span class='ocr_line' id='line_1_7' title="bbox 310 967 1403 1033; baseline -0.001 -16"><span class='ocrx_word' id='word_1_34' title='bbox 310 967 524 1029; x_wconf 83' lang='lat' dir='ltr'><strong>mitiva,</strong></span> <span class='ocrx_word' id='word_1_35' title='bbox 561 981 703 1031; x_wconf 80' lang='lat' dir='ltr'><strong>quae</strong></span> <span class='ocrx_word' id='word_1_36' title='bbox 733 968 812 1017; x_wconf 89' lang='lat' dir='ltr'><strong>ibi</strong></span> <span class='ocrx_word' id='word_1_37' title='bbox 846 969 1022 1033; x_wconf 75' lang='lat' dir='ltr'><strong>magis</strong></span> <span class='ocrx_word' id='word_1_38' title='bbox 1058 970 1194 1033; x_wconf 77' lang='lat' dir='ltr'><strong>pura</strong></span> <span class='ocrx_word' id='word_1_39' title='bbox 1231 971 1289 1018; x_wconf 85' lang='lat' dir='ltr'><strong>et</strong></span> <span class='ocrx_word' id='word_1_40' title='bbox 1322 969 1403 1016; x_wconf 91' lang='lat' dir='ltr'><strong>in-</strong></span> 
     </span>
     <span class='ocr_line' id='line_1_8' title="bbox 310 1037 1404 1103; baseline 0 -17"><span class='ocrx_word' id='word_1_41' title='bbox 310 1042 470 1101; x_wconf 81' lang='lat' dir='ltr'><strong>teg-ra</strong></span> <span class='ocrx_word' id='word_1_42' title='bbox 518 1037 739 1085; x_wconf 80' lang='lat' dir='ltr'><strong>fuerant</strong></span> <span class='ocrx_word' id='word_1_43' title='bbox 791 1037 1139 1103; x_wconf 80' lang='lat' dir='ltr'><strong>conservata)</strong></span> <span class='ocrx_word' id='word_1_44' title='bbox 1204 1038 1261 1086; x_wconf 90' lang='lat' dir='ltr'><strong>in</strong></span> <span class='ocrx_word' id='word_1_45' title='bbox 1310 1051 1404 1101; x_wconf 77' lang='lat' dir='ltr'><strong>pa-</strong></span> 
     </span>
     <span class='ocr_line' id='line_1_9' title="bbox 313 1105 1401 1171; baseline 0.002 -17"><span class='ocrx_word' id='word_1_46' title='bbox 313 1106 473 1155; x_wconf 83' lang='lat' dir='ltr'><strong>triam</strong></span> <span class='ocrx_word' id='word_1_47' title='bbox 509 1105 855 1156; x_wconf 76' lang='lat' dir='ltr'><strong>transtulerit</strong></span> <span class='ocrx_word' id='word_1_48' title='bbox 888 1112 1053 1171; x_wconf 70' lang='lat' dir='ltr'><strong>utque</strong></span> <span class='ocrx_word' id='word_1_49' title='bbox 1102 1107 1205 1157; x_wconf 83' lang='lat' dir='ltr'><strong>hoe</strong></span> <span class='ocrx_word' id='word_1_50' title='bbox 1239 1107 1401 1156; x_wconf 90' lang='lat' dir='ltr'><strong>modo</strong></span> 
     </span>
     <span class='ocr_line' id='line_1_10' title="bbox 312 1173 1400 1240; baseline 0.001 -16"><span class='ocrx_word' id='word_1_51' title='bbox 312 1176 592 1225; x_wconf 78' lang='lat' dir='ltr'><strong>Laeonum</strong></span> <span class='ocrx_word' id='word_1_52' title='bbox 621 1189 735 1224; x_wconf 89' lang='lat' dir='ltr'><strong>rem</strong></span> <span class='ocrx_word' id='word_1_53' title='bbox 769 1173 1043 1240; x_wconf 72' lang='lat' dir='ltr'><strong>publi6am</strong></span> <span class='ocrx_word' id='word_1_54' title='bbox 1081 1176 1151 1225; x_wconf 83' lang='lat' dir='ltr'><strong>ad</strong></span> <span class='ocrx_word' id='word_1_55' title='bbox 1181 1176 1400 1226; x_wconf 84' lang='lat' dir='ltr'><strong>Creten·</strong></span> 
     </span>
     <span class='ocr_line' id='line_1_11' title="bbox 313 1244 1399 1310; baseline 0.002 -18"><span class='ocrx_word' id='word_1_56' title='bbox 313 1245 455 1293; x_wconf 88' lang='lat' dir='ltr'><strong>sium</strong></span> <span class='ocrx_word' id='word_1_57' title='bbox 487 1244 748 1294; x_wconf 81' lang='lat' dir='ltr'><strong>instituta</strong></span> <span class='ocrx_word' id='word_1_58' title='bbox 771 1246 1143 1296; x_wconf 80' lang='lat' dir='ltr'><strong>conformarit.</strong></span> <span class='ocrx_word' id='word_1_59' title='bbox 1179 1247 1266 1296; x_wconf 91' lang='lat' dir='ltr'><strong>De</strong></span> <span class='ocrx_word' id='word_1_60' title='bbox 1291 1260 1399 1310; x_wconf 80' lang='lat' dir='ltr'><strong>qua</strong></span> 
     </span>
     <span class='ocr_line' id='line_1_12' title="bbox 312 1312 1400 1366; baseline 0.002 -4"><span class='ocrx_word' id='word_1_61' title='bbox 312 1329 373 1362; x_wconf 90' lang='lat' dir='ltr'><strong>re</strong></span> <span class='ocrx_word' id='word_1_62' title='bbox 432 1312 546 1363; x_wconf 82' lang='lat' dir='ltr'><strong>vid.</strong></span> <span class='ocrx_word' id='word_1_63' title='bbox 594 1313 657 1363; x_wconf 84' lang='grc' dir='ltr'><strong><em>Ο.</em></strong></span> <span class='ocrx_word' id='word_1_64' title='bbox 713 1314 780 1364; x_wconf 82' lang='lat' dir='ltr'><strong>F.</strong></span> <span class='ocrx_word' id='word_1_65' title='bbox 829 1315 1126 1366; x_wconf 85' lang='lat' dir='ltr'><strong>Hermann.</strong></span> <span class='ocrx_word' id='word_1_66' title='bbox 1183 1315 1400 1366; x_wconf 81' lang='lat' dir='ltr'><strong>Grieeh.</strong></span> 
     </span>
     <span class='ocr_line' id='line_1_13' title="bbox 311 1381 943 1446; baseline 0.003 -14"><span class='ocrx_word' id='word_1_67' title='bbox 311 1381 722 1433; x_wconf 68' lang='lat' dir='ltr'><strong>staatsalterth.</strong></span> <span class='ocrx_word' id='word_1_68' title='bbox 762 1386 814 1446; x_wconf 73' lang='lat'><strong>§-</strong></span> <span class='ocrx_word' id='word_1_69' title='bbox 854 1385 943 1435; x_wconf 81' lang='lat'><strong>21.</strong></span> 
     </span>
    </p>

    <p class='ocr_par' dir='ltr' id='par_1_5' title="bbox 310 1445 1417 2625">
     <span class='ocr_line' id='line_1_14' title="bbox 381 1445 1402 1535; baseline 0 -34"><span class='ocrx_word' id='word_1_70' title='bbox 381 1449 681 1534; x_wconf 74' lang='grc' dir='ltr'><strong><em>μετέστησε</em></strong></span> <span class='ocrx_word' id='word_1_71' title='bbox 725 1447 796 1501; x_wconf 79' lang='grc' dir='ltr'><strong><em>τὰ</em></strong></span> <span class='ocrx_word' id='word_1_72' title='bbox 828 1445 1080 1535; x_wconf 76' lang='grc' dir='ltr'><strong>νόμιμα]</strong></span> <span class='ocrx_word' id='word_1_73' title='bbox 1116 1454 1241 1503; x_wconf 89' lang='lat' dir='ltr'><strong>Duo</strong></span> <span class='ocrx_word' id='word_1_74' title='bbox 1276 1452 1402 1502; x_wconf 84' lang='lat' dir='ltr'>libri</span> 
     </span>
     <span class='ocr_line' id='line_1_15' title="bbox 312 1515 1404 1587; baseline 0.003 -18"><span class='ocrx_word' id='word_1_75' title='bbox 312 1534 553 1585; x_wconf 86' lang='grc' dir='ltr'><strong><em>νομια,</em></strong></span> <span class='ocrx_word' id='word_1_76' title='bbox 603 1520 748 1586; x_wconf 88' lang='lat' dir='ltr'><strong>quod</strong></span> <span class='ocrx_word' id='word_1_77' title='bbox 792 1523 840 1571; x_wconf 89' lang='lat' dir='ltr'><strong>si</strong></span> <span class='ocrx_word' id='word_1_78' title='bbox 885 1522 943 1572; x_wconf 91' lang='lat' dir='ltr'><strong>in</strong></span> <span class='ocrx_word' id='word_1_79' title='bbox 987 1515 1197 1587; x_wconf 81' lang='grc' dir='ltr'><strong>νόμαια</strong></span> <span class='ocrx_word' id='word_1_80' title='bbox 1230 1527 1404 1572; x_wconf 81' lang='lat' dir='ltr'><strong>muta-</strong></span> 
     </span>
     <span class='ocr_line' id='line_1_16' title="bbox 310 1589 1403 1657; baseline 0.001 -17"><span class='ocrx_word' id='word_1_81' title='bbox 310 1596 490 1653; x_wconf 85' lang='lat' dir='ltr'><strong>retur,</strong></span> <span class='ocrx_word' id='word_1_82' title='bbox 526 1589 672 1641; x_wconf 79' lang='lat' dir='ltr'><strong>haud</strong></span> <span class='ocrx_word' id='word_1_83' title='bbox 721 1590 975 1657; x_wconf 77' lang='lat' dir='ltr'><strong>displicet</strong></span> <span class='ocrx_word' id='word_1_84' title='bbox 1016 1590 1403 1657; x_wconf 78' lang='lat' dir='ltr'><strong>wesseling-io.</strong></span> 
     </span>
     <span class='ocr_line' id='line_1_17' title="bbox 312 1658 1404 1711; baseline 0 0"><span class='ocrx_word' id='word_1_85' title='bbox 312 1659 422 1711; x_wconf 84' lang='lat' dir='ltr'><strong>Sed</strong></span> <span class='ocrx_word' id='word_1_86' title='bbox 454 1658 591 1709; x_wconf 86' lang='lat' dir='ltr'>nihil</span> <span class='ocrx_word' id='word_1_87' title='bbox 625 1660 943 1711; x_wconf 83' lang='lat' dir='ltr'><strong>mutandum</strong></span> <span class='ocrx_word' id='word_1_88' title='bbox 978 1676 1099 1711; x_wconf 87' lang='lat' dir='ltr'><strong>esse</strong></span> <span class='ocrx_word' id='word_1_89' title='bbox 1134 1661 1223 1711; x_wconf 85' lang='lat' dir='ltr'><strong>vel</strong></span> <span class='ocrx_word' id='word_1_90' title='bbox 1259 1661 1404 1711; x_wconf 83' lang='lat' dir='ltr'><strong>Thu-</strong></span> 
     </span>
     <span class='ocr_line' id='line_1_18' title="bbox 312 1722 1405 1810; baseline 0 -32"><span class='ocrx_word' id='word_1_91' title='bbox 312 1728 540 1807; x_wconf 76' lang='lat' dir='ltr'><strong>eydidis</strong></span> <span class='ocrx_word' id='word_1_92' title='bbox 587 1728 741 1779; x_wconf 83' lang='lat' dir='ltr'><strong>locus</strong></span> <span class='ocrx_word' id='word_1_93' title='bbox 783 1730 891 1810; x_wconf 86' lang='lat' dir='ltr'><strong>VI,</strong></span> <span class='ocrx_word' id='word_1_94' title='bbox 951 1733 1010 1780; x_wconf 85' lang='grc'><strong>4·</strong></span> <span class='ocrx_word' id='word_1_95' title='bbox 1073 1722 1284 1794; x_wconf 76' lang='grc' dir='ltr'><strong>νόμιμα</strong></span> <span class='ocrx_word' id='word_1_96' title='bbox 1339 1723 1405 1779; x_wconf 73' lang='grc' dir='ltr'><strong>δὲ</strong></span> 
     </span>
     <span class='ocr_line' id='line_1_19' title="bbox 313 1789 1404 1862; baseline 0.002 -15"><span class='ocrx_word' id='word_1_97' title='bbox 313 1790 552 1860; x_wconf 77' lang='grc' dir='ltr'><strong>Δωρικὰ</strong></span> <span class='ocrx_word' id='word_1_98' title='bbox 583 1789 754 1862; x_wconf 73' lang='grc' dir='ltr'><strong><em>ἐτέθη</em></strong></span> <span class='ocrx_word' id='word_1_99' title='bbox 790 1789 997 1857; x_wconf 73' lang='grc' dir='ltr'><strong><em>αὐτοῖς</em></strong></span> <span class='ocrx_word' id='word_1_100' title='bbox 1022 1799 1281 1850; x_wconf 84' lang='lat' dir='ltr'><strong>ostendit.</strong></span> <span class='ocrx_word' id='word_1_101' title='bbox 1318 1798 1404 1849; x_wconf 78' lang='lat' dir='ltr'><strong>Ad</strong></span> 
     </span>
     <span class='ocr_line' id='line_1_20' title="bbox 314 1868 1404 1934; baseline 0.002 -18"><span class='ocrx_word' id='word_1_102' title='bbox 314 1871 694 1932; x_wconf 72' lang='lat' dir='ltr'><strong>argumentum</strong></span> <span class='ocrx_word' id='word_1_103' title='bbox 742 1868 878 1918; x_wconf 83' lang='lat' dir='ltr'><strong>facit</strong></span> <span class='ocrx_word' id='word_1_104' title='bbox 922 1869 1176 1934; x_wconf 73' lang='lat' dir='ltr'>Dionysii</span> <span class='ocrx_word' id='word_1_105' title='bbox 1217 1871 1404 1919; x_wconf 76' lang='lat' dir='ltr'><strong>narra-</strong></span> 
     </span>
     <span class='ocr_line' id='line_1_21' title="bbox 314 1934 1417 2004; baseline 0 -17"><span class='ocrx_word' id='word_1_106' title='bbox 314 1939 394 1987; x_wconf 87' lang='lat' dir='ltr'><strong>tio</strong></span> <span class='ocrx_word' id='word_1_107' title='bbox 444 1934 691 2003; x_wconf 80' lang='lat' dir='ltr'><strong>(Antiqq.</strong></span> <span class='ocrx_word' id='word_1_108' title='bbox 736 1938 948 1988; x_wconf 86' lang='lat' dir='ltr'><strong>Romm.</strong></span> <span class='ocrx_word' id='word_1_109' title='bbox 992 1938 1079 2001; x_wconf 91' lang='lat'><strong>11,</strong></span> <span class='ocrx_word' id='word_1_110' title='bbox 1126 1937 1259 2004; x_wconf 85' lang='grc'><strong><em>49.),</em></strong></span> <span class='ocrx_word' id='word_1_111' title='bbox 1309 1953 1417 1989; x_wconf 79' lang='lat' dir='ltr'><strong>eos·</strong></span> 
     </span>
     <span class='ocr_line' id='line_1_22' title="bbox 314 2006 1404 2071; baseline 0 -14"><span class='ocrx_word' id='word_1_112' title='bbox 314 2007 647 2071; x_wconf 73' lang='lat' dir='ltr'><strong>Spartanos,</strong></span> <span class='ocrx_word' id='word_1_113' title='bbox 685 2007 779 2071; x_wconf 89' lang='lat' dir='ltr'><strong>qui</strong></span> <span class='ocrx_word' id='word_1_114' title='bbox 812 2007 973 2056; x_wconf 89' lang='lat' dir='ltr'><strong>nimis</strong></span> <span class='ocrx_word' id='word_1_115' title='bbox 1020 2006 1185 2057; x_wconf 81' lang='lat' dir='ltr'><strong>duras</strong></span> <span class='ocrx_word' id='word_1_116' title='bbox 1231 2012 1287 2057; x_wconf 86' lang='lat' dir='ltr'><strong>et</strong></span> <span class='ocrx_word' id='word_1_117' title='bbox 1321 2021 1404 2057; x_wconf 88' lang='lat' dir='ltr'><strong>se-</strong></span> 
     </span>
     <span class='ocr_line' id='line_1_23' title="bbox 313 2075 1405 2142; baseline 0.001 -17"><span class='ocrx_word' id='word_1_118' title='bbox 313 2090 474 2125; x_wconf 77' lang='lat' dir='ltr'><strong>veras</strong></span> <span class='ocrx_word' id='word_1_119' title='bbox 508 2076 751 2141; x_wconf 77' lang='lat' dir='ltr'><strong>Lycurgi</strong></span> <span class='ocrx_word' id='word_1_120' title='bbox 786 2075 936 2142; x_wconf 77' lang='lat' dir='ltr'><strong>leges</strong></span> <span class='ocrx_word' id='word_1_121' title='bbox 984 2076 1124 2126; x_wconf 76' lang='lat' dir='ltr'><strong>ferre</strong></span> <span class='ocrx_word' id='word_1_122' title='bbox 1166 2092 1276 2127; x_wconf 92' lang='lat' dir='ltr'><strong>non</strong></span> <span class='ocrx_word' id='word_1_123' title='bbox 1310 2091 1405 2141; x_wconf 89' lang='lat' dir='ltr'><strong>po-</strong></span> 
     </span>
     <span class='ocr_line' id='line_1_24' title="bbox 315 2144 1406 2208; baseline 0 -14"><span class='ocrx_word' id='word_1_124' title='bbox 315 2146 570 2208; x_wconf 83' lang='lat' dir='ltr'><strong>tuissent,</strong></span> <span class='ocrx_word' id='word_1_125' title='bbox 594 2145 652 2195; x_wconf 87' lang='lat' dir='ltr'><strong>in</strong></span> <span class='ocrx_word' id='word_1_126' title='bbox 675 2144 895 2195; x_wconf 82' lang='lat' dir='ltr'><strong>Italiam</strong></span> <span class='ocrx_word' id='word_1_127' title='bbox 922 2145 993 2195; x_wconf 80' lang='lat' dir='ltr'><strong>ad</strong></span> <span class='ocrx_word' id='word_1_128' title='bbox 1007 2145 1239 2196; x_wconf 82' lang='lat' dir='ltr'><strong>Sabinos</strong></span> <span class='ocrx_word' id='word_1_129' title='bbox 1262 2161 1406 2196; x_wconf 86' lang='lat' dir='ltr'><strong>eom-</strong></span> 
     </span>
     <span class='ocr_line' id='line_1_25' title="bbox 317 2214 1406 2279; baseline 0 -16"><span class='ocrx_word' id='word_1_130' title='bbox 317 2215 610 2279; x_wconf 75' lang='lat' dir='ltr'><strong>migrasse3</strong></span> <span class='ocrx_word' id='word_1_131' title='bbox 646 2214 791 2264; x_wconf 85' lang='lat' dir='ltr'><strong>unde</strong></span> <span class='ocrx_word' id='word_1_132' title='bbox 831 2214 903 2264; x_wconf 85' lang='lat' dir='ltr'><strong>ad</strong></span> <span class='ocrx_word' id='word_1_133' title='bbox 938 2215 1214 2265; x_wconf 82' lang='lat' dir='ltr'><strong>Romanos</strong></span> <span class='ocrx_word' id='word_1_134' title='bbox 1250 2215 1406 2263; x_wconf 87' lang='lat' dir='ltr'><strong>insti-</strong></span> 
     </span>
     <span class='ocr_line' id='line_1_26' title="bbox 314 2283 1403 2366; baseline -0.001 -33"><span class='ocrx_word' id='word_1_135' title='bbox 314 2289 441 2333; x_wconf 82' lang='lat' dir='ltr'><strong>tuta</strong></span> <span class='ocrx_word' id='word_1_136' title='bbox 458 2283 725 2366; x_wconf 67' lang='lat' dir='ltr'><strong>quaedam</strong></span> <span class='ocrx_word' id='word_1_137' title='bbox 739 2284 1015 2334; x_wconf 81' lang='lat' dir='ltr'><strong>Laconica</strong></span> <span class='ocrx_word' id='word_1_138' title='bbox 1038 2283 1403 2348; x_wconf 79' lang='lat' dir='ltr'>pervenerint.</span> 
     </span>
     <span class='ocr_line' id='line_1_27' title="bbox 318 2352 1407 2416; baseline -0.002 -13"><span class='ocrx_word' id='word_1_139' title='bbox 318 2355 496 2416; x_wconf 78' lang='lat' dir='ltr'><strong>Quam</strong></span> <span class='ocrx_word' id='word_1_140' title='bbox 540 2353 601 2401; x_wconf 88' lang='lat' dir='ltr'><strong>in</strong></span> <span class='ocrx_word' id='word_1_141' title='bbox 652 2368 765 2402; x_wconf 85' lang='lat' dir='ltr'><strong>rem</strong></span> <span class='ocrx_word' id='word_1_142' title='bbox 997 2352 1200 2402; x_wconf 87' lang='lat' dir='ltr'><strong>onferri</strong></span> <span class='ocrx_word' id='word_1_143' title='bbox 1252 2352 1407 2401; x_wconf 87' lang='lat' dir='ltr'><strong>iubet</strong></span> 
     </span>
     <span class='ocr_line' id='line_1_28' title="bbox 318 2354 1401 2487; baseline -0.001 -16"><span class='ocrx_word' id='word_1_144' title='bbox 318 2422 568 2472; x_wconf 77' lang='lat' dir='ltr'><strong>ciceron.</strong></span> <span class='ocrx_word' id='word_1_145' title='bbox 604 2422 673 2471; x_wconf 87' lang='lat' dir='ltr'><strong>de</strong></span> <span class='ocrx_word' id='word_1_146' title='bbox 704 2421 851 2487; x_wconf 74' lang='lat' dir='ltr'><strong>legg.</strong></span> <span class='ocrx_word' id='word_1_147' title='bbox 819 2354 994 2482; x_wconf 57' lang='lat' dir='ltr'><strong>orl-11⁶</strong></span> <span class='ocrx_word' id='word_1_148' title='bbox 1011 2422 1063 2471; x_wconf 90' lang='grc'><strong>7.</strong></span> <span class='ocrx_word' id='word_1_149' title='bbox 1089 2424 1140 2485; x_wconf 98' lang='lat'><strong>5.</strong></span> <span class='ocrx_word' id='word_1_150' title='bbox 1181 2421 1246 2472; x_wconf 83' lang='lat'><strong>16</strong></span> <span class='ocrx_word' id='word_1_151' title='bbox 1266 2421 1401 2485; x_wconf 88' lang='lat' dir='ltr'><strong>ibiq.</strong></span> 
     </span>
     <span class='ocr_line' id='line_1_29' title="bbox 319 2491 1400 2555; baseline -0.001 -15"><span class='ocrx_word' id='word_1_152' title='bbox 319 2495 461 2541; x_wconf 86' lang='lat' dir='ltr'><strong>nott.</strong></span> <span class='ocrx_word' id='word_1_153' title='bbox 498 2496 554 2540; x_wconf 89' lang='lat' dir='ltr'><strong>et</strong></span> <span class='ocrx_word' id='word_1_154' title='bbox 578 2491 839 2541; x_wconf 81' lang='lat' dir='ltr'><strong>Heineec.</strong></span> <span class='ocrx_word' id='word_1_155' title='bbox 864 2491 1147 2555; x_wconf 71' lang='lat' dir='ltr'><strong>syntagm.</strong></span> <span class='ocrx_word' id='word_1_156' title='bbox 1176 2491 1400 2555; x_wconf 79' lang='lat' dir='ltr'><strong>Antiqq.</strong></span> 
     </span>
     <span class='ocr_line' id='line_1_30' title="bbox 319 2559 1403 2625; baseline -0.001 -15"><span class='ocrx_word' id='word_1_157' title='bbox 319 2562 587 2611; x_wconf 78' lang='lat' dir='ltr'><strong>Romanu.</strong></span> <span class='ocrx_word' id='word_1_158' title='bbox 624 2575 753 2625; x_wconf 78' lang='lat' dir='ltr'><strong>pag.</strong></span> <span class='ocrx_word' id='word_1_159' title='bbox 784 2561 820 2609; x_wconf 87' lang='lat'>4</span> <span class='ocrx_word' id='word_1_160' title='bbox 847 2574 963 2625; x_wconf 82' lang='lat' dir='ltr'><strong>seq.</strong></span> <span class='ocrx_word' id='word_1_161' title='bbox 1003 2559 1088 2610; x_wconf 89' lang='lat' dir='ltr'><strong>ed.</strong></span> <span class='ocrx_word' id='word_1_162' title='bbox 1126 2559 1403 2610; x_wconf 75' lang='lat' dir='ltr'><strong>Hsubold.</strong></span> 
     </span>
    </p>

    <p class='ocr_par' dir='ltr' id='par_1_6' title="bbox 318 2621 1414 4486">
     <span class='ocr_line' id='line_1_31' title="bbox 389 2621 1405 2692; baseline 0.001 -15"><span class='ocrx_word' id='word_1_163' title='bbox 389 2621 701 2692; x_wconf 67' lang='grc' dir='ltr'><strong><em>ἐνωμοτίας</em></strong></span> <span class='ocrx_word' id='word_1_164' title='bbox 719 2622 1138 2692; x_wconf 72' lang='grc' dir='ltr'><strong><em>καὶτριηκάδας</em></strong></span> <span class='ocrx_word' id='word_1_165' title='bbox 1150 2624 1249 2678; x_wconf 67' lang='grc' dir='ltr'><strong>καὶ</strong></span> <span class='ocrx_word' id='word_1_166' title='bbox 1274 2640 1405 2678; x_wconf 83' lang='grc' dir='ltr'><strong>συσ-</strong></span> 
     </span>
     <span class='ocr_line' id='line_1_32' title="bbox 319 2696 1406 2763; baseline -0.001 -16"><span class='ocrx_word' id='word_1_167' title='bbox 319 2696 495 2763; x_wconf 87' lang='grc' dir='ltr'><strong>σίτια]</strong></span> <span class='ocrx_word' id='word_1_168' title='bbox 556 2698 809 2747; x_wconf 85' lang='lat' dir='ltr'><strong>Proxime</strong></span> <span class='ocrx_word' id='word_1_169' title='bbox 868 2696 975 2748; x_wconf 83' lang='lat' dir='ltr'><strong>hue</strong></span> <span class='ocrx_word' id='word_1_170' title='bbox 1033 2702 1248 2763; x_wconf 78' lang='lat' dir='ltr'><strong>speetat</strong></span> <span class='ocrx_word' id='word_1_171' title='bbox 1302 2698 1406 2747; x_wconf 92' lang='lat' dir='ltr'><strong>Po-</strong></span> 
     </span>
     <span class='ocr_line' id='line_1_33' title="bbox 318 2766 1405 2848; baseline 0 -32"><span class='ocrx_word' id='word_1_172' title='bbox 318 2767 504 2831; x_wconf 79' lang='lat' dir='ltr'><strong>lyaeni</strong></span> <span class='ocrx_word' id='word_1_173' title='bbox 537 2767 690 2817; x_wconf 84' lang='lat' dir='ltr'><strong>loeus</strong></span> <span class='ocrx_word' id='word_1_174' title='bbox 723 2767 779 2816; x_wconf 88' lang='lat' dir='ltr'><strong>in</strong></span> <span class='ocrx_word' id='word_1_175' title='bbox 810 2766 1089 2846; x_wconf 76' lang='lat' dir='ltr'><strong>Strategg.</strong></span> <span class='ocrx_word' id='word_1_176' title='bbox 1126 2766 1405 2848; x_wconf 87' lang='lat'>11,3,11=</span> 
     </span>
     <span class='ocr_line' id='line_1_34' title="bbox 318 2804 1407 2901; baseline -0.002 -16"><span class='ocrx_word' id='word_1_177' title='bbox 318 2829 766 2899; x_wconf 67' lang='grc' dir='ltr'><strong>Λακεδαιμόνιοι</strong></span> <span class='ocrx_word' id='word_1_178' title='bbox 798 2827 904 2899; x_wconf 76' lang='grc' dir='ltr'><strong>μὲν</strong></span> <span class='ocrx_word' id='word_1_179' title='bbox 934 2829 1008 2901; x_wconf 85' lang='grc' dir='ltr'><strong>δὴ</strong></span> <span class='ocrx_word' id='word_1_180' title='bbox 1034 2828 1178 2885; x_wconf 72' lang='grc' dir='ltr'><strong><em>κατὰ</em></strong></span> <span class='ocrx_word' id='word_1_181' title='bbox 1188 2804 1407 2900; x_wconf 76' lang='grc' dir='ltr'><strong><em>λόχους</em></strong></span> 
     </span>
     <span class='ocr_line' id='line_1_35' title="bbox 318 2894 1403 2983; baseline -0.002 -30"><span class='ocrx_word' id='word_1_182' title='bbox 318 2902 656 2968; x_wconf 70' lang='grc' dir='ltr'><strong><em>καὶμοίρας,</em></strong></span> <span class='ocrx_word' id='word_1_183' title='bbox 680 2894 1075 2983; x_wconf 74' lang='grc' dir='ltr'><strong><em>ἐνωμοτίας</em></strong></span> <span class='ocrx_word' id='word_1_184' title='bbox 1106 2900 1223 2954; x_wconf 74' lang='grc' dir='ltr'><strong>καὶ</strong></span> <span class='ocrx_word' id='word_1_185' title='bbox 1253 2916 1403 2954; x_wconf 83' lang='grc' dir='ltr'><strong>συσ-</strong></span> 
     </span>
     <span class='ocr_line' id='line_1_36' title="bbox 320 2966 1408 3038; baseline -0.005 -14"><span class='ocrx_word' id='word_1_186' title='bbox 320 2973 395 3024; x_wconf 69' lang='lat' dir='ltr'><strong>el</strong></span> <span class='ocrx_word' id='word_1_187' title='bbox 402 2988 435 3023; x_wconf 90' lang='grc' dir='ltr'><strong><em>τ</em></strong></span> <span class='ocrx_word' id='word_1_188' title='bbox 446 2989 467 3021; x_wconf 85' lang='grc' dir='ltr'><strong>ι</strong></span> <span class='ocrx_word' id='word_1_189' title='bbox 477 2988 515 3022; x_wconf 89' lang='grc' dir='ltr'><strong><em>α</em></strong></span> <span class='ocrx_word' id='word_1_190' title='bbox 570 2966 1138 3038; x_wconf 74' lang='grc' dir='ltr'><strong><em>στρατοπεδεύοντες,</em></strong></span> <span class='ocrx_word' id='word_1_191' title='bbox 1179 2968 1408 3038; x_wconf 78' lang='grc' dir='ltr'><strong><em>ἔμαθον</em></strong></span> 
     </span>
     <span class='ocr_line' id='line_1_37' title="bbox 319 3040 1402 3108; baseline 0.003 -17"><span class='ocrx_word' id='word_1_192' title='bbox 319 3056 373 3092; x_wconf 73' lang='grc' dir='ltr'><strong><em>κ.</em></strong></span> <span class='ocrx_word' id='word_1_193' title='bbox 409 3058 460 3092; x_wconf 90' lang='grc' dir='ltr'><strong>τ.</strong></span> <span class='ocrx_word' id='word_1_194' title='bbox 503 3040 553 3091; x_wconf 78' lang='grc' dir='ltr'><strong><em>λ.</em></strong></span> <span class='ocrx_word' id='word_1_195' title='bbox 608 3041 843 3094; x_wconf 75' lang='lat' dir='ltr'><strong>Beklrer.</strong></span> <span class='ocrx_word' id='word_1_196' title='bbox 888 3043 1133 3094; x_wconf 83' lang='lat' dir='ltr'><strong>Aneedd.</strong></span> <span class='ocrx_word' id='word_1_197' title='bbox 1180 3059 1236 3108; x_wconf 88' lang='lat' dir='ltr'><strong>p.</strong></span> <span class='ocrx_word' id='word_1_198' title='bbox 1275 3041 1402 3093; x_wconf 87' lang='grc'><strong>303·</strong></span> 
     </span>
     <span class='ocr_line' id='line_1_38' title="bbox 321 3106 1406 3192; baseline -0.002 -31"><span class='ocrx_word' id='word_1_199' title='bbox 321 3108 611 3161; x_wconf 79' lang='grc' dir='ltr'><strong>συσσίτια·</strong></span> <span class='ocrx_word' id='word_1_200' title='bbox 655 3108 864 3161; x_wconf 77' lang='grc' dir='ltr'><strong>δειπνα</strong></span> <span class='ocrx_word' id='word_1_201' title='bbox 905 3126 943 3160; x_wconf 88' lang='grc' dir='ltr'><strong><em>α</em></strong></span> <span class='ocrx_word' id='word_1_202' title='bbox 988 3108 1159 3192; x_wconf 73' lang='grc' dir='ltr'><strong>κοινῇ</strong></span> <span class='ocrx_word' id='word_1_203' title='bbox 1204 3106 1406 3160; x_wconf 80' lang='grc' dir='ltr'><strong>ποιοῦ-</strong></span> 
     </span>
     <span class='ocr_line' id='line_1_39' title="bbox 322 3168 1410 3258; baseline -0.005 -28"><span class='ocrx_word' id='word_1_204' title='bbox 322 3193 414 3231; x_wconf 73' lang='grc' dir='ltr'><strong>σιν</strong></span> <span class='ocrx_word' id='word_1_205' title='bbox 460 3171 522 3227; x_wconf 77' lang='grc' dir='ltr'><strong><em>οἷ</em></strong></span> <span class='ocrx_word' id='word_1_206' title='bbox 562 3171 1033 3258; x_wconf 78' lang='grc' dir='ltr'><strong>Λακεδαιμόνιοι,</strong></span> <span class='ocrx_word' id='word_1_207' title='bbox 1077 3171 1168 3236; x_wconf 67' lang='grc' dir='ltr'><strong>ὡς</strong></span> <span class='ocrx_word' id='word_1_208' title='bbox 1222 3194 1297 3229; x_wconf 79' lang='grc' dir='ltr'><strong>αν</strong></span> <span class='ocrx_word' id='word_1_209' title='bbox 1349 3168 1410 3227; x_wconf 71' lang='grc' dir='ltr'><strong><em>οἱ</em></strong></span> 
     </span>
     <span class='ocr_line' id='line_1_40' title="bbox 322 3234 1402 3313; baseline -0.001 -15"><span class='ocrx_word' id='word_1_210' title='bbox 322 3240 758 3312; x_wconf 77' lang='grc' dir='ltr'><strong><em>στρατευόμενοι</em></strong></span> <span class='ocrx_word' id='word_1_211' title='bbox 805 3240 1059 3298; x_wconf 75' lang='grc' dir='ltr'><strong>σύσσιτοι</strong></span> <span class='ocrx_word' id='word_1_212' title='bbox 1096 3234 1402 3313; x_wconf 74' lang='grc' dir='ltr'><strong><em>γίγνοιντο.</em></strong></span> 
     </span>
     <span class='ocr_line' id='line_1_41' title="bbox 321 3317 1408 3383; baseline 0.001 -16"><span class='ocrx_word' id='word_1_213' title='bbox 321 3319 481 3380; x_wconf 82' lang='lat' dir='ltr'><strong>Quae</strong></span> <span class='ocrx_word' id='word_1_214' title='bbox 514 3317 606 3367; x_wconf 82' lang='lat' dir='ltr'><strong>hie</strong></span> <span class='ocrx_word' id='word_1_215' title='bbox 639 3318 945 3368; x_wconf 87' lang='lat' dir='ltr'><strong>instituisse</strong></span> <span class='ocrx_word' id='word_1_216' title='bbox 969 3318 1168 3368; x_wconf 79' lang='lat' dir='ltr'><strong>dieitur</strong></span> <span class='ocrx_word' id='word_1_217' title='bbox 1203 3320 1408 3383; x_wconf 77' lang='lat' dir='ltr'><strong>Lycur-</strong></span> 
     </span>
     <span class='ocr_line' id='line_1_42' title="bbox 320 3386 1410 3452; baseline -0.001 -15"><span class='ocrx_word' id='word_1_218' title='bbox 320 3402 426 3452; x_wconf 78' lang='lat' dir='ltr'><strong>gus</strong></span> <span class='ocrx_word' id='word_1_219' title='bbox 473 3386 545 3436; x_wconf 83' lang='lat' dir='ltr'><strong>ad</strong></span> <span class='ocrx_word' id='word_1_220' title='bbox 592 3386 721 3436; x_wconf 85' lang='lat' dir='ltr'><strong>belli</strong></span> <span class='ocrx_word' id='word_1_221' title='bbox 765 3401 923 3441; x_wconf 85' lang='lat' dir='ltr'><strong>usum</strong></span> <span class='ocrx_word' id='word_1_222' title='bbox 971 3388 1304 3451; x_wconf 70' lang='lat' dir='ltr'><strong>spectantia,</strong></span> <span class='ocrx_word' id='word_1_223' title='bbox 1344 3401 1410 3437; x_wconf 85' lang='lat' dir='ltr'><strong>ea</strong></span> 
     </span>
     <span class='ocr_line' id='line_1_43' title="bbox 322 3455 1410 3522; baseline 0 -17"><span class='ocrx_word' id='word_1_224' title='bbox 322 3455 393 3505; x_wconf 80' lang='lat' dir='ltr'><strong>ad</strong></span> <span class='ocrx_word' id='word_1_225' title='bbox 428 3470 597 3506; x_wconf 86' lang='lat' dir='ltr'><strong>unum</strong></span> <span class='ocrx_word' id='word_1_226' title='bbox 631 3455 831 3507; x_wconf 85' lang='lat' dir='ltr'><strong>bellum</strong></span> <span class='ocrx_word' id='word_1_227' title='bbox 876 3456 977 3505; x_wconf 78' lang='lat' dir='ltr'><strong>vix·</strong></span> <span class='ocrx_word' id='word_1_228' title='bbox 1014 3456 1410 3522; x_wconf 76' lang='lat' dir='ltr'><strong>restringenda,</strong></span> 
     </span>
     <span class='ocr_line' id='line_1_44' title="bbox 321 3524 1412 3590; baseline -0.001 -16"><span class='ocrx_word' id='word_1_229' title='bbox 321 3540 512 3575; x_wconf 80' lang='lat' dir='ltr'><strong>verum</strong></span> <span class='ocrx_word' id='word_1_230' title='bbox 557 3539 731 3589; x_wconf 86' lang='lat' dir='ltr'><strong>aeque</strong></span> <span class='ocrx_word' id='word_1_231' title='bbox 774 3524 941 3576; x_wconf 72' lang='lat' dir='ltr'><strong>etism</strong></span> <span class='ocrx_word' id='word_1_232' title='bbox 995 3525 1067 3575; x_wconf 78' lang='lat' dir='ltr'><strong>ad</strong></span> <span class='ocrx_word' id='word_1_233' title='bbox 1121 3525 1412 3590; x_wconf 87' lang='lat' dir='ltr'><strong>rempubli-</strong></span> 
     </span>
     <span class='ocr_line' id='line_1_45' title="bbox 321 3593 1410 3660; baseline 0.001 -17"><span class='ocrx_word' id='word_1_234' title='bbox 321 3609 443 3644; x_wconf 85' lang='lat' dir='ltr'><strong>eam</strong></span> <span class='ocrx_word' id='word_1_235' title='bbox 506 3593 790 3644; x_wconf 80' lang='lat' dir='ltr'><strong>referenda</strong></span> <span class='ocrx_word' id='word_1_236' title='bbox 839 3598 1026 3656; x_wconf 86' lang='lat' dir='ltr'><strong>erunt,</strong></span> <span class='ocrx_word' id='word_1_237' title='bbox 1097 3596 1146 3645; x_wconf 89' lang='lat' dir='ltr'><strong>si</strong></span> <span class='ocrx_word' id='word_1_238' title='bbox 1192 3594 1410 3660; x_wconf 84' lang='lat' dir='ltr'><strong>quidem</strong></span> 
     </span>
     <span class='ocr_line' id='line_1_46' title="bbox 322 3663 1411 3727; baseline 0 -14"><span class='ocrx_word' id='word_1_239' title='bbox 322 3663 500 3713; x_wconf 85' lang='lat' dir='ltr'><strong>omnis</strong></span> <span class='ocrx_word' id='word_1_240' title='bbox 528 3663 920 3727; x_wconf 68' lang='lat' dir='ltr'><strong>Spartanorum</strong></span> <span class='ocrx_word' id='word_1_241' title='bbox 954 3664 1073 3713; x_wconf 77' lang='lat' dir='ltr'><strong>vita</strong></span> <span class='ocrx_word' id='word_1_242' title='bbox 1109 3663 1181 3714; x_wconf 86' lang='lat' dir='ltr'><strong>ad</strong></span> <span class='ocrx_word' id='word_1_243' title='bbox 1213 3664 1411 3713; x_wconf 85' lang='lat' dir='ltr'><strong>milita-</strong></span> 
     </span>
     <span class='ocr_line' id='line_1_47' title="bbox 320 3732 1412 3798; baseline 0.001 -16"><span class='ocrx_word' id='word_1_244' title='bbox 320 3748 436 3782; x_wconf 82' lang='lat' dir='ltr'><strong>rem</strong></span> <span class='ocrx_word' id='word_1_245' title='bbox 470 3747 631 3783; x_wconf 77' lang='lat' dir='ltr'><strong>nsum</strong></span> <span class='ocrx_word' id='word_1_246' title='bbox 666 3732 943 3798; x_wconf 76' lang='lat' dir='ltr'><strong>descripta</strong></span> <span class='ocrx_word' id='word_1_247' title='bbox 972 3732 1099 3795; x_wconf 74' lang='lat' dir='ltr'><strong>fuit,</strong></span> <span class='ocrx_word' id='word_1_248' title='bbox 1134 3738 1283 3787; x_wconf 84' lang='lat' dir='ltr'><strong>reete</strong></span> <span class='ocrx_word' id='word_1_249' title='bbox 1318 3748 1412 3783; x_wconf 85' lang='lat' dir='ltr'><strong>an-</strong></span> 
     </span>
     <span class='ocr_line' id='line_1_48' title="bbox 325 3801 1410 3867; baseline 0 -16"><span class='ocrx_word' id='word_1_250' title='bbox 325 3805 557 3852; x_wconf 73' lang='lat' dir='ltr'><strong>notante</strong></span> <span class='ocrx_word' id='word_1_251' title='bbox 602 3801 666 3852; x_wconf 82' lang='lat'><strong>0.</strong></span> <span class='ocrx_word' id='word_1_252' title='bbox 714 3802 779 3851; x_wconf 76' lang='lat' dir='ltr'><strong>F.</strong></span> <span class='ocrx_word' id='word_1_253' title='bbox 829 3803 1130 3852; x_wconf 83' lang='lat' dir='ltr'><strong>Hermann.</strong></span> <span class='ocrx_word' id='word_1_254' title='bbox 1184 3802 1410 3867; x_wconf 83' lang='lat' dir='ltr'><strong>Antiqq.</strong></span> 
     </span>
     <span class='ocr_line' id='line_1_49' title="bbox 322 3870 1412 3935; baseline -0.001 -15"><span class='ocrx_word' id='word_1_255' title='bbox 322 3870 573 3920; x_wconf 85' lang='lat' dir='ltr'><strong>Laeonn.</strong></span> <span class='ocrx_word' id='word_1_256' title='bbox 608 3885 664 3935; x_wconf 87' lang='lat' dir='ltr'><strong>p.</strong></span> <span class='ocrx_word' id='word_1_257' title='bbox 699 3870 790 3920; x_wconf 78' lang='lat'><strong>46.</strong></span> <span class='ocrx_word' id='word_1_258' title='bbox 835 3872 921 3920; x_wconf 91' lang='lat' dir='ltr'><strong>De</strong></span> <span class='ocrx_word' id='word_1_259' title='bbox 954 3870 1223 3921; x_wconf 76' lang='lat' dir='ltr'><strong>Enomotia</strong></span> <span class='ocrx_word' id='word_1_260' title='bbox 1255 3871 1412 3921; x_wconf 75' lang='lat' dir='ltr'><strong>varia</strong></span> 
     </span>
     <span class='ocr_line' id='line_1_50' title="bbox 318 3939 1414 4002; baseline 0 -14"><span class='ocrx_word' id='word_1_261' title='bbox 318 3939 617 3991; x_wconf 85' lang='lat' dir='ltr'><strong>traduntur</strong></span> <span class='ocrx_word' id='word_1_262' title='bbox 651 3954 686 3988; x_wconf 91' lang='lat' dir='ltr'><strong>a</strong></span> <span class='ocrx_word' id='word_1_263' title='bbox 714 3939 1011 3990; x_wconf 84' lang='lat' dir='ltr'><strong>veteribus.</strong></span> <span class='ocrx_word' id='word_1_264' title='bbox 1057 3940 1343 4002; x_wconf 86' lang='lat' dir='ltr'><strong>Timaeus,</strong></span> <span class='ocrx_word' id='word_1_265' title='bbox 1380 3954 1414 3988; x_wconf 83' lang='lat' dir='ltr'><strong>a</strong></span> 
     </span>
     <span class='ocr_line' id='line_1_51' title="bbox 322 4007 1409 4088; baseline -0.001 -29"><span class='ocrx_word' id='word_1_266' title='bbox 322 4009 411 4059; x_wconf 75' lang='lat' dir='ltr'><strong>cr.</strong></span> <span class='ocrx_word' id='word_1_267' title='bbox 452 4007 728 4088; x_wconf 77' lang='lat' dir='ltr'><strong>laudatus,</strong></span> <span class='ocrx_word' id='word_1_268' title='bbox 763 4009 821 4057; x_wconf 89' lang='lat' dir='ltr'><strong>in</strong></span> <span class='ocrx_word' id='word_1_269' title='bbox 848 4009 1063 4058; x_wconf 83' lang='lat' dir='ltr'><strong>Lexieo</strong></span> <span class='ocrx_word' id='word_1_270' title='bbox 1098 4008 1315 4059; x_wconf 82' lang='lat' dir='ltr'><strong>Platon.</strong></span> <span class='ocrx_word' id='word_1_271' title='bbox 1352 4023 1409 4073; x_wconf 89' lang='lat' dir='ltr'><strong>p.</strong></span> 
     </span>
     <span class='ocr_line' id='line_1_52' title="bbox 326 4045 1411 4158; baseline 0 -31"><span class='ocrx_word' id='word_1_272' title='bbox 326 4076 432 4127; x_wconf 78' lang='lat'><strong>106</strong></span> <span class='ocrx_word' id='word_1_273' title='bbox 482 4069 668 4158; x_wconf 74' lang='grc' dir='ltr'><strong><em>τάγμα</em></strong></span> <span class='ocrx_word' id='word_1_274' title='bbox 713 4045 887 4155; x_wconf 54' lang='grc' dir='ltr'><strong><em>ςτεζὸν</em></strong></span> <span class='ocrx_word' id='word_1_275' title='bbox 927 4077 1064 4127; x_wconf 81' lang='lat' dir='ltr'><strong>dicit</strong></span> <span class='ocrx_word' id='word_1_276' title='bbox 1107 4079 1411 4157; x_wconf 74' lang='lat' dir='ltr'><strong>noinenque</strong></span> 
     </span>
     <span class='ocr_line' id='line_1_53' title="bbox 322 4135 1413 4209; baseline 0.002 -15"><span class='ocrx_word' id='word_1_277' title='bbox 322 4144 481 4195; x_wconf 77' lang='lat' dir='ltr'><strong>ducit</strong></span> <span class='ocrx_word' id='word_1_278' title='bbox 511 4137 630 4195; x_wconf 69' lang='grc' dir='ltr'><strong>ἀπὸ</strong></span> <span class='ocrx_word' id='word_1_279' title='bbox 665 4143 771 4195; x_wconf 71' lang='grc' dir='ltr'><strong>τοῦ</strong></span> <span class='ocrx_word' id='word_1_280' title='bbox 801 4135 1049 4209; x_wconf 77' lang='grc' dir='ltr'><strong>ὀμνυναι</strong></span> <span class='ocrx_word' id='word_1_281' title='bbox 1086 4137 1299 4201; x_wconf 73' lang='grc' dir='ltr'><strong><em>αὐτοὺς</em></strong></span> <span class='ocrx_word' id='word_1_282' title='bbox 1331 4138 1413 4209; x_wconf 81' lang='grc' dir='ltr'><strong>μὴ</strong></span> 
     </span>
     <span class='ocr_line' id='line_1_54' title="bbox 320 4205 1413 4278; baseline 0.001 -15"><span class='ocrx_word' id='word_1_283' title='bbox 320 4212 547 4276; x_wconf 72' lang='grc' dir='ltr'><strong><em>λείψειν</em></strong></span> <span class='ocrx_word' id='word_1_284' title='bbox 576 4206 686 4278; x_wconf 76' lang='grc' dir='ltr'><strong><em>τὴν</em></strong></span> <span class='ocrx_word' id='word_1_285' title='bbox 713 4205 895 4275; x_wconf 75' lang='grc' dir='ltr'><strong>τάξιν,</strong></span> <span class='ocrx_word' id='word_1_286' title='bbox 928 4213 1024 4263; x_wconf 84' lang='lat' dir='ltr'><strong>ubi</strong></span> <span class='ocrx_word' id='word_1_287' title='bbox 1057 4214 1204 4264; x_wconf 78' lang='lat' dir='ltr'><strong>conf.</strong></span> <span class='ocrx_word' id='word_1_288' title='bbox 1230 4214 1413 4265; x_wconf 86' lang='lat' dir='ltr'><strong>Ruhn-</strong></span> 
     </span>
     <span class='ocr_line' id='line_1_55' title="bbox 320 4281 1413 4365; baseline 0.002 -34"><span class='ocrx_word' id='word_1_289' title='bbox 320 4281 454 4333; x_wconf 82' lang='lat' dir='ltr'><strong>ken.</strong></span> <span class='ocrx_word' id='word_1_290' title='bbox 496 4282 657 4361; x_wconf 78' lang='lat' dir='ltr'><strong>Apud</strong></span> <span class='ocrx_word' id='word_1_291' title='bbox 692 4282 933 4363; x_wconf 78' lang='lat' dir='ltr'><strong>Hesyeh.</strong></span> <span class='ocrx_word' id='word_1_292' title='bbox 980 4297 1029 4333; x_wconf 88' lang='lat' dir='ltr'><strong>s.</strong></span> <span class='ocrx_word' id='word_1_293' title='bbox 1076 4299 1131 4332; x_wconf 82' lang='lat' dir='ltr'><strong>v.</strong></span> <span class='ocrx_word' id='word_1_294' title='bbox 1177 4282 1413 4365; x_wconf 70' lang='lat' dir='ltr'><strong>expliea-</strong></span> 
     </span>
     <span class='ocr_line' id='line_1_56' title="bbox 320 4343 1411 4416; baseline -0.001 -15"><span class='ocrx_word' id='word_1_295' title='bbox 320 4356 416 4401; x_wconf 84' lang='lat' dir='ltr'><strong>tur</strong></span> <span class='ocrx_word' id='word_1_296' title='bbox 448 4343 610 4412; x_wconf 74' lang='grc' dir='ltr'><strong>τάξις</strong></span> <span class='ocrx_word' id='word_1_297' title='bbox 642 4365 729 4408; x_wconf 84' lang='grc' dir='ltr'><strong>τις</strong></span> <span class='ocrx_word' id='word_1_298' title='bbox 764 4343 864 4401; x_wconf 78' lang='grc' dir='ltr'><strong>δια</strong></span> <span class='ocrx_word' id='word_1_299' title='bbox 904 4349 1166 4416; x_wconf 74' lang='grc' dir='ltr'><strong><em>σφαγίων</em></strong></span> <span class='ocrx_word' id='word_1_300' title='bbox 1200 4344 1411 4414; x_wconf 68' lang='grc' dir='ltr'><strong><em>ἐνώμο-</em></strong></span> 
     </span>
     <span class='ocr_line' id='line_1_57' title="bbox 319 4420 1409 4486; baseline 0.004 -18"><span class='ocrx_word' id='word_1_301' title='bbox 319 4433 447 4482; x_wconf 73' lang='grc' dir='ltr'><strong><em>τοςς</em></strong></span> <span class='ocrx_word' id='word_1_302' title='bbox 486 4435 718 4486; x_wconf 77' lang='lat' dir='ltr'><strong>quocum</strong></span> <span class='ocrx_word' id='word_1_303' title='bbox 755 4420 904 4472; x_wconf 69' lang='lat' dir='ltr'><strong>conf.</strong></span> <span class='ocrx_word' id='word_1_304' title='bbox 938 4420 1187 4472; x_wconf 76' lang='lat' dir='ltr'><strong>Zonaras</strong></span> <span class='ocrx_word' id='word_1_305' title='bbox 1219 4421 1409 4472; x_wconf 63' lang='lat' dir='ltr'><strong>Luxia.</strong></span> 
     </span>
    </p>
   </div>
   <div class='ocr_carea' id='block_1_5' title="bbox 1501 822 2599 3592">
    <p class='ocr_par' dir='ltr' id='par_1_7' title="bbox 1501 822 2598 2829">
     <span class='ocr_line' id='line_1_58' title="bbox 1504 822 2593 893; baseline -0.001 -17"><span class='ocrx_word' id='word_1_306' title='bbox 1504 842 1635 892; x_wconf 81' lang='lat' dir='ltr'><strong>pag.</strong></span> <span class='ocrx_word' id='word_1_307' title='bbox 1671 826 1792 878; x_wconf 87' lang='grc'><strong><em>720.</em></strong></span> <span class='ocrx_word' id='word_1_308' title='bbox 1832 828 1953 878; x_wconf 89' lang='grc'><strong><em>722.</em></strong></span> <span class='ocrx_word' id='word_1_309' title='bbox 2003 822 2375 893; x_wconf 76' lang='lat' dir='ltr'><strong>Thucydidem</strong></span> <span class='ocrx_word' id='word_1_310' title='bbox 2406 826 2482 888; x_wconf 88' lang='lat' dir='ltr'><strong>V,</strong></span> <span class='ocrx_word' id='word_1_311' title='bbox 2524 824 2593 875; x_wconf 86' lang='grc'><strong>68</strong></span> 
     </span>
     <span class='ocr_line' id='line_1_59' title="bbox 1505 892 2594 960; baseline -0.003 -15"><span class='ocrx_word' id='word_1_312' title='bbox 1505 897 1554 945; x_wconf 91' lang='lat' dir='ltr'><strong>si</strong></span> <span class='ocrx_word' id='word_1_313' title='bbox 1603 895 1822 959; x_wconf 84' lang='lat' dir='ltr'><strong>audias,</strong></span> <span class='ocrx_word' id='word_1_314' title='bbox 1872 897 2179 946; x_wconf 83' lang='lat' dir='ltr'><strong>enomotiae</strong></span> <span class='ocrx_word' id='word_1_315' title='bbox 2233 904 2467 960; x_wconf 83' lang='lat' dir='ltr'><strong>quatuor</strong></span> <span class='ocrx_word' id='word_1_316' title='bbox 2523 892 2594 943; x_wconf 79' lang='lat' dir='ltr'><strong>ad</strong></span> 
     </span>
     <span class='ocr_line' id='line_1_60' title="bbox 1504 964 2596 1031; baseline -0.005 -15"><span class='ocrx_word' id='word_1_317' title='bbox 1504 970 1865 1031; x_wconf 75' lang='lat' dir='ltr'><strong>pentecostyn</strong></span> <span class='ocrx_word' id='word_1_318' title='bbox 1897 966 2262 1030; x_wconf 75' lang='lat' dir='ltr'><strong>pertinebant,</strong></span> <span class='ocrx_word' id='word_1_319' title='bbox 2298 979 2441 1031; x_wconf 90' lang='lat' dir='ltr'><strong>quae</strong></span> <span class='ocrx_word' id='word_1_320' title='bbox 2473 964 2596 1027; x_wconf 76' lang='lat' dir='ltr'><strong>ipsa</strong></span> 
     </span>
     <span class='ocr_line' id='line_1_61' title="bbox 1501 1035 2595 1100; baseline -0.003 -16"><span class='ocrx_word' id='word_1_321' title='bbox 1501 1036 1902 1100; x_wconf 81' lang='lat' dir='ltr'><strong>quinquaginta</strong></span> <span class='ocrx_word' id='word_1_322' title='bbox 1922 1040 2039 1085; x_wconf 77' lang='lat' dir='ltr'><strong>erat</strong></span> <span class='ocrx_word' id='word_1_323' title='bbox 2058 1035 2351 1097; x_wconf 84' lang='lat' dir='ltr'><strong>hominum,</strong></span> <span class='ocrx_word' id='word_1_324' title='bbox 2377 1038 2434 1083; x_wconf 86' lang='lat' dir='ltr'><strong>et</strong></span> <span class='ocrx_word' id='word_1_325' title='bbox 2454 1047 2595 1098; x_wconf 77' lang='lat' dir='ltr'><strong>quae</strong></span> 
     </span>
     <span class='ocr_line' id='line_1_62' title="bbox 1501 1103 2594 1170; baseline -0.004 -16"><span class='ocrx_word' id='word_1_326' title='bbox 1501 1110 1697 1170; x_wconf 88' lang='lat' dir='ltr'><strong>quater</strong></span> <span class='ocrx_word' id='word_1_327' title='bbox 1708 1111 1875 1155; x_wconf 79' lang='lat' dir='ltr'><strong>aucta</strong></span> <span class='ocrx_word' id='word_1_328' title='bbox 1894 1104 2221 1155; x_wconf 77' lang='lat' dir='ltr'><strong>conficiebat</strong></span> <span class='ocrx_word' id='word_1_329' title='bbox 2239 1103 2456 1154; x_wconf 81' lang='lat' dir='ltr'><strong>loehum</strong></span> <span class='ocrx_word' id='word_1_330' title='bbox 2478 1103 2594 1151; x_wconf 85' lang='lat' dir='ltr'><strong>sive</strong></span> 
     </span>
     <span class='ocr_line' id='line_1_63' title="bbox 1504 1173 2593 1225; baseline -0.004 -1"><span class='ocrx_word' id='word_1_331' title='bbox 1504 1175 1861 1225; x_wconf 83' lang='lat' dir='ltr'><strong>ducentorum</strong></span> <span class='ocrx_word' id='word_1_332' title='bbox 1932 1173 2209 1224; x_wconf 89' lang='lat' dir='ltr'><strong>hominum</strong></span> <span class='ocrx_word' id='word_1_333' title='bbox 2296 1173 2593 1223; x_wconf 86' lang='lat' dir='ltr'><strong>eohortem.</strong></span> 
     </span>
     <span class='ocr_line' id='line_1_64' title="bbox 1502 1241 2595 1309; baseline -0.005 -15"><span class='ocrx_word' id='word_1_334' title='bbox 1502 1242 1630 1294; x_wconf 67' lang='lat' dir='ltr'><strong>Alis</strong></span> <span class='ocrx_word' id='word_1_335' title='bbox 1661 1243 1962 1309; x_wconf 84' lang='lat' dir='ltr'><strong>Xenophon</strong></span> <span class='ocrx_word' id='word_1_336' title='bbox 2004 1243 2072 1293; x_wconf 89' lang='lat' dir='ltr'><strong>de</strong></span> <span class='ocrx_word' id='word_1_337' title='bbox 2133 1245 2268 1309; x_wconf 87' lang='lat' dir='ltr'><strong>Rep.</strong></span> <span class='ocrx_word' id='word_1_338' title='bbox 2317 1241 2595 1293; x_wconf 80' lang='lat' dir='ltr'><strong>Lacedae-</strong></span> 
     </span>
     <span class='ocr_line' id='line_1_65' title="bbox 1502 1313 2596 1378; baseline -0.002 -16"><span class='ocrx_word' id='word_1_339' title='bbox 1502 1327 1651 1363; x_wconf 87' lang='lat' dir='ltr'><strong>mon.</strong></span> <span class='ocrx_word' id='word_1_340' title='bbox 1697 1313 1798 1365; x_wconf 85' lang='lat' dir='ltr'><strong>xl.</strong></span> <span class='ocrx_word' id='word_1_341' title='bbox 1846 1317 1897 1377; x_wconf 81' lang='lat'><strong>5.</strong></span> <span class='ocrx_word' id='word_1_342' title='bbox 1951 1317 2036 1376; x_wconf 90' lang='lat'><strong>4.‚</strong></span> <span class='ocrx_word' id='word_1_343' title='bbox 2086 1314 2179 1378; x_wconf 89' lang='lat' dir='ltr'><strong>qui</strong></span> <span class='ocrx_word' id='word_1_344' title='bbox 2225 1327 2431 1362; x_wconf 85' lang='lat' dir='ltr'><strong>moram</strong></span> <span class='ocrx_word' id='word_1_345' title='bbox 2469 1325 2596 1361; x_wconf 84' lang='lat' dir='ltr'><strong>eon-</strong></span> 
     </span>
     <span class='ocr_line' id='line_1_66' title="bbox 1504 1382 2595 1448; baseline -0.003 -17"><span class='ocrx_word' id='word_1_346' title='bbox 1504 1383 1717 1433; x_wconf 88' lang='lat' dir='ltr'><strong>stitisse</strong></span> <span class='ocrx_word' id='word_1_347' title='bbox 1765 1382 1900 1433; x_wconf 79' lang='lat' dir='ltr'><strong>dicit</strong></span> <span class='ocrx_word' id='word_1_348' title='bbox 1942 1388 2177 1448; x_wconf 83' lang='lat' dir='ltr'><strong>quatuor</strong></span> <span class='ocrx_word' id='word_1_349' title='bbox 2218 1382 2422 1444; x_wconf 76' lang='lat' dir='ltr'><strong>lochis,</strong></span> <span class='ocrx_word' id='word_1_350' title='bbox 2469 1385 2595 1430; x_wconf 78' lang='lat' dir='ltr'><strong>oeto</strong></span> 
     </span>
     <span class='ocr_line' id='line_1_67' title="bbox 1503 1452 2595 1518; baseline -0.004 -16"><span class='ocrx_word' id='word_1_351' title='bbox 1503 1453 1931 1518; x_wconf 77' lang='lat' dir='ltr'><strong>pentecostybus</strong></span> <span class='ocrx_word' id='word_1_352' title='bbox 1980 1457 2035 1502; x_wconf 88' lang='lat' dir='ltr'><strong>et</strong></span> <span class='ocrx_word' id='word_1_353' title='bbox 2094 1452 2330 1502; x_wconf 79' lang='lat' dir='ltr'><strong>sedecim</strong></span> <span class='ocrx_word' id='word_1_354' title='bbox 2378 1465 2595 1501; x_wconf 87' lang='lat' dir='ltr'><strong>enomo-</strong></span> 
     </span>
     <span class='ocr_line' id='line_1_68' title="bbox 1505 1521 2595 1586; baseline -0.003 -15"><span class='ocrx_word' id='word_1_355' title='bbox 1505 1522 1625 1581; x_wconf 75' lang='lat' dir='ltr'><strong>tiis3</strong></span> <span class='ocrx_word' id='word_1_356' title='bbox 1665 1522 1810 1571; x_wconf 91' lang='lat' dir='ltr'><strong>unde</strong></span> <span class='ocrx_word' id='word_1_357' title='bbox 1845 1523 2172 1572; x_wconf 73' lang='lat' dir='ltr'><strong>enomotiam</strong></span> <span class='ocrx_word' id='word_1_358' title='bbox 2219 1522 2396 1586; x_wconf 85' lang='lat' dir='ltr'><strong>ipsam</strong></span> <span class='ocrx_word' id='word_1_359' title='bbox 2442 1521 2595 1584; x_wconf 86' lang='lat' dir='ltr'><strong>quin-</strong></span> 
     </span>
     <span class='ocr_line' id='line_1_69' title="bbox 1504 1588 2595 1657; baseline -0.004 -16"><span class='ocrx_word' id='word_1_360' title='bbox 1504 1592 1772 1657; x_wconf 79' lang='lat' dir='ltr'><strong>quaginta</strong></span> <span class='ocrx_word' id='word_1_361' title='bbox 1806 1591 2084 1641; x_wconf 88' lang='lat' dir='ltr'><strong>hominum</strong></span> <span class='ocrx_word' id='word_1_362' title='bbox 2123 1592 2295 1641; x_wconf 82' lang='lat' dir='ltr'><strong>fuisse</strong></span> <span class='ocrx_word' id='word_1_363' title='bbox 2337 1588 2595 1649; x_wconf 76' lang='lat' dir='ltr'><strong>credibile</strong></span> 
     </span>
     <span class='ocr_line' id='line_1_70' title="bbox 1507 1662 2596 1726; baseline -0.004 -15"><span class='ocrx_word' id='word_1_364' title='bbox 1507 1665 1623 1723; x_wconf 84' lang='lat' dir='ltr'><strong>est,</strong></span> <span class='ocrx_word' id='word_1_365' title='bbox 1670 1676 1795 1711; x_wconf 85' lang='lat' dir='ltr'><strong>eum</strong></span> <span class='ocrx_word' id='word_1_366' title='bbox 1836 1676 1990 1710; x_wconf 88' lang='lat' dir='ltr'><strong>mora</strong></span> <span class='ocrx_word' id='word_1_367' title='bbox 2033 1662 2469 1726; x_wconf 78' lang='lat' dir='ltr'><strong>octingentorum</strong></span> <span class='ocrx_word' id='word_1_368' title='bbox 2513 1673 2596 1708; x_wconf 88' lang='lat' dir='ltr'><strong>es-</strong></span> 
     </span>
     <span class='ocr_line' id='line_1_71' title="bbox 1506 1726 2595 1781; baseline -0.005 -1"><span class='ocrx_word' id='word_1_369' title='bbox 1506 1736 1611 1780; x_wconf 89' lang='lat' dir='ltr'><strong>set.</strong></span> <span class='ocrx_word' id='word_1_370' title='bbox 1651 1730 1787 1780; x_wconf 83' lang='lat' dir='ltr'><strong>Cum</strong></span> <span class='ocrx_word' id='word_1_371' title='bbox 1810 1745 1940 1780; x_wconf 85' lang='lat' dir='ltr'><strong>vero</strong></span> <span class='ocrx_word' id='word_1_372' title='bbox 1969 1745 2155 1781; x_wconf 83' lang='lat' dir='ltr'><strong>morae</strong></span> <span class='ocrx_word' id='word_1_373' title='bbox 2176 1744 2431 1779; x_wconf 87' lang='lat' dir='ltr'><strong>numerus</strong></span> <span class='ocrx_word' id='word_1_374' title='bbox 2448 1726 2595 1776; x_wconf 81' lang='lat' dir='ltr'><strong>haud</strong></span> 
     </span>
     <span class='ocr_line' id='line_1_72' title="bbox 1506 1796 2597 1864; baseline -0.004 -15"><span class='ocrx_word' id='word_1_375' title='bbox 1506 1800 1644 1849; x_wconf 81' lang='lat' dir='ltr'><strong>satis</strong></span> <span class='ocrx_word' id='word_1_376' title='bbox 1673 1800 1780 1849; x_wconf 85' lang='lat' dir='ltr'><strong>sibi</strong></span> <span class='ocrx_word' id='word_1_377' title='bbox 1816 1814 2028 1864; x_wconf 89' lang='lat' dir='ltr'><strong>semper</strong></span> <span class='ocrx_word' id='word_1_378' title='bbox 2061 1799 2376 1849; x_wconf 73' lang='lat' dir='ltr'><strong>constitisse</strong></span> <span class='ocrx_word' id='word_1_379' title='bbox 2411 1796 2597 1846; x_wconf 85' lang='lat' dir='ltr'><strong>videa-</strong></span> 
     </span>
     <span class='ocr_line' id='line_1_73' title="bbox 1506 1870 2595 1930; baseline -0.002 -13"><span class='ocrx_word' id='word_1_380' title='bbox 1506 1873 1614 1930; x_wconf 88' lang='lat' dir='ltr'><strong>tur,</strong></span> <span class='ocrx_word' id='word_1_381' title='bbox 1654 1883 1757 1919; x_wconf 84' lang='lat' dir='ltr'><strong>nee</strong></span> <span class='ocrx_word' id='word_1_382' title='bbox 1793 1870 2099 1921; x_wconf 82' lang='lat' dir='ltr'><strong>enomotiae</strong></span> <span class='ocrx_word' id='word_1_383' title='bbox 2143 1881 2398 1917; x_wconf 84' lang='lat' dir='ltr'><strong>numerus</strong></span> <span class='ocrx_word' id='word_1_384' title='bbox 2446 1870 2595 1915; x_wconf 79' lang='lat' dir='ltr'><strong>certo</strong></span> 
     </span>
     <span class='ocr_line' id='line_1_74' title="bbox 1506 1935 2596 2002; baseline -0.006 -14"><span class='ocrx_word' id='word_1_385' title='bbox 1506 1937 1724 1988; x_wconf 81' lang='lat' dir='ltr'><strong>definiri</strong></span> <span class='ocrx_word' id='word_1_386' title='bbox 1762 1938 1984 2002; x_wconf 88' lang='lat' dir='ltr'><strong>poterit.</strong></span> <span class='ocrx_word' id='word_1_387' title='bbox 2037 1938 2180 1987; x_wconf 81' lang='lat' dir='ltr'><strong>Nam</strong></span> <span class='ocrx_word' id='word_1_388' title='bbox 2217 1935 2596 2000; x_wconf 80' lang='lat' dir='ltr'><strong>Xenophontis</strong></span> 
     </span>
     <span class='ocr_line' id='line_1_75' title="bbox 1506 2005 2598 2070; baseline -0.005 -13"><span class='ocrx_word' id='word_1_389' title='bbox 1506 2011 1710 2070; x_wconf 83' lang='lat' dir='ltr'><strong>aetate,</strong></span> <span class='ocrx_word' id='word_1_390' title='bbox 1730 2007 1825 2056; x_wconf 87' lang='lat' dir='ltr'><strong>ubi</strong></span> <span class='ocrx_word' id='word_1_391' title='bbox 1841 2007 2115 2057; x_wconf 77' lang='lat' dir='ltr'>sexcentis</span> <span class='ocrx_word' id='word_1_392' title='bbox 2136 2005 2446 2056; x_wconf 87' lang='lat' dir='ltr'><strong>hominibus</strong></span> <span class='ocrx_word' id='word_1_393' title='bbox 2472 2018 2598 2053; x_wconf 84' lang='lat' dir='ltr'><strong>eon·</strong></span> 
     </span>
     <span class='ocr_line' id='line_1_76' title="bbox 1508 2073 2597 2138; baseline -0.006 -12"><span class='ocrx_word' id='word_1_394' title='bbox 1508 2075 1696 2126; x_wconf 80' lang='lat' dir='ltr'><strong>stabat</strong></span> <span class='ocrx_word' id='word_1_395' title='bbox 1730 2091 1899 2138; x_wconf 84' lang='lat' dir='ltr'><strong>mora,</strong></span> <span class='ocrx_word' id='word_1_396' title='bbox 1925 2081 2011 2125; x_wconf 89' lang='lat' dir='ltr'><strong>ter</strong></span> <span class='ocrx_word' id='word_1_397' title='bbox 2041 2075 2327 2125; x_wconf 74' lang='lat' dir='ltr'><strong>duodecim</strong></span> <span class='ocrx_word' id='word_1_398' title='bbox 2360 2074 2476 2124; x_wconf 82' lang='lat' dir='ltr'><strong>sive</strong></span> <span class='ocrx_word' id='word_1_399' title='bbox 2503 2073 2597 2121; x_wconf 90' lang='lat' dir='ltr'><strong>tri-</strong></span> 
     </span>
     <span class='ocr_line' id='line_1_77' title="bbox 1502 2144 2598 2210; baseline -0.003 -16"><span class='ocrx_word' id='word_1_400' title='bbox 1502 2146 1664 2210; x_wconf 75' lang='lat' dir='ltr'><strong>ginta</strong></span> <span class='ocrx_word' id='word_1_401' title='bbox 1699 2160 1797 2194; x_wconf 84' lang='lat' dir='ltr'><strong>sex</strong></span> <span class='ocrx_word' id='word_1_402' title='bbox 1841 2144 2118 2195; x_wconf 87' lang='lat' dir='ltr'><strong>hominum</strong></span> <span class='ocrx_word' id='word_1_403' title='bbox 2163 2144 2336 2194; x_wconf 82' lang='lat' dir='ltr'><strong>fuisse</strong></span> <span class='ocrx_word' id='word_1_404' title='bbox 2383 2157 2598 2194; x_wconf 83' lang='lat' dir='ltr'><strong>enemo-</strong></span> 
     </span>
     <span class='ocr_line' id='line_1_78' title="bbox 1508 2212 2596 2280; baseline -0.002 -17"><span class='ocrx_word' id='word_1_405' title='bbox 1508 2215 1646 2263; x_wconf 85' lang='lat' dir='ltr'><strong>tiam</strong></span> <span class='ocrx_word' id='word_1_406' title='bbox 1675 2213 1820 2264; x_wconf 88' lang='lat' dir='ltr'><strong>idem</strong></span> <span class='ocrx_word' id='word_1_407' title='bbox 1845 2214 2146 2280; x_wconf 84' lang='lat' dir='ltr'><strong>Xenophon</strong></span> <span class='ocrx_word' id='word_1_408' title='bbox 2172 2214 2332 2264; x_wconf 87' lang='lat' dir='ltr'><strong>testis</strong></span> <span class='ocrx_word' id='word_1_409' title='bbox 2358 2218 2444 2263; x_wconf 86' lang='lat' dir='ltr'><strong>est</strong></span> <span class='ocrx_word' id='word_1_410' title='bbox 2467 2212 2596 2262; x_wconf 86' lang='lat' dir='ltr'><strong>Hel-</strong></span> 
     </span>
     <span class='ocr_line' id='line_1_79' title="bbox 1505 2283 2594 2347; baseline -0.002 -15"><span class='ocrx_word' id='word_1_411' title='bbox 1505 2283 1615 2333; x_wconf 88' lang='lat' dir='ltr'><strong>len.</strong></span> <span class='ocrx_word' id='word_1_412' title='bbox 1653 2283 1751 2346; x_wconf 82' lang='lat' dir='ltr'><strong>VI,</strong></span> <span class='ocrx_word' id='word_1_413' title='bbox 1789 2284 1841 2346; x_wconf 84' lang='lat'><strong>4,</strong></span> <span class='ocrx_word' id='word_1_414' title='bbox 1879 2283 1965 2335; x_wconf 84' lang='lat'><strong>12.</strong></span> <span class='ocrx_word' id='word_1_415' title='bbox 1998 2283 2126 2334; x_wconf 77' lang='lat' dir='ltr'><strong>coll.</strong></span> <span class='ocrx_word' id='word_1_416' title='bbox 2161 2284 2259 2347; x_wconf 79' lang='lat' dir='ltr'><strong>lv,</strong></span> <span class='ocrx_word' id='word_1_417' title='bbox 2296 2283 2349 2345; x_wconf 79' lang='lat'><strong>5,</strong></span> <span class='ocrx_word' id='word_1_418' title='bbox 2387 2283 2472 2333; x_wconf 91' lang='lat'><strong>11.</strong></span> <span class='ocrx_word' id='word_1_419' title='bbox 2515 2283 2594 2331; x_wconf 79' lang='lat'><strong>12.</strong></span> 
     </span>
     <span class='ocr_line' id='line_1_80' title="bbox 1508 2351 2596 2415; baseline -0.003 -12"><span class='ocrx_word' id='word_1_420' title='bbox 1508 2352 1651 2403; x_wconf 85' lang='lat' dir='ltr'><strong>Utut</strong></span> <span class='ocrx_word' id='word_1_421' title='bbox 1687 2358 1791 2415; x_wconf 88' lang='lat' dir='ltr'><strong>est,</strong></span> <span class='ocrx_word' id='word_1_422' title='bbox 1827 2353 1932 2403; x_wconf 84' lang='lat' dir='ltr'><strong>hoe</strong></span> <span class='ocrx_word' id='word_1_423' title='bbox 1965 2358 2172 2404; x_wconf 84' lang='lat' dir='ltr'><strong>eertum</strong></span> <span class='ocrx_word' id='word_1_424' title='bbox 2198 2351 2433 2413; x_wconf 81' lang='lat' dir='ltr'><strong>videtur,</strong></span> <span class='ocrx_word' id='word_1_425' title='bbox 2470 2366 2596 2400; x_wconf 92' lang='lat' dir='ltr'><strong>eno-</strong></span> 
     </span>
     <span class='ocr_line' id='line_1_81' title="bbox 1505 2421 2597 2488; baseline -0.003 -17"><span class='ocrx_word' id='word_1_426' title='bbox 1505 2423 1730 2472; x_wconf 83' lang='lat' dir='ltr'><strong>motiam</strong></span> <span class='ocrx_word' id='word_1_427' title='bbox 1751 2423 1981 2487; x_wconf 85' lang='lat' dir='ltr'><strong>primam</strong></span> <span class='ocrx_word' id='word_1_428' title='bbox 2004 2438 2230 2488; x_wconf 88' lang='lat' dir='ltr'><strong>eamque</strong></span> <span class='ocrx_word' id='word_1_429' title='bbox 2261 2421 2597 2485; x_wconf 80' lang='lat' dir='ltr'><strong>simplicissi-</strong></span> 
     </span>
     <span class='ocr_line' id='line_1_82' title="bbox 1505 2489 2595 2555; baseline -0.002 -15"><span class='ocrx_word' id='word_1_430' title='bbox 1505 2505 1650 2540; x_wconf 74' lang='lat' dir='ltr'><strong>mam</strong></span> <span class='ocrx_word' id='word_1_431' title='bbox 1667 2492 1928 2541; x_wconf 82' lang='lat' dir='ltr'><strong>Laeoniei</strong></span> <span class='ocrx_word' id='word_1_432' title='bbox 1962 2494 2230 2541; x_wconf 81' lang='lat' dir='ltr'><strong>exereitus</strong></span> <span class='ocrx_word' id='word_1_433' title='bbox 2262 2495 2430 2555; x_wconf 87' lang='lat' dir='ltr'><strong>atque</strong></span> <span class='ocrx_word' id='word_1_434' title='bbox 2454 2489 2595 2539; x_wconf 77' lang='lat' dir='ltr'><strong>aciei</strong></span> 
     </span>
     <span class='ocr_line' id='line_1_83' title="bbox 1505 2556 2596 2624; baseline -0.005 -14"><span class='ocrx_word' id='word_1_435' title='bbox 1505 2561 1678 2610; x_wconf 81' lang='lat' dir='ltr'><strong>fuisse</strong></span> <span class='ocrx_word' id='word_1_436' title='bbox 1691 2561 2012 2610; x_wconf 80' lang='lat' dir='ltr'><strong>divisionem</strong></span> <span class='ocrx_word' id='word_1_437' title='bbox 2025 2556 2393 2624; x_wconf 78' lang='lat' dir='ltr'><strong>ordinemque.</strong></span> <span class='ocrx_word' id='word_1_438' title='bbox 2429 2557 2596 2608; x_wconf 80' lang='lat' dir='ltr'><strong>Plura</strong></span> 
     </span>
     <span class='ocr_line' id='line_1_84' title="bbox 1507 2626 2592 2693; baseline -0.006 -13"><span class='ocrx_word' id='word_1_439' title='bbox 1507 2629 1831 2680; x_wconf 77' lang='lat' dir='ltr'><strong>Muellerus·</strong></span> <span class='ocrx_word' id='word_1_440' title='bbox 1854 2630 2030 2679; x_wconf 90' lang='lat' dir='ltr'><strong>Dorer</strong></span> <span class='ocrx_word' id='word_1_441' title='bbox 2053 2630 2130 2679; x_wconf 93' lang='lat'><strong>11.</strong></span> <span class='ocrx_word' id='word_1_442' title='bbox 2157 2643 2285 2693; x_wconf 78' lang='lat' dir='ltr'><strong>pag.</strong></span> <span class='ocrx_word' id='word_1_443' title='bbox 2310 2626 2414 2677; x_wconf 83' lang='lat'><strong>234</strong></span> <span class='ocrx_word' id='word_1_444' title='bbox 2439 2640 2592 2689; x_wconf 85' lang='lat' dir='ltr'><strong>seqq.</strong></span> 
     </span>
     <span class='ocr_line' id='line_1_85' title="bbox 1507 2695 2595 2750; baseline -0.006 -1"><span class='ocrx_word' id='word_1_445' title='bbox 1507 2699 1571 2749; x_wconf 83' lang='lat' dir='ltr'><strong>C.</strong></span> <span class='ocrx_word' id='word_1_446' title='bbox 1626 2698 1691 2747; x_wconf 76' lang='lat' dir='ltr'><strong>F.</strong></span> <span class='ocrx_word' id='word_1_447' title='bbox 1753 2698 2052 2748; x_wconf 80' lang='lat' dir='ltr'><strong>Hermann.</strong></span> <span class='ocrx_word' id='word_1_448' title='bbox 2106 2697 2322 2750; x_wconf 81' lang='lat' dir='ltr'><strong>Griech.</strong></span> <span class='ocrx_word' id='word_1_449' title='bbox 2381 2695 2595 2745; x_wconf 82' lang='lat' dir='ltr'><strong>Staats-</strong></span> 
     </span>
     <span class='ocr_line' id='line_1_86' title="bbox 1507 2766 1948 2829; baseline -0.002 -11"><span class='ocrx_word' id='word_1_450' title='bbox 1507 2766 1727 2818; x_wconf 80' lang='lat' dir='ltr'><strong>alterth.</strong></span> <span class='ocrx_word' id='word_1_451' title='bbox 1770 2768 1822 2829; x_wconf 88' lang='lat'><strong>5.</strong></span> <span class='ocrx_word' id='word_1_452' title='bbox 1861 2768 1948 2818; x_wconf 84' lang='lat'><strong>29.</strong></span> 
     </span>
    </p>

    <p class='ocr_par' dir='ltr' id='par_1_8' title="bbox 1504 2833 2599 3592">
     <span class='ocr_line' id='line_1_87' title="bbox 1580 2833 2595 2900; baseline -0.004 -15"><span class='ocrx_word' id='word_1_453' title='bbox 1580 2836 1874 2886; x_wconf 66' lang='lat' dir='ltr'><strong>Tria-adae</strong></span> <span class='ocrx_word' id='word_1_454' title='bbox 1892 2834 2081 2900; x_wconf 79' lang='lat' dir='ltr'><strong>quales</strong></span> <span class='ocrx_word' id='word_1_455' title='bbox 2105 2834 2326 2896; x_wconf 76' lang='lat' dir='ltr'><strong>fuerint,</strong></span> <span class='ocrx_word' id='word_1_456' title='bbox 2339 2833 2595 2882; x_wconf 75' lang='lat' dir='ltr'><strong>vixeerto</strong></span> 
     </span>
     <span class='ocr_line' id='line_1_88' title="bbox 1507 2902 2595 2971; baseline -0.004 -16"><span class='ocrx_word' id='word_1_457' title='bbox 1507 2905 1731 2956; x_wconf 84' lang='lat' dir='ltr'><strong>dixeris.</strong></span> <span class='ocrx_word' id='word_1_458' title='bbox 1804 2906 1918 2955; x_wconf 85' lang='lat' dir='ltr'><strong>Nec</strong></span> <span class='ocrx_word' id='word_1_459' title='bbox 1967 2903 2249 2971; x_wconf 74' lang='lat' dir='ltr'><strong>proficitur</strong></span> <span class='ocrx_word' id='word_1_460' title='bbox 2300 2902 2595 2969; x_wconf 80' lang='lat' dir='ltr'><strong>quidquam</strong></span> 
     </span>
     <span class='ocr_line' id='line_1_89' title="bbox 1506 2970 2596 3041; baseline -0.002 -18"><span class='ocrx_word' id='word_1_461' title='bbox 1506 2975 1604 3037; x_wconf 88' lang='lat' dir='ltr'><strong>iis,</strong></span> <span class='ocrx_word' id='word_1_462' title='bbox 1661 2989 1802 3039; x_wconf 76' lang='lat' dir='ltr'><strong>qnae</strong></span> <span class='ocrx_word' id='word_1_463' title='bbox 1864 2973 2010 3038; x_wconf 74' lang='lat' dir='ltr'><strong>apud</strong></span> <span class='ocrx_word' id='word_1_464' title='bbox 2063 2974 2290 3041; x_wconf 74' lang='lat' dir='ltr'><strong>Gregor.</strong></span> <span class='ocrx_word' id='word_1_465' title='bbox 2345 2972 2472 3023; x_wconf 87' lang='lat' dir='ltr'><strong>Cor.</strong></span> <span class='ocrx_word' id='word_1_466' title='bbox 2527 2970 2596 3021; x_wconf 84' lang='lat' dir='ltr'><strong>de</strong></span> 
     </span>
     <span class='ocr_line' id='line_1_90' title="bbox 1506 3035 2594 3108; baseline -0.003 -15"><span class='ocrx_word' id='word_1_467' title='bbox 1506 3043 1730 3094; x_wconf 81' lang='lat' dir='ltr'><strong>dialect.</strong></span> <span class='ocrx_word' id='word_1_468' title='bbox 1757 3044 1878 3094; x_wconf 88' lang='lat' dir='ltr'><strong>Ion.</strong></span> <span class='ocrx_word' id='word_1_469' title='bbox 1899 3043 1950 3105; x_wconf 93' lang='lat'><strong>5.</strong></span> <span class='ocrx_word' id='word_1_470' title='bbox 1972 3041 2059 3095; x_wconf 90' lang='grc'><strong>93.</strong></span> <span class='ocrx_word' id='word_1_471' title='bbox 2082 3058 2208 3108; x_wconf 83' lang='lat' dir='ltr'><strong>pag.</strong></span> <span class='ocrx_word' id='word_1_472' title='bbox 2240 3035 2344 3094; x_wconf 83' lang='lat'><strong>502</strong></span> <span class='ocrx_word' id='word_1_473' title='bbox 2373 3041 2594 3094; x_wconf 79' lang='lat' dir='ltr'><strong>Sehaef.</strong></span> 
     </span>
     <span class='ocr_line' id='line_1_91' title="bbox 1504 3111 2596 3193; baseline -0.002 -31"><span class='ocrx_word' id='word_1_474' title='bbox 1504 3113 1780 3178; x_wconf 78' lang='lat' dir='ltr'><strong>leguntur.</strong></span> <span class='ocrx_word' id='word_1_475' title='bbox 1815 3113 2081 3163; x_wconf 83' lang='lat' dir='ltr'><strong>Videntur</strong></span> <span class='ocrx_word' id='word_1_476' title='bbox 2103 3112 2234 3162; x_wconf 83' lang='lat' dir='ltr'><strong>illae</strong></span> <span class='ocrx_word' id='word_1_477' title='bbox 2266 3111 2596 3193; x_wconf 83' lang='lat' dir='ltr'><strong>pertinuisse</strong></span> 
     </span>
     <span class='ocr_line' id='line_1_92' title="bbox 1506 3181 2596 3247; baseline -0.002 -16"><span class='ocrx_word' id='word_1_478' title='bbox 1506 3181 1578 3231; x_wconf 83' lang='lat' dir='ltr'><strong>ad</strong></span> <span class='ocrx_word' id='word_1_479' title='bbox 1613 3183 1844 3247; x_wconf 84' lang='lat' dir='ltr'><strong>triginta</strong></span> <span class='ocrx_word' id='word_1_480' title='bbox 1879 3183 2271 3247; x_wconf 76' lang='lat' dir='ltr'><strong>Spartanorum</strong></span> <span class='ocrx_word' id='word_1_481' title='bbox 2309 3182 2442 3232; x_wconf 82' lang='lat' dir='ltr'><strong>obas</strong></span> <span class='ocrx_word' id='word_1_482' title='bbox 2478 3181 2596 3230; x_wconf 80' lang='lat' dir='ltr'><strong>sive</strong></span> 
     </span>
     <span class='ocr_line' id='line_1_93' title="bbox 1507 3250 2597 3316; baseline -0.001 -16"><span class='ocrx_word' id='word_1_483' title='bbox 1507 3250 1822 3315; x_wconf 81' lang='lat' dir='ltr'><strong>phratrias‚&#39;</strong></span> <span class='ocrx_word' id='word_1_484' title='bbox 1857 3252 2007 3316; x_wconf 81' lang='lat' dir='ltr'><strong>ipsas</strong></span> <span class='ocrx_word' id='word_1_485' title='bbox 2058 3251 2235 3301; x_wconf 87' lang='lat' dir='ltr'><strong>denno</strong></span> <span class='ocrx_word' id='word_1_486' title='bbox 2282 3252 2488 3301; x_wconf 82' lang='lat' dir='ltr'><strong>divisas</strong></span> <span class='ocrx_word' id='word_1_487' title='bbox 2541 3250 2597 3298; x_wconf 88' lang='lat' dir='ltr'><strong>in</strong></span> 
     </span>
     <span class='ocr_line' id='line_1_94' title="bbox 1507 3320 2598 3384; baseline -0.002 -15"><span class='ocrx_word' id='word_1_488' title='bbox 1507 3321 1806 3383; x_wconf 83' lang='lat' dir='ltr'><strong>triaeadas,</strong></span> <span class='ocrx_word' id='word_1_489' title='bbox 1843 3321 1962 3370; x_wconf 81' lang='lat' dir='ltr'><strong>sive</strong></span> <span class='ocrx_word' id='word_1_490' title='bbox 1997 3321 2102 3370; x_wconf 88' lang='lat' dir='ltr'><strong>hae</strong></span> <span class='ocrx_word' id='word_1_491' title='bbox 2137 3335 2330 3384; x_wconf 76' lang='lat' dir='ltr'><strong>reapse</strong></span> <span class='ocrx_word' id='word_1_492' title='bbox 2366 3320 2598 3383; x_wconf 73' lang='lat' dir='ltr'><strong>triginta</strong></span> 
     </span>
     <span class='ocr_line' id='line_1_95' title="bbox 1507 3386 2599 3451; baseline -0.003 -13"><span class='ocrx_word' id='word_1_493' title='bbox 1507 3389 1711 3440; x_wconf 76' lang='lat' dir='ltr'><strong>fuerint</strong></span> <span class='ocrx_word' id='word_1_494' title='bbox 1759 3390 1959 3439; x_wconf 76' lang='lat' dir='ltr'><strong>civium</strong></span> <span class='ocrx_word' id='word_1_495' title='bbox 2011 3390 2131 3439; x_wconf 85' lang='lat' dir='ltr'><strong>sive</strong></span> <span class='ocrx_word' id='word_1_496' title='bbox 2178 3389 2357 3438; x_wconf 87' lang='lat' dir='ltr'><strong>minus</strong></span> <span class='ocrx_word' id='word_1_497' title='bbox 2410 3386 2494 3451; x_wconf 90' lang='lat' dir='ltr'><strong>(ut</strong></span> <span class='ocrx_word' id='word_1_498' title='bbox 2539 3388 2599 3435; x_wconf 88' lang='lat' dir='ltr'><strong>in</strong></span> 
     </span>
     <span class='ocr_line' id='line_1_96' title="bbox 1508 3455 2598 3509; baseline -0.005 0"><span class='ocrx_word' id='word_1_499' title='bbox 1508 3459 1874 3509; x_wconf 79' lang='lat' dir='ltr'><strong>Romanorum</strong></span> <span class='ocrx_word' id='word_1_500' title='bbox 1943 3457 2205 3507; x_wconf 82' lang='lat' dir='ltr'><strong>eenturiis</strong></span> <span class='ocrx_word' id='word_1_501' title='bbox 2253 3455 2399 3506; x_wconf 85' lang='lat' dir='ltr'><strong>idem</strong></span> <span class='ocrx_word' id='word_1_502' title='bbox 2457 3455 2598 3504; x_wconf 82' lang='lat' dir='ltr'><strong>acei-</strong></span> 
     </span>
     <span class='ocr_line' id='line_1_97' title="bbox 1510 3524 2598 3592; baseline -0.005 -15"><span class='ocrx_word' id='word_1_503' title='bbox 1510 3527 1659 3580; x_wconf 87' lang='lat' dir='ltr'><strong>disse</strong></span> <span class='ocrx_word' id='word_1_504' title='bbox 1720 3526 2017 3592; x_wconf 77' lang='lat' dir='ltr'><strong>videmus),</strong></span> <span class='ocrx_word' id='word_1_505' title='bbox 2080 3526 2282 3591; x_wconf 88' lang='lat' dir='ltr'><strong>quippe</strong></span> <span class='ocrx_word' id='word_1_506' title='bbox 2350 3539 2473 3574; x_wconf 85' lang='lat' dir='ltr'><strong>enm</strong></span> <span class='ocrx_word' id='word_1_507' title='bbox 2539 3524 2598 3571; x_wconf 91' lang='lat' dir='ltr'><strong>in</strong></span> 
     </span>
    </p>
   </div>
   <div class='ocr_carea' id='block_1_6' title="bbox 1509 3592 2592 3658">
    <p class='ocr_par' dir='ltr' id='par_1_9' title="bbox 1509 3592 2592 3658">
     <span class='ocr_line' id='line_1_98' title="bbox 1509 3592 2592 3658; baseline -0.006 -12"><span class='ocrx_word' id='word_1_508' title='bbox 1509 3595 1655 3654; x_wconf 83' lang='lat' dir='ltr'><strong>bello</strong></span> <span class='ocrx_word' id='word_1_509' title='bbox 1710 3610 1818 3645; x_wconf 91' lang='lat' dir='ltr'><strong>non</strong></span> <span class='ocrx_word' id='word_1_510' title='bbox 1873 3594 2190 3658; x_wconf 79' lang='lat' dir='ltr'><strong>seiunctim,</strong></span> <span class='ocrx_word' id='word_1_511' title='bbox 2237 3593 2335 3643; x_wconf 86' lang='lat' dir='ltr'><strong>sed</strong></span> <span class='ocrx_word' id='word_1_512' title='bbox 2389 3592 2592 3642; x_wconf 79' lang='lat' dir='ltr'><strong>iunctis</strong></span> 
     </span>
    </p>
   </div>
   <div class='ocr_carea' id='block_1_7' title="bbox 1507 3660 2597 4281">
    <p class='ocr_par' dir='ltr' id='par_1_10' title="bbox 1507 3660 2597 4281">
     <span class='ocr_line' id='line_1_99' title="bbox 1507 3660 2595 3729; baseline -0.004 -15"><span class='ocrx_word' id='word_1_513' title='bbox 1507 3666 1653 3714; x_wconf 83' lang='lat' dir='ltr'><strong>inter</strong></span> <span class='ocrx_word' id='word_1_514' title='bbox 1688 3679 1749 3714; x_wconf 91' lang='lat' dir='ltr'><strong>se</strong></span> <span class='ocrx_word' id='word_1_515' title='bbox 1781 3663 2011 3729; x_wconf 80' lang='lat' dir='ltr'><strong>sing-ulis</strong></span> <span class='ocrx_word' id='word_1_516' title='bbox 2038 3662 2292 3728; x_wconf 82' lang='lat' dir='ltr'><strong>gentibus</strong></span> <span class='ocrx_word' id='word_1_517' title='bbox 2327 3678 2392 3712; x_wconf 84' lang='lat' dir='ltr'><strong>ae</strong></span> <span class='ocrx_word' id='word_1_518' title='bbox 2424 3660 2595 3711; x_wconf 88' lang='lat' dir='ltr'><strong>tribu·</strong></span> 
     </span>
     <span class='ocr_line' id='line_1_100' title="bbox 1508 3729 2597 3797; baseline -0.005 -14"><span class='ocrx_word' id='word_1_519' title='bbox 1508 3734 1613 3783; x_wconf 92' lang='lat' dir='ltr'><strong>bus</strong></span> <span class='ocrx_word' id='word_1_520' title='bbox 1650 3732 1924 3797; x_wconf 84' lang='lat' dir='ltr'><strong>stipendia</strong></span> <span class='ocrx_word' id='word_1_521' title='bbox 1958 3733 2221 3782; x_wconf 75' lang='lat' dir='ltr'><strong>facerent.</strong></span> <span class='ocrx_word' id='word_1_522' title='bbox 2267 3730 2394 3783; x_wconf 84' lang='lat' dir='ltr'><strong>vid.</strong></span> <span class='ocrx_word' id='word_1_523' title='bbox 2421 3729 2597 3783; x_wconf 74' lang='lat' dir='ltr'><strong>Muel-</strong></span> 
     </span>
     <span class='ocr_line' id='line_1_101' title="bbox 1507 3798 2595 3866; baseline -0.002 -15"><span class='ocrx_word' id='word_1_524' title='bbox 1507 3802 1610 3853; x_wconf 91' lang='lat' dir='ltr'><strong>ler.</strong></span> <span class='ocrx_word' id='word_1_525' title='bbox 1658 3803 1834 3852; x_wconf 91' lang='lat' dir='ltr'><strong>Dorer</strong></span> <span class='ocrx_word' id='word_1_526' title='bbox 1881 3801 1958 3851; x_wconf 93' lang='lat'><strong>11.</strong></span> <span class='ocrx_word' id='word_1_527' title='bbox 2013 3817 2069 3866; x_wconf 89' lang='lat' dir='ltr'><strong>p.</strong></span> <span class='ocrx_word' id='word_1_528' title='bbox 2118 3802 2187 3853; x_wconf 87' lang='grc'><strong>82</strong></span> <span class='ocrx_word' id='word_1_529' title='bbox 2234 3814 2350 3865; x_wconf 88' lang='lat' dir='ltr'><strong>seq.</strong></span> <span class='ocrx_word' id='word_1_530' title='bbox 2434 3798 2595 3861; x_wconf 77' lang='lat' dir='ltr'><strong>Quod</strong></span> 
     </span>
     <span class='ocr_line' id='line_1_102' title="bbox 1510 3867 2592 3935; baseline -0.002 -14"><span class='ocrx_word' id='word_1_531' title='bbox 1510 3870 1756 3935; x_wconf 78' lang='lat' dir='ltr'><strong>Koechly</strong></span> <span class='ocrx_word' id='word_1_532' title='bbox 1783 3870 2022 3931; x_wconf 85' lang='lat' dir='ltr'><strong>(Griech.</strong></span> <span class='ocrx_word' id='word_1_533' title='bbox 2054 3871 2387 3935; x_wconf 80' lang='lat' dir='ltr'><strong>Kriegswes.</strong></span> <span class='ocrx_word' id='word_1_534' title='bbox 2406 3884 2462 3933; x_wconf 87' lang='lat' dir='ltr'><strong>p.</strong></span> <span class='ocrx_word' id='word_1_535' title='bbox 2480 3867 2592 3934; x_wconf 79' lang='lat'><strong>30.)</strong></span> 
     </span>
     <span class='ocr_line' id='line_1_103' title="bbox 1509 3939 2595 4005; baseline -0.001 -17"><span class='ocrx_word' id='word_1_536' title='bbox 1509 3940 1787 3990; x_wconf 78' lang='lat' dir='ltr'><strong>triaoadas</strong></span> <span class='ocrx_word' id='word_1_537' title='bbox 1841 3939 2069 4005; x_wconf 79' lang='lat' dir='ltr'><strong>vulgare</strong></span> <span class='ocrx_word' id='word_1_538' title='bbox 2122 3940 2348 3990; x_wconf 77' lang='lat' dir='ltr'><strong>obarum</strong></span> <span class='ocrx_word' id='word_1_539' title='bbox 2398 3952 2595 3988; x_wconf 88' lang='lat' dir='ltr'><strong>nomen</strong></span> 
     </span>
     <span class='ocr_line' id='line_1_104' title="bbox 1512 4008 2595 4073; baseline -0.002 -15"><span class='ocrx_word' id='word_1_540' title='bbox 1512 4009 1684 4059; x_wconf 71' lang='lat' dir='ltr'><strong>fuisse</strong></span> <span class='ocrx_word' id='word_1_541' title='bbox 1715 4009 1888 4073; x_wconf 86' lang='lat' dir='ltr'><strong>ponit,</strong></span> <span class='ocrx_word' id='word_1_542' title='bbox 1920 4014 2069 4060; x_wconf 86' lang='lat' dir='ltr'><strong>reete</strong></span> <span class='ocrx_word' id='word_1_543' title='bbox 2102 4011 2153 4059; x_wconf 88' lang='lat' dir='ltr'><strong>ei</strong></span> <span class='ocrx_word' id='word_1_544' title='bbox 2186 4008 2474 4059; x_wconf 80' lang='lat' dir='ltr'><strong>oblocutus</strong></span> <span class='ocrx_word' id='word_1_545' title='bbox 2509 4010 2595 4057; x_wconf 85' lang='lat' dir='ltr'><strong>est</strong></span> 
     </span>
     <span class='ocr_line' id='line_1_105' title="bbox 1511 4077 2595 4159; baseline -0.003 -32"><span class='ocrx_word' id='word_1_546' title='bbox 1511 4078 1575 4127; x_wconf 80' lang='lat' dir='ltr'><strong>O.</strong></span> <span class='ocrx_word' id='word_1_547' title='bbox 1629 4078 1696 4129; x_wconf 80' lang='lat' dir='ltr'><strong>F.</strong></span> <span class='ocrx_word' id='word_1_548' title='bbox 1763 4079 2062 4128; x_wconf 87' lang='lat' dir='ltr'><strong>Hermann.</strong></span> <span class='ocrx_word' id='word_1_549' title='bbox 2119 4078 2333 4159; x_wconf 52' lang='lat' dir='ltr'><strong>Gr&#39;beeh.</strong></span> <span class='ocrx_word' id='word_1_550' title='bbox 2382 4077 2595 4126; x_wconf 80' lang='lat' dir='ltr'><strong>Staats·</strong></span> 
     </span>
     <span class='ocr_line' id='line_1_106' title="bbox 1511 4143 2596 4208; baseline -0.003 -12"><span class='ocrx_word' id='word_1_551' title='bbox 1511 4146 1731 4197; x_wconf 87' lang='lat' dir='ltr'><strong>alterth.</strong></span> <span class='ocrx_word' id='word_1_552' title='bbox 1767 4146 1818 4208; x_wconf 96' lang='lat'><strong>5.</strong></span> <span class='ocrx_word' id='word_1_553' title='bbox 1855 4147 1941 4199; x_wconf 89' lang='grc'><strong>29.</strong></span> <span class='ocrx_word' id='word_1_554' title='bbox 1981 4151 2096 4197; x_wconf 90' lang='lat' dir='ltr'><strong>not.</strong></span> <span class='ocrx_word' id='word_1_555' title='bbox 2131 4148 2184 4199; x_wconf 88' lang='lat'><strong>8.</strong></span> <span class='ocrx_word' id='word_1_556' title='bbox 2231 4145 2356 4197; x_wconf 84' lang='lat' dir='ltr'><strong>eoll.</strong></span> <span class='ocrx_word' id='word_1_557' title='bbox 2396 4143 2596 4194; x_wconf 79' lang='lat' dir='ltr'><strong>Schoe-</strong></span> 
     </span>
     <span class='ocr_line' id='line_1_107' title="bbox 1512 4212 2594 4281; baseline -0.003 -17"><span class='ocrx_word' id='word_1_558' title='bbox 1512 4216 1935 4281; x_wconf 71' lang='lat' dir='ltr'><strong>manmAntiqq.</strong></span> <span class='ocrx_word' id='word_1_559' title='bbox 1969 4232 2025 4280; x_wconf 78' lang='lat' dir='ltr'><strong>p.</strong></span> <span class='ocrx_word' id='word_1_560' title='bbox 2061 4218 2099 4266; x_wconf 90' lang='lat' dir='ltr'><strong>i.</strong></span> <span class='ocrx_word' id='word_1_561' title='bbox 2122 4215 2347 4267; x_wconf 75' lang='lat' dir='ltr'><strong>Graece.</strong></span> <span class='ocrx_word' id='word_1_562' title='bbox 2374 4229 2429 4277; x_wconf 87' lang='lat' dir='ltr'><strong>p.</strong></span> <span class='ocrx_word' id='word_1_563' title='bbox 2453 4212 2594 4273; x_wconf 70' lang='lat'><strong>115„</strong></span> 
     </span>
    </p>
   </div>
   <div class='ocr_carea' id='block_1_8' title="bbox 1502 4278 2594 4348">
    <p class='ocr_par' dir='ltr' id='par_1_11' title="bbox 1502 4278 2594 4348">
     <span class='ocr_line' id='line_1_108' title="bbox 1502 4278 2594 4348; baseline 0.001 -15"><span class='ocrx_word' id='word_1_564' title='bbox 1502 4286 1606 4348; x_wconf 78' lang='lat' dir='ltr'><strong>’qui</strong></span> <span class='ocrx_word' id='word_1_565' title='bbox 1642 4285 1920 4335; x_wconf 80' lang='lat' dir='ltr'><strong>triaeadas</strong></span> <span class='ocrx_word' id='word_1_566' title='bbox 1967 4285 2141 4335; x_wconf 85' lang='lat' dir='ltr'><strong>fuisse</strong></span> <span class='ocrx_word' id='word_1_567' title='bbox 2176 4288 2367 4348; x_wconf 81' lang='lat' dir='ltr'><strong>gentes</strong></span> <span class='ocrx_word' id='word_1_568' title='bbox 2412 4278 2594 4345; x_wconf 70' lang='grc' dir='ltr'><strong>(γένη)</strong></span> 
     </span>
    </p>
   </div>
   <div class='ocr_carea' id='block_1_9' title="bbox 1508 4348 2597 4484">
    <p class='ocr_par' dir='ltr' id='par_1_12' title="bbox 1508 4348 2597 4484">
     <span class='ocr_line' id='line_1_109' title="bbox 1508 4348 2597 4416; baseline -0.006 -12"><span class='ocrx_word' id='word_1_569' title='bbox 1508 4354 1835 4414; x_wconf 76' lang='lat' dir='ltr'><strong>arbitratur,</strong></span> <span class='ocrx_word' id='word_1_570' title='bbox 1898 4353 2086 4416; x_wconf 81' lang='lat' dir='ltr'><strong>quales</strong></span> <span class='ocrx_word' id='word_1_571' title='bbox 2144 4352 2311 4400; x_wconf 80' lang='lat' dir='ltr'><strong>etiam</strong></span> <span class='ocrx_word' id='word_1_572' title='bbox 2368 4348 2597 4399; x_wconf 83' lang='lat' dir='ltr'><strong>Athenis</strong></span> 
     </span>
     <span class='ocr_line' id='line_1_110' title="bbox 1508 4418 2595 4484; baseline -0.004 -14"><span class='ocrx_word' id='word_1_573' title='bbox 1508 4421 1616 4472; x_wconf 86' lang='lat' dir='ltr'><strong>hoe</strong></span> <span class='ocrx_word' id='word_1_574' title='bbox 1643 4423 1860 4472; x_wconf 87' lang='lat' dir='ltr'><strong>nomine</strong></span> <span class='ocrx_word' id='word_1_575' title='bbox 1889 4420 2200 4484; x_wconf 74' lang='lat' dir='ltr'><strong>appellatae</strong></span> <span class='ocrx_word' id='word_1_576' title='bbox 2229 4418 2595 4478; x_wconf 75' lang='lat' dir='ltr'><strong>inveniantur,</strong></span> 
     </span>
    </p>
   </div>
  </div>
 </body>
</html>
