3109 5092
504 338 630 400 560

1375 337 1915 410 HERODOTI

503 510 676 583 διότι
716 508 1046 599 βάρβαροι
1087 500 1258 598 ἦσαν
1278 531 1293 545 ·
1351 509 1629 581 ἐδόκεον
1671 514 1753 580 δέ
1781 532 1904 599 σφι
1944 505 2190 599 ὁμοίως
2216 508 2440 602 ὄρνισι
2479 516 2778 601 φθέγγε-

502 627 686 686 σθαι.
763 610 929 702 μετὰ
966 612 1038 681 δὲ
1071 610 1317 702 χρόνον
1353 611 1479 702 τὴν
1514 613 1841 684 πελειάδα
1875 611 2285 704 άνθρωπηΐῃ
2328 623 2527 709 φωνῇ
2563 614 2778 686 αὐδά-

504 721 746 799 ξασθαι
800 719 1103 805 λέγουσι,
1158 719 1311 785 ἐπεί
1341 745 1430 786 τε
1479 717 1730 787 συνετά
1779 738 1903 806 σφι.
1956 714 2136 805 ηὔδα
2175 714 2218 807 ἡ
2260 719 2468 807 γυνή·
2535 723 2662 800 ἕως
2702 719 2777 788 δὲ

506 820 936 912 ἐβαρβάριζε,
993 815 1274 907 ὄρνιθος
1325 820 1579 912 τρόπον
1631 821 1863 891 ἐδόκεέ
1906 841 2030 909 σφι
2078 825 2528 910 φθέγγεσθαι.

2633 824 2782 892 ἐπεὶ

504 927 635 1017 τέω
679 922 905 1016 τρόπω
946 916 1033 992 ἂν
1075 920 1341 1003 πελειάς
1384 950 1461 1010 γε
1506 921 1913 1014 ἆνθρωπηΐῃ
1956 929 2155 1012 φωνῇ
2200 928 2603 1013 φθέγξαιτος
2661 929 2781 1013 μέ-

508 1038 751 1098 λαιναν
792 1027 864 1096 δὲ
920 1028 1227 1112 λέγοντες
1269 1025 1443 1095 εἶναι
1485 1024 1614 1117 τὴν
1656 1028 1976 1098 πελειάδα
2014 1035 2455 1115 σημαίνουσι,
2505 1026 2606 1098 ὅτι
2650 1034 2784 1098 Αἰ-

512 1138 762 1219 γυπτίη
818 1125 860 1219 ἡ
918 1125 1093 1217 γυνὴ
1144 1119 1248 1218 ἦν.
1319 1124 1407 1198 Ἡ
1452 1130 1524 1198 δὲ
1582 1138 1902 1220 μαντηΐη,
1966 1125 2011 1218 ἦ
2057 1156 2130 1197 τε
2185 1135 2262 1201 ἐν
2316 1130 2573 1222 Θήβῃσι
2629 1136 2781 1220 τῇσι

517 1441 872 1527 απιγμένη.

522 1744 618 1806 ba3
669 1741 811 1794 duae
846 1741 988 1792 aliae
1025 1741 1308 1792 columbae
1336 1741 1485 1791 humi
1522 1756 1607 1791 ar-

520 1814 639 1865 bori
673 1814 958 1864 adstantes
982 1811 1422 1878 conspiciuntur:
1462 1809 1605 1876 quod

517 1899 694 1949 ipsum
733 1882 881 1933 haud
925 1883 1039 1933 seio
1075 1897 1146 1931 an
1192 1881 1265 1932 ad
1307 1881 1605 1931 ternarium

521 1953 865 2005 sacerdotum
903 1967 1180 2002 numerum
1221 1949 1311 2015 (de
1346 1965 1453 2015 quo
1490 1949 1602 1999 vid.

522 2024 594 2074 ad
617 2024 694 2086 11,
721 2022 810 2086 55)
845 2022 1184 2072 referendum
1222 2021 1311 2070 sit.
1383 2022 1468 2070 De
1496 2017 1605 2069 alio

521 2091 830 2142 huiusmodi
872 2106 1035 2141 numo
1082 2091 1226 2141 conf.
1265 2089 1486 2140 Str-eber
1521 2090 1604 2138 ἰιι·

522 2160 813 2213 Abhandll.
845 2158 899 2209 d.
928 2160 1187 2210 Miinehn.
1210 2157 1389 2209 Akad.
1424 2156 1606 2222 (1835)

523 2231 571 2282 1.
590 2246 644 2295 p.
667 2230 770 2280 226
793 2243 904 2292 seq.
982 2229 1141 2289 Quod
1177 2243 1305 2278 vero
1342 2227 1485 2291 apud
1506 2228 1609 2277 Ae·

600 2299 772 2363 ptios,
814 2302 959 2347 teste
991 2296 1347 2374 Horapolline
1392 2296 1479 2358 11,
1518 2295 1605 2359 32,

523 2368 773 2419 columba
819 2371 943 2416 atra
997 2358 1264 2431 (πελειάς)
1320 2363 1607 2415 viduaru'm

524 2439 630 2489 fuit
663 2438 880 2503 signum
914 2436 1032 2486 sive
1056 2450 1240 2485 earum
1266 2433 1605 2498 feminarum,

523 2523 663 2574 quae
709 2507 902 2557 marito
937 2509 1146 2556 mortuo
1188 2503 1334 2554 haud
1376 2502 1607 2554 alterum

520 2578 693 2629 iniere
734 2577 1137 2627 matrimonium
1169 2590 1316 2625 more
1351 2574 1610 2639 Aegytio-

524 2664 640 2699 rum
678 2646 1034 2704 sacerdotali,
1082 2645 1179 2696 sed
1224 2645 1395 2695 saeris
1431 2660 1500 2695 ac
1528 2659 1610 2694 re-

525 2719 627 2770 bus
664 2717 863 2768 divinis
899 2732 959 2766 se
990 2715 1151 2781 plane
1178 2715 1456 2778 dicarunt,
1494 2713 1550 2763 id
1573 2729 1608 2763 a

522 2792 712 2838 nostro
757 2787 877 2837 loeo
917 2785 1153 2836 alienum
1189 2784 1432 2847 videtur,
1485 2798 1608 2833 eum

523 2857 837 2908 sacerdotes
872 2854 1206 2905 Dodonaeae
1240 2869 1351 2903 non
1383 2857 1494 2903 tam
1529 2852 1609 2901 vi—

525 2924 667 2975 duae
701 2940 861 2990 quam
885 2924 1120 2988 virgines
1157 2924 1417 2986 innuptae
1440 2928 1495 2972 et
1520 2937 1608 2972 ea-

525 2998 645 3043 stae
681 2995 854 3043 fuisse
886 2992 1199 3052 videantur3
1239 2991 1315 3041 ef.
1346 3006 1513 3056 supra
1540 2991 1611 3041 ad

525 3062 602 3125 11,
640 3064 709 3112 55
743 3066 885 3114 nott.
937 3067 992 3110 et
1038 3059 1149 3113 vid.
1190 3060 1431 3110 Lasaulx
1478 3076 1534 3125 p.
1575 3057 1610 3109 0

526 3148 574 3183 s.
595 3147 647 3196 p.
673 3129 795 3182 298.
869 3131 984 3181 Nee
1021 3129 1194 3194 magis
1229 3127 1430 3193 placet,
1470 3129 1613 3195 quod

529 3201 804 3266 (monente
853 3198 1143 3263 Creuzero)
1189 3197 1398 3263 Anglus
1449 3198 1610 3250 homo

528 3272 723 3322 doetus
762 3267 903 3334 (The
927 3267 1140 3334 history
1175 3267 1237 3317 of
1266 3267 1358 3317 the
1378 3266 1611 3333 English

528 3346 745 3407 poen-y,
782 3337 958 3390 Lond.
988 3338 1150 3400 1824,
1188 3337 1361 3402 praef.
1390 3353 1444 3402 p.
1486 3336 1608 3401 101)

526 3412 836 3462 nniversam
905 3408 1176 3459 Herodoti
1243 3407 1612 3457 narrationem

526 3480 654 3533 inde
687 3486 863 3532 ortam
906 3493 1027 3529 esse
1074 3480 1286 3540 censet,
1339 3476 1483 3542 quod
1517 3491 1613 3526 au-

527 3567 624 3602 rea
660 3549 939 3613 columba,
973 3548 1178 3598 Diones
1211 3546 1541 3610 symbolum,
1583 3561 1612 3596 e

528 3636 731 3687 quercu
776 3618 1076 3670 Dodonaea
1117 3631 1384 3682 suspensa
1424 3615 1609 3666 fuerit.

528 3691 644 3742 Nee
686 3687 910 3739 meliora
949 3687 1160 3754 profert
1202 3685 1344 3736 alius
1387 3685 1471 3737 vir
1517 3684 1611 3736 do-

527 3765 648 3809 etus
669 3759 877 3824 Anglus
914 3759 972 3807 in
1004 3756 1123 3807 The
1155 3754 1421 3806 Classical
1445 3755 1608 3807 Jour-

528 3827 638 3879 nal.
676 3844 759 3878 nr.
787 3827 992 3882 LVIII.
1027 3842 1083 3892 p.
1111 3825 1215 3878 390
1237 3839 1352 3889 seq.
1409 3823 1611 3889 Dispu-

528 3902 678 3946 tasse
726 3897 794 3946 de
837 3896 923 3945 his
975 3910 1189 3960 quoque
1237 3894 1395 3945 video
1445 3893 1609 3945 Fred.

529 3965 752 4015 cordes.
787 3965 846 4016 in
883 3963 1252 4029 disputatione
1287 3961 1355 4014 de
1388 3962 1611 4014 oraculo

527 4033 826 4085 Dodonaeo
874 4031 1354 4100 (Groning.182ss)
1405 4032 1609 4099 oap.1.

531 4106 582 4167 5.
622 4103 655 4153 4
693 4117 846 4167 seqq.
918 4102 1042 4151 Alia
1079 4101 1305 4166 protulit
1341 4102 1502 4153 huius
1550 4101 1613 4152 li·

528 4172 614 4224 hri
651 4185 845 4222 censor
878 4170 938 4220 in
961 4169 1221 4223 Biblioth.
1258 4171 1451 4224 critica
1482 4171 1614 4223 See·

527 4240 680 4293 hodii
718 4240 873 4292 1829.
905 4254 988 4290 nr.
1022 4238 1109 4290 50.
1146 4255 1275 4305 pag.
1305 4239 1426 4292 198.

599 4300 811 4375 ὁμοίως
833 4298 1017 4374 ὄρνισι
1036 4306 1418 4374 φθέγγεσθαι]
1453 4298 1614 4372 ὁμοί-

530 4394 607 4438 ως
640 4393 762 4431 eum
797 4378 973 4432 Gaisf.
1008 4381 1068 4430 et
1099 4382 1328 4430 reeentt.
1372 4378 1496 4429 edd.
1531 4393 1613 4430 re·

515 1239 924 1321 Αἰγυπτίῃσι
971 1233 1084 1301 καὶ
1137 1236 1213 1300 ἐν
1257 1232 1593 1323 Δωδώνῃ,
1650 1232 2103 1322 παραπλήσιαι
2156 1232 2479 1323 ἀλλήλῃσι
2533 1233 2780 1321 τυγχά-

514 1358 708 1407 νουσι
752 1340 997 1405 ἐοῦσαι.
1044 1331 1230 1403 ’Ἐστι
1263 1334 1336 1403 δὲ
1360 1337 1471 1404 καὶ
1509 1342 1648 1405 τῶν
1689 1342 1858 1427 ἱρῶν
1883 1331 1924 1425 ἡ
1952 1335 2239 1427 μαντικὴ
2267 1334 2383 1407 ἀπ’
2430 1336 2785 1424 Αἰγύπτου

425 1546 506 1609 58

524 2316 598 2366 sy

13 2677 20 2768 ῑ

13 2783 16 2878 Ι

672 1538 1063 1630 Πανηγύρις
1106 1539 1179 1609 δὲ
1222 1536 1352 1628 ἄρα
1397 1541 1508 1609 καὶ
1551 1538 1817 1629 πομπάς
1865 1542 1975 1609 καὶ
2034 1540 2476 1631 προσαγωγὰς
2532 1546 2784 1630 πρῶτοι

1705 1743 1827 1808 eepi
1872 1757 1969 1809 pro
2012 1742 2163 1809 vulg.
2212 1732 2385 1822 ὁμοῖα
2432 1743 2549 1794 sive
2594 1757 2787 1808 ομοια,

1706 1819 1759 1863 et
1796 1813 1854 1861 in
1890 1826 2040 1877 seqq.
2080 1804 2285 1861 συνετά
2317 1827 2416 1877 σφι
2461 1811 2579 1893 (ubi
2622 1812 2787 1878 vulgo

1706 1881 1995 1933 articulum
2056 1887 2399 1947 praeponunt
2459 1873 2558 1944 τὰ,
2629 1897 2790 1949 quem

1707 1952 1914 2001 omittit
1939 1949 2314 2030 Florentinus)
2348 1956 2512 2017 atque
2543 1918 2791 2017 ὄρνιθος

1658 2041 1677 2056 ⁸
1703 2014 1924 2085 τρόπον
1959 2010 2151 2070 ἐδόκεέ
2184 2034 2285 2085 σφι
2323 2020 2406 2086 (ut
2416 2020 2790 2103 plurimorum

1706 2090 1866 2140 codd.
1901 2090 2005 2140 fert
2038 2090 2367 2155 auotoritas)
2413 2091 2630 2142 inverso
2671 2105 2791 2141 ver-

1706 2159 1897 2209 borum
1934 2158 2141 2209 ordine.
2179 2190 2251 2200 —-
2296 2160 2382 2210 Ad
2418 2161 2595 2225 ipsum
2631 2175 2790 2225 argu·

1707 2233 1947 2279 mentum
2001 2227 2219 2280 videtur
2259 2229 2592 2292 notandum,
2645 2229 2790 2295 apud

1709 2298 1947 2349 Graecos
1993 2297 2138 2348 haud
2186 2315 2310 2349 raro
2357 2315 2479 2362 eos,
2533 2300 2626 2365 qui
2669 2299 2792 2349 bar-

1707 2367 1827 2418 bari
1864 2372 1919 2418 et
1952 2368 2161 2432 origine
2183 2373 2241 2419 et
2262 2367 2451 2434 lingua
2485 2369 2573 2419 vel
2609 2373 2793 2418 essent

1706 2437 1794 2487 vel
1818 2436 2149 2487 haberentur
2182 2439 2250 2489 ob
2282 2439 2546 2489 sermonis
2582 2438 2792 2488 rudita-

1708 2511 1817 2557 tem
1853 2511 1951 2557 aut
1983 2506 2372 2571 loquacitatem
2410 2523 2532 2558 eum
2576 2508 2792 2568 avibus,

1706 2576 2085 2626 hirundinibus
2134 2578 2519 2642 potissimum,
2579 2592 2794 2642 eompa-

1708 2647 1819 2695 rari
1852 2645 2095 2711 adeoque
2126 2663 2223 2713 per
2255 2651 2582 2698 contemtum
2612 2647 2795 2696 hirun-

1709 2714 1863 2765 dines
1917 2715 2124 2767 voeari.
2206 2716 2331 2768 vid.
2378 2715 2681 2767 Blomfield.
2736 2716 2794 2764 in

1710 2784 1956 2835 Glossar.
2018 2783 2089 2834 ad
2151 2785 2409 2850 Aeschyli
2471 2785 2792 2852 Agamemn.

1710 2854 1865 2905 1017.
1901 2853 2170 2907 Fritzseh.
2194 2854 2264 2905 ad
2282 2855 2632 2921 ArIstophan.
2651 2855 2793 2906 Rau.

1707 2924 1944 3074 ΡιιἔστιΟ
1935 2960 2000 3042 δὲ
2031 2986 2129 3042 καὶ
2150 2988 2268 3041 τῶν
2300 2983 2507 3055 ῖρῶν“
2479 3008 2514 3057 η
2548 2983 2794 3057 μαντικὴ

1706 3054 1789 3112 ἀπ
1795 3053 2118 3125 Ἀἰγύπτου
2131 3052 2412 3126 ἀπιγμένη
2462 3062 2621 3142 Quod
2641 3063 2792 3113 Wes-

1709 3131 1941 3210 selingio
1986 3130 2205 3182 videtur
2247 3128 2365 3181 τῶν
2424 3129 2541 3195 ρῶν
2579 3122 2616 3196 ἡ
2651 3146 2796 3196 μαν-

1708 3192 1836 3265 τικὴ
1860 3215 1980 3251 esse
2002 3201 2236 3251 divinatio
2258 3203 2310 3251 in
2328 3203 2540 3266 ωηιρὶιε,
2572 3215 2712 3266 quae
2737 3204 2796 3251 et

1708 3270 1985 3335 responsis
2005 3274 2061 3320 et
2082 3269 2254 3336 signis
2274 3269 2676 3334 absolvebatur,
2695 3266 2794 3321 ob-

1710 3340 1950 3423 loquitur
1976 3338 2539 3405 Schweighaeuserus,
2581 3355 2703 3390 cum
2723 3331 2794 3389 τὰ

1714 3402 1829 3474 ΐρα,
1865 3408 2314 3475 quemadmodum
2339 3409 2477 3459 alias
2514 3401 2583 3458 τὰ
2612 3399 2794 3473 ἷρήϊα,

1714 3479 1783 3530 de
1817 3479 2081 3542 victimis,
2120 3494 2262 3545 quae
2296 3477 2665 3541 immolantur,
2703 3493 2795 3530 ac·

1711 3549 1821 3614 cipi
1864 3515 2394 3616 debean’t.1taque
2439 3547 2797 3614 intelligenda

1711 3619 1815 3670 erit
1861 3618 2097 3669 divinatio
2142 3634 2171 3668 e
2216 3621 2421 3669 vicennis
2470 3633 2515 3668 s.
2548 3618 2796 3680 ,har-mpi-

1708 3690 1853 3748 ct'na,
1898 3703 2060 3753 quam
2094 3689 2299 3752 pariter
2345 3690 2511 3752 atque
2551 3685 2796 3738 oraculo-

1708 3772 1828 3807 rum
1871 3757 2180 3807 institutum
2226 3772 2293 3806 ex
2326 3757 2579 3822 Aegypto
2622 3757 2797 3820 repeti

1710 3827 1829 3877 vult
1846 3826 2179 3879 Herodotus.
2227 3825 2506 3877 Gronovio
2531 3825 2660 3877 olim
2684 3824 2797 3891 pla-

1712 3900 1926 3948 onerat.
1974 3892 2091 3946 τῶν
2134 3888 2305 3961 ἱρέων
2347 3885 2384 3959 ἡ
2418 3889 2664 3960 μαντικὴ
2712 3892 2796 3958 (ut

1712 3967 1769 4015 in
1803 3965 2049 4016 Medieeo
2082 3962 2222 4015 libro
2259 3963 2490 4030 exstat),
2528 3966 2567 4016 i.
2592 3980 2642 4016 e.
2669 3965 2797 4016 divi·

1710 4035 1869 4085 nandi
1888 4049 1987 4098 per
2020 4034 2313 4084 sacerdotes
2346 4036 2496 4085 ratio.
2570 4033 2681 4085 Sed
2716 4049 2800 4083 re-

1712 4105 1961 4225 }riagggur
1995 4102 2392 4168 quodammodo
2423 4102 2613 4154 Nostri
2644 4102 2796 4153 loeus

1777 4211 1790 4237 ,
1901 4209 1916 4225 .

2066 4275 2200 4326 Cn.
2238 4274 2444 4328 LVIII.

1758 4369 2091 4444 Πανηγύρις
2105 4372 2249 4437 δὲ-
2260 4368 2633 4444 προσαγωγὰς
2650 4372 2801 4442 πρῶ-
