3109 5092
473 337 597 399 822

1333 323 1867 391 HERODOTI

471 511 549 582 δὲ
573 511 1200 600 τεσσερεσκαίδεκα,
1228 499 1401 589 ὕψος
1428 502 1505 573 δὲ
1530 499 1729 572 ὀκτώ.
1769 502 1982 569 ταῦτα
2004 496 2131 587 μὲν
2155 491 2237 565 τὰ
2258 494 2468 585 μέτρα
2490 496 2759 577 ἔξωθεν

470 620 587 704 τῆς
612 614 847 702 στέγης
871 616 988 700 τῆς
1016 614 1438 701 μουνολίθου
1466 610 1626 677 ἐστί.
1681 601 1851 690 ἆτᾶρ
1890 609 2154 672 ἔσωθεν
2195 595 2270 668 τὸ
2296 604 2506 688 μῆκος
2534 595 2751 667 ὀκτω-

473 723 755 789 καίδεκα
775 716 1049 804 πηχέων
1075 714 1188 782 καὶ
1214 709 1540 799 πυγόνος,
1570 706 1646 779 τὸ
1676 707 1751 777 δὲ
1784 698 1979 797 εὖρος
2008 703 2323 774 δυώδεκα
2353 703 2641 790 πηχέων,
2673 697 2751 768 τὸ

474 821 550 892 δὲ
593 817 764 904 ὕψος
803 820 1001 889 πέντε
1042 818 1311 905 πηχέων
1357 817 1516 885 ἐστί.
1600 808 1768 899 αὕτη
1810 816 1932 879 τοῦ
1964 813 2117 898 ἱροῦ
2152 809 2376 877 κέεται
2417 802 2597 894 παρὰ
2622 800 2753 891 τὴν

476 929 736 995 ἔσοδον.
792 927 923 992 ἔσω
951 919 1080 1011 γάρ
1109 947 1226 1008 μιν
1253 922 1321 997 ἐς
1344 915 1419 987 τὸ
1448 913 1601 1008 ἱρόν
1626 935 1793 1003 φασι
1820 909 2025 984 τῶνδ’
2063 917 2290 981 εἵνεκα
2317 907 2442 980 οὐκ
2470 905 2745 979 ἐσελκύ-

471 1047 615 1097 σαι·
653 1023 774 1096 τὸν
803 1022 1236 1114 ἀρχιτέκτονα
1265 1018 1505 1110 αὐτῆς,
1547 1019 1905 1106 ἑλκομένης
1930 1021 2046 1105 τῆς
2073 1016 2341 1104 στέγης,
2375 1009 2741 1083 ἀναστενά-

474 1134 579 1215 ξαι
597 1182 616 1217 ,
644 1123 754 1199 οἷά
778 1155 851 1198 τε
882 1126 1128 1219 χρόνου
1157 1123 1587 1213 ἐκγεγονότος
1620 1126 1909 1206 πολλοῦ,
1950 1121 2063 1189 καὶ
2104 1114 2487 1208 ἀχθόμενον
2512 1121 2603 1209 τῷ
2633 1120 2743 1203 ἔρ-

473 1261 594 1327 γῳ,
612 1230 732 1303 τὸν
757 1232 831 1301 δὲ
845 1227 1130 1321 ’Ἄμασιν
1155 1225 1490 1317 ἐνθύμιον
1516 1225 1995 1314 ποιησάμενον,
2022 1219 2146 1292 οὐκ
2178 1225 2297 1292 ἐᾶν
2326 1227 2421 1291 ἔτι
2450 1240 2712 1307 προσω-
2732 1231 2859 1285 190

472 1337 644 1424 τέρω
674 1331 968 1404 ἑλκύσαι.
1022 1331 1152 1421 ἤδη
1183 1333 1264 1402 δέ
1297 1359 1476 1412 τινες
1519 1332 1824 1417 λέγουσι,
1863 1322 1953 1407 ὥς
1993 1323 2358 1416 ἅνθρωπος
2402 1321 2744 1411 διεφθάρη

474 1433 591 1507 ὑπ’
637 1432 846 1525 αὐτῆς
887 1441 1026 1507 τῶν
1065 1462 1167 1515 τις
1204 1431 1419 1524 αὐτὴν
1455 1431 1961 1523 μοχλευόντων,
2008 1430 2122 1498 καὶ
2165 1425 2297 1498 ἀπὸ
2339 1423 2584 1497 τούτου
2626 1421 2751 1495 οὐκ

475 1605 544 1655 14
581 1603 753 1655 cubiti
775 1622 849 1649 =
877 1602 1036 1668 6,474
1071 1606 1227 1654 metr.
1265 1601 1408 1654 Gau.
1446 1601 1564 1652 sive

475 1672 633 1736 20,63
658 1674 784 1739 ped.
811 1673 982 1724 Rhen.
998 1710 1012 1736 ‚
1051 1673 1085 1723 8
1110 1673 1286 1724 cubiti
1305 1692 1379 1718 ..--.
1404 1670 1565 1734 3,699

475 1748 634 1794 metr.
660 1742 802 1795 Gau.
834 1743 952 1792 sive
976 1742 1133 1806 11:19
1166 1743 1288 1808 ped.
1313 1742 1563 1794 Rhenan-

473 1814 655 1878 Atque
696 1812 841 1863 idem
886 1812 1053 1863 etiam
1101 1811 1285 1863 valere
1338 1810 1459 1861 vult
1497 1810 1567 1861 de

474 1882 742 1933 mensuris
778 1882 1054 1932 interioris
1082 1883 1279 1946 partis,
1315 1883 1396 1931 its
1421 1896 1567 1931 com-

473 1951 700 2017 putatis,
736 1954 802 2001 ut
828 1951 1000 2002 cubiti
1027 1951 1122 2019 183
1145 1955 1379 2017 sequent
1404 1948 1567 2014 8,709

473 2025 630 2071 metr.
672 2019 813 2071 Gall.
853 2022 971 2070 sive
1006 2022 1164 2085 27,75
1205 2019 1328 2085 ped.
1365 2020 1562 2082 Rhea„

473 2089 651 2141 cubiti
695 2090 762 2140 12
795 2110 867 2135 =
908 2091 1065 2152 5‚549
1115 2095 1273 2140 metr.
1323 2088 1463 2140 Gall.
1514 2103 1562 2138 s.

474 2158 631 2221 17,oe
665 2157 790 2223 ped.
828 2158 1022 2221 Rhea„
1061 2157 1232 2209 cubiti
1266 2158 1562 2221 5:2,312

479 2232 635 2278 metr.
674 2225 817 2278 Gall.
853 2242 898 2277 s.
938 2228 988 2289 7,
1027 2227 1094 2278 37
1131 2225 1253 2292 ped.
1290 2228 1462 2278 Rhen.

541 2323 637 2378 καὶ
657 2318 934 2394 πυγόνος]
964 2321 1161 2393 πυγῶν
1180 2330 1461 2381 continere
1484 2329 1565 2378 di-

472 2399 615 2449 citur
664 2398 865 2464 viginti
915 2397 1116 2464 digitos
1171 2399 1289 2449 sive
1346 2402 1562 2464 quinque

475 2466 704 2534 palmas.
787 2468 986 2534 Itaque
1033 2483 1141 2518 non
1189 2467 1351 2519 valde
1392 2468 1567 2518 distat

475 2553 509 2588 a
533 2537 745 2601 cubito,
787 2537 879 2604 qui
914 2540 1089 2605 υίρίητί
1122 2547 1340 2605 quatuor
1376 2538 1565 2604 digitis

474 2623 520 2658 s.
548 2622 648 2658 sex
683 2606 878 2673 palmis
907 2612 1145 2660 constat.
1199 2607 1324 2660 Vid.
1355 2610 1564 2660 Wurm.

476 2677 545 2729 de
579 2676 782 2744 pondd.
822 2681 951 2730 rstt.
987 2694 1114 2744 pag.
1154 2678 1244 2730 92.

550 2772 647 2830 οἷά
685 2794 745 2830 τε
782 2772 996 2844 χρόνον
1038 2770 1399 2845 ἐκγεγονότος
1429 2779 1569 2830 πολ-

473 2846 602 2916 λοῦ]
641 2850 798 2900 Hsec
831 2848 1039 2900 locutio
1075 2849 1312 2900 insolens
1352 2849 1567 2900 videtur

477 2917 870 2981 Wesselingio‚
939 2933 1057 2967 cum
1115 2919 1428 2968 Herodotus
1487 2919 1566 2979 (ν.

478 2991 622 3038 nott.
649 2987 723 3036 ad
747 2986 823 3047 11,
852 2986 995 3049 124.)
1033 2984 1236 3050 aliique
1271 2988 1565 3051 scriptores

519 3056 665 3105 otius
706 3054 764 3103 in
808 3053 961 3104 hisce
995 3055 1310 3118 usurparint
1345 3056 1569 3106 verbum

478 3072 811 3189 Ξγγίνεσθαι
857 3139 902 3173 s.
942 3120 1223 3187 γίνεσθαι.
1297 3123 1568 3190 Schweig-

481 3195 807 3255 haeuserus,
850 3192 942 3256 qui
991 3192 1109 3256 ipse
1155 3192 1384 3256 requirit
1420 3184 1567 3258 ἔγγε-

476 3255 741 3329 γονότος,
794 3260 924 3311 ferri
958 3264 1141 3312 tamen
1178 3275 1342 3326 posse
1378 3261 1568 3328 vulga-

477 3340 590 3384 tam
644 3332 878 3396 iudicat,
951 3332 999 3381 si
1061 3331 1278 3382 abesset
1330 3329 1566 3381 πολλοῦ.

476 3402 742 3469 Equidem
774 3399 929 3452 libris
972 3401 1162 3451 invitis
1210 3399 1347 3450 nibil
1394 3405 1570 3451 muta-

475 3472 981 3593 }{mfiaep‘siffi‘ff
1019 3460 1569 3592 22m05⁷³331⁶11⁷1i0221³⁰f

479 3614 546 3663 27
583 3612 821 3664 videam.
889 3557 1132 3663 naaion-2¹
1154 3609 1457 3661 etDietsch
1488 3577 1571 3659 rel

476 3686 739 3747 ceperunt
785 3671 1164 3746 ἐγγεγονότος.
1212 3709 1283 3719 —-
1335 3679 1420 3730 Ad
1474 3671 1572 3728 οἷά

477 3765 535 3800 τε
559 3751 706 3802 conf.
733 3754 872 3802 nott.
903 3751 950 3815 1,
975 3750 1063 3814 66,
1096 3753 1263 3815 atque
1286 3748 1431 3799 haud
1454 3749 1569 3799 scio

476 3834 548 3869 an
589 3819 716 3870 huic
749 3833 809 3869 τε
844 3819 1175 3886 respondeat
1214 3814 1309 3868 καὶ
1358 3819 1416 3869 in
1452 3833 1572 3869 ver-

477 3888 564 3939 bis
613 3904 766 3954 seqq.
805 3884 901 3938 καὶ
945 3879 1303 3954 ἀχθόμενον,
1349 3888 1494 3954 quod
1539 3904 1570 3938 e

474 3957 792 4008 Florentino
836 3957 1065 4023 aliisque
1093 3973 1265 4023 nuper
1298 3962 1565 4008 mutatum

474 4027 532 4076 in
558 4019 999 4092 καταχθόμενον
1026 4028 1196 4078 malui
1228 4032 1410 4078 tamen
1447 4043 1571 4078 cum

477 4100 713 4147 recentt.
740 4095 863 4148 edd.
891 4095 1141 4147 retinere.
1213 4097 1403 4163 Neque
1438 4112 1570 4149 sane

478 4165 620 4218 ullus
680 4164 812 4215 mihi
865 4169 1083 4215 constat
1132 4163 1315 4230 locus,
1369 4167 1428 4215 in
1465 4182 1571 4233 quo

471 4229 879 4302 κατάχθεσθαι
924 4234 1263 4297 inveniatur,
1324 4236 1466 4300 quod
1515 4237 1574 4285 in

470 4304 759 4358 Plutarchi
813 4304 1008 4355 Caton.
1059 4304 1190 4356 min.
1229 4302 1317 4354 58.
1363 4320 1417 4369 p.
1470 4303 1575 4356 788

473 4378 792 4429 coniectura
832 4388 1090 4439 reponere
1113 4374 1350 4425 tentavit
1373 4373 1578 4426 Sebae-

473 4446 622 4498 ferus
681 4445 848 4511 (Plut.
896 4443 1009 4496 Vit.
1064 4445 1130 4498 Τ.
1188 4445 1258 4497 V.
1311 4461 1365 4512 p.
1426 4444 1573 4510 321).

1663 1600 1821 1651 Unus
1850 1598 2049 1651 Suidas
2077 1595 2173 1662 (11,
2206 1598 2254 1647 1.
2279 1612 2333 1661 p.
2361 1594 2460 1645 169
2484 1592 2569 1644 ed.
2588 1592 2756 1642 Bern-

1666 1666 1867 1735 hardy)
1919 1669 2085 1719 habet
2135 1655 2599 1732 κατηχθημένος·
2666 1658 2753 1728 βδ-

1668 1736 2015 1807 βαρημένοςς
2053 1738 2291 1801 itemque
2326 1733 2552 1785 verbum
2582 1744 2753 1779 κατα-

1666 1805 1842 1874 χθέω,
1882 1807 1951 1858 ab
1973 1805 2253 1857 Herodoto
2286 1805 2477 1868 utique
2500 1800 2753 1861 alienum,

1670 1878 1872 1941 legitur
1928 1877 1986 1926 in
2037 1875 2256 1941 Iosephi
2306 1873 2534 1938 Antiqq.
2594 1870 2755 1921 Iudd.

1668 1947 1881 2008 XVIII,
1918 1946 1970 2008 6,
2009 1947 2060 1999 7.

1734 2007 2019 2080 ἐνθύμιον
2052 2004 2468 2079 ποιησάμενον]
2508 2012 2544 2062 i.
2567 2026 2618 2062 e.
2640 2013 2757 2061 ωτι·-

1661 2088 2044 2137 madvertentem
2102 2093 2152 2136 et
2204 2082 2439 2150 religioni
2479 2081 2758 2143 habentem,

1663 2162 1725 2206 ut
1758 2156 1925 2222 vulgo
1952 2153 2188 2205 reddunt
2218 2153 2293 2215 id,
2333 2150 2478 2218 quod
2502 2151 2559 2201 in
2588 2150 2759 2201 omni-

1664 2225 1766 2275 bus
1806 2225 1959 2276 libris
1997 2229 2053 2274 et
2088 2223 2305 2288 scriptis
2342 2227 2398 2272 et
2433 2220 2596 2271 editis
2625 2219 2761 2285 legi-

1664 2299 1780 2345 tur=
1861 2285 2004 2343 ἐνθυ
2017 2308 2055 2357 μ
2067 2308 2087 2342 ι
2100 2306 2173 2343 στ
2188 2289 2218 2342 ὸ
2232 2307 2266 2342 ν
2346 2281 2759 2354 ποιησάμενον,

1666 2364 1915 2430 quodque
1951 2362 2090 2413 satis
2124 2363 2267 2413 tueri
2301 2360 2519 2411 videtur
2555 2365 2613 2411 et
2638 2359 2763 2410 Sui-

1669 2433 1771 2483 dae
1838 2424 2210 2498 (ἐνθυμιστὸν
2272 2429 2549 2481 reddentis
2608 2420 2761 2478 ὕπο-

1667 2503 1835 2569 πτον)
1876 2507 1932 2553 et
1965 2501 2230 2567 Hesychii
2263 2500 2545 2566 ipsiusque
2574 2498 2762 2550 Pollu-

1668 2573 1748 2623 cis
1785 2571 2096 2633 (Onomast.
2136 2571 2223 2634 11,
2262 2570 2385 2635 231)
2436 2569 2758 2632 auctoritas,

1705 2642 1761 2692 ui
1800 2641 1944 2707 quod
1982 2656 2012 2690 e
2046 2639 2365 2706 Thucydide
2401 2640 2468 2701 V,
2497 2639 2563 2690 32
2600 2638 2765 2689 affert

1668 2657 2193 2777 ἓνθυμιζόμενοιρᾶ
2215 2725 2244 2759 e
2261 2708 2574 2759 melioribus
2595 2708 2759 2759 codd.

1667 2796 1812 2831 nunc
1871 2783 2139 2830 mutatum
2192 2778 2249 2828 in
2312 2768 2760 2843 ἐνθυμούμενοι,

1668 2866 1791 2901 cum
1846 2839 2256 2912 ἐνθυμίζεσθαι
2302 2847 2537 2912 indeque
2593 2847 2762 2898 dedu-

1669 2924 1816 2971 ctum
1853 2909 2199 2982 ἕνθυμιστὸς
2244 2918 2313 2967 sd
2350 2917 2569 2968 serioris
2608 2922 2762 2967 aets-

1668 2990 1741 3039 tis
1791 2989 2084 3053 scriptores
2133 2987 2406 3052 pertineat
2450 3001 2551 3037 nec
2589 2984 2760 3037 ullum

1670 3059 1788 3108 eius
1842 3057 2142 3122 exemplum
2185 3057 2463 3121 cognitum
2511 3057 2584 3105 sit
2630 3059 2763 3106 ante

1669 3127 2007 3192 Appianum,
2051 3126 2145 3191 qui
2177 3123 2334 3176 civil.
2380 3126 2486 3187 IV,
2523 3124 2610 3177 63.
2657 3126 2762 3175 Mi-

1670 3196 1834 3248 thrid.
1877 3197 1977 3247 120
2021 3196 2228 3260 primus
2274 3194 2376 3245 hoc
2420 3195 2588 3246 verbo
2626 3210 2761 3245 usus

1672 3281 1789 3315 esse
1824 3266 2092 3315 videatur.
2147 3264 2344 3330 Itaque
2379 3268 2529 3315 recte
2555 3265 2762 3315 Noster

1666 3335 1834 3397 VIII,
1873 3336 1941 3385 54
1987 3335 2209 3400 scripsit
2253 3331 2363 3382 εἴτε
2399 3330 2496 3382 καὶ
2551 3324 2761 3383 ἐνθύ-

1669 3417 1835 3467 μιον
1860 3395 2105 3468 ἐγένετοτ
2146 3403 2288 3453 unde
2322 3403 2604 3468 profectus
2630 3402 2761 3453 Val-

1671 3472 1956 3523 ckenarius
2007 3474 2112 3524 hoc
2160 3488 2373 3538 quoque
2410 3471 2532 3523 loco
2583 3463 2762 3522 ἐνθύ-

1669 3555 1802 3605 μιον
1837 3542 1959 3608 (pro
1988 3533 2361 3606 ἕνθύμιστὸν)
2388 3558 2448 3593 se
2482 3542 2761 3607 praeferre

1672 3610 1826 3672 dixit,
1860 3612 1930 3662 ad
1952 3613 2290 3663 Ammonium
2313 3627 2639 3677 provocans,
2666 3611 2761 3676 qui

1672 3695 1726 3744 p.
1763 3682 1830 3730 52
1869 3684 1925 3730 et
1961 3680 2030 3733 53
2065 3673 2346 3745 ἐνθύμιον
2395 3682 2619 3747 scripsit
2650 3672 2761 3730 ἐτί-

1673 3747 1813 3799 θετο
1850 3742 1943 3798 ἐπὶ
1976 3747 2079 3800 τοῦ
2126 3749 2557 3814 προστροπαίου
2594 3751 2762 3816 idque

1670 3818 2023 3883 Antiphontis
2049 3820 2362 3871 testimonio
2384 3821 2641 3871 firmavit.
2679 3821 2761 3870 Ac

1672 3887 1829 3954 plura
1850 3904 2063 3954 quoque
2090 3889 2277 3940 attulit
2295 3889 2502 3941 Duker.
2525 3890 2596 3940 ad
2615 3889 2760 3941 Thu·

1672 3956 1852 4024 cydid.
1879 3958 2003 4021 VII,
2029 3956 2109 4011 18.
2186 3960 2340 4022 Quae
2375 3974 2494 4010 cum
2521 3960 2603 4010 ita
2628 3960 2758 4022 sint,

1671 4028 1926 4092 rescripsi
1960 4017 2259 4092 ἐνθύμιον,
2301 4027 2444 4094 quod
2478 4045 2644 4079 unum
2668 4044 2763 4079 ve-

1671 4112 1788 4148 rum
1822 4112 1943 4147 esse
1978 4098 2352 4162 pronuntiavit
2384 4114 2555 4164 nuper
2584 4098 2785 4149 Cobet·

1670 4168 1829 4218 Varr.
1871 4168 2051 4219 Lectt.
2088 4183 2213 4234 pag.
2259 4170 2345 4219 57.
2382 4194 2452 4204 -
2505 4169 2569 4217 In
2606 4182 2756 4234 seqq.

1673 4236 1854 4288 verbis
1886 4251 1991 4287 vox
2044 4227 2361 4300 ἄνθρωπος
2410 4241 2633 4302 propter
2667 4253 2761 4288 vo-

1675 4322 1765 4358 ces
1805 4303 1920 4355 τῶν
1970 4320 2054 4364 τις
2105 4307 2440 4372 postpositas
2487 4306 2617 4356 mihi
2673 4323 2763 4357 su-

1677 4380 1867 4442 specta
1921 4374 2011 4438 fit3
2061 4390 2090 4425 e
2141 4375 2327 4442 glossa
2369 4376 2597 4427 vocibus
2644 4375 2761 4426 τῶν

1675 4461 1761 4504 τις
1797 4445 1986 4496 addita
2021 4446 2307 4512 irrepsisse
2340 4445 2575 4498 videtur.
