3109 5092
490 317 612 380 714

1353 277 1886 385 HsRoDOTI

494 492 708 581 αὐτην
734 490 811 562 τὸ
838 499 1107 582 πρῶτον
1135 498 1286 565 ἐπεί
1307 460 1378 565 ἰε
1407 498 1734 586 ἐποίησαν
1760 492 2009 584 αὐτὴν,
2057 492 2294 586 ἤειρον
2320 494 2479 575 τοὺς
2507 497 2765 566 ἐπιλοί-

492 622 662 675 πους
689 603 930 676 λίθους
957 604 1290 687 μηχανῇσι
1319 597 1542 682 ξύλων
1569 601 1877 688 βραχέων
1903 601 2428 687 πεποιημένῃσι,
2458 603 2771 687 χαμᾶθεν

490 765 617 829 (hos
669 763 811 814 enim
862 763 986 816 ideo
1033 770 1246 817 tantum
1294 782 1574 832 apparere,

491 834 634 900 quod
667 833 878 898 lapides
915 834 1207 902 laevigati,
1251 838 1444 902 quibus
1480 853 1578 901 py-

489 904 711 956 ramidis
752 904 1065 969 superficies
1112 907 1446 957 extrinsecus
1484 906 1577 957 ob-

488 979 637 1025 tecta
675 978 820 1033 erat,
857 990 891 1024 a
916 975 1163 1025 barbaris
1188 976 1407 1026 saeculo
1445 975 1578 1027 duo-

489 1045 697 1096 decimo
739 1043 849 1092 sint
893 1043 1120 1108 ablati),
1178 1045 1275 1096 sed
1325 1046 1575 1106 maiores,

489 1115 580 1179 qui
627 1112 918 1164 altitudine
960 1115 1159 1180 viginti
1201 1115 1438 1181 quinque
1484 1131 1578 1179 pe-

491 1185 615 1234 ‹lum
664 1187 719 1232 et
764 1180 1054 1233 latitudine
1087 1184 1335 1234 undecim
1379 1185 1575 1249 pedum

490 1251 706 1304 adhuc‘
691 1266 749 1299 ιιι
769 1264 879 1301 una
876 1253 1180 1330 pyramide
1202 1259 1575 1318 compareant.

540 1311 815 1399 τοιαύτην
832 1314 896 1370 τὸ
912 1319 1143 1400 πρῶτον
1161 1313 1289 1372 ἐπεί
1303 1337 1360 1372 τε
1381 1314 1577 1387 ἐποίη-

492 1405 598 1441 σαν
615 1379 834 1469 αὐτὴν]
887 1382 1161 1455 τοιαύτην
1206 1407 1378 1457 aeque
1411 1398 1575 1458 atque

487 1451 674 1523 αὐτὴν
709 1460 780 1508 ad
817 1460 1150 1526 pyramidem
1191 1462 1396 1525 refero,
1433 1462 1577 1512 hunc

489 1531 545 1579 in
600 1528 845 1579 modum·
901 1531 1048 1580 talem
1104 1530 1166 1594 (i.
1215 1545 1263 1582 e.
1315 1532 1575 1596 gradibus

489 1596 847 1660 instructam)
912 1601 1121 1662 primum
1177 1615 1282 1649 cmn
1337 1601 1582 1663 fecissent

489 1683 624 1728 eam,
673 1673 788 1718 tum
834 1668 904 1717 ad
941 1668 1208 1734 reliquum
1245 1685 1379 1734 opus
1425 1685 1578 1719 acce-

490 1737 721 1797 debant,
783 1735 928 1801 quod
975 1739 1045 1787 ad
1086 1738 1330 1801 lapides,
1383 1739 1577 1802 quibus

488 1806 786 1872 pyramidis
822 1805 1159 1871 superficiem
1187 1807 1575 1868 convestit-ent,

490 1876 822 1941 pertinebat·
878 1877 1032 1926 cuius
1080 1876 1252 1940 ipsius
1299 1876 1578 1940 perficien-

491 1947 594 1996 dae
631 1961 801 1995 causa
846 1945 944 1995 hos
994 1946 1194 2010 gradus
1229 1950 1575 2010 paraverant,

493 2030 716 2082 quorum
744 2014 970 2093 primum
1001 2031 1045 2065 s.
1073 2016 1300 2079 primum
1333 2016 1576 2065 ordinem

490 2100 616 2166 mox
639 2089 803 2133 vocat
826 2076 926 2132 τὸν
954 2084 1185 2148 πρῶτον
1213 2087 1445 2147 στοῖχον
1462 2099 1580 2132 των

488 2147 865 2230 ἀναβαθμῶν.
888 2183 958 2193 --
990 2151 1255 2217 χαμᾶθεν
1277 2153 1402 2218 (pro
1425 2153 1574 2218 vulg.

492 2214 774 2289 χαμάθεν)
832 2222 1052 2286 scripsi,
1103 2221 1446 2287 Apollonium
1491 2238 1580 2273 se-

494 2299 679 2351 cutus,
716 2290 784 2340 de
819 2306 923 2354 quo
960 2291 1031 2341 cf.
1063 2292 1367 2357 Goettling.
1403 2291 1578 2341 Lehre

492 2379 548 2413 v.
585 2360 809 2410 Accent.
849 2375 903 2424 p.
941 2359 1064 2411 340.

558 2421 1316 2494 ἤειρον-πεποιημένῃσι]
1364 2429 1402 2479 i.
1441 2443 1490 2479 e.
1525 2430 1577 2478 in

419 2501 425 2506 ”
492 2502 644 2550 altum
689 2498 931 2549 tollebant
973 2501 1195 2564 reliquos
1240 2499 1440 2562 lapides
1475 2514 1579 2548 ma-

490 2569 675 2630 chinis,
720 2584 850 2633 quae
893 2585 963 2619 ex
998 2569 1230 2620 brevibus
1278 2570 1426 2633 liquis
1459 2583 1577 2618 con-

484 2640 659 2701 fectae
701 2646 868 2689 erant.
950 2640 1035 2689 De
1091 2636 1334 2717 genitivo
1393 2629 1580 2697 ξύλων

490 2708 675 2759 monui
711 2708 782 2758 ad
817 2707 1159 2772 11,124.—
1193 2698 1330 2763 τοὺς
1366 2700 1579 2755 ἐπιλοί-

490 2792 638 2834 πους
671 2776 877 2833 λίθους
913 2778 1049 2829 dicit
1085 2777 1284 2842 politos
1329 2777 1465 2826 istos
1499 2775 1580 2825 la·

491 2848 672 2912 pides,
729 2847 924 2912 quibus
969 2848 1228 2897 universa
1279 2845 1575 2910 pyramidis

492 2915 803 2979 superficies
837 2916 917 2965 ita
952 2921 1070 2965 erat
1097 2915 1334 2976 obtecta,
1369 2920 1433 2965 ut
1456 2930 1577 2979 gra-

493 2985 612 3044 dus,
650 2999 785 3047 quos
808 2985 968 3035 modo
1002 2984 1219 3035 dicebat
1247 2984 1578 3045 Herodotus,

492 3068 601 3102 non
637 3052 866 3117 amplius
902 3054 1359 3118 conspicerentur,
1398 3053 1494 3102 sed
1514 3057 1577 3101 ut

492 3137 738 3187 quaeque
758 3122 1052 3186 pyramidis
1075 3122 1244 3172 facies
1266 3136 1432 3171 unum
1451 3137 1578 3172 cou-

493 3192 706 3242 tinuum
748 3195 913 3255 atque
952 3191 1108 3242 laeve
1152 3190 1373 3256 planum
1421 3191 1580 3242 incli-

492 3265 681 3311 natum
708 3260 952 3311 referret.
1012 3263 1103 3312 Ita
1126 3260 1449 3324 Schweigh.,
1487 3261 1576 3311 cui

492 3331 619 3382 add.
671 3332 853 3396 Zoega
907 3329 974 3380 de
1032 3328 1290 3381 obelisco.
1337 3346 1391 3393 p.
1440 3331 1573 3382 403:

494 3400 701 3463 „Politi
748 3400 988 3464 lapides,
1040 3401 1135 3466 qui
1188 3400 1458 3450 frontibus
1502 3399 1574 3448 ad

494 3470 767 3535 obliquam
799 3470 999 3520 lineam
1034 3469 1197 3521 sectis
1242 3468 1366 3519 olim
1400 3469 1578 3518 latera

493 3540 787 3605 pyramidis
830 3539 1242 3590 convestiebant
1289 3538 1576 3602 superficie

491 3610 706 3674 aequali
740 3625 805 3659 ac
836 3608 998 3669 laevi,
1035 3609 1387 3659 barbarorum
1417 3622 1576 3671 rapa-

491 3681 659 3729 citate
709 3694 851 3729 nunc
901 3678 1077 3728 avulsi
1131 3681 1287 3736 sunt,
1347 3692 1415 3726 ne
1465 3691 1574 3726 uno

492 3748 707 3812 quidem
743 3748 800 3797 iu
838 3748 964 3798 sede
991 3762 1091 3797 sua
1122 3745 1330 3796 relicto,
1389 3746 1573 3795 Etiam

492 3818 582 3882 qui
629 3817 870 3881 proxime
915 3816 1271 3868 subiacebant
1315 3830 1410 3879 per
1449 3829 1572 3878 gra-

492 3886 593 3935 dus
647 3885 925 3949 dispositi,
984 3900 1129 3935 nunc
1183 3884 1401 3934 disiecti
1446 3887 1575 3932 sunt

492 3958 589 4004 aut
610 3953 755 4002 aeris
780 3954 1095 4018 intemperie
1127 3952 1421 4017 absumpti.
1469 3954 1575 4002 Bo·

491 4022 637 4073 reale
672 4021 803 4071 litus
856 4038 985 4086 prae
1027 4021 1249 4088 reliquis
1293 4025 1575 4072 vastatum

492 4107 612 4143 esse
647 4089 903 4142 dicitur.“
976 4091 1155 4155 Atque
1191 4092 1246 4140 in
1280 4096 1441 4150 nota,
1479 4091 1576 4140 ubi

489 4160 956 4226 peregrinatorum
1023 4160 1341 4210 testimonia
1395 4158 1573 4220 affert,

490 4230 698 4281 Arabes
732 4228 903 4280 fuisse
939 4228 1186 4288 coniicit,
1234 4230 1328 4292 qui
1362 4228 1571 4293 lapides

487 4299 614 4352 hinc
651 4297 931 4348 avexerint
965 4297 1034 4346 ad
1070 4297 1217 4347 urbis
1245 4297 1392 4348 Cairi
1426 4297 1575 4346 aedi-

489 4369 615 4426 ficia
638 4367 982 4420 exstruenda.
1011 4365 1308 4418 Confirmat
1327 4364 1575 4418 Coutelle

1678 766 1714 816 1.
1741 766 1778 816 l.
1812 782 1938 832 pag.
1976 766 2064 818 50.
2139 768 2205 818 In
2238 766 2414 817 altera
2433 766 2767 831 Chephrenis

1677 836 1955 901 pyramide
1994 835 2129 899 (vid.
2161 837 2236 898 11,
2274 836 2395 900 127)
2427 836 2637 900 lapides
2670 835 2768 885 isti

1678 905 1835 970 politi
1886 922 1954 956 ac
1990 906 2254 971 laevigati
2287 906 2466 957 adhuc
2498 921 2565 956 ex
2605 910 2768 970 parte

1679 979 2017 1040 comparent,
2061 991 2171 1027 non
2213 975 2361 1026 ultra
2396 976 2598 1040 gradus
2644 990 2768 1038 pro-

1677 1050 1957 1096 currentes
1974 1083 1987 1107 ,
2027 1045 2124 1095 sed
2145 1043 2282 1095 illud
2305 1049 2518 1094 tantum
2542 1043 2770 1108 implen-

1677 1118 1761 1164 tes
1797 1116 2033 1179 spatium
2069 1114 2469 1178 prismaticum,
2507 1113 2649 1179 quod
2684 1129 2770 1164 re-

1679 1186 1935 1235 manebat
1987 1184 2131 1234 inter
2194 1185 2443 1234 binorum
2499 1183 2767 1246 graduum

1679 1254 1937 1318 angulos,
2018 1258 2081 1303 ut
2148 1253 2250 1304 hoc
2324 1268 2540 1317 quoque
2602 1254 2769 1303 modo

1678 1323 1883 1374 hancce
1920 1323 2151 1387 Cheopis
2187 1321 2520 1388 pyramidem
2562 1326 2770 1372 tectam

1679 1392 1851 1443 fuisse
1903 1392 2218 1457 suspiceris.
2308 1392 2433 1441 Vid.
2486 1392 2669 1456 zoega
2726 1392 2764 1442 l.

1676 1461 1824 1512 laud.
1868 1478 1995 1527 paga
2039 1463 2163 1513 410.
2247 1460 2566 1511 Adscribam
2615 1460 2769 1510 deni-

1679 1546 1782 1596 que
1797 1569 1810 1592 ,
1851 1547 1992 1596 quae
2016 1533 2084 1582 de
2109 1531 2260 1581 hisce
2284 1530 2559 1595 lapidibus
2584 1531 2771 1580 obser·

1680 1606 1778 1650 vat
1823 1601 2068 1651 Coutelle
2110 1600 2148 1651 l.
2204 1600 2240 1650 l.
2289 1616 2343 1664 p.
2388 1599 2482 1650 50:
2540 1627 2660 1661 „—
2694 1616 2769 1649 on

1681 1675 1823 1720 reste
1861 1671 2164 1720 convaincu
2202 1684 2307 1734 que
2342 1668 2422 1718 les
2459 1668 2770 1733 pyramides

1677 1744 1830 1788 n'ont
1865 1754 1963 1801 pas
1993 1738 2081 1789 ete
2105 1739 2357 1789 revetues
2394 1737 2462 1788 de
2487 1743 2633 1789 cette
2657 1753 2771 1787 ma-

1678 1805 1829 1856 niere
1850 1811 1904 1856 et
1932 1822 2037 1871 que
2060 1807 2115 1856 le
2137 1806 2405 1871 pre'tendu
2431 1807 2771 1857 revetement

1678 1880 1821 1926 n’est
1879 1892 1984 1941 que
2033 1876 2083 1925 le
2142 1880 2421 1940 paremeut
2477 1874 2769 1936 exterieur,

1678 1960 1815 2009 pour
1839 1944 2015 2011 lequel
2039 1961 2109 1996 on
2131 1961 2165 1995 a
2183 1942 2430 2010 employd
2458 1960 2566 1996 une
2589 1946 2770 2010 pierre
2850 2002 2859 2010 .

1678 2015 1800 2078 plus
1836 2014 1998 2077 dure,
2032 2013 2171 2079 plus·
2193 2011 2375 2078 dgale,
2421 2014 2544 2078 plus
2582 2030 2771 2065 susce-

1679 2084 1870 2148 ptibile
1894 2085 1961 2135 de
1984 2084 2227 2134 recevoir
2249 2099 2324 2133 un
2344 2083 2487 2134 beau
2508 2083 2637 2148 poli,
2660 2100 2769 2149 que

1680 2153 1839 2215 celle,
1880 2154 2014 2204 dont
2038 2159 2122 2204 est
2144 2151 2349 2203 formee
2377 2153 2432 2203 la
2459 2153 2654 2204 chaine
2677 2154 2770 2203 Li-

1678 2224 1857 2287 byqne
1894 2238 1986 2273 sur
2032 2222 2267 2286 laquelle
2299 2221 2431 2272 elles
2479 2228 2605 2272 sont
2640 2238 2770 2274 con-

1678 2293 1904 2343 struites
1940 2296 1995 2342 et
2023 2294 2117 2357 qui
2148 2308 2183 2343 a
2206 2290 2294 2342 ete
2325 2291 2603 2357 employee
2628 2291 2768 2342 dans

1677 2360 1735 2411 la
1784 2363 2127 2423 maconnerie
2182 2359 2491 2412 interient-e.
2532 2389 2603 2397 —
2657 2362 2767 2411 Les

1679 2430 1830 2481 blocs
1877 2432 1945 2481 de
1994 2431 2205 2495 granit,
2255 2435 2420 2495 qu‘on
2467 2435 2659 2481 trouve
2696 2447 2770 2481 au

1678 2501 1801 2565 pied
1832 2500 1899 2550 de
1919 2499 1978 2549 la
2005 2499 2278 2551 troisieme
2298 2500 2595 2564 pyramide,
2620 2501 2769 2565 quel-

1680 2585 1813 2635 ques
1837 2570 2111 2620 boutisses
2135 2571 2202 2620 de
2225 2570 2398 2619 meme
2423 2573 2636 2628 nature,
2673 2569 2770 2634 qni

1679 2644 1886 2690 restent
1938 2654 2135 2689 encore
2190 2636 2463 2703 engagees
2520 2638 2657 2688 dans
2710 2637 2770 2688 la

1679 2708 2022 2772 maconnerie
2068 2713 2124 2758 et
2173 2713 2298 2758 sont
2340 2723 2412 2757 en
2458 2707 2639 2757 saillie
2674 2723 2769 2757 sur

1678 2776 1759 2828 les
1820 2778 2069 2842 gradins,
2127 2777 2446 2828 confirment
2502 2776 2767 2841 l‘opiniou

1677 2846 2010 2898 d'Herodote
2043 2862 2137 2897 sur
2169 2846 2483 2897 l'existence
2520 2845 2650 2896 d’un
2683 2861 2768 2896 re·

1677 2916 1953 2967 vetement
1981 2931 2048 2967 en
2082 2917 2293 2980 granit,
2327 2931 2462 2965 avec
2495 2920 2643 2966 cette
2662 2916 2768 2966 cir-

1678 2990 1999 3048 constance,
2039 2984 2168 3050 qu'il
2200 2990 2293 3035 n’a
2319 3001 2418 3046 pas
2453 2983 2545 3035 ete
2575 2983 2769 3048 ajout&

1679 3071 1773 3105 sur
1818 3054 1897 3106 les
1947 3054 2171 3120 gradins
2213 3052 2374 3118 apres
2420 3054 2478 3103 la
2520 3059 2768 3105 constru-

1680 3125 1860 3187 ction,
1923 3124 2062 3174 mais
2106 3139 2211 3189 que
2268 3122 2458 3175 c'etoit
2499 3138 2572 3173 un
2612 3139 2768 3188 pare-

1679 3197 1828 3244 ment
1851 3193 2121 3244 construit
2158 3209 2225 3243 en
2253 3192 2427 3242 meme
2451 3196 2630 3257 temps
2659 3208 2767 3258 que

1677 3263 1736 3314 la
1781 3262 2128 3327 pyramide.“
2198 3263 2445 3312 Pertinet
2484 3262 2591 3312 buc
2635 3277 2767 3327 quo-

1678 3348 1781 3397 que
1817 3332 2117 3396 disputatio
2155 3332 2458 3394 Letronnii,
2494 3346 2657 3395 quam
2694 3332 2768 3382 ad

1676 3402 1723 3462 1,
1762 3403 1864 3452 124
1896 3401 2269 3461 laudavimus,
2306 3401 2545 3465 itemque
2577 3401 2768 3465 Lepsii

1677 3486 1844 3535 supra
1872 3470 1911 3520 l.
1934 3499 2003 3507 —
2037 3472 2122 3520 De
2152 3470 2433 3531 machinis,
2474 3469 2767 3520 ferramen-

1676 3540 1776 3599 tis,
1830 3541 1899 3590 ad
1932 3540 2242 3604 pyramides
2281 3539 2638 3590 exstruendas
2670 3539 2767 3589 ad·

1675 3608 1888 3670 bibitis,
1940 3609 2288 3672 disputarunt
2324 3609 2565 3659 Meister.
2586 3645 2600 3671 ,
2639 3609 2759 3658 Nie-

1677 3677 1866 3738 buhr.‚
1917 3678 2037 3739 alii,
2086 3693 2220 3742 quos
2259 3677 2397 3728 citat
2432 3678 2601 3728 Beck.
2644 3677 2681 3728 l.
2724 3677 2764 3730 l.

1678 3763 1731 3810 p.
1773 3747 1891 3798 709.
1963 3747 2107 3799 Add.
2143 3748 2290 3797 Hirt.
2342 3746 2380 3796 1.
2417 3747 2457 3798 l.
2505 3762 2633 3811 pag.
2674 3749 2763 3798 25.

1681 3817 1890 3877 Quibus
1940 3817 2316 3866 instrumentis
2370 3831 2440 3866 ac
2496 3815 2767 3866 machinis

1679 3886 1948 3949 quomodo
1997 3885 2085 3934 usi
2129 3885 2240 3934 sint
2286 3885 2343 3933 in
2391 3884 2768 3949 pyramidibus

1679 3953 2049 4016 exstruendis,
2098 3969 2164 4004 ex
2198 3954 2334 4018 ipsis
2371 3954 2767 4019 Aegyptiorum

1678 4024 2068 4084 monumentis,
2107 4037 2249 4087 quae
2289 4038 2354 4072 ea
2380 4023 2451 4072 ad
2488 4022 2767 4073 oculorum

1678 4107 1871 4143 sensus
1924 4106 2183 4156 expressa
2239 4091 2533 4154 praebent,
2588 4091 2768 4151 adhuc

1675 4161 1935 4227 cognosci
1984 4176 2147 4225 posse
2200 4162 2458 4214 observat
2502 4160 2769 4211 Rosellini

1675 4229 1826 4282 Mon.
1857 4231 1964 4281 civ.
1995 4230 2073 4280 11.
2111 4245 2168 4294 p.
2193 4232 2314 4281 245.
2375 4231 2557 4294 Atque
2580 4228 2768 4280 huius-

1675 4300 1823 4350 modi
1856 4299 2175 4363 imaginem,
2220 4298 2466 4348 homines
2504 4299 2561 4347 in
2597 4298 2767 4348 laevi-

1673 4367 1868 4434 gaudis
1904 4367 2303 4436 actractandis
2340 4367 2651 4422 huiusmodi
2686 4368 2764 4420 la·
