3109 5092
445 371 564 434 168
1306 365 1847 429 HERODOTI

440 567 624 629 σειν,
664 541 914 630 ἄγοντα
953 545 1344 632 μηνοειδέα,
1396 538 1571 621 ὅκως
1609 536 1696 610 ἂν
1736 538 1811 608 τὸ
1857 537 2312 627 στρατόπεδον
2353 537 2719 626 ἱδρυμένον

439 645 608 718 κατὰ
635 647 856 718 νώτου
888 646 1114 736 λάβοι,
1155 644 1365 736 ταύτῃ
1403 643 1570 716 κατὰ
1614 640 1738 733 τὴν
1774 642 2074 731 διώρυχα
2121 639 2610 731 ἐκτραπόμενος
2641 643 2716 710 ἐκ

439 756 577 821 τών
618 746 917 840 ἀρχαίων
956 753 1301 841 ῥεέθρων,
1360 751 1473 818 καὶ
1520 739 1712 827 αὖτις
1763 744 2337 836 παραμειβόμενος
2382 741 2457 816 τὸ
2510 765 2710 831 στρα-

440 854 758 937 τόπεδον,
813 857 881 934 ές
921 851 1002 923 τὰ
1044 849 1285 941 ἀρχαῖα
1329 849 1677 941 ἐσβάλλοι,
1729 847 1933 936 ὥστε,
1979 853 2131 920 έπεί
2166 876 2240 919 τε
2281 849 2394 918 καὶ
2433 850 2715 935 ἐσχίσθη

440 958 713 1071 τέχιστα
749 952 786 1027 ὅ
817 954 1138 1046 ποταμὸς,
1187 953 1531 1044 ἀμφοτέρῃ
1571 951 1888 1041 διαβατὸς
1926 955 2211 1041 ἐγένετο.
2267 958 2339 1023 οἰ
2372 950 2447 1021 δὲ
2486 952 2600 1019 καὶ
2638 949 2715 1019 τό

441 1059 759 1149 παράπαν
813 1063 1084 1148 λέγουσι
1134 1061 1245 1129 καὶ
1309 1057 1384 1127 τὸ
1450 1055 1729 1147 ἀρχαῖον
1788 1060 2077 1146 ῥέεθρον
2138 1053 2710 1145 ἀποξηρανθῆναι.

440 1161 611 1234 ἀλλὰ
648 1168 845 1233 τοῦτο
893 1164 1019 1252 μὲν
1068 1159 1152 1232 οὐ
1197 1169 1584 1251 προσίεμαι·
1651 1165 1787 1241 κώς
1832 1158 1962 1249 γὰρ
2007 1156 2224 1258 ὀπίσω
2269 1156 2801 1248 πορευόμενοιδδ

344 1274 425 1336 76
443 1270 765 1355 διέβησαν
798 1262 1040 1347 αὐτόνς
1098 1272 1387 1353 Κροῖσος
1431 1264 1541 1351 δὲ,
1597 1267 1750 1334 έπεί
1786 1291 1858 1333 τε
1899 1261 2136 1353 διαβὰς
2168 1261 2298 1334 σὺν
2330 1266 2424 1355 τῷ
2457 1267 2719 1352 στρατῷ

436 1366 712 1439 ἀπίκετο
757 1374 874 1457 τῆς
916 1372 1403 1456 Καππαδοκίης
1428 1370 1510 1463 ,ές
1559 1365 1683 1456 τὴν
1708 1374 2011 1456 Πτερίην
2057 1368 2471 1455 καλεομένην
2521 1359 2591 1452 (ἡ
2641 1364 2718 1435 δὲ

436 1472 692 1561 Πτερίη
734 1473 873 1540 ἐστὶ
900 1478 1015 1562 τῆς
1048 1469 1267 1561 χώρης
1302 1471 1545 1560 ταύτης
1574 1469 1649 1541 τό
1688 1471 2155 1559 ἰσχυρότατον,
2194 1467 2362 1540 κατὰ
2389 1468 2720 1556 Σινώπην

436 1653 736 1775 ὴίἕῖλοὲςβῃῗ
745 1639 944 1760 'ME-e}
958 1635 1527 1773 εἰξαᾝέηῗῖῗῖιξίξίἷ
1963 1672 2097 1724 0³⁹⁶
2132 1672 2384 1722 LXXVI·

437 1779 532 1843 qui
562 1793 659 1843 pro
696 1779 866 1828 totius
900 1778 1011 1829 loci
1045 1778 1258 1828 ratione
1291 1778 1527 1843 particu—
1698 1766 1734 1840 ἡ
1774 1769 1838 1826 δὲ
1873 1774 2086 1838 Πτερίη
2123 1806 2194 1815 -
2229 1765 2404 1823 κατὰ
2437 1764 2716 1837 Σινώπην

433 1849 545 1913 lam
580 1836 742 1904 ὅπως
776 1846 866 1898 hic
903 1848 1059 1913 sequi
1095 1847 1270 1908 debet,
1310 1846 1529 1897 additur
1630 1877 1701 1886 —
1735 1841 1988 1911 κειμένη]
2023 1841 2251 1907 κειμένη
2293 1860 2324 1894 e
2367 1844 2716 1909 Wesselingii

430 1906 530 1980 ἄν,
595 1932 701 1982 quo
757 1917 877 1981 ipso
915 1917 989 1981 id,
1037 1916 1182 1982 quod
1230 1920 1525 1981 spectatur,
1633 1915 2012 1967 emendatione
2048 1930 2169 1964 cum
2195 1913 2350 1965 editt.
2377 1919 2603 1965 recentt.
2627 1916 2716 1965 de-

433 1986 544 2037 tale
581 2002 699 2036 esse
730 1985 1058 2049 declaratur,
1095 1986 1238 2051 quod
1277 1986 1393 2036 sive
1423 1986 1528 2035 hoc
1632 1986 1809 2035 dimus
1856 1999 1953 2049 pro
1998 1983 2147 2046 vulg.
2195 1981 2455 2047 κεομένη.
2510 1985 2717 2037 Probat

436 2057 554 2106 sive
581 2055 716 2106 illud
740 2055 946 2106 sactum
972 2057 1062 2118 sit,
1094 2056 1341 2106 accidere
1359 2070 1522 2121 posse

436 2125 792 2182 existimetur,
826 2130 1052 2190 totaque
1074 2140 1159 2175 res
1184 2124 1311 2175 inde
1346 2125 1521 2188 magis

432 2195 645 2244 incerta
706 2193 982 2245 reddatur.
1061 2193 1316 2244 Canalem
1379 2194 1521 2244 enim

430 2264 594 2314 lunae
643 2263 700 2312 in
755 2264 987 2328 speciem
1049 2262 1271 2313 duxisse
1323 2262 1522 2313 dicitur

435 2333 609 2398 Cyrus
644 2347 707 2382 eo
744 2331 972 2382 consilio
1010 2347 1054 2382 s.
1093 2348 1159 2383 ea
1195 2338 1391 2395 mente,
1438 2337 1519 2394 ut,

431 2403 480 2451 si
514 2404 639 2464 fieri
675 2410 877 2464 posset,
928 2405 1112 2452 castra
1159 2418 1192 2451 a
1235 2407 1391 2466 tergo
1435 2416 1523 2451 su-

431 2476 604 2521 meret
652 2485 696 2520 s.
737 2471 1064 2522 circumiret.
1130 2471 1400 2521 Herodoti
1444 2470 1522 2520 lo-

431 2555 548 2660 ῗὲἐί
564 2539 1521 2661 qss⁵n¹ss¹0¹522122i1⁰²⁸3233¹²¹21¹it{230¹}

431 2679 582 2731 Mod.
639 2695 694 2744 p.
742 2679 846 2731 316
891 2695 1026 2745 seq„
1077 2696 1308 2745 quocum
1368 2679 1516 2729 conf.

432 2749 690 2800 Kuehner
736 2749 830 2800 Gr.
884 2750 978 2800 Gr.
1029 2752 1080 2811 ς.
1120 2752 1242 2802 775.
1311 2748 1519 2799 Eodem

430 2818 591 2870 modo
629 2818 829 2868 Noster
863 2818 1009 2868 infra
1045 2819 1091 2880 Ι,
1118 2818 1206 2870 91.
1244 2819 1363 2869 110.
1395 2818 1517 2869 196.

431 2888 517 2950 Π,
582 2886 699 2938 126.
782 2887 866 2938 Ad
926 2880 1070 2936 κατὰ
1134 2880 1321 2936 νώτου
1370 2888 1515 2938 conf.

468 2993 608 3079 ’πῶς
642 3012 745 3086 γὰρ
781 3012 966 3071 ὀπίσω
999 3013 1378 3085 πορευόμενοι
1405 3019 1518 3071 διέ-

422 3089 606 3157 βησαν
635 3080 835 3155 αὖτόν]
874 3089 1053 3155 Vulgo
1095 3095 1343 3141 vertunt:
1381 3106 1517 3156 „quo

424 3163 549 3211 enim
581 3160 741 3219 mode,
774 3175 916 3223 quum
952 3161 1149 3209 reversi
1167 3167 1299 3221 sunt,
1333 3161 1516 3225 flumen

422 3227 805 3280 transienmtw
844 3243 966 3278 cum
994 3229 1315 3279 vertendum
1342 3233 1515 3280 esset:

424 3313 562 3364 ..quo
612 3300 738 3349 em'm
782 3297 926 3348 modo
982 3303 1294 3349 revertentes
1335 3299 1515 3364 flumen

419 3370 648 3420 transire
680 3366 1014 3431 pontissent.“
1077 3368 1200 3430 Qua
1234 3373 1419 3418 tamen
1454 3369 1511 3418 in

420 3437 693 3489 sententia
741 3453 861 3487 cum
923 3451 1085 3502 aegre
1136 3437 1266 3487 mihi
1321 3437 1511 3489 deesse

416 3508 691 3559 videretur
741 3506 1011 3571 particula
1059 3494 1132 3555 ἂν
1183 3507 1350 3562 verbo
1398 3503 1510 3556 διέ-

416 3574 599 3643 βησαν
636 3576 971 3639 adiicienda‚
1019 3576 1158 3627 bene
1204 3581 1507 3627 monentem

417 3646 601 3697 inveni
636 3646 906 3696 Matthiae
927 3649 978 3710 §-
1007 3646 1126 3697 508.
1151 3651 1264 3697 not.
1298 3662 1352 3710 p.
1379 3646 1503 3698 968.

415 3716 556 3766 Nam
598 3715 664 3765 de
724 3714 952 3765 consilio
1000 3715 1321 3781 particulam
1370 3716 1506 3766 omi-

415 3786 553 3835 sisse
585 3785 799 3835 videtur
837 3786 1064 3847 Noster,
1110 3802 1217 3851 quo
1266 3784 1356 3836 vel
1390 3801 1503 3835 ma—

416 3853 501 3918 gis
543 3852 812 3903 indicaret
857 3854 1159 3919 fortiusque
1206 3855 1261 3904 in
1316 3870 1381 3905 eo
1421 3855 1500 3904 in-

413 3922 656 3977 sisteret,
714 3921 819 3971 hoc
861 3923 1049 3987 utique
1090 3923 1209 3973 fieri
1256 3939 1363 3973 non
1409 3940 1502 3989 po-

412 3989 604 4039 tuisse.
661 3989 746 4039 Tu
782 3990 905 4040 vide
953 3992 1021 4041 de
1065 3991 1377 4042 huiusmodi
1423 3994 1502 4043 in-

411 4057 667 4110 dicativis
692 4063 994 4123 temporum
1020 4060 1404 4111 historicorum
1445 4063 1500 4111 in

407 4126 695 4178 sententiis
734 4127 1102 4192 hypotheticis
1141 4129 1494 4181 disserentem

404 4195 642 4247 Fritsch.
690 4196 746 4245 in
793 4197 1025 4249 Jahn-bb.
1085 4199 1125 4250 f.
1176 4198 1373 4249 Philol.
1434 4215 1489 4251 u.

402 4267 642 4330 Paedag.
670 4266 858 4330 Suppl.
896 4266 992 4317 IV.
1029 4282 1082 4331 p.
1122 4269 1190 4319 80
1226 4283 1360 4332 seq.‚
1399 4269 1491 4319 ubi

399 4341 647 4386 nostrum
708 4351 923 4401 quoque
967 4336 1146 4388 locum
1190 4339 1378 4401 attigit
1434 4355 1487 4404 p.

397 4406 485 4460 82.
512 4410 567 4457 et
585 4405 898 4457 Baeumlein
932 4408 970 4457 1.
1007 4407 1047 4459 l.
1085 4424 1211 4477 pag.
1242 4408 1340 4460 136
1365 4423 1478 4478 seq.

1628 2069 1845 2119 quoque
1888 2054 1933 2103 A
1980 2053 2048 2103 de
2092 2053 2294 2119 Jongh,
2344 2068 2501 2118 quem
2547 2057 2618 2107 ad
2665 2056 2713 2116 Ι,

1625 2125 1694 2176 64
1737 2123 1830 2174 fin.
1882 2123 2139 2174 excitavi.
2225 2123 2406 2173 Pteria
2460 2140 2600 2189 quae
2643 2125 2714 2175 ab

1624 2193 1906 2244 Herodoto
1955 2192 2287 2257 appellatur,
2339 2193 2557 2245 aliunde
2605 2211 2715 2245 non

1626 2264 1876 2329 cognita,
1930 2263 2036 2312 nisi
2102 2263 2197 2321 iis,
2263 2278 2402 2327 quae
2457 2263 2715 2327 leguntur

1625 2333 1770 2397 apud
1795 2332 2127 2396 Stephanum
2152 2333 2414 2397 Byzant.:
2450 2331 2713 2399 Πτέριον,

1624 2394 1790 2457 πόλις
1827 2393 2055 2465 Μήδων
2096 2431 2168 2440 --
2213 2398 2425 2465 λέγεται
2470 2399 2566 2453 καὶ
2602 2402 2713 2463 θη-
2747 2440 2750 2443 «

1624 2469 1808 2527 λυκῶς
1843 2463 1879 2528 ἡ
1925 2469 2168 2532 Πτερία·
2219 2465 2334 2520 ἔστι
2371 2466 2467 2520 καὶ
2501 2472 2714 2533 Πτερία

1625 2532 1792 2595 πόλις
1831 2531 2122 2603 Σινώπης.
2198 2541 2271 2589 At
2306 2546 2496 2592 nostra
2529 2547 2713 2594 aetate

1624 2609 1838 2661 exstitit
1871 2610 2068 2661 Texier
2103 2608 2241 2671 (vid.
2276 2609 2348 2660 ad
2388 2611 2434 2673 Ι,
2460 2613 2593 2676 7-1.),
2619 2613 2713 2678 qui

1621 2684 1868 2730 veterum
1913 2678 2282 2730 aedificiorum
2333 2696 2711 2746 murorumque

1624 2750 1762 2799 adeo
1800 2749 2242 2813 Cyclopicorum,
2295 2750 2482 2815 templi
2547 2757 2712 2817 atque

1622 2820 1765 2869 arcis
1813 2818 2070 2883 reliquias
2127 2819 2360 2879 grandes
2417 2824 2473 2871 et
2530 2828 2711 2873 exten-

1624 2904 1733 2950 sae,
1781 2904 1921 2947 quae
1965 2904 2073 2937 non
2117 2887 2281 2953 long-e
2326 2905 2361 2940 a
2404 2893 2527 2941 vico
2575 2892 2708 2954 Boa-

1619 2957 1895 3008 haz-Kem'
1951 2962 2272 3019 cernuntur,
2332 2975 2441 3008 non
2492 2960 2562 3010 ad
2606 2962 2710 3012 Ta-

1621 3028 1786 3089 vium,
1825 3032 1889 3076 ut
1924 3031 2088 3077 antea
2121 3028 2299 3076 visum
2347 3034 2464 3080 erat
2500 3029 2711 3081 Hamil-

1622 3101 1753 3146 tono
1794 3094 1932 3160 (vid.
1974 3097 2044 3147 ad
2081 3096 2127 3158 Ι,
2154 3096 2285 3158 74.),
2322 3100 2418 3149 sed
2457 3100 2529 3149 ad
2565 3100 2708 3151 hauc

1619 3166 1861 3216 Pteriam
1897 3165 2084 3217 retulit
2131 3165 2367 3232 indeque
2415 3172 2709 3220 accuratis-

1619 3235 1756 3285 sime
1815 3239 1869 3285 et
1932 3235 2227 3297 descripsit
2278 3241 2334 3286 et
2391 3238 2705 3291 delineavit.

1621 3305 1774 3366 Quae
1819 3305 1948 3354 urbs
1986 3305 2131 3370 quod
2171 3305 2372 3356 dicitur
2417 3300 2559 3357 notuit
2607 3308 2705 3358 Σι-

1618 3365 1819 3438 νώπην
1855 3366 2026 3423 πόλιν
2074 3403 2145 3413 —
2190 3366 2428 3433 μάλιστά
2474 3393 2545 3435 κη
2593 3393 2707 3428 κει-

1613 3439 1775 3507 μένη,
1815 3443 1964 3493 redd.
2009 3444 2083 3493 ad
2123 3444 2241 3494 sive
2279 3446 2433 3496 iuxta
2478 3446 2709 3511 Sinopen

1614 3511 1724 3562 fere
1776 3513 1915 3562 sita:
1966 3527 2070 3577 quo
2115 3513 2304 3563 eodem
2354 3517 2514 3566 modo
2563 3510 2708 3566 κατὰ

1613 3582 1659 3642 Ι,
1710 3581 1795 3632 80.
1842 3581 2003 3634 VIII.
2053 3580 2139 3632 32.
2189 3582 2235 3641 Ι,
2283 3584 2404 3636 186.
2455 3586 2529 3643 Π,
2590 3587 2701 3639 148.

1610 3649 1737 3701 coll.
1791 3650 1911 3712 121,
1955 3655 2009 3703 4.
2059 3656 2115 3701 et
2163 3651 2281 3704 158.
2352 3656 2437 3705 De
2494 3655 2701 3719 Sinope,

1610 3735 1749 3785 quae
1787 3720 1951 3770 etiam
1986 3720 2132 3770 infra
2180 3721 2275 3784 IV,
2322 3724 2403 3775 12.
2443 3741 2703 3776 memora·
2765 3727 2774 3735 ‘

1607 3794 1713 3851 tur,
1750 3788 1876 3839 olim
1922 3790 2306 3841 florentissima
2351 3798 2516 3858 atque
2564 3796 2701 3846 cele-

1604 3857 1839 3909 berrima
1861 3857 2191 3909 Milesiorum
2216 3861 2432 3914 colonia
2459 3863 2512 3913 in
2534 3865 2698 3915 Ponti

1603 3927 1805 3978 Euxini
1861 3945 1988 3989 ora,
2040 3933 2285 3980 veterum
2338 3932 2487 3982 locos
2543 3934 2697 3985 dabit

1601 3997 1867 4059 Forbiger
1900 3998 2122 4048 Handb.
2164 3999 2216 4051 d.
2252 3999 2352 4051 alt.
2385 4001 2583 4065 Geogr.
2613 4005 2690 4055 ΙΙ.

1602 4082 1654 4129 p.
1703 4067 1808 4117 402
1857 4081 1995 4132 seq„
2040 4068 2130 4118 cui
2163 4069 2331 4131 adde,
2370 4072 2463 4134 qui
2509 4075 2692 4137 singn-

1596 4135 1702 4185 lari
1760 4135 1944 4187 libello
2004 4137 2141 4189 haec
2201 4146 2521 4203 persecutus
2586 4152 2686 4199 est„

1596 4205 1745 4255 Max.
1842 4206 2218 4271 Sengebusch:
2306 4210 2683 4269 Sinonicarum

1595 4274 1990 4337 Quaestionum
2014 4277 2247 4341 Specim.
2270 4279 2507 4332 Berolin.
2529 4282 2662 4334 184ss

1591 4343 1800 4406 Adhuc,
1838 4345 1984 4409 quod
2019 4362 2177 4396 nemo
2218 4348 2331 4398 fere
2367 4351 2560 4406 nescit.
2601 4369 2682 4401 ro·

1589 4414 1755 4464 tinuit
1791 4430 1985 4465 nomen
2020 4414 2181 4479 Sinap
2220 4432 2265 4469 s.
2297 4415 2470 4470 Sinub.
2529 4420 2686 4472 Han(-
2759 4434 2766 4441 ·
