3109 5092
1351 335 1604 399 OLIO.
1648 338 1699 399 Ι.
1743 347 1833 401 84.

2595 342 2712 405 183

439 510 685 601 Μήλης
725 507 892 579 κατὰ
931 506 1006 580 τὸ
1045 506 1209 580 ἄλλο
1249 525 1461 598 τεῖχος
1510 521 1959 603 περιενείκας,
2014 518 2096 601 τῇ
2135 505 2222 603 ἦν
2261 496 2585 605 ἐπίμαχον
2637 515 2712 586 τὸ

436 623 686 705 χωρίον
722 619 839 704 τῆς
865 609 1295 703 ἀκροπόλιος,
1340 615 1754 706 κατηλόγησε
1792 621 2023 701 τοῦτο,
2066 612 2155 697 ὦς
2186 614 2299 687 ἒόν
2338 616 2595 708 ἄμαχόν
2635 646 2708 690 τε

435 722 549 788 καὶ
578 716 948 806 ἀπότομον·
998 723 1137 787 ἔστι
1168 718 1243 788 δὲ
1284 717 1450 809 πρὸς
1477 725 1600 789 τοῦ
1649 719 1929 809 Τμώλου
1955 724 2409 810 τετραμμένον
2437 729 2552 811 τῆς
2584 723 2704 793 πό,

434 832 592 903 λιος.
691 817 762 890 ‘0
805 811 904 890 ὦν
944 819 1027 910 δὴ
1060 817 1406 913 Ὑροιάδης
1445 814 1640 905 οὗτος
1681 820 1718 894 ὁ
1759 822 2081 914 Μάρδος,
2136 823 2306 895 ἰδών
2345 829 2428 916 τῇ
2466 852 2705 916 προτε-

431 989 608 1057 τέρος.
666 991 873 1041 Locum
912 987 1067 1039 affert
1108 988 1411 1056 Schweigh.
1461 990 1519 1040 in

431 1063 564 1111 Lex.
598 1060 928 1111 Herodoteo.
1416 1090 1421 1093 Δ

485 1122 845 1210 κατηλόγησε
877 1125 1073 1206 τοῦτο,
1123 1117 1200 1184 ὥς
1234 1118 1330 1177 ἐὸν
1376 1117 1518 1191 ἅμα-

430 1192 536 1264 χόν
581 1213 639 1248 τε
683 1195 778 1249 καὶ
812 1189 1132 1261 ἀπότομον]
1175 1194 1346 1246 τοῦτο
1393 1198 1519 1248 dedi

428 1270 711 1322 Reiskium
750 1272 998 1329 secutus,
1035 1266 1129 1332 qui
1165 1281 1261 1331 pro
1285 1258 1513 1328 τούτου,

429 1355 571 1406 quae
613 1339 871 1389 librorum
918 1352 1048 1388 mss.
1097 1339 1181 1386 est
1226 1337 1514 1400 scriptura,

426 1410 533 1459 hoc
569 1409 758 1473 reponi
791 1406 1069 1468 voluerat,
1120 1404 1243 1456 coll.
1294 1406 1511 1467 1‚144.

428 1479 534 1542 ΙΙΙ,
574 1480 693 1530 122.
749 1477 829 1527 Ac
859 1477 1114 1542 probavit
1149 1490 1365 1540 quoque
1387 1478 1515 1526 Bre-

427 1549 553 1599 dev.
592 1564 643 1613 p.
689 1547 778 1610 82,
816 1562 975 1612 quem
1018 1560 1127 1596 rec.
1165 1544 1290 1595 edd.
1337 1547 1515 1596 secuti

427 1623 571 1669 sunt.
626 1617 980 1750 vulgatamp
944 1607 1151 1664 τούτου
1171 1618 1355 1664 tuetur
1372 1616 1513 1665 Mat-

425 1688 575 1740 thiae
608 1690 661 1751 §-
700 1686 820 1749 568,
857 1684 908 1736 3.
987 1684 1195 1735 .1123.

496 1751 611 1806 ἔστι
662 1750 725 1805 δὲ
785 1747 933 1819 πρὸς
946 1701 1093 1802 ι)τοῦ
1132 1744 1368 1815 Τμώλου
1428 1768 1512 1803 τε-

422 1822 744 1890 τραμμένον
811 1823 914 1888 τῆς
985 1813 1206 1887 πόλιος]
1278 1823 1513 1873 Vertunt

421 1896 618 1961 vulgo·
666 1902 784 1957 „est
816 1900 980 1944 autem
1024 1907 1114 1949 ea,
1168 1906 1298 1956 quae
1349 1891 1512 1942 Tmolo

422 1966 610 2029 oppido
631 1969 864 2028 opposita
886 1969 979 2013 ese.
988 1960 1024 1988 ‘⁴
1070 1962 1186 2011 Nec
1212 1960 1373 2011 aliter
1401 1963 1513 2012 fere

423 2034 688 2085 Cellarius
742 2035 797 2083 in
832 2030 1509 2097 Notit.0rb.Antiq.11.

422 2122 476 2170 p.
519 2105 619 2154 112
662 2103 908 2168 pluribus
956 2100 1090 2151 locis
1132 2101 1512 2165 comprobans,

423 2174 701 2225 exstitisse
766 2171 1017 2223 Tmolum
1087 2170 1274 2220 urbem
1347 2186 1513 2235 prope

421 2249 661 2295 montem
718 2243 961 2293 eiusdem
1018 2240 1274 2290 nominis.
1357 2241 1510 2302 Quae

422 2320 607 2364 tamen
640 2313 769 2363 urbs
806 2328 877 2362 an
912 2311 1017 2360 hoc
1051 2308 1447 2374 quoqueloco
1431 2326 1511 2367 ιιι-

420 2383 720 2461 telligenda
767 2382 865 2444 sit,
914 2380 1010 2430 ubi
1059 2380 1320 2444 iungatur
1365 2371 1511 2443 πρὸς

420 2452 526 2502 τοῦ
561 2443 801 2516 Τμωλου
837 2447 940 2514 τῆς
964 2439 1188 2509 πόλιος,
1227 2449 1509 2499 vehemen-

419 2528 506 2574 ter
569 2521 816 2587 equidem
871 2518 1094 2581 dubito,
1158 2517 1511 2569 dissuadente

418 2591 509 2642 vel
565 2591 754 2641 ordine
788 2590 1101 2651 verborum,
1158 2604 1227 2637 ne
1271 2588 1385 2639 alia
1426 2593 1510 2638 at-

418 2664 648 2727 tingam.
707 2661 957 2725 Namque
982 2655 1085 2722 τῆς
1117 2649 1318 2715 πόλιος
1347 2658 1505 2708 intel-

418 2731 698 2797 ligendum
720 2729 787 2779 de
809 2728 1070 2780 Sardibus
1092 2727 1208 2777 sive
1230 2728 1348 2791 ipsa
1373 2729 1504 2778 urbe

420 2803 536 2852 sive
574 2815 698 2850 arce
736 2803 975 2859 tantum,
1026 2802 1080 2847 et
1113 2797 1399 2877 genitivus
1424 2813 1505 2848 re-

420 2871 553 2922 ferri
587 2870 747 2920 debet
773 2869 845 2919 ad
868 2863 1107 2947 τούτου,
1145 2857 1222 2924 ὥς
1246 2856 1399 2915 ἐὸν”
1363 2882 1506 2932 αμα-

420 2933 525 3006 χόν
559 2953 617 2989 τε
651 2934 748 2988 καὶ
793 2929 1117 3002 ἀπότομον,
1164 2939 1227 2986 ut
1261 2935 1397 2987 haec
1433 2937 1507 2989 sit

418 3010 610 3061 Nostri
629 3008 926 3059 sententia.
963 3022 1115 3071 „eam
1139 3014 1366 3070 partem,
1408 3023 1509 3072 qua

419 3097 526 3130 arx
568 3079 815 3130 adscendi
861 3083 1100 3143 nequeat,
1157 3077 1431 3140 neglectam
1473 3092 1509 3125 a

421 3149 642 3208 Melete,
677 3164 789 3199 esse
810 3149 974 3209 illam,
1001 3160 1131 3211 quae
1160 3146 1375 3195 Tbnolum
1394 3162 1508 3197 ver-

419 3234 509 3270 sus
553 3226 749 3282 spectat
797 3216 1047 3268 montem!
1034 3214 1071 3241 ⁴⁴
1152 3217 1276 3266 Hoc
1329 3219 1384 3265 et
1430 3216 1510 3266 rei

421 3290 598 3354 magis
637 3291 1060 3339 consentaneum
1106 3289 1161 3334 et
1199 3286 1510 3363 grammati-

423 3359 504 3409 cis
540 3358 864 3408 rationibus.
916 3357 982 3406 In
1005 3355 1249 3420 genitivo
1274 3352 1373 3419 τῆς
1403 3346 1508 3405 πό-

419 3427 541 3485 λιος
575 3427 689 3477 noli
723 3426 976 3486 haerer03
1014 3428 1236 3474 tuentur
1266 3440 1387 3475 eum
1423 3440 1507 3475 sa-

419 3497 494 3547 tis
530 3497 627 3546 alii
658 3496 766 3546 loci
804 3511 838 3546 a
866 3494 1140 3545 Larchero
1182 3494 1291 3543 iam
1326 3494 1500 3557 allati,

417 3566 527 3628 VI,
564 3568 652 3616 22.
688 3565 826 3626 VII,
867 3564 984 3616 176.
1055 3565 1130 3614 Et
1172 3563 1369 3628 probat
1404 3564 1505 3613 Le-

420 3642 613 3686 tronne
656 3636 712 3685 in
761 3636 945 3686 Iourn.
996 3631 1048 3683 d.
1098 3633 1309 3683 Savans
1352 3634 1503 3685 1817.

420 3719 548 3770 pag.
595 3705 684 3757 96.
774 3705 856 3754 De
905 3703 1310 3769 praepositione
1361 3695 1511 3765 πρὸς

420 3774 680 3840 denique,
720 3774 809 3824 cui
831 3774 935 3823 hac
958 3771 1180 3823 notione
1204 3773 1506 3837 genitivum

417 3844 613 3895 Graeci
639 3843 956 3901 adstruunt,
993 3843 1140 3892 conf.
1163 3842 1208 3901 1,
1237 3842 1355 3892 110.
1388 3842 1502 3893 145.

419 3913 499 3974 ῙῙ,
538 3915 632 3965 121
671 3913 857 3996 ibique
900 3911 1087 3962 allata.
1158 3880 1319 3961 Unde
1353 3911 1505 3960 mini-

417 3998 503 4032 me
553 3984 949 4061 necessarium,
1002 3997 1123 4031 cum
1156 3980 1382 4031 Reiskio
1415 3981 1506 4030 hic

415 4051 597 4116 legere
647 4044 792 4116 πρὸς
847 4042 952 4100 τὸν
997 4046 1254 4113 Τμῶλον.
1301 4076 1368 4085 —-
1419 4051 1503 4100 De

414 4122 537 4185 ipso
574 4126 757 4172 monte
793 4121 987 4172 Tmolo
1022 4120 1167 4170 conf.
1200 4124 1317 4171 not.
1357 4120 1427 4169 ad
1452 4121 1501 4181 Ι,

415 4189 506 4240 93.
586 4192 670 4241 De
716 4190 968 4242 Sardium
1016 4189 1178 4252 urbe,
1233 4204 1372 4253 quae
1431 4191 1504 4239 ad

415 4264 702 4324 utramque
725 4261 941 4311 Pactoli
966 4260 1136 4323 ripam
1163 4259 1272 4308 sita
1302 4259 1360 4307 in
1388 4258 1503 4322 pla-

416 4328 576 4391 nitie,
633 4329 690 4378 in
735 4345 845 4395 qua
877 4329 1057 4380 Tmoli
1101 4332 1312 4378 montes
1366 4328 1506 4378 desi-

416 4403 582 4461 nunt,
631 4399 789 4450 varia
831 4415 929 4465 per
982 4403 1285 4467 temporum
1320 4397 1506 4448 decur-

1623 1006 1743 1041 sum
1793 1006 1959 1055 passa
2009 996 2118 1055 est,
2180 997 2422 1043 veterum
2477 995 2706 1060 scripto-

1621 1076 1738 1111 rum
1772 1062 2084 1112 testimonia
2111 1063 2425 1128 suppeditat
2442 1064 2708 1129 Forbiger

1620 1130 1838 1182 Handb.
1888 1131 1941 1182 d.
1992 1131 2089 1181 alt.
2129 1132 2327 1198 Geogr.
2380 1134 2458 1183 11.
2506 1151 2559 1198 p.
2602 1134 2704 1184 194

1621 1214 1801 1264 seqq.;
1841 1200 1908 1250 de
1939 1215 2064 1251 arce
2100 1200 2339 1252 dicemus
2378 1202 2448 1252 ad
2483 1203 2549 1265 V,
2587 1204 2701 1255 100.

1620 1270 1830 1332 Quibus
1867 1270 1970 1320 hoc
2002 1269 2124 1321 loco
2160 1272 2219 1321 id
2263 1271 2391 1322 addi
2424 1272 2702 1323 volumus:

1621 1354 1761 1404 quae
1789 1340 2102 1390 Herodotus
2137 1340 2191 1392 h.
2233 1340 2272 1394 l.
2310 1342 2597 1406 perscribit
2637 1343 2704 1393 de

1621 1409 1766 1458 arcis
1812 1414 1969 1473 parte
2019 1410 2092 1460 ad
2126 1411 2376 1461 Tmolum
2420 1427 2578 1461 versa
2624 1413 2705 1462 ita.

1619 1479 1934 1543 praecipiti,
1962 1484 2026 1530 ut
2048 1480 2307 1530 adscendi
2328 1485 2383 1531 et
2404 1482 2703 1546 expugnari

1617 1554 1877 1612 nequeat,
1926 1564 1992 1599 ea
2033 1565 2253 1613 prorsus
2289 1566 2420 1600 vera
2469 1566 2590 1601 esse
2624 1556 2702 1601 te-

1619 1619 1754 1667 stati
1806 1624 1933 1668 sunt
1975 1619 2081 1669 viri
2127 1619 2303 1681 docti,
2370 1621 2466 1686 qui
2514 1626 2702 1670 nostra

1618 1693 1803 1738 aetate
1847 1689 1969 1752 ipsa
2018 1688 2142 1738 loca
2192 1688 2327 1739 haec
2373 1691 2703 1755 perscrutati

1617 1762 1772 1819 sunt,
1805 1755 2074 1822 ,Burgess‘
2095 1758 2298 1808 Greece
2349 1759 2456 1808 and
2489 1762 2704 1810 Levant

1617 1824 1787 1891 11.¹1>.
1818 1827 1885 1877 97
1924 1826 2042 1891 (qui
2077 1826 2219 1875 idem
2254 1843 2308 1891 p.
2341 1826 2408 1877 92
2442 1844 2592 1893 seqq.
2633 1829 2701 1879 de

1613 1895 1749 1959 ipsis
1771 1895 2033 1945 Sardibus
2059 1895 2212 1961 plura
2236 1897 2439 1959 affert),
2468 1897 2700 1961 Ampere

1615 1966 1697 2014 in:
1735 1966 1922 2015 Revue
1958 1965 2053 2014 des
2092 1965 2230 2014 deux
2257 1966 2479 2015 mondes
2516 1965 2696 2032 (1842)

1615 2035 1680 2085 T.
1719 2035 1923 2084 XXIX.
1961 2051 2013 2099 p.
2053 2034 2153 2085 183
2189 2050 2371 2100 seqq.,
2410 2035 2525 2098 alii,
2564 2052 2699 2101 quos

1616 2103 1687 2153 ad
1724 2104 1794 2164 V,
1835 2104 1937 2154 100
1971 2105 2289 2166 citavimus,
2325 2106 2523 2169 quibus
2556 2122 2700 2156 nunc

1615 2175 1885 2224 accedunt
1904 2174 2238 2224 Ainsworth:
2271 2174 2498 2224 Travels
2526 2176 2582 2224 in
2605 2175 2699 2225 the

1613 2250 1757 2293 tract
1794 2249 1899 2293 etc.
1950 2259 2002 2308 p.
2053 2244 2087 2293 8
2138 2259 2288 2309 seqq.
2327 2245 2481 2307 241„
2526 2246 2700 2295 Arun-

1614 2312 1720 2363 dell
1744 2314 2090 2363 Discoveries
2125 2314 2179 2362 in
2203 2313 2335 2363 Asia
2371 2318 2499 2362 min.
2526 2330 2580 2379 p.
2609 2316 2695 2364 28.

1612 2382 1888 2433 Prokesch
1935 2384 2335 2447 Erinnerungg.
2384 2383 2488 2433 111.
2541 2400 2593 2447 p.
2631 2384 2700 2433 26

1612 2467 1762 2517 seqq.
1811 2453 2035 2503 'Texier
2085 2454 2360 2517 Descript.
2415 2453 2482 2502 de
2530 2452 2701 2503 l'Asie

1613 2523 1743 2572 min.
1785 2521 1889 2572 111.
1938 2538 1992 2586 p.
2036 2522 2099 2571 17
2139 2537 2288 2585 seqq.
2372 2522 2531 2571 Nunc
2576 2521 2697 2571 loco

1611 2591 1751 2640 idem
1801 2590 1914 2640 fere
1963 2605 2159 2640 nomen
2200 2589 2343 2639 Sar-t.
2409 2591 2562 2653 Quae
2611 2591 2695 2640 in:
2731 2648 2748 2661 .

1606 2659 1864 2710 Finden's
1888 2658 2210 2723 Landscape
2236 2659 2494 2708 illustrat.
2526 2660 2589 2707 of
2605 2659 2698 2709 the

1607 2728 1765 2781 Bible
1810 2730 1871 2779 P.
1921 2729 2001 2778 XI
2059 2728 2342 2778 exhibetur
2397 2727 2698 2779 Sardianae

1607 2798 1844 2864 regionis
1889 2798 2097 2862 image,
2147 2797 2283 2846 nihil
2319 2798 2430 2846 fere
2472 2798 2699 2862 praebet

1608 2869 1716 2920 nisi
1743 2866 1880 2917 duas
1909 2867 2186 2918 columnas
2216 2867 2434 2932 aliaque
2453 2866 2696 2931 lapidum

1609 2938 1805 2989 rudera
1830 2941 1885 2988 et
1918 2935 2159 2987 cumulos
2181 2941 2344 3002 atque
2372 2952 2437 2987 ex
2460 2937 2693 2988 adverso

1612 3007 1861 3059 Tmolum
1901 3012 2156 3058 montem.
2217 3007 2427 3058 Ruinas
2451 3012 2697 3057 veterum

1612 3078 1864 3130 Sardium
1895 3081 2271 3141 repraesentat
2299 3092 2513 3142 quoque
2533 3076 2697 3126 Ches-

1611 3149 1940 3229 neySurvey
1953 3146 2282 3227 ofExpedit.
2297 3152 2400 3198 etc.
2413 3147 2491 3196 ΙΙ.
2506 3162 2557 3210 p.
2570 3147 2691 3197 265.

1682 3210 1712 3266 ὁ
1764 3205 1847 3266 οἷν
1901 3207 1974 3281 δὴ
2027 3207 2331 3297 Τροιάδης
2390 3204 2599 3272 οὗτος
2662 3206 2693 3263 ὁ

1610 3279 1876 3351 Μάρδος]
1929 3284 2224 3351 Vulgatam
2258 3277 2457 3349 αὐτὸς,
2509 3300 2694 3349 quam-

1610 3372 1772 3423 quam
1810 3356 1898 3405 hic
1935 3372 1964 3404 e
2008 3355 2164 3405 libris
2197 3353 2347 3404 nulla
2383 3354 2585 3403 citatur
2621 3352 2694 3402 le-

1611 3426 1811 3476 ctionis
1847 3424 2118 3486 varietas,
2166 3439 2286 3474 cum
2323 3422 2448 3472 aliis
2483 3426 2693 3471 mutan-

1606 3496 1731 3545 dam
1766 3494 2074 3545 censuimus
2128 3493 2185 3541 in
2236 3478 2466 3551 οὖτος,
2526 3506 2691 3541 sensu

1605 3566 1725 3629 ipso
1765 3563 2066 3628 flagitante.
2137 3561 2218 3610 Ac
2252 3560 2483 3626 probant
2515 3575 2692 3610 exem-

1607 3633 1698 3697 pla
1733 3648 1768 3681 a
1803 3629 2314 3695 Schweighaeusero
2349 3627 2688 3694 prolata.1,

1607 3702 1692 3755 33.
1718 3702 1802 3752 53.
1827 3701 1913 3752 85.
1955 3700 2069 3751 Nec
2095 3699 2253 3750 aliter
2281 3698 2499 3749 exhibet
2521 3668 2689 3749 editio

1606 3771 1900 3833 Matthiae,
1948 3772 2041 3834 qui
2079 3774 2263 3819 tamen
2308 3769 2364 3817 in
2401 3768 2547 3819 notis
2580 3785 2690 3820 mo-

1605 3847 1700 3892 net
1746 3839 1965 3890 defendi
2010 3855 2169 3905 posse
2218 3824 2466 3889 codicum
2499 3838 2689 3889 lectio-

1605 3927 1728 3961 nem
1779 3898 2012 3973 αὐτὸς,
2067 3909 2115 3959 si
2151 3908 2497 3974 Hyroeadem
2531 3909 2687 3973 Lydo

1609 3980 1690 4030 illi
1715 3979 2022 4044 oppositum
2044 3980 2220 4030 dicas·
2252 3994 2453 4044 „quum
2473 3977 2686 4043 Lydum

1607 4049 1840 4115 aliquem
1875 4054 1932 4100 et
1970 4048 2258 4105 defendere
2296 4053 2350 4098 et
2395 4049 2689 4097 ascendere

1604 4120 1856 4181 vidisset,
1879 4123 1994 4183 ipse
2015 4121 2180 4170 etiam
2197 4118 2516 4196 Hyroeades
2540 4117 2665 4166 etc.⁴

1606 4192 1680 4240 Et
1715 4189 1870 4269 sequi
1900 4195 2050 4255 post·
2097 4181 2224 4239 τότε
2260 4182 2325 4237 δὲ
2372 4179 2446 4250 δὴ
2481 4177 2687 4241 αὐτός

1605 4273 1661 4308 τε
1697 4249 1860 4326 ἀναβ.
1915 4260 2025 4310 Sed
2059 4275 2123 4309 ea
2158 4260 2279 4324 ipsa
2312 4256 2505 4321 opinor
2540 4269 2688 4305 mon-

1606 4333 1816 4393 strant,
1862 4329 2028 4409 priori
2063 4329 2183 4379 loco
2219 4342 2254 4377 a
2295 4324 2533 4375 librariis
2567 4339 2690 4389 pec-

1607 4401 1792 4449 catum
1835 4398 1893 4447 in
1934 4388 2126 4455 αὖτός.
2209 4396 2276 4447 In
2315 4394 2557 4461 proxime
2606 4407 2689 4442 se-
