3109 5092
457 337 582 401 388

1322 336 1861 402 HERODOTI

457 516 790 606 ἐκφέρειν.
833 514 915 584 τὰ
940 514 1068 603 γὰρ
1098 513 1184 603 δὴ
1211 513 1381 584 ἄλλα
1401 518 1690 601 δένδρεα
1717 509 1880 581 οὐδὲ
1909 514 2216 601 πειρᾶται
2256 507 2470 601 ἀρχὴν
2498 512 2740 602 φέρειν

456 618 614 691 οὔτε
644 622 896 707 συκέην
921 617 1077 689 οὔτε
1110 616 1412 707 ἄμπελον
1437 613 1595 687 οὔτε
1631 612 1900 703 ἐλαίην,
1941 611 2061 683 τὸν
2110 614 2186 683 δὲ
2221 619 2338 703 τῆς
2380 613 2738 703 Δήμητρος

457 720 716 811 καρπὸν
764 712 896 791 ὦδε
931 719 1157 812 ἀγαθὴ
1192 719 1507 810 ἐκφέρειν
1554 717 1729 802 ἐστὶ,
1786 714 1955 785 ὥστε
1995 714 2105 786 ἐπὶ
2145 717 2454 805 διηκόσια
2495 718 2623 806 μὲν
2661 715 2737 785 τὸ

458 824 777 914 παράπαν
802 822 1149 910 ἀποδιδοῖ,
1179 823 1385 895 ἐπεὰν
1424 824 1500 892 δὲ
1530 820 1766 910 ἄριστα
1809 816 1979 908 αὐτὴ
2024 822 2276 909 ἑωυτῆς
2312 817 2574 910 ἐνείκῃ,
2626 817 2736 889 ἐπὶ

456 927 807 1019 τριηκόσια
866 926 1157 1017 ἐκφέρει.
1230 926 1312 996 τά
1359 928 1435 996 δὲ
1482 925 1708 1012 φύλλα
1763 920 2008 991 αὐτόθι
2056 927 2196 991 τῶν
2234 951 2307 992 τε
2340 929 2580 1012 πυρῶν
2621 925 2735 992 καὶ

457 1038 596 1102 τῶν
630 1032 930 1120 κριθέων
967 1030 1042 1102 τὸ
1073 1029 1317 1111 πλάτος
1345 1038 1603 1117 γίνεται
1632 1029 1969 1115 τεσσέρων
2000 1022 2329 1107 εὐπετέως
2358 1025 2732 1097 δακτύλων.

458 1137 533 1203 ἐκ
564 1136 641 1204 δὲ
668 1138 957 1224 κέγχρου
984 1136 1093 1204 καὶ
1138 1133 1443 1222 σησάμου
1485 1128 1648 1201 ὅσον
1686 1158 1750 1199 τι
1785 1132 2076 1217 δένδρον
2117 1130 2412 1216 μέγαθος
2451 1138 2735 1217 γίνεται,

461 1236 968 1324 ἐξεπιστάμενος
1016 1236 1288 1327 μνήμην
1325 1233 1408 1305 οὐ
1450 1233 1842 1323 ποιήσομαι,
1887 1223 1966 1301 εὖ
2005 1230 2239 1316 εἰδώς,
2287 1230 2388 1302 ὅτι
2434 1250 2606 1303 τοῖσι
2647 1232 2740 1322 μὴ

458 1336 884 1428 ἀπιγμένοισι
931 1344 997 1419 ές
1036 1338 1161 1430 τὴν
1188 1345 1637 1428 Βαβυλωνίην
1672 1334 1899 1425 χώρην
1947 1337 2061 1404 καὶ
2102 1333 2184 1404 τὰ
2217 1339 2536 1425 εἰρημένα
2566 1363 2729 1424 καρ-

461 1448 612 1511 πῶν
648 1442 928 1530 ἐχόμενα
964 1446 1030 1523 ές
1063 1440 1382 1531 ἀπιστίην
1422 1439 1679 1529 πολλὴν
1704 1437 1997 1509 ἀπῖκται.
2071 1442 2376 1526 χρέονται
2417 1440 2494 1508 δὲ
2525 1436 2814 1510 οὐδὲν9ι

461 1548 686 1639 ἐλαίῳ,
715 1542 865 1614 ἀλλ’
909 1549 982 1616 ἐκ
1011 1551 1147 1615 τῶν
1182 1545 1502 1635 σησάμων
1531 1547 1901 1626 ποιεῦντες,
1984 1543 2113 1610 εἰσὶ
2157 1543 2240 1610 δέ
2274 1563 2396 1630 σφι
2440 1549 2747 1631 φοίνικες

462 1648 841 1736 πεφυκότες
866 1645 998 1717 ἀνά
1027 1654 1163 1718 πᾶν
1202 1648 1277 1718 τὸ
1320 1655 1559 1718 πεδίον
1577 1699 1595 1730 ,
1625 1650 1697 1716 οἱ
1721 1650 2007 1725 πλεῦνες
2037 1641 2268 1713 αὐτῶν
2297 1643 2743 1732 καρποφόροι,

460 1755 535 1820 έκ
565 1754 704 1821 τῶν
744 1753 858 1819 καὶ
885 1758 1064 1820 σιτία
1100 1754 1213 1820 καὶ
1243 1751 1432 1822 οἶνον
1482 1751 1597 1818 καὶ
1638 1750 1787 1837 μέλι
1833 1752 2215 1816 ποιεῦνται·
2272 1745 2428 1828 τούς
2473 1752 2745 1819 συκέων

532 1943 671 2000 οὐδὲ
709 1943 1187 2018 πειρᾶταίάρχὴν
1218 1950 1438 2017 φέρειν]
1474 1966 1552 2000 sc.

460 2009 605 2084 αὕτη
642 2011 677 2084 ἡ
721 2014 893 2085 χώρη.
966 2022 1051 2072 Tu
1088 2026 1266 2072 verte:
1304 2039 1365 2071 ne
1400 2038 1554 2070 cona-

459 2098 544 2139 tur
588 2091 782 2154 quidem
829 2092 1021 2141 omnino
1052 2093 1296 2154 proferre
1345 2107 1391 2140 s.
1433 2105 1558 2152 pro-

462 2160 664 2209 ducere.
726 2159 812 2208 Ad
848 2151 1033 2224 άρχὴν
1073 2161 1218 2211 conf.
1258 2161 1312 2222 Ι,
1351 2160 1420 2210 86
1457 2159 1555 2208 ibi-

498 2243 566 2277 ue
609 2232 752 2278 nott.
800 2259 871 2267 —-
930 2230 993 2278 In
1043 2245 1196 2294 seqq.
1257 2229 1327 2278 nd
1384 2229 1555 2279 verba

461 2244 635 2346 Ξπεὰν
668 2291 733 2346 δὲ
771 2288 974 2362 ἄριστα
1006 2313 1056 2348 κ.
1097 2314 1144 2347 τ.
1180 2298 1227 2347 λ.
1269 2299 1413 2348 conf.
1454 2298 1552 2361 lv,

532 2425 591 2484 έκ
628 2430 691 2485 δὲ
729 2431 967 2501 κέγχρου
990 2431 1085 2485 καὶ
1125 2427 1382 2500 σησάμου
1410 2422 1551 2484 ὅσον

461 2520 514 2553 τι
549 2502 796 2569 δένδρον
822 2520 873 2554 κ.
900 2520 948 2553 τ.
975 2503 1047 2571 λ.]
1087 2502 1333 2568 δένδρον
1368 2521 1552 2571 quam-

461 2575 545 2624 vis
595 2591 628 2624 a
665 2574 825 2626 codd.
876 2575 1172 2625 exhibitum
1210 2575 1444 2627 Bredov,
1496 2593 1549 2640 p.

461 2646 564 2694 252
594 2645 649 2693 in
683 2642 957 2705 δένδρεον
990 2651 1257 2695 mutatum
1279 2644 1417 2695 vult.
1459 2646 1550 2695 Sic

459 2715 662 2764 Noster
714 2716 770 2776 Ι,
815 2715 913 2764 195
960 2715 1191 2778 κρίνον,
1242 2719 1297 2765 et
1339 2716 1427 2776 ΙΙ,
1482 2714 1552 2764 92

461 2783 678 2846 κρίνεα.
726 2782 1025 2834 Cenchrum
1050 2790 1273 2834 monent
1301 2799 1421 2833 esse
1452 2784 1553 2831 Pa-

460 2854 620 2900 nicum
661 2851 950 2901 Miliaceum
997 2855 1161 2903 Linn.
1210 2851 1335 2902 coll.
1377 2852 1554 2901 Theo-

462 2919 845 2983 phrast.VIlI,
873 2920 925 2973 3.
964 2923 1087 2973 Vid.
1104 2923 1314 2985 Meyer:
1352 2923 1550 2971 Botnn.

462 2987 888 3052 Erliiuternngg.
926 3006 992 3039 zu
1026 2991 1223 3040 Strabo
1261 3006 1314 3055 p.
1348 2992 1416 3040 50
1436 3007 1550 3053 seq.

463 3057 715 3106 Sesamum
738 3057 1048 3122 plerumque
1079 3059 1279 3108 habent
1303 3063 1554 3109 orientale

464 3125 660 3188 Linn.,
706 3141 1033 3191 quamquam
1070 3126 1424 3191 probabiliter
1462 3128 1553 3176 In-

465 3194 623 3243 dicum
659 3209 780 3244 esse
815 3201 998 3245 monet
1032 3196 1245 3245 Heeren
1283 3195 1320 3245 l.
1367 3196 1405 3247 l.
1446 3196 1553 3247 col-

465 3262 563 3314 lat.
603 3261 745 3313 Plin.
781 3264 852 3312 H.
880 3266 949 3315 N.
976 3265 1183 3327 XVIII,
1227 3266 1308 3315 10.
1371 3267 1551 3327 „Con-

465 3331 569 3383 sul.
609 3332 922 3384 Schneider.
973 3335 1044 3384 ad
1081 3333 1548 3399 Tlieophrnst.·V.

467 3418 593 3467 pag.
632 3400 798 3453 499.“
859 3406 946 3457 Cr.

532 3459 597 3521 εὖ
644 3463 814 3528 εἰδώς
862 3460 949 3522 ὅτι
996 3474 1143 3521 τοῖσι
1197 3463 1273 3537 μὴ
1318 3464 1551 3538 ἀπιγμέ-

462 3553 613 3590 νοισι
666 3531 722 3598 ἐς
768 3533 874 3604 τὴν
910 3539 1280 3608 Βαβυλωνίην
1333 3535 1547 3608 χώρην]

465 3612 619 3672 Quae
655 3611 823 3659 verba
871 3610 1018 3661 clare
1054 3611 1324 3672 indicant,
1378 3614 1550 3662 Hero-

464 3680 650 3729 dotum
688 3680 863 3745 ipsum
900 3680 998 3730 has
1036 3685 1211 3730 terras
1247 3681 1444 3731 visisse
1484 3697 1549 3731 ac

462 3764 812 3814 peragrasse,
849 3752 912 3798 ut
947 3765 1112 3815 supra
1147 3751 1217 3799 ad
1244 3750 1290 3811 1,
1324 3751 1422 3801 178
1458 3766 1552 3800 no-

464 3819 721 3867 tavimus.
750 3847 820 3856 —-
854 3818 939 3868 Ad
973 3819 1300 3870 locutionem
1322 3812 1387 3868 τὰ
1414 3835 1551 3884 καρ-

465 3883 593 3933 πῶν
637 3878 875 3950 ἐχόμενα
909 3888 1055 3938 conf.
1083 3888 1143 3950 I,
1174 3889 1274 3938 120
1310 3893 1366 3938 et
1399 3890 1553 3939 Wes-

465 3952 656 4017 seling.
695 3955 843 4004 Diss.
882 3957 1147 4007 Herodot.
1183 3959 1343 4008 VIII.
1387 3974 1442 4022 p.
1483 3960 1551 4009 78

465 4036 654 4138 seg-n,
713 4081 772 4139 ἐκ
825 4088 941 4139 τῶν
995 4084 1264 4157 σησάμων
1318 4090 1553 4142 ποιεῦν-

463 4158 576 4224 τες]
615 4158 984 4224 supplendum
1011 4177 1077 4211 ex
1101 4162 1549 4212 antecedentibus

464 4219 630 4294 ἐλαίῳ
674 4225 966 4292 χρέωνται.
1056 4231 1138 4279 De
1188 4247 1293 4295 quo
1328 4233 1551 4296 partici-

463 4298 671 4362 piorum
723 4313 861 4361 usn,
910 4298 1004 4348 ubi
1058 4299 1307 4350 absolute
1364 4302 1548 4365 posita

463 4367 742 4432 videntur,
792 4381 912 4417 cum
950 4367 1171 4419 verbum
1203 4382 1233 4419 e
1265 4383 1547 4435 praegres-

1657 1947 1732 1995 sis
1789 1953 1969 1998 mente
2021 1948 2374 2013 repetendum
2431 1950 2534 2013 sit,
2598 1949 2743 1999 conf.

1655 2016 1926 2068 Matthiae
1974 2019 2068 2069 Gr.
2116 2019 2210 2070 Gr.
2255 2018 2304 2080 §-
2358 2021 2480 2070 556.
2525 2025 2641 2069 not.
2692 2020 2743 2069 l.

1656 2101 1784 2150 pag.
1808 2087 1958 2139 1093.
2008 2089 2190 2149 Quare
2213 2087 2358 2137 haud
2382 2104 2518 2153 opus
2546 2105 2612 2139 ex
2633 2104 2742 2138 uno

1656 2157 1932 2206 Sancrofti
1957 2155 2095 2207 libro
2118 2172 2239 2206 cnm
2265 2163 2489 2208 recentt.
2515 2159 2635 2209 edd.
2666 2174 2746 2207 re·

1655 2225 1834 2288 cipere
1859 2224 2184 2289 ποιεῦνται,
2221 2241 2288 2275 ex
2319 2228 2560 2292 proxime
2588 2243 2744 2292 seqq.

1656 2292 1864 2344 libra’rii
1901 2296 2112 2345 incuria
2139 2296 2243 2345 huc
2270 2312 2486 2361 quoque
2511 2297 2748 2347 transla-

1653 2367 1788 2413 tum.
1856 2364 1977 2414 Olei
2012 2381 2077 2415 ex
2110 2367 2341 2415 sesamis
2365 2368 2547 2431 parati
2570 2368 2749 2417 Xeno-

1654 2433 1798 2497 phon
1836 2449 2051 2499 qnoque
2085 2436 2356 2497 meminit,
2392 2436 2601 2501 aliique
2630 2436 2746 2501 plu-

1652 2518 1740 2552 res
1766 2505 2140 2565 meminerunt,
2170 2519 2308 2567 quos
2333 2505 2402 2554 ad
2423 2506 2747 2570 Xenophon-

1653 2573 1725 2621 tis
1757 2571 1937 2622 locum
1986 2576 2042 2623 in
2082 2573 2211 2638 Cyri
2245 2574 2501 2638 Expedit.
2543 2576 2653 2636 IV,
2692 2577 2744 2637 4,

1658 2641 1722 2690 13
1769 2641 1961 2691 laudat
2007 2644 2338 2706 Kruegerus.
2422 2644 2548 2694 Alia
2583 2660 2748 2709 quae-

1655 2709 1775 2759 dam
1806 2726 1835 2759 e
1858 2712 2249 2761 recentioribus
2275 2713 2634 2777 scriptoribus
2669 2715 2747 2762 ci-

1657 2784 1744 2827 tat
1779 2781 2016 2830 Heeren.
2049 2781 2085 2830 l.
2109 2780 2147 2831 l.
2187 2782 2492 2847 asseritque
2529 2783 2748 2847 Layard

1659 2848 1928 2910 (Nineveh
1987 2850 2094 2899 aud
2154 2850 2226 2899 its
2279 2853 2516 2901 remains
2561 2852 2640 2902 ΙΙ.
2691 2868 2744 2916 p.

1655 2915 1818 2979 423),
1870 2933 2011 2982 qnae
2055 2920 2366 2970 Herodotus
2418 2921 2621 2980 tradit,
2679 2937 2748 2986 eg.

1656 2988 1952 3036 etiamnum
2004 2989 2085 3037 ita
2132 3004 2253 3039 sese
2299 2989 2515 3040 habere.
2586 2990 2747 3039 Cam-

1657 3071 1782 3120 pum
1807 3056 1942 3105 milii
1977 3073 2098 3107 cum
2136 3059 2302 3122 spicis
2337 3059 2477 3108 idem
2517 3058 2577 3122 (l.
2619 3057 2657 3108 l.
2685 3076 2741 3124 p.

1662 3124 1784 3190 143)
1828 3127 1881 3175 in
1910 3126 2206 3192 sculpturis
2227 3128 2467 3192 Assyriis
2504 3143 2564 3176 se
2595 3128 2746 3178 inve-

1654 3195 1803 3244 nisse
1840 3194 2101 3247 declarat.
2127 3227 2198 3237 —-
2235 3197 2388 3258 Quae
2422 3202 2742 3262 sequuntur,

1652 3266 2032 3329 transscripsit
2050 3267 2363 3316 Athenaeus
2381 3268 2529 3318 xlv,
2551 3283 2606 3331 p.
2619 3267 2741 3328 651,

1651 3334 1747 3381 ubi
1778 3334 1920 3384 conf.
1946 3334 2520 3397 Schweighaeuserum
2538 3337 2597 3385 in
2615 3336 2744 3386 Ani-

1654 3401 1954 3452 madverss.
1977 3409 2021 3453 t.
2046 3405 2177 3454 VII.
2206 3420 2331 3470 pag.
2355 3405 2477 3456 599.
2520 3406 2606 3456 De
2630 3406 2744 3470 pal-

1654 3472 1756 3520 mis
1804 3474 1902 3524 Cr.
1956 3475 2169 3522 confert
2204 3489 2297 3536 ea,
2344 3490 2482 3539 quae
2531 3475 2742 3526 Niclas.

1654 3541 1793 3591 citat
1830 3542 1899 3590 nd
1936 3543 2269 3606 Geoponice.
2295 3545 2362 3606 X,
2392 3546 2424 3594 4
2447 3546 2567 3595 init.
2640 3546 2745 3595 Ac-

1655 3612 1930 3659 curatiora
1963 3612 2117 3661 dabit
2141 3612 2512 3664 nobilissimus
2548 3613 2614 3663 de
2640 3616 2745 3663 Mi-

1653 3678 1830 3729 nutoli
1875 3679 1931 3727 in
1979 3680 2327 3746 Nachtriigen
2378 3698 2448 3732 zu
2491 3698 2538 3732 s.
2589 3684 2738 3734 Reis.

1656 3750 1761 3798 etc.
1800 3763 1924 3813 pag.
1962 3748 2029 3799 82
2068 3765 2222 3815 seqq.

1725 3810 1785 3865 οἱ
1829 3815 2066 3876 πλεῦνες
2117 3816 2311 3868 αὐτῶν
2356 3812 2743 3885 καρποφόροι,

1655 3878 1714 3934 ἐκ
1760 3883 1876 3935 τῶν
1920 3882 2017 3936 καὶ
2068 3889 2217 3937 σιτία
2283 3884 2378 3937 καὶ
2435 3882 2599 3938 οἶνον
2644 3887 2744 3940 καὶ

1653 3952 1776 4019 μέλι
1808 3952 2127 4023 ποιεῦνται]
2162 3955 2339 4020 σιτία,
2378 3974 2518 4023 quae
2541 3958 2745 4010 Noster

1654 4039 1682 4072 e
1718 4023 2019 4088 palmarum
2066 4026 2334 4076 fructibus
2381 4029 2565 4092 parari
2613 4030 2748 4078 seri-

1653 4092 1764 4154 bit,
1800 4109 1863 4144 eo
1888 4095 2094 4156 resero,
2125 4097 2270 4160 quod
2301 4096 2408 4145 iam
2433 4096 2747 4162 Theophra-

1653 4166 1770 4212 stus
1810 4168 1972 4229 atque
2007 4163 2221 4214 Plinius
2272 4168 2428 4229 panis
2469 4167 2744 4231 quoddam

1651 4247 1823 4295 genus
1858 4249 1886 4282 e
1922 4232 2223 4298 palmarum
2269 4233 2508 4285 medulla
2547 4237 2746 4287 confici

1650 4301 1894 4353 tradunt.
1966 4303 2046 4352 Ac
2091 4309 2284 4354 nostra
2330 4309 2512 4355 aetate
2562 4320 2593 4355 e
2626 4305 2744 4369 pal-

1650 4369 1750 4420 mis
1788 4371 2009 4422 siccatis
2034 4385 2244 4423 massas
2280 4371 2545 4438 quasdam
2576 4372 2740 4426 valde
