3109 5092
1308 313 1563 376 CLIO.
1609 316 1660 375 Ι.
1707 323 1796 379 95.

2559 315 2681 375 215

399 517 531 557 ναι.
625 485 998 578 Ἀσσυρίων
1053 484 1399 577 ἀρχόντων
1451 493 1569 578 τῆς
1627 486 1767 558 ἄνω
1810 485 2028 576 Ἀσίης
2084 483 2191 556 ἐπ’
2249 494 2402 557 ἔτεα
2466 498 2679 559 εἴκοσι

397 696 506 741 tem
539 704 660 739 esse
701 689 971 740 audirent.
1044 691 1198 753 Quae
1243 706 1365 739 cum
1408 690 1487 741 ita

397 761 526 820 sint,
566 774 685 808 eam
719 759 850 809 viris
900 758 1075 809 doctis
1125 759 1253 809 olim
1292 776 1485 824 propo-

397 830 482 880 sui
517 830 905 891 coniecturam,
943 834 1004 879 ut
1040 829 1239 894 Cyrum
1270 845 1328 879 re
1351 845 1483 880 vera

395 899 612 950 minime
666 914 786 949 cum
840 900 1084 965 Astyage
1136 900 1484 950 coniunctum

397 970 636 1033 stirpeve
659 969 810 1034 regia
846 973 1022 1018 ortum
1048 973 1362 1031 statuerem,
1387 968 1485 1019 sed

395 1055 494 1105 pro
541 1043 778 1102 satrapa‘
811 1043 907 1088 aut
952 1038 1140 1103 regulo
1198 1039 1350 1088 illum
1393 1038 1484 1088 ha-

396 1111 607 1170 berem,
655 1108 777 1173 qui,
813 1108 1102 1158 Persarum
1145 1107 1315 1173 (quae
1352 1123 1485 1173 gens

397 1177 572 1228 Medis
607 1182 720 1226 tum
769 1183 888 1226 erat
924 1177 1192 1243 subiecta)
1231 1177 1365 1237 dux,
1406 1193 1485 1226 se-

398 1247 604 1298 ditione
641 1251 790 1297 mota
827 1246 882 1296 in
914 1248 1108 1297 summi
1141 1248 1285 1312 regis
1303 1247 1487 1297 Medo-

397 1334 514 1368 rum
550 1317 728 1366 locum
764 1321 986 1366 evectus
1025 1317 1207 1378 fuerit,
1232 1316 1487 1381 Medique

395 1387 540 1453 regis
575 1401 785 1436 omnem
823 1390 1180 1451 potestatem,
1229 1386 1484 1450 insignia,

396 1456 507 1507 alia
575 1457 921 1517 assumserit,
991 1461 1073 1517 et,
1139 1470 1245 1521 quo
1294 1455 1485 1505 melius

395 1527 514 1591 ipse
547 1526 665 1574 iure
700 1524 934 1589 quodam
959 1523 1212 1591 ‚legitimo
1259 1530 1357 1575 aut
1397 1524 1488 1574 he-

393 1596 655 1647 reditario
698 1594 902 1660 regiam
960 1599 1289 1659 potestatem
1338 1610 1487 1645 exer-

396 1681 518 1716 cere
553 1664 853 1726 videretur,
901 1665 1186 1716 Medorum
1233 1665 1379 1730 regis
1427 1664 1485 1714 fi-

393 1735 523 1785 liam
551 1735 608 1783 in
638 1734 1038 1784 matrimonium
1060 1734 1292 1785 duxerit.
1331 1736 1485 1797 Quae

397 1820 495 1855 suo
533 1818 758 1853 assensu
796 1803 1051 1867 probavit
1086 1803 1330 1869 Hupfeld
1365 1804 1401 1854 l.
1441 1803 1478 1856 l.

395 1890 522 1939 pag.
561 1873 647 1922 51.
697 1873 1106 1938 NecrepugnO,
1143 1874 1191 1922 si
1229 1873 1349 1938 quis
1380 1873 1482 1937 Cy-

393 1959 510 1993 rum
547 1942 745 1992 dixerit
772 1941 1103 1992 satellitibus
1143 1944 1306 2006 regiis
1333 1957 1486 2007 prae-

395 2014 624 2073 fectum,
673 2013 766 2076 qui
810 2027 938 2077 rege
994 2011 1212 2062 sublato
1260 2013 1379 2076 ipse
1426 2012 1483 2061 in

395 2083 511 2132 eius
540 2080 718 2131 locum
756 2082 1110 2140 successerit;
1155 2081 1313 2146 quale
1352 2081 1486 2131 mul-

394 2152 466 2201 tis
507 2156 633 2217 post
669 2152 826 2201 annis
863 2152 920 2200 in
964 2151 1203 2201 Arabum
1241 2166 1407 2216 regno
1450 2166 1484 2200 a

395 2220 587 2271 Turcis
612 2220 818 2270 factum
851 2236 970 2270 esse
990 2221 1318 2284 accepimus.
1355 2221 1482 2269 Per-

394 2306 488 2341 sae
523 2290 691 2355 igitur
726 2289 897 2339 multo
923 2295 1087 2340 antea
1114 2289 1254 2340 idem
1285 2291 1482 2339 fecisse

394 2358 620 2426 putandi
656 2364 846 2420 eruut,
886 2359 1031 2425 quod
1077 2364 1202 2425 post
1238 2361 1484 2410 fecerunt

392 2431 623 2481 Turcae.
698 2429 879 2494 Atque
932 2430 1041 2479 iam
1086 2435 1217 2479 ante
1262 2429 1484 2484 seditio-

393 2516 513 2550 nem
551 2498 810 2548 adversus
841 2499 1139 2564 Astyagem
1163 2503 1365 2549 motam
1379 2499 1482 2563 Cy-

392 2586 510 2620 rum
546 2569 727 2618 Persis
770 2568 890 2634 (qui
939 2568 1222 2618 Medorum
1257 2569 1483 2634 imperio

389 2638 690 2704 paruerint)
741 2639 1036 2703 imperasse
1083 2639 1278 2688 statuit
1314 2638 1481 2689 Graff.

390 2710 446 2759 iu
468 2710 877 2772 Programmate
899 2707 1177 2770 scholast„
1195 2707 1339 2772 quod
1366 2722 1485 2772 pro·

391 2779 494 2828 diit
511 2777 771 2827 Wetzlar.
816 2778 968 2828 1828.
1011 2780 1164 2841 Quae
1203 2778 1385 2828 omnia
1417 2792 1479 2827 eo

391 2849 504 2898 fere
542 2846 797 2906 redeunt,
837 2850 899 2895 ut
933 2861 1158 2911 regnum
1197 2846 1480 2896 Medorum

391 2923 557 2983 atque
585 2918 875 2966 Persarum
910 2931 1102 2966 revera
1127 2931 1291 2966 unum
1317 2916 1481 2966 idem-

317 3039 324 3047 ,
390 3003 497 3052 que
524 3001 643 3037 esse
668 2991 1112 3047 commonstrent,
1141 2986 1199 3035 in
1230 3001 1340 3050 qua
1369 3001 1479 3036 mu-

390 3061 508 3106 tata
556 3056 812 3121 dynastia
852 3054 1015 3105 aliam
1050 3057 1211 3106 modo
1261 3060 1478 3120 gentem

391 3126 758 3191 principatum
839 3125 1141 3175 obtinuisse
1211 3125 1474 3176 videmus.

393 3195 550 3257 Quod
611 3211 732 3245 cum
785 3169 1074 3245 {iacuisset
1131 3193 1480 3244 Schlosserus

389 3266 446 3314 in
481 3263 957 3330 Universalgesch.
1005 3263 1052 3326 I,
1102 3263 1153 3314 1.
1201 3279 1328 3328 pag.
1378 3263 1480 3314 243

393 3350 531 3399 seq„
561 3334 778 3384 minime
802 3334 883 3383 illi
904 3334 1282 3384 contradicere
1318 3334 1483 3384 debe-

389 3405 488 3454 bat
519 3404 603 3453 vir
639 3404 859 3468 quidam
905 3403 1100 3453 doctus
1147 3404 1204 3451 in
1249 3403 1490 3454 Hermes·

393 3473 596 3532 XXXI,
637 3474 687 3523 1,
722 3488 850 3538 pag.
879 3471 949 3522 99
970 3488 1087 3536 seq.
1126 3474 1314 3537 Neque
1340 3475 1479 3523 enim

388 3542 686 3608 quidquam
733 3543 801 3593 iis
848 3541 1088 3592 efficitur
1131 3541 1295 3604 locis,
1344 3558 1480 3608 quos

387 3614 449 3660 in
483 3626 636 3661 suam
672 3612 1003 3662 sententiam
1038 3611 1249 3661 attulit.

453 3672 756 3745 Ἀσσυρίων
824 3671 1120 3745 ἀρχόντων
1184 3678 1284 3744 τῆς
1356 3670 1476 3729 ἄνω

379 3742 564 3813 Ἀσίης
599 3741 691 3799 ἐπ’
729 3743 853 3799 ἔτεα
900 3748 1083 3799 εἴκοσι
1129 3746 1226 3798 καὶ
1274 3764 1475 3799 πεντα-

387 3811 574 3885 κόσια]
633 3820 758 3869 Dici
815 3820 908 3869 vix
961 3823 1172 3885 potest,
1242 3824 1476 3883 quantas

389 3888 581 3938 turbas
643 3888 734 3939 hic
793 3889 945 3940 locus
1000 3889 1070 3939 iis
1134 3889 1473 3951 excitaverit,

388 3959 483 4023 qui
526 3973 812 4022 regnorum
858 3959 1024 4009 Asiae
1073 3958 1476 4023 antiquissimo-

387 4043 506 4078 rum
535 4032 780 4092 tempora
806 4028 1116 4079 accuratius
1143 4027 1363 4080 definire
1388 4023 1476 4078 coss

387 4097 509 4148 nati
540 4102 686 4146 sunt.
725 4097 958 4148 Multum
994 4097 1137 4148 enim
1171 4098 1240 4148 ab
1279 4113 1342 4147 eo
1381 4113 1475 4147 nu-

389 4181 557 4229 mero,
598 4182 757 4231 quem
793 4167 1140 4233 Assyriorum
1174 4182 1342 4232 regno
1368 4168 1477 4218 No—

388 4241 504 4286 ster
538 4235 828 4299 adscribit,
862 4237 955 4287 ille
991 4235 1197 4299 differt,
1249 4252 1409 4301 quem
1445 4253 1479 4287 a

387 4305 577 4355 Ctesia
643 4306 914 4370 proditum
980 4307 1162 4371 plures
1222 4306 1477 4370 deinceps

385 4376 741 4441 repetierunt,
778 4375 1034 4443 Assyrios
1067 4375 1284 4430 scilicet
1312 4375 1480 4426 Asiae

1589 690 1886 755 imperasse
1933 706 2028 755 per
2071 692 2199 740 mille
2242 697 2492 742 trecentos
2525 707 2681 742 sexa·

1584 761 1725 824 ginta
1771 775 1948 808 annos.
2020 759 2177 810 Conf.
2236 761 2459 812 Diodor.
2510 762 2677 815 Sicul.

1589 829 1664 889 11,
1715 828 1783 878 28
1824 828 1915 878 fin.
1972 829 2138 878 Vario
2180 831 2339 880 modo
2377 831 2514 881 haec
2557 848 2679 884 cum

1588 899 1913 948 Herodoteis
1960 898 2141 963 aliquo
2180 900 2337 949 modo
2387 902 2680 953 conciliare

1587 972 1993 1033 temporumque
2025 969 2265 1018 ordinem
2296 970 2542 1020 stabilire
2564 976 2674 1023 stu-

1587 1037 1821 1087 duerunt
1860 1038 1963 1087 viri
2000 1037 2164 1100 docti,
2199 1054 2426 1104 quorum
2465 1046 2679 1091 senten-

1591 1107 1717 1168 tias,
1755 1107 1858 1157 hoc
1893 1107 2014 1157 loco
2064 1125 2171 1158 non
2217 1110 2567 1174 repetendas,
2602 1127 2682 1161 re-

1591 1177 1777 1226 censui
1816 1177 1873 1225 in
1910 1182 2048 1226 nott.
2086 1178 2155 1227 ad
2193 1178 2407 1230 Ctesias
2426 1181 2677 1246 fragmm.

1590 1261 1717 1312 pag.
1757 1246 2074 1297 419—424.
2140 1249 2379 1310 Quorum
2416 1250 2675 1315 plerique,

1592 1316 1640 1365 si
1675 1331 1766 1365 eos
1804 1316 2111 1380 exceperis,
2146 1318 2239 1382 qui
2283 1333 2316 1367 a
2362 1319 2548 1369 Ctesia
2583 1336 2677 1370 an-

1589 1401 1781 1436 norum
1827 1401 2107 1436 numerum
2157 1388 2408 1437 consulto
2461 1393 2679 1440 auctum

1592 1470 1713 1505 esse
1749 1455 1938 1518 velint,
1976 1455 2311 1506 Herodotum
2343 1458 2410 1507 de
2450 1474 2512 1508 eo
2540 1464 2680 1509 tem-

1589 1539 1721 1590 pore
1766 1531 2006 1587 tantum,
2048 1541 2145 1590 per
2205 1526 2349 1591 quod
2396 1529 2679 1593 Assyrium

1588 1609 1814 1660 regnum
1859 1595 2148 1659 praecipue
2205 1596 2472 1659 floruerit,
2533 1598 2681 1663 loqui

1588 1664 1902 1714 existimant
1944 1663 2032 1713 vel
2086 1666 2268 1728 potius
2318 1666 2384 1715 de
2431 1683 2494 1716 eo
2544 1672 2680 1717 tem-

1584 1749 1743 1852 pore,
1790 1750 1887 1798 per
1946 1733 2088 1798 quod
2147 1739 2387 1797 superior
2436 1735 2569 1785 Asia
2619 1727 2677 1800 (ἡ

1626 1803 1727 1868 vm)
1761 1804 1815 1852 in
1863 1803 2210 1866 Assyriorum
2256 1804 2460 1855 ditione
2512 1805 2676 1855 fuerit

1586 1871 1770 1936 (quam
1840 1872 2167 1921 sententiam
2245 1874 2409 1922 etiam
2491 1879 2675 1925 tuetur

1590 1941 1758 1991 Graff.
1796 1940 1835 1991 l.
1868 1941 1905 1990 1.
1946 1956 2072 2005 pag.
2092 1938 2190 2002 6.),
2228 1941 2315 1991 vel
2353 1942 2419 1991 de
2454 1958 2517 1993 eo
2544 1949 2676 1993 tem-

1588 2025 1744 2075 pore,
1785 2010 1930 2076 quod
1965 2009 2036 2060 ad
2082 2025 2269 2059 recens
2316 2011 2475 2062 modo
2508 2013 2677 2078 Assy-

1587 2081 1788 2130 riorum
1829 2095 2053 2144 regnum
2090 2081 2376 2143 pertineat,
2408 2098 2529 2132 cum
2553 2082 2679 2132 Cte-

1586 2150 1699 2200 siae
1736 2149 1862 2199 anni
1903 2150 1974 2200 ad
2006 2153 2163 2199 vetus
2202 2151 2550 2215 Assyriorum
2592 2169 2675 2202 re-

1585 2235 1750 2285 gnum
1786 2220 1896 2268 sint
1931 2218 2218 2271 referendi.
2283 2219 2390 2270 Sed
2438 2221 2571 2272 haec
2621 2228 2675 2273 et

1585 2289 1695 2339 alia
1729 2289 2009 2350 eiusmodi,
2028 2304 2169 2354 quae
2194 2289 2411 2340 silentio
2435 2298 2673 2357 praeter-

1587 2359 1801 2408 mittere
1835 2363 2099 2423 praestat,
2130 2358 2263 2409 talia
2299 2366 2443 2424 sunt,
2479 2363 2675 2427 quibus

1587 2444 1693 2493 quo
1730 2430 1905 2479 minus
1939 2430 2277 2490 assentiaris,
2306 2430 2415 2479 alia
2453 2431 2676 2481 obstant
2698 2477 2709 2486 .

1585 2498 1730 2548 haud
1765 2499 2002 2560 minora,
2041 2503 2102 2548 ut
2139 2499 2383 2564 pluribus
2429 2499 2544 2550 illic
2589 2518 2678 2552 ex-

1585 2568 1764 2632 posui.
1804 2569 1983 2630 Quare
2014 2567 2158 2617 haud
2194 2568 2309 2617 scio
2343 2584 2416 2618 an
2453 2585 2671 2635 operam

1584 2637 1845 2702 perdant,
1899 2637 1991 2700 qui
2040 2636 2177 2687 talia
2221 2653 2403 2687 secum
2449 2640 2506 2688 in
2545 2647 2678 2689 bon-

1586 2705 1825 2757 cordiam
1860 2705 2106 2770 redigere
2140 2706 2342 2769 velint,
2378 2707 2446 2757 de
2483 2709 2676 2772 quibus

1586 2776 1722 2827 certi
1758 2775 1887 2841 quid
1924 2775 2040 2825 erui
2076 2790 2238 2841 posse
2275 2776 2519 2841 despero.
2583 2779 2672 2827 Bi-

1583 2861 1687 2896 nae
1723 2845 1867 2895 euim
1904 2844 2010 2895 iam
2049 2845 2354 2910 antiquitus
2393 2846 2674 2898 exstitisse

1583 2915 1835 2964 videntur
1872 2914 2122 2965 diversae
2156 2914 2414 2965 narrandi
2445 2920 2499 2966 et
2533 2932 2675 2967 com-

1582 2985 1813 3050 putandi
1854 2985 2123 3050 rationes,
2171 3000 2399 3050 quarum
2444 2985 2670 3037 alteram

1585 3055 1653 3105 ab
1690 3055 1823 3119 ipsis
1848 3055 2089 3120 Assyriis
2127 3071 2192 3105 ac
2220 3055 2404 3106 Persis
2441 3055 2671 3107 relatam

1583 3124 1797 3174 Ctesias
1830 3124 1995 3174 fuerit
2044 3131 2265 3175 secutus
2313 3131 2368 3176 et
2403 3131 2672 3192 quotquot

1585 3193 1677 3243 alii
1727 3194 2019 3258 scriptores
2074 3210 2134 3244 se
2180 3195 2252 3245 ad
2300 3195 2445 3246 hunc
2504 3195 2675 3261 appli-

1585 3263 1822 3325 cuerint,
1860 3264 2087 3314 alteram
2123 3279 2157 3312 a
2201 3265 2519 3330 Babyloniis
2566 3271 2674 3315 tra-

1584 3333 1752 3383 ditam
1788 3337 1842 3382 ct
1892 3349 2013 3383 cum
2053 3334 2276 3384 Graecis
2315 3336 2675 3385 communica-

1584 3409 1695 3452 tam
1754 3402 2066 3452 Herodotus
2133 3405 2406 3467 exceperit
2464 3409 2519 3453 et
2580 3405 2673 3468 qui

1580 3476 1737 3536 post,
1772 3471 2068 3521 Alexandri
2113 3473 2297 3536 magni
2345 3477 2557 3534 aetate,
2607 3472 2674 3521 de

1581 3541 1666 3590 his
1705 3541 2041 3604 scripserint.
2079 3540 2214 3589 Inde
2249 3539 2459 3605 explico
2480 3542 2671 3591 Berosi

1579 3624 1753 3659 annos
1790 3608 1893 3659 526
1927 3610 2292 3658 enumerantis
2339 3626 2461 3659 cum
2497 3610 2669 3661 Hero-

1581 3679 1710 3729 doto
1747 3693 2070 3728 consensum
2110 3678 2389 3743 proboque
2432 3679 2668 3730 Niebuh-

1578 3749 1647 3798 rii
1681 3748 1939 3809 rationes,
1970 3748 2165 3811 quibus
2180 3747 2519 3798 Herodotum
2546 3764 2669 3798 nar-

1580 3819 1843 3867 rationem
1881 3832 2035 3866 suam
2072 3817 2139 3866 de
2174 3817 2254 3866 his
2276 3817 2557 3882 Babylone
2578 3833 2667 3869 ac-

1579 3887 1792 3952 cepisse
1826 3890 2037 3936 statuat
2053 3886 2192 3954 (vid.
2212 3886 2429 3938 Annall.
2470 3888 2663 3939 societ.

1579 3973 1693 4022 reg.
1750 3957 2086 4008 Berolinens.
2148 3972 2238 4007 an.
2295 3957 2449 4008 1820.
2509 3957 2662 4010 1821.

1580 4042 1709 4092 pag.
1747 4027 1857 4092 48).
1911 4026 2020 4077 Sed
2068 4042 2189 4078 eum
2235 4026 2412 4091 ipsum
2461 4027 2668 4078 dissen-

1580 4112 1700 4146 sum
1736 4096 1829 4161 qui
1865 4112 2183 4162 componere
2218 4097 2410 4162 possit,
2441 4098 2535 4147 vix
2571 4113 2670 4148 un-

1581 4181 1744 4231 quam
1778 4159 2050 4232 repertum
2098 4167 2163 4215 iri
2206 4181 2527 4231 persuasum
2576 4168 2670 4216 ha-

1579 4237 1703 4287 beo,
1740 4238 1931 4301 Neque
1980 4236 2274 4302 quidquam
2321 4237 2391 4285 ad
2439 4251 2504 4285 ea
2546 4235 2666 4284 illu-

1580 4305 1806 4355 stranda
1832 4321 1898 4355 ex
1930 4306 2285 4355 orientalibus
2310 4304 2665 4369 scriptoribus

1578 4375 1937 4439 lucrabimur,
1974 4378 2069 4440 qui
2114 4389 2276 4441 quam
2325 4372 2666 4441 negligenter
