<?xml version="1.0" encoding="UTF-8"?>
<!DOCTYPE html PUBLIC "-//W3C//DTD XHTML 1.0 Transitional//EN"
    "http://www.w3.org/TR/xhtml1/DTD/xhtml1-transitional.dtd">
<html xmlns="http://www.w3.org/1999/xhtml" xml:lang="en" lang="en">
 <head>
  <title>
</title>
<meta http-equiv="Content-Type" content="text/html;charset=utf-8" />
  <meta name='ocr-system' content='tesseract 3.04.00' />
  <meta name='ocr-capabilities' content='ocr_page ocr_carea ocr_par ocr_line ocrx_word'/>
</head>
<body>
  <div class='ocr_page' id='page_1' title='image "./herodotihalicar02unkngoog_0673.png"; bbox 0 0 3109 5092; ppageno 0'>
   <div class='ocr_carea' id='block_1_1' title="bbox 1027 378 1998 442">
    <p class='ocr_par' dir='ltr' id='par_1_1' title="bbox 1027 378 1998 442">
     <span class='ocr_line' id='line_1_1' title="bbox 1027 378 1998 442; baseline -0.005 -1"><span class='ocrx_word' id='word_1_1' title='bbox 1027 378 1525 442; x_wconf 81' lang='lat' dir='ltr'><strong>EUTERPE.</strong></span> <span class='ocrx_word' id='word_1_2' title='bbox 1576 380 1659 439; x_wconf 89' lang='lat' dir='ltr'><strong>H.</strong></span> <span class='ocrx_word' id='word_1_3' title='bbox 1707 387 1828 442; x_wconf 80' lang='lat'><strong>103.</strong></span> <span class='ocrx_word' id='word_1_4' title='bbox 1879 390 1998 442; x_wconf 74' lang='lat'><strong>104.</strong></span> 
     </span>
    </p>
   </div>
   <div class='ocr_carea' id='block_1_2' title="bbox 2528 378 2651 439">
    <p class='ocr_par' dir='ltr' id='par_1_2' title="bbox 2528 378 2651 439">
     <span class='ocr_line' id='line_1_2' title="bbox 2528 378 2651 439; baseline -0.008 -1"><span class='ocrx_word' id='word_1_5' title='bbox 2528 378 2651 439; x_wconf 84' lang='lat'><strong>653</strong></span> 
     </span>
    </p>
   </div>
   <div class='ocr_carea' id='block_1_3' title="bbox 378 550 2654 748">
    <p class='ocr_par' dir='ltr' id='par_1_3' title="bbox 378 550 2654 748">
     <span class='ocr_line' id='line_1_3' title="bbox 380 550 2651 644; baseline -0.004 -18"><span class='ocrx_word' id='word_1_6' title='bbox 380 552 464 644; x_wconf 79' lang='grc' dir='ltr'><strong>δὴ</strong></span> <span class='ocrx_word' id='word_1_7' title='bbox 517 551 732 622; x_wconf 81' lang='grc' dir='ltr'><em>αὐτοῦ</em></span> <span class='ocrx_word' id='word_1_8' title='bbox 759 556 1070 622; x_wconf 80' lang='grc' dir='ltr'><strong><em>κατέλιπε</em></strong></span> <span class='ocrx_word' id='word_1_9' title='bbox 1099 558 1216 642; x_wconf 82' lang='grc' dir='ltr'><strong>τῆς</strong></span> <span class='ocrx_word' id='word_1_10' title='bbox 1241 551 1459 642; x_wconf 70' lang='grc' dir='ltr'><strong><em>χώρης</em></strong></span> <span class='ocrx_word' id='word_1_11' title='bbox 1486 551 1838 642; x_wconf 79' lang='grc' dir='ltr'><strong><em>οἰκήτορας</em></strong></span> <span class='ocrx_word' id='word_1_12' title='bbox 1855 606 1873 637; x_wconf 86' lang='grc'><strong>,</strong></span> <span class='ocrx_word' id='word_1_13' title='bbox 1919 560 2052 620; x_wconf 79' lang='grc' dir='ltr'><strong><em>εἴτε</em></strong></span> <span class='ocrx_word' id='word_1_14' title='bbox 2079 556 2219 620; x_wconf 77' lang='grc' dir='ltr'><strong>τῶν</strong></span> <span class='ocrx_word' id='word_1_15' title='bbox 2242 550 2421 629; x_wconf 73' lang='grc' dir='ltr'><strong><em>τινὲς</em></strong></span> <span class='ocrx_word' id='word_1_16' title='bbox 2447 570 2651 639; x_wconf 81' lang='grc' dir='ltr'><strong><em>στρα-</em></strong></span> 
     </span>
     <span class='ocr_line' id='line_1_4' title="bbox 378 650 2654 748; baseline -0.002 -22"><span class='ocrx_word' id='word_1_17' title='bbox 378 660 676 727; x_wconf 79' lang='grc' dir='ltr'><strong><em>τιωτέων</em></strong></span> <span class='ocrx_word' id='word_1_18' title='bbox 716 662 798 748; x_wconf 80' lang='grc' dir='ltr'><strong>τῇ</strong></span> <span class='ocrx_word' id='word_1_19' title='bbox 849 657 1070 744; x_wconf 77' lang='grc' dir='ltr'><em>πλάνῃ</em></span> <span class='ocrx_word' id='word_1_20' title='bbox 1121 653 1334 725; x_wconf 83' lang='grc' dir='ltr'><em>αὐτοῦ</em></span> <span class='ocrx_word' id='word_1_21' title='bbox 1375 653 1829 743; x_wconf 78' lang='grc' dir='ltr'><strong><em>ἀχθεσθέντες</em></strong></span> <span class='ocrx_word' id='word_1_22' title='bbox 1880 657 2036 744; x_wconf 81' lang='grc' dir='ltr'><em>περὶ</em></span> <span class='ocrx_word' id='word_1_23' title='bbox 2091 652 2311 723; x_wconf 63' lang='lat' dir='ltr'><strong>oozam</strong></span> <span class='ocrx_word' id='word_1_24' title='bbox 2351 650 2654 741; x_wconf 78' lang='grc' dir='ltr'><strong><em>ποταμὸν</em></strong></span> 
     </span>
    </p>
   </div>
   <div class='ocr_carea' id='block_1_4' title="bbox 381 763 801 848">
    <p class='ocr_par' dir='ltr' id='par_1_4' title="bbox 381 763 801 848">
     <span class='ocr_line' id='line_1_5' title="bbox 381 763 801 848; baseline -0.002 -20"><span class='ocrx_word' id='word_1_25' title='bbox 381 763 801 848; x_wconf 78' lang='grc' dir='ltr'><strong>κατέμειναν.</strong></span> 
     </span>
    </p>
   </div>
   <div class='ocr_carea' id='block_1_5' title="bbox 369 957 1477 2552">
    <p class='ocr_par' dir='ltr' id='par_1_5' title="bbox 369 957 1477 2552">
     <span class='ocr_line' id='line_1_6' title="bbox 381 957 1469 1094; baseline -0.002 -14"><span class='ocrx_word' id='word_1_26' title='bbox 381 957 1469 1094; x_wconf 46' lang='lat' dir='ltr'><strong>:22114.0‘.1,³;³:0.;f.:¹s;5·&amp;airzi-..2¹13</strong></span> 
     </span>
     <span class='ocr_line' id='line_1_7' title="bbox 369 1098 1465 1165; baseline -0.002 -15"><span class='ocrx_word' id='word_1_27' title='bbox 369 1098 804 1165; x_wconf 63' lang='lat' dir='ltr'><strong>”(Reisebericht.</strong></span> <span class='ocrx_word' id='word_1_28' title='bbox 849 1114 947 1148; x_wconf 88' lang='lat' dir='ltr'><strong>aus</strong></span> <span class='ocrx_word' id='word_1_29' title='bbox 979 1100 1214 1164; x_wconf 78' lang='lat' dir='ltr'><strong>Aegypt.</strong></span> <span class='ocrx_word' id='word_1_30' title='bbox 1252 1115 1305 1163; x_wconf 87' lang='lat' dir='ltr'><strong>p.</strong></span> <span class='ocrx_word' id='word_1_31' title='bbox 1346 1098 1465 1149; x_wconf 82' lang='lat'><strong>121.</strong></span> 
     </span>
     <span class='ocr_line' id='line_1_8' title="bbox 382 1167 1466 1235; baseline -0.002 -15"><span class='ocrx_word' id='word_1_32' title='bbox 382 1172 483 1220; x_wconf 77' lang='lat'><strong>126</strong></span> <span class='ocrx_word' id='word_1_33' title='bbox 515 1185 631 1235; x_wconf 86' lang='lat' dir='ltr'><strong>seq.</strong></span> <span class='ocrx_word' id='word_1_34' title='bbox 660 1168 776 1219; x_wconf 77' lang='lat'><strong>158.</strong></span> <span class='ocrx_word' id='word_1_35' title='bbox 812 1167 915 1219; x_wconf 81' lang='grc'><strong>289</strong></span> <span class='ocrx_word' id='word_1_36' title='bbox 936 1170 1105 1233; x_wconf 85' lang='lat' dir='ltr'><strong>seq.),</strong></span> <span class='ocrx_word' id='word_1_37' title='bbox 1142 1169 1234 1234; x_wconf 88' lang='lat' dir='ltr'><strong>qui</strong></span> <span class='ocrx_word' id='word_1_38' title='bbox 1270 1183 1466 1218; x_wconf 89' lang='lat' dir='ltr'><strong>nomen</strong></span> 
     </span>
     <span class='ocr_line' id='line_1_9' title="bbox 380 1237 1468 1303; baseline -0.003 -13"><span class='ocrx_word' id='word_1_39' title='bbox 380 1238 536 1290; x_wconf 68' lang='lat' dir='ltr'><strong>Okela</strong></span> <span class='ocrx_word' id='word_1_40' title='bbox 581 1254 777 1290; x_wconf 88' lang='lat' dir='ltr'><strong>eruens</strong></span> <span class='ocrx_word' id='word_1_41' title='bbox 830 1237 897 1287; x_wconf 87' lang='lat' dir='ltr'><strong>de</strong></span> <span class='ocrx_word' id='word_1_42' title='bbox 938 1237 1208 1288; x_wconf 71' lang='lat' dir='ltr'><strong><em>Chaldaeis</em></strong></span> <span class='ocrx_word' id='word_1_43' title='bbox 1259 1238 1468 1303; x_wconf 78' lang='lat' dir='ltr'><strong>cogitat</strong></span> 
     </span>
     <span class='ocr_line' id='line_1_10' title="bbox 378 1306 1467 1373; baseline -0.001 -16"><span class='ocrx_word' id='word_1_44' title='bbox 378 1313 544 1373; x_wconf 89' lang='lat' dir='ltr'><strong>atque</strong></span> <span class='ocrx_word' id='word_1_45' title='bbox 597 1307 740 1357; x_wconf 89' lang='lat' dir='ltr'><strong>hanc</strong></span> <span class='ocrx_word' id='word_1_46' title='bbox 786 1311 1001 1372; x_wconf 81' lang='lat' dir='ltr'><strong>gentem</strong></span> <span class='ocrx_word' id='word_1_47' title='bbox 1039 1306 1096 1355; x_wconf 91' lang='lat' dir='ltr'><strong>in</strong></span> <span class='ocrx_word' id='word_1_48' title='bbox 1145 1306 1231 1356; x_wconf 87' lang='lat' dir='ltr'><strong>his</strong></span> <span class='ocrx_word' id='word_1_49' title='bbox 1278 1308 1467 1357; x_wconf 89' lang='lat' dir='ltr'><strong>inscri-</strong></span> 
     </span>
     <span class='ocr_line' id='line_1_11' title="bbox 382 1375 1470 1442; baseline -0.001 -16"><span class='ocrx_word' id='word_1_50' title='bbox 382 1377 656 1442; x_wconf 88' lang='lat' dir='ltr'><strong>ptionibus</strong></span> <span class='ocrx_word' id='word_1_51' title='bbox 682 1375 915 1427; x_wconf 85' lang='lat' dir='ltr'><strong>indicari</strong></span> <span class='ocrx_word' id='word_1_52' title='bbox 949 1379 1133 1440; x_wconf 84' lang='lat' dir='ltr'><strong>putat,</strong></span> <span class='ocrx_word' id='word_1_53' title='bbox 1168 1375 1366 1440; x_wconf 88' lang='lat' dir='ltr'><strong>quibus</strong></span> <span class='ocrx_word' id='word_1_54' title='bbox 1397 1376 1470 1426; x_wconf 84' lang='lat' dir='ltr'><strong>ad</strong></span> 
     </span>
     <span class='ocr_line' id='line_1_12' title="bbox 383 1445 1472 1512; baseline -0.002 -16"><span class='ocrx_word' id='word_1_55' title='bbox 383 1445 735 1512; x_wconf 83' lang='lat' dir='ltr'><strong>explicandas</strong></span> <span class='ocrx_word' id='word_1_56' title='bbox 798 1447 1063 1510; x_wconf 79' lang='lat' dir='ltr'><strong>imagines</strong></span> <span class='ocrx_word' id='word_1_57' title='bbox 1126 1445 1472 1496; x_wconf 88' lang='lat' dir='ltr'><strong>continentur</strong></span> 
     </span>
     <span class='ocr_line' id='line_1_13' title="bbox 383 1513 1472 1581; baseline -0.002 -15"><span class='ocrx_word' id='word_1_58' title='bbox 383 1531 473 1579; x_wconf 90' lang='lat' dir='ltr'><strong>ea,</strong></span> <span class='ocrx_word' id='word_1_59' title='bbox 522 1531 662 1581; x_wconf 89' lang='lat' dir='ltr'><strong>quae</strong></span> <span class='ocrx_word' id='word_1_60' title='bbox 699 1515 770 1565; x_wconf 92' lang='lat' dir='ltr'><strong>ad</strong></span> <span class='ocrx_word' id='word_1_61' title='bbox 805 1513 949 1565; x_wconf 90' lang='lat' dir='ltr'><strong>bella</strong></span> <span class='ocrx_word' id='word_1_62' title='bbox 995 1529 1117 1564; x_wconf 86' lang='lat' dir='ltr'><strong>cum</strong></span> <span class='ocrx_word' id='word_1_63' title='bbox 1162 1513 1263 1564; x_wconf 85' lang='lat' dir='ltr'><strong>hac</strong></span> <span class='ocrx_word' id='word_1_64' title='bbox 1307 1520 1472 1580; x_wconf 90' lang='lat' dir='ltr'><strong>gente</strong></span> 
     </span>
     <span class='ocr_line' id='line_1_14' title="bbox 381 1583 1470 1651; baseline -0.002 -16"><span class='ocrx_word' id='word_1_65' title='bbox 381 1586 607 1651; x_wconf 86' lang='lat' dir='ltr'><strong>eiusque</strong></span> <span class='ocrx_word' id='word_1_66' title='bbox 647 1584 813 1635; x_wconf 89' lang='lat' dir='ltr'><strong>sociis</strong></span> <span class='ocrx_word' id='word_1_67' title='bbox 862 1589 1048 1649; x_wconf 88' lang='lat' dir='ltr'><strong>gesta,</strong></span> <span class='ocrx_word' id='word_1_68' title='bbox 1095 1583 1164 1633; x_wconf 89' lang='lat' dir='ltr'><strong>ad</strong></span> <span class='ocrx_word' id='word_1_69' title='bbox 1208 1585 1470 1634; x_wconf 77' lang='lat' dir='ltr'><strong>victorias</strong></span> 
     </span>
     <span class='ocr_line' id='line_1_15' title="bbox 381 1653 1471 1720; baseline -0.001 -16"><span class='ocrx_word' id='word_1_70' title='bbox 381 1655 447 1704; x_wconf 88' lang='lat' dir='ltr'><strong>de</strong></span> <span class='ocrx_word' id='word_1_71' title='bbox 501 1654 697 1705; x_wconf 86' lang='lat' dir='ltr'><strong>iisdem</strong></span> <span class='ocrx_word' id='word_1_72' title='bbox 746 1659 1055 1719; x_wconf 69' lang='lat' dir='ltr'><strong>reportatas</strong></span> <span class='ocrx_word' id='word_1_73' title='bbox 1115 1669 1180 1703; x_wconf 88' lang='grc'><strong>80</strong></span> <span class='ocrx_word' id='word_1_74' title='bbox 1238 1653 1471 1720; x_wconf 87' lang='lat' dir='ltr'><strong>denique</strong></span> 
     </span>
     <span class='ocr_line' id='line_1_16' title="bbox 381 1721 1472 1789; baseline -0.001 -15"><span class='ocrx_word' id='word_1_75' title='bbox 381 1725 452 1775; x_wconf 92' lang='lat' dir='ltr'><strong>ad</strong></span> <span class='ocrx_word' id='word_1_76' title='bbox 499 1724 693 1775; x_wconf 86' lang='lat' dir='ltr'><strong>foedus</strong></span> <span class='ocrx_word' id='word_1_77' title='bbox 744 1739 864 1774; x_wconf 90' lang='lat' dir='ltr'><strong>cum</strong></span> <span class='ocrx_word' id='word_1_78' title='bbox 905 1721 1300 1773; x_wconf 77' lang='lat' dir='ltr'><strong>Chaldaeorum</strong></span> <span class='ocrx_word' id='word_1_79' title='bbox 1342 1738 1472 1789; x_wconf 89' lang='lat' dir='ltr'><strong>rege</strong></span> 
     </span>
     <span class='ocr_line' id='line_1_17' title="bbox 382 1791 1472 1858; baseline 0.001 -16"><span class='ocrx_word' id='word_1_80' title='bbox 382 1794 575 1844; x_wconf 85' lang='lat' dir='ltr'><strong>initum</strong></span> <span class='ocrx_word' id='word_1_81' title='bbox 600 1797 871 1858; x_wconf 81' lang='lat' dir='ltr'><strong>spectant.</strong></span> <span class='ocrx_word' id='word_1_82' title='bbox 912 1793 995 1842; x_wconf 91' lang='lat' dir='ltr'><strong>De</strong></span> <span class='ocrx_word' id='word_1_83' title='bbox 1023 1791 1312 1842; x_wconf 78' lang='lat' dir='ltr'><strong>Chaldaeis</strong></span> <span class='ocrx_word' id='word_1_84' title='bbox 1342 1808 1472 1858; x_wconf 86' lang='lat' dir='ltr'><strong>quo·</strong></span> 
     </span>
     <span class='ocr_line' id='line_1_18' title="bbox 382 1861 1477 1929; baseline 0 -17"><span class='ocrx_word' id='word_1_85' title='bbox 382 1879 486 1929; x_wconf 86' lang='lat' dir='ltr'><strong>que</strong></span> <span class='ocrx_word' id='word_1_86' title='bbox 518 1864 730 1928; x_wconf 80' lang='lat' dir='ltr'><strong>cogitat</strong></span> <span class='ocrx_word' id='word_1_87' title='bbox 767 1861 933 1913; x_wconf 89' lang='lat' dir='ltr'><strong>Birch</strong></span> <span class='ocrx_word' id='word_1_88' title='bbox 969 1862 1026 1911; x_wconf 91' lang='lat' dir='ltr'><strong>in</strong></span> <span class='ocrx_word' id='word_1_89' title='bbox 1061 1862 1378 1912; x_wconf 86' lang='lat' dir='ltr'><strong>Transactt.</strong></span> <span class='ocrx_word' id='word_1_90' title='bbox 1415 1861 1477 1912; x_wconf 76' lang='lat' dir='ltr'><strong>of</strong></span> 
     </span>
     <span class='ocr_line' id='line_1_19' title="bbox 382 1930 1472 1998; baseline 0 -17"><span class='ocrx_word' id='word_1_91' title='bbox 382 1933 475 1983; x_wconf 86' lang='lat' dir='ltr'><strong>the</strong></span> <span class='ocrx_word' id='word_1_92' title='bbox 524 1932 678 1998; x_wconf 78' lang='lat' dir='ltr'><strong>royal</strong></span> <span class='ocrx_word' id='word_1_93' title='bbox 725 1932 935 1996; x_wconf 80' lang='lat' dir='ltr'><strong>society</strong></span> <span class='ocrx_word' id='word_1_94' title='bbox 982 1930 1044 1981; x_wconf 78' lang='lat' dir='ltr'><strong>of</strong></span> <span class='ocrx_word' id='word_1_95' title='bbox 1076 1931 1309 1982; x_wconf 87' lang='lat' dir='ltr'><strong>Literat.</strong></span> <span class='ocrx_word' id='word_1_96' title='bbox 1359 1947 1472 1981; x_wconf 87' lang='lat' dir='ltr'><strong>sec.</strong></span> 
     </span>
     <span class='ocr_line' id='line_1_20' title="bbox 382 1999 1473 2067; baseline -0.002 -16"><span class='ocrx_word' id='word_1_97' title='bbox 382 2017 488 2052; x_wconf 86' lang='lat' dir='ltr'><strong>ser.</strong></span> <span class='ocrx_word' id='word_1_98' title='bbox 513 2002 588 2052; x_wconf 91' lang='lat'><strong>11.</strong></span> <span class='ocrx_word' id='word_1_99' title='bbox 617 2019 670 2067; x_wconf 87' lang='lat' dir='ltr'><strong>p.</strong></span> <span class='ocrx_word' id='word_1_100' title='bbox 704 2000 809 2052; x_wconf 80' lang='lat'><strong>336</strong></span> <span class='ocrx_word' id='word_1_101' title='bbox 833 2015 985 2065; x_wconf 89' lang='lat' dir='ltr'><strong>seqq.</strong></span> <span class='ocrx_word' id='word_1_102' title='bbox 1011 2000 1135 2050; x_wconf 92' lang='grc'><strong>0011.</strong></span> <span class='ocrx_word' id='word_1_103' title='bbox 1163 1999 1283 2051; x_wconf 86' lang='grc'><strong>330.</strong></span> <span class='ocrx_word' id='word_1_104' title='bbox 1331 2001 1473 2051; x_wconf 88' lang='lat' dir='ltr'><strong>Utut</strong></span> 
     </span>
     <span class='ocr_line' id='line_1_21' title="bbox 382 2070 1472 2135; baseline -0.001 -15"><span class='ocrx_word' id='word_1_105' title='bbox 382 2072 610 2134; x_wconf 76' lang='lat' dir='ltr'><strong>statuis,</strong></span> <span class='ocrx_word' id='word_1_106' title='bbox 658 2072 729 2121; x_wconf 89' lang='lat' dir='ltr'><strong>ad</strong></span> <span class='ocrx_word' id='word_1_107' title='bbox 767 2070 1041 2120; x_wconf 86' lang='lat' dir='ltr'><strong>inferioris</strong></span> <span class='ocrx_word' id='word_1_108' title='bbox 1076 2071 1314 2135; x_wconf 81' lang='lat' dir='ltr'><strong>Aegypti</strong></span> <span class='ocrx_word' id='word_1_109' title='bbox 1351 2085 1472 2135; x_wconf 90' lang='lat' dir='ltr'><strong>par-</strong></span> 
     </span>
     <span class='ocr_line' id='line_1_22' title="bbox 381 2138 1473 2204; baseline -0.001 -15"><span class='ocrx_word' id='word_1_110' title='bbox 381 2144 495 2203; x_wconf 89' lang='lat' dir='ltr'><strong>tes,</strong></span> <span class='ocrx_word' id='word_1_111' title='bbox 557 2141 595 2191; x_wconf 91' lang='lat' dir='ltr'><strong>i.</strong></span> <span class='ocrx_word' id='word_1_112' title='bbox 656 2156 703 2193; x_wconf 91' lang='lat' dir='ltr'><strong>e.</strong></span> <span class='ocrx_word' id='word_1_113' title='bbox 763 2139 831 2189; x_wconf 86' lang='lat' dir='ltr'><strong>ad</strong></span> <span class='ocrx_word' id='word_1_114' title='bbox 887 2138 1052 2189; x_wconf 81' lang='lat' dir='ltr'><strong>Delta</strong></span> <span class='ocrx_word' id='word_1_115' title='bbox 1105 2140 1328 2204; x_wconf 89' lang='lat' dir='ltr'><strong>eiusque</strong></span> <span class='ocrx_word' id='word_1_116' title='bbox 1392 2154 1473 2188; x_wconf 93' lang='lat' dir='ltr'><strong>re-</strong></span> 
     </span>
     <span class='ocr_line' id='line_1_23' title="bbox 382 2209 1473 2275; baseline -0.003 -15"><span class='ocrx_word' id='word_1_117' title='bbox 382 2211 572 2275; x_wconf 88' lang='lat' dir='ltr'><strong>giones</strong></span> <span class='ocrx_word' id='word_1_118' title='bbox 618 2210 933 2259; x_wconf 82' lang='lat' dir='ltr'><strong>adiacentes</strong></span> <span class='ocrx_word' id='word_1_119' title='bbox 983 2209 1246 2258; x_wconf 84' lang='lat' dir='ltr'><strong>orientem</strong></span> <span class='ocrx_word' id='word_1_120' title='bbox 1281 2223 1473 2258; x_wconf 82' lang='lat' dir='ltr'><strong>versus</strong></span> 
     </span>
     <span class='ocr_line' id='line_1_24' title="bbox 381 2277 1473 2343; baseline -0.003 -14"><span class='ocrx_word' id='word_1_121' title='bbox 381 2280 516 2329; x_wconf 90' lang='lat' dir='ltr'><strong>haec</strong></span> <span class='ocrx_word' id='word_1_122' title='bbox 574 2280 757 2330; x_wconf 90' lang='lat' dir='ltr'><strong>omnia</strong></span> <span class='ocrx_word' id='word_1_123' title='bbox 813 2277 957 2343; x_wconf 85' lang='lat' dir='ltr'><strong>quod</strong></span> <span class='ocrx_word' id='word_1_124' title='bbox 1014 2278 1202 2328; x_wconf 88' lang='lat' dir='ltr'><strong>retulit</strong></span> <span class='ocrx_word' id='word_1_125' title='bbox 1253 2278 1473 2328; x_wconf 87' lang='lat' dir='ltr'><strong>Osburn</strong></span> 
     </span>
     <span class='ocr_line' id='line_1_25' title="bbox 383 2346 1468 2413; baseline -0.003 -14"><span class='ocrx_word' id='word_1_126' title='bbox 383 2346 777 2413; x_wconf 83' lang='lat' dir='ltr'><strong>(Monumental</strong></span> <span class='ocrx_word' id='word_1_127' title='bbox 811 2347 1022 2412; x_wconf 77' lang='lat' dir='ltr'><strong>history</strong></span> <span class='ocrx_word' id='word_1_128' title='bbox 1057 2347 1119 2397; x_wconf 79' lang='lat' dir='ltr'><strong>of</strong></span> <span class='ocrx_word' id='word_1_129' title='bbox 1149 2349 1353 2413; x_wconf 77' lang='lat' dir='ltr'><strong>Egypt.</strong></span> <span class='ocrx_word' id='word_1_130' title='bbox 1393 2346 1468 2396; x_wconf 91' lang='lat'><strong>11.</strong></span> 
     </span>
     <span class='ocr_line' id='line_1_26' title="bbox 382 2415 1473 2484; baseline -0.002 -16"><span class='ocrx_word' id='word_1_131' title='bbox 382 2434 436 2483; x_wconf 89' lang='lat' dir='ltr'><strong>p.</strong></span> <span class='ocrx_word' id='word_1_132' title='bbox 476 2418 574 2468; x_wconf 80' lang='grc'><strong>471</strong></span> <span class='ocrx_word' id='word_1_133' title='bbox 615 2416 823 2484; x_wconf 88' lang='lat' dir='ltr'><strong>seqq.),</strong></span> <span class='ocrx_word' id='word_1_134' title='bbox 859 2415 915 2466; x_wconf 91' lang='lat' dir='ltr'><strong>id</strong></span> <span class='ocrx_word' id='word_1_135' title='bbox 949 2415 1193 2482; x_wconf 87' lang='lat' dir='ltr'><strong>pluribus</strong></span> <span class='ocrx_word' id='word_1_136' title='bbox 1227 2415 1473 2467; x_wconf 78' lang='lat' dir='ltr'><strong>refellere</strong></span> 
     </span>
     <span class='ocr_line' id='line_1_27' title="bbox 382 2487 808 2552; baseline 0.007 -16"><span class='ocrx_word' id='word_1_137' title='bbox 382 2488 474 2537; x_wconf 82' lang='lat' dir='ltr'><strong>vix</strong></span> <span class='ocrx_word' id='word_1_138' title='bbox 512 2502 648 2552; x_wconf 88' lang='lat' dir='ltr'><strong>opus</strong></span> <span class='ocrx_word' id='word_1_139' title='bbox 684 2487 808 2539; x_wconf 89' lang='lat' dir='ltr'><strong>erit.</strong></span> 
     </span>
    </p>
   </div>
   <div class='ocr_carea' id='block_1_6' title="bbox 770 2655 1084 2708">
    <p class='ocr_par' dir='ltr' id='par_1_6' title="bbox 770 2655 1084 2708">
     <span class='ocr_line' id='line_1_28' title="bbox 770 2655 1084 2708; baseline -0.007 0"><span class='ocrx_word' id='word_1_140' title='bbox 770 2656 905 2708; x_wconf 66' lang='lat' dir='ltr'><strong>Cu.</strong></span> <span class='ocrx_word' id='word_1_141' title='bbox 943 2655 1084 2706; x_wconf 87' lang='lat' dir='ltr'><strong>CIV.</strong></span> 
     </span>
    </p>
   </div>
   <div class='ocr_carea' id='block_1_7' title="bbox 380 2748 1480 4480">
    <p class='ocr_par' dir='ltr' id='par_1_7' title="bbox 380 2748 1480 4480">
     <span class='ocr_line' id='line_1_29' title="bbox 452 2748 1469 2823; baseline -0.004 -13"><span class='ocrx_word' id='word_1_142' title='bbox 452 2757 762 2810; x_wconf 80' lang='grc' dir='ltr'><strong><em>Φαίνονται</em></strong></span> <span class='ocrx_word' id='word_1_143' title='bbox 783 2751 887 2822; x_wconf 65' lang='grc' dir='ltr'><strong>μὲν</strong></span> <span class='ocrx_word' id='word_1_144' title='bbox 910 2750 1016 2823; x_wconf 74' lang='grc' dir='ltr'><strong>γὰρ</strong></span> <span class='ocrx_word' id='word_1_145' title='bbox 1039 2748 1227 2815; x_wconf 71' lang='grc' dir='ltr'><strong><em>ἐόντες</em></strong></span> <span class='ocrx_word' id='word_1_146' title='bbox 1248 2751 1309 2807; x_wconf 71' lang='grc' dir='ltr'><strong>οἱ</strong></span> <span class='ocrx_word' id='word_1_147' title='bbox 1328 2748 1469 2807; x_wconf 80' lang='grc' dir='ltr'><strong><em>Κόλ-</em></strong></span> 
     </span>
     <span class='ocr_line' id='line_1_30' title="bbox 382 2821 1470 2895; baseline -0.001 -17"><span class='ocrx_word' id='word_1_148' title='bbox 382 2843 472 2895; x_wconf 79' lang='grc' dir='ltr'><strong>χοι</strong></span> <span class='ocrx_word' id='word_1_149' title='bbox 503 2821 824 2893; x_wconf 77' lang='grc' dir='ltr'><strong><em>Αἰγύπτιοι]</em></strong></span> <span class='ocrx_word' id='word_1_150' title='bbox 863 2829 958 2890; x_wconf 83' lang='grc'><strong>118,</strong></span> <span class='ocrx_word' id='word_1_151' title='bbox 988 2842 1130 2893; x_wconf 86' lang='lat' dir='ltr'><strong>quae</strong></span> <span class='ocrx_word' id='word_1_152' title='bbox 1161 2842 1226 2877; x_wconf 83' lang='lat' dir='ltr'><strong>ex</strong></span> <span class='ocrx_word' id='word_1_153' title='bbox 1248 2827 1470 2877; x_wconf 89' lang='lat' dir='ltr'><strong>Theone</strong></span> 
     </span>
     <span class='ocr_line' id='line_1_31' title="bbox 384 2865 1470 2964; baseline -0.002 -15"><span class='ocrx_word' id='word_1_154' title='bbox 384 2900 503 2961; x_wconf 93' lang='lat' dir='ltr'>(IV,</span> <span class='ocrx_word' id='word_1_155' title='bbox 523 2898 611 2949; x_wconf 83' lang='lat'><strong>21.</strong></span> <span class='ocrx_word' id='word_1_156' title='bbox 635 2913 690 2964; x_wconf 90' lang='lat' dir='ltr'><strong>p.</strong></span> <span class='ocrx_word' id='word_1_157' title='bbox 719 2899 784 2949; x_wconf 84' lang='lat'><strong>52</strong></span> <span class='ocrx_word' id='word_1_158' title='bbox 806 2865 1062 2962; x_wconf 74' lang='lat' dir='ltr'><strong>Finclth.)</strong></span> <span class='ocrx_word' id='word_1_159' title='bbox 1095 2897 1231 2947; x_wconf 89' lang='lat' dir='ltr'><strong>citat</strong></span> <span class='ocrx_word' id='word_1_160' title='bbox 1256 2897 1470 2947; x_wconf 84' lang='lat' dir='ltr'><strong>Wesse-</strong></span> 
     </span>
     <span class='ocr_line' id='line_1_32' title="bbox 381 2964 1469 3033; baseline -0.003 -16"><span class='ocrx_word' id='word_1_161' title='bbox 381 2967 612 3033; x_wconf 87' lang='lat' dir='ltr'><strong>lingius,</strong></span> <span class='ocrx_word' id='word_1_162' title='bbox 664 2966 964 3032; x_wconf 80' lang='lat' dir='ltr'><strong>Schweigh.</strong></span> <span class='ocrx_word' id='word_1_163' title='bbox 1013 2966 1167 3016; x_wconf 83' lang='lat' dir='ltr'><strong>addit</strong></span> <span class='ocrx_word' id='word_1_164' title='bbox 1212 2964 1469 3030; x_wconf 83' lang='lat' dir='ltr'><strong>Apollon.</strong></span> 
     </span>
     <span class='ocr_line' id='line_1_33' title="bbox 382 3034 1469 3102; baseline -0.005 -14"><span class='ocrx_word' id='word_1_165' title='bbox 382 3037 559 3088; x_wconf 89' lang='lat' dir='ltr'><strong>Rhod.</strong></span> <span class='ocrx_word' id='word_1_166' title='bbox 579 3038 784 3102; x_wconf 85' lang='lat' dir='ltr'><strong>Argon.</strong></span> <span class='ocrx_word' id='word_1_167' title='bbox 814 3036 913 3099; x_wconf 93' lang='lat' dir='ltr'><strong>IV,</strong></span> <span class='ocrx_word' id='word_1_168' title='bbox 946 3037 1049 3085; x_wconf 82' lang='lat'><strong>272</strong></span> <span class='ocrx_word' id='word_1_169' title='bbox 1076 3050 1258 3100; x_wconf 89' lang='lat' dir='ltr'><strong>seqq.,</strong></span> <span class='ocrx_word' id='word_1_170' title='bbox 1292 3035 1385 3085; x_wconf 90' lang='lat' dir='ltr'><strong>ubi</strong></span> <span class='ocrx_word' id='word_1_171' title='bbox 1414 3034 1469 3083; x_wconf 89' lang='lat' dir='ltr'><strong>in</strong></span> 
     </span>
     <span class='ocr_line' id='line_1_34' title="bbox 383 3104 1470 3156; baseline -0.003 0"><span class='ocrx_word' id='word_1_172' title='bbox 383 3105 604 3156; x_wconf 72' lang='lat' dir='ltr'><strong>scholiis</strong></span> <span class='ocrx_word' id='word_1_173' title='bbox 649 3105 907 3155; x_wconf 87' lang='lat' dir='ltr'><strong>laudatur</strong></span> <span class='ocrx_word' id='word_1_174' title='bbox 942 3104 1273 3155; x_wconf 88' lang='lat' dir='ltr'><strong>Herodotus.</strong></span> <span class='ocrx_word' id='word_1_175' title='bbox 1347 3105 1470 3154; x_wconf 91' lang='lat' dir='ltr'><strong>Dis-</strong></span> 
     </span>
     <span class='ocr_line' id='line_1_35' title="bbox 380 3172 1468 3240; baseline -0.003 -16"><span class='ocrx_word' id='word_1_176' title='bbox 380 3174 595 3240; x_wconf 77' lang='lat' dir='ltr'><strong>putavit</strong></span> <span class='ocrx_word' id='word_1_177' title='bbox 641 3173 708 3223; x_wconf 87' lang='lat' dir='ltr'><strong>de</strong></span> <span class='ocrx_word' id='word_1_178' title='bbox 753 3174 857 3224; x_wconf 88' lang='grc'><strong>1180</strong></span> <span class='ocrx_word' id='word_1_179' title='bbox 893 3173 1284 3239; x_wconf 80' lang='lat' dir='ltr'><strong>Aegyptiorum</strong></span> <span class='ocrx_word' id='word_1_180' title='bbox 1322 3172 1468 3223; x_wconf 88' lang='lat' dir='ltr'><strong>colo·</strong></span> 
     </span>
     <span class='ocr_line' id='line_1_36' title="bbox 380 3242 1465 3303; baseline -0.004 -9"><span class='ocrx_word' id='word_1_181' title='bbox 380 3245 474 3294; x_wconf 86' lang='lat' dir='ltr'><strong>nia</strong></span> <span class='ocrx_word' id='word_1_182' title='bbox 510 3244 566 3293; x_wconf 89' lang='lat' dir='ltr'><strong>in</strong></span> <span class='ocrx_word' id='word_1_183' title='bbox 602 3242 861 3293; x_wconf 88' lang='lat' dir='ltr'><strong>Colchide</strong></span> <span class='ocrx_word' id='word_1_184' title='bbox 887 3243 1186 3293; x_wconf 86' lang='lat' dir='ltr'><strong>Heerenius</strong></span> <span class='ocrx_word' id='word_1_185' title='bbox 1221 3242 1385 3292; x_wconf 89' lang='lat' dir='ltr'><strong>Ideen</strong></span> <span class='ocrx_word' id='word_1_186' title='bbox 1420 3243 1465 3303; x_wconf 90' lang='lat'><strong>1,</strong></span> 
     </span>
     <span class='ocr_line' id='line_1_37' title="bbox 385 3312 1468 3377; baseline -0.003 -14"><span class='ocrx_word' id='word_1_187' title='bbox 385 3314 433 3363; x_wconf 90' lang='lat'><strong>1.</strong></span> <span class='ocrx_word' id='word_1_188' title='bbox 484 3327 611 3377; x_wconf 85' lang='lat' dir='ltr'><strong>pag.</strong></span> <span class='ocrx_word' id='word_1_189' title='bbox 647 3312 751 3362; x_wconf 77' lang='grc'><strong>405</strong></span> <span class='ocrx_word' id='word_1_190' title='bbox 794 3316 910 3361; x_wconf 90' lang='grc'><strong>1101.</strong></span> <span class='ocrx_word' id='word_1_191' title='bbox 961 3327 1105 3376; x_wconf 86' lang='lat' dir='ltr'><strong>seq.,</strong></span> <span class='ocrx_word' id='word_1_192' title='bbox 1153 3327 1272 3361; x_wconf 89' lang='lat' dir='ltr'><strong>eam</strong></span> <span class='ocrx_word' id='word_1_193' title='bbox 1316 3326 1468 3376; x_wconf 89' lang='lat' dir='ltr'><strong>repe-</strong></span> 
     </span>
     <span class='ocr_line' id='line_1_38' title="bbox 382 3378 1466 3445; baseline -0.003 -13"><span class='ocrx_word' id='word_1_194' title='bbox 382 3387 503 3432; x_wconf 88' lang='lat' dir='ltr'><strong>tens</strong></span> <span class='ocrx_word' id='word_1_195' title='bbox 539 3396 604 3431; x_wconf 84' lang='lat' dir='ltr'><strong>ex</strong></span> <span class='ocrx_word' id='word_1_196' title='bbox 636 3379 733 3430; x_wconf 90' lang='lat' dir='ltr'><strong>illo</strong></span> <span class='ocrx_word' id='word_1_197' title='bbox 771 3378 1112 3430; x_wconf 87' lang='lat' dir='ltr'><strong>orientalium</strong></span> <span class='ocrx_word' id='word_1_198' title='bbox 1149 3396 1322 3441; x_wconf 88' lang='lat' dir='ltr'><strong>more,</strong></span> <span class='ocrx_word' id='word_1_199' title='bbox 1360 3394 1466 3445; x_wconf 89' lang='lat' dir='ltr'><strong>quo</strong></span> 
     </span>
     <span class='ocr_line' id='line_1_39' title="bbox 382 3447 1467 3516; baseline -0.003 -15"><span class='ocrx_word' id='word_1_200' title='bbox 382 3453 572 3516; x_wconf 80' lang='lat' dir='ltr'><strong>gentes</strong></span> <span class='ocrx_word' id='word_1_201' title='bbox 594 3449 770 3503; x_wconf 77' lang='lat' dir='ltr'><strong>victas</strong></span> <span class='ocrx_word' id='word_1_202' title='bbox 798 3464 961 3514; x_wconf 84' lang='lat' dir='ltr'><strong>saepe</strong></span> <span class='ocrx_word' id='word_1_203' title='bbox 981 3450 1222 3515; x_wconf 83' lang='lat' dir='ltr'><strong>integras</strong></span> <span class='ocrx_word' id='word_1_204' title='bbox 1247 3450 1303 3498; x_wconf 91' lang='lat' dir='ltr'><strong>in</strong></span> <span class='ocrx_word' id='word_1_205' title='bbox 1329 3447 1467 3498; x_wconf 84' lang='lat' dir='ltr'><strong>alias</strong></span> 
     </span>
     <span class='ocr_line' id='line_1_40' title="bbox 381 3517 1469 3602; baseline -0.004 -33"><span class='ocrx_word' id='word_1_206' title='bbox 381 3533 602 3602; x_wconf 68' lang='lat' dir='ltr'><strong>prorsus</strong></span> <span class='ocrx_word' id='word_1_207' title='bbox 639 3518 889 3600; x_wconf 85' lang='lat' dir='ltr'><strong>regiones</strong></span> <span class='ocrx_word' id='word_1_208' title='bbox 924 3519 1281 3569; x_wconf 85' lang='lat' dir='ltr'><strong>transducant</strong></span> <span class='ocrx_word' id='word_1_209' title='bbox 1316 3517 1469 3567; x_wconf 89' lang='lat' dir='ltr'><strong>aliis-</strong></span> 
     </span>
     <span class='ocr_line' id='line_1_41' title="bbox 383 3586 1444 3655; baseline -0.001 -17"><span class='ocrx_word' id='word_1_210' title='bbox 383 3603 487 3655; x_wconf 86' lang='lat' dir='ltr'><strong>que</strong></span> <span class='ocrx_word' id='word_1_211' title='bbox 523 3590 580 3637; x_wconf 90' lang='lat' dir='ltr'><strong>in</strong></span> <span class='ocrx_word' id='word_1_212' title='bbox 628 3588 788 3637; x_wconf 86' lang='lat' dir='ltr'><strong>terris</strong></span> <span class='ocrx_word' id='word_1_213' title='bbox 823 3602 997 3637; x_wconf 84' lang='lat' dir='ltr'><strong>novas</strong></span> <span class='ocrx_word' id='word_1_214' title='bbox 1040 3586 1149 3637; x_wconf 88' lang='lat' dir='ltr'><strong>illis</strong></span> <span class='ocrx_word' id='word_1_215' title='bbox 1193 3587 1444 3637; x_wconf 87' lang='lat' dir='ltr'><strong>sedesas</strong></span> 
     </span>
     <span class='ocr_line' id='line_1_42' title="bbox 384 3647 1469 3724; baseline -0.003 -16"><span class='ocrx_word' id='word_1_216' title='bbox 384 3659 621 3724; x_wconf 87' lang='lat' dir='ltr'><strong>signent.</strong></span> <span class='ocrx_word' id='word_1_217' title='bbox 699 3654 863 3723; x_wconf 86' lang='lat' dir='ltr'><strong>[Hinc</strong></span> <span class='ocrx_word' id='word_1_218' title='bbox 912 3647 1265 3706; x_wconf 76' lang='grc' dir='ltr'><em>ἀνάσπαστοι</em></span> <span class='ocrx_word' id='word_1_219' title='bbox 1325 3655 1469 3720; x_wconf 89' lang='lat' dir='ltr'><strong>apud</strong></span> 
     </span>
     <span class='ocr_line' id='line_1_43' title="bbox 382 3723 1468 3790; baseline -0.004 -12"><span class='ocrx_word' id='word_1_220' title='bbox 382 3727 723 3778; x_wconf 88' lang='lat' dir='ltr'><strong>Herodotum</strong></span> <span class='ocrx_word' id='word_1_221' title='bbox 745 3726 852 3790; x_wconf 87' lang='lat'><strong>111,</strong></span> <span class='ocrx_word' id='word_1_222' title='bbox 870 3724 957 3776; x_wconf 83' lang='grc'><strong>93.</strong></span> <span class='ocrx_word' id='word_1_223' title='bbox 988 3725 1084 3788; x_wconf 90' lang='lat' dir='ltr'><strong>IV,</strong></span> <span class='ocrx_word' id='word_1_224' title='bbox 1114 3726 1237 3777; x_wconf 83' lang='grc'><strong>204.</strong></span> <span class='ocrx_word' id='word_1_225' title='bbox 1262 3726 1328 3788; x_wconf 89' lang='lat' dir='ltr'><strong>V,</strong></span> <span class='ocrx_word' id='word_1_226' title='bbox 1362 3723 1468 3789; x_wconf 84' lang='lat'><strong>12.]</strong></span> 
     </span>
     <span class='ocr_line' id='line_1_44' title="bbox 382 3794 1470 3861; baseline -0.003 -14"><span class='ocrx_word' id='word_1_227' title='bbox 382 3797 504 3847; x_wconf 92' lang='lat' dir='ltr'><strong>Hoc</strong></span> <span class='ocrx_word' id='word_1_228' title='bbox 526 3802 689 3861; x_wconf 88' lang='lat' dir='ltr'><strong>pacto</strong></span> <span class='ocrx_word' id='word_1_229' title='bbox 707 3794 1005 3846; x_wconf 87' lang='lat' dir='ltr'><strong>translatos</strong></span> <span class='ocrx_word' id='word_1_230' title='bbox 1031 3794 1149 3845; x_wconf 79' lang='lat' dir='ltr'><strong>vult</strong></span> <span class='ocrx_word' id='word_1_231' title='bbox 1167 3795 1470 3860; x_wconf 80' lang='lat' dir='ltr'><strong>Aegyptios</strong></span> 
     </span>
     <span class='ocr_line' id='line_1_45' title="bbox 383 3863 1474 3925; baseline -0.003 -9"><span class='ocrx_word' id='word_1_232' title='bbox 383 3864 693 3916; x_wconf 87' lang='lat' dir='ltr'><strong>Colchidem</strong></span> <span class='ocrx_word' id='word_1_233' title='bbox 726 3866 786 3915; x_wconf 88' lang='lat' dir='ltr'><strong>in</strong></span> <span class='ocrx_word' id='word_1_234' title='bbox 819 3869 1047 3925; x_wconf 89' lang='lat' dir='ltr'><strong>terram,</strong></span> <span class='ocrx_word' id='word_1_235' title='bbox 1092 3865 1207 3914; x_wconf 83' lang='lat' dir='ltr'><strong>sive</strong></span> <span class='ocrx_word' id='word_1_236' title='bbox 1234 3879 1268 3914; x_wconf 89' lang='grc'><strong>8</strong></span> <span class='ocrx_word' id='word_1_237' title='bbox 1290 3863 1474 3914; x_wconf 89' lang='lat' dir='ltr'><strong>Nabu-</strong></span> 
     </span>
     <span class='ocr_line' id='line_1_46' title="bbox 383 3932 1471 3997; baseline -0.002 -13"><span class='ocrx_word' id='word_1_238' title='bbox 383 3933 759 3985; x_wconf 88' lang='lat' dir='ltr'><strong>chodonosoro</strong></span> <span class='ocrx_word' id='word_1_239' title='bbox 797 3934 916 3983; x_wconf 77' lang='lat' dir='ltr'><strong>sive</strong></span> <span class='ocrx_word' id='word_1_240' title='bbox 962 3933 1031 3983; x_wconf 83' lang='lat' dir='ltr'><strong>ab</strong></span> <span class='ocrx_word' id='word_1_241' title='bbox 1083 3932 1193 3982; x_wconf 91' lang='lat' dir='ltr'><strong>alio</strong></span> <span class='ocrx_word' id='word_1_242' title='bbox 1236 3933 1471 3997; x_wconf 89' lang='lat' dir='ltr'><strong>quodam</strong></span> 
     </span>
     <span class='ocr_line' id='line_1_47' title="bbox 383 4001 1472 4068; baseline -0.001 -16"><span class='ocrx_word' id='word_1_243' title='bbox 383 4018 512 4068; x_wconf 89' lang='lat' dir='ltr'><strong>rege</strong></span> <span class='ocrx_word' id='word_1_244' title='bbox 531 4040 544 4063; x_wconf 85' lang='lat'>,</span> <span class='ocrx_word' id='word_1_245' title='bbox 584 4003 677 4068; x_wconf 89' lang='lat' dir='ltr'><strong>qui</strong></span> <span class='ocrx_word' id='word_1_246' title='bbox 698 4004 1007 4068; x_wconf 80' lang='lat' dir='ltr'><strong>Aegyptum</strong></span> <span class='ocrx_word' id='word_1_247' title='bbox 1033 4001 1310 4066; x_wconf 88' lang='lat' dir='ltr'><strong>quondam</strong></span> <span class='ocrx_word' id='word_1_248' title='bbox 1344 4001 1472 4051; x_wconf 90' lang='lat' dir='ltr'><strong>sub-</strong></span> 
     </span>
     <span class='ocr_line' id='line_1_48' title="bbox 385 4070 1476 4135; baseline 0 -15"><span class='ocrx_word' id='word_1_249' title='bbox 385 4072 574 4135; x_wconf 84' lang='lat' dir='ltr'><strong>egerit.</strong></span> <span class='ocrx_word' id='word_1_250' title='bbox 649 4071 730 4121; x_wconf 79' lang='lat' dir='ltr'><strong>Ac</strong></span> <span class='ocrx_word' id='word_1_251' title='bbox 781 4071 999 4122; x_wconf 80' lang='lat' dir='ltr'><strong>Iudaeos</strong></span> <span class='ocrx_word' id='word_1_252' title='bbox 1033 4071 1217 4134; x_wconf 86' lang='lat' dir='ltr'><strong>potius</strong></span> <span class='ocrx_word' id='word_1_253' title='bbox 1267 4070 1337 4120; x_wconf 90' lang='lat' dir='ltr'><strong>ab</strong></span> <span class='ocrx_word' id='word_1_254' title='bbox 1377 4071 1476 4120; x_wconf 87' lang='lat' dir='ltr'><strong>As·</strong></span> 
     </span>
     <span class='ocr_line' id='line_1_49' title="bbox 386 4139 1474 4205; baseline -0.001 -16"><span class='ocrx_word' id='word_1_255' title='bbox 386 4140 654 4203; x_wconf 81' lang='lat' dir='ltr'><strong>syriorum</strong></span> <span class='ocrx_word' id='word_1_256' title='bbox 702 4155 828 4205; x_wconf 90' lang='lat' dir='ltr'><strong>rege</strong></span> <span class='ocrx_word' id='word_1_257' title='bbox 878 4154 944 4190; x_wconf 84' lang='lat' dir='ltr'><strong>ex</strong></span> <span class='ocrx_word' id='word_1_258' title='bbox 980 4139 1259 4201; x_wconf 84' lang='lat' dir='ltr'><strong>Samaria,</strong></span> <span class='ocrx_word' id='word_1_259' title='bbox 1313 4154 1474 4204; x_wconf 87' lang='lat' dir='ltr'><strong>quam</strong></span> 
     </span>
     <span class='ocr_line' id='line_1_50' title="bbox 385 4208 1476 4272; baseline -0.002 -13"><span class='ocrx_word' id='word_1_260' title='bbox 385 4208 686 4272; x_wconf 80' lang='lat' dir='ltr'><strong>Aegyptios</strong></span> <span class='ocrx_word' id='word_1_261' title='bbox 747 4223 783 4257; x_wconf 88' lang='lat' dir='ltr'><strong>a</strong></span> <span class='ocrx_word' id='word_1_262' title='bbox 841 4209 1106 4270; x_wconf 83' lang='lat' dir='ltr'><strong>Sesostri,</strong></span> <span class='ocrx_word' id='word_1_263' title='bbox 1177 4208 1304 4258; x_wconf 90' lang='lat' dir='ltr'><strong>olim</strong></span> <span class='ocrx_word' id='word_1_264' title='bbox 1371 4208 1476 4258; x_wconf 88' lang='lat' dir='ltr'><strong>huc</strong></span> 
     </span>
     <span class='ocr_line' id='line_1_51' title="bbox 387 4274 1477 4339; baseline 0.001 -13"><span class='ocrx_word' id='word_1_265' title='bbox 387 4274 687 4326; x_wconf 89' lang='lat' dir='ltr'><strong>translatos</strong></span> <span class='ocrx_word' id='word_1_266' title='bbox 725 4291 876 4339; x_wconf 87' lang='grc'><strong>0880,</strong></span> <span class='ocrx_word' id='word_1_267' title='bbox 903 4276 1020 4326; x_wconf 84' lang='lat' dir='ltr'><strong>iam</strong></span> <span class='ocrx_word' id='word_1_268' title='bbox 1055 4277 1256 4327; x_wconf 89' lang='lat' dir='ltr'><strong>dudum</strong></span> <span class='ocrx_word' id='word_1_269' title='bbox 1293 4278 1477 4327; x_wconf 87' lang='lat' dir='ltr'><strong>Lucae</strong></span> 
     </span>
     <span class='ocr_line' id='line_1_52' title="bbox 387 4342 1478 4411; baseline 0 -16"><span class='ocrx_word' id='word_1_270' title='bbox 387 4342 662 4395; x_wconf 85' lang='lat' dir='ltr'><strong>Holstenii</strong></span> <span class='ocrx_word' id='word_1_271' title='bbox 713 4344 817 4394; x_wconf 79' lang='lat' dir='ltr'><strong>fuit</strong></span> <span class='ocrx_word' id='word_1_272' title='bbox 854 4346 1130 4395; x_wconf 88' lang='lat' dir='ltr'><strong>sententia</strong></span> <span class='ocrx_word' id='word_1_273' title='bbox 1163 4346 1370 4411; x_wconf 85' lang='lat' dir='ltr'><strong>(Epist.</strong></span> <span class='ocrx_word' id='word_1_274' title='bbox 1405 4345 1478 4395; x_wconf 83' lang='lat' dir='ltr'><strong>ad</strong></span> 
     </span>
     <span class='ocr_line' id='line_1_53' title="bbox 389 4413 1480 4480; baseline 0.003 -17"><span class='ocrx_word' id='word_1_275' title='bbox 389 4413 592 4464; x_wconf 79' lang='lat' dir='ltr'><strong>divers.</strong></span> <span class='ocrx_word' id='word_1_276' title='bbox 630 4413 715 4466; x_wconf 87' lang='lat' dir='ltr'><strong>ed.</strong></span> <span class='ocrx_word' id='word_1_277' title='bbox 750 4413 1076 4466; x_wconf 83' lang='lat' dir='ltr'><strong>Boissonad.</strong></span> <span class='ocrx_word' id='word_1_278' title='bbox 1104 4429 1161 4478; x_wconf 84' lang='lat' dir='ltr'><strong>p.</strong></span> <span class='ocrx_word' id='word_1_279' title='bbox 1190 4413 1345 4478; x_wconf 52' lang='lat'><strong>510„</strong></span> <span class='ocrx_word' id='word_1_280' title='bbox 1381 4413 1480 4480; x_wconf 72' lang='lat' dir='ltr'><strong>Sy-</strong></span> 
     </span>
    </p>
   </div>
   <div class='ocr_carea' id='block_1_8' title="bbox 910 755 2789 847">
    <p class='ocr_par' dir='ltr' id='par_1_8' title="bbox 910 755 2789 847">
     <span class='ocr_line' id='line_1_54' title="bbox 910 755 2789 847; baseline 0 -20"><span class='ocrx_word' id='word_1_281' title='bbox 910 766 1277 828; x_wconf 85' lang='grc' dir='ltr'><strong><em>Φαίνονται</em></strong></span> <span class='ocrx_word' id='word_1_282' title='bbox 1309 758 1435 847; x_wconf 78' lang='grc' dir='ltr'><strong>μὲν</strong></span> <span class='ocrx_word' id='word_1_283' title='bbox 1461 756 1591 847; x_wconf 73' lang='grc' dir='ltr'><strong>γὰρ</strong></span> <span class='ocrx_word' id='word_1_284' title='bbox 1619 757 1841 837; x_wconf 81' lang='grc' dir='ltr'><strong><em>ἐόντες</em></strong></span> <span class='ocrx_word' id='word_1_285' title='bbox 1878 764 1948 827; x_wconf 78' lang='grc' dir='ltr'><strong>οἱ</strong></span> <span class='ocrx_word' id='word_1_286' title='bbox 1968 756 2217 845; x_wconf 80' lang='grc' dir='ltr'><strong><em>Κόλχοι</em></strong></span> <span class='ocrx_word' id='word_1_287' title='bbox 2254 755 2649 845; x_wconf 78' lang='grc' dir='ltr'><em>Αἰγύπτιοι·</em></span> <span class='ocrx_word' id='word_1_288' title='bbox 2672 767 2789 827; x_wconf 81' lang='grc'><strong>104</strong></span> 
     </span>
    </p>
   </div>
   <div class='ocr_carea' id='block_1_9' title="bbox 1569 957 2666 3516">
    <p class='ocr_par' dir='ltr' id='par_1_9' title="bbox 1569 957 2666 3516">
     <span class='ocr_line' id='line_1_55' title="bbox 1572 957 2659 1040; baseline -0.001 -32"><span class='ocrx_word' id='word_1_289' title='bbox 1572 974 1661 1008; x_wconf 83' lang='grc'><strong>108</strong></span> <span class='ocrx_word' id='word_1_290' title='bbox 1700 959 1933 1009; x_wconf 78' lang='lat' dir='ltr'><strong>fortasse</strong></span> <span class='ocrx_word' id='word_1_291' title='bbox 1969 957 2353 1040; x_wconf 43' lang='grc'><strong>1111880,,11081</strong></span> <span class='ocrx_word' id='word_1_292' title='bbox 2387 970 2659 1022; x_wconf 81' lang='lat' dir='ltr'><strong>expugna·</strong></span> 
     </span>
     <span class='ocr_line' id='line_1_56' title="bbox 1572 1025 2661 1092; baseline -0.002 -15"><span class='ocrx_word' id='word_1_293' title='bbox 1572 1033 1686 1077; x_wconf 88' lang='lat' dir='ltr'><strong>tum</strong></span> <span class='ocrx_word' id='word_1_294' title='bbox 1723 1028 1983 1078; x_wconf 85' lang='lat' dir='ltr'><strong>Damasci</strong></span> <span class='ocrx_word' id='word_1_295' title='bbox 2028 1027 2311 1092; x_wconf 89' lang='lat' dir='ltr'><strong>imperium</strong></span> <span class='ocrx_word' id='word_1_296' title='bbox 2352 1027 2459 1077; x_wconf 88' lang='grc'><strong>11110</strong></span> <span class='ocrx_word' id='word_1_297' title='bbox 2497 1025 2661 1076; x_wconf 88' lang='lat' dir='ltr'><strong>dedu-</strong></span> 
     </span>
     <span class='ocr_line' id='line_1_57' title="bbox 1572 1096 2657 1162; baseline -0.006 -13"><span class='ocrx_word' id='word_1_298' title='bbox 1572 1103 1718 1159; x_wconf 88' lang='lat' dir='ltr'><strong>ctos,</strong></span> <span class='ocrx_word' id='word_1_299' title='bbox 1788 1097 2102 1162; x_wconf 87' lang='lat' dir='ltr'><strong>suspicatur</strong></span> <span class='ocrx_word' id='word_1_300' title='bbox 2168 1096 2453 1147; x_wconf 75' lang='lat' dir='ltr'><strong>Michaelis</strong></span> <span class='ocrx_word' id='word_1_301' title='bbox 2516 1096 2657 1146; x_wconf 77' lang='lat' dir='ltr'><strong>Mos.</strong></span> 
     </span>
     <span class='ocr_line' id='line_1_58' title="bbox 1571 1160 2656 1231; baseline -0.004 -14"><span class='ocrx_word' id='word_1_302' title='bbox 1571 1167 1763 1218; x_wconf 86' lang='lat' dir='ltr'><strong>Recbt.</strong></span> <span class='ocrx_word' id='word_1_303' title='bbox 1801 1171 1843 1217; x_wconf 89' lang='lat' dir='ltr'><strong>t.</strong></span> <span class='ocrx_word' id='word_1_304' title='bbox 1881 1166 1978 1217; x_wconf 91' lang='lat' dir='ltr'><strong>IV.</strong></span> <span class='ocrx_word' id='word_1_305' title='bbox 2017 1168 2067 1229; x_wconf 63' lang='grc'><strong>9.</strong></span> <span class='ocrx_word' id='word_1_306' title='bbox 2113 1167 2396 1231; x_wconf 75' lang='grc'><strong>185.1)88.</strong></span> <span class='ocrx_word' id='word_1_307' title='bbox 2440 1160 2503 1217; x_wconf 84' lang='lat'><strong>18</strong></span> <span class='ocrx_word' id='word_1_308' title='bbox 2541 1168 2656 1214; x_wconf 84' lang='lat' dir='ltr'><strong>not.</strong></span> 
     </span>
     <span class='ocr_line' id='line_1_59' title="bbox 1571 1234 2655 1287; baseline -0.004 -2"><span class='ocrx_word' id='word_1_309' title='bbox 1571 1237 1823 1287; x_wconf 83' lang='lat' dir='ltr'><strong>Creuzer.</strong></span> <span class='ocrx_word' id='word_1_310' title='bbox 1861 1235 1933 1286; x_wconf 88' lang='lat' dir='ltr'><strong>ad</strong></span> <span class='ocrx_word' id='word_1_311' title='bbox 1967 1235 2025 1287; x_wconf 88' lang='lat' dir='ltr'><strong>h.</strong></span> <span class='ocrx_word' id='word_1_312' title='bbox 2060 1235 2096 1285; x_wconf 93' lang='grc'><strong>1.</strong></span> <span class='ocrx_word' id='word_1_313' title='bbox 2147 1235 2274 1286; x_wconf 89' lang='grc'><strong>011111</strong></span> <span class='ocrx_word' id='word_1_314' title='bbox 2308 1234 2655 1285; x_wconf 84' lang='lat' dir='ltr'><strong>laudaverat:</strong></span> 
     </span>
     <span class='ocr_line' id='line_1_60' title="bbox 1571 1302 2659 1370; baseline -0.004 -14"><span class='ocrx_word' id='word_1_315' title='bbox 1571 1306 1796 1357; x_wconf 84' lang='lat' dir='ltr'><strong>Gesner.</strong></span> <span class='ocrx_word' id='word_1_316' title='bbox 1816 1306 1886 1356; x_wconf 88' lang='lat' dir='ltr'><strong>ad</strong></span> <span class='ocrx_word' id='word_1_317' title='bbox 1907 1304 2076 1370; x_wconf 86' lang='lat' dir='ltr'><strong>Orph.</strong></span> <span class='ocrx_word' id='word_1_318' title='bbox 2097 1304 2301 1370; x_wconf 78' lang='lat' dir='ltr'><strong>Argon.</strong></span> <span class='ocrx_word' id='word_1_319' title='bbox 2312 1304 2433 1367; x_wconf 76' lang='lat'>751,</span> <span class='ocrx_word' id='word_1_320' title='bbox 2462 1302 2659 1354; x_wconf 87' lang='lat' dir='ltr'><strong>Schoe-</strong></span> 
     </span>
     <span class='ocr_line' id='line_1_61' title="bbox 1573 1374 2655 1440; baseline -0.003 -15"><span class='ocrx_word' id='word_1_321' title='bbox 1573 1390 1825 1425; x_wconf 88' lang='lat' dir='ltr'><strong>nemann.</strong></span> <span class='ocrx_word' id='word_1_322' title='bbox 1860 1375 1927 1424; x_wconf 89' lang='lat' dir='ltr'><strong>de</strong></span> <span class='ocrx_word' id='word_1_323' title='bbox 1950 1389 2137 1440; x_wconf 86' lang='lat' dir='ltr'><strong>geogr.</strong></span> <span class='ocrx_word' id='word_1_324' title='bbox 2159 1376 2364 1439; x_wconf 84' lang='lat' dir='ltr'><strong>Argon.</strong></span> <span class='ocrx_word' id='word_1_325' title='bbox 2385 1390 2439 1439; x_wconf 91' lang='lat' dir='ltr'><strong>p.</strong></span> <span class='ocrx_word' id='word_1_326' title='bbox 2462 1374 2546 1424; x_wconf 76' lang='lat'><strong>15.</strong></span> <span class='ocrx_word' id='word_1_327' title='bbox 2574 1374 2655 1433; x_wconf 90' lang='grc'><strong>18,</strong></span> 
     </span>
     <span class='ocr_line' id='line_1_62' title="bbox 1573 1442 2656 1509; baseline -0.004 -14"><span class='ocrx_word' id='word_1_328' title='bbox 1573 1444 1854 1509; x_wconf 87' lang='lat' dir='ltr'><strong>Sprengel.</strong></span> <span class='ocrx_word' id='word_1_329' title='bbox 1901 1442 2137 1509; x_wconf 84' lang='lat' dir='ltr'><strong>Apolog.</strong></span> <span class='ocrx_word' id='word_1_330' title='bbox 2194 1444 2247 1494; x_wconf 88' lang='lat' dir='ltr'><strong>d.</strong></span> <span class='ocrx_word' id='word_1_331' title='bbox 2297 1443 2564 1508; x_wconf 81' lang='lat' dir='ltr'><strong>Hippokr.</strong></span> <span class='ocrx_word' id='word_1_332' title='bbox 2602 1458 2656 1507; x_wconf 91' lang='lat' dir='ltr'><strong>p.</strong></span> 
     </span>
     <span class='ocr_line' id='line_1_63' title="bbox 1575 1512 2662 1577; baseline -0.005 -12"><span class='ocrx_word' id='word_1_333' title='bbox 1575 1515 1705 1575; x_wconf 81' lang='lat'>588,</span> <span class='ocrx_word' id='word_1_334' title='bbox 1762 1513 1926 1563; x_wconf 89' lang='lat' dir='ltr'><strong>Corn.</strong></span> <span class='ocrx_word' id='word_1_335' title='bbox 1980 1512 2101 1563; x_wconf 85' lang='lat' dir='ltr'><strong>Val.</strong></span> <span class='ocrx_word' id='word_1_336' title='bbox 2158 1513 2371 1563; x_wconf 87' lang='lat' dir='ltr'><strong>Vonck.</strong></span> <span class='ocrx_word' id='word_1_337' title='bbox 2426 1512 2662 1577; x_wconf 89' lang='lat' dir='ltr'><strong>Specim.</strong></span> 
     </span>
     <span class='ocr_line' id='line_1_64' title="bbox 1574 1581 2663 1649; baseline -0.002 -17"><span class='ocrx_word' id='word_1_338' title='bbox 1574 1583 1696 1633; x_wconf 89' lang='lat' dir='ltr'><strong>crit.</strong></span> <span class='ocrx_word' id='word_1_339' title='bbox 1735 1597 1861 1649; x_wconf 86' lang='lat' dir='ltr'><strong>pag.</strong></span> <span class='ocrx_word' id='word_1_340' title='bbox 1903 1582 1967 1632; x_wconf 83' lang='grc'><strong>01</strong></span> <span class='ocrx_word' id='word_1_341' title='bbox 2010 1597 2125 1647; x_wconf 87' lang='lat' dir='ltr'><strong>seq.</strong></span> <span class='ocrx_word' id='word_1_342' title='bbox 2156 1611 2226 1622; x_wconf 91' lang='lat'>—</span> <span class='ocrx_word' id='word_1_343' title='bbox 2261 1583 2464 1633; x_wconf 84' lang='lat' dir='ltr'><strong>Postea</strong></span> <span class='ocrx_word' id='word_1_344' title='bbox 2499 1581 2663 1631; x_wconf 84' lang='lat' dir='ltr'><strong>exsti-</strong></span> 
     </span>
     <span class='ocr_line' id='line_1_65' title="bbox 1573 1650 2664 1716; baseline -0.002 -14"><span class='ocrx_word' id='word_1_345' title='bbox 1573 1653 1643 1702; x_wconf 93' lang='lat' dir='ltr'><strong>tit</strong></span> <span class='ocrx_word' id='word_1_346' title='bbox 1680 1652 1907 1714; x_wconf 61' lang='lat' dir='ltr'><strong>Ritter„</strong></span> <span class='ocrx_word' id='word_1_347' title='bbox 1945 1652 2040 1716; x_wconf 89' lang='lat' dir='ltr'><strong>qui</strong></span> <span class='ocrx_word' id='word_1_348' title='bbox 2062 1651 2296 1702; x_wconf 87' lang='lat' dir='ltr'><strong>Colchos</strong></span> <span class='ocrx_word' id='word_1_349' title='bbox 2333 1652 2552 1702; x_wconf 88' lang='lat' dir='ltr'><strong>minime</strong></span> <span class='ocrx_word' id='word_1_350' title='bbox 2585 1650 2664 1700; x_wconf 90' lang='lat' dir='ltr'><strong>in-</strong></span> 
     </span>
     <span class='ocr_line' id='line_1_66' title="bbox 1573 1720 2666 1787; baseline -0.001 -16"><span class='ocrx_word' id='word_1_351' title='bbox 1573 1721 1826 1787; x_wconf 86' lang='lat' dir='ltr'><strong>digenam</strong></span> <span class='ocrx_word' id='word_1_352' title='bbox 1875 1720 2043 1772; x_wconf 86' lang='lat' dir='ltr'><strong>habet</strong></span> <span class='ocrx_word' id='word_1_353' title='bbox 2082 1726 2331 1787; x_wconf 87' lang='lat' dir='ltr'><strong>gentem,</strong></span> <span class='ocrx_word' id='word_1_354' title='bbox 2381 1721 2478 1771; x_wconf 86' lang='lat' dir='ltr'><strong>sed</strong></span> <span class='ocrx_word' id='word_1_355' title='bbox 2521 1720 2666 1771; x_wconf 87' lang='lat' dir='ltr'><strong>colo-</strong></span> 
     </span>
     <span class='ocr_line' id='line_1_67' title="bbox 1574 1790 2662 1841; baseline -0.003 0"><span class='ocrx_word' id='word_1_356' title='bbox 1574 1792 1720 1841; x_wconf 87' lang='lat' dir='ltr'><strong>niam</strong></span> <span class='ocrx_word' id='word_1_357' title='bbox 1741 1795 2081 1841; x_wconf 84' lang='lat' dir='ltr'><strong>mercaturae</strong></span> <span class='ocrx_word' id='word_1_358' title='bbox 2099 1791 2154 1839; x_wconf 90' lang='lat' dir='ltr'><strong>in</strong></span> <span class='ocrx_word' id='word_1_359' title='bbox 2174 1805 2331 1840; x_wconf 89' lang='lat' dir='ltr'><strong>usum</strong></span> <span class='ocrx_word' id='word_1_360' title='bbox 2352 1790 2662 1841; x_wconf 87' lang='lat' dir='ltr'><strong>institutam</strong></span> 
     </span>
     <span class='ocr_line' id='line_1_68' title="bbox 1573 1858 2665 1925; baseline -0.002 -16"><span class='ocrx_word' id='word_1_361' title='bbox 1573 1859 1813 1925; x_wconf 90' lang='lat' dir='ltr'><strong>illudque</strong></span> <span class='ocrx_word' id='word_1_362' title='bbox 1848 1859 1950 1909; x_wconf 90' lang='lat' dir='ltr'><strong>hoc</strong></span> <span class='ocrx_word' id='word_1_363' title='bbox 1986 1858 2253 1910; x_wconf 88' lang='lat' dir='ltr'><strong>Herodoti</strong></span> <span class='ocrx_word' id='word_1_364' title='bbox 2288 1860 2407 1910; x_wconf 90' lang='lat' dir='ltr'><strong>loco</strong></span> <span class='ocrx_word' id='word_1_365' title='bbox 2444 1859 2665 1925; x_wconf 84' lang='lat' dir='ltr'><strong>probari</strong></span> 
     </span>
     <span class='ocr_line' id='line_1_69' title="bbox 1573 1927 2663 1994; baseline -0.002 -15"><span class='ocrx_word' id='word_1_366' title='bbox 1573 1929 1720 1989; x_wconf 76' lang='lat' dir='ltr'><strong>vult3</strong></span> <span class='ocrx_word' id='word_1_367' title='bbox 1746 1928 1857 1978; x_wconf 83' lang='lat' dir='ltr'><strong>vid.</strong></span> <span class='ocrx_word' id='word_1_368' title='bbox 1874 1927 2172 1980; x_wconf 85' lang='lat' dir='ltr'><strong>Erdkunde</strong></span> <span class='ocrx_word' id='word_1_369' title='bbox 2203 1929 2280 1981; x_wconf 90' lang='lat'><strong>11.</strong></span> <span class='ocrx_word' id='word_1_370' title='bbox 2300 1946 2353 1994; x_wconf 92' lang='lat' dir='ltr'><strong>p.</strong></span> <span class='ocrx_word' id='word_1_371' title='bbox 2375 1929 2496 1980; x_wconf 83' lang='lat'><strong>921.</strong></span> <span class='ocrx_word' id='word_1_372' title='bbox 2539 1928 2663 1978; x_wconf 85' lang='lat' dir='ltr'><strong>Alio</strong></span> 
     </span>
     <span class='ocr_line' id='line_1_70' title="bbox 1575 1997 2665 2063; baseline -0.002 -15"><span class='ocrx_word' id='word_1_373' title='bbox 1575 2005 1753 2049; x_wconf 88' lang='lat' dir='ltr'><strong>autem</strong></span> <span class='ocrx_word' id='word_1_374' title='bbox 1778 1997 1900 2048; x_wconf 90' lang='lat' dir='ltr'><strong>loco</strong></span> <span class='ocrx_word' id='word_1_375' title='bbox 1924 1997 2203 2062; x_wconf 89' lang='lat' dir='ltr'><strong>(Vorhalle</strong></span> <span class='ocrx_word' id='word_1_376' title='bbox 2226 2013 2411 2063; x_wconf 88' lang='lat' dir='ltr'><strong>europ.</strong></span> <span class='ocrx_word' id='word_1_377' title='bbox 2436 1997 2665 2048; x_wconf 76' lang='lat' dir='ltr'><strong>Viilker·</strong></span> 
     </span>
     <span class='ocr_line' id='line_1_71' title="bbox 1576 2066 2663 2133; baseline -0.002 -16"><span class='ocrx_word' id='word_1_378' title='bbox 1576 2067 1777 2119; x_wconf 80' lang='lat' dir='ltr'><strong>sebast.</strong></span> <span class='ocrx_word' id='word_1_379' title='bbox 1816 2083 1870 2132; x_wconf 91' lang='lat' dir='ltr'><strong>p.</strong></span> <span class='ocrx_word' id='word_1_380' title='bbox 1907 2066 2138 2133; x_wconf 80' lang='lat'>36—48)</span> <span class='ocrx_word' id='word_1_381' title='bbox 2176 2067 2316 2118; x_wconf 84' lang='lat' dir='ltr'><strong>idem</strong></span> <span class='ocrx_word' id='word_1_382' title='bbox 2351 2068 2435 2117; x_wconf 81' lang='lat' dir='ltr'><strong>vir</strong></span> <span class='ocrx_word' id='word_1_383' title='bbox 2469 2067 2663 2117; x_wconf 87' lang='lat' dir='ltr'><strong>doctus</strong></span> 
     </span>
     <span class='ocr_line' id='line_1_72' title="bbox 1575 2136 2662 2202; baseline -0.003 -15"><span class='ocrx_word' id='word_1_384' title='bbox 1575 2137 1853 2202; x_wconf 91' lang='lat' dir='ltr'><strong>copiosam</strong></span> <span class='ocrx_word' id='word_1_385' title='bbox 1916 2136 2341 2201; x_wconf 84' lang='lat' dir='ltr'><strong>disputationem</strong></span> <span class='ocrx_word' id='word_1_386' title='bbox 2402 2136 2662 2199; x_wconf 85' lang='lat' dir='ltr'><strong>instituit,</strong></span> 
     </span>
     <span class='ocr_line' id='line_1_73' title="bbox 1576 2205 2663 2271; baseline -0.002 -14"><span class='ocrx_word' id='word_1_387' title='bbox 1576 2221 1685 2271; x_wconf 88' lang='lat' dir='ltr'><strong>qua</strong></span> <span class='ocrx_word' id='word_1_388' title='bbox 1738 2207 1961 2269; x_wconf 85' lang='lat' dir='ltr'><strong>doceat,</strong></span> <span class='ocrx_word' id='word_1_389' title='bbox 2019 2206 2285 2256; x_wconf 87' lang='lat' dir='ltr'><strong>Herodoti</strong></span> <span class='ocrx_word' id='word_1_390' title='bbox 2334 2205 2663 2257; x_wconf 86' lang='lat' dir='ltr'><strong>sententiam</strong></span> 
     </span>
     <span class='ocr_line' id='line_1_74' title="bbox 1576 2275 2665 2341; baseline -0.001 -16"><span class='ocrx_word' id='word_1_391' title='bbox 1576 2276 1644 2326; x_wconf 87' lang='grc'><strong>(10</strong></span> <span class='ocrx_word' id='word_1_392' title='bbox 1667 2275 1941 2341; x_wconf 79' lang='lat' dir='ltr'><strong>Aegyptia</strong></span> <span class='ocrx_word' id='word_1_393' title='bbox 1962 2275 2282 2326; x_wconf 84' lang='lat' dir='ltr'><strong>Colchorum</strong></span> <span class='ocrx_word' id='word_1_394' title='bbox 2317 2276 2525 2340; x_wconf 84' lang='lat' dir='ltr'><strong>origine</strong></span> <span class='ocrx_word' id='word_1_395' title='bbox 2552 2275 2665 2325; x_wconf 87' lang='lat' dir='ltr'><strong>ido-</strong></span> 
     </span>
     <span class='ocr_line' id='line_1_75' title="bbox 1574 2345 2659 2409; baseline -0.001 -14"><span class='ocrx_word' id='word_1_396' title='bbox 1574 2345 1693 2396; x_wconf 86' lang='lat' dir='ltr'><strong>neis</strong></span> <span class='ocrx_word' id='word_1_397' title='bbox 1744 2345 2080 2409; x_wconf 86' lang='lat' dir='ltr'><strong>argumentis</strong></span> <span class='ocrx_word' id='word_1_398' title='bbox 2144 2360 2261 2395; x_wconf 89' lang='lat' dir='ltr'><strong>esse</strong></span> <span class='ocrx_word' id='word_1_399' title='bbox 2323 2345 2659 2407; x_wconf 88' lang='lat' dir='ltr'><strong>destitutam,</strong></span> 
     </span>
     <span class='ocr_line' id='line_1_76' title="bbox 1576 2413 2661 2480; baseline -0.002 -16"><span class='ocrx_word' id='word_1_400' title='bbox 1576 2415 1859 2480; x_wconf 89' lang='lat' dir='ltr'><strong>magisque</strong></span> <span class='ocrx_word' id='word_1_401' title='bbox 1896 2415 2185 2465; x_wconf 81' lang='lat' dir='ltr'><strong>convenire</strong></span> <span class='ocrx_word' id='word_1_402' title='bbox 2230 2430 2295 2464; x_wconf 78' lang='lat' dir='ltr'><strong>ex</strong></span> <span class='ocrx_word' id='word_1_403' title='bbox 2345 2414 2503 2465; x_wconf 89' lang='lat' dir='ltr'><strong>India</strong></span> <span class='ocrx_word' id='word_1_404' title='bbox 2540 2413 2661 2465; x_wconf 88' lang='lat' dir='ltr'><strong>Col—</strong></span> 
     </span>
     <span class='ocr_line' id='line_1_77' title="bbox 1574 2484 2661 2549; baseline -0.001 -15"><span class='ocrx_word' id='word_1_405' title='bbox 1574 2484 1796 2534; x_wconf 88' lang='lat' dir='ltr'><strong>chorum</strong></span> <span class='ocrx_word' id='word_1_406' title='bbox 1854 2487 2097 2549; x_wconf 89' lang='lat' dir='ltr'><strong>repetere</strong></span> <span class='ocrx_word' id='word_1_407' title='bbox 2150 2485 2408 2549; x_wconf 87' lang='lat' dir='ltr'><strong>origines.</strong></span> <span class='ocrx_word' id='word_1_408' title='bbox 2508 2484 2661 2545; x_wconf 82' lang='lat' dir='ltr'><strong>Quae</strong></span> 
     </span>
     <span class='ocr_line' id='line_1_78' title="bbox 1576 2552 2661 2617; baseline -0.001 -15"><span class='ocrx_word' id='word_1_409' title='bbox 1576 2552 1761 2617; x_wconf 90' lang='lat' dir='ltr'><strong>qualia</strong></span> <span class='ocrx_word' id='word_1_410' title='bbox 1789 2553 1926 2614; x_wconf 87' lang='grc'><strong>81111,</strong></span> <span class='ocrx_word' id='word_1_411' title='bbox 1965 2552 2085 2602; x_wconf 88' lang='grc'><strong>81118</strong></span> <span class='ocrx_word' id='word_1_412' title='bbox 2121 2552 2471 2603; x_wconf 87' lang='lat' dir='ltr'><strong>diiudicanda</strong></span> <span class='ocrx_word' id='word_1_413' title='bbox 2505 2552 2661 2602; x_wconf 85' lang='lat' dir='ltr'><strong>relin-</strong></span> 
     </span>
     <span class='ocr_line' id='line_1_79' title="bbox 1575 2621 2660 2687; baseline 0.001 -16"><span class='ocrx_word' id='word_1_414' title='bbox 1575 2637 1701 2687; x_wconf 90' lang='lat' dir='ltr'><strong>quo.</strong></span> <span class='ocrx_word' id='word_1_415' title='bbox 1772 2621 1854 2670; x_wconf 82' lang='lat' dir='ltr'><strong>Ad</strong></span> <span class='ocrx_word' id='word_1_416' title='bbox 1890 2622 2227 2671; x_wconf 86' lang='lat' dir='ltr'><strong>Herodotum</strong></span> <span class='ocrx_word' id='word_1_417' title='bbox 2262 2621 2407 2687; x_wconf 91' lang='lat' dir='ltr'><strong>quod</strong></span> <span class='ocrx_word' id='word_1_418' title='bbox 2444 2623 2660 2684; x_wconf 89' lang='lat' dir='ltr'><strong>attinet,</strong></span> 
     </span>
     <span class='ocr_line' id='line_1_80' title="bbox 1572 2689 2655 2755; baseline 0.002 -16"><span class='ocrx_word' id='word_1_419' title='bbox 1572 2692 1690 2755; x_wconf 89' lang='lat' dir='ltr'><strong>ipse</strong></span> <span class='ocrx_word' id='word_1_420' title='bbox 1727 2690 1811 2738; x_wconf 77' lang='lat' dir='ltr'><strong>vir</strong></span> <span class='ocrx_word' id='word_1_421' title='bbox 1849 2689 2041 2740; x_wconf 88' lang='lat' dir='ltr'><strong>doctus</strong></span> <span class='ocrx_word' id='word_1_422' title='bbox 2078 2689 2115 2740; x_wconf 94' lang='grc'><strong>1.</strong></span> <span class='ocrx_word' id='word_1_423' title='bbox 2154 2689 2194 2741; x_wconf 92' lang='grc'><strong>1.</strong></span> <span class='ocrx_word' id='word_1_424' title='bbox 2231 2705 2358 2755; x_wconf 92' lang='lat' dir='ltr'><strong>pag.</strong></span> <span class='ocrx_word' id='word_1_425' title='bbox 2398 2690 2466 2742; x_wconf 83' lang='lat'><strong>36</strong></span> <span class='ocrx_word' id='word_1_426' title='bbox 2503 2705 2655 2755; x_wconf 87' lang='lat' dir='ltr'><strong>seqq.</strong></span> 
     </span>
     <span class='ocr_line' id='line_1_81' title="bbox 1574 2759 2660 2824; baseline -0.002 -14"><span class='ocrx_word' id='word_1_427' title='bbox 1574 2759 1802 2810; x_wconf 85' lang='lat' dir='ltr'><strong>aliorum</strong></span> <span class='ocrx_word' id='word_1_428' title='bbox 1827 2764 2070 2809; x_wconf 82' lang='lat' dir='ltr'><strong>veterum</strong></span> <span class='ocrx_word' id='word_1_429' title='bbox 2098 2760 2423 2824; x_wconf 88' lang='lat' dir='ltr'><strong>scriptorum</strong></span> <span class='ocrx_word' id='word_1_430' title='bbox 2447 2760 2515 2809; x_wconf 87' lang='lat' dir='ltr'><strong>de</strong></span> <span class='ocrx_word' id='word_1_431' title='bbox 2538 2759 2660 2809; x_wconf 88' lang='grc'><strong>001-</strong></span> 
     </span>
     <span class='ocr_line' id='line_1_82' title="bbox 1574 2828 2657 2894; baseline -0.002 -15"><span class='ocrx_word' id='word_1_432' title='bbox 1574 2829 1689 2879; x_wconf 87' lang='grc'><strong>01118</strong></span> <span class='ocrx_word' id='word_1_433' title='bbox 1727 2828 2039 2878; x_wconf 87' lang='lat' dir='ltr'><strong>testimonia</strong></span> <span class='ocrx_word' id='word_1_434' title='bbox 2076 2828 2323 2894; x_wconf 82' lang='lat' dir='ltr'><strong>collegit3</strong></span> <span class='ocrx_word' id='word_1_435' title='bbox 2360 2844 2500 2894; x_wconf 86' lang='lat' dir='ltr'><strong>quae</strong></span> <span class='ocrx_word' id='word_1_436' title='bbox 2537 2843 2657 2879; x_wconf 90' lang='lat' dir='ltr'><strong>cum</strong></span> 
     </span>
     <span class='ocr_line' id='line_1_83' title="bbox 1574 2897 2660 2962; baseline -0.002 -13"><span class='ocrx_word' id='word_1_437' title='bbox 1574 2899 1644 2949; x_wconf 88' lang='lat' dir='ltr'><strong>ab</strong></span> <span class='ocrx_word' id='word_1_438' title='bbox 1680 2897 1960 2948; x_wconf 90' lang='lat' dir='ltr'><strong>Herodoto</strong></span> <span class='ocrx_word' id='word_1_439' title='bbox 1997 2913 2105 2948; x_wconf 89' lang='grc'><strong>11011</strong></span> <span class='ocrx_word' id='word_1_440' title='bbox 2144 2897 2496 2962; x_wconf 86' lang='lat' dir='ltr'><strong>dissentiant,</strong></span> <span class='ocrx_word' id='word_1_441' title='bbox 2535 2914 2660 2949; x_wconf 86' lang='lat' dir='ltr'><strong>con-</strong></span> 
     </span>
     <span class='ocr_line' id='line_1_84' title="bbox 1574 2967 2659 3034; baseline 0.001 -17"><span class='ocrx_word' id='word_1_442' title='bbox 1574 2972 1809 3017; x_wconf 84' lang='lat' dir='ltr'><strong>stantem</strong></span> <span class='ocrx_word' id='word_1_443' title='bbox 1880 2971 2029 3017; x_wconf 85' lang='lat' dir='ltr'><strong>certe</strong></span> <span class='ocrx_word' id='word_1_444' title='bbox 2102 2967 2449 3034; x_wconf 87' lang='lat' dir='ltr'><strong>antiquitatis</strong></span> <span class='ocrx_word' id='word_1_445' title='bbox 2519 2969 2659 3018; x_wconf 86' lang='lat' dir='ltr'><strong>banc</strong></span> 
     </span>
     <span class='ocr_line' id='line_1_85' title="bbox 1575 3037 2660 3101; baseline 0 -14"><span class='ocrx_word' id='word_1_446' title='bbox 1575 3038 1745 3087; x_wconf 83' lang='lat' dir='ltr'><strong>fuisse</strong></span> <span class='ocrx_word' id='word_1_447' title='bbox 1780 3037 1982 3086; x_wconf 83' lang='lat' dir='ltr'><strong>famam</strong></span> <span class='ocrx_word' id='word_1_448' title='bbox 2022 3038 2383 3101; x_wconf 88' lang='lat' dir='ltr'><strong>persuadent,</strong></span> <span class='ocrx_word' id='word_1_449' title='bbox 2434 3043 2496 3087; x_wconf 94' lang='lat' dir='ltr'><strong>ut</strong></span> <span class='ocrx_word' id='word_1_450' title='bbox 2538 3037 2660 3088; x_wconf 86' lang='lat' dir='ltr'><strong>Col·</strong></span> 
     </span>
     <span class='ocr_line' id='line_1_86' title="bbox 1575 3106 2662 3172; baseline 0 -16"><span class='ocrx_word' id='word_1_451' title='bbox 1575 3106 1662 3156; x_wconf 88' lang='lat' dir='ltr'><strong>chi</strong></span> <span class='ocrx_word' id='word_1_452' title='bbox 1694 3121 1792 3171; x_wconf 89' lang='lat' dir='ltr'><strong>pro</strong></span> <span class='ocrx_word' id='word_1_453' title='bbox 1816 3107 2206 3171; x_wconf 83' lang='lat' dir='ltr'><strong>Aegyptiorum</strong></span> <span class='ocrx_word' id='word_1_454' title='bbox 2233 3107 2402 3172; x_wconf 87' lang='lat' dir='ltr'><strong>stirpe</strong></span> <span class='ocrx_word' id='word_1_455' title='bbox 2424 3107 2662 3158; x_wconf 85' lang='lat' dir='ltr'><strong>habean-</strong></span> 
     </span>
     <span class='ocr_line' id='line_1_87' title="bbox 1570 3174 2661 3241; baseline 0 -16"><span class='ocrx_word' id='word_1_456' title='bbox 1570 3182 1660 3225; x_wconf 88' lang='lat' dir='ltr'><strong>tur</strong></span> <span class='ocrx_word' id='word_1_457' title='bbox 1696 3191 1730 3225; x_wconf 92' lang='lat' dir='ltr'><strong>a</strong></span> <span class='ocrx_word' id='word_1_458' title='bbox 1753 3174 1993 3226; x_wconf 83' lang='lat' dir='ltr'><strong>Sesostri</strong></span> <span class='ocrx_word' id='word_1_459' title='bbox 2030 3175 2206 3226; x_wconf 77' lang='lat' dir='ltr'><strong>aliove</strong></span> <span class='ocrx_word' id='word_1_460' title='bbox 2241 3191 2367 3241; x_wconf 88' lang='lat' dir='ltr'><strong>rege</strong></span> <span class='ocrx_word' id='word_1_461' title='bbox 2403 3177 2532 3227; x_wconf 84' lang='lat' dir='ltr'><strong>illuc</strong></span> <span class='ocrx_word' id='word_1_462' title='bbox 2569 3176 2661 3226; x_wconf 88' lang='lat' dir='ltr'><strong>de-</strong></span> 
     </span>
     <span class='ocr_line' id='line_1_88' title="bbox 1571 3244 2662 3310; baseline 0.002 -16"><span class='ocrx_word' id='word_1_463' title='bbox 1571 3244 1739 3295; x_wconf 89' lang='lat' dir='ltr'><strong>ducti.</strong></span> <span class='ocrx_word' id='word_1_464' title='bbox 1813 3246 1968 3307; x_wconf 83' lang='lat' dir='ltr'><strong>Quae</strong></span> <span class='ocrx_word' id='word_1_465' title='bbox 2001 3245 2122 3310; x_wconf 86' lang='lat' dir='ltr'><strong>ipsa</strong></span> <span class='ocrx_word' id='word_1_466' title='bbox 2148 3244 2329 3310; x_wconf 89' lang='lat' dir='ltr'><strong>plures</strong></span> <span class='ocrx_word' id='word_1_467' title='bbox 2360 3252 2551 3296; x_wconf 86' lang='lat' dir='ltr'><strong>nostra</strong></span> <span class='ocrx_word' id='word_1_468' title='bbox 2574 3260 2662 3296; x_wconf 88' lang='lat' dir='ltr'><strong>ae·</strong></span> 
     </span>
     <span class='ocr_line' id='line_1_89' title="bbox 1569 3313 2660 3378; baseline -0.002 -15"><span class='ocrx_word' id='word_1_469' title='bbox 1569 3319 1686 3364; x_wconf 87' lang='lat' dir='ltr'><strong>tate</strong></span> <span class='ocrx_word' id='word_1_470' title='bbox 1722 3320 2130 3378; x_wconf 82' lang='lat' dir='ltr'><strong>permoverunt,</strong></span> <span class='ocrx_word' id='word_1_471' title='bbox 2168 3321 2229 3363; x_wconf 87' lang='lat' dir='ltr'><strong>ut</strong></span> <span class='ocrx_word' id='word_1_472' title='bbox 2264 3313 2321 3364; x_wconf 91' lang='grc'><strong>111</strong></span> <span class='ocrx_word' id='word_1_473' title='bbox 2347 3314 2660 3364; x_wconf 84' lang='grc' dir='ltr'><strong>0010111ᾶο111</strong></span> 
     </span>
     <span class='ocr_line' id='line_1_90' title="bbox 1569 3381 2660 3448; baseline -0.001 -16"><span class='ocrx_word' id='word_1_474' title='bbox 1569 3384 1761 3447; x_wconf 89' lang='lat' dir='ltr'><strong>utique</strong></span> <span class='ocrx_word' id='word_1_475' title='bbox 1787 3383 2084 3448; x_wconf 77' lang='lat' dir='ltr'><strong>Aegyptios</strong></span> <span class='ocrx_word' id='word_1_476' title='bbox 2108 3381 2369 3448; x_wconf 86' lang='lat' dir='ltr'><strong>quosdam</strong></span> <span class='ocrx_word' id='word_1_477' title='bbox 2396 3398 2430 3432; x_wconf 93' lang='lat' dir='ltr'><strong>a</strong></span> <span class='ocrx_word' id='word_1_478' title='bbox 2452 3383 2660 3431; x_wconf 77' lang='lat' dir='ltr'><strong>victore</strong></span> 
     </span>
     <span class='ocr_line' id='line_1_91' title="bbox 1570 3449 2657 3516; baseline -0.002 -15"><span class='ocrx_word' id='word_1_479' title='bbox 1570 3451 1859 3516; x_wconf 87' lang='lat' dir='ltr'><strong>peregrino</strong></span> <span class='ocrx_word' id='word_1_480' title='bbox 1881 3467 1978 3516; x_wconf 89' lang='lat' dir='ltr'><strong>pro</strong></span> <span class='ocrx_word' id='word_1_481' title='bbox 1999 3451 2092 3500; x_wconf 84' lang='lat' dir='ltr'><strong>ino</strong></span> <span class='ocrx_word' id='word_1_482' title='bbox 2123 3449 2467 3501; x_wconf 88' lang='lat' dir='ltr'><strong>orientalium</strong></span> <span class='ocrx_word' id='word_1_483' title='bbox 2492 3465 2657 3512; x_wconf 88' lang='lat' dir='ltr'><strong>more,</strong></span> 
     </span>
    </p>
   </div>
   <div class='ocr_carea' id='block_1_10' title="bbox 1529 3519 2660 3585">
    <p class='ocr_par' dir='ltr' id='par_1_10' title="bbox 1529 3519 2660 3585">
     <span class='ocr_line' id='line_1_92' title="bbox 1529 3519 2660 3585; baseline 0 -16"><span class='ocrx_word' id='word_1_484' title='bbox 1529 3550 1534 3557; x_wconf 91' lang='lat'>·</span> <span class='ocrx_word' id='word_1_485' title='bbox 1571 3535 1729 3585; x_wconf 89' lang='lat' dir='ltr'><strong>quem</strong></span> <span class='ocrx_word' id='word_1_486' title='bbox 1787 3534 1953 3584; x_wconf 84' lang='lat' dir='ltr'><strong>supra</strong></span> <span class='ocrx_word' id='word_1_487' title='bbox 1998 3519 2323 3584; x_wconf 65' lang='lat' dir='ltr'><strong>attigimus,</strong></span> <span class='ocrx_word' id='word_1_488' title='bbox 2393 3534 2660 3584; x_wconf 87' lang='lat' dir='ltr'><strong>quemque</strong></span> 
     </span>
    </p>
   </div>
   <div class='ocr_carea' id='block_1_11' title="bbox 1572 3587 2668 4481">
    <p class='ocr_par' dir='ltr' id='par_1_11' title="bbox 1572 3587 2668 4481">
     <span class='ocr_line' id='line_1_93' title="bbox 1572 3587 2659 3654; baseline -0.001 -16"><span class='ocrx_word' id='word_1_489' title='bbox 1572 3591 1689 3654; x_wconf 89' lang='lat' dir='ltr'><strong>ipse</strong></span> <span class='ocrx_word' id='word_1_490' title='bbox 1725 3589 1919 3639; x_wconf 84' lang='lat' dir='ltr'><strong>Ritter.</strong></span> <span class='ocrx_word' id='word_1_491' title='bbox 1959 3587 1996 3637; x_wconf 94' lang='grc'><strong>1.</strong></span> <span class='ocrx_word' id='word_1_492' title='bbox 2034 3588 2071 3639; x_wconf 93' lang='grc'><strong>1.</strong></span> <span class='ocrx_word' id='word_1_493' title='bbox 2123 3603 2251 3652; x_wconf 83' lang='lat' dir='ltr'><strong>pag.</strong></span> <span class='ocrx_word' id='word_1_494' title='bbox 2281 3587 2349 3638; x_wconf 79' lang='lat'><strong>38</strong></span> <span class='ocrx_word' id='word_1_495' title='bbox 2380 3603 2494 3653; x_wconf 89' lang='lat' dir='ltr'><strong>seq.</strong></span> <span class='ocrx_word' id='word_1_496' title='bbox 2542 3587 2659 3653; x_wconf 90' lang='lat' dir='ltr'><strong>plu-</strong></span> 
     </span>
     <span class='ocr_line' id='line_1_94' title="bbox 1573 3656 2661 3722; baseline -0.001 -15"><span class='ocrx_word' id='word_1_497' title='bbox 1573 3658 1724 3707; x_wconf 89' lang='lat' dir='ltr'><strong>rimis</strong></span> <span class='ocrx_word' id='word_1_498' title='bbox 1771 3657 2090 3722; x_wconf 87' lang='lat' dir='ltr'><strong>comprobat</strong></span> <span class='ocrx_word' id='word_1_499' title='bbox 2138 3656 2426 3721; x_wconf 82' lang='lat' dir='ltr'><strong>exemplis,</strong></span> <span class='ocrx_word' id='word_1_500' title='bbox 2475 3656 2661 3707; x_wconf 89' lang='lat' dir='ltr'><strong>tradu-</strong></span> 
     </span>
     <span class='ocr_line' id='line_1_95' title="bbox 1574 3724 2664 3777; baseline -0.002 -1"><span class='ocrx_word' id='word_1_501' title='bbox 1574 3731 1695 3777; x_wconf 88' lang='lat' dir='ltr'><strong>ctos</strong></span> <span class='ocrx_word' id='word_1_502' title='bbox 1735 3741 1855 3777; x_wconf 88' lang='lat' dir='ltr'><strong>esse</strong></span> <span class='ocrx_word' id='word_1_503' title='bbox 1889 3729 2213 3776; x_wconf 85' lang='lat' dir='ltr'><strong>statuerent.</strong></span> <span class='ocrx_word' id='word_1_504' title='bbox 2286 3725 2493 3776; x_wconf 79' lang='lat' dir='ltr'><strong>Contra</strong></span> <span class='ocrx_word' id='word_1_505' title='bbox 2530 3724 2664 3775; x_wconf 87' lang='lat' dir='ltr'><strong>Wil-</strong></span> 
     </span>
     <span class='ocr_line' id='line_1_96' title="bbox 1575 3793 2666 3860; baseline 0 -15"><span class='ocrx_word' id='word_1_506' title='bbox 1575 3796 1790 3846; x_wconf 89' lang='lat' dir='ltr'><strong>kinson.</strong></span> <span class='ocrx_word' id='word_1_507' title='bbox 1828 3793 1894 3860; x_wconf 90' lang='grc'><strong>(1.</strong></span> <span class='ocrx_word' id='word_1_508' title='bbox 1933 3793 1971 3844; x_wconf 94' lang='lat' dir='ltr'><strong>l.</strong></span> <span class='ocrx_word' id='word_1_509' title='bbox 2000 3795 2046 3844; x_wconf 92' lang='grc' dir='ltr'><strong>Ι.</strong></span> <span class='ocrx_word' id='word_1_510' title='bbox 2076 3810 2131 3859; x_wconf 93' lang='lat' dir='ltr'><strong>p.</strong></span> <span class='ocrx_word' id='word_1_511' title='bbox 2164 3795 2230 3845; x_wconf 84' lang='lat'><strong>97</strong></span> <span class='ocrx_word' id='word_1_512' title='bbox 2256 3794 2396 3860; x_wconf 90' lang='lat' dir='ltr'><strong>not.)</strong></span> <span class='ocrx_word' id='word_1_513' title='bbox 2434 3795 2533 3845; x_wconf 89' lang='lat' dir='ltr'><strong>hos</strong></span> <span class='ocrx_word' id='word_1_514' title='bbox 2562 3796 2666 3846; x_wconf 81' lang='lat' dir='ltr'><strong>Ae·</strong></span> 
     </span>
     <span class='ocr_line' id='line_1_97' title="bbox 1574 3863 2665 3929; baseline 0.004 -18"><span class='ocrx_word' id='word_1_515' title='bbox 1574 3863 1821 3929; x_wconf 83' lang='lat' dir='ltr'><strong>gyptios,</strong></span> <span class='ocrx_word' id='word_1_516' title='bbox 1860 3879 1894 3914; x_wconf 89' lang='grc'><strong>8</strong></span> <span class='ocrx_word' id='word_1_517' title='bbox 1917 3863 2112 3928; x_wconf 80' lang='lat' dir='ltr'><strong>quibus</strong></span> <span class='ocrx_word' id='word_1_518' title='bbox 2142 3864 2405 3929; x_wconf 86' lang='lat' dir='ltr'><strong>originem</strong></span> <span class='ocrx_word' id='word_1_519' title='bbox 2443 3865 2665 3915; x_wconf 80' lang='lat' dir='ltr'><strong>duxisse</strong></span> 
     </span>
     <span class='ocr_line' id='line_1_98' title="bbox 1575 3931 2665 3998; baseline 0.002 -15"><span class='ocrx_word' id='word_1_520' title='bbox 1575 3931 1765 3983; x_wconf 84' lang='lat' dir='ltr'><strong>Colchi</strong></span> <span class='ocrx_word' id='word_1_521' title='bbox 1799 3931 2175 3998; x_wconf 88' lang='lat' dir='ltr'><strong>perhibentur,</strong></span> <span class='ocrx_word' id='word_1_522' title='bbox 2211 3933 2464 3984; x_wconf 88' lang='lat' dir='ltr'><strong>consulto</strong></span> <span class='ocrx_word' id='word_1_523' title='bbox 2505 3950 2538 3984; x_wconf 90' lang='lat' dir='ltr'><strong>a</strong></span> <span class='ocrx_word' id='word_1_524' title='bbox 2572 3934 2665 3985; x_wconf 88' lang='lat' dir='ltr'><strong>Se·</strong></span> 
     </span>
     <span class='ocr_line' id='line_1_99' title="bbox 1576 4001 2665 4065; baseline 0.001 -13"><span class='ocrx_word' id='word_1_525' title='bbox 1576 4001 1741 4052; x_wconf 89' lang='lat' dir='ltr'><strong>sostri</strong></span> <span class='ocrx_word' id='word_1_526' title='bbox 1785 4001 2004 4052; x_wconf 87' lang='lat' dir='ltr'><strong>relictos</strong></span> <span class='ocrx_word' id='word_1_527' title='bbox 2051 4016 2171 4052; x_wconf 86' lang='lat' dir='ltr'><strong>esse</strong></span> <span class='ocrx_word' id='word_1_528' title='bbox 2219 4003 2546 4065; x_wconf 86' lang='lat' dir='ltr'><strong>arbitratur,</strong></span> <span class='ocrx_word' id='word_1_529' title='bbox 2602 4006 2665 4052; x_wconf 92' lang='lat' dir='ltr'><strong>ut</strong></span> 
     </span>
     <span class='ocr_line' id='line_1_100' title="bbox 1578 4072 2665 4135; baseline 0 -15"><span class='ocrx_word' id='word_1_530' title='bbox 1578 4076 1779 4121; x_wconf 88' lang='lat' dir='ltr'><strong>terram</strong></span> <span class='ocrx_word' id='word_1_531' title='bbox 1797 4075 2163 4135; x_wconf 84' lang='lat' dir='ltr'><strong>expugnatam</strong></span> <span class='ocrx_word' id='word_1_532' title='bbox 2183 4072 2518 4122; x_wconf 88' lang='lat' dir='ltr'><strong>custodirent</strong></span> <span class='ocrx_word' id='word_1_533' title='bbox 2536 4076 2591 4122; x_wconf 86' lang='lat' dir='ltr'><strong>et</strong></span> <span class='ocrx_word' id='word_1_534' title='bbox 2610 4073 2665 4121; x_wconf 88' lang='lat' dir='ltr'><strong>in</strong></span> 
     </span>
     <span class='ocr_line' id='line_1_101' title="bbox 1579 4139 2667 4204; baseline 0.001 -16"><span class='ocrx_word' id='word_1_535' title='bbox 1579 4139 1841 4204; x_wconf 89' lang='lat' dir='ltr'><strong>obsequio</strong></span> <span class='ocrx_word' id='word_1_536' title='bbox 1861 4143 2128 4191; x_wconf 87' lang='lat' dir='ltr'><strong>tenerent.</strong></span> <span class='ocrx_word' id='word_1_537' title='bbox 2174 4141 2383 4190; x_wconf 86' lang='lat' dir='ltr'><strong>Horum</strong></span> <span class='ocrx_word' id='word_1_538' title='bbox 2404 4157 2533 4191; x_wconf 83' lang='lat' dir='ltr'><strong>vero</strong></span> <span class='ocrx_word' id='word_1_539' title='bbox 2563 4143 2667 4191; x_wconf 84' lang='lat' dir='ltr'><strong>Ae·</strong></span> 
     </span>
     <span class='ocr_line' id='line_1_102' title="bbox 1581 4208 2666 4273; baseline 0.002 -16"><span class='ocrx_word' id='word_1_540' title='bbox 1581 4208 1891 4273; x_wconf 81' lang='lat' dir='ltr'><strong>gyptiorum</strong></span> <span class='ocrx_word' id='word_1_541' title='bbox 1924 4212 2173 4273; x_wconf 90' lang='lat' dir='ltr'><strong>posteros</strong></span> <span class='ocrx_word' id='word_1_542' title='bbox 2216 4210 2474 4273; x_wconf 88' lang='lat' dir='ltr'><strong>cognosci</strong></span> <span class='ocrx_word' id='word_1_543' title='bbox 2504 4224 2666 4273; x_wconf 86' lang='lat' dir='ltr'><strong>posse</strong></span> 
     </span>
     <span class='ocr_line' id='line_1_103' title="bbox 1580 4276 2666 4342; baseline 0.003 -17"><span class='ocrx_word' id='word_1_544' title='bbox 1580 4277 1636 4325; x_wconf 89' lang='grc'><strong>111</strong></span> <span class='ocrx_word' id='word_1_545' title='bbox 1668 4292 1734 4326; x_wconf 89' lang='grc'><strong>08</strong></span> <span class='ocrx_word' id='word_1_546' title='bbox 1755 4276 1990 4327; x_wconf 87' lang='lat' dir='ltr'><strong>Caucasi</strong></span> <span class='ocrx_word' id='word_1_547' title='bbox 2012 4281 2202 4341; x_wconf 88' lang='lat' dir='ltr'><strong>gente,</strong></span> <span class='ocrx_word' id='word_1_548' title='bbox 2243 4292 2384 4342; x_wconf 88' lang='lat' dir='ltr'><strong>quae</strong></span> <span class='ocrx_word' id='word_1_549' title='bbox 2408 4293 2551 4328; x_wconf 89' lang='lat' dir='ltr'><strong>nunc</strong></span> <span class='ocrx_word' id='word_1_550' title='bbox 2572 4293 2666 4328; x_wconf 91' lang='lat' dir='ltr'><strong>no—</strong></span> 
     </span>
     <span class='ocr_line' id='line_1_104' title="bbox 1584 4345 2667 4410; baseline -0.001 -14"><span class='ocrx_word' id='word_1_551' title='bbox 1584 4359 1704 4397; x_wconf 84' lang='lat' dir='ltr'><strong>men</strong></span> <span class='ocrx_word' id='word_1_552' title='bbox 1721 4345 1889 4396; x_wconf 84' lang='lat' dir='ltr'><strong>habet</strong></span> <span class='ocrx_word' id='word_1_553' title='bbox 1907 4346 2215 4403; x_wconf 60' lang='lat' dir='ltr'><strong>Abazorum.</strong></span> <span class='ocrx_word' id='word_1_554' title='bbox 2227 4345 2534 4410; x_wconf 86' lang='lat' dir='ltr'><strong>Klaprothii</strong></span> <span class='ocrx_word' id='word_1_555' title='bbox 2562 4347 2667 4395; x_wconf 82' lang='lat' dir='ltr'><strong>fuit</strong></span> 
     </span>
     <span class='ocr_line' id='line_1_105' title="bbox 1582 4414 2668 4481; baseline 0.001 -17"><span class='ocrx_word' id='word_1_556' title='bbox 1582 4414 1884 4466; x_wconf 72' lang='lat' dir='ltr'><strong>sententiat</strong></span> <span class='ocrx_word' id='word_1_557' title='bbox 1908 4415 2189 4469; x_wconf 65' lang='grc'><strong>0110888103</strong></span> <span class='ocrx_word' id='word_1_558' title='bbox 2207 4415 2391 4481; x_wconf 75' lang='lat' dir='ltr'><strong>potius</strong></span> <span class='ocrx_word' id='word_1_559' title='bbox 2409 4428 2546 4480; x_wconf 81' lang='grc'><strong>0880,</strong></span> <span class='ocrx_word' id='word_1_560' title='bbox 2572 4415 2668 4480; x_wconf 85' lang='lat' dir='ltr'><strong>qui</strong></span> 
     </span>
    </p>
   </div>
  </div>
 </body>
</html>
