3109 5092
16 498 46 1750 ‘s-Fwflwn‘ss-ssjssssffffss'

1017 319 1151 380 AD
1197 320 1715 383 HERODOT.
1761 325 1810 399 1,
1854 331 1942 386 94.
2476 310 2612 385 '841

350 494 683 566 protulisse,
737 494 895 547 modo
939 492 1077 546 tales
1120 494 1366 563 suerint,
1411 495 1537 564 quis
1585 494 1856 562 credat‘3)
1913 494 2251 565 aliorumque
2292 496 2620 567 scriptorum

348 579 661 634 testimonio
695 580 944 646 recedat,
983 596 1084 631 nec
1114 579 1252 649 ipsis
1291 580 1428 632 artis
1456 580 1822 632 monumentis
1848 598 2027 650 nuper
2049 581 2282 633 detectis
2307 584 2618 652 conveniat,

351 685 457 720 non
493 669 610 733 est,
670 663 820 733 quod
857 663 952 715 diu
983 663 1038 715 in
1085 681 1154 716 ea
1184 665 1544 719 immoremur.
1603 665 1742 733 Iam,
1789 672 1852 718 ut
1878 666 1980 718 hoc
2012 682 2178 718 unum
2208 666 2364 719 modo
2396 684 2619 721 comme-

346 768 575 816 morem,
622 752 899 818 quotquot
931 747 989 799 in
1012 748 1378 803 Etruscorum
1418 750 1693 819 sepulcris
1738 751 1976 819 aliisque
2006 750 2365 803 monumentis
2396 770 2618 821 reprae-

348 835 550 888 sentati
583 833 1005 902 conspiciuntur
1037 834 1307 902 homiues,
1355 853 1537 888 nonne
1578 834 1735 887 aliam
1767 851 1999 904 prorsus
2032 836 2145 888 oris
2179 835 2617 903 delineationem,

348 921 510 974 alium
534 917 761 986 vultum,
798 918 961 970 alium
990 936 1223 988 prorsus
1253 921 1501 990 corporis
1533 925 1960 973 commonstrant
1980 920 2251 987 habitum,
2286 921 2445 973 valde
2468 921 2619 975 illum

349 1005 565 1075 quidem
597 1008 858 1056 remotum
896 1019 928 1053 a
958 1003 1233 1056 Graecis?

517 1087 752 1141 Multum
800 1086 940 1140 enim
992 1088 1177 1156 abest,
1232 1094 1326 1155 ut,
1374 1105 1516 1158 quae
1556 1089 1866 1158 nuperrime
1909 1088 2125 1141 detecta
2164 1095 2220 1141 et
2250 1109 2279 1142 e
2316 1090 2618 1159 hypogaeis

346 1175 569 1226 maxime
618 1178 776 1225 eruta
811 1180 946 1224 sunt
985 1173 1395 1226 vetustissimae
1427 1175 1790 1226 Etruscorum
1832 1173 1968 1226 artis
2007 1180 2382 1241 monumenta,
2440 1175 2616 1228 Grae-

347 1277 460 1311 cam
500 1258 737 1328 prodant
777 1256 1071 1326 originem,
1121 1263 1181 1310 ut
1219 1258 1289 1310 ad
1321 1258 1585 1311 orientem
1624 1259 1808 1327 potius
1850 1259 2143 1311 referenda
2181 1258 2502 1326 videantur,
2551 1278 2617 1313 ex

347 1361 456 1413 quo
504 1361 613 1396 uno
652 1342 949 1409 imagines,
1000 1343 1190 1410 signa,
1238 1342 1484 1411 symbola
1520 1344 1577 1396 in
1628 1343 1779 1395 hisce
1812 1342 2173 1396 monumentis
2215 1343 2615 1413 antiquissimis

346 1428 646 1497 conspicua
683 1425 950 1478 illustrari
982 1434 1146 1495 atque
1192 1427 1428 1496 intelligi
1459 1432 1742 1497 poterunt.
1813 1429 2098 1491 Quaenam
2143 1446 2277 1479 vero
2324 1428 2452 1481 haec
2492 1428 2617 1498 ipsa

347 1512 575 1565 orientis
617 1511 692 1562 sit
737 1510 926 1579 regio,
973 1510 1062 1563 cui
1097 1528 1201 1563 sua
1231 1511 1468 1565 debeant
1495 1512 1671 1564 Tusci
1715 1519 1772 1565 et
1813 1513 1960 1565 unde
1990 1512 2298 1565 Tuscorum
2343 1512 2499 1581 origo
2542 1513 2617 1566 sit

345 1596 678 1666 repetenda,
723 1595 781 1647 id
818 1602 969 1647 certo
1005 1586 1375 1665 pronunciare
1407 1597 1621 1650 minime
1665 1597 1843 1651 adhuc
1875 1596 2035 1663 licet,
2085 1614 2205 1649 cum
2232 1597 2355 1667 ipsa
2383 1596 2476 1649 illa
2503 1615 2613 1650 mo-

345 1688 604 1734 numenta
634 1681 874 1732 nondum
922 1680 1100 1732 omnia
1131 1680 1200 1732 ad
1232 1689 1539 1734 accuratam
1571 1681 1854 1735 doctorum
1899 1682 2168 1735 hominum
2206 1681 2451 1734 notitiam
2486 1700 2612 1752 per-

343 1766 600 1819 venerint
627 1764 874 1834 adeoque
909 1765 1068 1817 novis
1097 1766 1344 1818 inventis
1376 1766 1623 1836 quotidie
1654 1773 1994 1834 augeantur,
2044 1771 2133 1831 ut,
2182 1766 2288 1817 nisi
2320 1767 2493 1819 omnis
2534 1785 2614 1821 me

345 1850 488 1904 fallit
517 1867 645 1918 spes
664 1889 679 1915 ,
720 1848 1016 1918 aliquando
1038 1850 1304 1903 tenebrae
1333 1868 1481 1903 nunc
1503 1851 1867 1904 Etruscorum
1898 1852 2067 1903 rebus
2098 1853 2311 1905 offusae
2335 1849 2611 1920 dissipen-

344 1942 437 1988 tur
465 1934 774 2004 clariorque
811 1933 895 1985 his
931 1934 1098 1986 terris
1131 1934 1399 2003 affulgeat
1427 1936 1539 1987 lux.
1603 1935 1743 1987 Utut
1775 1942 1877 2003 est,
1915 1934 2229 1988 orientalem
2252 1935 2613 1989 Etruscorum

345 2019 611 2086 originem
653 2017 740 2070 vel
784 2035 876 2085 ea,
934 2036 1077 2088 quae
1117 2020 1294 2073 adhuc
1336 2021 1724 2086 innotescunt,
1773 2021 1910 2073 satis
1960 2019 2193 2090 prodere
2236 2019 2498 2071 videntur
2528 2016 2607 2088 ¹⁸¹).

344 2104 431 2155 Tu
472 2104 619 2155 conf.
647 2102 901 2154 Dorow.:
948 2103 1171 2156 Notizie
1207 2105 1428 2157 intorno
1469 2102 1653 2156 alcuni
1691 2106 1808 2157 vasi
1840 2105 2065 2157 Etrusci
2098 2104 2330 2175 (Pesaro
2358 2105 2521 2171 1828)
2557 2111 2615 2158 et

345 2188 588 2241 eiusdem
630 2186 736 2238 viri
780 2187 925 2239 docti
962 2186 1232 2255 libellum,
1280 2189 1373 2258 qui
1415 2187 1768 2241 inscribiturt
1811 2190 2075 2242 Etrurien
2121 2189 2235 2241 und
2279 2190 2379 2240 der
2411 2187 2613 2241 Orient

343 2272 727 2343 (Heidelberg.
767 2274 930 2337 1829)
976 2292 1028 2342 p.
1058 2277 1092 2331 6
1139 2272 1331 2343 seqq.,
1375 2273 1606 2341 voyage
1647 2273 2075 2344 archeologique
2122 2274 2260 2326 dans
2306 2273 2611 2326 l’ancienne

343 2357 569 2409 Etrurie
609 2362 712 2409 etc.
761 2355 968 2425 (Paris.
1011 2358 1174 2424 1829)
1212 2377 1266 2427 p.
1304 2365 1372 2418 35
1409 2376 1527 2428 seq.
1576 2361 1649 2417 38
1689 2376 1846 2429 seqq.
1895 2359 2017 2411 coll.
2058 2358 2354 2411 Universel
2398 2357 2606 2427 (Paris.

346 2442 511 2507 1829)
543 2460 661 2494 nro.
684 2446 774 2499 20.
808 2459 863 2510 p.
888 2445 955 2501 71
975 2438 1088 2509 **).

511 2527 654 2578 Nolo
687 2526 790 2577 huc
821 2527 1030 2578 referre
1058 2534 1459 2580 monumentum
1493 2527 1549 2579 in
1583 2528 1758 2580 media
1789 2527 2036 2596 Phrygia
2076 2529 2145 2580 ab
2170 2527 2365 2594 Anglis
2411 2526 2605 2579 inven-

344 2617 455 2663 tum
492 2611 935 2679 descriptumque
959 2606 1106 2678 ***),
1149 2612 1585 2681 antiquissimum
1614 2612 1750 2665 illud
1782 2612 2019 2681 quidem,
2068 2630 2168 2665 nec
2199 2629 2333 2663 vero
2365 2610 2495 2680 tale,
2542 2629 2610 2664 ex

480 2804 533 2870 *)
571 2806 781 2859 Addere
813 2808 906 2859 hic
943 2812 1099 2862 iuvat
1133 2809 1344 2861 Maffeii
1377 2813 1707 2863 sententiam
1742 2811 1809 2863 dc
1845 2811 2100 2862 orientali
2117 2811 2468 2861 Etruscorum
2502 2809 2635 2860 ori-.

340 2879 464 2942 gine
499 2876 557 2925 in
585 2878 831 2941 Append.
866 2879 938 2929 ad
973 2881 1137 2930 Istor.
1175 2880 1458 2945 diplomat.
1497 2898 1549 2946 p.
1590 2882 1693 2934 219
1738 2882 2011 2945 proditam
2048 2886 2103 2931 et
2133 2880 2260 2930 aliis
2298 2880 2606 2930 rationibus

343 2965 371 2999 e
428 2948 737 3011 linguarum
796 2948 1070 3003 affinitate
1132 2950 1521 3016 literarumque
1578 2951 1935 3002 similitudine
1994 2950 2258 3003 desumtis
2317 2949 2607 3015 probatam

339 3016 573 3067 Rinckio
610 3017 670 3066 in
701 3018 917 3068 Annall.
955 3020 1243 3071 Heidelbb.
1287 3019 1421 3072 1824
1459 3037 1540 3071 nr.
1579 3020 1663 3072 52.
1701 3038 1754 3087 p.
1777 3020 1880 3073 826
1900 3038 2052 3087 seqq.
2127 3022 2393 3071 Etruscos
2431 3019 2603 3068 maxi-

339 3103 483 3136 mam
520 3091 667 3137 certe
704 3093 916 3152 partem
953 3089 1044 3141 ille
1081 3090 1203 3141 vult
1245 3089 1571 3142 Cananaeos
1609 3108 1758 3154 esse,
1799 3090 1868 3140 ab
1906 3091 2180 3143 Israelitis
2218 3089 2378 3155 Syria
2415 3089 2604 3154 pulsos

339 3157 571 3221 indeque
623 3157 680 3206 in
727 3159 958 3223 Lydiam
1004 3160 1456 3225 commigrantes,
1519 3161 1664 3211 unde
1714 3162 1772 3211 in
1822 3162 2105 3212 Etruriam
2158 3159 2362 3211 fuerint
2412 3159 2605 3221 delati,

342 3227 795 3291 quemadmodum
829 3230 899 3278 ab
935 3229 1217 3281 Herodoto
1254 3231 1548 3280 memoriae
1584 3231 1755 3282 fuerit
1790 3231 2085 3295 proditum.
2626 3287 2633 3293 ,

478 3294 567 3359 **)
614 3298 768 3358 Quae
805 3299 883 3347 ibi
915 3298 1247 3361 afferuntur,
1300 3315 1487 3350 eorum
1522 3298 1671 3351 haud
1706 3316 1888 3365 pauca
1926 3302 1997 3351 ad
2033 3301 2316 3363 Aeqyptum
2351 3302 2604 3362 spectare

338 3365 615 3415 videntur.
688 3368 835 3428 Quin
862 3369 985 3432 ipsa
1019 3368 1465 3432 hieroglyphicae
1503 3372 1642 3420 artis
1677 3371 1913 3434 vestigia
1951 3370 2222 3435 quaedam
2255 3367 2404 3431 apud
2440 3366 2604 3414 Etru-

343 3450 467 3483 scos
505 3436 867 3497 reperiuntur.
941 3436 1334 3502 Aegyptiorum
1372 3442 1428 3488 et
1465 3439 1823 3488 Etruscorum
1859 3437 2111 3502 sepulcra
2148 3434 2445 3495 simillima,
2483 3434 2601 3497 pin-

341 3501 504 3566 gendi
563 3502 810 3565 modum,
877 3505 1118 3555 colorum
1175 3507 1423 3555 rationes
1474 3506 1778 3558 simillimas
1840 3508 2002 3558 affert
2050 3504 2318 3557 Rosellini
2361 3505 2600 3552 Monum.

338 3570 486 3621 civil.
523 3572 568 3621 1.
608 3587 659 3635 p.
687 3571 801 3624 136.
840 3573 916 3623 11.
939 3590 991 3639 p.
1015 3574 1119 3626 203
1155 3591 1292 3638 seq.,
1327 3575 1671 3626 Wilkinson:
1711 3573 2060 3640 Topograph.
2099 3573 2161 3624 of
2192 3573 2362 3624 Theb.
2401 3588 2453 3637 p.
2482 3571 2598 3622 151.

337 3640 475 3690 Add.
514 3640 689 3704 Gray:
727 3643 877 3691 Tour
909 3647 969 3693 to
1006 3643 1099 3694 the
1136 3643 1450 3708 sepulchres
1489 3644 1548 3695 of
1578 3644 1821 3695 Etruria.
1862 3645 2035 3695 Lond.
2068 3643 2205 3695 1840
2240 3642 2605 3706 (Athenaeum

337 3710 511 3760 Lond.
554 3710 706 3762 1840.
744 3727 824 3761 nr.
863 3712 984 3763 691.
1023 3729 1076 3777 p.
1114 3713 1182 3765 67
1219 3711 1417 3777 seqq.).

478 3778 599 3843 ***)
636 3782 950 3846 Descripsit
984 3782 1170 3835 Leake
1208 3783 1265 3831 in
1296 3781 1546 3848 Walpolc
1569 3782 1850 3833 Itinerarr.
1889 3781 2121 3832 Londin.
2141 3780 2295 3833 1820.
2371 3780 2456 3830 Tu
2489 3779 2602 3833 vid.

335 3849 564 3900 Journal
595 3849 689 3900 des
706 3851 920 3901 Savans
961 3852 1115 3905 1820.
1167 3850 1361 3901 Octob.
1398 3868 1451 3917 p.
1491 3850 1787 3903 624—626.
1838 3850 2052 3901 Annall.
2093 3850 2188 3903 des
2224 3866 2466 3916 voyages
2504 3865 2605 3914 par

335 3919 533 3983 Eyries
561 3923 601 3968 t.
627 3920 816 3971 XVIII
841 3919 1021 3987 (Paris
1051 3919 1226 3985 1823).
1253 3920 1424 3985 p.328
1437 3938 1613 3987 seqq.,
1651 3922 1925 3973 Hammer.
1955 3923 2012 3970 in
2038 3919 2255 3970 Annall.
2276 3921 2601 3971 Viennenss.

337 3991 378 4036 t.
419 3988 674 4038 XXXIII.
723 4005 776 4053 p.
828 3992 937 4041 122.
1024 3991 1176 4041 Idem
1229 3997 1635 4042 monumentum
1676 4006 1849 4055 nuper
1891 3989 2257 4042 exhibuerunt
2296 3989 2494 4040 Texier
2550 3992 2607 4039 et

337 4058 604 4117 Stewart‚
647 4074 782 4122 quos
815 4060 887 4110 ad
925 4061 971 4122 I,
1009 4060 1072 4112 14
1107 4060 1354 4112 laudavi.
1391 4088 1458 4097 —
1487 4063 1572 4111 Ex
1610 4060 1819 4111 Osanni
1856 4060 2163 4111 rationibus
2199 4061 2605 4111 monumentum

335 4125 437 4175 hoc
477 4127 672 4176 incidit
706 4128 852 4178 intra
891 4144 1018 4180 ann.
1058 4131 1336 4182 740--570
1371 4135 1502 4180 ante
1536 4129 1814 4180 Christum
1848 4136 2055 4180 natum.
2124 4130 2252 4181 Vid.
2294 4144 2346 4193 p.
2386 4126 2455 4181 37
2493 4127 2530 4176 l.
2563 4127 2600 4178 l.

335 4195 445 4257 Qui
480 4196 686 4259 Lyciae
723 4203 1072 4249 monumenta
1102 4204 1327 4250 vetusta
1364 4216 1535 4264 nuper
1572 4199 2046 4264 perquisiverunt,
2096 4200 2389 4262 Lyciorum
2427 4196 2601 4247 archi-

333 4268 632 4325 tecturam,
685 4265 910 4329 literas,
965 4269 1078 4318 alia
1118 4269 1368 4319 Etruscis
1403 4283 1667 4333 perquam
1703 4268 1910 4319 similia
1959 4268 2198 4320 inveniri
2244 4266 2603 4327 contendunt,

334 4337 395 4382 ut
427 4336 485 4384 in
514 4335 797 4383 Etruriam
832 4338 1052 4401 eLycia
1085 4338 1177 4387 vel
1210 4342 1360 4389 certe
1398 4354 1464 4388 ex
1500 4339 1636 4388 Asia
1676 4338 1876 4388 minori
1916 4339 2170 4388 traducta
2205 4337 2342 4387 hacc
2377 4336 2603 4386 videan-

335 4405 440 4454 tur.
514 4404 639 4457 Vid.
674 4404 910 4460 Fellows
945 4407 1300 4459 Discoveries
1335 4410 1444 4459 etc.
1477 4423 1535 4472 p.
1581 4406 1680 4459 197
1714 4410 1770 4458 et
1806 4407 2017 4473 Sharpe
2055 4406 2186 4458 ibid.
2226 4423 2280 4472 p.
2310 4406 2432 4457 442.
