<?xml version="1.0" encoding="UTF-8"?>
<!DOCTYPE html PUBLIC "-//W3C//DTD XHTML 1.0 Transitional//EN"
    "http://www.w3.org/TR/xhtml1/DTD/xhtml1-transitional.dtd">
<html xmlns="http://www.w3.org/1999/xhtml" xml:lang="en" lang="en">
 <head>
  <title>
</title>
<meta http-equiv="Content-Type" content="text/html;charset=utf-8" />
  <meta name='ocr-system' content='tesseract 3.04.00' />
  <meta name='ocr-capabilities' content='ocr_page ocr_carea ocr_par ocr_line ocrx_word'/>
</head>
<body>
  <div class='ocr_page' id='page_1' title='image "./herodotihalicar02unkngoog_0582.png"; bbox 0 0 3109 5092; ppageno 0'>
   <div class='ocr_carea' id='block_1_1' title="bbox 454 356 578 421">
    <p class='ocr_par' dir='ltr' id='par_1_1' title="bbox 454 356 578 421">
     <span class='ocr_line' id='line_1_1' title="bbox 454 356 578 421; baseline -0.016 0"><span class='ocrx_word' id='word_1_1' title='bbox 454 356 578 421; x_wconf 83' lang='lat'><strong>562</strong></span> 
     </span>
    </p>
   </div>
   <div class='ocr_carea' id='block_1_2' title="bbox 1324 357 1864 420">
    <p class='ocr_par' dir='ltr' id='par_1_2' title="bbox 1324 357 1864 420">
     <span class='ocr_line' id='line_1_2' title="bbox 1324 357 1864 420; baseline -0.004 -1"><span class='ocrx_word' id='word_1_2' title='bbox 1324 357 1864 420; x_wconf 83' lang='lat' dir='ltr'><strong>HERODO&#39;PI</strong></span> 
     </span>
    </p>
   </div>
   <div class='ocr_carea' id='block_1_3' title="bbox 433 526 2739 725">
    <p class='ocr_par' dir='ltr' id='par_1_3' title="bbox 433 526 2739 725">
     <span class='ocr_line' id='line_1_3' title="bbox 451 526 2739 623; baseline -0.001 -21"><span class='ocrx_word' id='word_1_3' title='bbox 451 531 776 620; x_wconf 82' lang='grc' dir='ltr'><strong><em>Βούσιριν</em></strong></span> <span class='ocrx_word' id='word_1_4' title='bbox 803 531 1003 602; x_wconf 78' lang='grc' dir='ltr'><strong><em>πόλιν</em></strong></span> <span class='ocrx_word' id='word_1_5' title='bbox 1027 536 1110 623; x_wconf 83' lang='grc' dir='ltr'><strong>τῇ</strong></span> <span class='ocrx_word' id='word_1_6' title='bbox 1126 528 1256 599; x_wconf 87' lang='grc' dir='ltr'><strong>Ἴσι</strong></span> <span class='ocrx_word' id='word_1_7' title='bbox 1275 550 1291 567; x_wconf 91' lang='grc'><em>·</em></span> <span class='ocrx_word' id='word_1_8' title='bbox 1340 535 1416 600; x_wconf 80' lang='grc' dir='ltr'><strong>ἐν</strong></span> <span class='ocrx_word' id='word_1_9' title='bbox 1441 531 1653 620; x_wconf 79' lang='grc' dir='ltr'><strong><em>ταύτῃ</em></strong></span> <span class='ocrx_word' id='word_1_10' title='bbox 1689 528 1819 619; x_wconf 78' lang='grc' dir='ltr'><strong>γὰρ</strong></span> <span class='ocrx_word' id='word_1_11' title='bbox 1847 526 1931 619; x_wconf 84' lang='grc' dir='ltr'><strong>δὴ</strong></span> <span class='ocrx_word' id='word_1_12' title='bbox 1962 534 2045 620; x_wconf 82' lang='grc' dir='ltr'><strong>τῇ</strong></span> <span class='ocrx_word' id='word_1_13' title='bbox 2072 527 2226 599; x_wconf 76' lang='grc' dir='ltr'><strong><em>πόλι</em></strong></span> <span class='ocrx_word' id='word_1_14' title='bbox 2257 532 2396 600; x_wconf 78' lang='grc' dir='ltr'><strong><em>ἐστὶ</em></strong></span> <span class='ocrx_word' id='word_1_15' title='bbox 2423 533 2739 619; x_wconf 78' lang='grc' dir='ltr'><strong><em>μέγιστον</em></strong></span> 
     </span>
     <span class='ocr_line' id='line_1_4' title="bbox 433 629 2737 725; baseline -0.001 -22"><span class='ocrx_word' id='word_1_16' title='bbox 433 631 634 715; x_wconf 78' lang='grc' dir='ltr'><strong><em>Ἴσιος</em></strong></span> <span class='ocrx_word' id='word_1_17' title='bbox 673 634 841 724; x_wconf 72' lang='grc' dir='ltr'><strong><em>ἱρόν.</em></strong></span> <span class='ocrx_word' id='word_1_18' title='bbox 931 639 1202 724; x_wconf 77' lang='grc' dir='ltr'><strong><em>ἵδρυται</em></strong></span> <span class='ocrx_word' id='word_1_19' title='bbox 1245 632 1318 703; x_wconf 76' lang='grc' dir='ltr'><strong>δὲ</strong></span> <span class='ocrx_word' id='word_1_20' title='bbox 1365 629 1407 723; x_wconf 83' lang='grc' dir='ltr'><strong><em>ἡ</em></strong></span> <span class='ocrx_word' id='word_1_21' title='bbox 1447 636 1639 715; x_wconf 81' lang='grc' dir='ltr'><strong><em>πόλις</em></strong></span> <span class='ocrx_word' id='word_1_22' title='bbox 1683 630 1854 722; x_wconf 83' lang='grc' dir='ltr'><strong><em>αὕτη</em></strong></span> <span class='ocrx_word' id='word_1_23' title='bbox 1893 638 2013 721; x_wconf 82' lang='grc' dir='ltr'><strong>τῆς</strong></span> <span class='ocrx_word' id='word_1_24' title='bbox 2040 633 2398 720; x_wconf 80' lang='grc' dir='ltr'><strong><em>Αἰγύπτου</em></strong></span> <span class='ocrx_word' id='word_1_25' title='bbox 2440 637 2517 703; x_wconf 80' lang='grc' dir='ltr'><strong>ἐν</strong></span> <span class='ocrx_word' id='word_1_26' title='bbox 2555 635 2737 725; x_wconf 74' lang='grc' dir='ltr'><em>μέσῳ</em></span> 
     </span>
    </p>
   </div>
   <div class='ocr_carea' id='block_1_4' title="bbox 437 938 1551 4462">
    <p class='ocr_par' dir='ltr' id='par_1_4' title="bbox 450 938 1550 2666">
     <span class='ocr_line' id='line_1_5' title="bbox 453 938 1541 1006; baseline 0 -17"><span class='ocrx_word' id='word_1_27' title='bbox 453 953 579 990; x_wconf 86' lang='lat' dir='ltr'><strong>men</strong></span> <span class='ocrx_word' id='word_1_28' title='bbox 612 938 763 990; x_wconf 80' lang='lat' dir='ltr'><strong>urbis</strong></span> <span class='ocrx_word' id='word_1_29' title='bbox 811 939 893 988; x_wconf 86' lang='lat' dir='ltr'><strong>ita</strong></span> <span class='ocrx_word' id='word_1_30' title='bbox 927 939 1190 1006; x_wconf 83' lang='lat' dir='ltr'><strong>scriptum</strong></span> <span class='ocrx_word' id='word_1_31' title='bbox 1226 938 1541 990; x_wconf 75' lang='lat' dir='ltr'><strong>exhibeantt</strong></span> 
     </span>
     <span class='ocr_line' id='line_1_6' title="bbox 453 1002 1540 1074; baseline -0.001 -16"><span class='ocrx_word' id='word_1_32' title='bbox 453 1005 662 1060; x_wconf 67' lang='lat' dir='ltr'><strong>pomer-1·</strong></span> <span class='ocrx_word' id='word_1_33' title='bbox 671 1027 692 1067; x_wconf 89' lang='lat'><strong>,·</strong></span> <span class='ocrx_word' id='word_1_34' title='bbox 729 1009 784 1058; x_wconf 88' lang='lat' dir='ltr'><strong>id</strong></span> <span class='ocrx_word' id='word_1_35' title='bbox 819 1009 998 1074; x_wconf 85' lang='lat' dir='ltr'><strong>ipsum</strong></span> <span class='ocrx_word' id='word_1_36' title='bbox 1035 1009 1361 1059; x_wconf 78' lang='lat' dir='ltr'><strong>vocabulum</strong></span> <span class='ocrx_word' id='word_1_37' title='bbox 1397 1002 1540 1059; x_wconf 89' lang='lat' dir='ltr'><strong>Bov&#39;-</strong></span> 
     </span>
     <span class='ocr_line' id='line_1_7' title="bbox 456 1076 1541 1143; baseline 0.001 -16"><span class='ocrx_word' id='word_1_38' title='bbox 456 1090 603 1142; x_wconf 79' lang='grc' dir='ltr'><strong><em>σιρις</em></strong></span> <span class='ocrx_word' id='word_1_39' title='bbox 642 1076 722 1127; x_wconf 89' lang='lat' dir='ltr'><strong>nil</strong></span> <span class='ocrx_word' id='word_1_40' title='bbox 757 1077 906 1127; x_wconf 88' lang='lat' dir='ltr'><strong>aliud</strong></span> <span class='ocrx_word' id='word_1_41' title='bbox 953 1094 1071 1128; x_wconf 86' lang='lat' dir='ltr'><strong>esse</strong></span> <span class='ocrx_word' id='word_1_42' title='bbox 1109 1093 1268 1143; x_wconf 90' lang='lat' dir='ltr'><strong>quam</strong></span> <span class='ocrx_word' id='word_1_43' title='bbox 1307 1078 1541 1128; x_wconf 83' lang='lat' dir='ltr'><strong>Osiridis</strong></span> 
     </span>
     <span class='ocr_line' id='line_1_8' title="bbox 454 1146 1542 1212; baseline 0 -15"><span class='ocrx_word' id='word_1_44' title='bbox 454 1163 678 1210; x_wconf 89' lang='lat' dir='ltr'><strong>nomen,</strong></span> <span class='ocrx_word' id='word_1_45' title='bbox 730 1146 917 1198; x_wconf 85' lang='lat' dir='ltr'><strong>addito</strong></span> <span class='ocrx_word' id='word_1_46' title='bbox 954 1154 1010 1199; x_wconf 91' lang='lat' dir='ltr'><strong>et</strong></span> <span class='ocrx_word' id='word_1_47' title='bbox 1045 1148 1330 1197; x_wconf 88' lang='lat' dir='ltr'><strong>immutato</strong></span> <span class='ocrx_word' id='word_1_48' title='bbox 1365 1148 1542 1212; x_wconf 79' lang='lat' dir='ltr'><strong>Aegy-</strong></span> 
     </span>
     <span class='ocr_line' id='line_1_9' title="bbox 453 1215 1543 1282; baseline 0.001 -16"><span class='ocrx_word' id='word_1_49' title='bbox 453 1218 691 1282; x_wconf 85' lang='lat' dir='ltr'><strong>ptiorum</strong></span> <span class='ocrx_word' id='word_1_50' title='bbox 748 1215 998 1268; x_wconf 81' lang='lat' dir='ltr'><strong>articulo.</strong></span> <span class='ocrx_word' id='word_1_51' title='bbox 1092 1216 1304 1267; x_wconf 79' lang='lat' dir='ltr'><strong>Deinde</strong></span> <span class='ocrx_word' id='word_1_52' title='bbox 1356 1232 1543 1267; x_wconf 85' lang='lat' dir='ltr'><strong>omnes</strong></span> 
     </span>
     <span class='ocr_line' id='line_1_10' title="bbox 455 1284 1544 1351; baseline -0.001 -15"><span class='ocrx_word' id='word_1_53' title='bbox 455 1289 725 1350; x_wconf 81' lang='lat' dir='ltr'><strong>quotquot</strong></span> <span class='ocrx_word' id='word_1_54' title='bbox 760 1284 937 1335; x_wconf 86' lang='lat' dir='ltr'><strong>adhue</strong></span> <span class='ocrx_word' id='word_1_55' title='bbox 961 1287 1314 1335; x_wconf 84' lang='lat' dir='ltr'><strong>innotuerunt</strong></span> <span class='ocrx_word' id='word_1_56' title='bbox 1341 1290 1544 1351; x_wconf 84' lang='lat' dir='ltr'><strong>etymo-</strong></span> 
     </span>
     <span class='ocr_line' id='line_1_11' title="bbox 455 1351 1545 1420; baseline 0.001 -17"><span class='ocrx_word' id='word_1_57' title='bbox 455 1355 634 1418; x_wconf 82' lang='lat' dir='ltr'><strong>logias</strong></span> <span class='ocrx_word' id='word_1_58' title='bbox 670 1351 891 1404; x_wconf 76' lang='lat' dir='ltr'><strong>elevans</strong></span> <span class='ocrx_word' id='word_1_59' title='bbox 921 1355 1025 1405; x_wconf 85' lang='lat' dir='ltr'><strong>hae</strong></span> <span class='ocrx_word' id='word_1_60' title='bbox 1050 1369 1160 1404; x_wconf 83' lang='lat' dir='ltr'><strong>una</strong></span> <span class='ocrx_word' id='word_1_61' title='bbox 1186 1356 1240 1404; x_wconf 92' lang='lat' dir='ltr'><strong>in</strong></span> <span class='ocrx_word' id='word_1_62' title='bbox 1273 1369 1332 1404; x_wconf 90' lang='lat' dir='ltr'><strong>re</strong></span> <span class='ocrx_word' id='word_1_63' title='bbox 1361 1356 1545 1420; x_wconf 80' lang='lat' dir='ltr'><strong>zoega</strong></span> 
     </span>
     <span class='ocr_line' id='line_1_12' title="bbox 456 1423 1547 1489; baseline 0.002 -17"><span class='ocrx_word' id='word_1_64' title='bbox 456 1425 785 1473; x_wconf 84' lang='lat' dir='ltr'><strong>sententiam</strong></span> <span class='ocrx_word' id='word_1_65' title='bbox 805 1429 860 1473; x_wconf 89' lang='lat' dir='ltr'><strong>et</strong></span> <span class='ocrx_word' id='word_1_66' title='bbox 878 1423 996 1489; x_wconf 84' lang='lat' dir='ltr'><strong>ipse</strong></span> <span class='ocrx_word' id='word_1_67' title='bbox 1017 1426 1280 1488; x_wconf 89' lang='lat' dir='ltr'><strong>sequitur,</strong></span> <span class='ocrx_word' id='word_1_68' title='bbox 1303 1430 1364 1473; x_wconf 90' lang='lat' dir='ltr'><strong>ut</strong></span> <span class='ocrx_word' id='word_1_69' title='bbox 1381 1424 1547 1474; x_wconf 86' lang='lat' dir='ltr'><strong>Grae-</strong></span> 
     </span>
     <span class='ocr_line' id='line_1_13' title="bbox 456 1493 1544 1558; baseline 0 -16"><span class='ocrx_word' id='word_1_70' title='bbox 456 1507 642 1542; x_wconf 87' lang='lat' dir='ltr'><strong>corum</strong></span> <span class='ocrx_word' id='word_1_71' title='bbox 668 1494 962 1556; x_wconf 89' lang='lat' dir='ltr'><strong>rationem,</strong></span> <span class='ocrx_word' id='word_1_72' title='bbox 1000 1508 1110 1558; x_wconf 88' lang='lat' dir='ltr'><strong>qua</strong></span> <span class='ocrx_word' id='word_1_73' title='bbox 1136 1494 1276 1543; x_wconf 82' lang='lat' dir='ltr'><strong>bove</strong></span> <span class='ocrx_word' id='word_1_74' title='bbox 1300 1493 1544 1557; x_wconf 89' lang='lat' dir='ltr'><strong>sepultus</strong></span> 
     </span>
     <span class='ocr_line' id='line_1_14' title="bbox 458 1561 1547 1624; baseline -0.001 -12"><span class='ocrx_word' id='word_1_75' title='bbox 458 1561 634 1613; x_wconf 85' lang='lat' dir='ltr'><strong>Osiris</strong></span> <span class='ocrx_word' id='word_1_76' title='bbox 666 1562 788 1612; x_wconf 87' lang='lat' dir='ltr'><strong>urbi</strong></span> <span class='ocrx_word' id='word_1_77' title='bbox 819 1577 1018 1613; x_wconf 90' lang='lat' dir='ltr'><strong>nomen</strong></span> <span class='ocrx_word' id='word_1_78' title='bbox 1043 1562 1319 1624; x_wconf 79' lang='lat' dir='ltr'><strong>indiderit,</strong></span> <span class='ocrx_word' id='word_1_79' title='bbox 1358 1563 1547 1612; x_wconf 84' lang='lat' dir='ltr'><strong>absur-</strong></span> 
     </span>
     <span class='ocr_line' id='line_1_15' title="bbox 457 1630 1545 1696; baseline 0.001 -16"><span class='ocrx_word' id='word_1_80' title='bbox 457 1630 582 1681; x_wconf 88' lang='lat' dir='ltr'><strong>dam</strong></span> <span class='ocrx_word' id='word_1_81' title='bbox 628 1646 749 1681; x_wconf 85' lang='lat' dir='ltr'><strong>esse</strong></span> <span class='ocrx_word' id='word_1_82' title='bbox 796 1632 1172 1696; x_wconf 86' lang='lat' dir='ltr'><strong>pronuntiet.“</strong></span> <span class='ocrx_word' id='word_1_83' title='bbox 1247 1632 1545 1682; x_wconf 72' lang='lat' dir='ltr'><strong>Creuzerus</strong></span> 
     </span>
     <span class='ocr_line' id='line_1_16' title="bbox 457 1699 1546 1767; baseline 0.002 -17"><span class='ocrx_word' id='word_1_84' title='bbox 457 1699 656 1751; x_wconf 86' lang='lat' dir='ltr'><strong>ibidem</strong></span> <span class='ocrx_word' id='word_1_85' title='bbox 700 1715 828 1767; x_wconf 87' lang='lat' dir='ltr'><strong>pag.</strong></span> <span class='ocrx_word' id='word_1_86' title='bbox 871 1702 964 1751; x_wconf 83' lang='lat'><strong>111</strong></span> <span class='ocrx_word' id='word_1_87' title='bbox 1007 1717 1122 1766; x_wconf 88' lang='lat' dir='ltr'><strong>seq.</strong></span> <span class='ocrx_word' id='word_1_88' title='bbox 1165 1700 1222 1750; x_wconf 91' lang='lat' dir='ltr'><strong>in</strong></span> <span class='ocrx_word' id='word_1_89' title='bbox 1268 1705 1401 1750; x_wconf 91' lang='lat' dir='ltr'><strong>nota</strong></span> <span class='ocrx_word' id='word_1_90' title='bbox 1441 1700 1546 1752; x_wconf 87' lang='lat' dir='ltr'><strong>hoc</strong></span> 
     </span>
     <span class='ocr_line' id='line_1_17' title="bbox 457 1769 1546 1834; baseline 0.001 -14"><span class='ocrx_word' id='word_1_91' title='bbox 457 1769 637 1820; x_wconf 81' lang='lat' dir='ltr'><strong>addit:</strong></span> <span class='ocrx_word' id='word_1_92' title='bbox 692 1807 728 1834; x_wconf 93' lang='lat'>„</span> <span class='ocrx_word' id='word_1_93' title='bbox 747 1771 1033 1821; x_wconf 73' lang='lat' dir='ltr'><strong><em>Busiridem</em></strong></span> <span class='ocrx_word' id='word_1_94' title='bbox 1084 1771 1270 1821; x_wconf 87' lang='lat' dir='ltr'><strong>urbem</strong></span> <span class='ocrx_word' id='word_1_95' title='bbox 1319 1770 1546 1821; x_wconf 86' lang='lat' dir='ltr'><strong>eandem</strong></span> 
     </span>
     <span class='ocr_line' id='line_1_18' title="bbox 457 1839 1546 1906; baseline 0 -17"><span class='ocrx_word' id='word_1_96' title='bbox 457 1855 579 1891; x_wconf 83' lang='lat' dir='ltr'><strong>esse</strong></span> <span class='ocrx_word' id='word_1_97' title='bbox 613 1845 778 1906; x_wconf 84' lang='lat' dir='ltr'><strong>atque</strong></span> <span class='ocrx_word' id='word_1_98' title='bbox 811 1839 1111 1904; x_wconf 64' lang='lat' dir='ltr'><strong>Taphosirin</strong></span> <span class='ocrx_word' id='word_1_99' title='bbox 1150 1846 1207 1889; x_wconf 92' lang='lat' dir='ltr'><strong>et</strong></span> <span class='ocrx_word' id='word_1_100' title='bbox 1241 1839 1546 1905; x_wconf 87' lang='lat' dir='ltr'><strong>sepulcrum</strong></span> 
     </span>
     <span class='ocr_line' id='line_1_19' title="bbox 458 1908 1546 1974; baseline -0.002 -14"><span class='ocrx_word' id='word_1_101' title='bbox 458 1909 692 1960; x_wconf 84' lang='lat' dir='ltr'><strong>Osiridis</strong></span> <span class='ocrx_word' id='word_1_102' title='bbox 724 1908 827 1959; x_wconf 91' lang='lat' dir='ltr'><strong>hoc</strong></span> <span class='ocrx_word' id='word_1_103' title='bbox 866 1910 985 1974; x_wconf 90' lang='lat' dir='ltr'><strong>ipso</strong></span> <span class='ocrx_word' id='word_1_104' title='bbox 1021 1910 1238 1960; x_wconf 87' lang='lat' dir='ltr'><strong>nomine</strong></span> <span class='ocrx_word' id='word_1_105' title='bbox 1278 1908 1546 1960; x_wconf 86' lang='lat' dir='ltr'><strong>deelarari</strong></span> 
     </span>
     <span class='ocr_line' id='line_1_20' title="bbox 455 1978 1543 2043; baseline 0 -15"><span class='ocrx_word' id='word_1_106' title='bbox 455 1978 628 2028; x_wconf 88' lang='lat' dir='ltr'><strong>tradit</strong></span> <span class='ocrx_word' id='word_1_107' title='bbox 649 1978 911 2029; x_wconf 84' lang='lat' dir='ltr'><strong>Eudoxus</strong></span> <span class='ocrx_word' id='word_1_108' title='bbox 947 1994 1037 2043; x_wconf 85' lang='lat' dir='ltr'><strong>ap.</strong></span> <span class='ocrx_word' id='word_1_109' title='bbox 1060 1978 1337 2029; x_wconf 85' lang='lat' dir='ltr'><strong>Plutarch.</strong></span> <span class='ocrx_word' id='word_1_110' title='bbox 1377 1979 1444 2028; x_wconf 90' lang='lat' dir='ltr'><strong>de</strong></span> <span class='ocrx_word' id='word_1_111' title='bbox 1466 1979 1543 2029; x_wconf 88' lang='lat' dir='ltr'><strong>Is.-</strong></span> 
     </span>
     <span class='ocr_line' id='line_1_21' title="bbox 458 2046 1547 2113; baseline -0.001 -15"><span class='ocrx_word' id='word_1_112' title='bbox 458 2054 514 2098; x_wconf 91' lang='lat' dir='ltr'><strong>et</strong></span> <span class='ocrx_word' id='word_1_113' title='bbox 550 2048 753 2098; x_wconf 86' lang='lat' dir='ltr'><strong>Osirid.</strong></span> <span class='ocrx_word' id='word_1_114' title='bbox 792 2063 847 2112; x_wconf 89' lang='lat' dir='ltr'><strong>p.</strong></span> <span class='ocrx_word' id='word_1_115' title='bbox 878 2047 980 2098; x_wconf 86' lang='grc'><strong>359</strong></span> <span class='ocrx_word' id='word_1_116' title='bbox 1011 2063 1056 2097; x_wconf 84' lang='lat' dir='ltr'><strong>s.</strong></span> <span class='ocrx_word' id='word_1_117' title='bbox 1079 2046 1182 2099; x_wconf 84' lang='grc'><strong>473</strong></span> <span class='ocrx_word' id='word_1_118' title='bbox 1203 2047 1399 2113; x_wconf 70' lang='lat' dir='ltr'><strong>wytt„</strong></span> <span class='ocrx_word' id='word_1_119' title='bbox 1437 2063 1547 2113; x_wconf 89' lang='lat' dir='ltr'><strong>qua</strong></span> 
     </span>
     <span class='ocr_line' id='line_1_22' title="bbox 457 2116 1546 2181; baseline 0.002 -15"><span class='ocrx_word' id='word_1_120' title='bbox 457 2116 525 2166; x_wconf 87' lang='lat' dir='ltr'><strong>de</strong></span> <span class='ocrx_word' id='word_1_121' title='bbox 571 2131 631 2166; x_wconf 88' lang='lat' dir='ltr'><strong>re</strong></span> <span class='ocrx_word' id='word_1_122' title='bbox 677 2116 895 2181; x_wconf 75' lang='lat' dir='ltr'>plurimi</span> <span class='ocrx_word' id='word_1_123' title='bbox 943 2117 1102 2166; x_wconf 85' lang='lat' dir='ltr'><strong>aliter</strong></span> <span class='ocrx_word' id='word_1_124' title='bbox 1146 2116 1546 2168; x_wconf 73' lang='lat' dir='ltr'><strong>iudicaverant.</strong></span> 
     </span>
     <span class='ocr_line' id='line_1_23' title="bbox 458 2184 1550 2250; baseline 0.001 -16"><span class='ocrx_word' id='word_1_125' title='bbox 458 2184 618 2235; x_wconf 85' lang='lat' dir='ltr'><strong>Conf.</strong></span> <span class='ocrx_word' id='word_1_126' title='bbox 654 2185 820 2250; x_wconf 84' lang='lat' dir='ltr'><strong>Zoeg.</strong></span> <span class='ocrx_word' id='word_1_127' title='bbox 862 2184 929 2234; x_wconf 92' lang='lat' dir='ltr'><strong>de</strong></span> <span class='ocrx_word' id='word_1_128' title='bbox 964 2185 1125 2235; x_wconf 90' lang='lat' dir='ltr'><strong>obell.</strong></span> <span class='ocrx_word' id='word_1_129' title='bbox 1163 2201 1217 2250; x_wconf 90' lang='lat' dir='ltr'><strong>p.</strong></span> <span class='ocrx_word' id='word_1_130' title='bbox 1257 2186 1379 2237; x_wconf 90' lang='grc'><strong>289.</strong></span> <span class='ocrx_word' id='word_1_131' title='bbox 1451 2187 1550 2236; x_wconf 93' lang='lat' dir='ltr'><strong>Di-</strong></span> 
     </span>
     <span class='ocr_line' id='line_1_24' title="bbox 457 2254 1547 2319; baseline 0.003 -17"><span class='ocrx_word' id='word_1_132' title='bbox 457 2254 811 2319; x_wconf 81' lang='lat' dir='ltr'><strong>stinguuntur</strong></span> <span class='ocrx_word' id='word_1_133' title='bbox 871 2258 1053 2304; x_wconf 84' lang='lat' dir='ltr'><strong>autem</strong></span> <span class='ocrx_word' id='word_1_134' title='bbox 1123 2255 1306 2319; x_wconf 86' lang='lat' dir='ltr'><strong>plures</strong></span> <span class='ocrx_word' id='word_1_135' title='bbox 1365 2255 1547 2318; x_wconf 85' lang='lat' dir='ltr'><strong>urbes,</strong></span> 
     </span>
     <span class='ocr_line' id='line_1_25' title="bbox 459 2321 1544 2388; baseline 0.001 -16"><span class='ocrx_word' id='word_1_136' title='bbox 459 2337 600 2388; x_wconf 84' lang='lat' dir='ltr'><strong>quae</strong></span> <span class='ocrx_word' id='word_1_137' title='bbox 647 2321 751 2372; x_wconf 88' lang='lat' dir='ltr'><strong>hoc</strong></span> <span class='ocrx_word' id='word_1_138' title='bbox 806 2323 1022 2373; x_wconf 89' lang='lat' dir='ltr'><strong>nomine</strong></span> <span class='ocrx_word' id='word_1_139' title='bbox 1084 2324 1329 2374; x_wconf 79' lang='lat' dir='ltr'><strong>veniunt.</strong></span> <span class='ocrx_word' id='word_1_140' title='bbox 1417 2324 1544 2374; x_wconf 89' lang='lat' dir='ltr'><strong>Vid.</strong></span> 
     </span>
     <span class='ocr_line' id='line_1_26' title="bbox 459 2391 1546 2458; baseline 0.002 -16"><span class='ocrx_word' id='word_1_141' title='bbox 459 2392 762 2457; x_wconf 79' lang='lat' dir='ltr'><strong>champoll.</strong></span> <span class='ocrx_word' id='word_1_142' title='bbox 812 2391 849 2441; x_wconf 94' lang='lat' dir='ltr'><strong>l.</strong></span> <span class='ocrx_word' id='word_1_143' title='bbox 890 2391 928 2442; x_wconf 90' lang='lat' dir='ltr'><strong>l.</strong></span> <span class='ocrx_word' id='word_1_144' title='bbox 974 2391 1051 2443; x_wconf 92' lang='lat'><strong>11.</strong></span> <span class='ocrx_word' id='word_1_145' title='bbox 1095 2407 1224 2458; x_wconf 89' lang='lat' dir='ltr'><strong>pag.</strong></span> <span class='ocrx_word' id='word_1_146' title='bbox 1265 2391 1387 2444; x_wconf 88' lang='grc'><strong>263.</strong></span> <span class='ocrx_word' id='word_1_147' title='bbox 1424 2393 1546 2456; x_wconf 90' lang='grc'><strong>267,</strong></span> 
     </span>
     <span class='ocr_line' id='line_1_27' title="bbox 437 2461 1547 2527; baseline 0.002 -16.042"><span class='ocrx_word' id='word_1_148' title='bbox 437 2462 554 2526; x_wconf 81' lang='lat' dir='ltr'><strong>,qui</strong></span> <span class='ocrx_word' id='word_1_149' title='bbox 597 2461 873 2527; x_wconf 74' lang='lat' dir='ltr'><strong>Tapoust&#39;rt&#39;</strong></span> <span class='ocrx_word' id='word_1_150' title='bbox 902 2463 1160 2527; x_wconf 86' lang='lat' dir='ltr'><strong>scriptum</strong></span> <span class='ocrx_word' id='word_1_151' title='bbox 1196 2477 1317 2512; x_wconf 91' lang='lat' dir='ltr'><strong>esse</strong></span> <span class='ocrx_word' id='word_1_152' title='bbox 1352 2462 1421 2512; x_wconf 90' lang='lat' dir='ltr'><strong>ab</strong></span> <span class='ocrx_word' id='word_1_153' title='bbox 1446 2463 1547 2513; x_wconf 84' lang='lat' dir='ltr'><strong>Ae·</strong></span> 
     </span>
     <span class='ocr_line' id='line_1_28' title="bbox 459 2530 1546 2596; baseline 0.003 -16"><span class='ocrx_word' id='word_1_154' title='bbox 459 2531 665 2596; x_wconf 79' lang='lat' dir='ltr'><strong>gyptiis</strong></span> <span class='ocrx_word' id='word_1_155' title='bbox 701 2530 888 2594; x_wconf 89' lang='lat' dir='ltr'><strong>docet,</strong></span> <span class='ocrx_word' id='word_1_156' title='bbox 924 2536 978 2581; x_wconf 87' lang='lat' dir='ltr'><strong>et</strong></span> <span class='ocrx_word' id='word_1_157' title='bbox 1008 2531 1177 2582; x_wconf 76' lang='lat' dir='ltr'><strong>urbem</strong></span> <span class='ocrx_word' id='word_1_158' title='bbox 1208 2530 1403 2584; x_wconf 59' lang='lat' dir='ltr'><strong>Osiridi</strong></span> <span class='ocrx_word' id='word_1_159' title='bbox 1421 2547 1546 2595; x_wconf 80' lang='lat' dir='ltr'><strong>pro-</strong></span> 
     </span>
     <span class='ocr_line' id='line_1_29' title="bbox 450 2600 1025 2682; baseline 0.002 -31"><span class='ocrx_word' id='word_1_160' title='bbox 450 2603 621 2666; x_wconf 74' lang='lat' dir='ltr'><strong>priam</strong></span> <span class='ocrx_word' id='word_1_161' title='bbox 653 2600 1025 2682; x_wconf 56' lang='lat' dir='ltr'><strong>significaref‘</strong></span> 
     </span>
    </p>

    <p class='ocr_par' dir='ltr' id='par_1_5' title="bbox 453 2660 1551 4462">
     <span class='ocr_line' id='line_1_30' title="bbox 528 2660 1546 2752; baseline 0.002 -33"><span class='ocrx_word' id='word_1_162' title='bbox 528 2661 642 2719; x_wconf 70' lang='grc' dir='ltr'><strong>ἐστὶ</strong></span> <span class='ocrx_word' id='word_1_163' title='bbox 675 2669 941 2735; x_wconf 77' lang='grc' dir='ltr'><strong><em>μέγιστον</em></strong></span> <span class='ocrx_word' id='word_1_164' title='bbox 960 2661 1131 2727; x_wconf 83' lang='grc' dir='ltr'><strong><em>Ἰσιος</em></strong></span> <span class='ocrx_word' id='word_1_165' title='bbox 1143 2660 1359 2752; x_wconf 45' lang='grc' dir='ltr'><strong>.ἰρόν],</strong></span> <span class='ocrx_word' id='word_1_166' title='bbox 1367 2671 1546 2734; x_wconf 86' lang='lat' dir='ltr'><strong>,Tem-</strong></span> 
     </span>
     <span class='ocr_line' id='line_1_31' title="bbox 457 2738 1548 2806; baseline -0.001 -16"><span class='ocrx_word' id='word_1_167' title='bbox 457 2739 534 2806; x_wconf 90' lang='lat' dir='ltr'><strong>pli</strong></span> <span class='ocrx_word' id='word_1_168' title='bbox 560 2740 757 2802; x_wconf 86' lang='lat' dir='ltr'><strong>Isidis,</strong></span> <span class='ocrx_word' id='word_1_169' title='bbox 795 2740 940 2806; x_wconf 89' lang='lat' dir='ltr'><strong>quod</strong></span> <span class='ocrx_word' id='word_1_170' title='bbox 978 2738 1105 2789; x_wconf 89' lang='lat' dir='ltr'><strong>olim</strong></span> <span class='ocrx_word' id='word_1_171' title='bbox 1139 2740 1197 2788; x_wconf 92' lang='lat' dir='ltr'><strong>in</strong></span> <span class='ocrx_word' id='word_1_172' title='bbox 1228 2740 1362 2790; x_wconf 90' lang='lat' dir='ltr'><strong>urbe</strong></span> <span class='ocrx_word' id='word_1_173' title='bbox 1389 2741 1548 2790; x_wconf 85' lang='lat' dir='ltr'><strong>Busi-</strong></span> 
     </span>
     <span class='ocr_line' id='line_1_32' title="bbox 458 2808 1550 2875; baseline 0 -16"><span class='ocrx_word' id='word_1_174' title='bbox 458 2809 599 2873; x_wconf 90' lang='lat' dir='ltr'><strong>ride,</strong></span> <span class='ocrx_word' id='word_1_175' title='bbox 658 2814 871 2860; x_wconf 84' lang='lat' dir='ltr'><strong>restant</strong></span> <span class='ocrx_word' id='word_1_176' title='bbox 924 2808 1394 2875; x_wconf 70' lang='lat' dir='ltr'>splendidissimae</span> <span class='ocrx_word' id='word_1_177' title='bbox 1441 2811 1550 2859; x_wconf 88' lang='lat' dir='ltr'><strong>rui-</strong></span> 
     </span>
     <span class='ocr_line' id='line_1_33' title="bbox 458 2878 1549 2944; baseline 0.001 -16"><span class='ocrx_word' id='word_1_178' title='bbox 458 2893 590 2940; x_wconf 83' lang='lat' dir='ltr'><strong>nae,</strong></span> <span class='ocrx_word' id='word_1_179' title='bbox 628 2878 1051 2944; x_wconf 77' lang='lat' dir='ltr'><strong>elegantissimis</strong></span> <span class='ocrx_word' id='word_1_180' title='bbox 1090 2878 1281 2942; x_wconf 90' lang='lat' dir='ltr'><strong>optimi</strong></span> <span class='ocrx_word' id='word_1_181' title='bbox 1316 2894 1549 2929; x_wconf 88' lang='lat' dir='ltr'><strong>marmo-</strong></span> 
     </span>
     <span class='ocr_line' id='line_1_34' title="bbox 458 2946 1550 3010; baseline 0.003 -15"><span class='ocrx_word' id='word_1_182' title='bbox 458 2948 534 2996; x_wconf 84' lang='lat' dir='ltr'><strong>ris</strong></span> <span class='ocrx_word' id='word_1_183' title='bbox 576 2946 872 3010; x_wconf 87' lang='lat' dir='ltr'><strong>columnis,</strong></span> <span class='ocrx_word' id='word_1_184' title='bbox 925 2947 1086 2997; x_wconf 83' lang='lat' dir='ltr'><strong>cultis</strong></span> <span class='ocrx_word' id='word_1_185' title='bbox 1123 2947 1396 2997; x_wconf 90' lang='lat' dir='ltr'><strong>hominum</strong></span> <span class='ocrx_word' id='word_1_186' title='bbox 1435 2948 1550 2998; x_wconf 89' lang='lat' dir='ltr'><strong>ani-</strong></span> 
     </span>
     <span class='ocr_line' id='line_1_35' title="bbox 458 3014 1549 3081; baseline 0.001 -16"><span class='ocrx_word' id='word_1_187' title='bbox 458 3014 788 3080; x_wconf 86' lang='lat' dir='ltr'><strong>maliumque</strong></span> <span class='ocrx_word' id='word_1_188' title='bbox 824 3015 1013 3081; x_wconf 88' lang='lat' dir='ltr'><strong>figuris</strong></span> <span class='ocrx_word' id='word_1_189' title='bbox 1054 3031 1121 3065; x_wconf 91' lang='lat' dir='ltr'><strong>ac</strong></span> <span class='ocrx_word' id='word_1_190' title='bbox 1159 3016 1336 3066; x_wconf 87' lang='lat' dir='ltr'><strong>literis</strong></span> <span class='ocrx_word' id='word_1_191' title='bbox 1374 3016 1549 3066; x_wconf 86' lang='lat' dir='ltr'><strong>hiero-</strong></span> 
     </span>
     <span class='ocr_line' id='line_1_36' title="bbox 459 3082 1549 3166; baseline 0.004 -34"><span class='ocrx_word' id='word_1_192' title='bbox 459 3082 729 3149; x_wconf 79' lang='lat' dir='ltr'><strong>glyphicis</strong></span> <span class='ocrx_word' id='word_1_193' title='bbox 801 3084 1162 3150; x_wconf 77' lang='lat' dir='ltr'><strong>spectabiles,</strong></span> <span class='ocrx_word' id='word_1_194' title='bbox 1240 3083 1549 3166; x_wconf 79' lang='lat' dir='ltr'><strong>descriptae</strong></span> 
     </span>
     <span class='ocr_line' id='line_1_37' title="bbox 460 3153 1549 3215; baseline 0.004 -14"><span class='ocrx_word' id='word_1_195' title='bbox 460 3167 582 3202; x_wconf 89' lang='lat' dir='ltr'><strong>cum</strong></span> <span class='ocrx_word' id='word_1_196' title='bbox 635 3168 767 3203; x_wconf 89' lang='lat' dir='ltr'><strong>cura</strong></span> <span class='ocrx_word' id='word_1_197' title='bbox 821 3169 855 3204; x_wconf 91' lang='lat' dir='ltr'><strong>a</strong></span> <span class='ocrx_word' id='word_1_198' title='bbox 900 3153 1156 3215; x_wconf 85' lang='lat' dir='ltr'><strong>Sicardo,</strong></span> <span class='ocrx_word' id='word_1_199' title='bbox 1209 3153 1425 3205; x_wconf 88' lang='lat' dir='ltr'><strong>curioso</strong></span> <span class='ocrx_word' id='word_1_200' title='bbox 1481 3171 1549 3205; x_wconf 85' lang='lat' dir='ltr'><strong>ex</strong></span> 
     </span>
     <span class='ocr_line' id='line_1_38' title="bbox 459 3222 1546 3288; baseline 0.001 -15"><span class='ocrx_word' id='word_1_201' title='bbox 459 3222 788 3273; x_wconf 83' lang='lat' dir='ltr'><strong>Iesuitarum</strong></span> <span class='ocrx_word' id='word_1_202' title='bbox 854 3222 1062 3273; x_wconf 83' lang='lat' dir='ltr'><strong>familia</strong></span> <span class='ocrx_word' id='word_1_203' title='bbox 1124 3223 1546 3288; x_wconf 79' lang='lat' dir='ltr'><strong>peregrinator-e,</strong></span> 
     </span>
     <span class='ocr_line' id='line_1_39' title="bbox 456 3291 1548 3357; baseline 0.002 -15"><span class='ocrx_word' id='word_1_204' title='bbox 456 3293 514 3342; x_wconf 92' lang='lat' dir='ltr'><strong>in</strong></span> <span class='ocrx_word' id='word_1_205' title='bbox 565 3292 725 3343; x_wconf 83' lang='lat' dir='ltr'><strong>novis</strong></span> <span class='ocrx_word' id='word_1_206' title='bbox 769 3306 987 3343; x_wconf 88' lang='lat' dir='ltr'><strong>memor.</strong></span> <span class='ocrx_word' id='word_1_207' title='bbox 1038 3291 1372 3357; x_wconf 84' lang='lat' dir='ltr'><strong>legationum</strong></span> <span class='ocrx_word' id='word_1_208' title='bbox 1431 3293 1548 3344; x_wconf 88' lang='lat' dir='ltr'><strong>eius</strong></span> 
     </span>
     <span class='ocr_line' id='line_1_40' title="bbox 458 3361 1545 3428; baseline 0.001 -16"><span class='ocrx_word' id='word_1_209' title='bbox 458 3361 531 3412; x_wconf 86' lang='lat' dir='ltr'><strong>ad</strong></span> <span class='ocrx_word' id='word_1_210' title='bbox 575 3363 838 3413; x_wconf 82' lang='lat' dir='ltr'><strong>orientem</strong></span> <span class='ocrx_word' id='word_1_211' title='bbox 885 3362 1136 3412; x_wconf 87' lang='lat' dir='ltr'><strong>societat.</strong></span> <span class='ocrx_word' id='word_1_212' title='bbox 1194 3365 1236 3411; x_wconf 93' lang='lat' dir='ltr'><strong>t.</strong></span> <span class='ocrx_word' id='word_1_213' title='bbox 1286 3363 1365 3413; x_wconf 89' lang='lat'><strong>11.</strong></span> <span class='ocrx_word' id='word_1_214' title='bbox 1417 3378 1545 3428; x_wconf 85' lang='lat' dir='ltr'><strong>pag.</strong></span> 
     </span>
     <span class='ocr_line' id='line_1_41' title="bbox 460 3430 1549 3496; baseline 0.001 -15"><span class='ocrx_word' id='word_1_215' title='bbox 460 3430 624 3484; x_wconf 83' lang='lat'><strong>118.“</strong></span> <span class='ocrx_word' id='word_1_216' title='bbox 672 3433 1055 3496; x_wconf 72' lang='lat' dir='ltr'><strong>Wesselinq.</strong></span> <span class='ocrx_word' id='word_1_217' title='bbox 1094 3432 1296 3481; x_wconf 88' lang='lat' dir='ltr'><strong>Verum</strong></span> <span class='ocrx_word' id='word_1_218' title='bbox 1317 3432 1421 3482; x_wconf 86' lang='lat' dir='ltr'><strong>hae</strong></span> <span class='ocrx_word' id='word_1_219' title='bbox 1441 3433 1549 3482; x_wconf 85' lang='lat' dir='ltr'><strong>rui-</strong></span> 
     </span>
     <span class='ocr_line' id='line_1_42' title="bbox 456 3500 1548 3567; baseline -0.001 -15"><span class='ocrx_word' id='word_1_220' title='bbox 456 3516 586 3562; x_wconf 85' lang='lat' dir='ltr'><strong>nae,</strong></span> <span class='ocrx_word' id='word_1_221' title='bbox 634 3502 822 3566; x_wconf 88' lang='lat' dir='ltr'><strong>utique</strong></span> <span class='ocrx_word' id='word_1_222' title='bbox 865 3500 1360 3567; x_wconf 84' lang='lat' dir='ltr'><strong>splendidissimae,</strong></span> <span class='ocrx_word' id='word_1_223' title='bbox 1410 3517 1548 3566; x_wconf 89' lang='lat' dir='ltr'><strong>quae</strong></span> 
     </span>
     <span class='ocr_line' id='line_1_43' title="bbox 458 3569 1551 3636; baseline 0.001 -16"><span class='ocrx_word' id='word_1_224' title='bbox 458 3571 679 3622; x_wconf 88' lang='lat' dir='ltr'><strong>minime</strong></span> <span class='ocrx_word' id='word_1_225' title='bbox 727 3571 987 3636; x_wconf 80' lang='lat' dir='ltr'><strong>fugerunt</strong></span> <span class='ocrx_word' id='word_1_226' title='bbox 1032 3569 1313 3620; x_wconf 87' lang='lat' dir='ltr'><strong>doctorum</strong></span> <span class='ocrx_word' id='word_1_227' title='bbox 1365 3570 1551 3621; x_wconf 85' lang='lat' dir='ltr'><strong>Gallo·</strong></span> 
     </span>
     <span class='ocr_line' id='line_1_44' title="bbox 456 3639 1550 3703; baseline -0.001 -13"><span class='ocrx_word' id='word_1_228' title='bbox 456 3655 574 3690; x_wconf 85' lang='lat' dir='ltr'><strong>rum</strong></span> <span class='ocrx_word' id='word_1_229' title='bbox 630 3639 990 3703; x_wconf 83' lang='lat' dir='ltr'><strong>industriam,</strong></span> <span class='ocrx_word' id='word_1_230' title='bbox 1047 3655 1154 3690; x_wconf 87' lang='lat' dir='ltr'><strong>non</strong></span> <span class='ocrx_word' id='word_1_231' title='bbox 1212 3639 1282 3689; x_wconf 82' lang='lat' dir='ltr'><strong>ad</strong></span> <span class='ocrx_word' id='word_1_232' title='bbox 1335 3640 1550 3690; x_wconf 51' lang='lat' dir='ltr'><strong>Busirin</strong></span> 
     </span>
     <span class='ocr_line' id='line_1_45' title="bbox 457 3708 1546 3773; baseline 0 -15"><span class='ocrx_word' id='word_1_233' title='bbox 457 3710 729 3773; x_wconf 88' lang='lat' dir='ltr'><strong>pertinere</strong></span> <span class='ocrx_word' id='word_1_234' title='bbox 751 3723 897 3759; x_wconf 88' lang='lat' dir='ltr'><strong>nunc</strong></span> <span class='ocrx_word' id='word_1_235' title='bbox 920 3709 1193 3771; x_wconf 90' lang='lat' dir='ltr'><strong>dicuntur,</strong></span> <span class='ocrx_word' id='word_1_236' title='bbox 1231 3708 1325 3759; x_wconf 86' lang='lat' dir='ltr'><strong>sed</strong></span> <span class='ocrx_word' id='word_1_237' title='bbox 1354 3709 1424 3758; x_wconf 86' lang='lat' dir='ltr'><strong>ad</strong></span> <span class='ocrx_word' id='word_1_238' title='bbox 1445 3709 1546 3758; x_wconf 78' lang='lat' dir='ltr'><strong>Isi-</strong></span> 
     </span>
     <span class='ocr_line' id='line_1_46' title="bbox 458 3777 1543 3843; baseline 0.002 -16"><span class='ocrx_word' id='word_1_239' title='bbox 458 3778 539 3827; x_wconf 79' lang='lat' dir='ltr'><strong>dis</strong></span> <span class='ocrx_word' id='word_1_240' title='bbox 582 3779 819 3842; x_wconf 77' lang='lat' dir='ltr'><strong>oppidum</strong></span> <span class='ocrx_word' id='word_1_241' title='bbox 866 3777 1345 3842; x_wconf 77' lang='lat' dir='ltr'><strong>s-Iset&#39;on‚q110d</strong></span> <span class='ocrx_word' id='word_1_242' title='bbox 1381 3778 1543 3843; x_wconf 88' lang='lat' dir='ltr'><strong>paulo</strong></span> 
     </span>
     <span class='ocr_line' id='line_1_47' title="bbox 453 3845 1545 3897; baseline 0.002 -3"><span class='ocrx_word' id='word_1_243' title='bbox 453 3845 684 3895; x_wconf 83' lang='lat' dir='ltr'><strong>inferius</strong></span> <span class='ocrx_word' id='word_1_244' title='bbox 719 3847 788 3895; x_wconf 87' lang='lat' dir='ltr'><strong>ad</strong></span> <span class='ocrx_word' id='word_1_245' title='bbox 825 3848 1050 3897; x_wconf 88' lang='lat' dir='ltr'><strong>eandem</strong></span> <span class='ocrx_word' id='word_1_246' title='bbox 1081 3847 1383 3897; x_wconf 87' lang='lat' dir='ltr'><strong>Phatnitici</strong></span> <span class='ocrx_word' id='word_1_247' title='bbox 1416 3848 1545 3897; x_wconf 88' lang='lat' dir='ltr'><strong>ostii</strong></span> 
     </span>
     <span class='ocr_line' id='line_1_48' title="bbox 457 3914 1546 3995; baseline 0.004 -33"><span class='ocrx_word' id='word_1_248' title='bbox 457 3914 630 3995; x_wconf 79' lang='lat' dir='ltr'><strong>ripam</strong></span> <span class='ocrx_word' id='word_1_249' title='bbox 683 3915 849 3964; x_wconf 88' lang='lat' dir='ltr'><strong>situm</strong></span> <span class='ocrx_word' id='word_1_250' title='bbox 912 3916 1083 3966; x_wconf 81' lang='lat' dir='ltr'><strong>fuisse</strong></span> <span class='ocrx_word' id='word_1_251' title='bbox 1139 3916 1337 3977; x_wconf 84' lang='lat' dir='ltr'><strong>fertur,</strong></span> <span class='ocrx_word' id='word_1_252' title='bbox 1401 3932 1546 3966; x_wconf 90' lang='lat' dir='ltr'><strong>nunc</strong></span> 
     </span>
     <span class='ocr_line' id='line_1_49' title="bbox 456 3984 1543 4119; baseline 0.003 -19"><span class='ocrx_word' id='word_1_253' title='bbox 456 3987 1014 4115; x_wconf 49' lang='lat' dir='ltr'><strong>2255¹t¹22⁰3p33¹5¹¹22</strong></span> <span class='ocrx_word' id='word_1_254' title='bbox 1048 3984 1267 4103; x_wconf 51' lang='lat' dir='ltr'><strong>iffi?</strong></span> <span class='ocrx_word' id='word_1_255' title='bbox 1280 3986 1543 4119; x_wconf 53' lang='grc' dir='ltr'><strong>..5.ἐῖΖέ</strong></span> 
     </span>
     <span class='ocr_line' id='line_1_50' title="bbox 457 4119 1544 4187; baseline 0.005 -19"><span class='ocrx_word' id='word_1_256' title='bbox 457 4119 620 4169; x_wconf 77' lang='lat' dir='ltr'><strong>Naesi</strong></span> <span class='ocrx_word' id='word_1_257' title='bbox 662 4135 708 4169; x_wconf 85' lang='lat' dir='ltr'><strong>s.</strong></span> <span class='ocrx_word' id='word_1_258' title='bbox 759 4119 929 4178; x_wconf 72' lang='lat' dir='ltr'><strong>Naisi,</strong></span> <span class='ocrx_word' id='word_1_259' title='bbox 981 4123 1126 4185; x_wconf 88' lang='lat' dir='ltr'><strong>quod</strong></span> <span class='ocrx_word' id='word_1_260' title='bbox 1163 4123 1370 4187; x_wconf 87' lang='lat' dir='ltr'><strong>ipsum,</strong></span> <span class='ocrx_word' id='word_1_261' title='bbox 1425 4138 1544 4173; x_wconf 84' lang='lat' dir='ltr'><strong>sen-</strong></span> 
     </span>
     <span class='ocr_line' id='line_1_51' title="bbox 457 4187 1545 4253; baseline 0.004 -15"><span class='ocrx_word' id='word_1_262' title='bbox 457 4202 577 4238; x_wconf 86' lang='lat' dir='ltr'><strong>sum</strong></span> <span class='ocrx_word' id='word_1_263' title='bbox 624 4187 670 4237; x_wconf 89' lang='lat' dir='ltr'><strong>si</strong></span> <span class='ocrx_word' id='word_1_264' title='bbox 711 4192 954 4252; x_wconf 87' lang='lat' dir='ltr'><strong>spectes,</strong></span> <span class='ocrx_word' id='word_1_265' title='bbox 1002 4191 1203 4253; x_wconf 89' lang='lat' dir='ltr'><strong>optime</strong></span> <span class='ocrx_word' id='word_1_266' title='bbox 1253 4191 1545 4242; x_wconf 80' lang='lat' dir='ltr'><strong>convenire</strong></span> 
     </span>
     <span class='ocr_line' id='line_1_52' title="bbox 456 4255 1544 4326; baseline 0.004 -18"><span class='ocrx_word' id='word_1_267' title='bbox 456 4271 579 4308; x_wconf 88' lang='lat' dir='ltr'><strong>cum</strong></span> <span class='ocrx_word' id='word_1_268' title='bbox 604 4255 815 4307; x_wconf 86' lang='lat' dir='ltr'><strong>Graeca</strong></span> <span class='ocrx_word' id='word_1_269' title='bbox 853 4263 908 4307; x_wconf 90' lang='lat' dir='ltr'><strong>et</strong></span> <span class='ocrx_word' id='word_1_270' title='bbox 942 4258 1143 4310; x_wconf 85' lang='lat' dir='ltr'><strong>Latina</strong></span> <span class='ocrx_word' id='word_1_271' title='bbox 1175 4260 1544 4326; x_wconf 82' lang='lat' dir='ltr'><strong>appellatione</strong></span> 
     </span>
     <span class='ocr_line' id='line_1_53' title="bbox 457 4325 1543 4395; baseline 0.003 -18"><span class='ocrx_word' id='word_1_272' title='bbox 457 4325 741 4377; x_wconf 81' lang='lat' dir='ltr'><strong>contendit</strong></span> <span class='ocrx_word' id='word_1_273' title='bbox 773 4325 1073 4392; x_wconf 81' lang='lat' dir='ltr'><strong>Chsmpoll.</strong></span> <span class='ocrx_word' id='word_1_274' title='bbox 1118 4329 1156 4379; x_wconf 91' lang='lat' dir='ltr'><strong>l.</strong></span> <span class='ocrx_word' id='word_1_275' title='bbox 1207 4329 1243 4379; x_wconf 91' lang='lat'><strong>1.</strong></span> <span class='ocrx_word' id='word_1_276' title='bbox 1276 4344 1402 4395; x_wconf 80' lang='lat' dir='ltr'><strong>pag.</strong></span> <span class='ocrx_word' id='word_1_277' title='bbox 1441 4328 1543 4382; x_wconf 87' lang='grc'><strong>193</strong></span> 
     </span>
     <span class='ocr_line' id='line_1_54' title="bbox 456 4394 1537 4462; baseline -0.001 -13"><span class='ocrx_word' id='word_1_278' title='bbox 456 4409 575 4462; x_wconf 81' lang='lat' dir='ltr'><strong>seq.</strong></span> <span class='ocrx_word' id='word_1_279' title='bbox 614 4394 714 4448; x_wconf 82' lang='lat'><strong>195</strong></span> <span class='ocrx_word' id='word_1_280' title='bbox 748 4409 902 4462; x_wconf 82' lang='lat' dir='ltr'><strong>seqq.</strong></span> <span class='ocrx_word' id='word_1_281' title='bbox 947 4396 1071 4449; x_wconf 90' lang='lat' dir='ltr'><strong>coll.</strong></span> <span class='ocrx_word' id='word_1_282' title='bbox 1121 4397 1537 4451; x_wconf 80' lang='lat' dir='ltr'><strong>Sehlichthorst.</strong></span> 
     </span>
    </p>
   </div>
   <div class='ocr_carea' id='block_1_5' title="bbox 341 730 2735 832">
    <p class='ocr_par' dir='ltr' id='par_1_6' title="bbox 341 730 2735 832">
     <span class='ocr_line' id='line_1_55' title="bbox 341 730 2735 832; baseline -0.001 -26"><span class='ocrx_word' id='word_1_283' title='bbox 341 778 352 789; x_wconf 92' lang='lat'><strong>·</strong></span> <span class='ocrx_word' id='word_1_284' title='bbox 452 744 548 832; x_wconf 74' lang='grc' dir='ltr'><strong>τῷ</strong></span> <span class='ocrx_word' id='word_1_285' title='bbox 575 741 819 808; x_wconf 80' lang='grc' dir='ltr'><strong><em>Δέλτα.</em></strong></span> <span class='ocrx_word' id='word_1_286' title='bbox 880 730 1036 818; x_wconf 81' lang='grc' dir='ltr'><strong><em>Ἶσις</em></strong></span> <span class='ocrx_word' id='word_1_287' title='bbox 1065 740 1146 806; x_wconf 78' lang='grc' dir='ltr'><strong>δέ</strong></span> <span class='ocrx_word' id='word_1_288' title='bbox 1168 741 1305 807; x_wconf 75' lang='grc' dir='ltr'><strong><em>ἐστι</em></strong></span> <span class='ocrx_word' id='word_1_289' title='bbox 1335 736 1504 806; x_wconf 81' lang='grc' dir='ltr'><strong><em>κατὰ</em></strong></span> <span class='ocrx_word' id='word_1_290' title='bbox 1528 736 1655 827; x_wconf 80' lang='grc' dir='ltr'><strong>τὴν</strong></span> <span class='ocrx_word' id='word_1_291' title='bbox 1673 733 2014 825; x_wconf 81' lang='grc' dir='ltr'><strong><em>Ἑλλήνων</em></strong></span> <span class='ocrx_word' id='word_1_292' title='bbox 2041 740 2356 823; x_wconf 74' lang='grc' dir='ltr'><strong><em>γλῶσσαν</em></strong></span> <span class='ocrx_word' id='word_1_293' title='bbox 2385 737 2735 826; x_wconf 83' lang='grc' dir='ltr'><strong>Δημήτηρ.</strong></span> 
     </span>
    </p>
   </div>
   <div class='ocr_carea' id='block_1_6' title="bbox 1636 936 2742 4394">
    <p class='ocr_par' dir='ltr' id='par_1_7' title="bbox 1641 936 2742 4394">
     <span class='ocr_line' id='line_1_56' title="bbox 1644 936 2737 1004; baseline -0.001 -16"><span class='ocrx_word' id='word_1_294' title='bbox 1644 939 1680 989; x_wconf 92' lang='grc' dir='ltr'><strong>Ι.</strong></span> <span class='ocrx_word' id='word_1_295' title='bbox 1722 938 1758 989; x_wconf 91' lang='lat' dir='ltr'><strong>l.</strong></span> <span class='ocrx_word' id='word_1_296' title='bbox 1797 953 1925 1004; x_wconf 83' lang='lat' dir='ltr'><strong>pag.</strong></span> <span class='ocrx_word' id='word_1_297' title='bbox 1963 939 2031 989; x_wconf 92' lang='grc'><strong>70</strong></span> <span class='ocrx_word' id='word_1_298' title='bbox 2069 954 2183 1004; x_wconf 88' lang='lat' dir='ltr'><strong>seq.</strong></span> <span class='ocrx_word' id='word_1_299' title='bbox 2206 975 2221 1003; x_wconf 95' lang='lat'><strong>,</strong></span> <span class='ocrx_word' id='word_1_300' title='bbox 2275 937 2502 990; x_wconf 85' lang='lat' dir='ltr'><strong>Bennel.</strong></span> <span class='ocrx_word' id='word_1_301' title='bbox 2533 937 2568 987; x_wconf 92' lang='lat' dir='ltr'><strong>l.</strong></span> <span class='ocrx_word' id='word_1_302' title='bbox 2607 936 2646 988; x_wconf 90' lang='lat'><strong>1.</strong></span> <span class='ocrx_word' id='word_1_303' title='bbox 2681 952 2737 1002; x_wconf 92' lang='lat' dir='ltr'><strong>p.</strong></span> 
     </span>
     <span class='ocr_line' id='line_1_57' title="bbox 1646 1007 2739 1073; baseline -0.003 -14"><span class='ocrx_word' id='word_1_304' title='bbox 1646 1008 1748 1059; x_wconf 86' lang='grc'><strong>593</strong></span> <span class='ocrx_word' id='word_1_305' title='bbox 1786 1023 1901 1073; x_wconf 90' lang='lat' dir='ltr'><strong>seq.</strong></span> <span class='ocrx_word' id='word_1_306' title='bbox 1941 1012 2056 1057; x_wconf 91' lang='lat' dir='ltr'><strong>not.</strong></span> <span class='ocrx_word' id='word_1_307' title='bbox 2096 1023 2148 1058; x_wconf 89' lang='lat' dir='ltr'><strong>a.</strong></span> <span class='ocrx_word' id='word_1_308' title='bbox 2216 1007 2372 1059; x_wconf 77' lang='lat' dir='ltr'><strong>Isidis</strong></span> <span class='ocrx_word' id='word_1_309' title='bbox 2414 1012 2597 1058; x_wconf 90' lang='lat' dir='ltr'><strong>autem</strong></span> <span class='ocrx_word' id='word_1_310' title='bbox 2645 1021 2739 1071; x_wconf 77' lang='lat' dir='ltr'><strong>op-</strong></span> 
     </span>
     <span class='ocr_line' id='line_1_58' title="bbox 1641 1076 2739 1142; baseline -0.003 -15"><span class='ocrx_word' id='word_1_311' title='bbox 1641 1079 1811 1140; x_wconf 78' lang='lat' dir='ltr'><strong>pidum</strong></span> <span class='ocrx_word' id='word_1_312' title='bbox 1846 1076 2241 1142; x_wconf 82' lang='lat' dir='ltr'><strong>Ghampollioni</strong></span> <span class='ocrx_word' id='word_1_313' title='bbox 2289 1077 2480 1128; x_wconf 84' lang='lat' dir='ltr'><strong>eadem</strong></span> <span class='ocrx_word' id='word_1_314' title='bbox 2520 1076 2739 1126; x_wconf 79' lang='lat' dir='ltr'><strong>videtur</strong></span> 
     </span>
     <span class='ocr_line' id='line_1_59' title="bbox 1644 1146 2739 1213; baseline -0.003 -16"><span class='ocrx_word' id='word_1_315' title='bbox 1644 1148 1774 1197; x_wconf 87' lang='lat' dir='ltr'><strong>urbs</strong></span> <span class='ocrx_word' id='word_1_316' title='bbox 1807 1147 1872 1213; x_wconf 90' lang='lat' dir='ltr'><strong>(l.</strong></span> <span class='ocrx_word' id='word_1_317' title='bbox 1908 1146 1947 1197; x_wconf 92' lang='lat' dir='ltr'><strong>l.</strong></span> <span class='ocrx_word' id='word_1_318' title='bbox 1976 1146 2054 1197; x_wconf 88' lang='lat'><strong>11.</strong></span> <span class='ocrx_word' id='word_1_319' title='bbox 2093 1162 2222 1212; x_wconf 78' lang='lat' dir='ltr'><strong>pag.</strong></span> <span class='ocrx_word' id='word_1_320' title='bbox 2260 1147 2415 1213; x_wconf 82' lang='lat'><strong>200),</strong></span> <span class='ocrx_word' id='word_1_321' title='bbox 2456 1160 2593 1211; x_wconf 82' lang='lat' dir='ltr'><strong>quae</strong></span> <span class='ocrx_word' id='word_1_322' title='bbox 2626 1146 2739 1195; x_wconf 89' lang='lat' dir='ltr'><strong>He-</strong></span> 
     </span>
     <span class='ocr_line' id='line_1_60' title="bbox 1645 1214 2741 1283; baseline -0.002 -17"><span class='ocrx_word' id='word_1_323' title='bbox 1645 1216 1838 1267; x_wconf 87' lang='lat' dir='ltr'><strong>rodoto</strong></span> <span class='ocrx_word' id='word_1_324' title='bbox 1864 1221 2093 1266; x_wconf 84' lang='lat' dir='ltr'><strong>vocatur</strong></span> <span class='ocrx_word' id='word_1_325' title='bbox 2123 1217 2316 1283; x_wconf 71' lang='lat' dir='ltr'><strong>Anysis</strong></span> <span class='ocrx_word' id='word_1_326' title='bbox 2339 1215 2414 1279; x_wconf 88' lang='lat'><strong>11,</strong></span> <span class='ocrx_word' id='word_1_327' title='bbox 2446 1214 2564 1266; x_wconf 87' lang='grc'><strong>137.</strong></span> <span class='ocrx_word' id='word_1_328' title='bbox 2629 1214 2741 1264; x_wconf 85' lang='lat' dir='ltr'><strong>Sed</strong></span> 
     </span>
     <span class='ocr_line' id='line_1_61' title="bbox 1645 1285 2740 1336; baseline -0.003 0"><span class='ocrx_word' id='word_1_329' title='bbox 1645 1286 1716 1336; x_wconf 87' lang='lat' dir='ltr'><strong>ab</strong></span> <span class='ocrx_word' id='word_1_330' title='bbox 1753 1285 1965 1335; x_wconf 87' lang='lat' dir='ltr'><strong>illorum</strong></span> <span class='ocrx_word' id='word_1_331' title='bbox 2005 1285 2247 1335; x_wconf 80' lang='lat' dir='ltr'><strong>virorum</strong></span> <span class='ocrx_word' id='word_1_332' title='bbox 2282 1285 2612 1336; x_wconf 80' lang='lat' dir='ltr'><strong>auctoritate</strong></span> <span class='ocrx_word' id='word_1_333' title='bbox 2656 1299 2740 1333; x_wconf 85' lang='lat' dir='ltr'><strong>re·</strong></span> 
     </span>
     <span class='ocr_line' id='line_1_62' title="bbox 1650 1354 2735 1421; baseline -0.003 -16"><span class='ocrx_word' id='word_1_334' title='bbox 1650 1354 1795 1405; x_wconf 82' lang='lat' dir='ltr'><strong>cedit</strong></span> <span class='ocrx_word' id='word_1_335' title='bbox 1837 1356 2110 1405; x_wconf 83' lang='lat' dir='ltr'><strong>Mannert.</strong></span> <span class='ocrx_word' id='word_1_336' title='bbox 2165 1355 2366 1421; x_wconf 78' lang='lat' dir='ltr'><strong>Geogr.</strong></span> <span class='ocrx_word' id='word_1_337' title='bbox 2425 1355 2479 1405; x_wconf 88' lang='lat' dir='ltr'><strong>d.</strong></span> <span class='ocrx_word' id='word_1_338' title='bbox 2531 1354 2627 1406; x_wconf 83' lang='lat' dir='ltr'><strong>Gr.</strong></span> <span class='ocrx_word' id='word_1_339' title='bbox 2676 1368 2735 1403; x_wconf 91' lang='lat' dir='ltr'><strong>u.</strong></span> 
     </span>
     <span class='ocr_line' id='line_1_63' title="bbox 1648 1424 2738 1490; baseline -0.002 -16"><span class='ocrx_word' id='word_1_340' title='bbox 1648 1426 1837 1475; x_wconf 81' lang='lat' dir='ltr'><strong>Boem.</strong></span> <span class='ocrx_word' id='word_1_341' title='bbox 1882 1425 1963 1486; x_wconf 89' lang='lat' dir='ltr'><strong>X,</strong></span> <span class='ocrx_word' id='word_1_342' title='bbox 2006 1425 2051 1476; x_wconf 91' lang='lat' dir='ltr'><strong>l.</strong></span> <span class='ocrx_word' id='word_1_343' title='bbox 2106 1439 2230 1489; x_wconf 79' lang='lat' dir='ltr'><strong>pag.</strong></span> <span class='ocrx_word' id='word_1_344' title='bbox 2269 1425 2374 1475; x_wconf 82' lang='grc'><strong>574</strong></span> <span class='ocrx_word' id='word_1_345' title='bbox 2408 1439 2523 1490; x_wconf 83' lang='lat' dir='ltr'><strong>seq.</strong></span> <span class='ocrx_word' id='word_1_346' title='bbox 2594 1424 2738 1474; x_wconf 76' lang='lat' dir='ltr'><strong>Nam</strong></span> 
     </span>
     <span class='ocr_line' id='line_1_64' title="bbox 1650 1493 2741 1557; baseline -0.003 -14"><span class='ocrx_word' id='word_1_347' title='bbox 1650 1493 1860 1544; x_wconf 76' lang='lat' dir='ltr'><strong>Busirin</strong></span> <span class='ocrx_word' id='word_1_348' title='bbox 1896 1493 2262 1543; x_wconf 81' lang='lat' dir='ltr'><strong>Herodoteam</strong></span> <span class='ocrx_word' id='word_1_349' title='bbox 2297 1499 2352 1544; x_wconf 86' lang='lat' dir='ltr'><strong>et</strong></span> <span class='ocrx_word' id='word_1_350' title='bbox 2384 1493 2550 1543; x_wconf 86' lang='lat' dir='ltr'><strong>Isidis</strong></span> <span class='ocrx_word' id='word_1_351' title='bbox 2587 1493 2741 1557; x_wconf 85' lang='lat' dir='ltr'><strong>oppi-</strong></span> 
     </span>
     <span class='ocr_line' id='line_1_65' title="bbox 1648 1561 2740 1628; baseline -0.002 -16"><span class='ocrx_word' id='word_1_352' title='bbox 1648 1561 1776 1612; x_wconf 86' lang='lat' dir='ltr'><strong>dum</strong></span> <span class='ocrx_word' id='word_1_353' title='bbox 1813 1577 1923 1612; x_wconf 93' lang='lat' dir='ltr'><strong>una</strong></span> <span class='ocrx_word' id='word_1_354' title='bbox 1958 1577 2079 1612; x_wconf 90' lang='lat' dir='ltr'><strong>cum</strong></span> <span class='ocrx_word' id='word_1_355' title='bbox 2110 1562 2407 1628; x_wconf 83' lang='lat' dir='ltr'><strong>splendidis</strong></span> <span class='ocrx_word' id='word_1_356' title='bbox 2438 1562 2547 1612; x_wconf 83' lang='lat' dir='ltr'><strong>illis</strong></span> <span class='ocrx_word' id='word_1_357' title='bbox 2582 1561 2740 1611; x_wconf 87' lang='lat' dir='ltr'><strong>rude-</strong></span> 
     </span>
     <span class='ocr_line' id='line_1_66' title="bbox 1648 1631 2737 1698; baseline -0.001 -17"><span class='ocrx_word' id='word_1_358' title='bbox 1648 1632 1799 1682; x_wconf 86' lang='lat' dir='ltr'><strong>ribus</strong></span> <span class='ocrx_word' id='word_1_359' title='bbox 1811 1643 1920 1697; x_wconf 78' lang='lat' dir='ltr'><strong>rpro</strong></span> <span class='ocrx_word' id='word_1_360' title='bbox 1942 1646 2054 1681; x_wconf 89' lang='lat' dir='ltr'><strong>una</strong></span> <span class='ocrx_word' id='word_1_361' title='bbox 2078 1633 2375 1698; x_wconf 76' lang='lat' dir='ltr'><strong>eademque</strong></span> <span class='ocrx_word' id='word_1_362' title='bbox 2395 1631 2561 1682; x_wconf 82' lang='lat' dir='ltr'><strong>habet</strong></span> <span class='ocrx_word' id='word_1_363' title='bbox 2583 1631 2737 1694; x_wconf 87' lang='lat' dir='ltr'><strong>urbe,</strong></span> 
     </span>
     <span class='ocr_line' id='line_1_67' title="bbox 1649 1700 2739 1767; baseline -0.001 -16"><span class='ocrx_word' id='word_1_364' title='bbox 1649 1716 1789 1767; x_wconf 88' lang='lat' dir='ltr'><strong>quae</strong></span> <span class='ocrx_word' id='word_1_365' title='bbox 1811 1700 2022 1751; x_wconf 82' lang='lat' dir='ltr'><strong>Busiris</strong></span> <span class='ocrx_word' id='word_1_366' title='bbox 2045 1704 2207 1751; x_wconf 82' lang='lat' dir='ltr'><strong>vetus</strong></span> <span class='ocrx_word' id='word_1_367' title='bbox 2239 1703 2312 1751; x_wconf 87' lang='lat' dir='ltr'><strong>sit</strong></span> <span class='ocrx_word' id='word_1_368' title='bbox 2344 1701 2601 1752; x_wconf 86' lang='lat' dir='ltr'><strong>dicenda.</strong></span> <span class='ocrx_word' id='word_1_369' title='bbox 2655 1701 2739 1750; x_wconf 83' lang='lat' dir='ltr'><strong>Ac</strong></span> 
     </span>
     <span class='ocr_line' id='line_1_68' title="bbox 1646 1770 2739 1836; baseline -0.001 -16"><span class='ocrx_word' id='word_1_370' title='bbox 1646 1770 2056 1820; x_wconf 85' lang='lat' dir='ltr'><strong>recentissimus</strong></span> <span class='ocrx_word' id='word_1_371' title='bbox 2100 1770 2291 1821; x_wconf 85' lang='lat' dir='ltr'><strong>harum</strong></span> <span class='ocrx_word' id='word_1_372' title='bbox 2332 1772 2611 1836; x_wconf 86' lang='lat' dir='ltr'><strong>regionum</strong></span> <span class='ocrx_word' id='word_1_373' title='bbox 2646 1785 2739 1834; x_wconf 89' lang='lat' dir='ltr'><strong>pe-</strong></span> 
     </span>
     <span class='ocr_line' id='line_1_69' title="bbox 1648 1840 2741 1904; baseline -0.002 -15"><span class='ocrx_word' id='word_1_374' title='bbox 1648 1841 1981 1904; x_wconf 85' lang='lat' dir='ltr'><strong>regrinator,</strong></span> <span class='ocrx_word' id='word_1_375' title='bbox 2032 1840 2314 1902; x_wconf 81' lang='lat' dir='ltr'><strong>Minutoli,</strong></span> <span class='ocrx_word' id='word_1_376' title='bbox 2360 1846 2417 1890; x_wconf 91' lang='lat' dir='ltr'><strong>et</strong></span> <span class='ocrx_word' id='word_1_377' title='bbox 2464 1841 2580 1904; x_wconf 83' lang='lat' dir='ltr'><strong>ipse</strong></span> <span class='ocrx_word' id='word_1_378' title='bbox 2629 1840 2741 1888; x_wconf 88' lang='lat' dir='ltr'><strong>rni-</strong></span> 
     </span>
     <span class='ocr_line' id='line_1_70' title="bbox 1646 1878 2740 1973; baseline 0 -15"><span class='ocrx_word' id='word_1_379' title='bbox 1646 1924 1746 1959; x_wconf 80' lang='lat' dir='ltr'><strong>nas</strong></span> <span class='ocrx_word' id='word_1_380' title='bbox 1782 1923 1950 1973; x_wconf 86' lang='lat' dir='ltr'><strong>prope</strong></span> <span class='ocrx_word' id='word_1_381' title='bbox 1982 1908 2220 1959; x_wconf 83' lang='lat' dir='ltr'><strong>Bahbait</strong></span> <span class='ocrx_word' id='word_1_382' title='bbox 2252 1878 2321 1960; x_wconf 83' lang='lat' dir='ltr'><strong>ad</strong></span> <span class='ocrx_word' id='word_1_383' title='bbox 2357 1909 2547 1959; x_wconf 88' lang='lat' dir='ltr'><strong>urbem</strong></span> <span class='ocrx_word' id='word_1_384' title='bbox 2579 1908 2740 1959; x_wconf 84' lang='lat' dir='ltr'><strong>Busi-</strong></span> 
     </span>
     <span class='ocr_line' id='line_1_71' title="bbox 1646 1977 2739 2044; baseline 0 -18"><span class='ocrx_word' id='word_1_385' title='bbox 1646 1978 1732 2027; x_wconf 86' lang='lat' dir='ltr'><strong>rin</strong></span> <span class='ocrx_word' id='word_1_386' title='bbox 1768 1978 1970 2027; x_wconf 85' lang='lat' dir='ltr'><strong>referre</strong></span> <span class='ocrx_word' id='word_1_387' title='bbox 2003 1977 2236 2041; x_wconf 79' lang='lat' dir='ltr'><strong>mavult,</strong></span> <span class='ocrx_word' id='word_1_388' title='bbox 2290 1978 2523 2044; x_wconf 88' lang='lat' dir='ltr'><strong>indeque</strong></span> <span class='ocrx_word' id='word_1_389' title='bbox 2559 1979 2739 2043; x_wconf 85' lang='lat' dir='ltr'><strong>suspi-</strong></span> 
     </span>
     <span class='ocr_line' id='line_1_72' title="bbox 1648 2046 2739 2111; baseline -0.001 -14"><span class='ocrx_word' id='word_1_390' title='bbox 1648 2053 1804 2097; x_wconf 83' lang='lat' dir='ltr'><strong>catur</strong></span> <span class='ocrx_word' id='word_1_391' title='bbox 1848 2046 2016 2097; x_wconf 75' lang='lat' dir='ltr'><strong>Iseion</strong></span> <span class='ocrx_word' id='word_1_392' title='bbox 2058 2063 2102 2098; x_wconf 89' lang='lat' dir='ltr'><strong>s.</strong></span> <span class='ocrx_word' id='word_1_393' title='bbox 2143 2048 2299 2099; x_wconf 76' lang='lat' dir='ltr'><strong>Isidis</strong></span> <span class='ocrx_word' id='word_1_394' title='bbox 2352 2049 2583 2111; x_wconf 77' lang='lat' dir='ltr'><strong>oppidum</strong></span> <span class='ocrx_word' id='word_1_395' title='bbox 2628 2048 2739 2098; x_wconf 78' lang='lat' dir='ltr'><strong>for-</strong></span> 
     </span>
     <span class='ocr_line' id='line_1_73' title="bbox 1646 2115 2738 2182; baseline 0 -16"><span class='ocrx_word' id='word_1_396' title='bbox 1646 2123 1798 2166; x_wconf 82' lang='lat' dir='ltr'><strong>tasse</strong></span> <span class='ocrx_word' id='word_1_397' title='bbox 1835 2116 2023 2180; x_wconf 84' lang='lat' dir='ltr'><strong>templi</strong></span> <span class='ocrx_word' id='word_1_398' title='bbox 2069 2117 2241 2181; x_wconf 85' lang='lat' dir='ltr'><strong>ipsius</strong></span> <span class='ocrx_word' id='word_1_399' title='bbox 2291 2117 2464 2168; x_wconf 76' lang='lat' dir='ltr'><strong>fuisse</strong></span> <span class='ocrx_word' id='word_1_400' title='bbox 2499 2115 2738 2182; x_wconf 88' lang='lat' dir='ltr'><strong>appella-</strong></span> 
     </span>
     <span class='ocr_line' id='line_1_74' title="bbox 1649 2185 2735 2252; baseline 0 -16"><span class='ocrx_word' id='word_1_401' title='bbox 1649 2186 1881 2246; x_wconf 79' lang='lat' dir='ltr'><strong>tionem3</strong></span> <span class='ocrx_word' id='word_1_402' title='bbox 1921 2186 2033 2236; x_wconf 77' lang='lat' dir='ltr'><strong>vid.</strong></span> <span class='ocrx_word' id='word_1_403' title='bbox 2053 2186 2213 2237; x_wconf 85' lang='lat' dir='ltr'><strong>Reise</strong></span> <span class='ocrx_word' id='word_1_404' title='bbox 2237 2202 2360 2237; x_wconf 77' lang='lat' dir='ltr'><strong>zum</strong></span> <span class='ocrx_word' id='word_1_405' title='bbox 2380 2185 2604 2252; x_wconf 84' lang='lat' dir='ltr'><strong>Tempel</strong></span> <span class='ocrx_word' id='word_1_406' title='bbox 2626 2192 2735 2237; x_wconf 87' lang='lat' dir='ltr'><strong>etc.</strong></span> 
     </span>
     <span class='ocr_line' id='line_1_75' title="bbox 1692 2255 1942 2306; baseline 0 -1"><span class='ocrx_word' id='word_1_407' title='bbox 1692 2270 1725 2305; x_wconf 93' lang='lat' dir='ltr'><strong>a</strong></span> <span class='ocrx_word' id='word_1_408' title='bbox 1821 2255 1942 2306; x_wconf 85' lang='grc'><strong>301.</strong></span> 
     </span>
     <span class='ocr_line' id='line_1_76' title="bbox 1654 2272 2737 2389; baseline 0 -17"><span class='ocrx_word' id='word_1_409' title='bbox 1654 2272 1687 2321; x_wconf 74' lang='lat' dir='ltr'>p</span> <span class='ocrx_word' id='word_1_410' title='bbox 1706 2272 1843 2380; x_wconf 64' lang='lat' dir='ltr'><strong>[gete</strong></span> <span class='ocrx_word' id='word_1_411' title='bbox 1865 2321 1930 2373; x_wconf 76' lang='grc' dir='ltr'><strong>δέ</strong></span> <span class='ocrx_word' id='word_1_412' title='bbox 1952 2317 2068 2373; x_wconf 73' lang='grc' dir='ltr'><strong><em>ἐστι</em></strong></span> <span class='ocrx_word' id='word_1_413' title='bbox 2103 2351 2166 2363; x_wconf 84' lang='grc'><strong>-</strong></span> <span class='ocrx_word' id='word_1_414' title='bbox 2195 2315 2491 2389; x_wconf 77' lang='grc' dir='ltr'><strong><em>Δημήτηρ]</em></strong></span> <span class='ocrx_word' id='word_1_415' title='bbox 2529 2322 2737 2388; x_wconf 82' lang='lat' dir='ltr'><strong>Scripsi</strong></span> 
     </span>
     <span class='ocr_line' id='line_1_77' title="bbox 1636 2380 2738 2458; baseline 0 -16"><span class='ocrx_word' id='word_1_416' title='bbox 1636 2380 1772 2450; x_wconf 77' lang='grc' dir='ltr'><strong><em>Ισις</em></strong></span> <span class='ocrx_word' id='word_1_417' title='bbox 1789 2394 1912 2457; x_wconf 88' lang='lat' dir='ltr'><strong>(pro</strong></span> <span class='ocrx_word' id='word_1_418' title='bbox 1920 2382 2102 2456; x_wconf 80' lang='grc' dir='ltr'><strong><em>Ι”σ,ις)</em></strong></span> <span class='ocrx_word' id='word_1_419' title='bbox 2125 2398 2377 2444; x_wconf 90' lang='lat' dir='ltr'><strong>monente</strong></span> <span class='ocrx_word' id='word_1_420' title='bbox 2397 2408 2610 2458; x_wconf 87' lang='lat' dir='ltr'><strong>quoque</strong></span> <span class='ocrx_word' id='word_1_421' title='bbox 2622 2393 2738 2444; x_wconf 78' lang='lat' dir='ltr'><strong>Sie-</strong></span> 
     </span>
     <span class='ocr_line' id='line_1_78' title="bbox 1650 2459 2738 2525; baseline 0 -14"><span class='ocrx_word' id='word_1_422' title='bbox 1650 2462 1843 2512; x_wconf 89' lang='lat' dir='ltr'><strong>belisio</strong></span> <span class='ocrx_word' id='word_1_423' title='bbox 1881 2461 1949 2511; x_wconf 84' lang='lat' dir='ltr'><strong>ad</strong></span> <span class='ocrx_word' id='word_1_424' title='bbox 1973 2463 2213 2513; x_wconf 81' lang='lat' dir='ltr'><strong>Pausan.</strong></span> <span class='ocrx_word' id='word_1_425' title='bbox 2250 2459 2321 2525; x_wconf 89' lang='grc' dir='ltr'><strong>Χ,</strong></span> <span class='ocrx_word' id='word_1_426' title='bbox 2349 2463 2436 2513; x_wconf 90' lang='grc'><strong>32.</strong></span> <span class='ocrx_word' id='word_1_427' title='bbox 2458 2460 2508 2522; x_wconf 92' lang='grc'><strong>5.</strong></span> <span class='ocrx_word' id='word_1_428' title='bbox 2528 2463 2583 2513; x_wconf 92' lang='grc'><strong>9.</strong></span> <span class='ocrx_word' id='word_1_429' title='bbox 2632 2464 2738 2512; x_wconf 81' lang='lat' dir='ltr'><strong>Re-</strong></span> 
     </span>
     <span class='ocr_line' id='line_1_79' title="bbox 1647 2530 2738 2598; baseline -0.001 -17"><span class='ocrx_word' id='word_1_430' title='bbox 1647 2532 1787 2598; x_wconf 88' lang='lat' dir='ltr'><strong>petit</strong></span> <span class='ocrx_word' id='word_1_431' title='bbox 1815 2530 2130 2581; x_wconf 90' lang='lat' dir='ltr'><strong>Herodotea</strong></span> <span class='ocrx_word' id='word_1_432' title='bbox 2155 2532 2325 2582; x_wconf 84' lang='lat' dir='ltr'><strong>verba</strong></span> <span class='ocrx_word' id='word_1_433' title='bbox 2345 2531 2607 2594; x_wconf 83' lang='lat' dir='ltr'><strong>Stephan.</strong></span> <span class='ocrx_word' id='word_1_434' title='bbox 2630 2532 2738 2595; x_wconf 79' lang='lat' dir='ltr'><strong>By·</strong></span> 
     </span>
     <span class='ocr_line' id='line_1_80' title="bbox 1649 2592 2737 2665; baseline 0 -15"><span class='ocrx_word' id='word_1_435' title='bbox 1649 2606 1799 2651; x_wconf 74' lang='lat' dir='ltr'><strong>sant.</strong></span> <span class='ocrx_word' id='word_1_436' title='bbox 1847 2616 1890 2651; x_wconf 87' lang='lat' dir='ltr'><strong>s.</strong></span> <span class='ocrx_word' id='word_1_437' title='bbox 1927 2615 1982 2650; x_wconf 80' lang='lat' dir='ltr'><strong>v.</strong></span> <span class='ocrx_word' id='word_1_438' title='bbox 2020 2592 2314 2665; x_wconf 77' lang='grc' dir='ltr'><strong><em>Βούσιρις,</em></strong></span> <span class='ocrx_word' id='word_1_439' title='bbox 2366 2600 2620 2665; x_wconf 86' lang='lat' dir='ltr'><strong>idemque</strong></span> <span class='ocrx_word' id='word_1_440' title='bbox 2655 2601 2737 2650; x_wconf 84' lang='lat' dir='ltr'><strong>af·</strong></span> 
     </span>
     <span class='ocr_line' id='line_1_81' title="bbox 1650 2668 2733 2735; baseline -0.002 -15"><span class='ocrx_word' id='word_1_441' title='bbox 1650 2671 1757 2721; x_wconf 83' lang='lat' dir='ltr'><strong>fert</strong></span> <span class='ocrx_word' id='word_1_442' title='bbox 1790 2669 2222 2735; x_wconf 85' lang='lat' dir='ltr'><strong>Apollodor.11,</strong></span> <span class='ocrx_word' id='word_1_443' title='bbox 2262 2670 2322 2732; x_wconf 89' lang='lat'><strong>1,</strong></span> <span class='ocrx_word' id='word_1_444' title='bbox 2359 2668 2393 2720; x_wconf 89' lang='grc'><strong>3</strong></span> <span class='ocrx_word' id='word_1_445' title='bbox 2428 2668 2551 2730; x_wconf 83' lang='lat' dir='ltr'><strong>fin.;</strong></span> <span class='ocrx_word' id='word_1_446' title='bbox 2607 2669 2733 2719; x_wconf 86' lang='lat' dir='ltr'><strong>add.</strong></span> 
     </span>
     <span class='ocr_line' id='line_1_82' title="bbox 1647 2738 2740 2801; baseline -0.002 -11"><span class='ocrx_word' id='word_1_447' title='bbox 1647 2738 2031 2801; x_wconf 85' lang='lat' dir='ltr'><strong>Herodot.11,</strong></span> <span class='ocrx_word' id='word_1_448' title='bbox 2074 2739 2190 2788; x_wconf 88' lang='grc'><strong>156.</strong></span> <span class='ocrx_word' id='word_1_449' title='bbox 2230 2743 2286 2788; x_wconf 86' lang='lat' dir='ltr'><strong>et</strong></span> <span class='ocrx_word' id='word_1_450' title='bbox 2321 2738 2602 2789; x_wconf 84' lang='lat' dir='ltr'><strong>Plutarch.</strong></span> <span class='ocrx_word' id='word_1_451' title='bbox 2653 2741 2740 2789; x_wconf 93' lang='lat' dir='ltr'><strong>De</strong></span> 
     </span>
     <span class='ocr_line' id='line_1_83' title="bbox 1649 2798 2737 2890; baseline -0.003 -31"><span class='ocrx_word' id='word_1_452' title='bbox 1649 2810 1725 2859; x_wconf 89' lang='lat' dir='ltr'><strong>Is.</strong></span> <span class='ocrx_word' id='word_1_453' title='bbox 1777 2813 1832 2858; x_wconf 90' lang='lat' dir='ltr'><strong>et</strong></span> <span class='ocrx_word' id='word_1_454' title='bbox 1872 2807 2073 2859; x_wconf 86' lang='lat' dir='ltr'><strong>Osirid.</strong></span> <span class='ocrx_word' id='word_1_455' title='bbox 2117 2823 2248 2890; x_wconf 86' lang='lat' dir='ltr'><strong>cap.</strong></span> <span class='ocrx_word' id='word_1_456' title='bbox 2286 2809 2338 2857; x_wconf 90' lang='grc'><strong>2.</strong></span> <span class='ocrx_word' id='word_1_457' title='bbox 2383 2823 2439 2873; x_wconf 90' lang='lat' dir='ltr'><strong>p.</strong></span> <span class='ocrx_word' id='word_1_458' title='bbox 2476 2808 2608 2859; x_wconf 88' lang='grc'><strong>352.</strong></span> <span class='ocrx_word' id='word_1_459' title='bbox 2653 2798 2737 2857; x_wconf 76' lang='grc' dir='ltr'><strong>ἕλ-</strong></span> 
     </span>
     <span class='ocr_line' id='line_1_84' title="bbox 1649 2864 2737 2942; baseline -0.001 -16"><span class='ocrx_word' id='word_1_460' title='bbox 1649 2870 1887 2942; x_wconf 77' lang='grc' dir='ltr'><strong><em>ληνικὸν</em></strong></span> <span class='ocrx_word' id='word_1_461' title='bbox 1919 2870 2025 2941; x_wconf 78' lang='grc' dir='ltr'><strong>γὰρ</strong></span> <span class='ocrx_word' id='word_1_462' title='bbox 2057 2867 2094 2941; x_wconf 86' lang='grc' dir='ltr'><strong><em>ἡ</em></strong></span> <span class='ocrx_word' id='word_1_463' title='bbox 2117 2864 2256 2933; x_wconf 70' lang='lat' dir='ltr'><strong>&#39;Iole</strong></span> <span class='ocrx_word' id='word_1_464' title='bbox 2283 2866 2422 2941; x_wconf 78' lang='grc' dir='ltr'><strong><em>ἐστι,</em></strong></span> <span class='ocrx_word' id='word_1_465' title='bbox 2460 2877 2554 2927; x_wconf 91' lang='lat' dir='ltr'><strong>ubi</strong></span> <span class='ocrx_word' id='word_1_466' title='bbox 2588 2877 2737 2927; x_wconf 85' lang='lat' dir='ltr'><strong>conf.</strong></span> 
     </span>
     <span class='ocr_line' id='line_1_85' title="bbox 1648 2944 2740 3011; baseline -0.002 -14"><span class='ocrx_word' id='word_1_467' title='bbox 1648 2945 1888 3011; x_wconf 83' lang='lat' dir='ltr'><strong>Parthey</strong></span> <span class='ocrx_word' id='word_1_468' title='bbox 1917 2962 1969 3011; x_wconf 92' lang='lat' dir='ltr'><strong>p.</strong></span> <span class='ocrx_word' id='word_1_469' title='bbox 2008 2944 2111 2995; x_wconf 76' lang='lat'><strong>148</strong></span> <span class='ocrx_word' id='word_1_470' title='bbox 2145 2960 2261 3010; x_wconf 86' lang='lat' dir='ltr'><strong>seq.</strong></span> <span class='ocrx_word' id='word_1_471' title='bbox 2348 2946 2430 2996; x_wconf 83' lang='lat' dir='ltr'><strong>Ac</strong></span> <span class='ocrx_word' id='word_1_472' title='bbox 2465 2947 2740 3011; x_wconf 86' lang='lat' dir='ltr'><strong>pertinent</strong></span> 
     </span>
     <span class='ocr_line' id='line_1_86' title="bbox 1649 3013 2738 3081; baseline -0.001 -16"><span class='ocrx_word' id='word_1_473' title='bbox 1649 3016 1781 3078; x_wconf 87' lang='lat' dir='ltr'><strong>huc,</strong></span> <span class='ocrx_word' id='word_1_474' title='bbox 1823 3030 1963 3081; x_wconf 87' lang='lat' dir='ltr'><strong>quae</strong></span> <span class='ocrx_word' id='word_1_475' title='bbox 1998 3014 2070 3064; x_wconf 84' lang='lat' dir='ltr'><strong>ad</strong></span> <span class='ocrx_word' id='word_1_476' title='bbox 2101 3014 2176 3078; x_wconf 93' lang='lat'><strong>11,</strong></span> <span class='ocrx_word' id='word_1_477' title='bbox 2200 3016 2272 3066; x_wconf 86' lang='grc'><strong>50</strong></span> <span class='ocrx_word' id='word_1_478' title='bbox 2295 3013 2362 3064; x_wconf 90' lang='lat' dir='ltr'><strong>de</strong></span> <span class='ocrx_word' id='word_1_479' title='bbox 2396 3015 2481 3066; x_wconf 88' lang='lat' dir='ltr'><strong>his</strong></span> <span class='ocrx_word' id='word_1_480' title='bbox 2515 3015 2738 3066; x_wconf 85' lang='lat' dir='ltr'><strong>deorum</strong></span> 
     </span>
     <span class='ocr_line' id='line_1_87' title="bbox 1650 3083 2741 3150; baseline 0 -14"><span class='ocrx_word' id='word_1_481' title='bbox 1650 3083 2108 3150; x_wconf 83' lang='lat' dir='ltr'><strong>appellationibus</strong></span> <span class='ocrx_word' id='word_1_482' title='bbox 2151 3085 2478 3135; x_wconf 85' lang='lat' dir='ltr'><strong>monuimus.</strong></span> <span class='ocrx_word' id='word_1_483' title='bbox 2560 3087 2741 3150; x_wconf 74' lang='lat' dir='ltr'><strong>Aegy-</strong></span> 
     </span>
     <span class='ocr_line' id='line_1_88' title="bbox 1649 3153 2742 3220; baseline -0.001 -16"><span class='ocrx_word' id='word_1_484' title='bbox 1649 3154 1781 3220; x_wconf 89' lang='lat' dir='ltr'><strong>ptiis</strong></span> <span class='ocrx_word' id='word_1_485' title='bbox 1816 3155 1960 3204; x_wconf 85' lang='lat' dir='ltr'><strong>enim</strong></span> <span class='ocrx_word' id='word_1_486' title='bbox 2005 3168 2125 3203; x_wconf 89' lang='lat' dir='ltr'><strong>cum</strong></span> <span class='ocrx_word' id='word_1_487' title='bbox 2160 3153 2269 3203; x_wconf 84' lang='lat' dir='ltr'><strong>Isis</strong></span> <span class='ocrx_word' id='word_1_488' title='bbox 2304 3158 2451 3204; x_wconf 84' lang='lat' dir='ltr'><strong>esset</strong></span> <span class='ocrx_word' id='word_1_489' title='bbox 2498 3158 2554 3204; x_wconf 89' lang='lat' dir='ltr'><strong>et</strong></span> <span class='ocrx_word' id='word_1_490' title='bbox 2592 3160 2742 3204; x_wconf 76' lang='lat' dir='ltr'><strong>terra</strong></span> 
     </span>
     <span class='ocr_line' id='line_1_89' title="bbox 1651 3222 2740 3274; baseline 0 -1"><span class='ocrx_word' id='word_1_491' title='bbox 1651 3228 1707 3274; x_wconf 93' lang='lat' dir='ltr'><strong>et</strong></span> <span class='ocrx_word' id='word_1_492' title='bbox 1750 3222 1895 3273; x_wconf 85' lang='lat' dir='ltr'><strong>alma</strong></span> <span class='ocrx_word' id='word_1_493' title='bbox 1936 3222 2171 3274; x_wconf 85' lang='lat' dir='ltr'><strong>omnium</strong></span> <span class='ocrx_word' id='word_1_494' title='bbox 2226 3237 2402 3272; x_wconf 87' lang='lat' dir='ltr'><strong>rerum</strong></span> <span class='ocrx_word' id='word_1_495' title='bbox 2449 3227 2623 3274; x_wconf 89' lang='lat' dir='ltr'><strong>mater</strong></span> <span class='ocrx_word' id='word_1_496' title='bbox 2671 3238 2740 3273; x_wconf 83' lang='lat' dir='ltr'><strong>ac</strong></span> 
     </span>
     <span class='ocr_line' id='line_1_90' title="bbox 1651 3292 2740 3358; baseline 0.001 -16"><span class='ocrx_word' id='word_1_497' title='bbox 1651 3293 1888 3358; x_wconf 81' lang='lat' dir='ltr'><strong>genitrix</strong></span> <span class='ocrx_word' id='word_1_498' title='bbox 1939 3293 2111 3358; x_wconf 81' lang='lat' dir='ltr'><strong>(con‘f.</strong></span> <span class='ocrx_word' id='word_1_499' title='bbox 2150 3297 2288 3342; x_wconf 90' lang='lat' dir='ltr'><strong>nott.</strong></span> <span class='ocrx_word' id='word_1_500' title='bbox 2339 3293 2410 3343; x_wconf 85' lang='lat' dir='ltr'><strong>ad</strong></span> <span class='ocrx_word' id='word_1_501' title='bbox 2446 3292 2531 3354; x_wconf 90' lang='lat'><strong>11,</strong></span> <span class='ocrx_word' id='word_1_502' title='bbox 2570 3293 2635 3342; x_wconf 81' lang='lat'><strong>41</strong></span> <span class='ocrx_word' id='word_1_503' title='bbox 2683 3297 2740 3343; x_wconf 80' lang='lat' dir='ltr'><strong>et</strong></span> 
     </span>
     <span class='ocr_line' id='line_1_91' title="bbox 1649 3360 2739 3427; baseline -0.003 -14"><span class='ocrx_word' id='word_1_504' title='bbox 1649 3361 1930 3413; x_wconf 87' lang='lat' dir='ltr'><strong>Plutarch.</strong></span> <span class='ocrx_word' id='word_1_505' title='bbox 1966 3360 2005 3412; x_wconf 88' lang='lat' dir='ltr'><strong>l.</strong></span> <span class='ocrx_word' id='word_1_506' title='bbox 2024 3361 2060 3412; x_wconf 92' lang='lat' dir='ltr'><strong>l.</strong></span> <span class='ocrx_word' id='word_1_507' title='bbox 2090 3375 2211 3425; x_wconf 89' lang='lat' dir='ltr'><strong>cap.</strong></span> <span class='ocrx_word' id='word_1_508' title='bbox 2232 3361 2317 3413; x_wconf 83' lang='lat'><strong>38.</strong></span> <span class='ocrx_word' id='word_1_509' title='bbox 2350 3377 2403 3427; x_wconf 88' lang='lat' dir='ltr'><strong>p.</strong></span> <span class='ocrx_word' id='word_1_510' title='bbox 2433 3360 2577 3427; x_wconf 86' lang='grc'><strong>366),</strong></span> <span class='ocrx_word' id='word_1_511' title='bbox 2614 3376 2739 3411; x_wconf 83' lang='grc' dir='ltr'><strong><em>οιιιιι</em></strong></span> 
     </span>
     <span class='ocr_line' id='line_1_92' title="bbox 1651 3430 2741 3496; baseline -0.002 -14"><span class='ocrx_word' id='word_1_512' title='bbox 1651 3432 1847 3482; x_wconf 88' lang='lat' dir='ltr'><strong>Cerere</strong></span> <span class='ocrx_word' id='word_1_513' title='bbox 1878 3430 2068 3496; x_wconf 85' lang='lat' dir='ltr'><strong>utique</strong></span> <span class='ocrx_word' id='word_1_514' title='bbox 2102 3432 2378 3494; x_wconf 79' lang='lat' dir='ltr'><strong>convenit,</strong></span> <span class='ocrx_word' id='word_1_515' title='bbox 2414 3444 2555 3496; x_wconf 88' lang='lat' dir='ltr'><strong>quae</strong></span> <span class='ocrx_word' id='word_1_516' title='bbox 2573 3431 2741 3482; x_wconf 82' lang='lat' dir='ltr'><strong>Grae·</strong></span> 
     </span>
     <span class='ocr_line' id='line_1_93' title="bbox 1651 3500 2741 3565; baseline -0.003 -14"><span class='ocrx_word' id='word_1_517' title='bbox 1651 3501 1730 3552; x_wconf 86' lang='lat' dir='ltr'><strong>cis</strong></span> <span class='ocrx_word' id='word_1_518' title='bbox 1763 3506 1817 3550; x_wconf 91' lang='lat' dir='ltr'><strong>et</strong></span> <span class='ocrx_word' id='word_1_519' title='bbox 1842 3501 1963 3565; x_wconf 87' lang='lat' dir='ltr'><strong>ipsa</strong></span> <span class='ocrx_word' id='word_1_520' title='bbox 1988 3500 2273 3550; x_wconf 88' lang='lat' dir='ltr'><strong>colebatur</strong></span> <span class='ocrx_word' id='word_1_521' title='bbox 2301 3507 2447 3550; x_wconf 83' lang='lat' dir='ltr'><strong>terra</strong></span> <span class='ocrx_word' id='word_1_522' title='bbox 2478 3500 2741 3550; x_wconf 86' lang='lat' dir='ltr'><strong>omnium·</strong></span> 
     </span>
     <span class='ocr_line' id='line_1_94' title="bbox 1651 3570 2740 3635; baseline -0.002 -15"><span class='ocrx_word' id='word_1_523' title='bbox 1651 3586 1752 3635; x_wconf 90' lang='lat' dir='ltr'><strong>que</strong></span> <span class='ocrx_word' id='word_1_524' title='bbox 1786 3585 1964 3620; x_wconf 88' lang='lat' dir='ltr'><strong>rerum</strong></span> <span class='ocrx_word' id='word_1_525' title='bbox 1994 3570 2331 3619; x_wconf 87' lang='lat' dir='ltr'><strong>terrestrium</strong></span> <span class='ocrx_word' id='word_1_526' title='bbox 2359 3574 2533 3620; x_wconf 85' lang='lat' dir='ltr'><strong>mater</strong></span> <span class='ocrx_word' id='word_1_527' title='bbox 2556 3584 2620 3619; x_wconf 83' lang='lat' dir='ltr'><strong>ac</strong></span> <span class='ocrx_word' id='word_1_528' title='bbox 2642 3583 2740 3634; x_wconf 88' lang='lat' dir='ltr'><strong>pa-</strong></span> 
     </span>
     <span class='ocr_line' id='line_1_95' title="bbox 1649 3638 2740 3704; baseline 0 -16"><span class='ocrx_word' id='word_1_529' title='bbox 1649 3655 1798 3700; x_wconf 85' lang='lat' dir='ltr'><strong>rens,</strong></span> <span class='ocrx_word' id='word_1_530' title='bbox 1835 3639 1981 3690; x_wconf 89' lang='lat' dir='ltr'><strong>unde</strong></span> <span class='ocrx_word' id='word_1_531' title='bbox 2016 3640 2193 3704; x_wconf 88' lang='lat' dir='ltr'><strong>ipsum</strong></span> <span class='ocrx_word' id='word_1_532' title='bbox 2224 3638 2515 3690; x_wconf 88' lang='lat' dir='ltr'><strong>deductum</strong></span> <span class='ocrx_word' id='word_1_533' title='bbox 2543 3653 2740 3689; x_wconf 87' lang='lat' dir='ltr'><strong>nomen</strong></span> 
     </span>
     <span class='ocr_line' id='line_1_96' title="bbox 1648 3678 2739 3772; baseline 0.002 -15"><span class='ocrx_word' id='word_1_534' title='bbox 1648 3678 1955 3772; x_wconf 79' lang='grc' dir='ltr'><strong>Δημήτηρ,</strong></span> <span class='ocrx_word' id='word_1_535' title='bbox 2017 3721 2053 3756; x_wconf 87' lang='lat' dir='ltr'><strong>a</strong></span> <span class='ocrx_word' id='word_1_536' title='bbox 2105 3709 2381 3759; x_wconf 82' lang='lat' dir='ltr'><strong>veteribus</strong></span> <span class='ocrx_word' id='word_1_537' title='bbox 2435 3710 2542 3758; x_wconf 87' lang='lat' dir='ltr'><strong>iam</strong></span> <span class='ocrx_word' id='word_1_538' title='bbox 2588 3713 2739 3759; x_wconf 82' lang='lat' dir='ltr'><strong>recte</strong></span> 
     </span>
     <span class='ocr_line' id='line_1_97' title="bbox 1647 3776 2740 3842; baseline 0.002 -17"><span class='ocrx_word' id='word_1_539' title='bbox 1647 3778 1728 3831; x_wconf 85' lang='lat' dir='ltr'><strong>ita</strong></span> <span class='ocrx_word' id='word_1_540' title='bbox 1759 3776 2105 3842; x_wconf 87' lang='lat' dir='ltr'><strong>explicatum,</strong></span> <span class='ocrx_word' id='word_1_541' title='bbox 2144 3782 2205 3827; x_wconf 92' lang='lat' dir='ltr'><strong>ut</strong></span> <span class='ocrx_word' id='word_1_542' title='bbox 2226 3787 2402 3828; x_wconf 75' lang='lat' dir='ltr'><strong>terrae</strong></span> <span class='ocrx_word' id='word_1_543' title='bbox 2426 3786 2628 3828; x_wconf 65' lang='lat' dir='ltr'><strong>matrem</strong></span> <span class='ocrx_word' id='word_1_544' title='bbox 2660 3778 2740 3827; x_wconf 87' lang='lat' dir='ltr'><strong>in-</strong></span> 
     </span>
     <span class='ocr_line' id='line_1_98' title="bbox 1648 3845 2739 3897; baseline 0 -2"><span class='ocrx_word' id='word_1_545' title='bbox 1648 3845 1871 3897; x_wconf 89' lang='lat' dir='ltr'><strong>dicaret.</strong></span> <span class='ocrx_word' id='word_1_546' title='bbox 1954 3846 2005 3896; x_wconf 87' lang='lat' dir='ltr'>N</span> <span class='ocrx_word' id='word_1_547' title='bbox 2007 3862 2068 3896; x_wconf 91' lang='lat' dir='ltr'><strong>ec</strong></span> <span class='ocrx_word' id='word_1_548' title='bbox 2116 3847 2294 3896; x_wconf 89' lang='lat' dir='ltr'><strong>minus</strong></span> <span class='ocrx_word' id='word_1_549' title='bbox 2339 3847 2475 3897; x_wconf 84' lang='lat' dir='ltr'><strong>Isidi</strong></span> <span class='ocrx_word' id='word_1_550' title='bbox 2536 3846 2739 3897; x_wconf 77' lang='lat' dir='ltr'><strong>adscri-</strong></span> 
     </span>
     <span class='ocr_line' id='line_1_99' title="bbox 1646 3915 2740 3980; baseline 0.002 -16"><span class='ocrx_word' id='word_1_551' title='bbox 1646 3915 1784 3965; x_wconf 83' lang='lat' dir='ltr'><strong>bunt</strong></span> <span class='ocrx_word' id='word_1_552' title='bbox 1807 3928 2106 3980; x_wconf 85' lang='lat' dir='ltr'><strong>cognomen</strong></span> <span class='ocrx_word' id='word_1_553' title='bbox 2134 3915 2327 3979; x_wconf 61' lang='lat' dir='ltr'><strong>Monta,</strong></span> <span class='ocrx_word' id='word_1_554' title='bbox 2365 3916 2510 3980; x_wconf 88' lang='lat' dir='ltr'><strong>quod</strong></span> <span class='ocrx_word' id='word_1_555' title='bbox 2533 3923 2740 3967; x_wconf 72' lang='lat' dir='ltr'><strong>matr-em</strong></span> 
     </span>
     <span class='ocr_line' id='line_1_100' title="bbox 1648 3983 2742 4051; baseline 0.001 -17"><span class='ocrx_word' id='word_1_556' title='bbox 1648 3983 1889 4049; x_wconf 90' lang='lat' dir='ltr'><strong>(mundi)</strong></span> <span class='ocrx_word' id='word_1_557' title='bbox 1937 3991 2239 4049; x_wconf 87' lang='lat' dir='ltr'><strong>exponunt,</strong></span> <span class='ocrx_word' id='word_1_558' title='bbox 2288 3984 2510 4051; x_wconf 86' lang='lat' dir='ltr'><strong>aliaque</strong></span> <span class='ocrx_word' id='word_1_559' title='bbox 2555 3984 2742 4035; x_wconf 84' lang='lat' dir='ltr'><strong>huius-</strong></span> 
     </span>
     <span class='ocr_line' id='line_1_101' title="bbox 1647 4053 2735 4118; baseline 0.001 -15"><span class='ocrx_word' id='word_1_560' title='bbox 1647 4053 1821 4115; x_wconf 85' lang='lat' dir='ltr'><strong>modi,</strong></span> <span class='ocrx_word' id='word_1_561' title='bbox 1861 4054 1925 4104; x_wconf 86' lang='lat' dir='ltr'><strong>de</strong></span> <span class='ocrx_word' id='word_1_562' title='bbox 1962 4054 2156 4118; x_wconf 87' lang='lat' dir='ltr'><strong>quibus</strong></span> <span class='ocrx_word' id='word_1_563' title='bbox 2193 4055 2266 4104; x_wconf 83' lang='lat' dir='ltr'><strong>cf.</strong></span> <span class='ocrx_word' id='word_1_564' title='bbox 2302 4053 2582 4104; x_wconf 86' lang='lat' dir='ltr'><strong>Plutarch.</strong></span> <span class='ocrx_word' id='word_1_565' title='bbox 2620 4053 2660 4105; x_wconf 85' lang='lat' dir='ltr'><strong>l‘.</strong></span> <span class='ocrx_word' id='word_1_566' title='bbox 2696 4053 2735 4104; x_wconf 90' lang='lat' dir='ltr'><strong>l.</strong></span> 
     </span>
     <span class='ocr_line' id='line_1_102' title="bbox 1647 4122 2736 4188; baseline 0.003 -16"><span class='ocrx_word' id='word_1_567' title='bbox 1647 4138 1766 4187; x_wconf 93' lang='lat' dir='ltr'><strong>cap.</strong></span> <span class='ocrx_word' id='word_1_568' title='bbox 1797 4123 1883 4175; x_wconf 88' lang='grc'><strong>56.</strong></span> <span class='ocrx_word' id='word_1_569' title='bbox 1934 4139 1985 4187; x_wconf 91' lang='lat' dir='ltr'><strong>p.</strong></span> <span class='ocrx_word' id='word_1_570' title='bbox 2023 4124 2125 4174; x_wconf 87' lang='grc'><strong>374</strong></span> <span class='ocrx_word' id='word_1_571' title='bbox 2176 4123 2359 4188; x_wconf 88' lang='lat' dir='ltr'><strong>ibique</strong></span> <span class='ocrx_word' id='word_1_572' title='bbox 2392 4122 2633 4188; x_wconf 80' lang='lat' dir='ltr'><strong>Partbey</strong></span> <span class='ocrx_word' id='word_1_573' title='bbox 2680 4138 2736 4187; x_wconf 81' lang='lat' dir='ltr'><strong>p.</strong></span> 
     </span>
     <span class='ocr_line' id='line_1_103' title="bbox 1646 4191 2734 4258; baseline 0.003 -16"><span class='ocrx_word' id='word_1_574' title='bbox 1646 4193 1750 4243; x_wconf 87' lang='grc'><strong>252</strong></span> <span class='ocrx_word' id='word_1_575' title='bbox 1786 4207 1900 4258; x_wconf 84' lang='lat' dir='ltr'><strong>seq.</strong></span> <span class='ocrx_word' id='word_1_576' title='bbox 1938 4191 2062 4243; x_wconf 90' lang='lat' dir='ltr'><strong>coll.</strong></span> <span class='ocrx_word' id='word_1_577' title='bbox 2103 4191 2355 4243; x_wconf 79' lang='lat' dir='ltr'><strong>Creuzer.</strong></span> <span class='ocrx_word' id='word_1_578' title='bbox 2384 4191 2626 4258; x_wconf 78' lang='lat' dir='ltr'><strong>Symbol.</strong></span> <span class='ocrx_word' id='word_1_579' title='bbox 2655 4191 2734 4245; x_wconf 89' lang='lat'><strong>11.</strong></span> 
     </span>
     <span class='ocr_line' id='line_1_104' title="bbox 1645 4258 2735 4326; baseline -0.003 -15"><span class='ocrx_word' id='word_1_580' title='bbox 1645 4275 1696 4325; x_wconf 90' lang='lat' dir='ltr'><strong>p.</strong></span> <span class='ocrx_word' id='word_1_581' title='bbox 1734 4260 1836 4312; x_wconf 83' lang='lat'><strong>332</strong></span> <span class='ocrx_word' id='word_1_582' title='bbox 1866 4277 1981 4326; x_wconf 89' lang='lat' dir='ltr'><strong>seq.</strong></span> <span class='ocrx_word' id='word_1_583' title='bbox 2031 4262 2167 4311; x_wconf 87' lang='lat' dir='ltr'><strong>Cum</strong></span> <span class='ocrx_word' id='word_1_584' title='bbox 2203 4277 2336 4312; x_wconf 82' lang='lat' dir='ltr'><strong>vero</strong></span> <span class='ocrx_word' id='word_1_585' title='bbox 2368 4261 2426 4311; x_wconf 88' lang='lat' dir='ltr'><strong>in</strong></span> <span class='ocrx_word' id='word_1_586' title='bbox 2462 4258 2735 4326; x_wconf 79' lang='lat' dir='ltr'><strong>hierogly-</strong></span> 
     </span>
     <span class='ocr_line' id='line_1_105' title="bbox 1644 4329 2737 4394; baseline 0.001 -16"><span class='ocrx_word' id='word_1_587' title='bbox 1644 4329 1818 4393; x_wconf 83' lang='lat' dir='ltr'><strong>phieis</strong></span> <span class='ocrx_word' id='word_1_588' title='bbox 1854 4332 2001 4381; x_wconf 91' lang='lat' dir='ltr'><strong>notis</strong></span> <span class='ocrx_word' id='word_1_589' title='bbox 2028 4331 2192 4394; x_wconf 77' lang='lat' dir='ltr'><strong>Nepte</strong></span> <span class='ocrx_word' id='word_1_590' title='bbox 2228 4331 2530 4381; x_wconf 80' lang='lat' dir='ltr'><strong>advocetur</strong></span> <span class='ocrx_word' id='word_1_591' title='bbox 2562 4336 2737 4379; x_wconf 79' lang='lat' dir='ltr'><strong>mater</strong></span> 
     </span>
    </p>
   </div>
   <div class='ocr_carea' id='block_1_7' title="bbox 1647 4398 2738 4466">
    <p class='ocr_par' dir='ltr' id='par_1_8' title="bbox 1647 4398 2738 4466">
     <span class='ocr_line' id='line_1_106' title="bbox 1647 4398 2738 4466; baseline -0.001 -16"><span class='ocrx_word' id='word_1_592' title='bbox 1647 4398 1882 4450; x_wconf 84' lang='lat' dir='ltr'><strong>Osiridis</strong></span> <span class='ocrx_word' id='word_1_593' title='bbox 1920 4398 2153 4466; x_wconf 81' lang='lat' dir='ltr'><strong>indeque</strong></span> <span class='ocrx_word' id='word_1_594' title='bbox 2205 4399 2372 4450; x_wconf 82' lang='lat' dir='ltr'><strong>etiam</strong></span> <span class='ocrx_word' id='word_1_595' title='bbox 2406 4399 2597 4462; x_wconf 79' lang='lat' dir='ltr'><strong>Isidis,</strong></span> <span class='ocrx_word' id='word_1_596' title='bbox 2641 4411 2738 4463; x_wconf 77' lang='lat' dir='ltr'><strong>pa-</strong></span> 
     </span>
    </p>
   </div>
  </div>
 </body>
</html>
