3109 5092
1162 364 1414 427 OLIO.
1460 368 1510 425 Ι.
1548 375 1638 430 81.
1684 372 1773 430 82.

2485 368 2605 429 177

329 538 711 610 επεπτιόκεε
755 543 894 628 ἔρις
924 534 1128 607 ἐοῦσα
1164 536 1337 635 ,πρὸς
1369 534 1712 629 ’Λργείους
1752 542 1906 631 περὶ
1946 540 2172 632 χώρου
2198 545 2608 631 καλεομένου

329 646 611 734 Θυρέης.
665 639 783 721 τὰς
822 638 950 731 γὰρ
978 645 1241 732 Θυρέας
1277 641 1554 728 ταύτας,
1601 644 1838 725 ἐούσας
1879 651 1996 734 τῆς
2033 643 2415 735 Ἀργολίδος
2453 652 2604 734 μοί-

328 776 484 837 ρης,
514 742 1009 835 ἀποταμόμενοι
1055 751 1249 833 ἔσχον
1291 752 1361 815 οἰ
1378 746 1924 837 Λακεδαιμόνιοι.
1988 740 2075 837 ἦν
2107 749 2182 818 δὲ
2210 751 2321 818 καὶ
2350 745 2606 838 ἡμέχρι

327 948 473 996 tanis
504 953 783 1009 praeterea
829 946 1109 997 acciderat
1144 947 1421 997 contentio

330 1032 453 1066 cum
514 1016 796 1080 Argivis.“
856 1017 1147 1082 Participii
1201 1009 1418 1083 (ἐοῦσα)

327 1101 486 1136 usum
535 1100 599 1135 eo
646 1086 849 1149 refero,
897 1086 1044 1152 quod
1089 1087 1253 1136 etiam
1295 1092 1421 1151 post

330 1152 624 1221 συμβαίνει
642 1156 991 1221 participium
1015 1157 1281 1221 reperitur
1297 1156 1419 1206 loco

329 1224 613 1285 infinitivi3
652 1225 801 1276 conf.
836 1226 903 1288 V,
942 1224 1029 1277 36.
1064 1226 1163 1287 IX,
1203 1226 1322 1277 101.

400 1290 529 1359 περὶ
562 1289 753 1360 χώρου
793 1292 1141 1359 καλεομένου
1175 1290 1423 1360 Θυρέης]

326 1366 465 1415 Erat
499 1364 726 1429 antiqua
769 1365 878 1414 iam
926 1365 1253 1430 Argivorum
1298 1379 1421 1415 cum

327 1433 776 1484 Lacedaemoniis
809 1435 1087 1485 contentio
1110 1449 1280 1499 eaque
1309 1435 1420 1483 {ere

329 1504 606 1556 continua⁴
636 1504 704 1553 de
749 1508 929 1554 terrae
972 1504 1255 1569 utriusque
1303 1503 1423 1553 fini-

326 1574 452 1624 bus.
492 1573 826 1624 Pausaniam
871 1574 921 1622 si
961 1574 1267 1640 sequimur,
1316 1573 1421 1638 Cy-

326 1643 487 1692 nuria
508 1628 774 1707 *inprimis
819 1648 964 1694 terra
1011 1643 1144 1705 fuit,
1199 1643 1266 1692 de
1313 1658 1420 1707 qua

326 1712 458 1761 inde
501 1713 585 1767 ab,
620 1713 1001 1777 antiquissima
1046 1718 1229 1762 aetate
1272 1718 1419 1763 utra-

327 1796 434 1846 que
468 1797 604 1846 gens
634 1781 979 1847 disceptabat
1006 1783 1269 1847 varioque
1302 1796 1418 1830 suc-

326 1866 489 1900 cessu
514 1851 780 1901 certabat.
819 1850 911 1901 Si‘c
946 1856 1072 1915 post
1100 1851 1417 1913 Phidonem‚

326 1924 620 1985 tyrannum
642 1921 985 1986 Argivorum,
1015 1919 1191 1970 denuo
1213 1933 1420 1985 pugna-

325 1994 447 2039 tum
484 1989 713 2055 legimus
750 1989 1075 2054 Olympiade
1106 1990 1226 2051 XV,
1264 1989 1421 2054 Argi-

327 2074 537 2125 vosque
560 2059 798 2109 victores
830 2059 1151 2109 discessisse
1179 2074 1209 2108 e
1233 2074 1420 2125 pugna

329 2128 402 2178 ad
416 2128 624 2193 Hysias
642 2129 936 2178 commissa
949 2128 1165 2193 Olymp.
1182 2128 1420 2191 XXVII,

326 2200 382 2248 4.
421 2198 679 2264 Sequitur
715 2197 838 2247 dein
864 2213 1049 2263 pugna
1073 2197 1187 2261 illa,
1219 2198 1285 2247 de
1313 2212 1422 2262 qua

325 2268 386 2319 h.
442 2265 479 2317 1.
525 2268 863 2329 Herodotus,
925 2268 1215 2317 commissa
1276 2267 1421 2317 circa

330 2337 647 2402 Olympiad.
679 2337 889 2399 LVIII,
916 2338 1071 2386 cuius
1107 2337 1421 2387 memoriam

328 2407 575 2457 carmina
629 2405 980 2457 celebrabant
1030 2407 1086 2455 in
1139 2407 1422 2456 Laconum

328 2476 757 2540 Gymnopaediis
782 2476 1000 2525 recitari
1028 2475 1216 2535 solita3
1252 2481 1315 2525 ut
1334 2475 1421 2526 vel

326 2545 459 2595 inde
492 2545 595 2595 hoc
634 2546 809 2611 ipsum
844 2547 1045 2596 festum
1082 2546 1315 2611 Spartae
1341 2545 1421 2594 in-

327 2615 584 2665 stitutum
621 2615 793 2665 fuisse
836 2614 1027 2665 velint.
1085 2616 1227 2666 Nam
1260 2614 1421 2664 huius

326 2689 561 2746 tractus,
597 2685 846 2749 quamvis
893 2684 1100 2750 exigui,
1145 2685 1422 2748 possessio

326 2754 561 2804 multum
595 2758 779 2803 tamen
814 2754 990 2805 valuit
1022 2755 1094 2805 ad
1129 2768 1214 2803 res
1250 2754 1425 2803 Laco·

326 2839 461 2873 num
496 2823 790 2873 firmandas
827 2839 1117 2889 eorumque
1140 2823 1423 2888 imperium

327 2895 387 2943 in
412 2893 790 2958 Peloponneso
827 2892 1230 2954 stabiliendum,
1260 2908 1425 2959 quum

326 2962 496 3013 facile
522 2978 665 3012 nunc
702 2963 884 3013 aditus
920 2967 1129 3029 pateret
1156 2962 1228 3012 ad
1255 2964 1425 3027 Argo-

324 3031 495 3082 lidem
543 3037 743 3082 terram
805 3034 1031 3098 eiusque
1083 3032 1264 3083 urbes.
1338 3033 1424 3082 Tu

328 3101 443 3152 vid.
483 3106 701 3166 praeter
738 3117 820 3166 ea,
862 3117 1002 3168 quae
1028 3102 1423 3167 Wesselingius

329 3171 542 3235 laudat,
554 3172 940 3236 Wyttenbach.
969 3173 1038 3223 ad
1054 3171 1196 3222 Plat.
1212 3171 1420 3223 Phaed.

329 3257 388 3307 p.
426 3241 547 3303 236,
597 3241 668 3290 ad
713 3241 992 3292 Plutarch.
1036 3241 1234 3292 Moral.
1284 3241 1329 3304 1,
1369 3242 1420 3290 2.

332 3326 465 3377 pag.
509 3311 663 3361 1176.
700 3310 760 3362 G.
801 3311 868 3362 Ο.
905 3310 1152 3362 Mueller.
1197 3312 1332 3361 Dor.
1375 3309 1420 3360 1.

330 3397 386 3446 p.
424 3381 525 3430 154
552 3395 702 3447 seqq.
744 3380 863 3432 158.
898 3382 982 3431 De
1002 3379 1425 3446 Gymnopaediis

332 3449 654 3500 consulatur
723 3449 1014 3502 Ruhnken.
1079 3449 1151 3499 ad
1213 3449 1425 3500 Timaei

330 3521 469 3570 Lex.
512 3519 656 3570 Plat.
701 3536 755 3585 p.
808 3521 892 3571 74.
934 3525 991 3570 et
1036 3534 1177 3584 quae
1214 3520 1282 3569 ad
1319 3521 1427 3569 He-

333 3589 454 3639 rod.
488 3589 587 3652 Vl,
623 3589 712 3640 67.
756 3588 1022 3649 dicentur.
1077 3587 1216 3638 Add.
1257 3590 1319 3640 C.
1357 3590 1420 3639 F.

329 3660 631 3709 Hermann.
669 3659 893 3725 Antiqq.
914 3660 1079 3709 Lacc.
1100 3673 1151 3722 p.
1178 3658 1244 3709 83
1271 3674 1421 3723 seqq.

334 3760 407 3767 —-
454 3727 659 3792 Thyrea
703 3729 826 3793 ipsa
875 3729 1002 3780 olim
1047 3729 1310 3793 pertinuit
1353 3728 1424 3777 ad

335 3798 633 3861 Cynuriam
665 3802 865 3848 terram
900 3799 997 3859 (cf.
1026 3797 1229 3848 Herod.
1266 3797 1422 3860 VIII,

336 3866 407 3917 73
445 3867 627 3932 ibique
660 3868 825 3933 nott.)
864 3869 1029 3918 sitam
1073 3867 1216 3918 inter
1256 3867 1427 3931 Argo-

334 3935 503 3986 lidem
533 3942 588 3986 et
623 3938 923 3987 Laconiam
962 3943 1016 3988 et
1054 3937 1121 3986 ab
1157 3936 1426 3987 Arcadiae

336 4006 616 4057 montibus
653 4006 724 4056 ad
761 4007 925 4057 maris
951 4021 1101 4057 oram
1136 4022 1306 4072 usque
1339 4022 1429 4056 ex-

332 4080 575 4139 tensam,
621 4076 857 4127 fertilem
901 4091 968 4127 ac
1025 4077 1163 4126 bene
1207 4075 1427 4137 cultam,

336 4145 406 4195 de
462 4160 569 4211 qua
612 4150 857 4197 veterum
912 4147 1237 4211 scriptorum
1279 4145 1430 4195 locos

335 4214 492 4264 dabit
524 4215 791 4281 Forbiger
835 4214 949 4266 Alt.
989 4215 1184 4280 Geogr.
1230 4214 1335 4265 111.
1372 4230 1427 4280 p.

332 4282 441 4336 993
478 4299 592 4350 seq.
654 4284 793 4335 Add.
845 4284 908 4336 C.
951 4285 1017 4335 Ο.
1058 4284 1291 4336 Mueller
1328 4285 1431 4333 Ae-

334 4355 534 4419 ginett.
593 4370 645 4419 p.
703 4356 792 4405 46.
851 4354 1119 4419 Boblaye:
1201 4352 1431 4405 Becher-

336 4422 469 4473 ches
516 4436 610 4473 sur
654 4423 734 4473 les
779 4423 965 4474 ruines
1025 4423 1092 4474 de
1139 4419 1326 4475 Mol-ee
1373 4437 1429 4488 p.

422 4525 760 4570 naono'r.
807 4524 853 4567 1.

1522 946 1610 1000 65.
1649 949 1718 1000 68
1755 964 1907 1015 seqq.
1976 949 2200 1001 Curtius
2245 950 2609 1017 Peloponnes.

1522 1019 1596 1069 11.
1648 1036 1702 1085 p.
1752 1020 1852 1071 375
1893 1034 2045 1085 seqq.
2101 1022 2242 1071 Ross
2289 1021 2488 1070 Reisen
2535 1021 2609 1069 im

1518 1089 1877 1155 Peloponnes.
1929 1090 1974 1140 Ι.
2015 1106 2068 1155 p.
2120 1090 2222 1141 159
2266 1106 2415 1156 seqq.
2479 1090 2609 1154 Ipsa

1520 1159 1736 1224 Thyrea
1771 1159 1901 1209 urbs
1948 1175 2056 1224 quo
2105 1158 2226 1210 loco
2271 1161 2437 1210 fuerit
2483 1160 2608 1224 sita,

1520 1229 1682 1278 valde
1716 1215 2075 1293 disceptatur.
2113 1230 2192 1280 Ut
2228 1230 2368 1280 enim
2403 1234 2610 1279 certum

1522 1303 1624 1361 est,
1646 1314 1753 1348 non
1788 1299 1949 1368 longe
1974 1299 2043 1349 ab
2076 1315 2140 1350 eo
2172 1300 2292 1349 loco
2321 1304 2608 1364 portuque,

1522 1369 1612 1418 cui
1643 1383 1786 1418 nunc
1829 1373 1914 1417 est
1955 1384 2152 1419 nomen
2195 1369 2411 1431 Ant-os,
2462 1368 2610 1432 Thy-

1522 1452 1671 1487 ream
1705 1438 1895 1499 fuisse,
1928 1440 2092 1503 qnam
2128 1438 2314 1488 decem
2343 1439 2538 1488 stadiis
2576 1453 2610 1486 a

1523 1508 1661 1556 mari
1717 1507 1962 1557 abfuisse
2019 1508 2212 1558 scribit
2262 1507 2610 1573 Thucydides

1521 1576 1619 1639 IV,
1650 1578 1734 1638 57,
1771 1577 1853 1626 ita
1876 1577 1934 1626 in
1969 1579 2278 1629 accuratius
2307 1575 2611 1628 definiendo

1522 1645 1628 1696 hoc
1661 1645 1781 1710 ipso
1818 1645 1955 1707 loco,
2005 1663 2111 1712 quo
2155 1648 2284 1698 urbs
2332 1651 2611 1697 exstructa

1523 1719 1625 1777 est,
1663 1715 1719 1763 in
1756 1715 2002 1765 diversas
2041 1722 2226 1780 partes
2262 1717 2413 1766 abire
2449 1716 2610 1764 video

1520 1785 1671 1834 viros
1710 1783 1928 1847 doctos,
1976 1786 2070 1849 qui
2114 1786 2288 1849 ipsam
2334 1786 2610 1849 regionem

1520 1853 1934 1904 accuratissime
1967 1854 2422 1919 perquisiverunt.
2484 1854 2612 1903 Ete—

1522 1925 1632 1973 nim
1649 1922 1870 1972 Curtius
1898 1921 1936 1974 l.
1968 1923 2005 1973 l.
2029 1939 2085 1988 p.
2117 1922 2214 1974 381
2255 1922 2378 1973 coll.
2415 1939 2469 1987 p.
2507 1921 2609 1971 567

1523 2008 1587 2042 eo
1635 1990 1893 2053 inclinat,
1939 2000 2001 2042 ut
2044 2008 2210 2058 prope
2254 1992 2462 2053 locum,
2516 1991 2611 2055 qui

1524 2077 1667 2110 nunc
1722 2060 1922 2111 dicitur
1975 2060 2154 2113 Sancti
2199 2062 2446 2111 Andreae
2497 2059 2612 2125 (ubi
2651 2096 2663 2106 .

1522 2135 1770 2181 veterum
1831 2129 2200 2181 aedificiorum
2251 2132 2442 2181 ruinae
2499 2146 2611 2181 cer-

1521 2205 1744 2263 nuntur,
1792 2201 1986 2265 quibus
2035 2200 2256 2252 solitum
2304 2216 2400 2267 per
2444 2200 2610 2250 Grae-

1523 2270 1665 2320 ciam
1678 2285 1872 2319 nomen
1884 2269 2612 2335 Palaeocastron)Thyream

1524 2340 1803 2390 exstitisse
1846 2340 2166 2399 arbitretur:
2221 2342 2314 2405 qui
2357 2356 2488 2389 sane
2536 2338 2611 2389 lo-

1524 2426 1621 2460 cus
1657 2425 1767 2459 non
1790 2409 2082 2460 admodum
2107 2410 2278 2460 distat
2304 2410 2372 2460 ab
2397 2411 2609 2469 Astros,

1525 2480 1574 2529 si
1610 2479 1762 2529 iuxta
1797 2480 1961 2529 maris
1999 2494 2149 2530 oram
2185 2480 2463 2529 meridiem
2494 2494 2612 2527 ver-

1524 2563 1619 2598 sus
1658 2550 2006 2613 processeris,
2044 2549 2115 2599 ad
2149 2550 2325 2613 ipsum
2360 2563 2507 2598 mare
2543 2548 2612 2595 si-

1524 2623 1634 2679 tus,
1681 2632 1848 2682 prope
1897 2617 2161 2668 Charadri
2217 2618 2379 2668 ostia.
2454 2616 2611 2677 Quod

1525 2703 1648 2737 cum
1685 2686 1801 2735 fieri
1835 2702 1997 2751 posse
2032 2691 2196 2751 neget
2229 2688 2369 2737 Ross
2402 2685 2438 2734 l.
2476 2685 2514 2735 1.
2554 2700 2609 2748 p.

1530 2755 1648 2818 169,
1687 2756 1896 2805 mavult
1930 2757 2174 2819 cogitare
2212 2756 2278 2805 de
2315 2756 2382 2804 iis
2419 2754 2609 2815 ruinis,

1526 2840 1670 2890 quae
1702 2840 1848 2874 nunc
1893 2825 2244 2875 inveniuntur
2289 2839 2456 2889 prope
2502 2839 2612 2872 mo-

1526 2895 1827 2944 nasterium
1875 2894 2049 2949 Lulcu.
2101 2894 2246 2960 quod
2291 2894 2614 2959 septentrio-

1525 2980 1651 3015 nem
1695 2978 1885 3014 versus
1930 2964 2387 3015 adscendentibus
2432 2979 2467 3013 a
2501 2962 2614 3027 pla-

1523 3035 1660 3085 nitie
1696 3034 1934 3084 cernitur
1970 3034 2026 3083 in
2061 3034 2204 3084 valle
2236 3034 2376 3085 Tani
2410 3048 2444 3083 a
2481 3034 2611 3083 Par·
2684 3072 2689 3076 .

1524 3119 1667 3154 none
1704 3104 2039 3168 profluentis.
2079 3105 2268 3169 Neque
2305 3103 2466 3153 aliter
2501 3107 2613 3152 sta-

1525 3175 1634 3223 tuit
1676 3173 1863 3223 Leake
1907 3173 2136 3224 Travels
2185 3174 2243 3223 in
2297 3175 2484 3224 Morea
2529 3172 2608 3221 II.

1525 3258 1581 3307 p.
1638 3241 1741 3292 486
1794 3258 1968 3307 seqq„
2004 3243 2360 3293 dissentiente
2402 3242 2610 3303 Curtio,

1526 3312 1621 3377 qui
1651 3311 1752 3361 has
1785 3312 2044 3378 reliquias
2081 3312 2151 3361 ad
2186 3315 2487 3363 Romanam
2512 3310 2612 3359 vil-

1524 3381 1635 3431 lam
1685 3381 1886 3431 referre
1932 3381 2140 3432 mavult
2179 3398 2232 3446 p.
2284 3380 2404 3432 380.
2472 3381 2613 3431 Utut

1527 3456 1629 3511 est,
1669 3451 1761 3516 vix
1798 3450 2046 3511 dubium,
2096 3452 2226 3514 quin
2267 3450 2325 3500 in
2371 3449 2466 3498 illa
2499 3449 2613 3512 pla-

1526 3522 1678 3581 nitie,
1716 3534 1858 3584 quae
1892 3520 2167 3569 montibus
2214 3519 2284 3568 ab
2320 3533 2521 3569 occasu
2558 3521 2613 3567 et

1526 3589 1897 3654 septentrione
1941 3587 2155 3637 inclusa
2196 3588 2270 3637 ad
2312 3602 2460 3636 mare
2495 3601 2615 3650 per-

1527 3659 1693 3723 tingit
1729 3670 1901 3721 eaque
1933 3657 2082 3720 loca,
2121 3672 2262 3721 quae
2295 3657 2432 3717 dixi,
2471 3672 2614 3705 com-

1526 3726 1839 3794 prehendit,
1901 3726 2031 3775 olim
2087 3726 2254 3776 fuerit
2313 3730 2615 3791 pugnatum

1526 3800 1670 3848 inter
1711 3796 1947 3859 Argivos
1993 3811 2059 3845 ac
2094 3796 2394 3861 Spartanos
2429 3795 2615 3846 valde-

1529 3883 1635 3934 que
1671 3863 1977 3927 dolendum‚
2000 3865 2146 3932 quod
2163 3867 2219 3915 in
2253 3865 2358 3916 hac
2389 3865 2615 3930 planitie

1528 3936 1679 3987 nulla
1724 3934 1975 4000 sepulcra
2031 3951 2075 3985 s.
2122 3941 2470 3986 monumenta
2520 3935 2616 3985 ad-

1529 4007 1638 4056 huc
1661 4005 1879 4054 detecta
1913 4004 2134 4056 fuerint.
2173 4006 2259 4057 cf.
2281 4006 2448 4057 etiam
2472 4006 2614 4055 Ross

1533 4078 1612 4125 in:
1638 4075 1851 4126 Bliitter
1871 4075 1960 4125 fiir
1975 4075 2116 4127 liter.
2134 4075 2444 4127 Unterhalt.
2456 4073 2611 4137 1833,

1532 4161 1616 4196 nr.
1656 4144 1775 4196 165.
1811 4162 1865 4211 p.
1904 4146 2026 4196 682.

1602 4202 1677 4295 ἦν
1724 4207 1787 4264 δὲ
1842 4210 1940 4264 καὶ
1992 4204 2028 4279 ἡ
2080 4208 2241 4280 μέχρι
2287 4206 2537 4263 Μαλέων
2577 4200 2614 4275 ἡ

1534 4300 1684 4350 προς
1731 4275 1979 4348 ἕσπέρην
2023 4274 2303 4349 Ἀργείων]
2366 4278 2617 4331 Μαλέων

1532 4370 1630 4419 pro
1677 4351 1928 4403 Μαλειόν
1974 4353 2168 4418 scripsi
2213 4367 2335 4402 cum
2381 4350 2614 4401 Bredov.

1531 4439 1587 4489 p.
1629 4422 1748 4478 188.
1790 4427 1846 4474 et
1880 4438 1935 4488 p.
1973 4421 2120 4482 219.;
2158 4420 2231 4471 cf.
2271 4420 2338 4470 de
2369 4419 2474 4470 hoc
2495 4432 2617 4484 pro·

2134 4500 2211 4562 12
