3109 5092
516 343 641 406 828

1379 338 1921 403 HERODOTI

508 514 944 606 Κανωβικόν·
978 510 1020 605 ἦ
1049 520 1112 585 εἰ
1135 514 1228 604 μή
1253 542 1330 603 γε
1358 508 1467 585 οἷά
1493 543 1564 585 τε
1597 524 1700 604 εἴη
1730 512 1892 603 πρὸς
1918 482 2210 601 άνέμους
2233 506 2508 592 ἀντίους
2534 514 2837 595 πλέειν,

512 621 594 691 τὰ
627 626 871 710 φορτία
904 624 1052 690 ἔδεε
1084 618 1433 710 περιάγειν
1472 623 1547 689 ἐν
1588 618 1816 709 βάρισι
1855 618 2011 709 περὶ
2053 612 2127 686 τὸ
2167 618 2426 702 Δέλτα,
2471 617 2665 705 μέχρι
2730 606 2838 687 οὗ

513 722 821 795 ἀπίκοιτο
867 725 933 804 ἐς
973 722 1394 812 Ναύκρατιν.
1468 719 1644 793 οὕτω
1690 722 1816 811 μὲν
1859 719 1945 811 δὴ
1993 718 2384 811 Ναύκρατις
2423 721 2831 809 ἐτετίμητο.

385 824 1021 918 18οἈμφικτυόνων
1074 827 1149 897 δὲ
1199 826 1697 916 μισθωσάντων
1745 822 1863 895 τὸν
1915 828 1990 895 ἐν
2034 831 2369 911 Δελφοῖσι
2412 829 2545 892 νῦν
2594 823 2833 895 ἐόντα

516 930 684 1022 νηὸν
712 938 1119 1022 τριηκοσίων
1152 929 1499 1000 ταλάντων
1525 927 2011 1018 ἐξεργάσασθαι
2042 922 2107 1012 (ὁ
2135 924 2263 1016 γάρ
2294 924 2623 1016 πρότερον
2660 924 2833 997 ἐών
2896 930 2921 939 “

515 1033 761 1107 αὐτόθι
788 1030 1181 1122 αὐτομάτως
1209 1033 1536 1121 κατεκάη,
1567 1030 1725 1115 τούς
1749 1026 2067 1122 Δελφούς
2096 1030 2170 1101 δὲ
2198 1032 2522 1119 ἐπέβαλλε
2553 1058 2826 1117 τεταρ-

511 1137 832 1229 τημόριον
870 1141 991 1206 τοῦ
1034 1137 1467 1226 μισθώματος
1510 1141 1905 1228 παρασχεῖν)
1937 1134 2364 1223 πλανώμενοι
2403 1135 2478 1204 δὲ
2519 1138 2589 1202 οἱ
2608 1143 2821 1204 Λελ-

514 1245 633 1331 φοὶ
664 1242 819 1330 περὶ
845 1236 963 1320 τὰς
989 1239 1180 1322 πόλις
1212 1244 1613 1324 ἐδωτίναζον
1631 1292 1648 1322 ,
1679 1243 2027 1319 ποιεῦντες
2055 1238 2130 1308 δὲ
2159 1242 2388 1324 τοῦτο,
2415 1233 2541 1306 οὐκ
2569 1236 2822 1325 ἐλάχι-

515 1366 676 1415 στον
703 1346 770 1427 ἐξ
797 1342 1148 1429 Αἰγύπτου
1176 1339 1549 1433 ἠνείκαντο.
1608 1342 1883 1431 Ἀμασις
1908 1343 2035 1432 μὲν
2064 1340 2192 1432 γάρ
2222 1359 2345 1430 σφι
2372 1346 2586 1410 ἔδωκε
2612 1346 2824 1429 ’χίλια

515 1450 924 1535 στυπτηρίης
962 1445 1288 1533 τάλαντα,
1331 1452 1397 1516 οί
1423 1448 1496 1517 δὲ
1527 1449 1602 1517 ἐν
1630 1445 1953 1541 Αἰγύπτῳ
1988 1446 2318 1526 οἰκέοντες
2340 1440 2661 1533 ’Έλληνες
2698 1453 2819 1514 εἴ·

519 1571 665 1621 κοσι
695 1550 919 1638 μνέας.

588 1738 739 1800 οὕτω
785 1742 890 1816 μὲν
939 1738 1012 1814 δὴ
1055 1739 1387 1811 Ναύκρατις
1438 1741 1605 1799 ἐτετί-

515 1818 685 1886 μητο]
722 1819 866 1885 Apte
900 1816 1036 1870 haec
1057 1817 1151 1869 'sic
1185 1819 1363 1870 reddit
1387 1818 1605 1869 Ulrichs

520 1892 556 1942 l.
595 1891 630 1941 l.
674 1905 773 1953 „eo
821 1904 978 1954 grona
1029 1904 1210 1939 waren
1256 1889 1343 1939 die
1377 1888 1606 1939 Privile·

521 1960 646 2028 gion
680 1959 858 2010 dieses
899 1957 1418 2023 Handelsplatzes.“

846 2076 978 2128 Cu».
1017 2077 1279 2128 CLXXX.

592 2157 1022 2229 ἐξεργάσασθαι]
1072 2163 1162 2213 Ita
1209 2180 1332 2214 cum
1368 2163 1615 2215 Gaiefor-

524 2236 612 2286 dio
660 2234 890 2299 aliisque
943 2232 1345 2284 rescribendum
1398 2235 1613 2284 censui-

523 2319 642 2355 mus
675 2318 773 2368 pro
815 2299 1041 2365 vulgato
1076 2291 1435 2367 ἐξεργάσθαι,
1468 2302 1614 2368 quod

519 2372 747 2423 retinuit
801 2370 1050 2422 Dietsch.
1150 2370 1216 2420 In
1266 2372 1386 2436 ipso
1447 2372 1613 2422 verbo

522 2458 641 2493 eam
674 2442 784 2492 vim
833 2440 1013 2490 inesse
1056 2439 1404 2504 crediderim,
1452 2456 1615 2507 quam

519 2514 578 2563 in
622 2500 1040 2574 ἐξοικοδομεῖν
1084 2513 1138 2560 et
1186 2500 1254 2559 ἐκ
1270 2512 1460 2560 ποιεῖν
1520 2509 1615 2561 ad-

521 2582 784 2633 vertimus
823 2594 989 2644 supra
1014 2579 1090 2642 ΙΙ,
1123 2580 1239 2634 175.
1281 2580 1400 2632 176.
1424 2606 1492 2616 -—
1519 2595 1610 2644 μι-

522 2648 715 2702 σθοῦν
738 2649 825 2700 hic
861 2648 1012 2700 valet
1039 2653 1231 2711 locare,
1270 2652 1472 2701 elocare
1496 2648 1612 2711 (ae-

525 2722 645 2772 dem
669 2719 1097 2783 exstruendam).
1147 2720 1417 2771 Trecenta
1439 2719 1612 2769 talen·

524 2797 601 2853 ta,
634 2806 775 2857 quae
809 2790 899 2840 hic
920 2794 1423 2852 commemorantur,
1451 2789 1612 2854 Aegi-

524 2861 706 2912 netica
725 2858 962 2921 talenta,
998 2860 1066 2909 ab
1088 2859 1289 2909 Atticis
1322 2860 1509 2924 utique
1530 2858 1611 2908 di·

524 2944 684 2979 versa
719 2927 988 2993 longeque
1027 2928 1091 2977 iis
1127 2928 1361 2991 maiora,
1399 2928 1488 2978 hic
1523 2943 1612 2978 co-

527 2996 755 3062 gitanda
776 3012 896 3046 esee
927 2997 1125 3046 statuit
1153 2997 1348 3047 Grote:
1387 2997 1616 3060 History

528 3066 588 3115 of
649 3066 854 3116 Greece
897 3064 1002 3126 IV,
1068 3064 1194 3115 161:
1268 3065 1411 3115 unde
1472 3065 1616 3115 effici

527 3132 646 3184 vult
672 3148 936 3183 summam
973 3132 1176 3183 115000
1211 3132 1336 3184 libr.
1367 3134 1613 3199 Anglice.

525 3201 791 3269 Equidem
870 3217 965 3253 cur
1025 3202 1095 3253 ab
1165 3203 1363 3252 Atticis
1444 3202 1618 3254 disce-

529 3272 682 3334 dam,
745 3271 948 3322 nullam
991 3271 1152 3322 video
1206 3288 1454 3334 eausam3
1512 3274 1617 3325 ita-

529 3359 632 3409 que
667 3345 916 3393 trecenta
952 3340 1160 3393 talenta
1199 3342 1510 3408 aequabunt
1546 3342 1618 3408 (si

529 3412 833 3464 qurmium
875 3410 1168 3477 sequimur)
1209 3412 1304 3463 781
1346 3414 1448 3463 745
1498 3413 1615 3464 flor.

529 3488 585 3534 et
619 3483 653 3534 ss
692 3482 908 3548 Crucig.
947 3483 1062 3532 sive
1096 3481 1144 3545 1,
1184 3481 1413 3546 668,270
1447 3484 1619 3533 Fran-

530 3568 717 3604 corum
754 3552 1103 3603 Gallicorum.

599 3612 629 3671 ὁ
670 3613 775 3687 γὰρ
804 3612 1087 3687 πρότερον
1123 3646 1192 3656 —
1226 3612 1493 3687 κατεκάη]
1532 3621 1618 3671 De

530 3693 706 3743 forma
740 3682 982 3755 κατεκάη
1038 3689 1224 3740 confer
1273 3705 1412 3754 quae
1461 3689 1619 3740 affert

531 3760 766 3814 Bredov.
826 3776 955 3826 pag.
1009 3759 1139 3820 3453
1194 3760 1390 3809 etenim
1458 3760 1619 3824 primi

531 3831 724 3881 aorieti
749 3830 923 3881 forma
942 3822 1321 3895 (κατεκαύθη)
1347 3829 1491 3894 apud
1513 3828 1622 3879 No-

532 3904 704 3949 strum
750 3914 965 3964 quoque
1014 3899 1300 3962 reperitur.
1383 3899 1465 3948 De
1513 3896 1623 3949 loci

533 3972 854 4034 arg-umento
892 3967 1037 4019 conf.
1076 3968 1282 4018 Herod.
1316 3968 1361 4027 Ι,
1402 3968 1488 4030 50,
1527 3968 1623 4018 ubi

532 4037 720 4102 templi
746 4037 970 4088 cremati
1005 4037 1110 4087 iam
1148 4038 1351 4087 mentio
1388 4042 1505 4088 erat
1539 4037 1619 4086 fa·

533 4111 652 4168 cta3
712 4105 779 4156 de
826 4121 931 4170 quo
980 4107 1048 4155 ab
1093 4105 1493 4157 Alcmaeonidis
1541 4106 1622 4156 in-

535 4180 780 4228 staurato
817 4173 1213 4239 wesseling-ius
1258 4176 1468 4226 consuli
1500 4175 1621 4226 vult

533 4248 666 4297 Her.
695 4245 761 4307 V,
793 4245 880 4296 62.
951 4244 1189 4294 Pausan.
1218 4244 1287 4305 X,
1315 4244 1347 4293 5
1376 4248 1432 4295 et
1453 4244 1617 4296 Dion.

532 4317 728 4368 Petav.
769 4314 826 4364 in
861 4313 1126 4364 Themist.
1160 4329 1239 4363 or.
1269 4312 1367 4363 IV.
1405 4329 1460 4378 p.
1494 4312 1616 4365 391.

533 4387 609 4436 Et
655 4385 728 4435 cf.
768 4388 908 4435 nott.
947 4381 1016 4433 ad
1054 4382 1101 4443 Ι,
1141 4384 1228 4434 50.
1260 4412 1331 4421 —-
1363 4381 1427 4432 In
1465 4397 1618 4448 seqq.

535 4470 632 4520 pro
677 4454 825 4520 vulg.
875 4443 1136 4519 ἐπέβαλε
1185 4450 1449 4503 edidimus
1497 4468 1621 4503 cum

1708 1764 1820 1801 rec.
1859 1747 1983 1799 edd.
2021 1740 2347 1814 ἐπέβαλλε,
2382 1754 2543 1812 atque
2576 1747 2819 1798 retinui-

1707 1834 1827 1869 mus
1865 1816 2009 1885 quod
2044 1815 2320 1868 antecedit
2363 1809 2452 1877 δὲ’,
2484 1817 2684 1874 ,πιίῐιιιε
2720 1832 2821 1866 re-

1708 1893 1798 1940 cte
1833 1903 1868 1938 a
1901 1887 2202 1939 Benedicto
2240 1886 2389 1951 (Act.
2438 1887 2630 1938 semin.
2680 1902 2811 1951 reg.

1710 1958 1861 2023 Lipe.
1891 1957 1967 2007 ΙΙ.
2003 1972 2132 2022 pag.
2172 1955 2296 2021 291)
2322 1960 2591 2007 mutatum
2615 1957 2672 2005 in
2706 1950 2813 2021 δή.

1711 2028 1900 2093 Ipsum
1939 2025 2162 2077 verbum
2194 2025 2248 2076 h.
2285 2024 2325 2077 l.
2364 2024 2813 2091 impersonaliter

1712 2098 1827 2148 fere
1863 2096 2115 2161 usurpari
2156 2095 2371 2146 videtur
2419 2096 2488 2146 de
2531 2111 2618 2154 ιο,
2669 2097 2816 2161 quod

1715 2168 1941 2217 convenit
1956 2203 1971 2226 ‚
2009 2166 2146 2231 quod
2166 2166 2432 2217 iniunctum
2455 2172 2557 2225 est,
2598 2179 2643 2214 ε.
2669 2167 2816 2230 quod

1715 2236 1971 2297 incumbit,
2018 2238 2279 2299 sequente
2312 2234 2584 2286 infinitivo
2620 2240 2679 2284 et
2717 2251 2813 2286 ac-

1716 2305 1996 2366 cusative,
2034 2303 2483 2369 quemadmodum
2518 2308 2643 2367 post
2663 2316 2807 2368 συμ·

1716 2372 1930 2442 βαίνει,
1971 2373 2081 2424 alia
2115 2374 2171 2425 id
2207 2389 2409 2439 genua,
2458 2373 2810 2425 animadver-

1716 2446 1900 2496 timus,
1977 2445 2159 2506 Quare
2192 2442 2360 2494 nolim
2397 2443 2634 2493 scribere
2677 2445 2810 2499 τοῖς

1718 2513 1985 2578 Δελφοῖς,
2015 2514 2094 2563 uti
2119 2513 2422 2578 Schweigh.
2450 2513 2507 2562 in
2530 2512 2662 2562 Lex.
2694 2514 2809 2563 He-

1711 2583 1828 2634 rod.
1867 2598 1912 2632 s.
1953 2596 2006 2632 v,
2046 2597 2173 2647 pag.
2208 2583 2313 2633 249
2350 2582 2659 2647 suspicatus
2698 2587 2804 2643 est,

1713 2667 2066 2719 quamquam,
2104 2652 2199 2701 ubi
2232 2652 2416 2702 activo
2452 2666 2617 2702 sensu
2648 2667 2809 2702 usur-

1711 2727 1874 2787 patur
1918 2720 2170 2783 verbum,
2230 2721 2473 2771 dativum
2534 2735 2805 2784 personae

1712 2793 1901 2856 utique
1932 2790 2250 2842 adiunctum
2281 2790 2470 2851 habet,
2507 2794 2569 2841 ut
2593 2789 2640 2851 Ι,
2684 2790 2803 2844 106.

1712 2861 1841 2922 VII,
1884 2860 1971 2912 23.
2044 2861 2123 2910 Ac
2173 2861 2411 2925 pertinet
2446 2860 2807 2926 huc'quoque

1711 2926 1776 2980 τὸ
1800 2921 2102 2997 ἐπιβάλλον
2123 2929 2223 2994 (ec.
2236 2927 2447 2993 μέρος),
2465 2933 2654 2993 porcio,
2674 2944 2808 2994 quae

1718 3000 1873 3049 alicui
1916 2999 2088 3064 obtigit
2100 3035 2113 3059 ‚
2167 3003 2332 3062 portio
2376 3002 2670 3050 οοηυεηίεηε
2711 2999 2807 3059 IV,

1723 3069 1841 3119 115.
1923 3070 2015 3118 Fr.
2067 3069 2285 3134 Hoeger
2343 3069 2401 3118 in
2448 3068 2599 3118 Actt.
2648 3068 2803 3132 phill.

1717 3138 1970 3189 Monacc.
2016 3136 2122 3199 ΙΙΙ,
2160 3142 2214 3189 4.
2261 3153 2390 3201 pag.
2437 3138 2539 3189 487
2578 3137 2809 3188 rescribi

1717 3207 1838 3257 vult
1872 3206 1976 3256 hoc
2010 3205 2130 3256 loco
2166 3198 2422 3272 ἐπέλαβε,
2461 3207 2809 3270 quemadmo-

1720 3275 1844 3326 dum
1873 3274 2017 3339 apud
2048 3276 2377 3327 Pausaniam
2404 3276 2510 3339 ΙΙΙ,
2550 3276 2634 3327 16.
2668 3279 2721 3339 ἓ.
2754 3277 2805 3325 7.

1717 3346 1815 3409 IV,
1857 3345 1907 3395 9.
1950 3348 2003 3407 §-
2038 3345 2071 3396 3
2131 3335 2160 3393 ὁ
2201 3336 2806 3411 κλῆρος-ἐπελάμβανε

1719 3415 1951 3465 dicatur.
2039 3414 2196 3476 Quod
2250 3415 2319 3464 ab
2362 3413 2628 3465 Herodoti
2682 3415 2806 3466 loco

1719 3484 1954 3535 alienum
1992 3483 2224 3534 videtur.
2257 3514 2327 3524 -—
2357 3485 2421 3534 In
2449 3483 2630 3534 verbis
2654 3500 2806 3564 seqq.

1719 3548 2082 3616 πλανώμενοι
2111 3547 2187 3603 δὲ
2221 3545 2281 3601 οἷ
2305 3548 2520 3618 Δελφοὶ
2544 3548 2676 3615 περὶ
2708 3568 2809 3610 τας

1719 3614 1887 3679 πόλις
1923 3612 2263 3682 ἐδωτίναζον
2297 3623 2521 3674 attende
2556 3623 2807 3674 voculam

1719 3684 1784 3741 δὲ
1821 3689 2072 3741 consulto
2122 3691 2411 3756 repetitam
2457 3708 2523 3743 ex
2560 3693 2810 3743 enuntia-

1718 3761 1885 3812 tionis
1924 3761 2080 3811 initio
2111 3752 2571 3826 (Ἀμφικτυόνων
2609 3754 2682 3811 δὲ
2718 3778 2809 3826 μι-

1725 3820 2078 3880 σθωσάντων
2104 3844 2156 3880 κ.
2186 3846 2233 3880 τ.
2259 3829 2352 3895 λ.),
2372 3830 2467 3881 ubi
2487 3831 2685 3882 Noster
2714 3847 2808 3896 po-

1723 3903 1912 3950 suerat
1944 3897 2124 3962 illam,
2175 3900 2284 3949 iam
2327 3898 2556 3950 alterum
2593 3900 2807 3952 additu·

1723 3984 1815 4020 rus
1837 3969 2139 4034 exemplum
2166 3968 2515 4020 liberalitatis
2543 3968 2611 4020 ab
2647 3970 2810 4021 Ama·

1725 4039 1841 4089 side
1858 4037 1914 4087 in
1934 4038 2172 4090 Graecos
2192 4037 2448 4101 collatae3
2475 4038 2587 4089 vid.
2609 4039 2656 4100 Ι,
2692 4039 2807 4090 143.

1727 4108 1827 4161 163
1857 4110 1913 4158 et
1941 4107 2084 4159 conf.
2123 4109 2287 4159 etiam
2325 4108 2495 4160 allata
2513 4108 2585 4157 ad
2610 4108 2657 4169 Ι,
2686 4109 2806 4163 196.

1726 4178 1803 4239 ΙΙ,
1841 4175 1928 4228 26.
1967 4207 2037 4216 —
2073 4167 2375 4242 ἠνείκαντο
2419 4177 2679 4228 revocavi
2713 4195 2811 4243 pro

1724 4236 2044 4309 ἔνείκαντο,
2092 4247 2237 4312 quod
2289 4263 2319 4297 e
2362 4246 2680 4298 Florentino
2723 4248 2814 4298 de-

1724 4315 1880 4366 derat
1930 4316 2208 4368 Gaisford.
2284 4318 2367 4368 Tu
2412 4315 2522 4366 vid.
2576 4316 2811 4369 BredoV.

1724 4401 1854 4451 pag.
1896 4385 2017 4437 299.

1792 4452 1945 4518 χίλια
1982 4452 2330 4519 στυπτηρίης
2355 4447 2620 4521 τάλαντα]
2653 4453 2819 4507 Vide-
