3109 5092
1321 346 1573 410 cmo.
1618 350 1670 411 1.
1713 358 1802 414 ει.
2618 356 2700 417 69

406 519 694 608 ζεύγλην
709 571 728 605 ,
775 514 1005 591 εἷλκον
1040 518 1164 610 τὴν
1207 517 1498 611 ἅμαξαν,
1560 524 1668 594 ἐπὶ
1714 529 1830 614 τῆς
1877 521 2126 615 ἁμάξης
2171 529 2251 598 δέ
2296 548 2418 617 σφι
2470 525 2694 616 ὀχεέτο

404 621 446 714 ἡ
486 623 721 714 μήτηρ.
793 630 1109 706 σταδίους
1146 626 1221 697 δὲ
1259 629 1459 696 πέντε
1493 629 1609 697 καὶ
1654 628 2139 720 τεσσεράκοντα
2186 637 2694 717 διακομίσαντες

405 726 729 799 ἀπίκοντο
763 731 833 810 ἐς
873 726 951 798 τὸ
991 727 1171 819 ἱρόν·
1227 735 1435 800 ταῦτα
1475 733 1558 801 δέ
1584 752 1707 819 σφι
1743 732 2058 823 ποιήσασι
2101 735 2213 803 καὶ
2247 730 2519 817 ὀφθεῖσι
2555 730 2689 805 ὑπὸ

404 837 521 921 τῆς
565 831 979 923 πανηγύριος
1038 832 1315 923 τελευτὴ
1358 839 1481 904 τοῦ
1514 841 1673 924 βίου
1713 833 1950 927 ἀρίστη
1997 836 2342 921 ἐπεγένετο
2362 883 2380 915 ,
2433 837 2689 920 διέδεξέ

404 964 475 1006 τε
508 939 583 1005 ἐν
615 935 908 1006 τούτοισι
942 931 979 1005 ὁ
1004 934 1201 1025 θεὸς,
1237 932 1325 1019 ὦς
1352 935 1632 1028 ἄμεινον
1658 949 1762 1028 εἴη
1787 938 2130 1031 ἀνθρώπῳ
2159 933 2484 1005 τεθνάναι
2512 946 2686 1025 μᾶλ-

409 1050 530 1110 λον
580 1033 623 1127 ἦ
654 1038 869 1123 ζώειν.
942 1037 1230 1129 Ἀργετοι
1282 1040 1408 1131 μὲν
1453 1040 1584 1132 γὰρ
1630 1041 2054 1131 περιστάντες
2107 1035 2503 1125 ἐμακάριζον
2547 1049 2685 1112 τών

408 1145 733 1231 νεηνιέων
761 1142 886 1232 τὴν
925 1143 1194 1234 ῥώμην,
1234 1151 1310 1215 αἱ
1339 1144 1414 1215 δὲ
1445 1143 1739 1235 Ἀργεϊαι
1771 1143 1891 1230 τὴν
1927 1141 2178 1228 μητέρα
2212 1137 2473 1225 αὐτῶν,
2516 1149 2683 1214 Οῗων

407 1250 663 1317 τέκνων
695 1247 1001 1335 ἐκύρησε.
1056 1244 1098 1337 ἦ
1129 1247 1206 1318 δὲ
1241 1248 1456 1339 μήτηρ
1492 1244 1849 1337 περιχαρὴς
1884 1244 2086 1309 ἐοῦσα
2113 1247 2206 1334 τῷ
2240 1270 2308 1311 τε
2349 1249 2524 1337 ἔργω
2569 1250 2682 1319 καὶ

410 1352 491 1441 τῇ
527 1349 751 1440 φήμῃ,
810 1354 1021 1419 στᾶσα
1067 1348 1300 1423 ἀντίον
1343 1357 1463 1422 τοῦ
1507 1350 1901 1438 ἀγάλματος,
1962 1340 2227 1430 εὔχετο,
2289 1346 2543 1435 Κλεόβι
2608 1378 2680 1419 τε

409 1454 521 1523 καὶ
551 1461 833 1541 Βίτωνι,
878 1469 1049 1524 τοῖσι
1086 1457 1339 1545 ἑωυτῆς
1376 1457 1692 1531 τέκνοισι,
1739 1450 1809 1516 οἵ
1841 1442 1966 1533 μιν
1990 1449 2310 1536 ἐτίμησαν
2347 1451 2678 1538 μεγάλως,

407 1623 575 1675 scribi
619 1622 739 1674 vult
783 1612 1015 1687 ὠχέετο,
1067 1624 1209 1688 quod
1245 1624 1371 1675 inde
1407 1622 1495 1671 de·
1590 1612 1926 1665 Ecclesiaste
1956 1612 2085 1675 VII,
2126 1614 2180 1665 l:
2218 1617 2446 1679 „melior
2476 1624 2560 1669 eet
2586 1621 2681 1671 ho-

407 1694 604 1744 derunt
637 1690 891 1743 Dindorf.
927 1699 983 1743 et
1015 1692 1261 1744 Dietsch.
1313 1690 1491 1741 verba
1589 1682 1720 1733 mini
1755 1709 1825 1718 -
1861 1683 1978 1732 (110⁸
2021 1685 2212 1734 mortis
2262 1686 2349 1737 die
2371 1726 2382 1748 ‚
2434 1704 2540 1753 quo
2586 1689 2680 1739 ille

408 1754 731 1818 ὑποδύντες
791 1791 865 1802 —-
920 1752 1038 1811 ὑπὸ
1094 1755 1200 1826 τὴν
1256 1752 1488 1819 ζεύγλην
1587 1751 1888 1813 nascitur“,
1926 1751 2050 1802 coll.
2087 1754 2214 1804 Job.
2265 1756 2414 1817 XIV,
2457 1758 2480 1808 l
2522 1773 2675 1825 seqq.

405 1832 571 1897 vulgo
589 1831 847 1882 reddunt:
878 1833 1040 1895 iugum
1071 1831 1347 1882 subeuntes.
1382 1821 1485 1869 Ac·
1586 1821 1711 1871 Alia
1747 1821 1998 1871 dabimus
2035 1823 2107 1871 ad
2143 1824 2209 1883 V,
2247 1825 2297 1874 4.

401 1903 645 1954 curatius
691 1901 883 1966 opinor
924 1899 1098 1950 Bothe
1144 1893 1228 1969 ad‘
1258 1891 1482 1966 Hompr.
1649 1882 1882 1954 Ἀργεῖοι
1907 1883 2013 1953 μὲν
2044 1882 2149 1953 γὰρ
2185 1921 2254 1932 —-·
2289 1884 2509 1958 ὅώμην]
2547 1895 2672 1945 Flu-

399 1974 490 2024 Ili.
527 1971 703 2032 XVII,
738 1969 870 2020 440:
922 1968 1158 2029 „inguim
1205 1973 1235 2007 ο
1270 1957 1478 2021 ζευγος,
1586 1964 1778 2010 ctuant
1823 1958 1913 2008 hic
1960 1957 2102 2021 libri,
2157 1975 2384 2024 quorum
2427 1964 2676 2014 nonnulli

398 2043 605 2109 lignum
642 2044 1033 2090 transversum.
1071 2027 1213 2093 quod
1250 2027 1366 2076 loro
1403 2026 1479 2075 al-

396 2114 629 2177 ligatum
668 2114 786 2159 erat
822 2100 1038 2157 temoni,
1068 2096 1307 2146 habebat
1341 2096 1477 2146 duas

398 2174 626 2243 ζεύγλας
673 2194 722 2228 s.
779 2173 935 2223 orbes
992 2166 1229 2230 ligneos,
1282 2165 1476 2230 quibus

400 2250 542 2300 colla
601 2249 760 2298 boum
828 2237 911 2287 vel
968 2249 1226 2300 equorum
1279 2234 1477 2285 insere-

398 2316 654 2369 bantur.“
1050 2362 1064 2382 ‚
1222 2362 1236 2380 ,

466 2376 542 2443 ὡς
596 2373 833 2443 ἄμεινον
887 2369 976 2436 εἴη
1031 2368 1328 2436 ανθρωπῳ
1391 2384 1475 2419 τε-

396 2447 611 2506 θνάναι
646 2442 857 2511 μᾶλλον
898 2431 937 2505 ἢ
976 2433 1157 2504 ζώειν]
1224 2441 1304 2491 Ne
1352 2441 1473 2505 quis

394 2524 611 2575 haereat
646 2517 703 2563 in
736 2511 994 2561 adverbio
1037 2506 1278 2574 μᾶλλον,
1330 2508 1476 2574 quod

392 2595 478 2643 hic
528 2586 699 2650 potius
753 2580 1026 2651 significat
1094 2594 1193 2628 nec
1253 2594 1474 2643 prorsus

387 2655 649 2712 abundat,
687 2651 786 2703 Gr.
835 2651 1046 2700 confert
1080 2647 1366 2699 Heindorf.
1403 2646 1476 2697 ad

386 2728 534 2777 Plat.
560 2718 833 2773 Chai-mid.
860 2735 915 2784 p.
942 2718 1022 2770 16.
1066 2719 1150 2767 Tu
1169 2717 1279 2766 vid.
1294 2716 1474 2767 Kueh-

387 2811 501 2845 ner.
528 2792 620 2843 Gr.
649 2790 743 2841 Gr.
762 2792 814 2851 §-
838 2788 956 2839 588.
989 2791 1104 2837 not.
1133 2790 1203 2847 2.,
1231 2786 1324 2851 qui
1345 2791 1473 2851 apte

386 2866 496 2914 iam
510 2863 730 2912 Homer.
768 2858 955 2908 attulit
988 2856 1077 2907 Ili.
1113 2856 1315 2918 XXIV,
1348 2855 1468 2907 243.

386 2940 440 2984 et
460 2931 606 2983 conf.
632 2929 812 2993 Apitz.
828 2925 1156 2991 adEuripid.
1186 2925 1469 2975 Phoeniss.

385 3004 508 3053 612.
545 3016 603 3064 p.
653 2999 769 3049 142.
818 3027 893 3038 —-
932 2997 1116 3061 Ipsam
1151 2996 1473 3045 sententiam

384 3074 491 3123 hoc
514 3070 634 3119 loco
660 3067 998 3118 enuntiatam
1018 3067 1219 3117 Noster
1252 3070 1474 3115 revocat

385 3142 455 3192 ad
490 3152 795 3203 supremum
828 3151 1052 3199 numen,
1098 3134 1241 3200 quod
1288 3150 1475 3199 quam-

384 3212 470 3260 vis
518 3209 708 3259 addito
767 3203 1000 3255 articulo
1065 3204 1380 3269 designetur
1440 3193 1470 3252 ὁ

385 3272 545 3337 θεὸς,
586 3282 768 3327 tamen
807 3274 873 3323 de
903 3279 1052 3324 certo
1101 3273 1336 3338 quodam
1373 3273 1473 3322 deo

388 3349 478 3411 (ut
513 3348 656 3397 infra
694 3336 729 3409 ἡ
766 3334 906 3400 θεὸς
940 3344 1007 3393 de
1040 3340 1283 3405 Junone)
1319 3342 1475 3392 intel-

384 3419 485 3483 ligi
521 3416 726 3481 nequit,
765 3414 861 3462 sed
894 3411 1244 3477 cogitandum
1281 3411 1348 3462 de
1377 3411 1473 3463 illa

388 3489 445 3537 vi
491 3486 675 3536 divina
724 3498 790 3533 ac
835 3496 1111 3545 suprema,
1160 3482 1248 3531 cui
1293 3482 1473 3531 omnia

387 3559 443 3606 in
468 3572 645 3606 rerum
663 3557 859 3604 natura
880 3550 1126 3600 subiecta
1152 3556 1296 3611 sunt,
1312 3565 1474 3614 quae-

388 3642 494 3693 que
530 3640 715 3675 omnes
749 3636 834 3671 res
879 3619 1216 3685 singulorum
1254 3619 1476 3670 deorum

390 3696 617 3761 (quibus
653 3696 881 3744 naturae
923 3690 1067 3739 vires
1104 3688 1476 3753 declarantur)

389 3781 561 3829 aeque
618 3768 785 3828 atque
829 3760 1138 3809 mortalium
1198 3758 1475 3808 hominum

389 3835 528 3899 regit
560 3850 629 3884 ae
662 3832 947 3897 gubernat.
1001 3828 1157 3880 Conf.
1208 3829 1340 3889 VII,
1387 3829 1472 3880 10.

390 3908 440 3967 §-
480 3904 530 3965 5,
568 3901 708 3963 alia,
747 3914 887 3966 qnae
925 3899 982 3947 in
1009 3898 1369 3948 Commentat.
1410 3898 1477 3948 de

388 3975 504 4023 vita
538 3977 596 4022 et
625 3970 838 4035 ecriptt.
860 3968 1064 4019 Herod.
1090 3970 1141 4029 ξ.
1170 3968 1253 4017 12.
1289 3967 1475 4017 affere-

388 4058 523 4092 mus.
538 4041 890 4104 Persequitur
899 4037 1064 4087 etiam
1077 4037 1208 4086 haee
1221 4036 1476 4087 Hoffmei-

389 4119 526 4162 ster:
574 4107 992 4171 Sittlich-relig.
1042 4107 1477 4158 Lebensansicht

390 4182 442 4232 d.
482 4179 746 4231 Herodot.
785 4194 840 4243 p.
877 4177 911 4229 8
948 4192 1060 4242 seq.
1097 4175 1476 4227 monotheismi

388 4249 626 4315 vestigia
669 4249 727 4298 in
780 4246 986 4297 talibus
1042 4247 1271 4311 agnosci
1314 4262 1475 4311 posse

384 4325 557 4371 ratus.
598 4320 788 4383 Neque
826 4332 959 4367 sane
1002 4315 1140 4367 talia
1184 4316 1475 4368 admodum

387 4389 647 4447 differunt
681 4387 750 4437 ab
797 4386 897 4451 iis,
943 4401 1083 4453 quae
1130 4385 1383 4450 leguntur
1418 4387 1475 4439 in

1578 2020 1814 2095 γνώμην
1867 2028 1930 2094 (ἰ.
1988 2043 2035 2077 e.
2084 2031 2404 2091 sententiam,
2465 2037 2676 2085 animiam

1575 2103 1710 2162 pium
1739 2096 2019 2162 iuvenum)
2050 2097 2321 2151 exhibent.
2359 2102 2464 2151 Sed
2494 2103 2670 2154 Medi-

1580 2183 1727 2246 ceuS,
1765 2165 2170 2217 Schellershem.
2212 2174 2264 2219 et
2294 2170 2401 2220 duo
2426 2171 2664 2222 Parisini

1577 2231 1796 2302 ῤ’ωμην,
1837 2237 1980 2301 quod
2024 2252 2058 2287 a
2106 2238 2344 2291 Gronov,
2387 2246 2666 2305 receptum

1579 2322 1701 2357 cum
1725 2305 2030 2371 Schweigh.
2071 2305 2302 2373 aliisque
2336 2310 2557 2374 retinui,
2589 2327 2672 2361 re-

1578 2377 1788 2427 nitente
1811 2376 2058 2441 quamvis
2084 2392 2306 2427 censore
2318 2379 2665 2443 inEphemm.

1576 2446 1822 2497 Ienenss.
1870 2446 2018 2496 1817.
2056 2461 2140 2496 nr.
2182 2447 2299 2498 165.
2331 2463 2384 2512 p.
2421 2447 2543 2500 380.
2581 2454 2664 2498 at-

1577 2531 1682 2580 que
1719 2515 1783 2566 G.
1822 2516 2187 2565 Kaemmerer.
2217 2516 2274 2565 in
2309 2518 2461 2567 Diae.
2496 2517 2563 2568 de
2588 2519 2668 2568 in-

1578 2584 1699 2634 dole
1738 2588 1793 2632 et
1824 2584 2000 2648 pretio
2037 2583 2196 2634 codd.
2242 2589 2297 2633 et
2334 2585 2458 2635 edd.
2509 2587 2666 2651 Agri-

1578 2652 1732 2703 colae
1769 2650 2089 2715 (VratislaV.
2127 2652 2306 2718 1842.)
2350 2669 2404 2718 p.
2443 2655 2531 2705 62.
2588 2655 2666 2705 Ut

1578 2722 1720 2772 enim
1742 2720 1823 2769 illi
1849 2721 1974 2771 libri
2007 2724 2136 2771 sunt
2160 2722 2528 2786 antiquissimi
2551 2724 2666 2774 fere

1579 2807 1645 2842 ae
1679 2790 2167 2855 praestantissimi,
2204 2806 2431 2855 quorum
2466 2792 2522 2841 in
2557 2794 2666 2842 He-

1577 2860 1770 2911 rodoto
1800 2861 1943 2911 ratio
1963 2859 2217 2911 habenda
2239 2860 2340 2924 sit,
2377 2862 2484 2923 ita,
2525 2877 2667 2926 quae

1575 2930 1735 2980 initio
1782 2930 1980 2995 capitis
2025 2928 2281 2994 leguntur
2320 2922 2510 2997 (όώμη
2561 2922 2666 2980 σώ-

1575 3013 1754 3063 ματος
1787 2991 2022 3081 τοιήδε),
2060 2998 2378 3051 confirmare
2411 3000 2665 3051 videntur

1575 3070 1865 3120 lectionem
1908 3062 2134 3133 ῤ’ωμην,
2189 3070 2276 3119 cui
2323 3070 2487 3120 etiam
2538 3071 2665 3120 inde

1577 3139 1953 3205 patrocinatur
1989 3137 2313 3203 Schweigh„
2344 3140 2488 3206 quod
2512 3139 2664 3189 aliud

1578 3209 1786 3274 Argivi,
1832 3207 1978 3258 aliud
2015 3208 2251 3273 Argivae
2297 3209 2661 3271 laudaverint,

1577 3279 1658 3328 illi
1692 3278 1873 3341 robur,
1921 3278 2023 3327 hae
2071 3283 2324 3340 matrem,
2375 3295 2515 3343 quae
2551 3284 2665 3328 tam

1573 3351 1686 3411 pios
1714 3350 1849 3410 filios
1887 3347 2112 3397 haberet
2148 3364 2194 3397 s.
2244 3348 2391 3411 pium
2431 3348 2664 3396 filiorum

1577 3433 1708 3482 erga
1743 3422 1968 3467 matrem
2007 3416 2271 3477 animum,
2311 3416 2456 3480 quod
2490 3416 2668 3479 ipsum

1577 3487 1720 3536 foret
1783 3477 1889 3549 τὴν
1946 3476 2195 3547 γνώμην.
2263 3484 2409 3533 Hine
2470 3475 2670 3545 ῤ’ώμην

1577 3570 1793 3622 quoque
1827 3558 2026 3611 tuetur,
2064 3555 2316 3601 monente
2351 3553 2460 3613 Cr„
2498 3552 2670 3601 Bene-

1578 3625 1708 3675 diot:
1753 3624 1808 3671 in
1844 3626 1984 3671 nott.
2024 3621 2168 3669 critt.
2207 3620 2263 3667 in
2290 3620 2478 3670 Beckii
2512 3621 2662 3669 Actt.

1579 3693 1846 3744 Seminar.
1893 3688 2080 3754 philol.
2130 3689 2282 3752 Lips.
2332 3689 2410 3739 11.
2459 3704 2514 3752 p.
2561 3688 2666 3739 279

1577 3779 1661 3827 eq.
1696 3761 1848 3810 Idem
1896 3760 1980 3810 Cr.
2034 3757 2103 3807 ad
2150 3748 2486 3821 ἐμακάριζον
2542 3773 2668 3807 con-

1577 3832 1708 3881 ferri
1742 3829 1863 3890 vult
1898 3830 2095 3878 Zonar.
2132 3828 2267 3878 Lex.
2313 3844 2396 3893 gr.
2447 3844 2501 3892 p.
2543 3828 2663 3889 704,

1577 3902 1670 3951 ubi
1697 3903 1781 3949 est
1806 3889 2178 3962 ἐμακάρισανς
2204 3902 2264 3947 tu
2292 3898 2364 3948 cf.
2390 3897 2504 3946 illic
2525 3897 2666 3945 Titt-

1578 3986 1758 4020 mann.
1807 3972 1862 4019 et
1909 3965 2054 4032 quod
2099 3966 2168 4016 ad
2212 3965 2666 4031 significationem

1578 4040 1795 4101 attinet,
1841 4035 2229 4102 Wyttenbach.
2272 4036 2342 4086 ad
2383 4034 2662 4085 Plutarch.

1577 4111 1715 4161 Mor.
1745 4110 1791 4159 I.
1826 4124 1878 4172 p.
1910 4107 2009 4157 767
2047 4121 2198 4170 seqq.
2239 4104 2377 4155 Add.
2417 4103 2542 4164 vn,
2574 4104 2661 4152 45.

1647 4176 1789 4229 οἴων
1819 4174 2035 4226 τέκνων
2059 4165 2317 4239 ἐκύρησε]
2340 4175 2511 4224 Recte
2547 4187 2670 4221 ver-

1577 4251 1646 4299 tit
1683 4246 1881 4298 Matth.
1921 4249 1972 4308 §-
2014 4243 2134 4295 328.
2174 4261 2226 4310 p.
2262 4243 2386 4294 636.
2423 4238 2571 4306 (coll.
2610 4243 2661 4303 ξ.

1579 4318 1698 4378 580,
1737 4333 1786 4368 c.
1825 4320 1938 4365 not.
1993 4312 2045 4364 3.
2082 4330 2140 4378 p.
2188 4313 2342 4378 890):
2388 4311 2553 4374 „dass
2588 4308 2668 4357 ihr

1576 4386 1741 4438 soleba
1811 4384 2012 4435 Kinder
2069 4399 2131 4435 zu
2197 4381 2336 4465 {heic
2398 4378 2668 4445 qeworden
