3109 5092
1127 310 1632 370 EUTERPE.
1678 309 1763 368 H.
1809 316 1899 370 49.

2531 305 2653 367 543

370 508 588 570 μενος.
685 476 863 569 ”HQ
913 471 1011 551 ὦν
1059 483 1278 552 δοκέει
1320 510 1433 570 μοι
1489 481 1911 570 Μελάμπους
1966 475 2003 548 ὁ
2050 477 2477 570 Ἀμυθέωνος
2531 483 2649 567 τῆς
2663 494 2746 555 49

735 714 869 769 cir.
907 715 1108 784 xmx.

431 808 581 884 Ἤδη
618 805 700 868 ὦν
746 816 933 869 δοκέει
973 833 1070 884 μοι
1105 810 1462 881 Μελάμπους

377 880 407 939 ὁ
435 882 793 954 Ἀμυθέωνος
831 905 882 938 κ.
923 905 970 939 τ.
1011 885 1084 952 λη]
1125 889 1210 938 De
1235 888 1460 938 Melam-

319 984 329 993 ·
374 960 541 1024 pode,
580 959 675 1023 qui
709 958 915 1008 Bacchi
946 974 1106 1008 sacra
1137 957 1354 1022 aliaque
1390 958 1462 1006 si·

371 1029 522 1079 milia
552 1044 620 1078 ex
642 1028 895 1094 Aegypto
931 1027 1261 1089 traduxerit,
1301 1028 1459 1077 testis

372 1114 584 1164 quoque
620 1103 705 1147 est
725 1098 997 1147 Diodorus
1033 1096 1247 1148 Siculus
1285 1097 1332 1160 Ι,
1371 1096 1459 1147 97.

373 1167 497 1218 coll.
539 1167 802 1218 Clement.
841 1167 1137 1217 Alexandr.
1183 1168 1457 1231 Protrept.

371 1255 427 1303 p.
467 1238 532 1287 12
571 1242 627 1286 et
663 1237 954 1301 Nicephor.
1005 1238 1065 1286 in
1102 1237 1294 1301 Synes.
1333 1251 1458 1301 pag.

371 1308 494 1357 421.
567 1306 744 1371 Vulgo
782 1305 1142 1370 Melampodis
1182 1320 1353 1370 genus
1391 1304 1461 1354 ad

374 1376 602 1426 Aeolum
626 1377 871 1426 referunt
898 1377 1120 1441 eiusque
1144 1373 1304 1437 filios,
1332 1389 1462 1441 quo-

375 1461 493 1495 rum
530 1446 672 1495 alter
700 1445 888 1510 genuit
915 1445 1330 1510 Amythaonem,
1366 1459 1460 1508 pa-

377 1521 513 1565 trem
557 1514 944 1579 Melampodis,
1008 1529 1166 1580 quem
1224 1529 1290 1563 ex
1338 1513 1463 1563 Ido-

376 1600 536 1634 mena
558 1589 890 1649 susceperat.
956 1583 1124 1634 Plura
1145 1582 1459 1648 Apollodor.

378 1656 421 1717 1,
458 1654 510 1716 9,
552 1654 614 1703 11
655 1669 805 1719 seqq.
846 1654 921 1716 ΙΙ,
949 1655 1003 1716 2,
1040 1656 1073 1703 2
1100 1653 1232 1717 ibiq.
1262 1652 1463 1717 Heynii

377 1725 624 1773 observv.
660 1739 715 1788 p.
769 1722 858 1774 63.
905 1722 974 1773 65
1022 1722 1146 1772 coll.
1195 1721 1461 1772 Herodot.

377 1794 473 1846 lx.
513 1793 582 1844 34
619 1791 766 1857 (VII,
802 1792 949 1858 221).
990 1793 1210 1842 Homer.
1259 1792 1459 1856 Odyss.

371 1861 471 1924 XI,
510 1863 631 1912 286.
678 1863 796 1924 XV,
843 1862 947 1912 226
983 1877 1097 1927 seq.
1166 1862 1248 1910 Ac
1300 1875 1461 1925 pecu-

374 1932 499 1980 liari
553 1930 739 1981 libello
785 1946 875 1995 ea,
935 1946 1075 1996 quae
1123 1935 1335 1980 veteres
1394 1930 1461 1979 de

375 1999 717 2066 Melampode
769 2001 1140 2063 tradiderunt,
1197 1999 1462 2050 tractavit

376 2071 439 2121 C.
474 2071 843 2120 Eckermann:
881 2070 1185 2135 Melampus
1211 2068 1324 2118 und
1345 2069 1461 2118 sein

377 2139 729 2202 Geschlecht,
767 2141 855 2189 ein
892 2139 1090 2205 Cyclus
1125 2138 1459 2204 mythologg.

374 2209 855 2274 Untersuchungg.
870 2210 1119 2275 Giitting.
1139 2209 1292 2268 1840,
1309 2224 1464 2273 prae-

376 2279 533 2344 cipue
579 2296 632 2344 p.
681 2280 869 2330 1—40.
947 2278 1031 2329 Ad
1075 2278 1346 2328 Herodoti
1387 2276 1463 2326 lo-

376 2365 497 2399 cum
532 2346 916 2399 illustrandum
950 2348 1084 2398 nihil
1107 2348 1220 2397 fere
1255 2347 1346 2396 ille
1383 2352 1462 2396 at-

377 2418 531 2468 tulit:
570 2419 770 2468 etenim
802 2418 1069 2468 Herodoti
1106 2418 1348 2482 primarii
1396 2416 1463 2466 de

376 2487 718 2553 Melampode
796 2489 1077 2552 scriptoris
1148 2486 1461 2536 testimonio

375 2572 597 2622 prorsus
648 2558 760 2608 fere
802 2555 1053 2622 neglecto
1102 2556 1346 2621 adeoque
1382 2570 1464 2605 re-

376 2629 520 2677 iecto
568 2625 669 2692 (cf.
714 2643 765 2691 p.
804 2627 892 2691 38)
942 2642 1009 2676 ex
1042 2626 1277 2675 Thracia
1323 2627 1462 2674 anti-

380 2697 644 2762 quissima
685 2695 1082 2761 Melampodem
1118 2694 1319 2760 repetit
1351 2709 1462 2743 una

295 2761 303 2769 ’
379 2782 500 2816 cum
547 2769 709 2831 gente
756 2765 1111 2826 sacerdotali,
1156 2780 1297 2830 quae
1330 2764 1461 2813 Dio-

380 2837 504 2901 nysi
536 2836 830 2885 inferorum
854 2835 1119 2901 praesidis
1157 2834 1343 2884 dedita
1378 2848 1463 2882 sa-

380 2906 516 2968 cris,
553 2904 838 2970 postmodo
863 2904 932 2954 ad
955 2903 1221 2969 Apollinis
1257 2901 1462 2953 cultum

381 2991 440 3025 se
488 2974 843 3036 converterit,
904 2974 1124 3024 nomine
1169 2975 1288 3039 ipso
1336 2971 1464 3021 inde

380 3044 644 3106 deducto,
703 3059 865 3108 quum
913 3044 983 3094 ad
1040 3044 1245 3093 inferos
1300 3045 1465 3107 atque

381 3114 512 3165 deos
543 3114 838 3163 inferorum
878 3112 1139 3178 quidquid
1174 3113 1465 3178 pertineat,

379 3184 436 3233 id
483 3184 700 3249 nigrum
735 3198 853 3234 esse
890 3183 1236 3247 perhibeatur
1274 3181 1368 3245 (cf.
1409 3197 1463 3246 p.

381 3253 479 3319 2.).
543 3252 866 3317 Plerumque
898 3267 1093 3302 nomen
1129 3252 1469 3313 Melampodis

383 3322 442 3386 (i.
462 3340 509 3373 e.
531 3325 667 3387 niyri
687 3321 924 3386 pedibus)
945 3337 1008 3371 eo
1030 3322 1291 3383 referunt,
1321 3319 1467 3385 quod

380 3392 593 3457 pueruli
639 3391 871 3455 expositi
917 3390 1082 3456 pedes
1129 3391 1288 3453 nudi,
1341 3388 1465 3438 reli-

383 3478 487 3527 quo
526 3461 736 3510 scilicet
778 3475 1004 3524 corpore
1051 3459 1294 3522 obtecto,
1344 3474 1468 3508 cum

384 3547 417 3580 a
454 3529 569 3580 sole
605 3530 1075 3591 comburerentur,
1123 3529 1266 3593 nigri
1302 3528 1467 3578 exsti-

383 3601 568 3651 terint.
654 3599 762 3650 Sed
810 3598 988 3663 possis
1042 3598 1233 3661 opinor
1278 3597 1466 3647 eodem

383 3671 500 3719 iure
531 3669 743 3734 nigrum
781 3667 1014 3717 colorem
1046 3666 1248 3716 referre
1273 3667 1342 3716 ad
1362 3667 1468 3716 Ae·

384 3739 629 3804 gyptiam
675 3737 975 3789 sacerdotis
1027 3735 1289 3800 originem
1346 3735 1469 3784 reli-

385 3810 684 3873 gionesque
702 3822 768 3857 ex
779 3806 1016 3871 Aegypti
1029 3805 1188 3854 terris
1201 3804 1316 3854 sole
1329 3819 1474 3854 corn·

385 3877 564 3928 bustis
601 3878 671 3927 ab
709 3891 894 3926 earum
927 3874 1124 3924 incolis
1161 3879 1216 3923 et
1237 3874 1372 3938 ipsis
1395 3874 1474 3923 ni-

387 3949 499 4011 gris
520 3947 579 3995 in
597 3946 882 3998 Graeciam
902 3944 1179 3994 advectas.
1252 3944 1368 3994 Nec
1395 3943 1476 3992 in-

388 4015 691 4078 tercedam,
730 4016 778 4064 si
815 4014 935 4078 quis
965 4012 1361 4077 Melampodem
1395 4013 1477 4060 in-

365 4085 656 4135 'tellexerit
713 4082 980 4133 coloniam
1038 4097 1082 4132 s.
1133 4081 1476 4147 disciplinam

390 4153 785 4206 sacerdotalem
836 4151 924 4202 vel
971 4153 1325 4213 Graecorum,
1386 4149 1479 4214 qui

392 4224 461 4273 ab
508 4222 795 4288 Aegyptiis
844 4235 1005 4270 sacra
1039 4221 1245 4270 fuerint
1280 4219 1480 4276 edocti,

392 4292 481 4342 vel
504 4294 746 4357 ipsorum
769 4291 1160 4355 Aegyptiorum
1177 4325 1190 4352 ,
1227 4289 1320 4353 qui
1342 4289 1483 4338 Bac·

393 4361 485 4411 chi
518 4376 677 4412 sacra
713 4375 779 4411 ac
801 4359 1092 4424 religiones
1118 4359 1178 4407 in
1196 4358 1483 4410 Graeciam

1563 682 1874 732 induxerint
1906 681 2387 747 propagarintque.
2461 680 2651 745 Neque

1565 752 1708 801 enim
1744 752 1847 801 hoc
1883 752 2197 801 abhorrebit
2243 751 2314 801 ab
2356 749 2653 815 antiqnita—

1564 823 1638 871 tis
1685 819 1897 884 indole,
1948 837 2087 887 quae
2131 820 2295 870 simili
2347 818 2507 869 modo
2553 819 2655 868 Or-

1563 890 1759 955 pheum
1781 890 1935 953 dixit,
1973 890 2297 954 Daedalum,
2338 889 2498 939 alios.
2547 889 2652 937 Po-

1563 960 1670 1009 tuit
1717 961 1879 1010 etiam
1927 975 2066 1010 unus
2115 975 2238 1010 esse
2289 958 2545 1009 sacerdos
2596 958 2650 1006 in

1562 1029 1753 1079 horum
1786 1044 2027 1092 numero,
2051 1045 2183 1094 prae
2204 1029 2401 1079 ceteris
2417 1028 2651 1093 insignis

1565 1103 1620 1149 et
1646 1098 1703 1147 in
1730 1098 1936 1149 Bacchi
1965 1101 2135 1149 sacris
2165 1098 2533 1164 propagandis
2563 1111 2652 1145 ex-

1562 1166 1783 1219 cellens.
1858 1169 1998 1218 Utnt
2046 1173 2159 1230 est,
2208 1167 2477 1218 Herodoti
2529 1181 2651 1215 nar-

1561 1238 1703 1288 ratio
1752 1237 1819 1287 de
1866 1237 2205 1302 Melampode
2257 1237 2652 1303 Aegyptiacam
2716 1273 2726 1282 .

1564 1306 1827 1372 originem
1864 1308 2257 1357 Bacchicorum
2282 1322 2558 1356 sacrorum
2593 1306 2651 1353 in

1563 1377 1795 1428 Graecia
1824 1377 1962 1425 satis
1999 1376 2228 1441 prodere
2262 1376 2493 1426 videtur.
2564 1374 2651 1424 Ad

1562 1447 1870 1511 Aegyptum
1905 1440 2317 1511 Aegyptiosque
2336 1445 2651 1496 sacerdotes

1568 1521 1821 1581 spectant
1842 1517 2024 1579 etiam,
2054 1531 2193 1581 quae
2210 1514 2419 1579 reliqua
2440 1516 2505 1564 de
2535 1514 2652 1562 Ma-

1563 1586 1815 1651 lampode
1867 1590 2032 1651 atque
2079 1585 2497 1650 Amythaonidis
2544 1588 2653 1631 tra-

1567 1655 1797 1719 duntur,
1852 1656 1946 1720 qui
1992 1670 2100 1704 non
2144 1656 2321 1704 minus
2360 1654 2650 1719 sapientia,

1565 1740 1729 1790 quam
1764 1724 2015 1774 medendi
2047 1729 2101 1773 et
2147 1724 2484 1774 vaticinandi
2532 1727 2653 1770 arte

1561 1794 1805 1859 insignes
1842 1794 2014 1843 fuisse
2047 1794 2320 1856 feruntur,
2360 1808 2467 1858 qua
2502 1792 2568 1841 de
2592 1807 2651 1839 re

1566 1864 1710 1914 conf.
1725 1868 1864 1913 nott.
1886 1863 2202 1913 testimonia
2212 1860 2358 1927 apud
2373 1863 2435 1911 C.
2448 1860 2651 1912 Ecker-

1563 1948 1727 1982 mann
1775 1932 1813 1983 l.
1860 1932 1897 1981 l.
1941 1948 1998 1997 p.
2044 1934 2096 1984 4.
2159 1932 2401 1982 Lobeck.
2449 1930 2650 1995 Aglao-

1561 2003 1742 2067 pham.
1787 2017 1839 2066 p.
1884 2003 1986 2052 262
2022 2016 2136 2074 seq.
2179 2001 2281 2052 299
2317 2017 2452 2066 seq„
2500 2000 2652 2050 inde·

1565 2087 1667 2137 que
1702 2070 1781 2121 nil
1816 2072 2027 2132 mirum,
2065 2071 2153 2122 vel
2184 2070 2353 2121 multo
2389 2074 2515 2136 post
2549 2085 2649 2119 no·

1565 2157 1687 2191 meu
1723 2140 2081 2205 Melampodis
2127 2141 2360 2192 inveniri
2407 2141 2648 2190 auctoris

1564 2209 1859 2275 praefixum
1920 2210 2131 2274 libello,
2190 2212 2283 2274 qui
2337 2210 2652 2260 inscribitur

1564 2276 1695 2344 περὶ
1714 2276 1952 2343 παλμῶν
1966 2273 2227 2345 μαντικὴ,
2262 2279 2493 2345 aliisque
2513 2278 2649 2328 adeo

1564 2349 1875 2399 huiusmodi
1912 2350 2156 2415 scriptis,
2207 2350 2274 2400 de
2309 2351 2502 2415 quibus
2538 2347 2653 2397 dixi

1565 2419 1621 2468 in
1658 2419 1860 2484 Pauly:
1906 2419 2326 2484 Realencyclop.
2378 2419 2475 2469 IV.
2520 2433 2648 2482 pag.

1566 2489 1721 2539 1727.
1755 2488 1913 2539 Conf.
1937 2490 2102 2538 etiam
2115 2489 2369 2538 Creuzer.
2386 2488 2445 2536 in
2461 2486 2648 2552 Symb.

1564 2558 1660 2610 IV.
1700 2575 1754 2622 p.
1794 2557 1899 2608 676
1933 2574 2047 2623 seq.
2086 2562 2141 2607 et
2175 2558 2271 2608 1v.
2306 2573 2359 2622 p.
2393 2559 2457 2606 27
2498 2571 2650 2619 seqq.

1567 2627 1633 2677 34
1679 2642 1859 2691 scqq.,
1907 2628 2000 2675 ubi
2047 2626 2291 2691 pluribus
2328 2625 2394 2674 de
2429 2625 2653 2674 Melam-

1564 2694 1704 2761 pode
1734 2696 2003 2760 exposuit.
2064 2696 2216 2756 Quae
2253 2710 2375 2744 cum
2412 2695 2493 2742 ita
2520 2695 2651 2753 sint,

1566 2765 1816 2830 equidem
1852 2764 1922 2813 ad
1960 2779 2144 2814 eorum
2191 2764 2518 2813 sententiam
2564 2777 2656 2811 ac-

1567 2834 1759 2884 cedere
1802 2849 1912 2882 non
1959 2849 2207 2898 possum,
2254 2833 2369 2898 qui¹
2388 2831 2651 2898 quidquid

1567 2905 1623 2952 in
1660 2902 1947 2953 Graeciam
1988 2918 2054 2952 ex
2078 2903 2328 2968 Aegypto
2361 2901 2449 2951 vel
2481 2901 2656 2952 Phoe-

1565 2973 1713 3023 nicia
1738 2970 1949 3022 illatum
1974 2977 2188 3023 veteres
2222 2971 2563 3033 tradiderint,
2597 2969 2657 3018 id

1566 3042 1707 3093 falso
1744 3042 1887 3091 tradi
1906 3057 2028 3091 cum
2051 3045 2330 3104 statuant,
2367 3042 2494 3092 inde
2524 3055 2656 3105 quo-

1571 3127 1675 3177 que
1719 3127 1811 3173 ea,
1860 3127 2002 3176 quae
2048 3111 2113 3161 de
2149 3110 2434 3161 Bacchicis
2482 3110 2654 3160 sacris

1569 3197 1636 3231 ex
1668 3182 1920 3246 Aegypto
1969 3182 2025 3230 in
2071 3180 2359 3232 Graeciam
2403 3195 2499 3246 per
2542 3180 2656 3229 Me·

1571 3250 1872 3316 lampodem
1946 3250 2274 3300 introductis
2342 3249 2657 3300 Herodotus

1570 3321 1627 3370 h.
1684 3320 1722 3370 l.
1792 3320 2108 3385 perscribit,
2178 3319 2318 3369 falsa
2388 3335 2507 3370 esse
2566 3314 2654 3365 vel
2717 3356 2721 3362 ,

1570 3405 1634 3439 ex
1680 3388 1823 3438 falsa
1870 3389 2343 3452 argumentatione
2384 3385 2655 3437 Herodoti

1568 3459 1818 3523 profecta
1868 3457 2115 3507 iudicant
2156 3456 2392 3520 indeque
2442 3469 2654 3506 omnem

1571 3528 1735 3590 hanc,
1785 3542 1925 3592 quae
1962 3528 2103 3577 inter
2146 3526 2429 3590 utriusque
2475 3524 2657 3590 gentis

1571 3611 1730 3647 sacra
1766 3601 1821 3645 et
1856 3596 2069 3660 mythos
2106 3593 2424 3656 intercedit,
2470 3592 2657 3643 simili-

1571 3666 1813 3717 tudinem
1850 3680 1915 3714 ex
1944 3665 2181 3715 virorum
2217 3663 2500 3713 doctorum
2522 3662 2657 3712 utri-

1569 3730 2660 3869 ¹3:331}§3223333301‘35322‘1332’..2:1¹³

1574 3874 1695 3923 dem
1719 3872 2048 3923 subiecerint
2075 3873 2340 3922 rationem
2370 3876 2425 3921 et
2451 3872 2663 3922 Graeca

1574 3942 1646 3992 ad
1690 3941 1992 4008 Aegyptias
2039 3942 2316 3992 doctrinas
2364 3954 2665 3991 accommo-

1577 4011 1710 4060 dare
1785 4011 2114 4062 studuerint.
2218 4010 2376 4060 Conf.
2439 4008 2665 4060 Lobeck

1578 4079 1615 4129 l.
1663 4079 1700 4129 l.
1756 4095 1810 4144 p.
1864 4079 2226 4131 1101—1104.
2303 4079 2441 4129 Mihi
2487 4079 2668 4144 potior

1581 4147 1796 4198 videtur
1826 4149 2095 4199 Herodoti
2133 4149 2461 4207 auctoritas,
2503 4161 2668 4212 quam

1583 4218 1682 4281 iis„
1733 4233 1873 4282 quae
1915 4217 1982 4267 de
2027 4216 2233 4267 talibus
2276 4218 2438 4268 rebus
2484 4231 2670 4266 recen-

1586 4286 1744 4336 tioris
1802 4287 1999 4336 aetatis
2049 4287 2343 4350 scriptores
2394 4285 2669 4350 excogita-

1586 4355 1793 4417 verint,
1826 4354 2236 4420 praeferendam
2270 4369 2485 4405 censeo.
