3109 5092
1113 290 1616 354 EUTERPE.
1661 292 1745 353 H.
1796 299 1915 355 124.

2530 293 2649 357 711

381 460 620 549 ἐούσης
646 459 1111 552 τετραγώνου,
1140 464 1253 533 καὶ
1279 460 1451 547 ὕψος
1480 474 1630 534 ἴσον
1646 515 1665 550 ,
1695 469 1901 536 λίθου
1922 464 1999 536 δὲ
2026 468 2261 548 ξεστοῦ
2288 494 2359 536 τε
2387 469 2500 538 καὶ
2527 463 2646 557 ἆρ-

382 663 578 725 tiores,
617 664 713 728 qui
749 663 891 713 hanc
925 665 1256 730 pyramidem
1293 666 1469 716 adhuc

382 733 727 797 superstitem
761 736 965 784 emensi
984 739 1142 796 sunt,
1181 736 1318 785 satis
1347 751 1469 787 eum

382 801 664 853 Herodoto
688 805 1057 856 consentiunt.
1121 804 1356 870 Collegit
1380 822 1468 857 eo-

378 888 496 921 rum
531 872 846 922 testimonia
877 889 1093 938 unoque
1114 875 1213 924 sub
1243 890 1469 939 conspe·

381 945 473 990 ctu
509 941 693 1005 posuit
724 943 905 1006 Zoega
941 942 1008 993 de
1058 943 1219 993 obell.
1262 960 1312 1008 p.
1364 945 1462 995 401

380 1015 494 1060 not.
531 1012 599 1060 22
638 1009 972 1064 coll.⁵Beck.
1011 1011 1049 1063 l.
1085 1012 1121 1066 l.
1171 1030 1225 1078 p.
1266 1014 1368 1064 712
1412 1018 1466 1064 et

379 1079 637 1131 Larcher.
673 1084 812 1130 nott.
851 1081 923 1129 ad
958 1080 1100 1132 hunc
1135 1082 1171 1134 l.
1214 1084 1466 1134 Latitudi-

380 1164 488 1198 nem
512 1148 679 1213 (quae
708 1150 1139 1215 octingentorum
1165 1152 1359 1216 pedum
1388 1155 1472 1201 est

379 1234 444 1268 ex
455 1217 724 1269 Herodoti
733 1218 933 1284 mente)
949 1223 1369 1285 septingentorwn
1381 1237 1468 1287 pe·

380 1287 505 1336 dum
521 1302 643 1338 esse
662 1288 856 1339 scribit
876 1289 1147 1340 Diodorus
1169 1291 1216 1351 I,
1247 1291 1330 1352 63,
1349 1307 1468 1340 sex-

378 1358 838 1408 centorumStrabo
857 1357 1056 1421 (XVII.
1082 1375 1135 1424 p.
1154 1359 1277 1409 1161
1291 1357 1331 1421 );
1358 1359 1466 1410 Pli-

378 1426 500 1476 nius
519 1427 673 1490 ponit
693 1426 795 1479 883
813 1427 979 1492 pedes
1004 1425 1097 1490 (H.
1122 1429 1191 1479 N.
1215 1429 1465 1490 XXXVI,

385 1492 492 1556 12),
529 1495 686 1545 Philo
709 1498 945 1560 Byzaut.
973 1499 1094 1548 750.
1130 1498 1286 1548 Unus
1309 1500 1466 1549 Pom-

380 1565 570 1628 ponius
616 1564 789 1626 Mela,
840 1566 1178 1617 Herodotum
1223 1573 1461 1631 secutus,

376 1634 567 1684 scribit
607 1632 673 1697 (I,
710 1633 765 1697 9)
807 1640 1041 1699 quatuor
1077 1637 1191 1686 fere
1234 1636 1340 1687 soli
1386 1638 1464 1686 iu-

377 1718 509 1766 gera
543 1703 876 1766 pyramidem
913 1705 1203 1755 maximam
1237 1707 1296 1755 in
1334 1706 1462 1756 sede

377 1784 479 1818 sua
513 1784 807 1834 occupare,
860 1773 1200 1836 totidemque
1246 1773 1303 1820 in
1341 1771 1461 1821 alti-

374 1838 619 1888 tudinem
676 1839 836 1904 erigi3
895 1840 991 1889 ubi
1050 1838 1310 1902 πλέθρον
1362 1856 1459 1905 pro

377 1907 602 1958 dimidio
646 1907 821 1972 iugeri
857 1911 1090 1973 accepit.
1171 1909 1458 1960 Recentio·

375 1993 462 2027 res
499 1977 795 2041 pyramidis
833 1976 1224 2043 longitudinem
1263 1978 1336 2028 ad
1378 1995 1457 2029 se-

370 2050 657 2112 ptingentos
715 2047 883 2097 ferme
936 2047 1100 2112 pedes
1145 2048 1456 2112 plerumque

375 2117 750 2177 constituunt;
785 2116 1046 2168 Niebuhr.
1071 2118 1224 2181 ponit
1244 2118 1345 2167 710
1370 2133 1457 2181 pe-

376 2185 502 2244 des,
562 2184 813 2236 Grobert.
877 2186 997 2236 728.
1086 2186 1252 2238 Docti
1312 2186 1457 2238 Galli

376 2253 594 2316 (Descr.
636 2254 685 2304 1.
723 2270 849 2319 pag.
895 2254 1025 2318 514)
1063 2254 1455 2320 longitudinem

377 2323 608 2373 dimensi
644 2328 773 2373 suut
807 2323 909 2374 716
941 2324 1134 2388 pedum
1173 2329 1227 2375 et
1249 2327 1284 2375 6
1320 2324 1456 2390 digi-

371 2399 572 2443 torum.
644 2393 871 2456 Perring
911 2394 1118 2444 invenit
1153 2395 1257 2444 746
1291 2394 1456 2459 pedes

375 2462 655 2526 Aug-lices.
740 2462 864 2512 Vid.
918 2464 1067 2528 Vyse
1125 2462 1453 2527 Operations

375 2536 480 2582 etc.
521 2532 600 2584 11.
646 2546 774 2596 pag.
829 2531 927 2580 109
974 2547 1089 2596 seq.
1165 2533 1457 2598 Inquisivit

373 2601 429 2650 in
454 2600 589 2650 haec
626 2615 841 2666 quoque
873 2601 1123 2651 Boeckh:
1162 2602 1454 2666 Metrolog.

374 2670 702 2720 Uutersuch.
750 2684 875 2734 pag.
923 2670 1026 2722 236
1072 2686 1184 2734 seq.
1231 2676 1310 2733 et,
1363 2671 1458 2735 qui

374 2738 517 2789 bunc
571 2740 683 2790 fere
743 2739 1011 2803 sequitur,
1069 2739 1274 2790 Jacobs
1320 2739 1358 2789 1.
1415 2740 1453 2790 l.

376 2823 503 2873 pag.
540 2808 634 2867 263
681 2807 787 2858 hoc
838 2809 979 2858 enim
1025 2813 1248 2859 auctore
1280 2809 1453 2858 Hero-

376 2877 555 2940 dotus,
580 2893 643 2927 ex
669 2877 842 2927 oculis
865 2878 1096 2927 forsitan
1119 2878 1254 2928 haec
1280 2893 1455 2928 emen·

376 2961 493 3008 sus,
532 2947 822 2997 rotundum
843 2947 954 2997 fere
975 2963 1254 2998 numerum
1283 2947 1450 2997 octin-

374 3020 656 3080 gentorum
691 3017 888 3081 pedum
911 3018 1063 3082 (octo
1089 3014 1450 3082 plethrorum)

375 3085 626 3149 posuisse
659 3086 934 3150 putandus
970 3091 1081 3147 est,
1133 3102 1165 3136 a
1200 3102 1305 3152 quo
1341 3102 1450 3137 non

375 3154 664 3205 admodum
684 3155 843 3206 abest
864 3160 1125 3206 accurata
1144 3155 1453 3206 latitudinis

374 3239 658 3281 mensura,
705 3240 845 3287 quae
896 3225 998 3274 504
1040 3225 1253 3277 cubitos
1303 3241 1455 3291 prae-

374 3293 528 3354 beat,
565 3294 660 3357 qui
694 3298 749 3343 et
782 3294 886 3358 ipsi
914 3300 1147 3358 aequent
1166 3297 1269 3348 756
1293 3294 1455 3360 pedes

375 3362 688 3426 Olympicos
724 3378 769 3412 s.
810 3364 912 3414 742
945 3363 1110 3426 pedes
1144 3365 1456 3415 Rhenanos.

377 3431 483 3481 Sed
521 3431 577 3479 in
613 3431 879 3481 altitudine
922 3433 1218 3495 pyramidis
1267 3433 1453 3483 defini-

373 3499 541 3562 enda,
580 3515 742 3564 quam
766 3499 1036 3550 Diodorus
1061 3506 1226 3565 atque
1256 3502 1454 3552 Strabo

373 3577 647 3620 sexcentos
681 3569 845 3633 pedes
882 3569 1139 3628 excedere
1184 3574 1453 3632 statuunt,

373 3638 528 3689 Philo
568 3644 748 3689 autem
795 3640 866 3690 ad
912 3639 1015 3690 450
1061 3639 1226 3704 pedes
1267 3640 1452 3700 refert,

372 3708 460 3759 vel
508 3709 682 3774 magis
734 3709 897 3759 iidem
941 3710 1202 3760 recedunt
1238 3708 1308 3758 ab
1344 3709 1453 3759 He-

371 3777 583 3828 rodoto.
665 3777 918 3844 Plerique
953 3783 1330 3845 quingentorum
1364 3794 1454 3842 pe·
1487 3831 1494 3838 ,

373 3846 498 3895 dum
534 3846 877 3898 altitudinem
912 3864 1032 3899 esse
1077 3850 1348 3909 scribunt,
1397 3853 1453 3898 et

371 3919 655 3979 praeterea
669 3916 877 3982 aliquot
895 3917 1104 3967 addunt
1114 3919 1302 3983 pedes,·
1325 3933 1452 3967 cou-

369 3988 460 4033 tra
494 3983 755 4035 Niebuhr.
792 3981 897 4036 440
916 3986 1079 4049 pedes
1100 3988 1273 4050 ponit,
1312 3985 1450 4035 Cha-

373 4051 536 4103 zelles
571 4052 695 4115 465,
731 4054 980 4104 Grobert.
1020 4055 1142 4105 448.
1211 4056 1366 4117 Quae
1388 4059 1450 4105 ut

372 4120 730 4172 concilientur
772 4138 893 4172 cum
939 4127 1182 4172 veterum
1228 4124 1456 4188 scripto-

371 4206 488 4240 rum
523 4189 768 4252 indiciis,
806 4195 990 4241 monet
1015 4192 1199 4256 Zoega
1218 4191 1252 4239 l.
1289 4189 1349 4252 1.,
1376 4192 1454 4240 vi-

373 4260 488 4309 deri
545 4263 759 4309 veteres
813 4259 1104 4324 scriptores
1166 4259 1235 4309 de
1287 4261 1454 4309 altitu-

372 4329 489 4380 dine
522 4327 722 4398 obliqua
738 4365 751 4392 ,
788 4344 950 4394 quam
986 4329 1452 4396 peregrinatorum

1570 681 1711 717 uuus
1756 666 2153 730 computaverit
2199 667 2321 731 ped.
2371 666 2474 718 693
2527 668 2651 718 basi

1572 734 1868 801 aequalem,
1892 735 2293 799 intelligendos.
2346 736 2500 787 Alter
2526 736 2653 787 Gal-

1567 805 1655 856 lus
1703 805 1971 856 Herodoti
2017 805 2315 870 interpres,
2359 806 2544 867 Miot„
2591 806 2649 856 in

1569 876 1703 940 ipsis
1713 875 1979 924 Herodoti
1994 874 2174 924 verbis
2190 875 2270 924 sic
2287 876 2484 924 mutari
2504 874 2646 925 vult:

1569 940 1660 994 καὶ
1699 935 1855 1006 ὕψος
1882 936 1943 1003 ἓξ
1966 935 2061 993 ἐὸν
2096 943 2170 1004 (ec
2198 946 2251 993 la
2272 944 2488 995 hautm-
2511 947 2651 994 etant

1567 1018 1673 1075 salv,
1723 1013 1761 1063 i.
1810 1029 1859 1063 e.
1908 1016 1996 1063 82¹ae
2037 1012 2303 1077 plemres),
2356 1029 2478 1063 cum
2514 1013 2649 1063 haec

1569 1086 1643 1132 sit
1689 1098 1819 1132 vera
1866 1081 2162 1147 pyramidis
2214 1082 2466 1133 altitudo.
2540 1083 2651 1133 Sed

1569 1153 1686 1202 iure
1732 1151 2060 1217 obloquutus
2106 1156 2191 1201 est
2246 1152 2518 1201 Letronne
2563 1152 2648 1216 (in

1568 1237 1802 1272 censura
1837 1221 1997 1270 huius
2036 1219 2158 1269 libri
2197 1235 2324 1285 pag.
2372 1221 2400 1269 7
2440 1236 2555 1284 seq.
2595 1225 2650 1270 et

1568 1291 1624 1341 in
1659 1290 1888 1341 Journal
1926 1290 1977 1341 d.
2025 1289 2156 1341 Sav.
2196 1289 2347 1340 1836.
2384 1306 2436 1354 p.
2481 1289 2648 1354 241.),

1569 1376 1690 1410 cum
1731 1359 1951 1424 linguae
1998 1358 2150 1422 leges
2190 1359 2419 1424 ipsaque
2470 1360 2645 1408 oratio

1565 1428 1880 1479 Herodotea
1942 1427 2161 1477 minime
2230 1427 2394 1477 talem
2468 1428 2648 1478 ferant

1566 1498 2013 1548 emendationem.
2089 1495 2335 1547 Contelle
2368 1496 2486 1548 loco
2522 1513 2647 1548 mox

1564 1566 1838 1617 laudando
1874 1582 2002 1631 pag.
2042 1567 2108 1614 47
2144 1564 2490 1616 altitudinem
2529 1582 2647 1616 ver·

1565 1635 1785 1687 ticalem
1820 1636 2101 1686 inventam
2140 1635 2309 1685 fuisse
2329 1635 2521 1685 scribit
2542 1635 2645 1686 428

1564 1706 1760 1767 pedum
1808 1709 1863 1753 et
1909 1702 2056 1766 quod
2100 1704 2361 1759 excurrit;
2405 1704 2642 1756 Iomard.

1564 1771 1778 1834 (Descr.
1819 1767 1944 1820 t.²1.
1981 1785 2108 1834 pag.
2149 1770 2273 1835 516)
2310 1772 2411 1821 425
2447 1771 2642 1835 pedum

1563 1845 1619 1890 et
1641 1840 1675 1889 9
1711 1839 2024 1905 digitorum.
2082 1840 2235 1902 Quae
2268 1840 2387 1904 ipsa
2418 1856 2527 1890 non
2551 1841 2643 1890 ad-

1561 1910 1776 1959 modum
1810 1910 2074 1959 recedunt
2107 1908 2178 1958 ab
2213 1909 2309 1970 iis,
2345 1924 2485 1973 quae
2514 1910 2642 1960 Per-

1512 1976 1519 1984 ’
1561 1979 1684 2042 ring
1729 1977 1768 2027 1.
1827 1977 1865 2028 1.
1923 1977 2166 2040 invenit,
2227 1979 2644 2029 accuratissima

1561 2048 1865 2097 constituta
1908 2046 2266 2105 dimensione;
2316 2062 2440 2097 nam
2488 2063 2644 2112 prae·

1560 2120 1765 2167 sentem
1790 2116 2131 2166 altitudinem
2146 2115 2641 2180 perpendicularem

1559 2201 1681 2236 esse
1718 2179 1908 2236 scribit
1942 2186 2064 2247 450,
2102 2188 2155 2238 9’
2193 2184 2376 2249 pedd.,
2411 2186 2643 2236 inclina-

1560 2260 1671 2305 tam
1709 2255 1830 2316 568,
1868 2255 1921 2306 3’
1958 2254 2080 2318 ped.
2155 2255 2352 2318 Itaque
2396 2254 2464 2304 ad
2498 2271 2644 2305 sum-

1559 2340 1702 2374 mum
1724 2324 1853 2388 poni
1876 2338 2036 2387 posse
2057 2323 2160 2372 459
2180 2324 2338 2388 pedd.
2359 2323 2640 2376 Rhenann.

1560 2396 1757 2444 statuit
1801 2393 2007 2442 Jacobs
2050 2389 2085 2440 1.
2137 2390 2175 2442 l.
2262 2393 2414 2454 Quae
2462 2394 2642 2443 omnia

1561 2467 1821 2527 quantum
1831 2462 1899 2511 ab
1914 2460 2226 2511 Herodoteo
2238 2476 2461 2511 numero
2472 2464 2645 2512 octin-
2672 2469 2680 2475 '

1561 2536 1844 2595 gentorum
1882 2530 2077 2594 pedum
2126 2530 2385 2580 recedant
2434 2528 2542 2593 (vel
2591 2533 2639 2582 si

1558 2600 1888 2665 primitivam
1913 2598 2257 2648 altitudinem
2276 2600 2532 2649 maiorem
2558 2601 2641 2650 fu-

1560 2669 1672 2719 isse
1695 2666 1928 2730 sumas)‚
1955 2668 2091 2717 satis
2111 2672 2362 2732 apparet:
2401 2684 2501 2719 nec
2527 2670 2641 2719 suf·

1558 2737 1699 2800 ficit,
1745 2738 1963 2802 opinor,
2000 2752 2188 2787 vocem
2237 2729 2393 2798 ὕψος
2442 2736 2639 2790 latiore

1556 2807 1805 2872 accipere
1841 2821 2004 2856 seusu
2054 2811 2150 2855 aut
2184 2806 2520 2858 Herodotum
2560 2808 2639 2857 di·

1556 2891 1679 2926 cere
1715 2875 1888 2926 oculis
1925 2876 2060 2926 baec
2107 2876 2289 2925 omnia
2323 2877 2636 2927 metientem

1553 2946 1766 3010 lapsum
1791 2960 1927 3007 esse,
1954 2960 2052 2994 nec
2073 2945 2305 3010 denique
2327 2945 2474 3009 licet,
2495 2948 2641 3011 quod

1554 3014 2066 3080 Schweighaeuser-o
2118 3015 2177 3064 in
2222 3019 2455 3066 mentem
2491 3017 2642 3066 venit

1555 3082 1631 3150 (v.
1668 3085 1803 3134 Lex.
1846 3083 2051 3134 Herod.
2092 3098 2139 3134 s.
2177 3084 2275 3148 ι),
2313 3082 2442 3133 ἴσον
2475 3087 2638 3136 inter-

1553 3154 1759 3219 pretari
1777 3167 1876 3215 pro
1903 3155 2099 3203 ratione
2118 3168 2165 3204 s.
2180 3157 2435 3216 portione.
2474 3155 2640 3223 Equi·
2708 3185 2729 3204 .

1556 3223 1676 3273 dem
1723 3223 1858 3272 haec
1903 3238 2141 3287 unquam
2188 3222 2245 3270 in
2290 3224 2637 3273 concordiam

1555 3292 1729 3358 redigi
1754 3307 1915 3356 posse
1940 3292 2029 3340 vix
2054 3290 2289 3351 credam,
2322 3307 2460 3354 quae
2493 3291 2638 3341 haud

1553 3363 1668 3413 scio
1709 3376 1782 3410 an
1827 3360 2170 3410 librariorum
2213 3374 2426 3423 quoque
2472 3359 2637 3424 culpa

1555 3431 1780 3481 turbata
1837 3430 1972 3479 sint:
2031 3430 2088 3479 id
2141 3443 2304 3477 unum
2359 3427 2632 3490 adiiciam,

1554 3515 1818 3550 summam
1854 3505 2000 3548 certe
2036 3499 2177 3547 hanc
2203 3512 2323 3546 esse
2340 3497 2636 3560 pyramidis

1552 3568 1925 3628 altitudinem,
1963 3568 2013 3617 si
2046 3583 2166 3617 cum
2203 3564 2488 3615 altitudine
2524 3570 2634 3615 tur-

1553 3640 1693 3688 rium
1739 3636 2059 3688 recentioris
2105 3635 2305 3685 aetatis
2358 3649 2633 3699 compare·

1551 3712 1670 3756 turt
1721 3705 1934 3771 qualem
1983 3705 2443 3769 comparationem
2478 3703 2633 3754 insti-

1547 3778 1657 3827 tuit
1680 3776 1945 3839 Parthey:
1982 3776 2097 3824 Das
2123 3773 2330 3825 Nilthal
2356 3789 2482 3838 pag.
2514 3774 2632 3826 101.

1550 3848 1799 3909 Namque
1853 3843 2263 3909 Antverpiensis
2319 3842 2485 3893 turris
2540 3843 2634 3893 ad-

1551 3914 1766 3966 scendit
1821 3913 1890 3962 ad
1946 3914 2049 3963 447
2108 3912 2274 3977 pedes
2331 3913 2629 3976 Parisinos,

1552 3983 2034 4048 Argentoratensis
2093 3982 2162 4047 ad
2220 3981 2343 4045 440,
2404 3982 2461 4033 S.
2512 3983 2633 4034 Ste-

1551 4053 1719 4118 phani
1741 4052 1905 4101 turris
1917 4051 2353 4102 Vindobouensis
2367 4052 2436 4101 ad
2450 4049 2629 4117 415¹k2

1553 4124 1611 4172 S.
1650 4121 1801 4171 Petri
1843 4121 2008 4171 turris
2056 4122 2114 4169 in
2164 4121 2298 4170 urbe
2342 4122 2514 4171 Roma
2561 4120 2632 4170 ad

1549 4191 1655 4242 405
1691 4189 1813 4253 ped.
1849 4189 2044 4239 Rh.·et
2075 4205 2214 4254 quae
2249 4195 2377 4239 sunt
2400 4189 2629 4255 reliqua.

1622 4248 1826 4323 ἐούσης
1841 4250 2217 4323 τετραγώνου]
2245 4258 2404 4309 Cous.
2431 4260 2476 4320 Ι,
2509 4260 2630 4310 181.

1550 4326 1747 4379 Utrum
1807 4325 1986 4378 latera
2051 4328 2351 4396 pyramidis
2407 4343 2630 4392 prorsus
