<?xml version="1.0" encoding="UTF-8"?>
<!DOCTYPE html PUBLIC "-//W3C//DTD XHTML 1.0 Transitional//EN"
    "http://www.w3.org/TR/xhtml1/DTD/xhtml1-transitional.dtd">
<html xmlns="http://www.w3.org/1999/xhtml" xml:lang="en" lang="en">
 <head>
  <title>
</title>
<meta http-equiv="Content-Type" content="text/html;charset=utf-8" />
  <meta name='ocr-system' content='tesseract 3.04.00' />
  <meta name='ocr-capabilities' content='ocr_page ocr_carea ocr_par ocr_line ocrx_word'/>
</head>
<body>
  <div class='ocr_page' id='page_1' title='image "./herodotihalicar02unkngoog_0323.png"; bbox 0 0 3109 5092; ppageno 0'>
   <div class='ocr_carea' id='block_1_1' title="bbox 1159 364 1843 432">
    <p class='ocr_par' dir='ltr' id='par_1_1' title="bbox 1159 364 1843 432">
     <span class='ocr_line' id='line_1_1' title="bbox 1159 364 1843 432; baseline 0.009 -6"><span class='ocrx_word' id='word_1_1' title='bbox 1159 364 1843 432; x_wconf 75' lang='lat' dir='ltr'><strong>CLIO.I.147.14s.</strong></span> 
     </span>
    </p>
   </div>
   <div class='ocr_carea' id='block_1_2' title="bbox 2517 366 2640 430">
    <p class='ocr_par' dir='ltr' id='par_1_2' title="bbox 2517 366 2640 430">
     <span class='ocr_line' id='line_1_2' title="bbox 2517 366 2640 430; baseline -0.016 0"><span class='ocrx_word' id='word_1_2' title='bbox 2517 366 2640 430; x_wconf 87' lang='grc'><strong>303</strong></span> 
     </span>
    </p>
   </div>
   <div class='ocr_carea' id='block_1_3' title="bbox 286 530 2640 732">
    <p class='ocr_par' dir='ltr' id='par_1_3' title="bbox 286 530 2640 732">
     <span class='ocr_line' id='line_1_3' title="bbox 286 530 2640 628; baseline 0.002 -24"><span class='ocrx_word' id='word_1_3' title='bbox 286 548 356 605; x_wconf 84' lang='grc'><strong>73</strong></span> <span class='ocrx_word' id='word_1_4' title='bbox 375 535 617 616; x_wconf 79' lang='grc' dir='ltr'><strong><em>πάντες</em></strong></span> <span class='ocrx_word' id='word_1_5' title='bbox 664 534 841 625; x_wconf 80' lang='grc' dir='ltr'><strong><em>πλὴν</em></strong></span> <span class='ocrx_word' id='word_1_6' title='bbox 882 533 1209 628; x_wconf 82' lang='grc' dir='ltr'><strong><em>Ἐφεσίων</em></strong></span> <span class='ocrx_word' id='word_1_7' title='bbox 1255 540 1368 610; x_wconf 82' lang='grc' dir='ltr'><strong><em>καὶ</em></strong></span> <span class='ocrx_word' id='word_1_8' title='bbox 1421 547 1926 628; x_wconf 79' lang='grc' dir='ltr'><em>Κολοφωνίων·</em></span> <span class='ocrx_word' id='word_1_9' title='bbox 1987 530 2175 609; x_wconf 81' lang='grc' dir='ltr'><strong><em>οὗτοι</em></strong></span> <span class='ocrx_word' id='word_1_10' title='bbox 2219 536 2350 628; x_wconf 77' lang='grc' dir='ltr'><strong>γὰρ</strong></span> <span class='ocrx_word' id='word_1_11' title='bbox 2401 544 2640 628; x_wconf 87' lang='grc' dir='ltr'><strong><em>μοῦνοι</em></strong></span> 
     </span>
     <span class='ocr_line' id='line_1_4' title="bbox 360 633 2639 732; baseline 0.001 -23.008"><span class='ocrx_word' id='word_1_12' title='bbox 360 637 608 710; x_wconf 83' lang='grc' dir='ltr'><strong><em>Ἰώνων</em></strong></span> <span class='ocrx_word' id='word_1_13' title='bbox 648 637 775 709; x_wconf 81' lang='grc' dir='ltr'><strong>οὐκ</strong></span> <span class='ocrx_word' id='word_1_14' title='bbox 825 663 1067 728; x_wconf 79' lang='grc' dir='ltr'><strong><em>αγουσι</em></strong></span> <span class='ocrx_word' id='word_1_15' title='bbox 1101 638 1538 732; x_wconf 75' lang='grc' dir='ltr'><strong><em>Ἀπατούρια,</em></strong></span> <span class='ocrx_word' id='word_1_16' title='bbox 1596 645 1708 713; x_wconf 84' lang='grc' dir='ltr'><strong><em>καὶ</em></strong></span> <span class='ocrx_word' id='word_1_17' title='bbox 1757 633 1945 713; x_wconf 84' lang='grc' dir='ltr'><strong><em>οὗτοι</em></strong></span> <span class='ocrx_word' id='word_1_18' title='bbox 1996 639 2164 712; x_wconf 79' lang='grc' dir='ltr'><strong><em>κατὰ</em></strong></span> <span class='ocrx_word' id='word_1_19' title='bbox 2214 642 2433 730; x_wconf 86' lang='grc' dir='ltr'><strong><em>φόνου</em></strong></span> <span class='ocrx_word' id='word_1_20' title='bbox 2484 641 2639 711; x_wconf 77' lang='grc' dir='ltr'><strong><em>τινὰ</em></strong></span> 
     </span>
    </p>
   </div>
   <div class='ocr_carea' id='block_1_4' title="bbox 369 740 2779 835">
    <p class='ocr_par' dir='ltr' id='par_1_4' title="bbox 369 740 2779 835">
     <span class='ocr_line' id='line_1_5' title="bbox 369 740 2779 835; baseline 0.005 -23"><span class='ocrx_word' id='word_1_21' title='bbox 369 749 640 832; x_wconf 79' lang='grc' dir='ltr'><strong><em>σκῆψιν.</em></strong></span> <span class='ocrx_word' id='word_1_22' title='bbox 711 740 799 814; x_wconf 71' lang='lat' dir='ltr'><strong>To</strong></span> <span class='ocrx_word' id='word_1_23' title='bbox 838 744 915 814; x_wconf 75' lang='grc' dir='ltr'><strong>δὲ</strong></span> <span class='ocrx_word' id='word_1_24' title='bbox 942 746 1335 815; x_wconf 71' lang='grc' dir='ltr'><strong><em>Πανιώνιον</em></strong></span> <span class='ocrx_word' id='word_1_25' title='bbox 1374 748 1512 816; x_wconf 81' lang='grc' dir='ltr'><strong><em>ἐστὶ</em></strong></span> <span class='ocrx_word' id='word_1_26' title='bbox 1551 753 1666 835; x_wconf 82' lang='grc' dir='ltr'><strong>τῆς</strong></span> <span class='ocrx_word' id='word_1_27' title='bbox 1700 746 2035 835; x_wconf 80' lang='grc' dir='ltr'><strong><em>Μυκάλης</em></strong></span> <span class='ocrx_word' id='word_1_28' title='bbox 2067 752 2280 835; x_wconf 77' lang='grc' dir='ltr'><strong><em>χῶρος</em></strong></span> <span class='ocrx_word' id='word_1_29' title='bbox 2307 743 2448 834; x_wconf 77' lang='grc' dir='ltr'><strong><em>ἱρὸς</em></strong></span> <span class='ocrx_word' id='word_1_30' title='bbox 2475 743 2640 835; x_wconf 76' lang='grc' dir='ltr'><strong><em>πρὸς</em></strong></span> <span class='ocrx_word' id='word_1_31' title='bbox 2661 763 2779 824; x_wconf 86' lang='grc'><strong>148</strong></span> 
     </span>
    </p>
   </div>
   <div class='ocr_carea' id='block_1_5' title="bbox 367 843 2634 941">
    <p class='ocr_par' dir='ltr' id='par_1_5' title="bbox 367 843 2634 941">
     <span class='ocr_line' id='line_1_6' title="bbox 367 843 2634 941; baseline 0.001 -27"><span class='ocrx_word' id='word_1_32' title='bbox 367 843 614 936; x_wconf 80' lang='grc' dir='ltr'><strong><em>ἄρκτον</em></strong></span> <span class='ocrx_word' id='word_1_33' title='bbox 638 851 1118 941; x_wconf 74' lang='grc' dir='ltr'><strong><em>τετραμμένος,</em></strong></span> <span class='ocrx_word' id='word_1_34' title='bbox 1155 853 1350 939; x_wconf 80' lang='grc' dir='ltr'><strong><em>κοινῇ</em></strong></span> <span class='ocrx_word' id='word_1_35' title='bbox 1394 851 1908 940; x_wconf 77' lang='grc' dir='ltr'><strong><em>ἐξαραιρημένος</em></strong></span> <span class='ocrx_word' id='word_1_36' title='bbox 1943 845 2077 918; x_wconf 82' lang='grc' dir='ltr'><strong>ὑπὸ</strong></span> <span class='ocrx_word' id='word_1_37' title='bbox 2107 847 2353 920; x_wconf 81' lang='grc' dir='ltr'><strong><em>Ἰώνων</em></strong></span> <span class='ocrx_word' id='word_1_38' title='bbox 2389 858 2634 918; x_wconf 88' lang='grc' dir='ltr'><strong><em>Ποσει-</em></strong></span> 
     </span>
    </p>
   </div>
   <div class='ocr_carea' id='block_1_6' title="bbox 367 1045 1450 1114">
    <p class='ocr_par' dir='ltr' id='par_1_6' title="bbox 367 1045 1450 1114">
     <span class='ocr_line' id='line_1_7' title="bbox 367 1045 1450 1114; baseline 0.004 -19"><span class='ocrx_word' id='word_1_39' title='bbox 367 1045 661 1110; x_wconf 76' lang='lat' dir='ltr'><strong>Mem-sius,</strong></span> <span class='ocrx_word' id='word_1_40' title='bbox 699 1046 980 1099; x_wconf 70' lang='lat' dir='ltr'>Coruinius</span> <span class='ocrx_word' id='word_1_41' title='bbox 1013 1047 1091 1114; x_wconf 89' lang='lat' dir='ltr'><strong>(in</strong></span> <span class='ocrx_word' id='word_1_42' title='bbox 1119 1049 1251 1101; x_wconf 83' lang='lat' dir='ltr'><strong>fast.</strong></span> <span class='ocrx_word' id='word_1_43' title='bbox 1282 1050 1450 1100; x_wconf 82' lang='lat' dir='ltr'><strong>Attic.</strong></span> 
     </span>
    </p>
   </div>
   <div class='ocr_carea' id='block_1_7' title="bbox 370 1110 1459 1183">
    <p class='ocr_par' dir='ltr' id='par_1_7' title="bbox 370 1110 1459 1183">
     <span class='ocr_line' id='line_1_8' title="bbox 370 1110 1459 1183; baseline 0.005 -18"><span class='ocrx_word' id='word_1_44' title='bbox 370 1115 444 1167; x_wconf 91' lang='lat'><strong>11.</strong></span> <span class='ocrx_word' id='word_1_45' title='bbox 471 1131 596 1181; x_wconf 85' lang='lat' dir='ltr'><strong>pag.</strong></span> <span class='ocrx_word' id='word_1_46' title='bbox 626 1117 778 1182; x_wconf 83' lang='grc'><strong>306),</strong></span> <span class='ocrx_word' id='word_1_47' title='bbox 811 1117 1064 1169; x_wconf 82' lang='lat' dir='ltr'><strong>Creuzer.</strong></span> <span class='ocrx_word' id='word_1_48' title='bbox 1087 1119 1327 1183; x_wconf 81' lang='lat' dir='ltr'><strong>Symbol.</strong></span> <span class='ocrx_word' id='word_1_49' title='bbox 1354 1110 1459 1170; x_wconf 67' lang='lat' dir='ltr'><strong>IV.</strong></span> 
     </span>
    </p>
   </div>
   <div class='ocr_carea' id='block_1_8' title="bbox 364 1187 1455 3059">
    <p class='ocr_par' dir='ltr' id='par_1_8' title="bbox 364 1187 1454 3059">
     <span class='ocr_line' id='line_1_9' title="bbox 368 1187 1453 1252; baseline 0.003 -18"><span class='ocrx_word' id='word_1_50' title='bbox 368 1200 421 1249; x_wconf 91' lang='lat' dir='ltr'><strong>p.</strong></span> <span class='ocrx_word' id='word_1_51' title='bbox 467 1187 554 1236; x_wconf 80' lang='grc'><strong>151</strong></span> <span class='ocrx_word' id='word_1_52' title='bbox 597 1201 750 1252; x_wconf 84' lang='lat' dir='ltr'><strong>seqq.</strong></span> <span class='ocrx_word' id='word_1_53' title='bbox 790 1187 876 1238; x_wconf 87' lang='lat' dir='ltr'><strong>ed.</strong></span> <span class='ocrx_word' id='word_1_54' title='bbox 910 1191 1040 1240; x_wconf 87' lang='lat' dir='ltr'><strong>tert.</strong></span> <span class='ocrx_word' id='word_1_55' title='bbox 1112 1188 1175 1238; x_wconf 83' lang='lat' dir='ltr'><strong>C.</strong></span> <span class='ocrx_word' id='word_1_56' title='bbox 1210 1190 1276 1239; x_wconf 77' lang='lat' dir='ltr'><strong>F.</strong></span> <span class='ocrx_word' id='word_1_57' title='bbox 1312 1189 1453 1239; x_wconf 86' lang='lat' dir='ltr'><strong>Her-</strong></span> 
     </span>
     <span class='ocr_line' id='line_1_10' title="bbox 368 1255 1452 1319; baseline 0.006 -17"><span class='ocrx_word' id='word_1_58' title='bbox 368 1269 549 1304; x_wconf 91' lang='lat' dir='ltr'><strong>mann.</strong></span> <span class='ocrx_word' id='word_1_59' title='bbox 580 1255 794 1306; x_wconf 86' lang='lat' dir='ltr'><strong>Griech.</strong></span> <span class='ocrx_word' id='word_1_60' title='bbox 818 1257 1229 1309; x_wconf 86' lang='lat' dir='ltr'><strong>Staatsalterth.</strong></span> <span class='ocrx_word' id='word_1_61' title='bbox 1254 1258 1303 1319; x_wconf 71' lang='lat'><strong>5.</strong></span> <span class='ocrx_word' id='word_1_62' title='bbox 1334 1257 1452 1309; x_wconf 83' lang='lat'><strong>100.</strong></span> 
     </span>
     <span class='ocr_line' id='line_1_11' title="bbox 368 1323 1450 1390; baseline 0.005 -17"><span class='ocrx_word' id='word_1_63' title='bbox 368 1328 482 1374; x_wconf 90' lang='lat' dir='ltr'><strong>not.</strong></span> <span class='ocrx_word' id='word_1_64' title='bbox 523 1323 608 1376; x_wconf 88' lang='lat'><strong>10.</strong></span> <span class='ocrx_word' id='word_1_65' title='bbox 682 1325 1099 1379; x_wconf 82' lang='lat' dir='ltr'><strong>Gottesdienstl.</strong></span> <span class='ocrx_word' id='word_1_66' title='bbox 1134 1327 1367 1379; x_wconf 79' lang='lat' dir='ltr'><strong>Alterth.</strong></span> <span class='ocrx_word' id='word_1_67' title='bbox 1399 1330 1450 1390; x_wconf 86' lang='lat'><strong>5.</strong></span> 
     </span>
     <span class='ocr_line' id='line_1_12' title="bbox 366 1392 1452 1459; baseline 0.002 -16"><span class='ocrx_word' id='word_1_68' title='bbox 366 1392 453 1443; x_wconf 85' lang='lat'><strong>48.</strong></span> <span class='ocrx_word' id='word_1_69' title='bbox 492 1398 607 1445; x_wconf 90' lang='lat' dir='ltr'><strong>not.</strong></span> <span class='ocrx_word' id='word_1_70' title='bbox 642 1395 725 1445; x_wconf 87' lang='lat'><strong>12.</strong></span> <span class='ocrx_word' id='word_1_71' title='bbox 761 1398 810 1459; x_wconf 90' lang='lat'><strong>5.</strong></span> <span class='ocrx_word' id='word_1_72' title='bbox 851 1397 937 1447; x_wconf 83' lang='lat'><strong>56.</strong></span> <span class='ocrx_word' id='word_1_73' title='bbox 976 1402 1091 1447; x_wconf 89' lang='lat' dir='ltr'><strong>not.</strong></span> <span class='ocrx_word' id='word_1_74' title='bbox 1131 1395 1219 1449; x_wconf 77' lang='lat'><strong>28.</strong></span> <span class='ocrx_word' id='word_1_75' title='bbox 1273 1396 1452 1448; x_wconf 88' lang='lat' dir='ltr'><strong>Rinck</strong></span> 
     </span>
     <span class='ocr_line' id='line_1_13' title="bbox 367 1461 1452 1532; baseline 0.003 -19"><span class='ocrx_word' id='word_1_76' title='bbox 367 1461 544 1527; x_wconf 83' lang='lat' dir='ltr'><strong>Relig.</strong></span> <span class='ocrx_word' id='word_1_77' title='bbox 597 1462 651 1514; x_wconf 85' lang='lat' dir='ltr'><strong>d.</strong></span> <span class='ocrx_word' id='word_1_78' title='bbox 697 1464 910 1516; x_wconf 89' lang='lat' dir='ltr'><strong>Hellen.</strong></span> <span class='ocrx_word' id='word_1_79' title='bbox 951 1466 1038 1530; x_wconf 88' lang='lat'><strong>11,</strong></span> <span class='ocrx_word' id='word_1_80' title='bbox 1089 1465 1137 1518; x_wconf 95' lang='lat' dir='ltr'><strong>l.</strong></span> <span class='ocrx_word' id='word_1_81' title='bbox 1185 1482 1311 1532; x_wconf 82' lang='lat' dir='ltr'><strong>pag.</strong></span> <span class='ocrx_word' id='word_1_82' title='bbox 1349 1467 1452 1517; x_wconf 80' lang='lat'><strong>206</strong></span> 
     </span>
     <span class='ocr_line' id='line_1_14' title="bbox 367 1534 1450 1672; baseline 0.005 -21"><span class='ocrx_word' id='word_1_83' title='bbox 367 1534 880 1655; x_wconf 53' lang='grc' dir='ltr'><strong>ἒὲἒιέἰᾚέἰῗᾰ.</strong></span> <span class='ocrx_word' id='word_1_84' title='bbox 889 1536 1450 1672; x_wconf 56' lang='lat'><strong>{?¹2{‘·.313:}⁶¹513.</strong></span> 
     </span>
     <span class='ocr_line' id='line_1_15' title="bbox 368 1674 1450 1741; baseline 0.004 -20"><span class='ocrx_word' id='word_1_85' title='bbox 368 1687 571 1736; x_wconf 89' lang='lat' dir='ltr'><strong>pauca,</strong></span> <span class='ocrx_word' id='word_1_86' title='bbox 610 1688 750 1737; x_wconf 86' lang='lat' dir='ltr'><strong>quae</strong></span> <span class='ocrx_word' id='word_1_87' title='bbox 781 1674 888 1724; x_wconf 92' lang='lat' dir='ltr'><strong>huc</strong></span> <span class='ocrx_word' id='word_1_88' title='bbox 914 1674 1154 1741; x_wconf 83' lang='lat' dir='ltr'><strong>proxime</strong></span> <span class='ocrx_word' id='word_1_89' title='bbox 1180 1679 1450 1741; x_wconf 81' lang='lat' dir='ltr'><strong>spectant,</strong></span> 
     </span>
     <span class='ocr_line' id='line_1_16' title="bbox 366 1744 1453 1795; baseline 0.005 -5"><span class='ocrx_word' id='word_1_90' title='bbox 366 1756 700 1794; x_wconf 85' lang='lat' dir='ltr'><strong>moneamus.</strong></span> <span class='ocrx_word' id='word_1_91' title='bbox 783 1744 886 1794; x_wconf 87' lang='lat' dir='ltr'><strong>Est</strong></span> <span class='ocrx_word' id='word_1_92' title='bbox 929 1745 1071 1794; x_wconf 89' lang='lat' dir='ltr'><strong>enim</strong></span> <span class='ocrx_word' id='word_1_93' title='bbox 1120 1745 1322 1795; x_wconf 85' lang='lat' dir='ltr'><strong>festum</strong></span> <span class='ocrx_word' id='word_1_94' title='bbox 1359 1760 1453 1794; x_wconf 89' lang='lat' dir='ltr'><strong>an·</strong></span> 
     </span>
     <span class='ocr_line' id='line_1_17' title="bbox 369 1812 1453 1877; baseline 0.003 -17"><span class='ocrx_word' id='word_1_95' title='bbox 369 1812 763 1877; x_wconf 86' lang='lat' dir='ltr'><strong>tiquissimum,</strong></span> <span class='ocrx_word' id='word_1_96' title='bbox 815 1814 1092 1864; x_wconf 87' lang='lat' dir='ltr'><strong>conditum</strong></span> <span class='ocrx_word' id='word_1_97' title='bbox 1136 1815 1193 1863; x_wconf 90' lang='lat' dir='ltr'><strong>in</strong></span> <span class='ocrx_word' id='word_1_98' title='bbox 1244 1813 1453 1865; x_wconf 90' lang='lat' dir='ltr'><strong>Bacchi</strong></span> 
     </span>
     <span class='ocr_line' id='line_1_18' title="bbox 370 1881 1454 1948; baseline 0.004 -18"><span class='ocrx_word' id='word_1_99' title='bbox 370 1881 629 1931; x_wconf 87' lang='lat' dir='ltr'><strong>honorem</strong></span> <span class='ocrx_word' id='word_1_100' title='bbox 664 1887 720 1931; x_wconf 87' lang='lat' dir='ltr'><strong>et</strong></span> <span class='ocrx_word' id='word_1_101' title='bbox 750 1883 967 1948; x_wconf 89' lang='lat' dir='ltr'><strong>quidem</strong></span> <span class='ocrx_word' id='word_1_102' title='bbox 1001 1882 1174 1934; x_wconf 90' lang='lat' dir='ltr'><strong>multo</strong></span> <span class='ocrx_word' id='word_1_103' title='bbox 1207 1889 1335 1934; x_wconf 87' lang='lat' dir='ltr'><strong>ante</strong></span> <span class='ocrx_word' id='word_1_104' title='bbox 1368 1885 1454 1934; x_wconf 92' lang='lat' dir='ltr'><strong>Io-</strong></span> 
     </span>
     <span class='ocr_line' id='line_1_19' title="bbox 368 1951 1454 2017; baseline 0.002 -17"><span class='ocrx_word' id='word_1_105' title='bbox 368 1966 498 2000; x_wconf 89' lang='lat' dir='ltr'><strong>num</strong></span> <span class='ocrx_word' id='word_1_106' title='bbox 546 1951 915 2017; x_wconf 79' lang='lat' dir='ltr'><strong>expeditiones</strong></span> <span class='ocrx_word' id='word_1_107' title='bbox 967 1969 1034 2003; x_wconf 78' lang='lat' dir='ltr'><strong>ex</strong></span> <span class='ocrx_word' id='word_1_108' title='bbox 1068 1953 1256 2004; x_wconf 86' lang='lat' dir='ltr'><strong>Attica</strong></span> <span class='ocrx_word' id='word_1_109' title='bbox 1306 1958 1454 2003; x_wconf 87' lang='lat' dir='ltr'><strong>terra</strong></span> 
     </span>
     <span class='ocr_line' id='line_1_20' title="bbox 370 2019 1453 2090; baseline 0.003 -20"><span class='ocrx_word' id='word_1_110' title='bbox 370 2019 426 2070; x_wconf 89' lang='lat' dir='ltr'><strong>in</strong></span> <span class='ocrx_word' id='word_1_111' title='bbox 470 2020 688 2085; x_wconf 79' lang='lat' dir='ltr'><strong>Asiam,</strong></span> <span class='ocrx_word' id='word_1_112' title='bbox 750 2038 872 2073; x_wconf 88' lang='lat' dir='ltr'><strong>cum</strong></span> <span class='ocrx_word' id='word_1_113' title='bbox 919 2022 1033 2073; x_wconf 89' lang='lat' dir='ltr'><strong>eius</strong></span> <span class='ocrx_word' id='word_1_114' title='bbox 1093 2024 1330 2090; x_wconf 79' lang='lat' dir='ltr'><strong>origines</strong></span> <span class='ocrx_word' id='word_1_115' title='bbox 1382 2023 1453 2073; x_wconf 85' lang='lat' dir='ltr'><strong>ad</strong></span> 
     </span>
     <span class='ocr_line' id='line_1_21' title="bbox 369 2091 1452 2144; baseline 0.002 -5"><span class='ocrx_word' id='word_1_116' title='bbox 369 2106 571 2140; x_wconf 89' lang='lat' dir='ltr'><strong>annum</strong></span> <span class='ocrx_word' id='word_1_117' title='bbox 619 2091 753 2142; x_wconf 80' lang='lat'>1190</span> <span class='ocrx_word' id='word_1_118' title='bbox 803 2108 856 2143; x_wconf 89' lang='lat' dir='ltr'><strong>a.</strong></span> <span class='ocrx_word' id='word_1_119' title='bbox 908 2092 1035 2143; x_wconf 86' lang='lat' dir='ltr'>Chr.</span> <span class='ocrx_word' id='word_1_120' title='bbox 1083 2108 1139 2143; x_wconf 91' lang='lat' dir='ltr'><strong>n.</strong></span> <span class='ocrx_word' id='word_1_121' title='bbox 1189 2094 1452 2144; x_wconf 76' lang='lat' dir='ltr'><strong>referant.</strong></span> 
     </span>
     <span class='ocr_line' id='line_1_22' title="bbox 368 2160 1452 2224; baseline 0.001 -14"><span class='ocrx_word' id='word_1_122' title='bbox 368 2160 483 2210; x_wconf 90' lang='lat' dir='ltr'><strong>Nec</strong></span> <span class='ocrx_word' id='word_1_123' title='bbox 528 2160 705 2211; x_wconf 90' lang='lat' dir='ltr'><strong>solum</strong></span> <span class='ocrx_word' id='word_1_124' title='bbox 766 2162 937 2212; x_wconf 87' lang='lat' dir='ltr'><strong>sacris</strong></span> <span class='ocrx_word' id='word_1_125' title='bbox 1000 2162 1241 2212; x_wconf 87' lang='lat' dir='ltr'><strong>dicatum</strong></span> <span class='ocrx_word' id='word_1_126' title='bbox 1299 2162 1452 2224; x_wconf 88' lang='lat' dir='ltr'><strong>illud,</strong></span> 
     </span>
     <span class='ocr_line' id='line_1_23' title="bbox 368 2230 1454 2297; baseline 0.003 -19"><span class='ocrx_word' id='word_1_127' title='bbox 368 2245 555 2279; x_wconf 81' lang='lat' dir='ltr'><strong>verum</strong></span> <span class='ocrx_word' id='word_1_128' title='bbox 578 2230 809 2295; x_wconf 87' lang='lat' dir='ltr'><strong>publicis</strong></span> <span class='ocrx_word' id='word_1_129' title='bbox 841 2232 1005 2281; x_wconf 85' lang='lat' dir='ltr'><strong>etiam</strong></span> <span class='ocrx_word' id='word_1_130' title='bbox 1029 2232 1218 2292; x_wconf 83' lang='lat' dir='ltr'><strong>rebus;</strong></span> <span class='ocrx_word' id='word_1_131' title='bbox 1255 2233 1454 2297; x_wconf 89' lang='lat' dir='ltr'><strong>quippe</strong></span> 
     </span>
     <span class='ocr_line' id='line_1_24' title="bbox 369 2299 1455 2364; baseline 0.001 -16"><span class='ocrx_word' id='word_1_132' title='bbox 369 2299 607 2349; x_wconf 86' lang='lat' dir='ltr'><strong>infantes</strong></span> <span class='ocrx_word' id='word_1_133' title='bbox 632 2300 688 2349; x_wconf 94' lang='lat' dir='ltr'><strong>in</strong></span> <span class='ocrx_word' id='word_1_134' title='bbox 717 2300 991 2364; x_wconf 74' lang='lat' dir='ltr'><strong>phratrias</strong></span> <span class='ocrx_word' id='word_1_135' title='bbox 1021 2301 1137 2351; x_wconf 79' lang='lat' dir='ltr'><strong>sive</strong></span> <span class='ocrx_word' id='word_1_136' title='bbox 1167 2303 1348 2351; x_wconf 88' lang='lat' dir='ltr'><strong>curias</strong></span> <span class='ocrx_word' id='word_1_137' title='bbox 1375 2301 1455 2350; x_wconf 89' lang='lat' dir='ltr'><strong>in·</strong></span> 
     </span>
     <span class='ocr_line' id='line_1_25' title="bbox 367 2368 1453 2432; baseline 0.003 -15"><span class='ocrx_word' id='word_1_138' title='bbox 367 2368 773 2432; x_wconf 77' lang='lat' dir='ltr'><strong>scribebantur,</strong></span> <span class='ocrx_word' id='word_1_139' title='bbox 833 2369 1207 2421; x_wconf 77' lang='lat' dir='ltr'><strong>adolescentes</strong></span> <span class='ocrx_word' id='word_1_140' title='bbox 1267 2372 1324 2420; x_wconf 91' lang='lat' dir='ltr'><strong>in</strong></span> <span class='ocrx_word' id='word_1_141' title='bbox 1379 2370 1453 2420; x_wconf 92' lang='lat' dir='ltr'><strong>ci-</strong></span> 
     </span>
     <span class='ocr_line' id='line_1_26' title="bbox 368 2438 1451 2499; baseline 0.003 -12"><span class='ocrx_word' id='word_1_142' title='bbox 368 2438 515 2488; x_wconf 79' lang='lat' dir='ltr'><strong>vium</strong></span> <span class='ocrx_word' id='word_1_143' title='bbox 537 2439 790 2499; x_wconf 79' lang='lat' dir='ltr'><strong>indicem3</strong></span> <span class='ocrx_word' id='word_1_144' title='bbox 831 2445 885 2490; x_wconf 89' lang='lat' dir='ltr'><strong>et</strong></span> <span class='ocrx_word' id='word_1_145' title='bbox 918 2455 1077 2489; x_wconf 89' lang='lat' dir='ltr'><strong>sacra</strong></span> <span class='ocrx_word' id='word_1_146' title='bbox 1109 2440 1181 2490; x_wconf 90' lang='lat' dir='ltr'><strong>ab</strong></span> <span class='ocrx_word' id='word_1_147' title='bbox 1217 2440 1286 2489; x_wconf 91' lang='lat' dir='ltr'><strong>iis</strong></span> <span class='ocrx_word' id='word_1_148' title='bbox 1323 2439 1451 2490; x_wconf 83' lang='lat' dir='ltr'><strong>offe-</strong></span> 
     </span>
     <span class='ocr_line' id='line_1_27' title="bbox 367 2506 1450 2575; baseline 0.003 -19"><span class='ocrx_word' id='word_1_149' title='bbox 367 2506 653 2571; x_wconf 78' lang='lat' dir='ltr'><strong>rebantur,</strong></span> <span class='ocrx_word' id='word_1_150' title='bbox 698 2509 791 2574; x_wconf 90' lang='lat' dir='ltr'><strong>qui</strong></span> <span class='ocrx_word' id='word_1_151' title='bbox 824 2509 983 2575; x_wconf 87' lang='lat' dir='ltr'><strong>primi</strong></span> <span class='ocrx_word' id='word_1_152' title='bbox 1032 2507 1450 2560; x_wconf 86' lang='lat' dir='ltr'><strong>illis-indicibus</strong></span> 
     </span>
     <span class='ocr_line' id='line_1_28' title="bbox 364 2577 1451 2640; baseline 0.005 -16"><span class='ocrx_word' id='word_1_153' title='bbox 364 2577 820 2629; x_wconf 82' lang='lat' dir='ltr'><strong>inscribebantur.</strong></span> <span class='ocrx_word' id='word_1_154' title='bbox 893 2580 1046 2640; x_wconf 87' lang='lat' dir='ltr'><strong>Quae</strong></span> <span class='ocrx_word' id='word_1_155' title='bbox 1077 2579 1189 2629; x_wconf 90' lang='lat' dir='ltr'><strong>alia</strong></span> <span class='ocrx_word' id='word_1_156' title='bbox 1222 2579 1345 2629; x_wconf 88' lang='lat' dir='ltr'><strong>inde</strong></span> <span class='ocrx_word' id='word_1_157' title='bbox 1380 2578 1451 2629; x_wconf 90' lang='lat' dir='ltr'><strong>ad</strong></span> 
     </span>
     <span class='ocr_line' id='line_1_29' title="bbox 366 2646 1451 2711; baseline 0.003 -16"><span class='ocrx_word' id='word_1_158' title='bbox 366 2646 611 2697; x_wconf 84' lang='lat' dir='ltr'><strong>civitatis</strong></span> <span class='ocrx_word' id='word_1_159' title='bbox 636 2648 755 2698; x_wconf 87' lang='lat' dir='ltr'><strong>iura</strong></span> <span class='ocrx_word' id='word_1_160' title='bbox 782 2648 1051 2698; x_wconf 83' lang='lat' dir='ltr'><strong>fluxerunt</strong></span> <span class='ocrx_word' id='word_1_161' title='bbox 1068 2685 1083 2711; x_wconf 90' lang='lat'>,</span> <span class='ocrx_word' id='word_1_162' title='bbox 1121 2664 1265 2698; x_wconf 91' lang='lat' dir='ltr'><strong>nunc</strong></span> <span class='ocrx_word' id='word_1_163' title='bbox 1296 2650 1451 2698; x_wconf 88' lang='lat' dir='ltr'><strong>omit·</strong></span> 
     </span>
     <span class='ocr_line' id='line_1_30' title="bbox 364 2713 1449 2780; baseline 0.004 -16"><span class='ocrx_word' id='word_1_164' title='bbox 364 2715 558 2780; x_wconf 90' lang='lat' dir='ltr'><strong>timus,</strong></span> <span class='ocrx_word' id='word_1_165' title='bbox 596 2713 701 2767; x_wconf 89' lang='lat' dir='ltr'><strong>hoc</strong></span> <span class='ocrx_word' id='word_1_166' title='bbox 738 2718 797 2768; x_wconf 92' lang='lat' dir='ltr'><strong>in</strong></span> <span class='ocrx_word' id='word_1_167' title='bbox 829 2719 1142 2768; x_wconf 82' lang='lat' dir='ltr'><strong>universum</strong></span> <span class='ocrx_word' id='word_1_168' title='bbox 1180 2723 1449 2780; x_wconf 88' lang='lat' dir='ltr'><strong>tenentes,</strong></span> 
     </span>
     <span class='ocr_line' id='line_1_31' title="bbox 366 2786 1451 2839; baseline 0.002 -5"><span class='ocrx_word' id='word_1_169' title='bbox 366 2800 629 2836; x_wconf 90' lang='lat' dir='ltr'><strong>summam</strong></span> <span class='ocrx_word' id='word_1_170' title='bbox 666 2786 835 2838; x_wconf 84' lang='lat' dir='ltr'><strong>fuisse</strong></span> <span class='ocrx_word' id='word_1_171' title='bbox 880 2787 1039 2837; x_wconf 91' lang='lat' dir='ltr'><strong>huius</strong></span> <span class='ocrx_word' id='word_1_172' title='bbox 1089 2788 1220 2839; x_wconf 83' lang='lat' dir='ltr'><strong>festi</strong></span> <span class='ocrx_word' id='word_1_173' title='bbox 1249 2788 1360 2837; x_wconf 80' lang='lat' dir='ltr'><strong>vim</strong></span> <span class='ocrx_word' id='word_1_174' title='bbox 1394 2788 1451 2836; x_wconf 91' lang='lat' dir='ltr'><strong>in</strong></span> 
     </span>
     <span class='ocr_line' id='line_1_32' title="bbox 367 2855 1451 2922; baseline 0.001 -18"><span class='ocrx_word' id='word_1_175' title='bbox 367 2855 527 2905; x_wconf 87' lang='lat' dir='ltr'><strong>rebus</strong></span> <span class='ocrx_word' id='word_1_176' title='bbox 572 2855 805 2921; x_wconf 88' lang='lat' dir='ltr'><strong>publicis</strong></span> <span class='ocrx_word' id='word_1_177' title='bbox 849 2856 1083 2922; x_wconf 85' lang='lat' dir='ltr'><strong>indeque</strong></span> <span class='ocrx_word' id='word_1_178' title='bbox 1130 2856 1265 2906; x_wconf 90' lang='lat' dir='ltr'><strong>illud</strong></span> <span class='ocrx_word' id='word_1_179' title='bbox 1302 2857 1451 2907; x_wconf 89' lang='lat' dir='ltr'><strong>Ioni-</strong></span> 
     </span>
     <span class='ocr_line' id='line_1_33' title="bbox 368 2924 1452 2993; baseline 0.003 -20"><span class='ocrx_word' id='word_1_180' title='bbox 368 2924 469 2974; x_wconf 89' lang='lat' dir='ltr'><strong>bus</strong></span> <span class='ocrx_word' id='word_1_181' title='bbox 506 2925 716 2975; x_wconf 88' lang='lat' dir='ltr'><strong>colonis</strong></span> <span class='ocrx_word' id='word_1_182' title='bbox 769 2927 1016 2978; x_wconf 88' lang='lat' dir='ltr'><strong>omnibus</strong></span> <span class='ocrx_word' id='word_1_183' title='bbox 1062 2927 1452 2993; x_wconf 87' lang='lat' dir='ltr'><strong>propemodum</strong></span> 
     </span>
     <span class='ocr_line' id='line_1_34' title="bbox 366 2998 819 3059; baseline 0.005 -16"><span class='ocrx_word' id='word_1_184' title='bbox 366 2998 644 3059; x_wconf 87' lang='lat' dir='ltr'><strong>receptum</strong></span> <span class='ocrx_word' id='word_1_185' title='bbox 683 3010 819 3046; x_wconf 89' lang='lat' dir='ltr'><strong>esse.</strong></span> 
     </span>
    </p>
   </div>
   <div class='ocr_carea' id='block_1_9' title="bbox 366 3067 1456 3833">
    <p class='ocr_par' dir='ltr' id='par_1_9' title="bbox 366 3067 1456 3833">
     <span class='ocr_line' id='line_1_35' title="bbox 436 3067 1456 3147; baseline 0.002 -19"><span class='ocrx_word' id='word_1_186' title='bbox 436 3075 532 3128; x_wconf 72' lang='grc' dir='ltr'><strong>καὶ</strong></span> <span class='ocrx_word' id='word_1_187' title='bbox 567 3067 730 3130; x_wconf 81' lang='grc' dir='ltr'><strong><em>οὗτοι</em></strong></span> <span class='ocrx_word' id='word_1_188' title='bbox 765 3073 907 3131; x_wconf 77' lang='grc' dir='ltr'><strong><em>κατὰ</em></strong></span> <span class='ocrx_word' id='word_1_189' title='bbox 939 3074 1128 3147; x_wconf 86' lang='grc' dir='ltr'><strong><em>φόνου</em></strong></span> <span class='ocrx_word' id='word_1_190' title='bbox 1158 3071 1287 3131; x_wconf 84' lang='grc' dir='ltr'><strong><em>τινὰ</em></strong></span> <span class='ocrx_word' id='word_1_191' title='bbox 1321 3078 1456 3146; x_wconf 81' lang='grc' dir='ltr'><strong><em>σκῆ-</em></strong></span> 
     </span>
     <span class='ocr_line' id='line_1_36' title="bbox 367 3137 1455 3216; baseline 0.003 -19"><span class='ocrx_word' id='word_1_192' title='bbox 367 3147 497 3214; x_wconf 78' lang='grc' dir='ltr'><strong><em>ψιν]</em></strong></span> <span class='ocrx_word' id='word_1_193' title='bbox 544 3146 639 3199; x_wconf 73' lang='grc' dir='ltr'><strong><em>καὶ</em></strong></span> <span class='ocrx_word' id='word_1_194' title='bbox 689 3137 850 3200; x_wconf 82' lang='grc' dir='ltr'><strong><em>οὗτοι</em></strong></span> <span class='ocrx_word' id='word_1_195' title='bbox 896 3159 946 3202; x_wconf 80' lang='lat' dir='ltr'><strong>ee</strong></span> <span class='ocrx_word' id='word_1_196' title='bbox 976 3152 1169 3216; x_wconf 76' lang='lat' dir='ltr'><strong>quidem</strong></span> <span class='ocrx_word' id='word_1_197' title='bbox 1212 3150 1455 3201; x_wconf 88' lang='lat' dir='ltr'><strong>illustrat</strong></span> 
     </span>
     <span class='ocr_line' id='line_1_37' title="bbox 367 3217 1454 3285; baseline 0.003 -17"><span class='ocrx_word' id='word_1_198' title='bbox 367 3217 567 3271; x_wconf 71' lang='lat' dir='ltr'><strong>Matth.</strong></span> <span class='ocrx_word' id='word_1_199' title='bbox 607 3220 699 3271; x_wconf 81' lang='lat' dir='ltr'><strong>Gr.</strong></span> <span class='ocrx_word' id='word_1_200' title='bbox 723 3220 815 3271; x_wconf 81' lang='lat' dir='ltr'><strong>Gr.</strong></span> <span class='ocrx_word' id='word_1_201' title='bbox 845 3223 895 3284; x_wconf 94' lang='lat'><strong>5.</strong></span> <span class='ocrx_word' id='word_1_202' title='bbox 928 3222 1049 3284; x_wconf 80' lang='lat'><strong>470,</strong></span> <span class='ocrx_word' id='word_1_203' title='bbox 1086 3221 1141 3271; x_wconf 90' lang='grc'><strong>6.</strong></span> <span class='ocrx_word' id='word_1_204' title='bbox 1180 3236 1309 3285; x_wconf 82' lang='lat' dir='ltr'><strong>pag.</strong></span> <span class='ocrx_word' id='word_1_205' title='bbox 1328 3222 1454 3272; x_wconf 82' lang='lat'><strong>872.</strong></span> 
     </span>
     <span class='ocr_line' id='line_1_38' title="bbox 368 3288 1456 3355; baseline 0.001 -17"><span class='ocrx_word' id='word_1_206' title='bbox 368 3288 551 3339; x_wconf 87' lang='lat' dir='ltr'><strong>Verba</strong></span> <span class='ocrx_word' id='word_1_207' title='bbox 594 3290 879 3355; x_wconf 84' lang='lat' dir='ltr'><strong>sequentia</strong></span> <span class='ocrx_word' id='word_1_208' title='bbox 935 3295 1112 3341; x_wconf 82' lang='lat' dir='ltr'><strong>verte.</strong></span> <span class='ocrx_word' id='word_1_209' title='bbox 1171 3290 1233 3340; x_wconf 85' lang='lat' dir='ltr'><strong>ob</strong></span> <span class='ocrx_word' id='word_1_210' title='bbox 1282 3291 1456 3340; x_wconf 61' lang='lat' dir='ltr'><strong>caedar</strong></span> 
     </span>
     <span class='ocr_line' id='line_1_39' title="bbox 367 3360 1456 3424; baseline 0.001 -16"><span class='ocrx_word' id='word_1_211' title='bbox 367 3373 572 3409; x_wconf 74' lang='lat' dir='ltr'><strong>caueam</strong></span> <span class='ocrx_word' id='word_1_212' title='bbox 605 3360 854 3424; x_wconf 77' lang='lat' dir='ltr'><strong>quandam</strong></span> <span class='ocrx_word' id='word_1_213' title='bbox 888 3375 935 3411; x_wconf 90' lang='lat' dir='ltr'><strong>s.</strong></span> <span class='ocrx_word' id='word_1_214' title='bbox 960 3366 1301 3423; x_wconf 74' lang='lat' dir='ltr'><strong>praeteoecum,</strong></span> <span class='ocrx_word' id='word_1_215' title='bbox 1341 3375 1456 3410; x_wconf 82' lang='lat' dir='ltr'><strong>eae-</strong></span> 
     </span>
     <span class='ocr_line' id='line_1_40' title="bbox 368 3428 1454 3493; baseline 0 -15"><span class='ocrx_word' id='word_1_216' title='bbox 368 3428 477 3478; x_wconf 80' lang='lat' dir='ltr'><strong>dem</strong></span> <span class='ocrx_word' id='word_1_217' title='bbox 510 3430 761 3493; x_wconf 76' lang='lat' dir='ltr'><strong>quandam</strong></span> <span class='ocrx_word' id='word_1_218' title='bbox 785 3437 1174 3493; x_wconf 45' lang='lat' dir='ltr'><strong>praetexentes&amp;</strong></span> <span class='ocrx_word' id='word_1_219' title='bbox 1218 3437 1454 3491; x_wconf 81' lang='lat' dir='ltr'><strong>praeten-</strong></span> 
     </span>
     <span class='ocr_line' id='line_1_41' title="bbox 369 3496 1455 3564; baseline 0.001 -17"><span class='ocrx_word' id='word_1_220' title='bbox 369 3497 560 3547; x_wconf 76' lang='lat' dir='ltr'><strong>dentes.</strong></span> <span class='ocrx_word' id='word_1_221' title='bbox 660 3497 752 3548; x_wconf 81' lang='lat' dir='ltr'><strong>Sic</strong></span> <span class='ocrx_word' id='word_1_222' title='bbox 821 3496 1032 3562; x_wconf 77' lang='grc' dir='ltr'><strong><em>σκῆψις</em></strong></span> <span class='ocrx_word' id='word_1_223' title='bbox 1101 3500 1317 3564; x_wconf 89' lang='lat' dir='ltr'><strong>saepius</strong></span> <span class='ocrx_word' id='word_1_224' title='bbox 1387 3498 1455 3547; x_wconf 89' lang='lat' dir='ltr'><strong>de</strong></span> 
     </span>
     <span class='ocr_line' id='line_1_42' title="bbox 371 3566 1454 3632; baseline -0.001 -14"><span class='ocrx_word' id='word_1_225' title='bbox 371 3581 540 3618; x_wconf 79' lang='lat' dir='ltr'><strong>causa</strong></span> <span class='ocrx_word' id='word_1_226' title='bbox 585 3566 699 3617; x_wconf 83' lang='lat' dir='ltr'><strong>sive</strong></span> <span class='ocrx_word' id='word_1_227' title='bbox 744 3582 878 3620; x_wconf 82' lang='lat' dir='ltr'><strong>vera</strong></span> <span class='ocrx_word' id='word_1_228' title='bbox 923 3568 1039 3618; x_wconf 86' lang='lat' dir='ltr'><strong>sive</strong></span> <span class='ocrx_word' id='word_1_229' title='bbox 1086 3566 1240 3629; x_wconf 86' lang='lat' dir='ltr'><strong>ficta,</strong></span> <span class='ocrx_word' id='word_1_230' title='bbox 1292 3583 1454 3632; x_wconf 90' lang='lat' dir='ltr'><strong>quam</strong></span> 
     </span>
     <span class='ocr_line' id='line_1_43' title="bbox 366 3605 1452 3716; baseline 0.002 -31"><span class='ocrx_word' id='word_1_231' title='bbox 366 3636 800 3716; x_wconf 78' lang='lat' dir='ltr'><strong>praetendimus,</strong></span> <span class='ocrx_word' id='word_1_232' title='bbox 848 3642 910 3688; x_wconf 93' lang='lat' dir='ltr'><strong>ut</strong></span> <span class='ocrx_word' id='word_1_233' title='bbox 932 3638 999 3700; x_wconf 87' lang='lat' dir='ltr'><strong>V,</strong></span> <span class='ocrx_word' id='word_1_234' title='bbox 1035 3637 1122 3689; x_wconf 84' lang='lat'><strong>30.</strong></span> <span class='ocrx_word' id='word_1_235' title='bbox 1160 3605 1296 3699; x_wconf 88' lang='lat' dir='ltr'><strong>VH,</strong></span> <span class='ocrx_word' id='word_1_236' title='bbox 1335 3637 1452 3688; x_wconf 85' lang='lat'><strong>168.</strong></span> 
     </span>
     <span class='ocr_line' id='line_1_44' title="bbox 369 3699 1453 3774; baseline 0.001 -19"><span class='ocrx_word' id='word_1_237' title='bbox 369 3706 477 3755; x_wconf 89' lang='lat' dir='ltr'><strong>Pro</strong></span> <span class='ocrx_word' id='word_1_238' title='bbox 510 3699 641 3756; x_wconf 75' lang='grc' dir='ltr'><strong><em>τινὰ</em></strong></span> <span class='ocrx_word' id='word_1_239' title='bbox 675 3706 1224 3774; x_wconf 77' lang='lat' dir='ltr'><strong>Schweighaeuserus</strong></span> <span class='ocrx_word' id='word_1_240' title='bbox 1260 3705 1453 3757; x_wconf 87' lang='lat' dir='ltr'><strong>maluit</strong></span> 
     </span>
     <span class='ocr_line' id='line_1_45' title="bbox 371 3767 544 3833; baseline 0.013 -11"><span class='ocrx_word' id='word_1_241' title='bbox 371 3767 544 3833; x_wconf 85' lang='grc' dir='ltr'><strong><em>τινός.</em></strong></span> 
     </span>
    </p>
   </div>
   <div class='ocr_carea' id='block_1_10' title="bbox 675 3947 1151 3999">
    <p class='ocr_par' dir='ltr' id='par_1_10' title="bbox 675 3947 1151 3999">
     <span class='ocr_line' id='line_1_46' title="bbox 675 3947 1151 3999; baseline -0.002 0"><span class='ocrx_word' id='word_1_242' title='bbox 675 3947 809 3999; x_wconf 66' lang='lat' dir='ltr'><strong>Cn.</strong></span> <span class='ocrx_word' id='word_1_243' title='bbox 849 3947 1151 3999; x_wconf 80' lang='lat' dir='ltr'>CXLVIII.</span> 
     </span>
    </p>
   </div>
   <div class='ocr_carea' id='block_1_11' title="bbox 374 4057 1458 4340">
    <p class='ocr_par' dir='ltr' id='par_1_11' title="bbox 374 4057 1458 4340">
     <span class='ocr_line' id='line_1_47' title="bbox 450 4057 1458 4131; baseline 0.001 -17"><span class='ocrx_word' id='word_1_244' title='bbox 450 4058 529 4115; x_wconf 86' lang='grc' dir='ltr'><strong>Τὸ</strong></span> <span class='ocrx_word' id='word_1_245' title='bbox 555 4061 618 4116; x_wconf 72' lang='grc' dir='ltr'><strong>δὲ</strong></span> <span class='ocrx_word' id='word_1_246' title='bbox 633 4058 967 4116; x_wconf 71' lang='grc' dir='ltr'><strong><em>Πανιώνιον</em></strong></span> <span class='ocrx_word' id='word_1_247' title='bbox 987 4057 1102 4116; x_wconf 71' lang='grc' dir='ltr'><strong>ἐστὶ</strong></span> <span class='ocrx_word' id='word_1_248' title='bbox 1126 4063 1227 4131; x_wconf 85' lang='grc' dir='ltr'><strong>τῆς</strong></span> <span class='ocrx_word' id='word_1_249' title='bbox 1253 4057 1458 4115; x_wconf 77' lang='grc' dir='ltr'><strong><em>Μυκά-</em></strong></span> 
     </span>
     <span class='ocr_line' id='line_1_48' title="bbox 374 4129 1458 4203; baseline 0.003 -20"><span class='ocrx_word' id='word_1_250' title='bbox 374 4132 476 4198; x_wconf 77' lang='grc' dir='ltr'><strong>λης</strong></span> <span class='ocrx_word' id='word_1_251' title='bbox 491 4151 673 4200; x_wconf 77' lang='grc' dir='ltr'><strong><em>χωρος</em></strong></span> <span class='ocrx_word' id='word_1_252' title='bbox 698 4129 841 4203; x_wconf 74' lang='grc' dir='ltr'><strong><em>ἱρὸς]</em></strong></span> <span class='ocrx_word' id='word_1_253' title='bbox 864 4136 1189 4187; x_wconf 73' lang='lat' dir='ltr'><strong>Panionium</strong></span> <span class='ocrx_word' id='word_1_254' title='bbox 1217 4136 1325 4186; x_wconf 88' lang='lat' dir='ltr'><strong>tria</strong></span> <span class='ocrx_word' id='word_1_255' title='bbox 1343 4140 1458 4186; x_wconf 87' lang='lat' dir='ltr'><strong>sta-</strong></span> 
     </span>
     <span class='ocr_line' id='line_1_49' title="bbox 377 4204 1457 4269; baseline 0.002 -16"><span class='ocrx_word' id='word_1_256' title='bbox 377 4204 466 4253; x_wconf 87' lang='lat' dir='ltr'><strong>dia</strong></span> <span class='ocrx_word' id='word_1_257' title='bbox 510 4220 544 4254; x_wconf 87' lang='lat' dir='ltr'><strong>a</strong></span> <span class='ocrx_word' id='word_1_258' title='bbox 581 4207 717 4255; x_wconf 89' lang='lat' dir='ltr'><strong>mari</strong></span> <span class='ocrx_word' id='word_1_259' title='bbox 749 4211 1044 4269; x_wconf 83' lang='lat' dir='ltr'><strong>remotum,</strong></span> <span class='ocrx_word' id='word_1_260' title='bbox 1080 4207 1141 4256; x_wconf 87' lang='lat' dir='ltr'><strong>in</strong></span> <span class='ocrx_word' id='word_1_261' title='bbox 1176 4205 1457 4256; x_wconf 74' lang='lat' dir='ltr'><strong>radicibus</strong></span> 
     </span>
     <span class='ocr_line' id='line_1_50' title="bbox 375 4275 1454 4340; baseline 0.003 -19"><span class='ocrx_word' id='word_1_262' title='bbox 375 4275 574 4323; x_wconf 85' lang='lat' dir='ltr'><strong>montis</strong></span> <span class='ocrx_word' id='word_1_263' title='bbox 612 4275 885 4340; x_wconf 80' lang='lat' dir='ltr'><strong>Mycales,</strong></span> <span class='ocrx_word' id='word_1_264' title='bbox 939 4279 1163 4326; x_wconf 82' lang='lat' dir='ltr'><strong>auctore</strong></span> <span class='ocrx_word' id='word_1_265' title='bbox 1201 4275 1454 4325; x_wconf 84' lang='lat' dir='ltr'><strong>Strabon.</strong></span> 
     </span>
    </p>
   </div>
   <div class='ocr_carea' id='block_1_12' title="bbox 375 4341 1460 4409">
    <p class='ocr_par' dir='ltr' id='par_1_12' title="bbox 375 4341 1460 4409">
     <span class='ocr_line' id='line_1_51' title="bbox 375 4341 1460 4409; baseline 0.002 -18"><span class='ocrx_word' id='word_1_266' title='bbox 375 4341 523 4392; x_wconf 88' lang='lat' dir='ltr'>XIV.</span> <span class='ocrx_word' id='word_1_267' title='bbox 547 4357 673 4408; x_wconf 76' lang='lat' dir='ltr'><strong>pag.</strong></span> <span class='ocrx_word' id='word_1_268' title='bbox 695 4345 797 4394; x_wconf 74' lang='lat'><strong>9⁴7</strong></span> <span class='ocrx_word' id='word_1_269' title='bbox 821 4359 866 4395; x_wconf 87' lang='lat' dir='ltr'><strong>s.</strong></span> <span class='ocrx_word' id='word_1_270' title='bbox 888 4360 942 4409; x_wconf 89' lang='lat' dir='ltr'><strong>p.</strong></span> <span class='ocrx_word' id='word_1_271' title='bbox 968 4345 1092 4397; x_wconf 83' lang='grc'><strong>639.</strong></span> <span class='ocrx_word' id='word_1_272' title='bbox 1131 4342 1285 4394; x_wconf 86' lang='lat' dir='ltr'><strong>Alios</strong></span> <span class='ocrx_word' id='word_1_273' title='bbox 1311 4349 1460 4396; x_wconf 72' lang='lat' dir='ltr'><strong>vete·</strong></span> 
     </span>
    </p>
   </div>
   <div class='ocr_carea' id='block_1_13' title="bbox 376 4410 1457 4480">
    <p class='ocr_par' dir='ltr' id='par_1_13' title="bbox 376 4410 1457 4480">
     <span class='ocr_line' id='line_1_52' title="bbox 376 4410 1457 4480; baseline 0.003 -21"><span class='ocrx_word' id='word_1_274' title='bbox 376 4425 492 4460; x_wconf 84' lang='lat' dir='ltr'><strong>rum</strong></span> <span class='ocrx_word' id='word_1_275' title='bbox 522 4410 669 4463; x_wconf 88' lang='lat' dir='ltr'><strong>locos</strong></span> <span class='ocrx_word' id='word_1_276' title='bbox 692 4412 902 4464; x_wconf 85' lang='lat' dir='ltr'><strong>dabunt</strong></span> <span class='ocrx_word' id='word_1_277' title='bbox 915 4413 1203 4480; x_wconf 69' lang='lat' dir='ltr'><strong>Forbigert</strong></span> <span class='ocrx_word' id='word_1_278' title='bbox 1236 4412 1457 4464; x_wconf 87' lang='lat' dir='ltr'><strong>Handb.</strong></span> 
     </span>
    </p>
   </div>
   <div class='ocr_carea' id='block_1_14' title="bbox 1554 1048 2642 1742">
    <p class='ocr_par' dir='ltr' id='par_1_14' title="bbox 1554 1048 2641 1742">
     <span class='ocr_line' id='line_1_53' title="bbox 1558 1048 2637 1116; baseline -0.002 -16"><span class='ocrx_word' id='word_1_279' title='bbox 1558 1050 1612 1100; x_wconf 91' lang='lat' dir='ltr'><strong>d.</strong></span> <span class='ocrx_word' id='word_1_280' title='bbox 1635 1049 1731 1100; x_wconf 88' lang='lat' dir='ltr'><strong>alt.</strong></span> <span class='ocrx_word' id='word_1_281' title='bbox 1751 1050 1951 1116; x_wconf 79' lang='lat' dir='ltr'><strong>Geogr.</strong></span> <span class='ocrx_word' id='word_1_282' title='bbox 1976 1049 2055 1100; x_wconf 93' lang='lat'><strong>11.</strong></span> <span class='ocrx_word' id='word_1_283' title='bbox 2083 1067 2134 1115; x_wconf 88' lang='lat' dir='ltr'><strong>p.</strong></span> <span class='ocrx_word' id='word_1_284' title='bbox 2157 1049 2251 1101; x_wconf 84' lang='lat'><strong>191</strong></span> <span class='ocrx_word' id='word_1_285' title='bbox 2292 1053 2347 1099; x_wconf 90' lang='lat' dir='ltr'><strong>et</strong></span> <span class='ocrx_word' id='word_1_286' title='bbox 2369 1048 2637 1100; x_wconf 87' lang='lat' dir='ltr'><strong>Lehnert:</strong></span> 
     </span>
     <span class='ocr_line' id='line_1_54' title="bbox 1555 1117 2638 1185; baseline -0.002 -16"><span class='ocrx_word' id='word_1_287' title='bbox 1555 1122 1640 1169; x_wconf 92' lang='lat' dir='ltr'><strong>De</strong></span> <span class='ocrx_word' id='word_1_288' title='bbox 1673 1121 1843 1171; x_wconf 82' lang='lat' dir='ltr'><strong>Foed.</strong></span> <span class='ocrx_word' id='word_1_289' title='bbox 1895 1120 2068 1171; x_wconf 90' lang='lat' dir='ltr'><strong>Iouic.</strong></span> <span class='ocrx_word' id='word_1_290' title='bbox 2115 1137 2169 1185; x_wconf 90' lang='lat' dir='ltr'><strong>p.</strong></span> <span class='ocrx_word' id='word_1_291' title='bbox 2206 1120 2293 1169; x_wconf 87' lang='grc'><strong>26.</strong></span> <span class='ocrx_word' id='word_1_292' title='bbox 2368 1119 2527 1169; x_wconf 83' lang='grc' dir='ltr'><strong><em>Νιιιιο</em></strong></span> <span class='ocrx_word' id='word_1_293' title='bbox 2562 1117 2638 1167; x_wconf 90' lang='lat' dir='ltr'><strong>ibi</strong></span> 
     </span>
     <span class='ocr_line' id='line_1_55' title="bbox 1555 1187 2639 1255; baseline -0.004 -16"><span class='ocrx_word' id='word_1_294' title='bbox 1555 1191 1710 1239; x_wconf 82' lang='lat' dir='ltr'><strong>vicus</strong></span> <span class='ocrx_word' id='word_1_295' title='bbox 1745 1189 2027 1255; x_wconf 68' lang='lat' dir='ltr'><strong>Tsclzanqh’,</strong></span> <span class='ocrx_word' id='word_1_296' title='bbox 2048 1194 2192 1238; x_wconf 89' lang='lat' dir='ltr'><strong>teste</strong></span> <span class='ocrx_word' id='word_1_297' title='bbox 2211 1188 2517 1238; x_wconf 87' lang='lat' dir='ltr'><strong>Cbandlero</strong></span> <span class='ocrx_word' id='word_1_298' title='bbox 2540 1187 2639 1237; x_wconf 82' lang='lat' dir='ltr'><strong>ali-</strong></span> 
     </span>
     <span class='ocr_line' id='line_1_56' title="bbox 1554 1257 2641 1340; baseline -0.002 -32"><span class='ocrx_word' id='word_1_299' title='bbox 1554 1260 1738 1340; x_wconf 81' lang='lat' dir='ltr'><strong>isque,</strong></span> <span class='ocrx_word' id='word_1_300' title='bbox 1775 1274 1910 1324; x_wconf 88' lang='lat' dir='ltr'><strong>quos</strong></span> <span class='ocrx_word' id='word_1_301' title='bbox 1946 1259 2082 1308; x_wconf 90' lang='lat' dir='ltr'><strong>citat</strong></span> <span class='ocrx_word' id='word_1_302' title='bbox 2104 1258 2369 1323; x_wconf 83' lang='lat' dir='ltr'><strong>Forbiger</strong></span> <span class='ocrx_word' id='word_1_303' title='bbox 2400 1257 2437 1308; x_wconf 92' lang='lat' dir='ltr'><strong>l.</strong></span> <span class='ocrx_word' id='word_1_304' title='bbox 2467 1257 2506 1308; x_wconf 92' lang='lat' dir='ltr'><strong>l.</strong></span> <span class='ocrx_word' id='word_1_305' title='bbox 2538 1258 2641 1308; x_wconf 86' lang='lat' dir='ltr'><strong>Re-</strong></span> 
     </span>
     <span class='ocr_line' id='line_1_57' title="bbox 1555 1328 2640 1464; baseline -0.003 -16"><span class='ocrx_word' id='word_1_306' title='bbox 1555 1328 2640 1464; x_wconf 50' lang='lat' dir='ltr'><strong>f5330‘23..‘t⁰..¹¹⁰3.¹⁰32¹³f¹¹¹1ffii¹1131</strong></span> 
     </span>
     <span class='ocr_line' id='line_1_58' title="bbox 1558 1465 2638 1529; baseline -0.004 -11"><span class='ocrx_word' id='word_1_307' title='bbox 1558 1466 1771 1519; x_wconf 87' lang='lat' dir='ltr'><strong>Griech.</strong></span> <span class='ocrx_word' id='word_1_308' title='bbox 1802 1465 2209 1519; x_wconf 83' lang='lat' dir='ltr'><strong>Staatsalterth.</strong></span> <span class='ocrx_word' id='word_1_309' title='bbox 2236 1465 2268 1529; x_wconf 67' lang='grc' dir='ltr'><strong>ξ</strong></span> <span class='ocrx_word' id='word_1_310' title='bbox 2298 1467 2385 1517; x_wconf 85' lang='lat'><strong>77.</strong></span> <span class='ocrx_word' id='word_1_311' title='bbox 2423 1471 2537 1517; x_wconf 89' lang='lat' dir='ltr'><strong>not.</strong></span> <span class='ocrx_word' id='word_1_312' title='bbox 2571 1466 2638 1515; x_wconf 83' lang='lat'><strong>27</strong></span> 
     </span>
     <span class='ocr_line' id='line_1_59' title="bbox 1555 1535 2642 1604; baseline -0.003 -17"><span class='ocrx_word' id='word_1_313' title='bbox 1555 1551 1707 1602; x_wconf 82' lang='lat' dir='ltr'><strong>seqq.</strong></span> <span class='ocrx_word' id='word_1_314' title='bbox 1745 1537 1830 1588; x_wconf 89' lang='lat' dir='ltr'><strong>ed.</strong></span> <span class='ocrx_word' id='word_1_315' title='bbox 1871 1543 2072 1604; x_wconf 81' lang='lat' dir='ltr'><strong>quart.</strong></span> <span class='ocrx_word' id='word_1_316' title='bbox 2119 1537 2212 1602; x_wconf 90' lang='lat' dir='ltr'><strong>qui</strong></span> <span class='ocrx_word' id='word_1_317' title='bbox 2246 1535 2388 1586; x_wconf 83' lang='lat' dir='ltr'><strong>idem</strong></span> <span class='ocrx_word' id='word_1_318' title='bbox 2425 1536 2642 1587; x_wconf 86' lang='lat' dir='ltr'><strong>Gottes-</strong></span> 
     </span>
     <span class='ocr_line' id='line_1_60' title="bbox 1555 1574 2640 1671; baseline -0.001 -16"><span class='ocrx_word' id='word_1_319' title='bbox 1555 1605 1773 1656; x_wconf 89' lang='lat' dir='ltr'><strong>dienstl.</strong></span> <span class='ocrx_word' id='word_1_320' title='bbox 1795 1606 2027 1657; x_wconf 85' lang='lat' dir='ltr'><strong>Alterth.</strong></span> <span class='ocrx_word' id='word_1_321' title='bbox 2049 1574 2098 1669; x_wconf 88' lang='lat'><strong>5.</strong></span> <span class='ocrx_word' id='word_1_322' title='bbox 2121 1606 2208 1657; x_wconf 90' lang='grc'><strong>66.</strong></span> <span class='ocrx_word' id='word_1_323' title='bbox 2238 1605 2304 1655; x_wconf 90' lang='lat' dir='ltr'><strong>de</strong></span> <span class='ocrx_word' id='word_1_324' title='bbox 2328 1605 2469 1655; x_wconf 84' lang='lat' dir='ltr'><strong>festo</strong></span> <span class='ocrx_word' id='word_1_325' title='bbox 2500 1607 2640 1671; x_wconf 71' lang='lat' dir='ltr'><strong>ipsc),</strong></span> 
     </span>
     <span class='ocr_line' id='line_1_61' title="bbox 1555 1674 2641 1742; baseline -0.002 -17"><span class='ocrx_word' id='word_1_326' title='bbox 1555 1676 1700 1741; x_wconf 90' lang='lat' dir='ltr'><strong>quod</strong></span> <span class='ocrx_word' id='word_1_327' title='bbox 1729 1677 1784 1725; x_wconf 90' lang='lat' dir='ltr'><strong>in</strong></span> <span class='ocrx_word' id='word_1_328' title='bbox 1810 1676 2051 1742; x_wconf 85' lang='lat' dir='ltr'><strong>Neptuni</strong></span> <span class='ocrx_word' id='word_1_329' title='bbox 2082 1674 2340 1725; x_wconf 88' lang='lat' dir='ltr'><strong>honorem</strong></span> <span class='ocrx_word' id='word_1_330' title='bbox 2373 1675 2641 1738; x_wconf 80' lang='lat' dir='ltr'><strong>agebatur</strong></span> 
     </span>
    </p>
   </div>
   <div class='ocr_carea' id='block_1_15' title="bbox 1554 1736 2642 1880">
    <p class='ocr_par' dir='ltr' id='par_1_15' title="bbox 1554 1736 2642 1880">
     <span class='ocr_line' id='line_1_62' title="bbox 1555 1736 2642 1810; baseline -0.003 -16"><span class='ocrx_word' id='word_1_331' title='bbox 1555 1736 1907 1810; x_wconf 80' lang='grc' dir='ltr'><strong><em>(Πανιώνια)</em></strong></span> <span class='ocrx_word' id='word_1_332' title='bbox 1943 1761 2008 1795; x_wconf 90' lang='lat' dir='ltr'><strong>ac</strong></span> <span class='ocrx_word' id='word_1_333' title='bbox 2040 1750 2234 1809; x_wconf 88' lang='lat' dir='ltr'><strong>postea</strong></span> <span class='ocrx_word' id='word_1_334' title='bbox 2261 1744 2463 1809; x_wconf 85' lang='lat' dir='ltr'><strong>Ephesi</strong></span> <span class='ocrx_word' id='word_1_335' title='bbox 2501 1743 2642 1793; x_wconf 90' lang='lat' dir='ltr'><strong>ccle-</strong></span> 
     </span>
     <span class='ocr_line' id='line_1_63' title="bbox 1554 1812 2639 1880; baseline -0.003 -16"><span class='ocrx_word' id='word_1_336' title='bbox 1554 1814 1835 1878; x_wconf 85' lang='lat' dir='ltr'><strong>brabatur,</strong></span> <span class='ocrx_word' id='word_1_337' title='bbox 1862 1814 2127 1880; x_wconf 89' lang='lat' dir='ltr'><strong>disputat.</strong></span> <span class='ocrx_word' id='word_1_338' title='bbox 2153 1814 2293 1864; x_wconf 85' lang='lat' dir='ltr'><strong>Add.</strong></span> <span class='ocrx_word' id='word_1_339' title='bbox 2318 1813 2522 1863; x_wconf 85' lang='lat' dir='ltr'><strong>Rinck.</strong></span> <span class='ocrx_word' id='word_1_340' title='bbox 2550 1812 2639 1862; x_wconf 90' lang='lat' dir='ltr'><strong>die</strong></span> 
     </span>
    </p>
   </div>
   <div class='ocr_carea' id='block_1_16' title="bbox 1551 1882 2643 2490">
    <p class='ocr_par' dir='ltr' id='par_1_16' title="bbox 1551 1882 2643 2489">
     <span class='ocr_line' id='line_1_64' title="bbox 1552 1882 2639 1949; baseline -0.003 -14"><span class='ocrx_word' id='word_1_341' title='bbox 1552 1884 1807 1949; x_wconf 84' lang='lat' dir='ltr'><strong>Religion</strong></span> <span class='ocrx_word' id='word_1_342' title='bbox 1841 1883 1937 1933; x_wconf 89' lang='lat' dir='ltr'><strong>der</strong></span> <span class='ocrx_word' id='word_1_343' title='bbox 1966 1882 2229 1934; x_wconf 89' lang='lat' dir='ltr'><strong>Hellenen</strong></span> <span class='ocrx_word' id='word_1_344' title='bbox 2260 1883 2335 1933; x_wconf 92' lang='lat'><strong>11.</strong></span> <span class='ocrx_word' id='word_1_345' title='bbox 2373 1883 2420 1933; x_wconf 89' lang='lat'><strong>1.</strong></span> <span class='ocrx_word' id='word_1_346' title='bbox 2450 1898 2505 1948; x_wconf 88' lang='lat' dir='ltr'><strong>p.</strong></span> <span class='ocrx_word' id='word_1_347' title='bbox 2535 1883 2639 1933; x_wconf 76' lang='lat'><strong>245</strong></span> 
     </span>
     <span class='ocr_line' id='line_1_65' title="bbox 1555 1952 2641 2019; baseline -0.001 -16"><span class='ocrx_word' id='word_1_348' title='bbox 1555 1967 1706 2019; x_wconf 86' lang='lat' dir='ltr'><strong>seqq.</strong></span> <span class='ocrx_word' id='word_1_349' title='bbox 1778 1953 2024 2004; x_wconf 85' lang='lat' dir='ltr'><strong>Nominis</strong></span> <span class='ocrx_word' id='word_1_350' title='bbox 2064 1952 2236 2017; x_wconf 87' lang='lat' dir='ltr'><strong>ipsius</strong></span> <span class='ocrx_word' id='word_1_351' title='bbox 2261 1953 2524 2002; x_wconf 88' lang='lat' dir='ltr'><strong>rationem</strong></span> <span class='ocrx_word' id='word_1_352' title='bbox 2560 1952 2641 2002; x_wconf 87' lang='lat' dir='ltr'><strong>fa-</strong></span> 
     </span>
     <span class='ocr_line' id='line_1_66' title="bbox 1554 2018 2641 2088; baseline -0.004 -15"><span class='ocrx_word' id='word_1_353' title='bbox 1554 2023 1658 2073; x_wconf 89' lang='lat' dir='ltr'><strong>cile</strong></span> <span class='ocrx_word' id='word_1_354' title='bbox 1704 2027 1787 2072; x_wconf 89' lang='lat' dir='ltr'><strong>est</strong></span> <span class='ocrx_word' id='word_1_355' title='bbox 1829 2022 2170 2088; x_wconf 82' lang='lat' dir='ltr'><strong>perspicere3</strong></span> <span class='ocrx_word' id='word_1_356' title='bbox 2218 2023 2492 2087; x_wconf 83' lang='lat' dir='ltr'><strong>genitivus</strong></span> <span class='ocrx_word' id='word_1_357' title='bbox 2540 2018 2641 2084; x_wconf 83' lang='grc' dir='ltr'><strong>τῆς</strong></span> 
     </span>
     <span class='ocr_line' id='line_1_67' title="bbox 1553 2084 2643 2172; baseline -0.002 -32"><span class='ocrx_word' id='word_1_358' title='bbox 1553 2084 1836 2172; x_wconf 75' lang='grc' dir='ltr'><strong><em>Μυκάλης</em></strong></span> <span class='ocrx_word' id='word_1_359' title='bbox 1879 2092 2117 2157; x_wconf 89' lang='lat' dir='ltr'><strong>pertinet</strong></span> <span class='ocrx_word' id='word_1_360' title='bbox 2161 2092 2232 2142; x_wconf 90' lang='lat' dir='ltr'><strong>ad</strong></span> <span class='ocrx_word' id='word_1_361' title='bbox 2280 2091 2449 2141; x_wconf 83' lang='lat' dir='ltr'><strong>verba</strong></span> <span class='ocrx_word' id='word_1_362' title='bbox 2495 2086 2643 2154; x_wconf 83' lang='grc' dir='ltr'><strong><em>πρὸς</em></strong></span> 
     </span>
     <span class='ocr_line' id='line_1_68' title="bbox 1551 2159 2641 2225; baseline -0.001 -15"><span class='ocrx_word' id='word_1_363' title='bbox 1551 2175 1769 2225; x_wconf 80' lang='grc' dir='ltr'><strong><em>αρκτον</em></strong></span> <span class='ocrx_word' id='word_1_364' title='bbox 1805 2159 2206 2225; x_wconf 79' lang='grc' dir='ltr'><strong><em>τετραμμένος,</em></strong></span> <span class='ocrx_word' id='word_1_365' title='bbox 2243 2159 2330 2211; x_wconf 79' lang='lat' dir='ltr'><strong>vel</strong></span> <span class='ocrx_word' id='word_1_366' title='bbox 2368 2164 2516 2211; x_wconf 89' lang='lat' dir='ltr'><strong>certe</strong></span> <span class='ocrx_word' id='word_1_367' title='bbox 2553 2175 2641 2209; x_wconf 90' lang='lat' dir='ltr'><strong>co-</strong></span> 
     </span>
     <span class='ocr_line' id='line_1_69' title="bbox 1551 2230 2639 2296; baseline 0.001 -18"><span class='ocrx_word' id='word_1_368' title='bbox 1551 2231 1818 2296; x_wconf 81' lang='lat' dir='ltr'><strong>gitatione</strong></span> <span class='ocrx_word' id='word_1_369' title='bbox 1842 2231 1945 2280; x_wconf 90' lang='lat' dir='ltr'><strong>erit</strong></span> <span class='ocrx_word' id='word_1_370' title='bbox 1969 2230 2039 2280; x_wconf 88' lang='lat' dir='ltr'><strong>ad</strong></span> <span class='ocrx_word' id='word_1_371' title='bbox 2065 2230 2161 2280; x_wconf 87' lang='lat' dir='ltr'><strong>illa</strong></span> <span class='ocrx_word' id='word_1_372' title='bbox 2192 2230 2536 2296; x_wconf 88' lang='lat' dir='ltr'><strong>repetendus,</strong></span> <span class='ocrx_word' id='word_1_373' title='bbox 2560 2230 2639 2279; x_wconf 90' lang='lat' dir='ltr'><strong>ita</strong></span> 
     </span>
     <span class='ocr_line' id='line_1_70' title="bbox 1553 2299 2641 2365; baseline 0 -16"><span class='ocrx_word' id='word_1_374' title='bbox 1553 2305 1616 2349; x_wconf 92' lang='lat' dir='ltr'><strong>ut</strong></span> <span class='ocrx_word' id='word_1_375' title='bbox 1661 2299 1813 2350; x_wconf 89' lang='lat' dir='ltr'><strong>locus</strong></span> <span class='ocrx_word' id='word_1_376' title='bbox 1853 2301 1960 2350; x_wconf 90' lang='lat' dir='ltr'><strong>iste</strong></span> <span class='ocrx_word' id='word_1_377' title='bbox 2006 2315 2161 2350; x_wconf 87' lang='lat' dir='ltr'><strong>sacer</strong></span> <span class='ocrx_word' id='word_1_378' title='bbox 2214 2300 2641 2365; x_wconf 87' lang='lat' dir='ltr'><strong>septentrionem</strong></span> 
     </span>
     <span class='ocr_line' id='line_1_71' title="bbox 1552 2369 2641 2436; baseline 0.001 -18"><span class='ocrx_word' id='word_1_379' title='bbox 1552 2385 1745 2420; x_wconf 83' lang='lat' dir='ltr'><strong>versus</strong></span> <span class='ocrx_word' id='word_1_380' title='bbox 1799 2385 1833 2420; x_wconf 89' lang='lat' dir='ltr'><strong>a</strong></span> <span class='ocrx_word' id='word_1_381' title='bbox 1886 2369 2103 2436; x_wconf 78' lang='lat' dir='ltr'><strong>Mycale</strong></span> <span class='ocrx_word' id='word_1_382' title='bbox 2150 2369 2289 2421; x_wconf 84' lang='lat' dir='ltr'><strong>situs</strong></span> <span class='ocrx_word' id='word_1_383' title='bbox 2339 2370 2509 2420; x_wconf 80' lang='lat' dir='ltr'><strong>fuisse</strong></span> <span class='ocrx_word' id='word_1_384' title='bbox 2564 2369 2641 2419; x_wconf 89' lang='lat' dir='ltr'><strong>di-</strong></span> 
     </span>
     <span class='ocr_line' id='line_1_72' title="bbox 1553 2443 1729 2490; baseline -0.006 -1"><span class='ocrx_word' id='word_1_385' title='bbox 1553 2443 1729 2490; x_wconf 83' lang='lat' dir='ltr'><strong>catur.</strong></span> 
     </span>
    </p>
   </div>
   <div class='ocr_carea' id='block_1_17' title="bbox 1550 2530 2644 4477">
    <p class='ocr_par' dir='ltr' id='par_1_17' title="bbox 1550 2530 2641 3230">
     <span class='ocr_line' id='line_1_73' title="bbox 1622 2530 2641 2624; baseline 0 -36"><span class='ocrx_word' id='word_1_386' title='bbox 1622 2536 1792 2606; x_wconf 84' lang='grc' dir='ltr'><strong><em>κοινῇ</em></strong></span> <span class='ocrx_word' id='word_1_387' title='bbox 1827 2530 2322 2624; x_wconf 69' lang='grc' dir='ltr'><strong><em>ἐξαραιρημένος</em></strong></span> <span class='ocrx_word' id='word_1_388' title='bbox 2295 2532 2410 2589; x_wconf 84' lang='grc' dir='ltr'><strong>υπὸ</strong></span> <span class='ocrx_word' id='word_1_389' title='bbox 2429 2530 2641 2588; x_wconf 85' lang='grc' dir='ltr'><strong><em>Ἰώνων</em></strong></span> 
     </span>
     <span class='ocr_line' id='line_1_74' title="bbox 1552 2600 2640 2677; baseline -0.003 -18"><span class='ocrx_word' id='word_1_390' title='bbox 1552 2605 1905 2659; x_wconf 76' lang='grc' dir='ltr'><strong><em>Ποσειδέωνι</em></strong></span> <span class='ocrx_word' id='word_1_391' title='bbox 1954 2602 2291 2677; x_wconf 77' lang='grc' dir='ltr'><strong><em>Ἑλικωνίῳ]</em></strong></span> <span class='ocrx_word' id='word_1_392' title='bbox 2343 2600 2640 2673; x_wconf 76' lang='grc' dir='ltr'><strong><em>ἐξαραιρη-</em></strong></span> 
     </span>
     <span class='ocr_line' id='line_1_75' title="bbox 1550 2675 2639 2743; baseline -0.001 -15"><span class='ocrx_word' id='word_1_393' title='bbox 1550 2675 1739 2743; x_wconf 79' lang='grc' dir='ltr'><strong><em>μένος,</em></strong></span> <span class='ocrx_word' id='word_1_394' title='bbox 1765 2677 1960 2728; x_wconf 87' lang='lat' dir='ltr'><strong>Ionum</strong></span> <span class='ocrx_word' id='word_1_395' title='bbox 1992 2693 2140 2727; x_wconf 90' lang='lat' dir='ltr'><strong>more</strong></span> <span class='ocrx_word' id='word_1_396' title='bbox 2160 2683 2453 2742; x_wconf 84' lang='lat' dir='ltr'><strong>augmento</strong></span> <span class='ocrx_word' id='word_1_397' title='bbox 2483 2677 2639 2728; x_wconf 86' lang='lat' dir='ltr'><strong>redu·</strong></span> 
     </span>
     <span class='ocr_line' id='line_1_76' title="bbox 1554 2739 2640 2813; baseline -0.002 -16"><span class='ocrx_word' id='word_1_398' title='bbox 1554 2748 1758 2813; x_wconf 87' lang='lat' dir='ltr'><strong>plicato</strong></span> <span class='ocrx_word' id='word_1_399' title='bbox 1793 2762 1889 2812; x_wconf 87' lang='lat' dir='ltr'><strong>pro</strong></span> <span class='ocrx_word' id='word_1_400' title='bbox 1918 2739 2282 2813; x_wconf 76' lang='grc' dir='ltr'><strong><em>ἐξῃρημένος,</em></strong></span> <span class='ocrx_word' id='word_1_401' title='bbox 2319 2747 2528 2797; x_wconf 84' lang='lat' dir='ltr'><strong>indicat</strong></span> <span class='ocrx_word' id='word_1_402' title='bbox 2562 2746 2640 2795; x_wconf 92' lang='lat' dir='ltr'><strong>lo-</strong></span> 
     </span>
     <span class='ocr_line' id='line_1_77' title="bbox 1555 2817 2640 2881; baseline -0.003 -13"><span class='ocrx_word' id='word_1_403' title='bbox 1555 2833 1678 2868; x_wconf 88' lang='lat' dir='ltr'><strong>cum</strong></span> <span class='ocrx_word' id='word_1_404' title='bbox 1702 2825 1946 2867; x_wconf 69' lang='lat' dir='ltr'><strong>exemeron</strong></span> <span class='ocrx_word' id='word_1_405' title='bbox 1979 2832 2007 2866; x_wconf 87' lang='lat' dir='ltr'><strong>e</strong></span> <span class='ocrx_word' id='word_1_406' title='bbox 2033 2818 2267 2881; x_wconf 73' lang='lat' dir='ltr'><strong>reliquis,</strong></span> <span class='ocrx_word' id='word_1_407' title='bbox 2306 2823 2362 2866; x_wconf 91' lang='lat' dir='ltr'><strong>et</strong></span> <span class='ocrx_word' id='word_1_408' title='bbox 2395 2817 2452 2866; x_wconf 91' lang='lat' dir='ltr'><strong>in</strong></span> <span class='ocrx_word' id='word_1_409' title='bbox 2480 2831 2640 2866; x_wconf 89' lang='lat' dir='ltr'><strong>usum</strong></span> 
     </span>
     <span class='ocr_line' id='line_1_78' title="bbox 1554 2885 2635 2949; baseline -0.001 -12"><span class='ocrx_word' id='word_1_410' title='bbox 1554 2901 1770 2937; x_wconf 87' lang='lat' dir='ltr'><strong>sacrum</strong></span> <span class='ocrx_word' id='word_1_411' title='bbox 1824 2889 2075 2937; x_wconf 74' lang='lat' dir='ltr'><strong>selectum.</strong></span> <span class='ocrx_word' id='word_1_412' title='bbox 2164 2885 2323 2936; x_wconf 77' lang='lat' dir='ltr'><strong>Conf.</strong></span> <span class='ocrx_word' id='word_1_413' title='bbox 2372 2886 2468 2949; x_wconf 92' lang='lat' dir='ltr'><strong>IV,</strong></span> <span class='ocrx_word' id='word_1_414' title='bbox 2514 2886 2635 2937; x_wconf 87' lang='grc'><strong>161.</strong></span> 
     </span>
     <span class='ocr_line' id='line_1_79' title="bbox 1555 2955 2641 3034; baseline -0.001 -28"><span class='ocrx_word' id='word_1_415' title='bbox 1555 2955 1788 3018; x_wconf 77' lang='lat'><strong>11‚168.</strong></span> <span class='ocrx_word' id='word_1_416' title='bbox 1861 2956 1942 3007; x_wconf 80' lang='lat' dir='ltr'><strong>Ac</strong></span> <span class='ocrx_word' id='word_1_417' title='bbox 1978 2955 2233 3034; x_wconf 84' lang='lat' dir='ltr'><strong>frequens</strong></span> <span class='ocrx_word' id='word_1_418' title='bbox 2268 2955 2374 3006; x_wconf 82' lang='lat' dir='ltr'><strong>hac</strong></span> <span class='ocrx_word' id='word_1_419' title='bbox 2415 2956 2641 3006; x_wconf 85' lang='lat' dir='ltr'><strong>notione</strong></span> 
     </span>
     <span class='ocr_line' id='line_1_80' title="bbox 1553 3017 2640 3091; baseline -0.001 -15"><span class='ocrx_word' id='word_1_420' title='bbox 1553 3026 1885 3076; x_wconf 81' lang='lat' dir='ltr'><strong>adiectivum</strong></span> <span class='ocrx_word' id='word_1_421' title='bbox 1909 3017 2206 3088; x_wconf 78' lang='grc' dir='ltr'><strong><em>ἐξαιρετός.</em></strong></span> <span class='ocrx_word' id='word_1_422' title='bbox 2267 3026 2391 3077; x_wconf 86' lang='lat' dir='ltr'><strong>De&#39;</strong></span> <span class='ocrx_word' id='word_1_423' title='bbox 2377 3041 2499 3091; x_wconf 73' lang='lat' dir='ltr'><strong>ipsa</strong></span> <span class='ocrx_word' id='word_1_424' title='bbox 2521 3041 2640 3091; x_wconf 89' lang='lat' dir='ltr'><strong>per-</strong></span> 
     </span>
     <span class='ocr_line' id='line_1_81' title="bbox 1554 3094 2642 3146; baseline 0.002 -2"><span class='ocrx_word' id='word_1_425' title='bbox 1554 3095 1687 3146; x_wconf 83' lang='lat' dir='ltr'><strong>fecti</strong></span> <span class='ocrx_word' id='word_1_426' title='bbox 1734 3096 1908 3146; x_wconf 83' lang='lat' dir='ltr'><strong>forma</strong></span> <span class='ocrx_word' id='word_1_427' title='bbox 1950 3109 2133 3145; x_wconf 89' lang='lat' dir='ltr'><strong>omnes</strong></span> <span class='ocrx_word' id='word_1_428' title='bbox 2177 3094 2519 3146; x_wconf 87' lang='lat' dir='ltr'><strong>Herodoteos</strong></span> <span class='ocrx_word' id='word_1_429' title='bbox 2562 3096 2642 3146; x_wconf 89' lang='lat' dir='ltr'><strong>lo·-</strong></span> 
     </span>
     <span class='ocr_line' id='line_1_82' title="bbox 1556 3164 2570 3230; baseline 0.001 -16"><span class='ocrx_word' id='word_1_430' title='bbox 1556 3180 1650 3214; x_wconf 91' lang='lat' dir='ltr'><strong>cos</strong></span> <span class='ocrx_word' id='word_1_431' title='bbox 1689 3164 1843 3215; x_wconf 88' lang='lat' dir='ltr'><strong>dabit</strong></span> <span class='ocrx_word' id='word_1_432' title='bbox 1875 3165 2109 3215; x_wconf 81' lang='lat' dir='ltr'><strong>Bredov.</strong></span> <span class='ocrx_word' id='word_1_433' title='bbox 2150 3179 2278 3230; x_wconf 86' lang='lat' dir='ltr'><strong>pag.</strong></span> <span class='ocrx_word' id='word_1_434' title='bbox 2314 3165 2418 3218; x_wconf 85' lang='lat'><strong>314</strong></span> <span class='ocrx_word' id='word_1_435' title='bbox 2453 3181 2570 3230; x_wconf 86' lang='lat' dir='ltr'><strong>seq.</strong></span> 
     </span>
    </p>

    <p class='ocr_par' dir='ltr' id='par_1_18' title="bbox 1556 3233 2644 4477">
     <span class='ocr_line' id='line_1_83' title="bbox 1625 3233 2641 3317; baseline 0 -33"><span class='ocrx_word' id='word_1_436' title='bbox 1625 3233 1880 3317; x_wconf 87' lang='lat' dir='ltr'><strong>Neptuno</strong></span> <span class='ocrx_word' id='word_1_437' title='bbox 1937 3234 2064 3283; x_wconf 93' lang='lat' dir='ltr'><strong>huic</strong></span> <span class='ocrx_word' id='word_1_438' title='bbox 2121 3249 2316 3284; x_wconf 86' lang='lat' dir='ltr'><strong>nomen</strong></span> <span class='ocrx_word' id='word_1_439' title='bbox 2366 3238 2451 3285; x_wconf 91' lang='lat' dir='ltr'><strong>est</strong></span> <span class='ocrx_word' id='word_1_440' title='bbox 2497 3236 2641 3284; x_wconf 80' lang='lat' dir='ltr'><strong>Heli-</strong></span> 
     </span>
     <span class='ocr_line' id='line_1_84' title="bbox 1556 3302 2640 3367; baseline -0.001 -14"><span class='ocrx_word' id='word_1_441' title='bbox 1556 3305 1725 3366; x_wconf 76' lang='grc' dir='ltr'><strong><em>οοηίο,</em></strong></span> <span class='ocrx_word' id='word_1_442' title='bbox 1764 3304 1834 3353; x_wconf 90' lang='lat' dir='ltr'><strong>ab</strong></span> <span class='ocrx_word' id='word_1_443' title='bbox 1863 3303 2080 3365; x_wconf 84' lang='lat' dir='ltr'><strong>Helice,</strong></span> <span class='ocrx_word' id='word_1_444' title='bbox 2120 3302 2361 3354; x_wconf 82' lang='lat' dir='ltr'><strong>Achaiae</strong></span> <span class='ocrx_word' id='word_1_445' title='bbox 2395 3304 2546 3367; x_wconf 89' lang='lat' dir='ltr'><strong>urbe,</strong></span> <span class='ocrx_word' id='word_1_446' title='bbox 2583 3304 2640 3352; x_wconf 90' lang='lat' dir='ltr'><strong>in</strong></span> 
     </span>
     <span class='ocr_line' id='line_1_85' title="bbox 1558 3341 2640 3450; baseline -0.003 -27"><span class='ocrx_word' id='word_1_447' title='bbox 1558 3388 1666 3437; x_wconf 90' lang='lat' dir='ltr'><strong>qua</strong></span> <span class='ocrx_word' id='word_1_448' title='bbox 1710 3341 1880 3423; x_wconf 62' lang='lat' dir='ltr'><strong>’Ioues</strong></span> <span class='ocrx_word' id='word_1_449' title='bbox 1937 3372 2064 3422; x_wconf 90' lang='lat' dir='ltr'><strong>olim</strong></span> <span class='ocrx_word' id='word_1_450' title='bbox 2110 3373 2370 3450; x_wconf 86' lang='lat' dir='ltr'><strong>templum</strong></span> <span class='ocrx_word' id='word_1_451' title='bbox 2417 3371 2497 3421; x_wconf 90' lang='lat' dir='ltr'><strong>illi</strong></span> <span class='ocrx_word' id='word_1_452' title='bbox 2551 3387 2640 3420; x_wconf 85' lang='lat' dir='ltr'><strong>ex-</strong></span> 
     </span>
     <span class='ocr_line' id='line_1_86' title="bbox 1556 3431 2638 3507; baseline -0.003 -16"><span class='ocrx_word' id='word_1_453' title='bbox 1556 3446 1897 3502; x_wconf 83' lang='lat' dir='ltr'><strong>struxerant,</strong></span> <span class='ocrx_word' id='word_1_454' title='bbox 1950 3440 2097 3507; x_wconf 88' lang='lat' dir='ltr'><strong>quod</strong></span> <span class='ocrx_word' id='word_1_455' title='bbox 2141 3431 2459 3504; x_wconf 78' lang='grc' dir='ltr'><strong><em>ἁγιώτατον</em></strong></span> <span class='ocrx_word' id='word_1_456' title='bbox 2503 3440 2638 3505; x_wconf 88' lang='lat' dir='ltr'><strong>ipsis</strong></span> 
     </span>
     <span class='ocr_line' id='line_1_87' title="bbox 1556 3478 2642 3573; baseline -0.003 -13"><span class='ocrx_word' id='word_1_457' title='bbox 1556 3510 1729 3561; x_wconf 87' lang='lat' dir='ltr'><strong>fuisse</strong></span> <span class='ocrx_word' id='word_1_458' title='bbox 1746 3478 1916 3560; x_wconf 87' lang='lat' dir='ltr'><strong>tradit</strong></span> <span class='ocrx_word' id='word_1_459' title='bbox 1938 3510 2263 3561; x_wconf 84' lang='lat' dir='ltr'><strong>Pausanias.</strong></span> <span class='ocrx_word' id='word_1_460' title='bbox 2313 3510 2473 3560; x_wconf 89' lang='lat' dir='ltr'><strong>Unde</strong></span> <span class='ocrx_word' id='word_1_461' title='bbox 2493 3512 2642 3573; x_wconf 87' lang='lat' dir='ltr'><strong>post·</strong></span> 
     </span>
     <span class='ocr_line' id='line_1_88' title="bbox 1556 3577 2640 3645; baseline -0.003 -16"><span class='ocrx_word' id='word_1_462' title='bbox 1556 3579 1661 3630; x_wconf 87' lang='lat' dir='ltr'><strong>hac</strong></span> <span class='ocrx_word' id='word_1_463' title='bbox 1693 3578 1877 3645; x_wconf 89' lang='lat' dir='ltr'><strong>pulsi</strong></span> <span class='ocrx_word' id='word_1_464' title='bbox 1864 3595 1919 3628; x_wconf 86' lang='lat' dir='ltr'><strong>m</strong></span> <span class='ocrx_word' id='word_1_465' title='bbox 1943 3578 2182 3628; x_wconf 86' lang='lat' dir='ltr'><strong>Atticam</strong></span> <span class='ocrx_word' id='word_1_466' title='bbox 2208 3594 2276 3628; x_wconf 88' lang='lat' dir='ltr'><strong>ac</strong></span> <span class='ocrx_word' id='word_1_467' title='bbox 2304 3578 2430 3627; x_wconf 86' lang='lat' dir='ltr'><strong>dein</strong></span> <span class='ocrx_word' id='word_1_468' title='bbox 2453 3577 2640 3627; x_wconf 87' lang='lat' dir='ltr'><strong>Asiam</strong></span> 
     </span>
     <span class='ocr_line' id='line_1_89' title="bbox 1558 3646 2641 3712; baseline -0.005 -12"><span class='ocrx_word' id='word_1_469' title='bbox 1558 3647 1872 3700; x_wconf 88' lang='lat' dir='ltr'><strong>colonorum</strong></span> <span class='ocrx_word' id='word_1_470' title='bbox 1907 3662 2056 3698; x_wconf 88' lang='lat' dir='ltr'><strong>more</strong></span> <span class='ocrx_word' id='word_1_471' title='bbox 2095 3646 2251 3698; x_wconf 88' lang='lat' dir='ltr'><strong>deum</strong></span> <span class='ocrx_word' id='word_1_472' title='bbox 2285 3648 2522 3712; x_wconf 87' lang='lat' dir='ltr'><strong>patrium</strong></span> <span class='ocrx_word' id='word_1_473' title='bbox 2557 3662 2641 3696; x_wconf 89' lang='lat' dir='ltr'><strong>se-</strong></span> 
     </span>
     <span class='ocr_line' id='line_1_90' title="bbox 1556 3716 2643 3781; baseline -0.003 -12"><span class='ocrx_word' id='word_1_474' title='bbox 1556 3734 1682 3769; x_wconf 89' lang='lat' dir='ltr'><strong>cum</strong></span> <span class='ocrx_word' id='word_1_475' title='bbox 1697 3717 2032 3769; x_wconf 80' lang='lat' dir='ltr'><strong>advexerunt</strong></span> <span class='ocrx_word' id='word_1_476' title='bbox 2052 3716 2418 3781; x_wconf 89' lang='lat' dir='ltr'><strong>templumque</strong></span> <span class='ocrx_word' id='word_1_477' title='bbox 2440 3717 2489 3765; x_wconf 88' lang='lat' dir='ltr'><strong>ei</strong></span> <span class='ocrx_word' id='word_1_478' title='bbox 2517 3731 2643 3767; x_wconf 88' lang='lat' dir='ltr'><strong>con-</strong></span> 
     </span>
     <span class='ocr_line' id='line_1_91' title="bbox 1560 3786 2644 3851; baseline -0.005 -12"><span class='ocrx_word' id='word_1_479' title='bbox 1560 3788 1839 3851; x_wconf 86' lang='lat' dir='ltr'><strong>diderunt,</strong></span> <span class='ocrx_word' id='word_1_480' title='bbox 1895 3789 2111 3836; x_wconf 88' lang='lat' dir='ltr'><strong>retento</strong></span> <span class='ocrx_word' id='word_1_481' title='bbox 2166 3786 2254 3835; x_wconf 86' lang='lat' dir='ltr'><strong>dei</strong></span> <span class='ocrx_word' id='word_1_482' title='bbox 2298 3786 2528 3851; x_wconf 88' lang='lat' dir='ltr'><strong>antiquo</strong></span> <span class='ocrx_word' id='word_1_483' title='bbox 2579 3799 2644 3834; x_wconf 78' lang='lat' dir='ltr'><strong>ac</strong></span> 
     </span>
     <span class='ocr_line' id='line_1_92' title="bbox 1556 3853 2643 3923; baseline -0.001 -16"><span class='ocrx_word' id='word_1_484' title='bbox 1556 3858 1727 3923; x_wconf 89' lang='lat' dir='ltr'><strong>priori</strong></span> <span class='ocrx_word' id='word_1_485' title='bbox 1790 3855 2128 3923; x_wconf 79' lang='lat' dir='ltr'><strong>cognomine.</strong></span> <span class='ocrx_word' id='word_1_486' title='bbox 2233 3854 2391 3907; x_wconf 82' lang='lat' dir='ltr'><strong>Cous.</strong></span> <span class='ocrx_word' id='word_1_487' title='bbox 2459 3853 2643 3906; x_wconf 78' lang='lat' dir='ltr'><strong>Strab-</strong></span> 
     </span>
     <span class='ocr_line' id='line_1_93' title="bbox 1556 3924 2641 3991; baseline -0.003 -13"><span class='ocrx_word' id='word_1_488' title='bbox 1556 3927 1717 3978; x_wconf 91' lang='lat' dir='ltr'>VIII.</span> <span class='ocrx_word' id='word_1_489' title='bbox 1756 3942 1808 3991; x_wconf 91' lang='lat' dir='ltr'><strong>p.</strong></span> <span class='ocrx_word' id='word_1_490' title='bbox 1848 3926 1950 3977; x_wconf 83' lang='grc'><strong>589</strong></span> <span class='ocrx_word' id='word_1_491' title='bbox 1977 3940 2020 3975; x_wconf 90' lang='lat' dir='ltr'><strong>s.</strong></span> <span class='ocrx_word' id='word_1_492' title='bbox 2058 3940 2114 3989; x_wconf 89' lang='lat' dir='ltr'><strong>p.</strong></span> <span class='ocrx_word' id='word_1_493' title='bbox 2154 3925 2256 3977; x_wconf 79' lang='lat'><strong>384</strong></span> <span class='ocrx_word' id='word_1_494' title='bbox 2284 3924 2370 3976; x_wconf 90' lang='lat' dir='ltr'><strong>ed.</strong></span> <span class='ocrx_word' id='word_1_495' title='bbox 2404 3924 2641 3976; x_wconf 86' lang='lat' dir='ltr'><strong>Casaub.</strong></span> 
     </span>
     <span class='ocr_line' id='line_1_94' title="bbox 1560 3993 2642 4060; baseline -0.003 -13"><span class='ocrx_word' id='word_1_496' title='bbox 1560 4000 1615 4047; x_wconf 92' lang='lat' dir='ltr'><strong>et</strong></span> <span class='ocrx_word' id='word_1_497' title='bbox 1639 3999 1877 4047; x_wconf 87' lang='lat' dir='ltr'><strong>Pausan.</strong></span> <span class='ocrx_word' id='word_1_498' title='bbox 1901 3993 2026 4056; x_wconf 87' lang='lat' dir='ltr'><strong>VH,</strong></span> <span class='ocrx_word' id='word_1_499' title='bbox 2055 3995 2142 4045; x_wconf 83' lang='lat'><strong>24.</strong></span> <span class='ocrx_word' id='word_1_500' title='bbox 2181 3996 2230 4057; x_wconf 89' lang='lat'><strong>5.</strong></span> <span class='ocrx_word' id='word_1_501' title='bbox 2265 3996 2319 4045; x_wconf 90' lang='grc'><strong>4.</strong></span> <span class='ocrx_word' id='word_1_502' title='bbox 2381 3995 2462 4045; x_wconf 82' lang='lat' dir='ltr'><strong>Ac</strong></span> <span class='ocrx_word' id='word_1_503' title='bbox 2484 4008 2642 4060; x_wconf 90' lang='lat' dir='ltr'><strong>prae-</strong></span> 
     </span>
     <span class='ocr_line' id='line_1_95' title="bbox 1559 4063 2644 4129; baseline -0.004 -13"><span class='ocrx_word' id='word_1_504' title='bbox 1559 4071 1642 4117; x_wconf 90' lang='lat' dir='ltr'><strong>ter</strong></span> <span class='ocrx_word' id='word_1_505' title='bbox 1688 4066 1998 4129; x_wconf 86' lang='lat' dir='ltr'><strong>Neptunum</strong></span> <span class='ocrx_word' id='word_1_506' title='bbox 2043 4063 2245 4114; x_wconf 88' lang='lat' dir='ltr'><strong>mentio</strong></span> <span class='ocrx_word' id='word_1_507' title='bbox 2293 4063 2355 4114; x_wconf 89' lang='lat' dir='ltr'><strong>fit</strong></span> <span class='ocrx_word' id='word_1_508' title='bbox 2388 4064 2644 4127; x_wconf 74' lang='lat' dir='ltr'><strong>Apollim‘e</strong></span> 
     </span>
     <span class='ocr_line' id='line_1_96' title="bbox 1559 4134 2642 4199; baseline -0.004 -15"><span class='ocrx_word' id='word_1_509' title='bbox 1559 4136 1818 4198; x_wconf 76' lang='lat' dir='ltr'><strong>Panionii,</strong></span> <span class='ocrx_word' id='word_1_510' title='bbox 1867 4135 1934 4185; x_wconf 84' lang='lat' dir='ltr'><strong>de</strong></span> <span class='ocrx_word' id='word_1_511' title='bbox 1969 4149 2074 4199; x_wconf 86' lang='lat' dir='ltr'><strong>quo</strong></span> <span class='ocrx_word' id='word_1_512' title='bbox 2117 4138 2300 4183; x_wconf 83' lang='lat' dir='ltr'><strong>tamen</strong></span> <span class='ocrx_word' id='word_1_513' title='bbox 2335 4134 2495 4199; x_wconf 89' lang='lat' dir='ltr'><strong>plura</strong></span> <span class='ocrx_word' id='word_1_514' title='bbox 2534 4147 2642 4182; x_wconf 90' lang='lat' dir='ltr'><strong>non</strong></span> 
     </span>
     <span class='ocr_line' id='line_1_97' title="bbox 1559 4202 2639 4255; baseline -0.005 0"><span class='ocrx_word' id='word_1_515' title='bbox 1559 4208 1833 4255; x_wconf 86' lang='lat' dir='ltr'><strong>constant.</strong></span> <span class='ocrx_word' id='word_1_516' title='bbox 1889 4204 1974 4254; x_wconf 80' lang='lat' dir='ltr'><strong>cf.</strong></span> <span class='ocrx_word' id='word_1_517' title='bbox 2002 4202 2313 4253; x_wconf 84' lang='lat' dir='ltr'><strong>Schneider.</strong></span> <span class='ocrx_word' id='word_1_518' title='bbox 2335 4204 2407 4253; x_wconf 85' lang='lat' dir='ltr'><strong>ad</strong></span> <span class='ocrx_word' id='word_1_519' title='bbox 2425 4204 2639 4253; x_wconf 80' lang='lat' dir='ltr'><strong>Vitruv.</strong></span> 
     </span>
     <span class='ocr_line' id='line_1_98' title="bbox 1561 4268 2643 4336; baseline -0.005 -12"><span class='ocrx_word' id='word_1_520' title='bbox 1561 4274 1628 4324; x_wconf 89' lang='lat' dir='ltr'><strong>de</strong></span> <span class='ocrx_word' id='word_1_521' title='bbox 1676 4273 1958 4324; x_wconf 88' lang='lat' dir='ltr'><strong>architect.</strong></span> <span class='ocrx_word' id='word_1_522' title='bbox 2005 4272 2101 4335; x_wconf 91' lang='lat' dir='ltr'><strong>IV,</strong></span> <span class='ocrx_word' id='word_1_523' title='bbox 2140 4274 2190 4323; x_wconf 94' lang='lat'><strong>1.</strong></span> <span class='ocrx_word' id='word_1_524' title='bbox 2239 4275 2289 4334; x_wconf 89' lang='lat'><strong>5.</strong></span> <span class='ocrx_word' id='word_1_525' title='bbox 2329 4273 2360 4322; x_wconf 89' lang='lat'>5</span> <span class='ocrx_word' id='word_1_526' title='bbox 2407 4269 2488 4336; x_wconf 87' lang='lat' dir='ltr'><strong>(p.</strong></span> <span class='ocrx_word' id='word_1_527' title='bbox 2538 4268 2643 4320; x_wconf 82' lang='lat'><strong>230</strong></span> 
     </span>
     <span class='ocr_line' id='line_1_99' title="bbox 1561 4347 1821 4407; baseline -0.004 -14"><span class='ocrx_word' id='word_1_528' title='bbox 1561 4347 1821 4407; x_wconf 82' lang='lat' dir='ltr'><strong>annott.).</strong></span> 
     </span>
     <span class='ocr_line' id='line_1_100' title="bbox 1563 4405 2398 4477; baseline -0.005 -17"><span class='ocrx_word' id='word_1_529' title='bbox 1563 4410 1673 4477; x_wconf 79' lang='lat' dir='ltr'><strong>leg.</strong></span> <span class='ocrx_word' id='word_1_530' title='bbox 1704 4411 1750 4462; x_wconf 91' lang='grc' dir='ltr'><strong>Ι.</strong></span> <span class='ocrx_word' id='word_1_531' title='bbox 1790 4425 1918 4475; x_wconf 75' lang='lat' dir='ltr'><strong>pag.</strong></span> <span class='ocrx_word' id='word_1_532' title='bbox 1951 4408 2056 4460; x_wconf 80' lang='lat'><strong>357</strong></span> <span class='ocrx_word' id='word_1_533' title='bbox 2094 4422 2245 4473; x_wconf 89' lang='lat' dir='ltr'><strong>seqq.</strong></span> <span class='ocrx_word' id='word_1_534' title='bbox 2337 4405 2398 4463; x_wconf 68' lang='grc' dir='ltr'>Ο</span> 
     </span>
    </p>
   </div>
   <div class='ocr_carea' id='block_1_18' title="bbox 1891 4337 2736 4404">
    <p class='ocr_par' dir='ltr' id='par_1_19' title="bbox 1891 4337 2736 4404">
     <span class='ocr_line' id='line_1_101' title="bbox 1891 4337 2736 4404; baseline -0.008 -11"><span class='ocrx_word' id='word_1_535' title='bbox 1891 4339 2124 4393; x_wconf 84' lang='lat' dir='ltr'><strong>Preller:</strong></span> <span class='ocrx_word' id='word_1_536' title='bbox 2175 4340 2393 4391; x_wconf 84' lang='lat' dir='ltr'><strong>Griech.</strong></span> <span class='ocrx_word' id='word_1_537' title='bbox 2430 4337 2645 4404; x_wconf 79' lang='lat' dir='ltr'><strong>Mytho·</strong></span> <span class='ocrx_word' id='word_1_538' title='bbox 2730 4395 2736 4401; x_wconf 36' lang='lat'><strong>,</strong></span> 
     </span>
    </p>
   </div>
  </div>
 </body>
</html>
