3109 5092
496 323 571 384 18
1094 312 1104 323 ’
1358 315 1900 377 HERODOTI

493 492 870 583 νομάζουσι,
896 491 1225 579 τύραννος
1243 496 1602 580 Σαρδίων,
1630 484 1960 574 ἀπόγονος
1987 483 2061 552 δὲ
2085 480 2397 553 Ἀλκαίου
2423 487 2546 552 τοῦ
2566 478 2769 570 Ἡρα-

494 601 703 677 κλέος.
770 595 1040 686 ’Ἁγρων
1076 595 1201 683 μὲν
1250 591 1379 683 γὰρ
1421 588 1458 662 ὃ
1494 598 1755 676 Νίνου,
1805 594 1927 658 τοῦ
1956 586 2216 676 Βήλου,
2275 590 2398 653 τοῦ
2437 585 2772 671 Ἀλκαίου,

493 764 686 829 scripsi
697 778 817 813 cum
831 761 1132 826 Schweigh.
1141 799 1155 824 ‚
1167 761 1342 811 Gaisf.
1351 800 1364 824 ‚
1378 759 1577 811 Matth.

492 840 547 885 et
599 832 866 897 Gottling.
915 831 1113 896 (Lehre
1160 847 1215 882 ν.
1269 832 1478 882 Accent
1522 845 1577 894 p.

496 905 595 955 184
636 904 796 969 seq.).
858 902 942 952 Of.
984 901 1181 951 Athen.
1229 902 1297 951 X.
1356 919 1408 966 p.
1453 898 1578 951 430.

490 972 851 1023 Dion.Halic.
888 971 955 1021 de
987 986 1226 1035 compos.
1256 971 1444 1024 verbb.
1473 970 1580 1019 111.

491 1060 543 1109 p.
572 1041 641 1093 36
663 1042 879 1092 Schaef.
920 1041 1044 1091 coll.
1070 1040 1259 1090 Plehn.
1293 1040 1579 1090 Lesbiaco.

492 1130 546 1178 p.
595 1112 697 1163 205
748 1127 829 1176 sq.
881 1116 936 1160 et
989 1111 1055 1160 de
1104 1125 1163 1159 re
1207 1110 1350 1160 Plin.
1398 1110 1469 1159 H.
1510 1109 1579 1159 N.

490 1181 711 1243 XXXV,
760 1182 811 1231 8.
861 1185 942 1229 Ac
989 1180 1319 1249 Graecorum
1363 1192 1580 1244 quoque

492 1250 691 1301 fabulis
732 1249 891 1299 valde
930 1249 1235 1299 celebratus
1284 1247 1582 1312 Μυρτίλος

493 1318 655 1384 (male
689 1317 985 1380 Μυρτῑλος
1004 1323 1100 1367 aut
1122 1308 1458 1382 Μύρτιλος),
1488 1317 1581 1381 qui

491 1389 682 1453 Pelopi
720 1389 777 1436 in
814 1388 1109 1437 certamine
1146 1403 1267 1437 cum
1302 1386 1581 1437 Oenomao

493 1474 650 1522 opem
701 1456 893 1506 tulisse
948 1457 1145 1520 fertur,
1204 1457 1271 1506 de
1332 1472 1439 1521 quo
1482 1456 1578 1506 Gr.

490 1527 680 1577 laudat
718 1525 934 1576 Nitsch.
978 1527 1111 1576 Lex.
1162 1525 1387 1591 mythol.
1437 1542 1483 1575 s.
1521 1541 1577 1575 v,

492 1598 565 1647 11.
594 1613 648 1661 p.
671 1594 774 1646 293
795 1612 879 1661 sq.
915 1595 998 1645 ed.
1038 1594 1284 1659 Klopfer.
1311 1601 1366 1646 et
1400 1593 1582 1647 Schol.

490 1666 671 1730 Apoll.
706 1665 883 1715 Rhod.
924 1665 994 1715 ad
1020 1666 1065 1727 1,
1106 1667 1225 1715 752.
1265 1656 1296 1714 ὁ
1333 1658 1396 1714 δὲ
1415 1664 1584 1729 Μυρ-

489 1735 643 1793 τίλος
670 1725 881 1798 Ἑρμοῦ
916 1726 1043 1791 υἱὸς
1078 1723 1138 1782 ἐκ
1172 1732 1307 1798 μιᾶς
1330 1732 1445 1784 τῶν
1467 1735 1584 1783 Δα-

491 1801 637 1854 ναοῦ
670 1801 980 1868 θυγατρῶν
1015 1796 1386 1867 Φαεθούσης,
1423 1797 1483 1853 οἷ
1518 1795 1584 1852 δὲ

492 1865 550 1924 ἐκ
590 1869 914 1937 Κλυμένης,
963 1866 1022 1922 οἷ
1069 1865 1131 1921 δὲ
1178 1864 1239 1922 ἐκ
1284 1870 1583 1939 Μυρτοῦς,

489 1939 622 2009 μιᾶς
654 1941 770 1990 τῶν
811 1933 1140 2006 Ἀμαζόνων.
1179 1943 1320 1992 Nam
1355 1944 1584 1993 Amazo-

489 2027 618 2061 num
664 2025 878 2076 quoque
922 2012 1161 2075 vestigia
1206 2013 1477 2076 quaedam
1524 2013 1582 2061 in

490 2080 767 2144 Lydorum
794 2082 954 2129 rebus
992 2081 1252 2143 inveniri,
1290 2083 1454 2148 inque
1486 2097 1583 2131 nu-

490 2151 593 2199 mis
649 2147 783 2198 adeo
849 2164 1111 2214 apparere
1166 2150 1310 2200 idem
1373 2153 1588 2201 monuit

490 2220 763 2282 Fragmm.
808 2217 962 2268 histt.
1018 2233 1073 2282 p.
1129 2220 1250 2269 202.
1315 2220 1586 2285 Myr-situm

493 2303 670 2337 rerum
694 2287 1084 2337 Lesbiacarum
1117 2289 1438 2353 scriptorem
1459 2305 1584 2355 pro-

496 2357 603 2406 fert
638 2355 828 2407 Plehn.
868 2357 906 2408 l.
943 2356 981 2405 l.

550 2415 800 2490 Ἀγρων
845 2419 949 2490 μὲν
993 2418 1098 2490 γὰρ
1144 2415 1174 2475 ὁ
1221 2423 1444 2488 Νίνου,
1481 2423 1588 2475 τοῦ

496 2487 698 2558 Βήλου,
739 2492 844 2544 τοῦ
884 2486 1157 2559 Ἀλκαίου,
1196 2491 1422 2559 πρῶτος
1457 2511 1508 2545 κ.
1535 2510 1584 2544 t.

493 2562 565 2629 λ.]
612 2564 695 2613 De
732 2564 1008 2629 Lydorum
1051 2580 1218 2629 reguo
1257 2564 1588 2630 regibusque

493 2633 703 2684 consul.
746 2634 912 2685 Beck.
974 2632 1204 2699 Allgem.
1250 2634 1584 2700 Weltgesch.

492 2703 539 2752 1.
566 2719 617 2767 p.
647 2702 750 2753 309
782 2720 933 2770 seqq.
971 2708 1026 2754 et
1059 2720 1199 2769 quae
1220 2704 1384 2754 habet
1412 2705 1589 2755 Lanzi

494 2787 528 2821 a
585 2774 671 2822 Cr.
731 2773 933 2823 allatus
990 2775 1047 2822 in
1108 2774 1275 2837 Sagg.
1341 2773 1395 2822 di
1450 2775 1583 2840 ling.

492 2844 712 2891 Etrusc.
748 2843 822 2892 ΙΙ.
860 2860 915 2908 p.
955 2844 1022 2892 42
1073 2842 1197 2893 6011.
1246 2842 1315 2892 82
1351 2841 1434 2893 ed.
1472 2861 1582 2893 sec.

493 2909 557 2958 In
616 2910 851 2960 lectione
900 2902 1112 2974 ’Ἄγρων
1181 2912 1586 2962 subsistendum

493 2978 760 3041 duximus,
798 2984 859 3028 ut
893 2979 1094 3029 dudum
1132 2980 1415 3044 placuerat
1432 2983 1587 3031 Wes-

495 3045 726 3111 selingio
786 3047 853 3096 de
903 3047 1005 3097 hac
1059 3048 1382 3114 genealogia
1424 3065 1586 3115 quae-

493 3114 617 3165 dam
666 3117 899 3166 notanti.
967 3118 1228 3168 Niebuhr.
1287 3124 1468 3169 autem
1527 3122 1585 3170 in

492 3186 789 3249 scriptione
841 3200 1004 3250 snper
1066 3188 1270 3239 Euseb.
1326 3188 1578 3239 Chronic.

493 3254 711 3303 Armen.
771 3254 1155 3307 Commentatt.
1225 3258 1415 3308 societ.
1463 3274 1582 3325 reg.

494 3322 671 3373 Berol.
720 3340 845 3378 ann.
897 3324 1032 3376 1820
1079 3330 1133 3375 et
1196 3327 1326 3378 1821
1378 3329 1588 3379 inserta

493 3408 617 3458 pag.
646 3394 714 3443 48
736 3410 818 3459 sq.
853 3410 917 3443 ex
943 3393 1093 3444 hisce
1120 3395 1455 3460 genealogiis
1481 3397 1586 3449 hoc

491 3461 677 3527 colligi
709 3465 845 3525 vult,
875 3464 1015 3514 hanc
1050 3465 1276 3530 stirpem
1309 3465 1587 3531 Lydorum

491 3533 699 3596 regiam
749 3535 863 3584 sive
915 3534 1223 3599 dynastiam
1261 3553 1325 3585 ex
1360 3537 1589 3601 Assyria

495 3616 615 3650 cum
655 3604 887 3653 maxime
921 3606 1273 3669 repetendam
1319 3621 1441 3657 esse
1486 3606 1582 3672 (cf.

493 3674 632 3720 nott.
693 3673 762 3721 ad
814 3672 858 3734 1,
922 3677 957 3724 4
1002 3673 1140 3739 fin.),
1182 3692 1303 3726 cum
1357 3676 1452 3726 alii
1498 3692 1582 3740 ee,

495 3739 639 3802 quod
659 3741 948 3791 Herculem
974 3743 1207 3794 abavum
1232 3745 1431 3796 habeat
1447 3746 1586 3796 haec

495 3807 680 3870 stirps,
719 3810 983 3859 Graecam
1012 3812 1182 3863 fuisse
1207 3814 1465 3879 ipsosque
1477 3817 1584 3879 Ly·

495 3874 592 3924 dos
632 3876 759 3926 inde
782 3892 880 3940 pro
905 3877 1129 3929 Graecis
1152 3881 1428 3933 habendos
1463 3900 1586 3933 esse

494 3948 758 3995 statuant.
783 3946 980 3996 Parum
1002 3954 1150 3998 recte
1166 3951 1400 4014 quidem.
1423 3954 1584 4001 Nam-

495 4029 600 4078 que
636 4014 707 4065 ad
752 4015 1035 4080 Assyriam
1075 4016 1218 4068 hane
1267 4020 1583 4070 Heraclida-

493 4087 1585 4220 {32¹¹Z.¹'¹.{’1{?‡¹.13¹I¹¹{203¹t¹1;.⁸2.{‘’'1‘¹1,¹.⁸.‘30⁶0'

493 4222 816 4286 genealog-ia
833 4223 1126 4274 manifesto
1150 4223 1374 4288 indicat,
1398 4242 1583 4291 quam-

492 4292 580 4339 vis
616 4290 705 4341 hic
743 4291 855 4342 illic
891 4294 1155 4343 Graecum
1191 4295 1460 4359 quendam
1495 4313 1584 4347 6ο-

489 4360 661 4409 lorem
708 4361 998 4412 induxerit.
1051 4364 1331 4427 Hercules,
1372 4366 1467 4431 qui
1502 4381 1582 4418 re-

1683 759 1807 824 giae
1843 755 2030 822 stirpis
2063 758 2253 804 auctor
2287 748 2476 815 fertur,
2507 768 2615 803 non
2634 752 2775 802 alius

1684 832 1768 878 est
1814 832 1981 891 atque
2026 823 2291 875 Hercules
2349 823 2443 873 ille
2493 823 2774 888 Assyrius,

1684 898 1777 962 qui
1824 896 2035 946 Sandan
2083 898 2339 954 vocatur,
2389 892 2532 943 Solis
2575 908 2776 942 numen

1685 969 1911 1032 eiusque
1946 965 2058 1014 vim
2103 969 2158 1013 et
2212 962 2433 1012 effectus
2470 963 2526 1010 in
2565 977 2776 1011 omnem

1685 1051 1861 1086 rerum
1926 1040 2176 1084 naturam
2251 1030 2534 1082 declarans
2605 1047 2777 1096 eoque

1685 1107 1805 1171 ipso
1843 1105 1914 1154 ad
1961 1104 2158 1156 Graeci
2199 1100 2454 1152 Herculis
2503 1100 2777 1166 significa-

1684 1177 1891 1225 tionem
1925 1174 2170 1239 proxime
2214 1170 2497 1222 accedens.
2551 1171 2636 1220 De
2670 1171 2776 1220 hoc

1685 1246 1813 1307 deo,
1873 1259 2030 1309 quem
2081 1243 2138 1292 in
2186 1242 2532 1306 Assyriorum
2591 1256 2776 1291 monu-

1684 1314 1883 1365 mentis
1938 1328 2110 1378 nuper
2167 1310 2396 1361 detectis
2453 1309 2600 1359 haud
2651 1325 2775 1359 raro

1682 1387 2152 1449 repraesentatum
2197 1381 2474 1442 videmus,
2515 1380 2652 1430 satis
2690 1396 2776 1430 co-

1684 1455 1838 1520 piose
1859 1452 2048 1505 retulit
2067 1450 2519 1503 RaoulRochette
2540 1449 2599 1498 in
2615 1450 2776 1500 Jour-

1683 1524 1776 1574 nal
1815 1523 1866 1574 d.
1907 1523 2036 1574 SaV.
2062 1520 2216 1573 1850.
2245 1537 2301 1585 p.
2323 1520 2428 1570 213
2465 1523 2520 1569 et
2550 1519 2606 1567 in
2636 1534 2777 1569 com-

1686 1593 2038 1655 mentatione,
2065 1604 2206 1657 quae
2235 1590 2578 1640 inscribitur:
2611 1586 2776 1638 Mem.

1687 1679 1781 1713 sur
1811 1662 2086 1712 l'Hercule
2123 1661 2372 1725 assyrien
2404 1665 2458 1709 et
2490 1656 2780 1724 phenicien

1688 1730 2004 1783 consideres
2043 1731 2177 1780 dans
2225 1745 2312 1779 ses
2358 1733 2611 1794 rapports
2646 1743 2780 1777 avec

1687 1801 1963 1852 l’Hercule
1986 1816 2114 1866 gree
2138 1805 2244 1849 ete.
2271 1797 2458 1863 (Mem.
2474 1799 2542 1847 de
2568 1797 2776 1847 l'Acad.

1688 1872 1783 1921 des
1822 1872 2105 1936 Inscriptt.
2137 1871 2203 1919 Τ.
2232 1869 2409 1931 XVII,
2441 1871 2513 1929 2.,
2536 1868 2631 1918 ubi
2654 1867 2780 1917 vide

1687 1942 1932 2006 inprimis
1969 1956 2021 2004 p.
2063 1939 2166 1991 206
2183 1938 2385 2003 seqq.).
2421 1940 2582 1987 Hunc
2602 1937 2781 2001 sequi-

1687 2017 1776 2061 tur
1812 2009 2054 2074 Hupfeld
2087 2009 2356 2059 Exercitt.
2376 2007 2618 2058 Herodd.
2647 2008 2780 2071 Spe-

1687 2081 1814 2130 cim.
1854 2080 1960 2131 111.
1989 2096 2044 2145 p.
2085 2080 2120 2128 5
2155 2094 2308 2143 seqq.
2336 2077 2400 2129 37
2433 2092 2617 2141 seqq.;
2647 2092 2781 2126 non-

1687 2148 1836 2199 nulla
1896 2150 2013 2214 ipse
2076 2148 2262 2198 addidi
2315 2149 2401 2196 in:
2455 2146 2686 2198 Jahrbb.
2736 2146 2777 2196 f.

1687 2218 1882 2269 Philol.
1937 2235 1993 2268 u.
2042 2218 2283 2281 Paedag.
2334 2216 2531 2267 LXIV.
2577 2232 2630 2281 p.
2678 2217 2776 2264 147

1688 2303 1803 2352 seq.
1841 2283 2083 2349 Αἰοὰειιε,
2111 2288 2204 2351 qui
2223 2285 2476 2336 Herculis
2501 2285 2644 2335 filius
2663 2301 2781 2350 per-

1687 2356 1924 2417 hibetur,
1959 2357 2028 2406 ad
2056 2358 2267 2407 Graeca
2291 2370 2392 2406 uos
2431 2355 2633 2407 reiicit:
2668 2361 2778 2405 ete-

1689 2426 1801 2475 nim
1861 2427 1968 2489 ipsi
2029 2425 2252 2475 Herculi
2317 2424 2610 2475 Alcmenae
2668 2424 2780 2474 filio

1687 2495 1937 2560 primitus
1987 2496 2170 2545 Alcaei
2210 2509 2408 2545 nomeu
2452 2496 2626 2545 fuisse
2670 2500 2781 2544 tra·

1690 2564 1852 2626 dunt;
1892 2564 2003 2615 vid.
2042 2564 2206 2615 Diod.
2246 2564 2355 2615 Sic.
2394 2565 2440 2625 Ι,
2489 2567 2558 2615 24
2592 2564 2776 2629 ibique

1689 2633 2015 2700 wesseling.
2068 2634 2244 2696 Belus,
2280 2634 2428 2697 quod
2462 2634 2657 2683 summi
2693 2633 2782 2683 dei

1691 2704 1885 2755 solaris
1944 2719 2142 2754 nomen
2192 2718 2312 2753 esse
2369 2708 2589 2753 constat
2643 2703 2777 2767 (vid.

1691 2773 1761 2824 ad
1795 2775 1841 2835 1,
1884 2774 2025 2840 181),
2076 2772 2221 2838 apud
2269 2773 2519 2823 Servium
2557 2773 2628 2823 ad
2663 2774 2782 2823 Vir-

1689 2843 1785 2909 gil.
1831 2845 1968 2894 Aen.
2023 2843 2070 2905 1,
2127 2841 2231 2894 729
2282 2842 2485 2906 primus
2531 2843 2781 2906 Assyrio-

1689 2928 1807 2963 rum
1843 2928 1938 2963 rex
1975 2912 2192 2963 dicitur.
2232 2911 2412 2975 Ninus,
2433 2913 2780 2976 Assyriorum

1689 2983 1804 3032 sive
1846 2982 1979 3033 deus
2018 2982 2136 3031 sive
2181 2997 2303 3043 rex,
2354 2982 2490 3031 satis
2529 2983 2780 3046 cognitus

1689 3056 1773 3100 est
1811 3067 1876 3100 ex
1912 3051 2154 3101 Diodoro
2191 3050 2267 3113 Π,
2305 3051 2329 3100 1
2372 3065 2523 3116 seqq.
2564 3051 2652 3101 vel
2687 3067 2781 3115 po-

1689 3121 1801 3169 tius
1838 3137 1867 3169 e
1903 3120 2109 3183 Ctesia,
2148 3121 2302 3170 cuius
2353 3119 2465 3171 vid.
2503 3121 2777 3186 Fragmm.

1686 3206 1739 3254 p.
1803 3189 1907 3241 389
1958 3206 2109 3255 seqq.
2170 3190 2369 3254 A9r0n‚
2430 3191 2522 3254 qui
2574 3192 2778 3255 primus

1686 3259 2101 3309 Heraclidamm
2123 3259 2386 3309 Sardibus
2421 3274 2679 3325 regnasse
2704 3261 2782 3309 di-

1688 3328 1859 3390 citur,
1910 3329 1959 3378 si
2014 3344 2048 3378 a
2096 3329 2308 3380 Graeca
2362 3329 2533 3393 stirpe
2586 3320 2779 3395 (ἄγρα)
2823 3324 2838 3337 ”

1687 3413 1885 3447 116111611
1945 3404 2189 3463 repetas,
2252 3404 2463 3448 venator
2520 3398 2781 3448 dicendus

1690 3468 1812 3529 erit,
1842 3467 2018 3532 qualis
2054 3466 2146 3517 ille
2176 3467 2388 3518 Nimrod
2419 3482 2612 3518 sacrae
2646 3471 2780 3519 scri-

1688 3541 1901 3601 pturae.
1968 3538 2122 3599 Quae
2158 3552 2281 3586 cum
2316 3537 2396 3585 its.
2448 3538 2585 3600 sint,
2640 3539 2780 3588 satis

1687 3611 1878 3670 patere
1935 3606 2337 3668 existimamus,
2383 3606 2524 3657 hanc
2570 3609 2778 3673 regiam

1688 3674 1964 3739 Lydorum
1998 3677 2240 3740 stirpem,
2279 3690 2419 3740 quae
2457 3677 2526 3727 ab
2541 3677 2780 3727 Hercule

1688 3760 1860 3808 genus
1899 3744 2096 3795 ducere
2131 3746 2331 3807 fertur,
2381 3745 2452 3794 ad
2495 3746 2780 3811 Assyriam

1686 3814 1988 3877 pertinere,
2038 3814 2203 3879 idque
2257 3815 2436 3878 ipsum
2486 3815 2776 3865 admodum

1687 3881 1870 3933 valere
1908 3882 1978 3932 ad
2014 3884 2450 3933 coniunctionem
2498 3883 2649 3935 illam
2687 3885 2777 3934 de-

1687 3951 2020 4015 clarandam,
2059 3968 2199 4017 quae
2231 3952 2360 4002 olim
2404 3953 2572 4004 Asiae
2607 3955 2776 4004 mino-

1686 4022 1762 4070 ris
1798 4022 1990 4071 ineolis
2026 4038 2146 4072 611111
2203 4022 2325 4087 ipss
2356 4022 2492 4072 Asia
2529 4023 2778 4073 interiori

1688 4091 1912 4156 eiusque
1949 4092 2167 4156 reg-ibus
2186 4092 2426 4156 Assyriis
2461 4092 2778 4143 intercesse-

1686 4160 1775 4222 rit,
1814 4175 2041 4224 quorum
2066 4162 2369 4225 potentiam
2404 4176 2577 4225 aeque
2612 4169 2780 4227 atque

1685 4243 1844 4279 sacra
1904 4230 1974 4279 ad
2026 4231 2214 4280 Asiam
2281 4231 2540 4280 minorem
2607 4248 2780 4297 usque

1684 4300 2015 4362 pertinuisse
2050 4299 2310 4349 credibile
2347 4305 2459 4360 est;
2500 4303 2646 4353 conf.
2691 4317 2779 4351 su-

1684 4383 1784 4430 pra
1819 4367 1865 4430 Ι,
1903 4370 1937 4417 4
1972 4368 2156 4433 ibique
2191 4373 2334 4419 nott.
2373 4371 2621 4420 Movers:
2672 4372 2782 4421 Die
