3109 5092
1160 347 1655 410 EUTERPE.
1701 350 1787 409 II.
1833 358 1922 412 44.

2557 351 2677 414 531

315 529 418 582 125
435 551 594 605 κτας
647 525 964 612 μέγαθος.
1046 526 1113 604 ἐς
1171 521 1413 609 λόγους
1467 522 1544 592 δὲ
1587 520 1814 592 ἐλθὼν
1860 537 2030 592 τοῖσι
2082 528 2299 613 ίρεῦσι
2350 529 2471 594 τοῦ
2508 533 2683 595 θεοῦ

400 625 710 717 εἰρόμην,
779 621 1013 707 ὁκόσος
1075 626 1313 715 χρόνος
1379 637 1519 714 εἴη,
1588 629 1655 708 ἐξ
1714 615 1798 695 οὗ
1856 647 1978 714 σφι
2032 624 2107 695 τὸ
2167 625 2316 715 ἱρὸν
2381 632 2676 718 ἵδρυται.

398 721 604 820 εὗρον
630 731 705 799 δὲ
734 726 897 799 οὐδὲ
936 729 1215 810 τούτους
1255 747 1427 799 τοῖσι
1440 726 1715 816 ‘'El-»inm
1751 732 2326 818 συμφερομένους.
2415 737 2679 819 ἔφασαν

398 831 530 923 γὰρ
576 830 712 922 ἅμα
769 831 965 928 Τύρῳ
1002 836 1379 921 οἰκιζομένῃ
1425 834 1537 902 καὶ
1579 830 1653 901 τὸ
1699 830 1851 921 ἱρὸν
1890 836 2011 900 τοῦ
2052 838 2224 901 θεοῦ
2265 837 2675 922 ἱδρυθῆναι·

405 938 581 1008 εἶναι
609 937 686 1007 δὲ
715 943 897 1023 ἔτεα,
940 933 1062 1024 ἀφ’
1094 927 1176 1006 οὗ
1219 935 1438 1025 Τύρον
1467 938 1803 1021 οἰκέουσι,
1839 935 2188 1024 τριηκόσια
2222 937 2335 1005 καὶ
2365 941 2675 1024 δισχίλια.

405 1151 524 1217 cro,
575 1136 720 1201 quod
764 1135 820 1185 in
861 1136 1042 1200 capite
1082 1135 1188 1186 fert
1233 1136 1488 1201 lapidem,

404 1207 491 1255 cui
511 1221 705 1255 nomen
729 1199 940 1268 λυχνὶς,
965 1204 1108 1255 unde
1128 1211 1293 1256 noctu
1316 1204 1491 1270 splen-

402 1275 500 1324 dor
537 1275 737 1324 multus
774 1273 1034 1338 refulget,
1072 1279 1134 1324 ut
1168 1279 1429 1340 tanquam
1456 1291 1490 1324 a

399 1343 635 1393 lucernis
673 1343 837 1394 aedes
873 1348 994 1393 tota
1020 1343 1286 1400 reluceat;
1325 1345 1490 1394 inter-

401 1413 494 1462 diu
531 1414 683 1463 addit
704 1413 981 1463 Lucianus
1018 1413 1360 1496 splendorem
1391 1414 1488 1463 im-

401 1482 729 1532 becilliorem
752 1497 890 1545 esse,
911 1481 1007 1532 sed
1031 1484 1266 1547 speciem
1289 1483 1487 1532 habere

399 1551 561 1634 valde
599 1553 833 1633 igneam.
873 1579 932 1589 —-
987 1553 1145 1614 Quod
1179 1553 1237 1601 in
1273 1552 1380 1602 fine
1414 1552 1487 1602 1ο-

399 1627 547 1686 gitur
580 1620 836 1684 μεγαθος
884 1622 932 1671 si
966 1637 1062 1685 pro
1100 1613 1349 1686 μεγαλως
1392 1622 1487 1671 ad-

398 1689 713 1740 verbialiter
749 1691 878 1756 poni
915 1691 1211 1753 existimes,
1246 1692 1349 1741 hoc
1383 1691 1487 1740 uti-

388 1775 503 1826 .que
543 1760 864 1811 insolentius
897 1760 1102 1810 dictum
1134 1760 1381 1821 videtur3
1417 1776 1484 1811 ne

399 1845 528 1881 vero
564 1821 815 1894 μεγάλως
855 1845 1179 1894 reponamus
1215 1831 1271 1878 in
1309 1836 1482 1888 textu,

401 1900 624 1949 obstant
668 1899 794 1948 libri
827 1915 993 1948 manu
1043 1900 1232 1964 scripti
1275 1913 1482 1959 omnes,

402 1984 623 2033 quorum
671 1969 1054 2018 auctoritatem
1110 1973 1257 2018 recte
1301 1972 1487 2018 tuetur

399 2037 670 2087 Kuehner.
713 2038 807 2087 Gr.
832 2037 927 2089 Gr.
964 2045 1003 2088 t.
1029 2037 1105 2088 ΙΙ.
1139 2037 1188 2098 ἓ.
1230 2037 1335 2088 549
1369 2042 1485 2088 not.

398 2106 430 2156 3
445 2144 459 2169 ‚
483 2107 576 2156 ubi
600 2106 778 2155 reddit
801 2109 971 2156 ιηίνιιηι
994 2111 1047 2157 in
1067 2108 1274 2157 modum.
1323 2106 1483 2156 Cous.

398 2177 566 2227 etiam
603 2180 745 2226 nott.
781 2175 852 2226 ad
890 2177 938 2239 Ι,
966 2176 1052 2226 51.
1089 2227 1096 2236 ,
1126 2177 1202 2227 At
1235 2169 1485 2239 μεγάλως

396 2247 761 2309 reponendum
808 2246 925 2295 vult
968 2245 1169 2295 Herold
1216 2244 1481 2296 Emendd.

397 2314 636 2365 Herodd.
701 2316 765 2366 Ρ.
827 2315 872 2366 Ι.
938 2330 992 2379 p.
1045 2316 1099 2365 5.
1183 2316 1481 2377 Lacunam,

399 2383 611 2448 qualem
650 2383 780 2433 olim
815 2386 926 2434 iam
968 2384 1235 2449 suspicati
1278 2400 1480 2445 sumus,

397 2454 486 2502 hic
534 2454 729 2503 statuit
763 2454 990 2503 Dietsch
1021 2454 1250 2504 Jahrbb.
1289 2454 1326 2503 s.
1358 2453 1482 2503 Phi-

396 2520 490 2573 lol.
529 2538 583 2572 ιι.
610 2522 852 2588 Paedag.
889 2524 1089 2573 LXIX.
1115 2539 1168 2588 p.
1198 2521 1317 2573 329.
1357 2522 1482 2572 Eltz

400 2590 650 2656 (Jahrbb.
690 2593 728 2642 f.
766 2591 963 2642 Philol.
1004 2597 1108 2642 etc.
1149 2592 1340 2657 Suppl.
1383 2593 1480 2641 lx.

397 2677 451 2726 p.
505 2660 625 2726 122)
686 2662 897 2712 Reiskii
955 2663 1152 2727 probat
1212 2662 1484 2712 coniectu-

528 2728 646 2794 ·μὲ
683 2745 720 2779 α
724 2727 889 2813 φῶς.

466 2794 564 2848 καὶ
608 2814 639 2847 τ
719 2791 849 2864 ἱρὸν
883 2797 989 2849 τοῦ
1032 2797 1182 2849 θεοῦ
1232 2792 1479 2862 ιὸρυθῆ-

399 2868 512 2932 ναι]
561 2868 763 2919 Aldina
807 2869 891 2921 ed.
934 2874 990 2919 et
1039 2869 1199 2919 codd.
1235 2867 1484 2918 nonnulli

396 2931 799 3003 ἱδρυνθῆναι,
837 2938 1282 3004 quemadmodum
1307 2938 1482 3000 1,172

399 3007 613 3059 codices
682 3009 945 3071 praebent
1005 2977 1479 3071 ἰδρυνθέντων,

398 3076 539 3142 quod
573 3077 715 3141 apud
751 3077 1079 3127 recentiores
1115 3075 1485 3142 frequentissi-

398 3161 568 3207 mum,
601 3161 712 3195 nou
747 3162 927 3196 rarum
965 3146 1365 3211 antiquioribus
1393 3146 1485 3195 ob·

398 3219 585 3265 servat
615 3215 857 3266 Lobeck.
898 3216 967 3265 ad
1001 3215 1293 3280 Phrynich.
1332 3231 1384 3279 p.
1412 3212 1478 3265 37

398 3290 513 3335 not.
566 3284 682 3335 Nec
705 3289 888 3334 tamen
922 3284 1026 3335 hoc
1049 3284 1327 3335 Herodoto
1352 3298 1484 3334 con-

397 3355 608 3414 venire,
658 3355 750 3417 qui
784 3353 1013 3404 alteram
1058 3355 1285 3404 formam
1320 3354 1482 3404 unice

399 3423 680 3484 adhibuit,
716 3422 958 3474 ostendit
990 3423 1223 3473 Bredov.
1261 3440 1314 3488 p.
1357 3422 1478 3473 361.

397 3493 684 3543 Caeterum
728 3492 1165 3558 antiquissimum
1207 3491 1310 3543 hoc
1342 3494 1481 3542 Her·

398 3561 533 3612 culis
592 3561 853 3626 templum
906 3567 1291 3613 commemorat
1352 3576 1482 3626 quo·

398 3646 503 3696 que
552 3630 767 3681 Arrian.
814 3631 1024 3696 Exped.
1073 3631 1228 3682 Alex.
1240 3630 1362 3710 ΙΙ,
1415 3629 1481 3680 16

397 3700 518 3751 init.
551 3730 622 3739 —
656 3700 724 3750 In
760 3715 909 3765 seqq.
941 3716 1039 3765 pro
1068 3690 1166 3763 ἀφ’
1193 3685 1262 3748 οὖ
1285 3698 1482 3749 Schae-

398 3769 578 3850 ferus,
591 3769 882 3846 probante
918 3768 1187 3820 Struvel.
1226 3766 1265 3819 l.
1303 3783 1357 3832 p.
1394 3768 1480 3828 32,

398 3828 501 3887 ἄπ’
544 3823 643 3900 οὗ,
683 3853 718 3888 a
751 3842 982 3889 recentt.
1025 3838 1147 3889 edd.
1185 3841 1481 3902 receptum.

400 3907 486 3957 Cf.
521 3908 697 3958 Κοοιι.
745 3908 818 3959 ad
853 3909 1079 3973 Gregor.
1124 3906 1369 3956 Corinth.
1419 3905 1486 3956 de

399 3975 528 4027 dial.
582 3976 702 4027 Ιοιι.
765 3976 815 4039 §-
873 3976 956 4029 18.

397 4041 636 4164 “mels-2²:
665 4107 730 4163 δὲ
775 4105 900 4162 ἔτεα
934 4141 1004 4151 —-
1047 4103 1343 4175 τριηκόσια
1388 4106 1484 4160 καὶ

398 4181 665 4248 δισχίλια]
704 4183 836 4233 Fuit
866 4183 1055 4247 utique
1078 4183 1257 4245 Tyrus
1296 4184 1351 4230 et
1372 4196 1483 4230 ma-

395 4253 542 4303 xima
601 4256 657 4302 et
715 4251 1097 4317 antiquissima
1152 4249 1484 4300 Phoenicum

395 4322 552 4385 urbs,
591 4325 735 4372 teste
766 4321 1035 4372 Strabone
1070 4320 1222 4369 XVI.
1258 4334 1313 4383 p.
1349 4317 1483 4369 1097

395 4406 443 4443 s.
484 4407 536 4456 p.
577 4390 681 4442 756
714 4394 773 4440 et
802 4390 967 4443 Iesai.
994 4388 1204 4451 XXIII,
1241 4390 1300 4450 73
1337 4385 1483 4453 quod

1055 3975 1208 4026 Libri
1270 3989 1483 4027 omnes.

1591 1140 1776 1187 tamen
1798 1152 1907 1188 non
1936 1136 2191 1201 impedit,
2225 1152 2330 1202 quo
2358 1137 2534 1187 minus
2557 1152 2677 1186 cum

1591 1206 1955 1271 Wesselingio
1993 1222 2113 1256 eam
2136 1206 2225 1255 hic
2250 1207 2410 1256 nimis
2441 1207 2677 1270 priscam

1589 1276 1862 1340 perhiberi
1914 1276 2213 1327 credamus.
2287 1277 2335 1325 A
2380 1276 2679 1326 sacerdoti-

1590 1346 1718 1408 bus,
1756 1345 2104 1409 antiquitatis
2136 1360 2268 1394 suae
2298 1345 2676 1405 iactatoribus‚

1587 1415 1790 1465 Nostro
1829 1420 1890 1464 ut
1922 1415 2089 1464 verba
2126 1415 2255 1464 data
2287 1414 2514 1476 fuerint,
2558 1414 2677 1463 fieri

1587 1484 1776 1549 utique
1822 1484 2074 1547 potuisse
2121 1483 2264 1533 idem
2316 1483 2409 1534 ille
2465 1484 2675 1546 scribit,

1587 1555 1793 1603 reiecta
1850 1553 2091 1618 Vignolii
2152 1552 2496 1617 coniectura,
2569 1568 2677 1617 qua

1587 1615 1886 1687 τριηκόσια
1939 1618 2035 1671 καὶ
2082 1621 2234 1687 χίλια
2290 1623 2347 1671 in
2394 1622 2675 1672 Herodoto

1588 1693 1661 1741 sit
1680 1691 2050 1754 scribendum,
2072 1706 2194 1741 cum
2218 1691 2306 1741 vel
2335 1691 2440 1741 hac
2463 1692 2676 1741 ratione

1587 1762 1723 1826 Tyri
1752 1762 1910 1811 initia
1942 1761 2086 1810 iusto
2123 1760 2435 1825 antiquiora
2471 1761 2676 1811 consti-

1587 1834 1888 1881 tuerentur.
1968 1831 2163 1880 Denuo
2210 1829 2352 1879 hanc
2409 1846 2523 1880 rem
2569 1830 2676 1879 dis-

1585 1899 1812 1965 quisivit
1865 1899 2171 1949 Larcherus
2230 1899 2287 1948 iu
2346 1898 2674 1963 chronolog.

1588 1968 1854 2019 Herodot.
1884 1983 2004 2033 cap.
2033 1968 2110 2018 11.
2134 1984 2189 2032 p.
2216 1968 2313 2018 129
2337 1984 2488 2033 seqq.
2540 1969 2675 2018 Cum

1589 2039 1757 2100 enim,
1804 2038 2143 2088 Herodotum
2177 2036 2266 2086 vel
2308 2038 2490 2102 potius
2524 2038 2673 2101 ipsos

1588 2108 1787 2173 Tyrios
1841 2108 1888 2157 si
1938 2122 2255 2172 sequamur,
2324 2107 2453 2156 urbs
2510 2107 2675 2157 fuerit

1586 2177 1814 2227 condita
1858 2192 1985 2228 ann.
2035 2174 2173 2227 2760
2223 2191 2277 2225 a.
2313 2175 2439 2225 Chr.
2477 2192 2563 2238 n.‚
2619 2175 2676 2224 id

1587 2246 1731 2312 quod
1766 2246 1929 2295 nimis
1962 2244 2202 2308 recedit,
2239 2245 2547 2296 Larcherus
2581 2260 2678 2308 po·

1585 2316 1668 2365 nit
1712 2315 1770 2365 in
1813 2329 1956 2366 anno
2004 2315 2140 2366 1590
2186 2330 2220 2363 a
2259 2314 2385 2365 Chr.
2433 2331 2488 2365 n.
2540 2314 2675 2378 Tyri

1586 2385 1844 2449 origines.
1928 2386 2044 2436 Nec
2081 2390 2265 2433 tamen
2313 2385 2456 2448 patri
2506 2384 2674 2433 histo-

1585 2456 1700 2504 riae
1748 2454 1945 2518 Tyrios
2000 2454 2326 2517 imposuisse
2375 2451 2523 2516 vult,
2578 2452 2675 2502 sed

1586 2523 1691 2573 sibi
1729 2523 1865 2587 ipsis
1913 2523 2111 2587 Tyrios
2148 2522 2501 2587 imposuisse,
2551 2537 2673 2572 cum

1586 2607 1720 2642 suae
1771 2592 1921 2641 urbis
1982 2591 2220 2655 orig-ines
2281 2591 2675 2641 confunderent
2742 2633 2759 2643 .

1587 2677 1709 2711 cum
1741 2659 1970 2722 Sidone,
2020 2675 2160 2725 quae
2198 2660 2321 2724 ipsa
2356 2661 2492 2724 Tyri
2528 2664 2674 2708 esset

1584 2729 1930 2794 metropolis,
1977 2729 2202 2778 condita
2245 2743 2389 2779 anno
2435 2728 2572 2778 1730
2618 2744 2670 2778 a.

1585 2800 1711 2850 Chr.
1751 2814 1806 2848 n.
1877 2797 2138 2848 Larcheri
2172 2811 2346 2862 aeque
2377 2813 2446 2847 ac
2470 2797 2674 2861 Vigno·

1584 2868 1643 2918 lii
1683 2869 1925 2917 rationes
1986 2866 2140 2917 reiici
2200 2865 2320 2916 vult
2365 2868 2673 2932 Hengsten-

1584 2938 1747 3003 berg:
1786 2938 1871 2987 De
1892 2936 2133 3001 Tyriorr.
2161 2935 2312 2985 rebb.
2338 2950 2390 3000 p.
2410 2936 2475 2987 10
2500 2950 2672 3001 seqq„

1591 3008 1683 3073 qui
1717 3007 1849 3057 licet
1874 3006 1994 3071 ipse
2022 3006 2228 3070 Tyrum
2256 3005 2551 3056 insularem
2579 3021 2675 3055 an-

1586 3075 1947 3141 tiquissimam
1981 3074 2208 3136 habeat,
2264 3090 2453 3139 parum
2486 3080 2674 3125 tamen

1586 3146 1655 3195 iis
1699 3145 2047 3196 tribuendum
2096 3158 2217 3195 esse
2261 3149 2474 3208 censet,
2532 3159 2673 3210 quae

1584 3215 1652 3265 de
1700 3216 1868 3265 nimio
1926 3229 2190 3264 annorum
2238 3228 2461 3265 numero
2520 3213 2672 3263 urbis

1580 3285 1865 3337 Herodoto
1903 3283 2217 3334 sacerdotes
2253 3282 2552 3344 narrarint,
2592 3282 2674 3330 id-

1583 3370 1688 3419 que
1735 3353 1951 3404 omnino
1998 3351 2189 3401 referri
2236 3350 2354 3400 vult
2413 3349 2485 3400 ad
2530 3365 2672 3400 com-

1583 3438 1795 3473 munem
1820 3421 2166 3485 antiquitatis
2198 3419 2525 3483 opinionem,
2562 3432 2673 3482 qua

1581 3490 1769 3555 populi
1818 3490 1939 3539 aliis
1978 3488 2405 3554 praestantiores
2456 3502 2515 3535 se
2553 3500 2673 3535 esse

1584 3564 1750 3624 atque
1795 3558 1982 3608 haberi
2033 3555 2350 3617 voluerunt,
2407 3570 2471 3604 eo
2527 3555 2671 3619 quod

1583 3643 1846 3679 summam
1879 3626 2263 3690 antiquitatem
2297 3624 2402 3674 sibi
2433 3638 2672 3673 assume-

1582 3701 1723 3747 rent.
1816 3697 1933 3747 Nec
1987 3694 2274 3744 defuerunt
2331 3697 2522 3743 nostra
2584 3708 2671 3742 ae-

1584 3770 1701 3816 tate
1736 3765 1860 3827 alii,
1909 3763 2002 3829 qui
2036 3764 2242 3826 Tyrum
2277 3761 2554 3812 conditam
2599 3762 2670 3811 ad

1583 3835 1747 3900 longe
1791 3833 2097 3899 posteriora
2138 3836 2386 3894 tempora
2422 3830 2672 3881 detrude·

1587 3909 1739 3967 rent,
1784 3902 2102 3967 posthabita
2132 3899 2401 3951 Herodoti
2436 3901 2672 3950 auctori-

1589 3978 1731 4034 tate,
1769 3972 1857 4021 cui
1885 3987 2029 4021 nunc
2057 3970 2273 4035 egregie
2293 3970 2669 4034 patrocinatus

1586 4046 1671 4093 est
1702 4042 1946 4092 Movers.
1983 4039 2089 4089 Die
2120 4038 2379 4089 Phoenix.
2416 4038 2576 4102 11‚1.
2613 4054 2668 4102 p.

1587 4111 1690 4162 134
1704 4124 1857 4174 seqq.
1877 4111 1972 4160 167
1990 4123 2142 4172 seqq.
2182 4108 2240 4158 Is
2263 4108 2405 4159 enim
2426 4123 2509 4169 ea,
2530 4121 2671 4172 quae

1583 4179 1898 4230 Herodotus
1931 4178 1986 4227 h.
2022 4177 2060 4229 1.
2086 4178 2378 4228 memoriae
2411 4176 2669 4241 prodidit,

1587 4264 1654 4299 ex
1684 4247 2014 4298 Phoenicum
2053 4247 2341 4297 annalibus
2377 4244 2674 4310 probabili-

1585 4323 1669 4368 ter
1705 4316 1898 4377 ducta,
1947 4316 2030 4366 ita
2073 4314 2178 4365 fide
2222 4315 2390 4379 digna
2426 4329 2673 4378 prorsus·

1587 4401 1692 4452 que
1720 4400 1852 4437 vera
1874 4399 1995 4436 esse
2020 4383 2280 4447 ostendit,
2317 4387 2380 4433 ut
2399 4382 2493 4433 vix
2519 4383 2673 4448 quid-

2120 4463 2252 4528 34*
