3109 5092
1121 361 1620 422 EUTERPE.
1668 363 1753 421 II.
1801 371 1887 428 76.

369 540 540 626 πτίῳ
600 538 832 622 πεδίῳ.

2522 367 2644 428 595

934 532 1127 618 λόγος
1184 537 1265 602 δέ
1310 538 1483 620 ἐστι,
1541 531 1676 624 ἅμα
1718 542 1815 629 τῷ
1865 544 2011 627 ἔαρι
2068 536 2445 627 πτερωτοὺς
2491 536 2646 627 ὄφις

370 640 442 704 ἐκ
472 641 587 724 τῆς
626 633 936 724 Ἀραβίης
970 639 1292 705 πέτεσθαι
1341 634 1453 706 ἐπ’
1487 638 1873 725 Αἰγύπτου·
1921 640 2038 722 τὰς
2078 642 2151 709 δὲ
2193 648 2327 728 ἶβις
2366 640 2481 720 τὰς
2523 639 2639 731 ὅρ-

367 750 569 820 νιθας
595 736 994 818 ἀπαντώσας
1024 740 1091 817 ἐς
1129 737 1254 826 τὴν
1282 738 1573 830 ἐσβολὴν
1608 741 1852 830 ταύτης
1892 750 2008 833 τῆς
2033 743 2254 832 χώρης
2287 741 2370 812 οὐ
2405 747 2635 832 παριέ-

367 871 476 912 ναι
513 840 670 921 τούς
711 838 903 928 ὄφις,
946 837 1116 910 ἀλλὰ
1148 851 1630 913 κατακτείνειν.
1708 847 1820 914 καὶ
1854 844 1980 935 τὴν
2007 853 2150 933 ἶβιν
2181 843 2294 914 διὰ
2330 852 2529 916 τοῦτο
2562 845 2639 916 τὸ

367 952 568 1033 ἔργον
600 949 994 1033 τετιμῆσθαι
1037 946 1304 1030 λέγουσι
1337 942 1632 1035 Ἀράβιοι
1665 946 1971 1034 μεγάλως
2004 946 2168 1037 πρὸς
2203 954 2635 1036 Αἰγυπτίων·

366 1045 802 1135 ὁμολογέουσι
846 1047 919 1114 δὲ
973 1049 1081 1116 καὶ
1130 1048 1487 1134 Αἰγύπτιοι
1541 1048 1654 1118 διὰ
1693 1056 1902 1119 ταῦτα
1945 1056 2145 1139 τιμᾶν
2197 1049 2312 1130 τὰς
2352 1049 2638 1140 ὄρνιθας

365 1152 627 1230 ταύτας.
709 1148 913 1228 Εἶδος
961 1149 1034 1217 δὲ
1076 1156 1191 1237 τῆς
1234 1151 1359 1239 μὲν
1401 1159 1572 1238 ἴβιος
1612 1150 1787 1222 τόδε.
1847 1156 2130 1240 μέλαινα
2168 1159 2405 1232 δεινῶς
2439 1159 2638 1237 πᾶσα,
2655 1159 2737 1219 76

366 1258 608 1324 σκέλεα
651 1253 722 1322 δὲ
766 1254 996 1342 φορέει
1034 1252 1361 1341 γεράνου,
1409 1254 1772 1343 πρόσωπον
1817 1255 1891 1324 δὲ
1937 1260 2005 1336 ἐς
2041 1254 2124 1324 τὰ
2167 1255 2453 1343 poium
2490 1260 2635 1324 ἐπί-

368 1419 478 1468 vid.
517 1418 816 1469 Blomfield.
868 1419 923 1467 in
962 1417 1204 1469 Glossar.
1249 1418 1318 1469 ad
1350 1420 1456 1469 Ae—

368 1487 541 1552 schyli
573 1490 724 1539 Pers.
763 1488 886 1539 887.

435 1550 761 1620 πτερωτοὺς
778 1548 916 1620 ὄφις
933 1586 1003 1595 -
1025 1546 1115 1605 ἐπ’
1138 1547 1451 1620 Αἰγύπτου]

369 1627 614 1677 Pertinet
679 1627 781 1676 buc
834 1625 1114 1675 Ciceronis
1174 1625 1325 1675 locus
1386 1626 1455 1675 de

368 1701 480 1745 nat.
515 1697 679 1746 Deor.
719 1696 763 1758 1,
802 1695 897 1746 36:
955 1694 1157 1758 „Velut
1189 1695 1307 1744 ibes
1344 1709 1454 1744 ma·

368 1767 568 1815 ximam
613 1767 723 1815 vim
771 1764 1103 1829 serpentium
1140 1763 1451 1826 conficiunt,

367 1851 488 1884 cum
533 1835 642 1885 sint
689 1849 821 1885 aves
868 1833 1147 1894 excelsae,
1208 1833 1453 1884 cruribus

367 1904 584 1969 rigidis,
634 1919 828 1955 corneo
877 1918 1208 1968 proceroque
1243 1908 1452 1962 rostro;

366 1979 624 2023 avertunt
659 1979 864 2038 pestem
902 1972 972 2023 ab
1001 1974 1279 2036 Aegypto,
1330 1985 1452 2021 cum

364 2043 612 2092 volucres
637 2057 844 2108 angues
870 2057 936 2091 ex
958 2042 1221 2090 vastitate
1244 2041 1454 2106 Libyae

363 2116 529 2163 vento
571 2113 757 2162 Africo
815 2111 1064 2161 invectas
1120 2110 1454 2160 interficiunt

364 2188 530 2246 atque
572 2186 924 2242 consumunt3
980 2196 1044 2230 ex
1095 2195 1201 2244 quo
1253 2180 1341 2241 fit,
1391 2185 1454 2229 ut

365 2250 489 2300 illae
516 2266 615 2301 nec
642 2266 826 2300 morsu
861 2250 1025 2300 vivae
1058 2255 1313 2312 noceant,
1351 2264 1452 2298 nec

365 2321 530 2369 odore
582 2319 886 2370 mortuae.“
963 2319 1072 2369 Ubi
1120 2318 1260 2368 alios
1301 2323 1448 2368 vete-

364 2405 482 2439 rum
517 2389 667 2439 locos
705 2389 809 2439 hac
844 2387 911 2437 de
958 2402 1016 2437 re
1061 2387 1249 2437 attulit
1286 2388 1454 2437 Davi-

366 2459 500 2509 sius.
572 2458 712 2509 Add.
752 2457 1010 2508 Bochart.
1052 2456 1087 2507 1.
1126 2454 1163 2506 l.

434 2523 530 2576 καὶ
567 2519 672 2592 τὴν
708 2524 826 2593 ἶβιν
864 2515 963 2575 διὰ
995 2523 1165 2575 τοῦτο
1203 2541 1254 2575 κ.
1294 2541 1341 2574 τ.
1380 2523 1450 2591 L]

363 2599 447 2647 De
467 2597 612 2647 ibide
637 2611 820 2647 omnes
857 2600 1100 2645 veterum
1129 2594 1454 2659 scriptorum

363 2667 513 2716 locos
547 2666 766 2716 exhibet
795 2667 1062 2715 Leemans
1090 2664 1159 2714 ad
1190 2663 1455 2729 Horapol-

365 2736 461 2785 lin.
501 2733 858 2800 Hieroglyph.
899 2750 953 2798 p.
982 2733 1102 2783 246.
1177 2733 1335 2783 Nunc
1371 2747 1455 2781 ra-

364 2806 479 2854 rius
526 2820 679 2854 avem
735 2819 831 2869 per
877 2803 1186 2868 Aegyptum
1229 2802 1455 2865 reperiri

365 2874 504 2923 satis
541 2877 775 2923 constat.
849 2871 1026 2937 Vulgo
1071 2871 1172 2922 ibin
1220 2885 1337 2920 eam
1373 2870 1453 2919 in·

364 2942 621 3008 telligunt
658 2958 840 3003 avem,
893 2956 1033 3007 quae
1069 2940 1272 2990 dicitur
1316 2939 1450 2988 Tan-

365 3016 500 3063 talus
535 3012 631 3063 ibis
654 3011 812 3061 Linn.
888 3011 995 3062 Sed
1025 3010 1193 3074 probe
1223 3009 1349 3059 hinc
1374 3009 1449 3058 di-

364 3081 741 3147 stinguendam
787 3096 910 3130 esse
960 3095 1116 3129 avem
1165 3077 1452 3143 Aegyptiis

366 3165 578 3200 sacram
639 3150 826 3200 docuit
881 3148 1131 3208 Cuvier.,
1194 3151 1451 3197 accurato

367 3221 614 3270 examine
651 3220 907 3269 instituto
947 3223 1002 3268 et
1037 3216 1296 3267 adhibitis
1335 3221 1451 3266 tum

365 3295 607 3340 veterum
640 3289 705 3338 de
739 3288 844 3338 hac
879 3288 968 3336 avi
1004 3285 1141 3336 locis
1168 3292 1281 3336 tum
1317 3286 1450 3350 ipsis

366 3360 580 3409 mumiis
632 3357 902 3407 dissectis.
976 3357 1111 3405 Eam
1156 3356 1296 3405 enim
1334 3369 1455 3404 esse

367 3427 844 3486 commonstravit,
898 3425 986 3475 cui
1030 3441 1226 3474 nomen
1278 3425 1456 3474 Nume-

367 3500 479 3548 nius
518 3498 614 3547 ibis
669 3513 713 3546 s.
759 3495 855 3544 ibis
903 3496 1142 3558 reliffl‘osa
1189 3491 1454 3557 (courlis),

368 3566 492 3617 albo
519 3565 700 3616 colore
723 3564 1011 3628 insignem,
1032 3564 1211 3628 capite
1235 3566 1290 3612 et
1314 3562 1453 3612 collo

367 3636 542 3698 nudo,
578 3636 840 3698 remigum
876 3632 1146 3698 apicibus,
1184 3637 1361 3682 rostro
1399 3635 1454 3680 et

367 3705 596 3769 pedibus
657 3703 855 3767 nigris,
918 3701 1210 3766 remigibus
1265 3715 1456 3750 secun-

368 3772 535 3825 dariis
606 3771 878 3837 elongatis
940 3770 1220 3821 violaceis,
1301 3771 1452 3831 Quae

368 3857 662 3908 sanequam
713 3840 916 3905 optime
957 3839 1290 3890 conveniunt
1333 3853 1454 3888 cum

366 3911 634 3962 Herodoti
670 3909 1058 3974 descriptione,
1114 3922 1254 3973 quae
1303 3908 1350 3957 si
1386 3906 1456 3956 de

377 3980 588 4031 Tantalo
614 3980 932 4045 accipiatur,
969 3977 1307 4027 Herodotum
1345 3981 1454 4024 tur-

369 4051 510 4114 piter
543 4050 756 4114 lapsum
784 4062 902 4098 esse
927 4046 1075 4096 dicas
1101 4059 1323 4095 necesse
1349 4047 1451 4094 est.

368 4119 494 4168 Vid.
534 4119 728 4169 Annal.
771 4118 822 4168 d.
871 4113 1056 4166 musee
1107 4113 1287 4163 d'hist.
1337 4118 1453 4162 nat.

367 4192 409 4238 t.
436 4189 533 4238 IV.
557 4203 683 4253 pag.
724 4187 822 4237 116
854 4200 1003 4248 seqq.
1035 4182 1133 4233 126
1163 4197 1317 4246 seqq.
1357 4182 1456 4232 132

369 4262 424 4306 et
483 4256 817 4307 Becherches
872 4268 965 4303 sur
1015 4250 1096 4300 les
1152 4254 1455 4300 ossements

369 4326 586 4376 fossiles
633 4326 699 4376 T.
749 4325 796 4373 1.
843 4321 1042 4373 Notice
1077 4335 1170 4370 sur
1211 4318 1355 4369 l'ibis
1401 4335 1452 4384 p.

367 4394 654 4445 CXLVIII
704 4407 856 4458 seqq.
937 4389 1077 4441 Add.
1126 4387 1452 4439 Wilkinson.

1560 1423 1817 1472 Manners
1864 1426 1971 1471 etc.
2018 1436 2129 1470 sec.
2167 1436 2272 1472 ser.
2317 1422 2396 1472 11.
2447 1439 2500 1487 p.
2542 1423 2646 1473 220

1560 1507 1675 1556 seq.
1736 1490 2063 1556 Aegyptium
2102 1492 2220 1539 avis
2244 1506 2440 1541 nomen
2475 1492 2645 1541 fuisse

1556 1561 1666 1623 Hip
1702 1560 1983 1610 contendit
2019 1558 2318 1623 Champoll.
2358 1560 2502 1625 ΓΕΒ.
2530 1576 2575 1611 s.
2604 1560 2642 1611 1.

1558 1630 1720 1680 Phar.
1755 1630 1802 1680 1.
1834 1645 1961 1694 pag.
1993 1627 2114 1678 295.
2189 1629 2324 1678 Cum
2359 1631 2499 1679 euim
2537 1628 2642 1678 ibis

1558 1699 1668 1750 Nili
1700 1700 1928 1759 insecta,
1965 1713 2193 1760 vermes,
2234 1697 2344 1747 alia
2378 1697 2644 1748 eiusmodi

1559 1768 1813 1818 conficiat
1849 1767 1948 1832 (cf.
1982 1765 2257 1816 Plutarch.
2300 1766 2367 1816 de
2400 1767 2548 1817 Iside
2589 1770 2644 1816 et

1558 1837 1776 1886 Osiride
1824 1851 1943 1900 cap.
1984 1837 2069 1886 75.
2108 1851 2162 1899 p.
2202 1834 2325 1899 381)
2374 1835 2642 1901 simulque

1556 1922 1678 1957 cum
1713 1905 1840 1955 Nilo
1876 1908 2155 1954 crescente
2189 1910 2478 1969 appareat,
2514 1905 2641 1953 inde

1555 1974 1840 2040 Aegyptiis
1876 1989 2033 2023 sacra
2059 1972 2248 2023 habita
2272 1979 2356 2023 est
2387 1974 2504 2024 avis
2544 1989 2641 2038 pro

1552 2045 1666 2096 Nili
1703 2043 1998 2093 crescentis
2044 2043 2200 2107 signo
2237 2042 2468 2108 indeque
2502 2043 2643 2092 Mer-

1554 2115 1703 2164 curio
1741 2113 1855 2178 (qui
1892 2111 2076 2162 Nilum
2118 2115 2447 2161 crescentem
2485 2112 2641 2161 meti-

1553 2187 1643 2232 tur
1679 2187 1732 2232 et
1764 2183 2019 2231 universo
2055 2179 2182 2230 huic
2218 2181 2439 2244 negotio
2488 2195 2642 2247 prae-

1556 2251 1663 2318 est)
1691 2255 2028 2301 consecrata.
2077 2249 2232 2299 Conf.
2259 2249 2336 2312 II,
2360 2250 2446 2300 67.
2503 2249 2641 2299 Inde

1553 2320 1632 2370 nil
1668 2321 1889 2382 mirum,
1936 2320 1992 2368 in
2029 2319 2420 2384 Aegyptiorum
2454 2334 2641 2369 monu-

1555 2391 1754 2440 mentis
1790 2389 2106 2452 saepissime
2150 2388 2289 2437 hanc
2324 2403 2480 2438 avem
2515 2403 2641 2438 con·

1556 2461 1719 2523 spici,
1792 2457 2125 2521 eandemque
2184 2456 2447 2522 singulari
2510 2471 2641 2507 cura

1555 2527 1829 2578 conditam
1869 2527 2037 2576 fuisse
2087 2527 2142 2574 in
2179 2526 2404 2590 cryptis.
2477 2525 2645 2576 Plura

1558 2598 1624 2647 de
1658 2596 1805 2646 ibide
1844 2595 2125 2660 disputata
2158 2595 2377 2643 invenio
2405 2609 2439 2643 a
2461 2596 2642 2658 Lang-

1555 2665 1710 2731 guth.
1762 2665 1896 2714 diss.
1945 2664 2012 2713 de
2057 2663 2270 2711 mumiis
2316 2664 2498 2711 avium
2534 2667 2637 2712 etc.

1555 2750 1681 2800 pag.
1732 2736 1799 2783 22
1844 2748 1998 2796 seqq.
2052 2736 2107 2780 et
2151 2731 2470 2782 Reinhardt.
2513 2730 2549 2782 l.
2601 2730 2639 2781 l.

1553 2820 1681 2868 pag.
1714 2803 1938 2852 22-25.
1980 2799 2190 2862 Quibus
2220 2798 2343 2850 add.
2370 2798 2641 2864 Seyffartb

1553 2873 1810 2936 Beitriige
1859 2888 1906 2920 z.
1956 2869 2237 2920 Kentniss.
2293 2870 2346 2920 d.
2394 2869 2490 2919 alt.
2538 2870 2662 2920 Ae·-

1554 2947 1708 3008 gypt.
1756 2942 1833 2991 11.
1873 2956 1927 3004 p.
1968 2938 2067 2989 150
2101 2953 2248 3003 seq.,
2307 2938 2639 2989 Wilkinson.

1553 3010 1590 3062 l.
1639 3011 1708 3073 l.,
1756 3010 2006 3060 Creuzer.
2055 3006 2296 3072 Symbol.
2337 3009 2414 3059 11.
2454 3025 2506 3072 p.
2537 3008 2641 3058 207

1556 3096 1693 3146 seq.,
1730 3078 1935 3130 Bohlen
1958 3093 1968 3123 :
2010 3078 2126 3126 Das
2152 3077 2264 3127 alte
2293 3078 2487 3130 Indien
2510 3077 2556 3127 1.
2583 3092 2639 3141 p.

1559 3151 1657 3200 19⁶2
1694 3165 1837 3214 seq.,
1892 3146 1984 3213 qui
2028 3147 2142 3196 ibin
2191 3162 2404 3213 quoque
2450 3146 2518 3196 ad
2569 3146 2641 3194 si-

1554 3219 1733 3269 milem
1771 3218 2028 3269 Indorum
2082 3231 2265 3279 avem,
2318 3217 2405 3266 cui
2443 3221 2641 3266 nomeu

1556 3290 1769 3342 Hansa.
1836 3290 2059 3336 revocat
2108 3284 2341 3351 indeque
2403 3283 2642 3335 eiusdem

1555 3359 1963 3408 venerationem
1996 3355 2214 3419 repetit.

1889 3527 2022 3576 Cu.
2059 3523 2309 3573 LXXVI.

1627 3620 1939 3691 πρόσωπον
1969 3618 2032 3674 δὲ
2064 3615 2120 3681 ἐς
2154 3617 2222 3672 τὰ
2256 3614 2491 3686 μάλιστα
2523 3612 2642 3670 ἐπί-

1555 3695 1799 3761 γρυπον]
1866 3687 2178 3757 πρόσωπον
2224 3691 2311 3741 hic
2360 3692 2428 3741 de
2472 3698 2642 3742 rostro

1556 3765 1950 3831 accipiendum,
1984 3761 2128 3827 quod
2157 3751 2493 3824 ἐπίγρυπον,
2527 3761 2563 3810 i.
2591 3775 2640 3810 e.

1558 3836 1816 3895 aduncun,
1860 3836 2112 3882 {nevernum
2151 3844 2271 3879 esse
2310 3827 2446 3882 walt.
2513 3829 2643 3879 Cae-

1553 3909 1728 3954 terum
1753 3903 1895 3953 cons.
1924 3900 1989 3950 de
2018 3899 2163 3949 ibide
2183 3898 2437 3950 Strabou.
2459 3897 2640 3948 XVII.

1555 3990 1609 4037 p.
1664 3972 1798 4023 1179
1844 3987 1890 4021 s.
1939 3969 2042 4021 823
2085 3970 2154 4018 D.
2241 3969 2467 4017 Monent
2510 3971 2641 4017 vero

1554 4042 1884 4091 recentiores
1912 4038 2105 4090 ibidem
2152 4039 2343 4102 myram
2376 4036 2643 4087 Herodoti

1558 4125 1679 4160 esse
1698 4110 1875 4160 ibidem
1889 4108 2193 4171 salcinellum
2212 4105 2480 4166 Cuvierii3
2503 4119 2642 4169 quae

1559 4181 1679 4229 avis
1718 4176 2009 4244 quotannis
2045 4176 2254 4241 aliquot
2291 4175 2481 4224 diebus
2517 4177 2643 4237 post

1560 4248 1853 4298 adveutum
1905 4245 2130 4295 alterius
2188 4244 2353 4294 ibidis
2403 4244 2473 4296 ad
2530 4239 2643 4291 Nili

1558 4317 1705 4381 ripas
1743 4328 2053 4380 comparere
2088 4313 2316 4375 dicitur,
2369 4313 2524 4361 cuius
2561 4314 2642 4359 ta-

1560 4400 1684 4437 men
1728 4383 1932 4437 nullam
1980 4379 2157 4434 adhuc
2204 4384 2474 4447 repertam
2519 4391 2643 4429 esse

2093 4460 2225 4527 38*
