3109 5092
1234 345 1393 406 CLI
1409 345 1483 407 Ο.
1530 346 1583 405 I.
1629 355 1719 410 59.

2490 346 2607 406 125

328 517 457 608 τὴν
495 522 868 607 τυραννίδα
902 514 1133 606 ἤγειρε
1168 525 1402 607 τρίτην
1444 516 1699 587 στάσιν.
1753 518 2073 599 συλλέξας
2116 517 2192 585 δὲ
2220 516 2606 602 στασιώτας,

327 624 442 691 καὶ
495 626 588 715 τῷ
636 618 812 713 λόγῳ
865 625 1005 688 τῶν
1056 616 1490 711 ὑπερακρίων
1543 618 1864 709 προστὰς,
1936 625 2306 708 μηχανᾶται
2361 620 2605 691 τοιάδε.

237 730 747 815 ἳὸτρωματίσας
790 723 1045 793 ἑωυτόν
1084 751 1157 792 τε
1213 726 1324 795 καὶ
1363 720 1685 813 ἡμιόνους
1729 721 1934 813 ἤλασε
1976 725 2042 803 ἐς
2084 721 2206 811 τὴν
2243 721 2496 815 ἀγορὴν
2534 723 2609 794 τὸ

324 832 594 913 ζεῦγος,
648 822 737 906 ὥς
792 826 1229 915 ἐκπεφευγὼς
1269 825 1427 906 τοὺς
1468 824 1789 916 ἐχθροὺς,
1844 831 1915 895 οἵ
1963 854 2081 915 μιν
2133 826 2504 896 ἐλαύνοντα
2545 831 2611 907 ἐς

323 990 421 1057 δα]
472 994 890 1057 καταφρονεῖν,
940 993 1085 1059 quod
1132 993 1297 1059 vulgo
1335 998 1420 1042 est

323 1070 656 1126 contemnere,
685 1062 939 1126 quodque
974 1063 1117 1113 binis
1163 1062 1288 1114 aliis
1326 1078 1421 1112 no·

325 1133 429 1182 stri
474 1132 758 1196 scriptoris
812 1131 948 1181 locis
999 1132 1074 1199 (Ι,
1127 1132 1215 1184 66.
1261 1132 1419 1195 VIII,

328 1203 440 1263 10.)
484 1202 727 1264 putandi,
780 1203 1104 1252 existimandi
1144 1202 1421 1251 notionem

324 1271 513 1333 habet,
576 1270 825 1334 quamvis
886 1286 997 1320 non
1056 1270 1175 1320 sine
1229 1270 1421 1320 addita

324 1339 564 1405 quadam
606 1340 952 1403 arrogantiae
988 1338 1076 1389 vel
1113 1344 1418 1390 contemtus

324 1409 749 1475 significatione,
774 1409 882 1466 hoc
903 1407 1025 1458 loco
1050 1410 1334 1473 affectandi
1354 1424 1420 1459 ac

322 1479 604 1529 meditandi
635 1479 857 1527 notione
894 1479 1071 1542 accipi
1099 1493 1264 1544 posse
1295 1494 1422 1529 con-

323 1549 580 1597 tendunt.
657 1547 816 1608 Quod
861 1562 983 1597 cum
1016 1546 1157 1597 male
1195 1548 1421 1598 haberet

324 1616 774 1679 Valckenarium,
811 1617 1044 1666 coniecit
1072 1620 1215 1696 (pro
1252 1631 1421 1667 κατα-

323 1678 679 1750 φρονήσας);
736 1682 834 1734 καὶ
893 1678 1217 1751 φρονήσας,
1272 1688 1309 1737 i.
1368 1703 1416 1737 e.

320 1760 473 1807 etiam
526 1757 811 1819 tyrannidis
854 1757 1179 1818 occupandae
1233 1757 1420 1806 studio-

320 1843 443 1885 sus,-
481 1840 589 1889 quo
626 1839 791 1874 sensu
830 1827 1072 1888 φρονεῖν
1106 1823 1422 1889 τυραννίδα

323 1896 379 1944 in
432 1893 786 1959 Aristophan.
835 1894 1001 1959 Vesp.
1049 1895 1171 1946 505.
1231 1896 1420 1959 Neque

322 1978 454 2014 vero
498 1964 708 2033 recepit
743 1963 1080 2029 Schweigh„
1129 1963 1219 2013 cui
1253 1979 1421 2013 κατα-

323 2035 571 2097 φρονεῖν
615 2033 670 2084 h.
719 2032 758 2082 l.
811 2048 907 2097 pro
962 2034 1131 2082 verbo
1188 2032 1422 2099 simplici

329 2104 578 2167 φρονεῖν
613 2102 852 2167 positum
886 2101 1120 2165 videtur,
1153 2107 1215 2151 ut
1249 2116 1419 2151 κατα-

323 2169 525 2221 δοκειν
555 2187 653 2235 pro
691 2168 917 2234 δοκεῖν,
967 2171 1078 2221 alia
1121 2171 1178 2220 id
1223 2186 1413 2237 genus.

320 2243 439 2292 Nec
481 2240 641 2291 aliter
687 2239 832 2305 apud
877 2241 1267 2305 Hippocratem
1319 2254 1416 2288 κα-

319 2312 668 2374 ταφρονεῖν,
715 2309 811 2359 ubi
865 2309 1015 2358 valet
1070 2324 1201 2359 sana
1260 2316 1417 2359 mente

321 2396 456 2441 esse,
496 2382 659 2429 αηίηιο
693 2379 815 2443 quid
837 2381 1058 2443 agitare.
1099 2379 1251 2440 Quae
1285 2377 1416 2449 milii

320 2451 403 2500 ita
426 2448 743 2513 probantur,
772 2452 834 2496 ut
856 2447 1096 2511 aliquam
1127 2454 1275 2497 certe
1294 2442 1417 2497 con-

322 2526 436 2568 tem
502 2532 528 2565 s
576 2517 855 2567 notionem
890 2516 978 2565 hic
1021 2531 1237 2582 quoque
1273 2514 1419 2565 adie-

323 2596 415 2637 cta
509 2587 831 2646 existimem,
864 2600 1027 2649 quam
1051 2586 1133 2634 ita
1153 2585 1419 2650 expressit

321 2655 596 2706 Matthiae
630 2654 751 2721 (Gr.
796 2655 889 2704 Gr.
940 2654 991 2715 §.
1041 2653 1163 2705 378.
1210 2658 1325 2704 not.
1363 2655 1415 2703 2.

322 2741 455 2791 pag.
489 2723 623 2786 696,
656 2724 750 2773 ubi
786 2719 1022 2785 vid.)·,
1027 2726 1132 2785 ,mit
1188 2723 1418 2773 Ver—acli-

324 2802 447 2858 tuny
493 2796 663 2843 reiner-
711 2794 909 2855 Geqner
953 2793 1054 2854 auf
1094 2792 1177 2842 die
1222 2792 1418 2842 Allez‘n-

320 2861 617 2924 kerrselmfe
658 2861 935 2913 sinnmdst
1006 2863 1188 2925 Atque
1223 2861 1418 2926 Negris

325 2945 546 3010 quoque
568 2920 1008 3005 καταφρονήσας
1036 2932 1285 3009 exponit:
1323 2943 1419 2977 κα-

323 2994 394 3049 τὰ
432 2996 618 3061 φρένα
654 2991 1039 3061 ποιησάμενος
1074 3014 1180 3063 την
1215 3014 1420 3062 τυραν-

326 3066 481 3129 νίδα,
520 3073 584 3115 ιιι
615 3067 825 3116 scilicet
851 3082 969 3116 eam
991 3073 1302 3133 occuparet.
1324 3068 1417 3116 Fr.

325 3141 550 3202 Hoeger
586 3136 641 3183 in
664 3137 812 3185 Actt.
835 3135 1045 3199 philoll.
1070 3138 1417 3187 Monacenss.

326 3207 433 3269 111,
481 3210 536 3257 4.
589 3220 644 3269 p.
693 3204 813 3255 486.
864 3205 1031 3255 scribi
1077 3206 1194 3255 vult
1242 3198 1421 3269 κάρτα

329 3268 754 3341 «poenicae.—
684 3274 853 3323 —In
888 3288 1039 3339 seqq.
1078 3266 1266 3339 ἤγειρε
1304 3273 1419 3339 (ex-

327 3344 519 3408 citavit)
573 3357 695 3391 cum
740 3343 1008 3392 Bredovio
1061 3359 1117 3407 p.
1171 3342 1291 3394 300.
1352 3343 1462 3392 ab·

327 3404 524 3476 ἐγείραι
562 3410 931 3475 repetendum,
958 3427 1151 3477 neque,
1174 3416 1238 3461 ut
1270 3414 1423 3462 Diet-

326 3482 478 3532 schio
517 3478 676 3544 place
748 3479 1000 3541 (Jahrbb.
1040 3481 1092 3530 d.
1131 3480 1327 3530 Philol.
1365 3495 1420 3530 u.

324 3550 573 3613 Paedag.
610 3549 657 3597 L
791 3548 1044 3613 p.327.),
1083 3550 1153 3599 ab
1184 3539 1422 3613 ἆγείρωε

327 3620 535 3679 obstat,
562 3615 731 3693 quod
777 3618 1023 3699 sequitur
1060 3612 1326 3677 συλλέξας
1359 3610 1423 3665 δὲ

330 3678 709 3750 στρατιώταςς
763 3686 870 3734 nisi
916 3686 1000 3735 bis
1040 3686 1184 3736 idem
1219 3686 1424 3736 dixisse

328 3761 555 3821 putetur
592 3754 809 3816 Noster,
848 3755 992 3820 quod
1025 3755 1155 3804 mihi
1205 3755 1424 3820 quidem

328 3824 479 3874 haud
511 3822 775 3874 credibile
811 3838 931 3873 esse
963 3824 1198 3874 videtur.

395 3889 497 3942 καὶ
542 3888 623 3940 τοῦ
678 3885 825 3957 λόγῳ
884 3906 1000 3941 των
1056 3883 1423 3955 ὑπερακρίων

330 3940 652 4026 προστὰς]
634 3975 909 4011 1.e.cnm
944 3964 1172 4011 oratione
1202 3975 1422 4022 persua-

327 4034 483 4081 sisset
527 4033 795 4091 monem,
847 4043 953 4077 cum
997 4043 1083 4079 eos
1130 4029 1298 4079 verbis
1333 4029 1427 4078 ad-

330 4100 594 4167 duxisset,
652 4106 709 4147 ut
748 4100 944 4159 primas
988 4098 1092 4159 ipsi
1141 4099 1424 4160 deferrent.

330 4166 546 4218 Mavult
564 4133 831 4215 bietsch.
869 4164 908 4215 l.
947 4163 985 4214 l.
1041 4165 1174 4215 haec
1224 4166 1306 4215 ita
1341 4180 1431 4215 ac-

316 4238 539 4301 ·cipere,
591 4238 654 4283 ut
697 4236 868 4297 specie
912 4242 1058 4283 tenus
1110 4231 1213 4301 (τῷ
1262 4225 1428 4300 λόγῳ,

328 4321 435 4355 zm
481 4303 695 4366 Schein,
744 4304 852 4351 dem
892 4302 1080 4351 Numen
1124 4282 1279 4363 ηᾶοΙι)
1313 4306 1434 4352 tan·

1521 998 1612 1043 tur
1628 994 1972 1057 Pisistratus,
2003 994 2096 1058 qui
2128 1007 2318 1044 revera
2342 1009 2470 1044 suas
2491 998 2612 1045 tan·

1521 1068 1639 1113 tum
1677 1078 1763 1113 res
1801 1065 1857 1112 in
1897 1062 1983 1112 his
2029 1065 2380 1143 spectaverit.
2443 1065 2612 1128 Equi-

1523 1133 1666 1197 dem,
1714 1138 1777 1181 ut
1832 1133 2069 1182 concedo
2130 1130 2208 1199 τῷ
2260 1126 2404 1200 λόγῳ
2465 1133 2610 1183 haud

1522 1217 1645 1251 raro
1682 1202 1764 1251 sic
1796 1201 2058 1263 adhiberi,
2082 1201 2175 1251 ubi
2202 1202 2495 1267 opponitur
2529 1199 2608 1268 τῷ

1522 1266 1664 1339 ἔργῳ
1701 1270 1790 1320 vel
1826 1271 2094 1321 similibus
2122 1270 2194 1335 (Ι,
2229 1274 2350 1322 205.
2385 1272 2461 1333 ΙΙ,
2487 1270 2606 1321 100.

1520 1341 1619 1403 VI,
1658 1340 1742 1391 38.
1783 1340 1910 1402 VII,
1950 1340 2090 1405 155),
2125 1340 2206 1388 ita
2245 1341 2314 1389 ab
2349 1339 2610 1390 hocloco

1521 1410 1578 1459 id
1615 1409 1849 1460 alienum
1893 1412 2053 1473 puto,
2101 1408 2158 1457 iu
2203 1425 2309 1473 quo
2356 1410 2611 1460 Pisistra-

1520 1484 1610 1529 tus
1661 1494 1770 1529 non
1826 1479 2008 1543 specie
2054 1482 2268 1527 tautum
2315 1479 2605 1543 verboque,

1522 1548 1622 1599 sed
1668 1562 1860 1597 revera
1912 1548 2185 1597 montanis
2231 1546 2351 1598 sola
2395 1549 2612 1597 dicendi

1522 1619 1579 1666 vi
1615 1618 1896 1682 permotis,
1931 1621 1992 1666 ut
2027 1616 2203 1681 ipsum
2238 1623 2609 1681 sequerentur,

1520 1687 1830 1752 praefuisse
1882 1684 2099 1736 dicitur.
2171 1686 2352 1736 Suave
2396 1687 2612 1735 dicendi

1522 1771 1693 1822 genus
1730 1770 2015 1821 moresque
2062 1755 2324 1804 humanos
2375 1756 2433 1804 in
2476 1756 2614 1804 Pisi-

1525 1831 1701 1876 strato
1739 1824 2016 1875 collaudat
2063 1823 2345 1874 Plutarch.
2394 1825 2451 1872 in
2495 1825 2609 1874 vit.

1525 1895 1711 1945 Solon.
1750 1910 1872 1958 cap.
1911 1894 1997 1956 29,
2033 1893 2128 1943 ubi
2163 1893 2277 1943 vid.
2326 1892 2503 1973 plura.

1595 1960 1663 2011 οῖ’
1685 1978 1785 2042 μιν
1823 1931 2135 2011 ἐλαύνοντα
2170 1952 2227 2018 ἐς
2263 1953 2445 2026 ἀγρὸν
2475 1954 2613 2025 ἠθέ-

1521 2030 1703 2096 λησαν
1752 2023 2028 2081 ἀπολέσαι
2085 2027 2296 2098 δῆθεν]
2356 2023 2615 2081 ἐλαυνειν

1519 2101 1612 2151 hic
1643 2101 1909 2181 absolute,
1948 2101 2038 2149 cui
2070 2099 2234 2165 paulo
2285 2106 2413 2151 ante
2458 2101 2612 2151 addi-

1521 2170 1677 2220 derat
1722 2162 1786 2219 τὸ
1832 2167 2045 2233 ζεῦγος.
2118 2170 2277 2220 Conf.
2331 2171 2611 2223 Schaefer.

1518 2239 1592 2289 ad
1627 2240 1905 2289 Lambert.
1954 2239 2083 2289 Bos.
2137 2239 2361 2305 Ellipss.
2409 2241 2475 2290 L.
2517 2240 2611 2290 Gr.

1519 2324 1646 2374 pag.
1685 2309 1805 2359 868.
1846 2307 1968 2358 coll.
1992 2323 2119 2373 pag.
2153 2310 2237 2359 41.
2262 2339 2335 2350 —
2357 2299 2468 2366 ἐς’
2435 2301 2615 2373 αγρὸν

1518 2378 1698 2427 refero
1736 2377 1807 2426 ad
1835 2376 1959 2427 loca
1980 2378 2200 2428 Atticae
2225 2382 2403 2428 terrae
2427 2378 2610 2442 plana,

1518 2446 1615 2496 ubi
1653 2447 1986 2496 Pediaeoman
2020 2447 2206 2508 factio,
2240 2446 2376 2496 duce
2409 2447 2613 2511 Lycur-

1521 2531 1612 2582 go,
1663 2514 1952 2579 plurimum
2002 2512 2196 2565 valuit.
2271 2515 2408 2564 Cum
2460 2514 2612 2563 hisce

1523 2589 1707 2633 autem
1767 2584 2012 2648 proxime
2079 2583 2425 2633 contendisse
2469 2584 2611 2633 Pisi-

1522 2658 1757 2703 stratum
1805 2658 1999 2702 auctor
2058 2656 2142 2701 est
2187 2651 2508 2701 Aristoteles
2556 2653 2613 2699 in

1520 2721 1688 2772 Polit.
1721 2722 1788 2784 V,
1829 2722 1879 2771 5.
1935 2720 2043 2770 Sed
2081 2721 2304 2771 paratos
2338 2721 2509 2771 fuisse
2546 2734 2613 2770 ex

1520 2790 1801 2855 Polyaeno
1841 2788 1908 2853 (1,
1949 2790 2034 2840 21.
2074 2788 2123 2852 §.
2162 2788 2239 2851 3.)
2292 2791 2412 2854 quis
2464 2788 2614 2840 colli-

1521 2864 1636 2925 gat,
1671 2859 1766 2909 ubi
1802 2859 2105 2924 Megacles,
2151 2860 2309 2910 huius
2357 2858 2613 2909 factionis

1523 2929 1652 2991 dux,
1711 2928 2057 2995 adversarius
2109 2930 2420 2979 nominatur
2471 2928 2614 2979 Pisi-

1523 2998 1704 3060 strati,
1743 2998 1837 3063 qni
1866 2999 1985 3063 ipse
2029 3013 2328 3064 pauperum
2373 3013 2460 3048 res
2510 2998 2616 3048 tui-

1522 3072 1612 3117 tus
1642 3068 1733 3117 sit.
1785 3069 1870 3117 Tu
1906 3067 2016 3123 vid.
2066 3083 2232 3133 supra
2279 3068 2507 3132 disputt.
2543 3095 2617 3107 —-·

1522 3137 1589 3186 In
1637 3151 1775 3186 voce
1820 3133 2011 3199 ’δῆθεν
2056 3136 2277 3202 elegans
2323 3138 2470 3187 inest
2513 3137 2617 3186 iro·

1522 3206 1650 3254 niae
1685 3204 1951 3269 quaedam
1988 3206 2335 3271 significatio,
2361 3206 2465 3257 hoc
2503 3206 2616 3255 fere

1524 3289 1715 3323 sensu:
1760 3275 1889 3338 „qui
1929 3277 2187 3325 scilieet
2234 3274 2303 3339 (s.
2352 3280 2414 3324 ut
2454 3276 2617 3323 simu-

1522 3341 1698 3407 labat)
1745 3344 1904 3405 ipsum
1949 3346 2000 3393 in
2045 3358 2245 3405 campos
2294 3345 2618 3406 proficiscen-

1526 3419 1621 3461 tem
1654 3414 1938 3473 interficere
1970 3413 2259 3462 voluissent.
2268 3412 2304 3437 “
2343 3411 2435 3461 Sic
2459 3410 2613 3472 1,73.

1524 3479 1625 3541 VI,
1665 3481 1714 3531 1.
1752 3478 1837 3530 39.
1868 3479 1955 3529 66.
1993 3479 2119 3529 Alia
2135 3479 2317 3528 Zeune
2340 3478 2411 3528 ad
2427 3447 2614 3545 vi’ger.

1526 3563 1656 3613 pag.
1693 3547 1816 3598 499.
1855 3552 1967 3597 ιιοι.
2020 3552 2075 3596 et
2123 3546 2325 3596 Matth.
2376 3548 2468 3599 Gr.
2502 3547 2612 3596 Gr.

1527 3620 1576 3679 9.
1617 3616 1737 3666 603.
1779 3630 1905 3680 pag.
1948 3615 2101 3665 1210.
2140 3616 2224 3665 De
2259 3606 2346 3672 ὡς’
2385 3613 2618 3679 δῆθεν

1525 3684 1737 3734 ιιιοιιιιίι
1771 3682 2074 3734 Blomfield.
2116 3684 2184 3733 ad
2208 3684 2464 3749 Aeschyl.
2484 3685 2616 3739 Pro·
2659 3704 2664 3710 ¹

1526 3754 1691 3803 meth.
1715 3751 1837 3802 210.
1867 3751 1952 3803 Ad
1973 3758 2348 3818 argumentum
2374 3755 2460 3807 Or.
2492 3769 2617 3804 con-

1527 3823 1636 3873 fert
1683 3821 1877 3871 similis
1921 3822 2131 3872 fraudis
2170 3814 2237 3872 ab
2274 3823 2435 3874 Ulixe
2471 3839 2616 3875 com

1525 3886 1728 3940 mis'sae
1801 3890 2103 3955 exemplum
2174 3893 2319 3957 apud
2392 3893 2614 3943 Homer.

1528 3959 1729 4025 Odyss.
1767 3959 1861 4021 IV,
1890 3960 2013 4012 244.
2053 3962 2234 4026 Atque
2256 3962 2416 4012 huius
2443 3963 2617 4027 ipsius

1528 4029 1881 4078 Pisistratum
1934 4029 2062 4079 olim
2118 4029 2401 4080 admonuit
2455 4031 2623 4080 Solon

1531 4098 1677 4161 apud
1701 4098 1981 4149 Plutarch.
2017 4099 2130 4149 vit.
2156 4099 2344 4149 Solon.
2382 4114 2502 4163 cap.
2532 4099 2620 4149 30.

1531 4181 1586 4229 p.
1635 4168 1706 4217 95
1757 4168 1828 4217 D.
1887 4168 2004 4218 Nec
2057 4168 2244 4231 dispar
2294 4172 2378 4216 est
2421 4167 2622 4232 Zopyri

1535 4233 1684 4284 fraus
1723 4235 1868 4299 apud
1894 4235 2160 4286 Herodot.
2200 4236 2308 4297 ΙΙΙ,
2345 4235 2440 4285 154
2466 4251 2617 4300 seqq.

1535 4318 1600 4352 ac
1647 4303 1899 4368 Dionysii
1956 4305 2102 4368 apud
2161 4303 2388 4354 Diodor.
2447 4303 2616 4353 Sicul.

330 4380 445 4423 tum
494 4371 774 4467 montanis
818 4371 1127 4434 praefuisse
1162 4371 1434 4421 existime-
1534 4368 1684 4433 XXI,
1722 4370 1791 4421 95
