3109 5092
473 384 592 446 182

1334 327 1868 439 HERoDOTI

467 567 717 649 τείχεος
745 564 932 648 δῶρα
977 555 1244 627 δώσειν.
1308 552 1474 644 μετὰ
1501 553 1578 624 δὲ
1603 557 1834 639 τοῦτο,
1875 553 2365 642 πειρησαμένης
2392 556 2513 641 τῆς
2540 573 2741 643 στρα-

466 672 642 754 τιῆς,
699 658 789 742 ὥς
841 659 924 731 οὐ
979 659 1391 749 προεχώρεε,
1449 655 1751 729 ἐνθαῦτα
1795 662 1935 726 τών
1987 654 2214 727 ἄλλων
2269 660 2744 746 πεπαυμένων,

466 767 636 858 ἀνὴρ
667 765 949 856 Μάρδος
991 762 1298 850 ἐπειρᾶτο
1340 769 1805 852 προσβαίνων,
1851 766 1944 854 τῷ
1971 757 2228 849 οὕνομα
2255 753 2346 851 ἦν’
2375 757 2741 851 Ὑροιάδης,

467 870 633 943 κατὰ
669 875 866 940 τοῦτο
905 872 1021 956 τῆς
1062 864 1493 957 ἀκροπόλιος,
1535 871 1618 953 τῇ
1659 863 1885 945 οὐδεὶς
1925 861 2230 934 ἐτέτακτο
2271 864 2604 954 φύλακος·
2659 863 2829 934 οὐ42

465 974 594 1065 γὰρ
626 967 713 1065 ἦν
741 970 1006 1057 δεινὸν,
1048 969 1216 1040 κατὰ
1241 975 1436 1040 τοῦτο
1477 967 1570 1058 μὴ
1596 964 1739 1062 ἁλῷ
1764 970 1934 1037 κοτέ.
1983 965 2310 1057 ἀπότομός
2336 995 2408 1039 τε
2439 967 2567 1059 γάρ
2605 966 2744 1038 ἐστι

465 1073 744 1168 ταύτῃὴ
791 1074 1151 1166 ἀκρόπολις
1193 1076 1307 1143 καὶ
1345 1070 1629 1162 ἄμαχος·
1687 1079 1768 1161 τῇ
1809 1068 1971 1141 οὐδὲ
2013 1074 2291 1162 Μήλης,
2333 1068 2370 1142 ὁ
2416 1070 2745 1163 πρότερον

465 1179 782 1272 βασιλεὺς
807 1184 1167 1266 Σαρδίων,
1215 1174 1434 1265 μούνῃ
1474 1173 1558 1245 οὐ
1587 1174 1966 1266 περιήνεικε
1993 1172 2112 1245 τὸν
2143 1179 2417 1262 λέοντα,
2459 1175 2578 1246 τόν
2611 1181 2680 1245 οἱ
2702 1171 2743 1265 ἡ

468 1281 775 1373 παλλακὴ
819 1289 1036 1367 ἔτεκε,
1096 1283 1535 1369 Τελμησσέων
1589 1278 2045 1363 δικασάντων,
2108 1274 2197 1360 ὥς
2239 1281 2740 1368 περιενειχθέν-

465 1416 575 1468 τος
611 1392 732 1457 τοῦ
771 1389 1037 1465 λέοντος
1081 1383 1154 1453 τὸ
1206 1399 1454 1472 τεῖχος,
1502 1387 1766 1452 ἔσονται
1810 1382 2107 1472 Σάρδιες
2141 1381 2491 1453 ἀνάλωτοι.
2571 1378 2609 1451 ὁ
2665 1383 2740 1453 δὲ

465 1589 504 1639 i.
546 1606 593 1639 e.
634 1590 684 1638 ei
717 1591 802 1652 qm·
829 1587 1020 1650 primus
1056 1587 1249 1636 moenia
1279 1584 1555 1634 adscende-

464 1663 551 1712 rit.
598 1657 836 1709 Genitivi
862 1672 1019 1707 usum
1043 1660 1167 1720 post
1187 1655 1408 1704 verbum
1435 1643 1555 1702 ἐπι-

466 1726 687 1797 βαίνειν
731 1728 787 1775 in
831 1726 983 1775 hisce
1023 1724 1281 1789 exemplis
1318 1722 1555 1773 illustra-

463 1799 640 1848 vimus
675 1796 745 1846 ad
764 1794 912 1847 Plut.
938 1796 1130 1860 Pyrrh.
1151 1812 1205 1859 p.
1237 1795 1357 1844 214.
1399 1790 1553 1867 *Αδᾱζ

462 1867 667 1919 Herod.
687 1866 958 1927 1x‚70.—
985 1864 1158 1915 Paulo
1195 1869 1345 1929 post:
1374 1857 1450 1920 ὡς
1486 1877 1554 1910 ου

464 1928 779 2002 προεχώρεε
821 1933 966 1998 (,,ιιῠι”
998 1951 1083 1984 res
1119 1950 1216 1983 non
1252 1930 1553 1995 suecessit“)

381 2016 393 2025 ·
460 2008 601 2056 bene
634 2005 867 2066 editum,
927 2010 982 2053 et
1018 2003 1306 2069 probatum
1350 2003 1428 2065 V,
1466 2002 1551 2053 62.

462 2076 617 2137 VIII,
648 2075 759 2125 102.
808 2074 989 2123 Minus
1022 2079 1168 2123 recte
1189 2073 1316 2122 libri
1333 2071 1554 2137 qnidam

464 2135 834 2208 προσεχώρεε.
1496 2196 1515 2215 7

532 2204 679 2275 ἀνὴρ
718 2204 964 2272 Μάρδος
991 2240 1062 2249 —
1094 2205 1173 2271 τῷ
1209 2197 1434 2272 οὕνομα
1480 2223 1554 2272 ην

453 2271 781 2344 ’Τροιάδης]
855 2282 939 2329 De
976 2278 1182 2328 Mardis
1220 2278 1363 2327 infra
1400 2277 1470 2327 ad
1508 2278 1550 2339 Ι,

466 2351 585 2400 125.
623 2349 726 2410 ΙΙΙ,
753 2349 839 2399 94.
892 2351 1015 2398 Hoc
1045 2348 1164 2397 loco
1204 2363 1269 2397 ex
1294 2347 1553 2396 Heerenii

463 2420 628 2469 Ideen
668 2424 771 2468 etc.
830 2418 885 2481 1,
922 2418 969 2467 l.
1020 2433 1145 2482 pag.
1183 2417 1286 2467 510
1323 2421 1548 2465 annota-

462 2505 610 2553 mus,
659 2488 910 2550 Mardos,
960 2492 1177 2553 gentem
1223 2486 1546 2549 Nomadum,

462 2560 591 2610 olim
624 2559 913 2608 Persarum
942 2562 997 2607 et
1035 2557 1206 2622 ipsius
1246 2557 1372 2621 Cyri
1401 2572 1548 2607 exer-

462 2630 604 2680 citus
625 2629 817 2678 eodem
841 2627 1000 2677 modo
1028 2633 1244 2678 secutos
1274 2642 1413 2688 esse,
1441 2642 1547 2691 quo

458 2716 602 2749 nnnc
627 2701 926 2749 Russorum
962 2698 1255 2748 exercitum
1287 2697 1440 2761 sequi
1470 2697 1548 2744 vi-

461 2770 650 2819 demus
671 2785 764 2818 eas
787 2773 995 2833 gement,
1020 2784 1159 2832 quae
1184 2765 1270 2816 vel
1286 2765 1548 2816 Baschki-

458 2855 639 2888 rorum
693 2838 781 2887 vel
824 2837 1251 2887 Kalmiickorum
1300 2836 1387 2885 vel
1435 2835 1546 2886 alio

462 2908 656 2972 quovis
694 2906 857 2956 simili
891 2907 1107 2955 nomine
1144 2910 1449 2955 occurrant.

530 2967 598 3023 οὗ
645 2968 749 3038 γὰρ
796 2964 870 3037 ἦν
906 2967 1131 3035 δεινὸν,
1188 2966 1331 3021 κατὰ
1375 2971 1546 3021 τοῦτο

457 3036 534 3108 μὴ
571 3033 687 3107 ἁλῷ
734 3042 882 3109 κοτέ]
930 3044 965 3092 i.
1007 3059 1053 3092 e.
1092 3058 1224 3104 „non
1255 3046 1379 3093 enim
1414 3045 1546 3092 time-

458 3115 626 3165 batur.
664 3128 725 3161 ne
758 3112 855 3161 hac
885 3120 1040 3174 parce
1075 3127 1181 3160 arx
1214 3113 1545 3174 ceperam-:⁴

460 3182 664 3232 Attulit
699 3181 904 3244 locum,
949 3184 1176 3230 notante
1222 3183 1341 3237 Cr.,
1390 3182 1545 3245 Wyt-

459 3250 782 3302 tenbachius
810 3252 865 3300 in
895 3255 1142 3300 annotat.
1169 3250 1238 3299 ad
1258 3250 1537 3300 Phaedon.

456 3338 510 3387 p.
556 3322 659 3371 2⁶23
708 3320 777 3370 ad
824 3318 1203 3370 illustrandam
1256 3320 1541 3369 formulam

458 3381 629 3440 οὐδὲν
678 3382 873 3439 δεινὸν
921 3381 1031 3453 μὴ,
1077 3393 1261 3440 nullum
1298 3397 1374 3440 est
1405 3394 1544 3454 peri-

454 3465 630 3523 culum,
670 3476 750 3511 ne.
806 3461 918 3511 Ubi
946 3460 1056 3510 alia
1085 3475 1298 3525 quoque
1325 3466 1543 3510 exstant

455 3530 718 3596 exempla.
800 3530 885 3580 Ad
932 3530 1264 3580 coniunctivi
1314 3530 1541 3580 sormam

452 3592 569 3666 ἁλῷ
590 3601 894 3666 pertinent,
935 3615 1074 3666 quae
1096 3599 1325 3650 Bredov.
1359 3616 1411 3665 p.
1438 3601 1537 3650 401

454 3671 728 3720 disseruit.
805 3665 1062 3732 φύλακος
1094 3674 1409 3720 constanter
1433 3671 1541 3720 He-

453 3740 676 3789 rodotus
703 3740 841 3789 dixit
866 3755 961 3805 pro
983 3739 1197 3803 vulgari
1223 3740 1398 3789 forma
1431 3732 1541 3801 φύ-

451 3806 584 3868 λαξ,
621 3814 765 3858 recte
806 3814 1105 3859 annotante
1145 3814 1199 3858 et
1246 3808 1397 3858 locos
1433 3809 1542 3858 He-

452 3877 706 3925 rodoteos
751 3893 936 3927 omnes
985 3878 1260 3928 indicante
1302 3877 1536 3929 BredOV.

492 3982 504 3996 .
545 3946 667 3994 252.

454 3961 489 4009 p
521 4011 592 4077 τῇ
627 4003 765 4061 οὐδὲ
794 4004 1027 4077 Μήλης,
1064 4003 1094 4062 ὁ
1130 4005 1413 4077 πρότερον
1442 4009 1539 4080 βα.

451 4074 636 4138 σιλεὺς
661 4079 933 4145 Σαρδίων
966 4097 1017 4131 κ.
1046 4097 1094 4130 τ.
1121 4081 1191 4147 λ.]
1225 4081 1372 4132 Male
1397 4075 1537 4145 πρό-

442 4144 610 4213 ’τερος
648 4151 703 4199 in
739 4150 1080 4214 quibusdam,
1122 4166 1227 4216 quo
1268 4152 1384 4215 ipso
1417 4166 1536 4200 sen-

449 4236 544 4270 sus
582 4220 663 4269 ita
697 4225 1016 4283 mutaretur,
1057 4226 1119 4270 ut
1148 4220 1534 4281 intelligendus

448 4294 598 4340 esset
636 4304 729 4338 rex
768 4289 968 4339 Croeso
1006 4291 1152 4354 prior
1189 4306 1234 4340 s.
1276 4290 1536 4340 Croesum

447 4360 692 4424 proxime
722 4359 1068 4409 antecedens.
1124 4360 1371 4410 Pertinet
1403 4375 1533 4411 vero

446 4430 555 4482 iste
573 4428 743 4479 Meles
773 4429 842 4479 ad
870 4430 1040 4481 multo
1066 4430 1376 4496 antiquiora
1404 4434 1535 4481 tem-

1658 1598 1817 1649 pora3
1857 1583 2185 1648 penultimus
2232 1585 2372 1634 enim
2404 1585 2614 1650 Lydiae
2648 1600 2744 1634 rex

1657 1655 2074 1704 Heraclidarum
2111 1671 2176 1705 ex
2209 1655 2379 1718 stirpe
2419 1655 2584 1719 (conf.
2617 1654 2661 1715 1,
2688 1654 2740 1717 7)

1660 1722 1797 1785 fuit,
1851 1724 1898 1772 si
1945 1724 2080 1774 fides
2117 1725 2355 1773 Eusebio
2393 1725 2449 1773 in
2488 1724 2740 1774 Chronic.

1657 1809 1784 1857 pag.
1834 1795 1920 1843 50.
2010 1794 2185 1843 Multo
2237 1800 2418 1844 tamen
2466 1794 2745 1858 antiquior

1660 1868 1743 1911 est
1779 1862 2004 1912 Nicolao
2041 1865 2366 1913 Damascen.
2402 1865 2457 1912 in
2489 1864 2740 1927 frag-mm.

1657 1948 1785 1996 pag.
1824 1932 1909 1983 36.
1955 1932 2052 1983 18ss
2091 1933 2174 1982 ed.
2219 1932 2387 1983 Orell.
2425 1934 2610 1999 ibique
2637 1934 2744 1984 Va-

1660 2002 1785 2052 lesii
1825 2006 1941 2051 not.
2149 2022 2180 2039 κ

1730 2062 1831 2120 τὸν
1876 2067 2101 2131 λέοντα,
2158 2061 2259 2118 τόν
2306 2063 2362 2118 οἰ
2407 2060 2437 2135 ἡ
2487 2062 2742 2135 παλλακὴ

1655 2135 1824 2205 ἔτεκε]
1872 2142 2110 2189 Leonem
2159 2155 2372 2190 sacrum
2415 2156 2536 2190 esse
2572 2142 2741 2205 Lydis

1658 2225 1949 2273 eorumque
1965 2209 2229 2273 religione
2242 2209 2521 2273 celebrari,
2543 2212 2742 2275 quippe

1658 2280 1788 2328 solis
1810 2280 2026 2345 signum
2061 2284 2114 2328 et
2135 2280 2429 2345 palladium
2459 2282 2617 2345 quasi
2637 2282 2743 2344 Ly-

1657 2349 1846 2399 dorum
1878 2364 2093 2414 regum,
2141 2365 2307 2414 supra
2336 2350 2445 2399 iam
2478 2350 2742 2400 indicavi-

1653 2434 1770 2468 mus
1825 2418 1892 2467 ad
1919 2419 1962 2477 I,
1998 2420 2081 2470 50.
2150 2420 2318 2470 Plura
2351 2420 2649 2469 Creuzerus
2687 2421 2740 2469 in

1653 2488 1894 2552 Symbol.
1917 2488 1993 2541 11.
2018 2505 2070 2553 p.
2086 2488 2188 2540 633
2208 2505 2321 2554 seq.
2339 2489 2422 2539 ed.
2442 2494 2565 2539 tert.
2584 2490 2741 2540 Unde

1651 2558 1967 2608 llerodotea
2013 2560 2254 2609 narratio
2298 2559 2474 2609 minus
2517 2559 2740 2609 habebit

1652 2628 1796 2692 quod
1817 2627 2072 2677 offendat.
2101 2629 2264 2679 Venit
2292 2644 2504 2694 quoque
2524 2631 2578 2678 in
2598 2646 2742 2680 men·

1652 2703 1761 2747 tem
1789 2698 2032 2749 Graecae
2066 2699 2395 2749 narrationis
2424 2699 2490 2749 de
2515 2700 2740 2749 Periclis

1653 2774 1842 2828 matre,
1860 2782 1999 2832 quae
2016 2768 2262 2831 gravida,
2279 2775 2568 2833 antequam
2593 2769 2740 2819 illum

1654 2838 1934 2899 edidisset,
1963 2841 2146 2889 leonem
2173 2855 2364 2902 parere
2391 2840 2496 2889 sibi
2523 2840 2580 2889 in
2603 2856 2740 2889 som-

1651 2908 1735 2956 nis
1762 2907 2066 2957 videbatur.
2139 2909 2263 2958 vid.
2298 2909 2444 2959 Plut.
2485 2909 2680 2960 Pericl.
2705 2908 2738 2960 3

1653 2983 1707 3027 et
1744 2992 1884 3041 qnae
1928 2975 2000 3025 ad
2041 2977 2322 3029 Plutarch.
2377 2978 2644 3029 Alcibiad.
2684 2996 2736 3042 p.

1655 3046 1745 3096 151
1799 3051 1853 3095 et
1905 3046 2048 3096 infra
2097 3047 2170 3097 ad
2217 3048 2420 3100 Herod.
2469 3049 2574 3112 VI,
2637 3048 2733 3100 131

1648 3116 1980 3166 notavimus.

1723 3182 2090 3248 Τελμησσέων
2117 3176 2581 3251 δικασάντων]
2604 3186 2736 3237 Cum

1645 3253 2048 3305 Telmessenses
2087 3271 2195 3304 non
2234 3255 2438 3305 suerint
2474 3253 2734 3305 δικασταὶ

1644 3324 1926 3389 (iudices),
1975 3340 2160 3374 verum
2198 3325 2531 3375 coniectores
2569 3331 2622 3375 et
2660 3326 2736 3375 in-

1646 3398 1910 3459 terpretes
1930 3398 2320 3458 portentorum,
2339 3395 2734 3445 Valckenarius

1646 3465 1956 3528 suspicatur
1989 3464 2248 3545 scriptum
2279 3464 2449 3514 fuisse
2476 3458 2736 3514 είκασάν-

1646 3548 1760 3581 των
1775 3533 1896 3584 loco
1913 3529 2287 3596 δικασαντων,
2309 3533 2564 3584 Reiskius
2584 3550 2738 3600 prae-

1646 3607 1730 3652 ter
1754 3602 1887 3652 alia:
1921 3594 2299 3662 διδαξάντων.
2341 3604 2581 3665 Quorum
2608 3620 2737 3654 neu-

1646 3678 1788 3722 trum
1824 3671 1956 3722 mihi
1985 3671 2064 3721 ita
2089 3673 2379 3737 probatur,
2417 3677 2481 3723 ut
2511 3674 2734 3724 verbum

1645 3733 2031 3805 δικασάντων,
2088 3741 2233 3807 quod
2294 3742 2350 3791 in
2388 3743 2635 3793 omnibus
2671 3743 2734 3792 li-

1645 3811 1758 3860 bris
1795 3815 2006 3872 exstat,
2044 3809 2166 3861 loco
2196 3827 2463 3861 moveam.
2536 3813 2734 3863 Admo-

1644 3887 1738 3930 net
1763 3880 2014 3945 Sehwgh.
2054 3880 2206 3930 verbi
2243 3874 2586 3945 ἔγνωσαν,
2626 3898 2731 3947 quo

1643 3951 1700 3999 in
1737 3965 1794 3999 re
1837 3949 2108 3999 simillima
2145 3965 2276 4000 usus
2325 3955 2410 4000 est
2445 3951 2645 4000 Noster
2682 3951 2731 4012 1,

1645 4019 1738 4081 78,
1776 4034 1877 4069 nec
1921 4019 2082 4069 video
2130 4020 2379 4084 equidem
2417 4034 2511 4069 cur
2552 4020 2730 4069 minus

1642 4089 1825 4139 valeat
1854 4089 2153 4139 sententia:
2192 4106 2338 4150 „eum
2367 4089 2732 4139 Telmessenses

1640 4161 1932 4209 statuissent
1967 4159 2032 4208 de
2072 4175 2131 4209 re
2175 4159 2273 4208 sibi
2318 4158 2392 4208 od
2423 4160 2730 4220 respondeu-

1641 4230 1753 4277 dmu
1782 4230 2005 4294 adeoque
2036 4228 2358 4280 dirimendum
2393 4235 2444 4278 et
2468 4229 2730 4290 emican-

1640 4298 1753 4346 dum
1817 4298 2102 4362 roposita.“
2138 4298 2384 4362 Euripid.
2402 4297 2728 4348 Orestdffl:

1640 4354 1726 4415 ὅτ’
1797 4363 1861 4416 πὶ
1898 4364 2129 4432 τρίποδι
2167 4364 2414 4430 Θέμιδος
2447 4356 2543 4430 ἄρ’
2583 4356 2728 4415 ἐδί-

1639 4449 1856 4486 κασεν
1904 4428 2091 4500 φόνον
2141 4427 2173 4485 ὁ
2209 4433 2423 4497 Λοξίας
2453 4427 2587 4500 ἐμᾶς
2621 4449 2724 4500 μα-
