3109 5092
1164 338 1660 399 EUTERPE.
1709 338 1793 398 11.
1837 345 1925 400 36.

2556 331 2680 392 507

405 517 781 598 λογίζονται
821 508 1108 599 ψήφοισι
1125 561 1144 596 ,
1182 506 1502 599 Ἕλληνες
1537 511 1665 601 μὲν
1706 508 1836 582 ἀπὸ
1875 516 2015 582 τῶν
2039 510 2414 601 ἀριστερῶν
2453 511 2564 580 ἐπὶ
2602 506 2684 579 τὰ

405 611 593 697 δεξιὰ
646 615 967 702 φέροντες
1024 612 1148 701 τὴν
1209 630 1430 703 χεῖρα,
1511 614 1869 702 Αἰγύπτιοι
1928 616 2003 685 δὲ
2059 613 2191 686 ἀπὸ
2257 618 2395 682 τῶν
2443 617 2684 696 δεξιῶν

403 719 514 788 ἐπὶ
574 715 654 787 τὰ
692 713 1048 806 ἀριστερά·
1115 717 1228 786 καὶ
1281 721 1630 799 ποιεῦντες
1680 724 1891 788 ταῦτα
1943 715 2133 789 αὐτοὶ
2175 720 2301 806 μέν
2349 736 2515 804 φασι
2573 717 2683 785 ἐπὶ

404 817 590 904 δεξιὰ
659 820 949 905 ποιέειν,
996 814 1327 908 Ἕλληνας
1397 819 1472 889 δὲ
1536 817 1644 890 ἐπ’
1718 818 2055 911 ἀριστερά.

404 993 631 1054 gnatum
687 988 860 1037 fnisse
917 985 1312 1037 contenderunt
1370 1003 1489 1037 cum

403 1058 796 1124 Aegyptiorum
822 1071 1070 1107 sermone
1087 1072 1154 1107 ac
1175 1057 1489 1121 scriptione,

403 1129 601 1193 quibus
628 1127 725 1177 alii
749 1126 1144 1191 obloquuntur,
1183 1128 1276 1191 qni
1317 1126 1492 1177 diver-

405 1214 524 1249 sum
558 1198 730 1248 fuisse
751 1196 964 1247 volunt.
1035 1195 1247 1246 Deinde
1274 1195 1368 1246 alii
1397 1196 1492 1246 du-

400 1267 594 1333 plicem
632 1266 957 1331 scripturam
986 1265 1381 1331 Aegyptiacam
1402 1282 1492 1316 ve-

404 1343 572 1389 terem
602 1341 936 1402 agnoscunt,
977 1337 1230 1386 commoti
1255 1337 1377 1401 ipsa
1400 1351 1493 1385 au-

401 1409 661 1459 ctoritate
707 1407 882 1471 patris
938 1406 1226 1467 historiae,
1287 1410 1349 1456 ut
1399 1406 1491 1470 qui

400 1477 714 1542 vigentibus
736 1475 908 1526 literis
933 1476 1238 1541 Aegyptum
1263 1475 1489 1525 adierit:

400 1547 495 1597 alii
547 1545 846 1611 triplicem,
911 1545 1168 1609 quoniam
1221 1543 1489 1609 triplicem

403 1620 708 1683 agnoscant
745 1614 992 1664 Clemens
1015 1614 1305 1664 Alexandr.
1337 1615 1489 1664 Stro-

401 1691 533 1736 mat.
572 1687 640 1737 V.
681 1699 799 1750 cap.
839 1687 893 1735 4.
925 1699 1053 1748 pag.
1100 1684 1203 1734 657
1239 1685 1388 1734 Pott.
1436 1689 1489 1732 et

400 1754 733 1820 Porphyrius
783 1754 850 1802 de
897 1754 999 1804 vit.
1035 1754 1273 1818 Pythag.
1313 1757 1363 1813 ,8.
1407 1754 1488 1803 12.

400 1841 455 1890 p.
508 1826 575 1875 15
622 1824 829 1874 Kust.“
912 1823 1164 1872 Creuzer.
1228 1823 1283 1871 in
1333 1822 1489 1871 Com—

399 1898 592 1945 mentt.
631 1892 874 1943 Herodd.
900 1907 954 1956 p.
981 1891 1100 1953 371,
1138 1893 1230 1957 qui
1261 1893 1319 1941 in
1354 1897 1487 1942 nota

404 1964 650 2014 subiecta
669 1978 752 2012 nr.
788 1961 893 2013 386
915 1961 1098 2026 plures
1124 1960 1318 2012 laudat
1341 1962 1487 2012 viros

402 2034 623 2092 doctos,
663 2032 756 2096 qui
792 2032 860 2081 de
895 2032 979 2081 his
1017 2032 1369 2095 scripserunt.

471 2099 786 2166 λογίζονται
823 2093 1100 2166 ψήφοισι]
1136 2102 1173 2150 i.
1205 2117 1252 2150 e.
1286 2103 1488 2158 ,calcu-

399 2174 465 2222 lis
497 2177 778 2233 sommant
805 2171 998 2221 Graeci
1028 2184 1062 2220 a
1086 2171 1309 2220 sinistra
1334 2176 1489 2233 parte

400 2240 471 2291 ad
506 2240 750 2291 dextram
786 2244 1167 2303 promoventes
1207 2239 1465 2287 mmmm!

401 2310 605 2361 Cora‘es
643 2306 820 2372 (cuius
842 2308 1017 2358 locum
1052 2306 1347 2370 adscripsit
1372 2307 1459 2356 Cr.
1465 2307 1483 2370 )

402 2380 469 2430 ad
507 2378 789 2428 Heliodor.
837 2391 967 2441 pag.
1014 2377 1117 2426 315
1150 2372 1390 2440 ψήφους
1430 2381 1485 2425 et

397 2450 452 2499 h.
490 2449 529 2498 l.
573 2452 629 2497 et
661 2445 888 2496 Diodor.
927 2445 1094 2495 Sicul.
1129 2447 1255 2508 XII,
1295 2445 1356 2495 13
1391 2461 1485 2495 ex·

396 2518 569 2597 plicat
595 2516 771 2596 Chiffi
775 2531 868 2576 ·‚es
927 2505 1031 2595 ⁰²31
1073 2483 1276 2595 ἑτέρας
1331 2507 1487 2592 παρᾴ

397 2580 467 2637 τὰ
490 2576 826 2666 γράμματα,
854 2553 984 2633 ἀλλ’
1018 2575 1165 2633 αὐτὰ
1202 2583 1380 2633 ταῦτα
1417 2577 1485 2633 τὰ

399 2650 816 2787 {5:‘355‘33332
831 2650 1484 2788 32232‘2321035322}

396 2809 556 2860 μενα.
639 2794 821 2843 Minus
870 2797 1046 2856 recte,
1102 2808 1221 2842 mea
1268 2791 1482 2857 quidem

399 2881 464 2916 ex
493 2864 783 2915 sententia.

455 2922 731 2997 ’Έλληνες
774 2925 879 2995 μὲν
932 2920 1048 2979 ἀπὸ
1103 2929 1218 2979 ταῖν
1263 2922 1481 2992 ἄριστε-

399 2999 516 3064 ρῶν
558 3017 610 3051 κ.
653 3018 701 3051 τ.
741 2999 864 3066 λ.,]
871 2999 1050 3061 ,Quod
1093 3000 1365 3050 scribendi
1401 3015 1486 3049 ra-

395 3073 602 3122 tionem
651 3072 876 3130 attinet,
927 3068 1029 3119 hoc
1075 3071 1293 3120 nomine
1337 3071 1482 3135 patri

396 3139 660 3191 historiae
682 3140 834 3190 litem
851 3138 1200 3189 intenderunt
1216 3139 1481 3190 nonnulli.

400 3213 639 3273 Quorum
688 3214 871 3259 tamen
908 3212 1136 3258 conatus
1187 3209 1484 3259 retundunt

396 3280 682 3344 inscriptio
719 3280 1024 3329 Rosettana
1070 3278 1294 3343 eiusque
1337 3277 1484 3328 docti

395 3350 751 3413 interpretes,
792 3363 822 3397 e
858 3346 1055 3411 quibus
1089 3347 1252 3412 Sacyi
1299 3346 1484 3409 (lettre

398 3434 469 3468 au
505 3418 599 3468 cit.
640 3416 892 3480 Chaptal‚
944 3416 1145 3466 minist.
1198 3417 1264 3466 de
1310 3415 1484 3465 l’intd-

397 3488 561 3550 rieur,
599 3502 698 3552 par
733 3486 956 3536 Silvest.
995 3484 1061 3534 de
1085 3488 1230 3551 Saey
1265 3487 1299 3535 a
1327 3486 1483 3535 Paris

387 3555 551 3607 4802.
588 3571 716 3620 pag.
756 3555 844 3606 37.
871 3552 959 3617 38)
992 3555 1160 3606 verba
1188 3570 1483 3619 apponam:

401 3628 491 3686 „w
496 3628 549 3675 ai
585 3623 713 3688 ddja
760 3624 867 3686 dit,
916 3637 1022 3688 que
1059 3622 1118 3672 la
1161 3624 1380 3674 marche
1418 3623 1484 3672 de

397 3693 674 3745 l‘dcriture
709 3693 1056 3758 Egyptienne
1102 3693 1170 3743 de
1214 3698 1373 3743 notre
1408 3685 1487 3742 in-

399 3760 661 3828 scription
698 3767 785 3813 est
828 3760 1141 3813 conformes
1177 3763 1211 3812 a
1246 3760 1383 3811 celle
1418 3761 1485 3811 de

395 3831 666 3896 l’hebreu,
701 3847 731 3881 c
735 3835 842 3881 'est
879 3832 913 3880 a
951 3831 1095 3890 dire,
1136 3847 1208 3896 qn
1211 3831 1331 3881 'elle
1366 3845 1486 3894 pro-

398 3900 530 3951 cede
566 3901 634 3951 de
668 3900 846 3950 droite
879 3900 913 3949 a
943 3900 1171 3964 gauche.
1245 3900 1394 3949 C'est
1420 3914 1483 3949 ce

397 3974 528 4033 qn’a
562 3970 644 4019 dit
677 3968 1018 4019 Herodote.“
1074 3971 1267 4031 „„Les
1293 3969 1480 4029 Grecs,

398 4037 570 4100 dit-il,
610 4037 856 4088 derivent
891 4052 960 4087 en
993 4041 1215 4100 portant
1247 4037 1301 4087 la
1333 4037 1480 4088 main

341 4159 348 4167 ,
397 4107 465 4157 de
491 4106 702 4173 gauche
727 4106 762 4156 a
786 4106 966 4156 droite
986 4111 1045 4156 et
1068 4105 1149 4156 les
1175 4106 1481 4171 Egyptiens

397 4191 469 4225 au
491 4175 781 4234 contraire,
814 4189 882 4223 en
899 4173 952 4224 la
975 4180 1196 4238 portant
1218 4175 1285 4225 de
1308 4174 1486 4225 droite

395 4245 429 4294 a
447 4243 719 4309 gauchest‘
735 4244 770 4270 “
792 4243 1028 4294 Subiicit
1043 4243 1252 4308 Sacyus
1269 4244 1482 4295 Graeca

393 4313 663 4364 Herodoti
715 4311 913 4372 verba3
966 4317 1080 4362 tum
1140 4313 1221 4361 ita
1270 4312 1479 4375 pergit:

393 4382 604 4444 „Notre
629 4380 954 4446 inscription
978 4395 1183 4445 prouve
1200 4379 1340 4430 donc
1370 4379 1483 4429 dvi-

2164 825 2539 908 διφασίοισι
2607 817 2682 888 δὲ

1588 990 1892 1053 demment,
1930 1005 2036 1055 qne
2056 991 2127 1040 D.
2163 988 2402 1040 Wilkins
2442 984 2580 1037 dans
2619 1003 2683 1036 sa

1595 1059 1951 1110 dissertation
1988 1059 2055 1109 de
2089 1059 2277 1124 lingua
2305 1056 2551 1121 Coptica,
2588 1057 2684 1106 im-

1594 1126 1801 1193 primde
1836 1131 1870 1179 a
1904 1129 1961 1180 la
1995 1129 2140 1179 snite
2176 1129 2242 1178 de
2277 1126 2552 1177 l'Oraison
2589 1127 2683 1176 do-

1596 1198 1848 1249 minicale
1907 1199 1972 1248 de
2019 1200 2077 1250 J.
2131 1195 2589 1259 Chamherlayne,
2649 1212 2683 1247 a

1595 1283 1663 1318 en
1700 1273 1811 1317 tort
1845 1283 1901 1332 p.
1933 1269 2002 1318 85
2041 1268 2108 1318 de
2137 1265 2386 1331 releguer
2418 1268 2564 1314 cette
2598 1280 2683 1314 as-

1595 1338 1800 1387 sertion
1854 1339 1928 1388 du
1980 1336 2107 1402 pere
2167 1337 2233 1386 de
2294 1334 2563 1383 l'histoire
2611 1350 2683 1384 au

1594 1407 1817 1457 nombre
1847 1408 1942 1457 des
1975 1407 2180 1466 fables,
2219 1419 2326 1469 que
2350 1403 2590 1453 Diodore
2614 1403 2683 1454 de

1593 1476 1759 1526 Sicile
1792 1477 2053 1541 reproche
2088 1476 2122 1525 a
2155 1474 2435 1525 Herodoto
2470 1472 2681 1523 d’avoir

1592 1550 1715 1610 trop
1770 1545 2101 1611 legerement
2153 1542 2437 1609 adoptdes.
2514 1544 2591 1593 Et
2640 1543 2683 1592 il

1592 1621 1676 1666 est
1700 1616 1809 1666 bon
1839 1615 1890 1664 d'
1896 1616 2154 1665 observer
2177 1629 2283 1679 que
2311 1617 2455 1664 cette
2481 1626 2681 1663 remar-

1592 1701 1698 1751 qne
1746 1685 1797 1735 d'
1802 1685 2083 1734 Herodoto
2137 1699 2163 1732 s
2168 1683 2442 1749 'applique
2500 1679 2681 1746 egele-

1592 1759 1740 1804 ment
1792 1769 1900 1803 aux
1951 1755 2094 1804 deux
2140 1768 2335 1818 genres
2389 1753 2440 1802 d'
2447 1748 2682 1802 eci-iture

1594 1824 1687 1873 des
1738 1824 2067 1888 Egyptians·
2129 1837 2223 1872 car
2267 1825 2404 1872 cest
2448 1834 2679 1885 presque

1592 1891 2051 1943 immediatement
2106 1890 2266 1956 apres
2327 1891 2379 1940 le
2425 1903 2676 1954 passage,

1592 1979 1697 2028 que
1730 1961 1790 2026 je
1816 1963 1969 2013 viens
2001 1963 2069 2012 de
2097 1961 2251 2022 citer,
2290 1958 2422 2024 qu’il
2460 1958 2676 2023 ajouter

1593 2029 1918 2095 διφασίοισι
1963 2062 2032 2071 -—
2084 2028 2398 2079 uoezsstacf‘
2500 2030 2677 2093 Atque

1593 2118 1712 2153 enm
1740 2102 1919 2165 Sacyo
1942 2100 2103 2165 plane
2126 2099 2338 2149 faciunt
2366 2098 2484 2149 eius
2510 2099 2675 2162 cives,

1593 2172 1685 2235 qni
1716 2174 1910 2233 postea
1936 2171 1993 2219 in
2019 2169 2301 2219 Thebaide
2329 2168 2558 2234 grandia
2581 2168 2680 2219 illa

1590 2244 1936 2289 monumenta
1954 2238 2321 2303 explorarunt.
2362 2238 2529 2288 Cuius
2554 2254 2677 2289 exa-

1588 2309 1748 2358 minis
1792 2324 2002 2359 snmma
2047 2324 2112 2358 eo
2158 2308 2325 2368 redit,
2372 2311 2436 2357 ut
2472 2312 2529 2358 et
2562 2308 2677 2357 hie-

1588 2378 1933 2442 roglyphicas
1980 2378 2167 2428 literas
2203 2393 2237 2428 a
2274 2378 2468 2427 dextra
2499 2378 2571 2427 ad
2606 2378 2678 2426 si-

1585 2450 1813 2497 nistram
1863 2449 2096 2512 scriptas
2148 2462 2269 2498 esse
2324 2447 2674 2509 contendant,

1586 2517 1747 2581 idque
1783 2532 1903 2566 eum
1940 2519 1997 2566 in
2036 2516 2357 2581 templorum
2394 2516 2677 2580 parietinis

1586 2585 2072 2705 &0322133123'02
2114 2590 2368 2703 ²3:³03?
2405 2584 2554 2703 ¹⁰1}ss}
2557 2586 2675 2704 ’.ἓῖ

1586 2670 2045 2790 hieroglyphicagn
2074 2668 2437 2786 pgcripturalnl
2471 2721 2675 2773 habent

1587 2794 1673 2844 vel
1714 2798 2048 2855 currentem,
2102 2793 2139 2842 i.
2189 2808 2236 2841 e.
2277 2791 2479 2853 literis,
2533 2806 2671 2856 quas

1588 2864 1835 2913 cursivas
1905 2863 2122 2924 dicunt,
2182 2862 2407 2926 pictam.
2507 2861 2670 2924 „Vid.

1590 2933 1862 2996 Descript.
1901 2932 1968 2982 de
2012 2932 2154 2994 ΓΕΒ.
2206 2929 2316 2981 vol.
2360 2930 2439 2982 11.
2476 2948 2530 2996 p.
2569 2930 2672 2983 268

1588 3019 1702 3067 seq.
1732 3003 1853 3053 273.
1883 3000 2045 3051 369.“
2088 3002 2317 3050 Oreuzer
2345 2999 2672 3051 Commentt.

1584 3071 1825 3122 Herodd.
1855 3087 1916 3136 ρ.
1954 3071 2056 3122 372
2091 3085 2228 3135 seq„
2265 3069 2358 3120 ubi
2395 3070 2506 3120 alia
2539 3069 2673 3120 adii-

1586 3143 1829 3202 eiuntnr,
1852 3149 2021 3205 'quae
2076 3141 2145 3190 ad
2197 3139 2527 3204 Aegyptiam
2580 3155 2672 3190 ve-

1586 3216 1753 3261 terem
1780 3210 2022 3274 linguam
2051 3213 2217 3274 atque
2244 3209 2572 3259 Hebraicam
2604 3224 2669 3259 ex

1585 3295 1696 3329 una
1734 3281 1903 3343 stirpe
1938 3278 2256 3344 progenitas
2303 3282 2358 3327 et
2392 3279 2549 3342 quasi
2586 3293 2670 3328 so-

1586 3350 1780 3411 rorias,
1813 3354 1878 3399 ut
1899 3347 2146 3398 nonnulli
2165 3346 2519 3408 contendunt,
2550 3362 2670 3411 spe-

1587 3423 1765 3478 ctant3
1803 3432 1945 3482 quae
1980 3419 2102 3482 ipsa
2136 3415 2545 3466 recentissimae
2582 3431 2671 3465 ae-

1586 3489 1719 3537 tatis
1756 3485 1952 3537 studiis
2000 3487 2081 3536 ita
2120 3485 2473 3549 comprobata
2521 3489 2666 3547 sunt,

1588 3562 1651 3606 ut
1684 3561 1969 3620 utramque
2000 3555 2242 3620 linguam
2288 3558 2436 3604 certe
2470 3569 2669 3619 cogna-

1587 3631 1702 3674 tam
1748 3629 1803 3675 et
1851 3640 1918 3675 ex
1962 3624 2149 3675 eodem
2197 3623 2312 3673 fere
2359 3623 2514 3672 fonte
2547 3638 2669 3688 pro-

1588 3695 1788 3744 fectam
1826 3695 2005 3744 dicere
2044 3694 2230 3743 liceat.

1659 3754 1751 3811 ἐπὶ
1802 3754 1985 3826 δεξιὰ]
2034 3761 2335 3813 Articulum
2388 3750 2459 3808 τὰ
2501 3758 2668 3824 vulgo

1588 3833 1849 3882 insertum
1901 3846 2022 3881 cnm
2057 3831 2320 3890 Florent„
2370 3828 2669 3892 Sancroft.,

1588 3900 1740 3962 aliis,
1780 3900 2094 3950 abiecimus.
2168 3901 2250 3949 Ac
2282 3897 2479 3962 probat
2507 3897 2671 3948 Creu·

1588 3983 1743 4020 zerus
1772 3970 1830 4017 in
1855 3968 2180 4018 Commentt.
2210 3968 2452 4018 Hel-odd.
2474 3983 2525 4031 p.
2547 3967 2669 4029 370,

1584 4039 1678 4088 ubi
1734 4041 1863 4101 apte
1905 4036 2156 4088 Platonis
2205 4036 2383 4086 locum
2441 4036 2597 4086 affert
2640 4051 2671 4086 e

1585 4107 1837 4170 Sympos.
1877 4121 1931 4169 p.
1972 4107 2072 4156 177
2106 4107 2226 4157 sive
2260 4121 2315 4169 p.
2354 4104 2458 4156 379
2491 4104 2667 4154 Bekk.

1584 4177 1669 4225 Tu
1718 4174 1844 4226 add.
1893 4174 1960 4224 de
2016 4175 2120 4223 hac
2166 4172 2382 4223 dicendi
2438 4172 2673 4223 formula

1585 4242 1799 4294 Iacohs.
1853 4242 1925 4292 ad
1974 4242 2187 4292 Aelian.
2234 4242 2304 4290 N.
2341 4242 2409 4290 A.
2454 4242 2553 4304 VI,
2602 4240 2671 4293 59

1581 4329 1615 4377 p
1652 4376 1977 4442 διφασίοισι
2023 4370 2087 4426 δὲ
2132 4368 2415 4441 γράμμασι
2463 4374 2671 4441 χρέων·
