3109 5092
429 232 552 291 740

1293 227 1837 330 HERODosrl
1894 265 1901 272 -

429 404 854 491 γλυμμένους
881 403 992 470 καὶ
1023 398 1236 489 ἄλλην
1261 398 1423 484 ὄψιν
1453 398 2007 490 οἰκοδομημάτων
2035 401 2324 487 μυρίην,
2369 377 2600 466 ἐκεῖνα
2633 396 2731 466 δὲ

429 508 541 575 καὶ
569 510 804 597 μακρῷ
832 504 1137 593 μάλιστα.

1238 502 1382 573 Ἐπὶ
1409 505 1653 576 τούτου
1693 502 2201 593 βασιλεύοντος,
2244 507 2514 588 ἔλεγον,
2543 497 2667 588 ἆμι
2684 544 2718 551 -

429 613 570 697 ξίης
612 608 849 695 ἐούσης
888 614 1138 696 πολλῆς
1183 606 1575 697 χρημάτων,
1622 608 1945 695 γενέσθαι
1990 604 2200 694 νόμον
2244 611 2719 691 Αἰγυπτίοισι,

428 709 925 781 ἀποδεικνύντα
966 713 1287 799 ἐνέχυρον
1323 716 1445 781 τοῦ
1480 709 1729 800 πατρὸς
1773 707 1890 778 τὸν
1933 712 2178 795 νέκυν,
2222 704 2399 776 οὕτω
2440 707 2715 795 λαμβά-

428 841 575 884 νειν
602 813 676 883 τὰ
702 817 924 902 χρέος·
1005 819 1460 902 προστεθῆναι
1501 814 1575 882 δὲ
1610 821 1705 883 ἔτι
1745 812 1959 904 τούτῳ
1988 818 2080 904 τῷ
2109 810 2294 903 νόμῳ
2320 810 2543 895 τόνδε,
2582 807 2719 890 τὸν

431 916 708 986 διδόντα
752 915 827 984 τὰ
865 917 1054 1004 χρέος
1098 919 1209 985 καὶ
1251 912 1511 1005 ἁπάσης
1563 919 1872 1006 κρατέειν
1914 920 2032 1002 τῆς
2085 918 2204 983 τοῦ
2247 911 2721 1003 λαμβάνοντος

428 1019 675 1108 θήκης·
728 1025 820 1112 τῷ
851 1019 926 1088 δὲ
953 1014 1348 1089 ὑποτιθέντι
1376 1025 1574 1089 τοῦτο
1599 1018 1673 1089 τὸ
1703 1021 2044 1106 ἐνέχυρον,
2074 1015 2277 1104 τήνδε
2299 1019 2557 1085 ἐπεῖναι
2587 1021 2711 1101 ζη-

428 1128 633 1211 μίην,
684 1120 774 1209 μὴ
820 1124 1213 1214 βουλομένῳ
1258 1120 1635 1191 ἀποδοῦναι
1674 1120 1749 1191 τὸ
1779 1123 1998 1209 χρέος,
2041 1117 2193 1208 μήτ’
2246 1116 2430 1211 αὐτῷ
2462 1120 2715 1210 ἐκείνῳ

427 1223 900 1311 τελευτήσαντι
933 1223 1107 1292 εἶναι
1139 1230 1355 1312 ταφῆς
1387 1231 1673 1314 κυρῆσαι
1705 1222 1858 1313 μήτ’
1895 1226 1970 1291 ἐν
2011 1225 2250 1315 ἐκείνῳ
2278 1228 2374 1316 τῷ
2415 1217 2713 1313 πατρῴῳ

428 1424 676 1487 aliamque
709 1423 946 1483 infinitam
982 1421 1318 1485 aedificiorum
1353 1425 1518 1472 varie-

430 1499 596 1542 tatem.
655 1493 806 1553 Quae
821 1490 1008 1541 Gallus
1023 1490 1307 1555 interpres,
1337 1491 1515 1553 Miot.,

427 1561 571 1611 hunc
606 1562 663 1610 in
699 1560 916 1610 modum
949 1559 1210 1610 reddidit:
1251 1566 1414 1624 „tous
1446 1586 1514 1596 -—

428 1634 554 1681 sont
600 1628 759 1680 ornes
802 1630 869 1679 de
926 1629 1128 1693 figures
1178 1627 1407 1694 gravees
1460 1632 1515 1678 et

429 1698 747 1764 presentent
795 1714 901 1748 aux
954 1712 1096 1762 yeux
1151 1714 1256 1749 une
1303 1696 1514 1747 variet&

429 1768 615 1819 infinie
654 1768 790 1818 dans
824 1768 940 1818 leur
974 1768 1408 1818 construction.“
1450 1794 1514 1803 —

426 1829 896 1903 ἐγγεγλυμμένους
939 1836 1063 1886 dedi
1115 1852 1235 1886 cum
1282 1841 1511 1887 recentt.

428 1923 525 1972 pro
563 1907 711 1972 vulg.
762 1894 826 1956 εὖ
870 1899 1300 1970 γεγλυμμένους.
1376 1905 1514 1955 Con-

427 1977 510 2025 fer
559 1977 639 2038 11,
690 1974 807 2028 106.
863 1977 979 2025 124.
1043 1975 1159 2025 138.
1219 1974 1337 2025 148.
1393 1974 1511 2025 153.

429 2043 728 2096 Goulianof
762 2041 1106 2108 (Archeolog.
1133 2046 1334 2109 Egypt.
1372 2044 1417 2093 1.
1458 2060 1512 2109 p.

430 2116 531 2163 212
568 2112 710 2182 seq.)
744 2104 963 2168 τύπους
1001 2104 1205 2175 ἐγγεγλ.
1255 2113 1516 2177 interpre-

427 2187 578 2232 tatur
615 2182 751 2244 „bas
788 2179 973 2231 relicfs
997 2180 1030 2229 a
1055 2181 1288 2244 grandes
1314 2182 1516 2232 dimen-

429 2250 647 2310 sions“;
699 2254 860 2299 notas
910 2249 1344 2315 hieroglyphicas
1392 2267 1513 2301 esse

430 2334 614 2370 earum
664 2334 729 2368 ex
788 2333 1012 2383 genere,
1073 2333 1206 2384 quas
1266 2319 1512 2369 Clemens

428 2388 826 2449 Alexandrinus
878 2387 1055 2451 (cuius
1101 2387 1281 2438 locum
1331 2391 1513 2454 attigi-

429 2473 546 2507 mus
579 2458 635 2507 in
669 2461 811 2508 nott.
850 2458 920 2507 ad
957 2457 1034 2518 11,
1067 2457 1156 2523 36)
1190 2458 1513 2522 allegoricas

429 2527 596 2588 dicat,
635 2528 834 2577 statuit
853 2526 1126 2592 Seyfferth
1155 2529 1240 2578 in:
1277 2528 1510 2580 Jahrbb.

428 2598 481 2648 d.
520 2596 716 2648 Philol.
754 2596 862 2647 etc.
899 2599 968 2648 X.
1008 2612 1132 2662 pag.
1170 2598 1292 2650 190.

425 2657 728 2799 ..55‘5‘22
765 2656 1515 2800 &warmic-2

427 2813 560 2854 esset
573 2806 900 2866 pecuniarum
922 2807 1105 2868 inopia.
1145 2804 1343 2868 Verba,
1370 2821 1511 2870 quae

426 2878 752 2936 sequuntur:
788 2865 1213 2922 ἀποδεικνύντα
1246 2865 1511 2938 ἐνέχυρον

427 2941 529 2988 τοῦ
583 2934 798 3001 πατρὸς
855 2955 906 2990 κ.
957 2956 1005 2991 τ.
1057 2940 1106 3006 λ.
1155 2942 1510 3006 intelligenda

427 3013 554 3058 sunt
590 3007 657 3058 de
694 3024 758 3058 ea
782 3009 928 3073 lege,
965 3025 1074 3074 qua
1108 3011 1199 3074 qui
1225 3012 1394 3073 patris
1422 3028 1509 3061 ca-

429 3077 595 3127 daver
625 3079 838 3142 pignori
869 3078 1051 3142 daret,
1093 3079 1142 3128 ei
1165 3094 1259 3128 aes
1279 3079 1512 3130 alienum

429 3148 757 3198 crederetur.
789 3174 859 3183 —
894 3139 1052 3212 θήκη
1100 3148 1310 3199 indicat
1343 3151 1511 3201 condi-

428 3220 605 3269 torimn
639 3219 941 3280 sepulcrale.
1017 3217 1140 3267 Vid.
1169 3223 1308 3269 nott.
1340 3220 1410 3269 ad
1435 3221 1509 3282 11,

427 3287 513 3338 (37.
589 3285 873 3337 Caeterum
912 3303 978 3337 ex
1014 3288 1098 3338 his
1133 3287 1323 3353 utique
1356 3288 1514 3338 intel-

425 3355 640 3421 ligitur,
696 3373 805 3407 non
855 3362 968 3406 tam
1013 3357 1245 3407 cadaver
1298 3359 1513 3423 pignori

427 3442 548 3476 esse
585 3425 770 3476 datum
812 3426 1044 3491 indeque
1080 3427 1243 3476 etiam
1278 3427 1513 3477 transla-

426 3500 540 3546 tum
573 3495 631 3545 in
665 3496 949 3546 creditoris
978 3496 1166 3560 aedeS,
1204 3512 1366 3562 quam
1396 3513 1510 3561 cry—

425 3571 608 3629 ptam,
648 3565 703 3614 in
740 3582 846 3631 qua
882 3567 1117 3616 cadaver
1153 3571 1272 3616 erat
1307 3567 1511 3631 reposi-

426 3640 571 3696 tum,
609 3649 718 3683 una
757 3647 875 3685 cnm
920 3635 1185 3685 cadavere
1238 3636 1315 3684 ita
1358 3635 1510 3700 oppi-

425 3709 706 3766 gneratam
762 3705 1107 3768 fuisse,'·ut,
1157 3704 1341 3755 debito
1400 3721 1507 3754 non

425 3772 669 3833 reddit0‚
731 3773 987 3823 creditori
1046 3774 1235 3823 liceret
1285 3779 1509 3839 cryptae

364 3887 369 3892 .
423 3841 820 3904 possessionem
843 3858 1037 3907 capere
1051 3844 1284 3908 indeque
1295 3845 1508 3894 auferre

425 3909 679 3959 cadaver.
764 3910 921 3960 Conf.
968 3912 1294 3965 Wilkinson.
1357 3913 1508 3962 Man-

424 3994 547 4028 ners
604 3984 709 4027 etc.
758 3978 831 4028 11.
883 3995 1008 4044 pag.
1065 3981 1160 4044 51,
1218 3981 1508 4031 Rosellini:

422 4048 571 4103 Mon.
610 4045 754 4096 civil.
783 4048 829 4096 1.
859 4064 985 4111 pag.
1033 4048 1146 4099 137.
1210 4051 1276 4099 In
1298 4051 1505 4101 verbis:

421 4107 594 4180 τήνδε
653 4106 870 4164 ἐπεῖναι
915 4114 1122 4180 ζημίην
1170 4118 1342 4169 Cobet
1399 4120 1507 4186 legi

421 4184 543 4235 vult
578 4175 972 4248 ἐπιθεῖναι,
1033 4187 1177 4250 quod
1214 4188 1386 4252 ipsum
1425 4191 1504 4238 sic

419 4256 657 4320 positum
692 4255 996 4305 invenimus
1033 4256 1079 4320 1,
1121 4258 1240 4309 120.
1281 4258 1377 4321 IV,
1415 4259 1503 4309 43.

1616 1421 1714 1483 IX,
1762 1421 1875 1483 120,
1914 1421 2150 1486 itemque
2180 1419 2303 1471 aliis
2328 1419 2555 1470 aliorum
2574 1419 2716 1469 scri·

1617 1496 1833 1555 ptorum
1868 1490 2030 1540 locis:
2068 1505 2245 1555 neque
2264 1506 2394 1540 vero
2418 1494 2711 1554 propterea.

1618 1560 1971 1610 reiiciendum
2018 1560 2234 1610 videtur
2276 1551 2487 1608 ἐνεῖναι
2540 1558 2709 1607 simili

1618 1629 1731 1679 fere
1767 1629 2171 1693 significatione
2207 1628 2511 1693 (irrogasse)
2553 1627 2711 1676 adhi-

1619 1699 1809 1758 bitum,
1848 1699 1896 1747 si
1930 1699 2247 1762 respicimus
2269 1699 2491 1747 Homer.
2532 1695 2619 1745 lli.
2653 1696 2705 1756 1,

1618 1768 1721 1818 445
1756 1757 1937 1831 (κήδε’
1991 1757 2224 1831 ἐφῆκεν)
2275 1766 2399 1817 coll.
2442 1767 2539 1827 IV,
2576 1767 2704 1816 396.

1618 1835 1818 1901 Odyss.
1858 1836 1955 1898 IX,
1994 1835 2062 1886 38
2086 1852 2151 1886 ac
2171 1836 2369 1886 similia
2394 1834 2539 1900 apud
2564 1834 2703 1883 alios

1615 1907 1910 1968 scriptores
1945 1905 2126 1956 obvia.

1686 1966 1816 2038 μήτ’
1865 1966 2021 2022 αὐτώ
2067 1965 2264 2039 ἐκείνῳ
2311 1963 2705 2036 τελευτήσοῖντι

1614 2057 1667 2091 κ.
1703 2059 1750 2092 τ.
1785 2040 1856 2108 λ.]
1878 2023 2041 2123 μηδὲ
2075 2043 2350 2095 Gaisford.
2404 2041 2556 2093 dedit
2603 2055 2703 2107 pro

1617 2112 1767 2176 vulg.
1812 2127 1921 2176 μητ
1949 2149 1964 2174 ,
2012 2113 2155 2177 quod
2199 2113 2454 2163 revocavi
2498 2112 2567 2161 ob
2618 2126 2703 2160 se-

1618 2183 1842 2246 quentia
1863 2181 2054 2231 verba:
2092 2173 2247 2246 μήτ’
2286 2171 2459 2230 ἄλλον
2483 2174 2707 2244 μηδένα

1614 2266 1664 2299 κ.
1716 2267 1762 2300 τ.
1814 2250 1881 2313 λ.,
1930 2250 2024 2300 ubi
2074 2251 2248 2302 Gaisf.
2300 2250 2470 2300 edidit
2521 2242 2700 2313 μήτε;

1616 2325 1676 2369 tu
1709 2320 1781 2371 cf.
1822 2319 2055 2370 Bredov,
2089 2336 2143 2384 p.
2178 2320 2299 2371 213.
2378 2320 2521 2369 Bina
2557 2319 2703 2367 enim

1613 2389 1799 2453 posuit
1835 2388 1946 2438 lex:
1988 2387 2250 2451 alterum,
2287 2405 2353 2440 ne
2375 2388 2701 2454 quempiam,

1614 2459 1706 2523 qui
1741 2457 1979 2507 debitum
2028 2458 2252 2509 reddere
2300 2458 2501 2518 nollet,
2542 2472 2702 2506 -uior-

1614 2533 1763 2576 tuum
1800 2528 1904 2576 rite
1938 2527 2167 2592 sepelire
2200 2527 2366 2577 liceat
2403 2543 2504 2577 nec
2522 2532 2703 2591 pater-

1613 2597 1698 2647 nis
1747 2596 1803 2645 in
1851 2597 2058 2660 cryptis
2115 2612 2216 2647 neo
2282 2596 2391 2647 alio
2440 2597 2496 2645 in
2550 2596 2698 2654 loco;

1616 2664 1867 2727 alterum,
1906 2680 1973 2715 ne
2006 2666 2171 2717 alium
2203 2666 2510 2730 quempiam
2548 2681 2614 2714 ex
2640 2662 2705 2713 il-

1612 2734 1718 2785 lius
1765 2734 1950 2784 liberis
2004 2750 2073 2785 ac
2128 2735 2455 2785 necessariis
2512 2733 2702 2784 defun·
2753 2735 2761 2740 '

1614 2809 1760 2854 ctum
1799 2803 2030 2868 sepelire
2062 2803 2247 2854 liceat.
2321 2804 2563 2854 Alterum
2594 2803 2700 2852 hoc

1610 2873 1767 2938 legis⁴
1797 2879 1962 2937 caput
2014 2890 2122 2923 non
2168 2878 2617 2923 commemoratur
2668 2888 2703 2920 a

1610 2942 1853 2992 Diodoro
1898 2943 1944 3004 Ι,
1992 2943 2079 2994 93.
2148 2942 2470 3007 Explicatur
2515 2946 2699 2991 autem

1610 3010 1747 3076 legis
1784 3012 2052 3063 severitas
2088 3027 2155 3061 ex
2186 3012 2281 3062 illa
2309 3012 2700 3077 Aegyptiorum

1613 3081 2029 3145 superstitione,
2077 3097 2183 3146 qua
2228 3081 2410 3131 aditus
2446 3081 2515 3131 ad
2553 3086 2700 3130 tran-

1613 3149 1837 3213 quillum
1877 3149 2109 3200 Osiridis
2154 3166 2376 3215 regnum
2423 3150 2701 3215 sepultura

1616 3225 1670 3268 et
1705 3219 1995 3269 conditura
2030 3221 2260 3284 privatis
2296 3219 2696 3284 denegabatur3

1613 3292 1677 3337 ut
1712 3289 1928 3338 minime
1975 3304 2119 3339 vana
2161 3290 2233 3339 sit
2266 3290 2480 3353 Zoegae
2525 3288 2699 3352 suspi-

1615 3358 1699 3407 cio
1737 3358 1802 3407 de
1836 3358 2094 3410 obelisco.
2133 3374 2258 3424 pag.
2291 3359 2410 3419 292,
2450 3358 2576 3408 hinc
2595 3357 2699 3407 ori-

1613 3427 1793 3491 ginem
1836 3428 2071 3478 traxisse
2116 3428 2290 3477 videri
2331 3428 2591 3477 iudicium
2629 3426 2696 3475 de

1612 3497 1838 3546 mortuis
1870 3496 2198 3561 sepeliundis
2227 3498 2372 3562 apud
2395 3496 2697 3562 Aegyptios

1611 3569 1753 3615 teste
1777 3566 2016 3616 Diodoro
2045 3567 2091 3628 Ι,
2117 3567 2184 3618 92
2214 3566 2431 3616 institui
2455 3564 2693 3616 solitum.

1610 3633 1760 3684 Idem
1807 3635 1891 3684 vir
1938 3636 2131 3686 doctus
2169 3652 2203 3686 a
2244 3637 2329 3686 Gr.
2367 3634 2621 3686 laudatus
2658 3632 2695 3683 1.

1608 3702 1645 3754 l.
1695 3719 1820 3768 pag.
1883 3704 1986 3755 260
2045 3706 2435 3770 Aegyptiorum
2496 3719 2695 3754 morem

1611 3772 1782 3824 fuisse
1812 3778 1971 3837 putat
2013 3774 2246 3836 avitum,
2300 3774 2569 3824 cadavera
2620 3773 2694 3836 pi·

1610 3843 1767 3907 gnori
1802 3842 2113 3908 obligandi,
2149 3859 2257 3892 non
2294 3845 2443 3908 regio
2475 3843 2695 3892 decreto
2750 3873 2755 3878 -

1611 3911 2003 3975 introductum,
2053 3914 2150 3963 sed
2193 3912 2367 3962 tacita
2398 3913 2581 3977 potius
2616 3911 2695 3959 in-

1612 3985 1695 4030 ter
1744 3981 1890 4032 cives
1938 3982 2314 4044 contentione,
2363 3982 2432 4031 ab
2478 3979 2693 4045 Asyche

1610 4053 1792 4117 autem
1829 4057 1952 4115 post
1988 4052 2256 4102 sancitum
2306 4051 2410 4100 hac
2457 4049 2579 4114 lege
2614 4054 2696 4098 at-

1610 4135 1714 4184 que
1746 4120 2072 4171 ordinatum.
2143 4119 2303 4184 Apud
2327 4121 2600 4170 Romanos
2626 4117 2696 4167 si-

1610 4188 1722 4239 mili
1758 4191 1917 4239 modo
1959 4189 2318 4239 creditoribus
2357 4189 2482 4237 olim
2524 4189 2695 4237 fuisse

1608 4260 1690 4308 ius
1738 4259 1792 4307 in
1846 4265 2084 4309 mortuos
2134 4258 2475 4322 accepimns,
2522 4257 2695 4306 donec
