3109 5092
1276 376 1532 438 OLIO.
1584 378 1636 437 Ι.
1683 387 1771 442 98.

2534 375 2649 435 221

370 551 540 638 χέει,
592 548 891 630 κολωνὸς
919 546 1067 636 ἐὰν,
1121 546 1291 619 ὥστε
1336 555 1604 619 τοιοῦτο
1644 548 1853 619 εἶναι·
1922 546 1999 617 τὸ
2037 548 2113 618 δὲ
2152 550 2265 617 καὶ
2300 547 2555 636 μᾶλλόν
2593 549 2656 619 τὶ.

373 655 834 742 ἐπετηδεύθη,
895 652 1169 724 κύκλων
1216 653 1470 723 ἐόντων
1507 659 1648 723 τῶν
1707 652 2157 721 συναπάντων
2200 651 2395 721 ἑπτά·
2465 655 2540 721 ἐν
2581 654 2657 722 δὲ

370 761 467 849 τῷ
503 764 869 850 τελευταίῳ
904 756 985 826 τὰ
1019 757 1334 847 βασιλήϊα
1372 764 1591 826 ἔνεστι
1637 757 1751 825 καὶ
1787 760 1856 825 οἱ
1882 762 2239 844 θησαυροί.
2294 753 2370 823 τὸ
2415 755 2490 824 δὲ
2527 753 2655 824 αύ-

369 866 509 928 τῶν
545 860 863 949 μέγιστόν
907 863 1046 930 ἐστι
1087 876 1299 949 τεῖχος
1340 858 1509 930 κατὰ
1545 858 1666 931 τὸν
1697 857 2044 947 Ἀθηνέων
2080 857 2333 928 κύκλον
2371 857 2658 947 μάλιστά

374 1041 525 1092 seqq.
545 1026 646 1078 146
673 1042 823 1094 seqq.
849 1027 972 1078 coll.
995 1043 1045 1092 p.
1069 1030 1137 1078 47
1165 1044 1338 1094 seqq.,
1376 1043 1462 1078 eo-

371 1096 598 1163 demque
620 1099 786 1148 etiam
808 1098 976 1148 refert
999 1098 1184 1148 urbem
1202 1099 1386 1148 Har-an
1411 1113 1457 1149 s.

370 1166 605 1217 Char-mn
639 1168 695 1216 in
731 1167 869 1217 libro
895 1168 1100 1218 Tobiae
1120 1168 1220 1230 XI,
1249 1169 1296 1218 l.
1325 1167 1460 1230 (vid.

371 1252 425 1300 p.
476 1236 577 1288 136
626 1252 779 1303 seqq.
830 1237 998 1301 157.).
1062 1237 1169 1288 Sed
1205 1236 1345 1287 falso
1384 1238 1463 1286 ita

371 1306 541 1354 statui
581 1306 719 1357 satis
765 1306 894 1356 mihi
938 1307 1197 1372 probasse
1247 1306 1463 1356 videtur

371 1374 726 1437 Quatremere
760 1376 796 1426 l.
839 1376 877 1427 l.
923 1393 979 1442 p.
1015 1375 1118 1427 434
1143 1393 1294 1442 seqq.
1317 1379 1460 1439 455„

372 1445 464 1509 qui
502 1461 679 1510 aeque
705 1446 845 1496 bene
883 1447 1050 1496 etiam
1084 1463 1138 1511 p.
1176 1448 1280 1497 424
1305 1462 1456 1511 seqq.

371 1514 513 1564 alius
568 1516 674 1564 viri
733 1515 881 1580 docti
934 1531 1143 1566 errores
1198 1516 1462 1566 refutavit

371 1586 683 1647 statuentis,
721 1589 909 1635 vetera
921 1586 1208 1636 Ecbatana
1239 1585 1315 1635 ibi
1351 1586 1461 1635 sita

371 1653 571 1717 fuisse,
626 1655 724 1704 ubi
779 1670 924 1705 nunc
980 1659 1160 1706 exstat
1220 1654 1460 1720 Ispahan

371 1723 690 1784 (Williamst
730 1729 838 1780 two
872 1740 1063 1790 essays
1100 1741 1170 1775 on
1206 1725 1299 1774 the
1334 1740 1460 1789 geo·

373 1794 582 1859 graphy
602 1794 664 1844 of
686 1794 907 1844 ancient
920 1796 1053 1845 Asia
1071 1794 1247 1844 Lond.
1277 1793 1455 1857 1829).

370 1862 672 1928 Imaginem
716 1863 864 1913 urbis
908 1863 1200 1915 Hamadan
1240 1863 1461 1913 exhibet

371 1931 647 1998 Chesney:
697 1933 1029 1997 Expedition
1071 1935 1158 1984 for
1202 1934 1295 1982 the
1345 1948 1460 1982 sur-

371 2017 479 2066 vey
514 2008 619 2053 etc.
656 2003 703 2052 1.
739 2017 866 2068 pag.
905 2003 1024 2053 212.
1061 2008 1117 2053 et
1137 2001 1373 2053 Flandiu
1401 2003 1459 2051 in

371 2086 532 2135 opere
595 2071 1060 2137 splendidissimo:
1115 2073 1341 2138 Voyage
1390 2087 1457 2121 en

369 2141 535 2191 Perse
572 2140 761 2206 (Perse
796 2141 1090 2208 ancienne)
1125 2140 1207 2192 Pl.
1249 2141 1456 2192 24—26

369 2210 455 2259 bis
495 2216 548 2261 et
583 2210 828 2273 68-70,
867 2211 1001 2261 bene
1033 2227 1256 2262 monens
1292 2228 1347 2276 p.
1392 2211 1455 2262 15

371 2295 543 2345 seqq„
581 2281 744 2331 hodie
791 2279 1006 2345 quidem
1050 2296 1226 2345 pauca
1269 2296 1454 2346 super-

368 2365 488 2400 esse
511 2350 705 2401 rudera
727 2350 931 2401 veteris
957 2351 1125 2413 urbis,
1152 2351 1248 2401 sed
1278 2351 1452 2415 ipsum

369 2419 550 2480 situm,
590 2420 804 2485 qualem
836 2421 1149 2470 Herodotus
1182 2421 1454 2485 significa-

371 2489 456 2538 vit
509 2489 647 2540 bene
683 2489 859 2540 adhuc
895 2491 1153 2555 cognosci
1181 2506 1362 2555 posse.

342 2591 360 2606 .
437 2527 498 2607 ἐν
533 2552 608 2608 δὲ
643 2556 722 2626 τῷ
758 2558 1054 2626 τελευταίῳ
1087 2553 1158 2609 τὰ
1188 2550 1455 2626 βασιλήϊα

365 2622 570 2693 ἔνεστι]
581 2627 1123 2694 Schweighaeuserus
1143 2628 1454 2694 requirebat

365 2687 442 2760 δὴ
491 2712 589 2761 pro
647 2692 738 2760 δὲ,
783 2697 920 2748 nihil
982 2703 1165 2749 tamen
1215 2703 1451 2760 mutans,

365 2781 488 2816 cum
532 2766 657 2816 libri
698 2767 980 2833 vulgatam
1024 2773 1266 2820 teneant.
1337 2768 1450 2818 Nos

364 2851 434 2885 ne
489 2836 810 2901 requirimus
868 2837 1082 2901 quidem
1127 2836 1452 2902 particulam

363 2896 459 2968 δὴ,
497 2905 594 2954 sed
637 2905 799 2956 valde
839 2906 1180 2956 retinendum
1225 2907 1452 2956 dicimus

365 2967 448 3036 δὲ,
488 2974 574 3024 vel
607 2975 654 3024 si
689 2975 815 3025 libri
849 2975 998 3026 aliud
1023 2976 1153 3040 quid
1177 2977 1448 3027 offerrent.

361 3073 436 3082 -
471 3043 537 3093 In
591 3049 797 3109 septem
851 3046 975 3095 istis
1024 3046 1243 3096 orbibus
1295 3046 1451 3095 vario

363 3112 546 3163 colore
580 3113 872 3176 distinctis,
911 3129 1047 3179 quos
1085 3131 1151 3165 ex
1187 3116 1310 3179 ipso
1344 3115 1451 3164 He-

361 3182 558 3232 rodoto
593 3184 780 3250 attigit
808 3184 958 3235 Theo
981 3186 1449 3250 Progymnasmm.

360 3251 439 3314 11,
481 3252 564 3303 10.
600 3269 654 3318 p.
692 3255 754 3304 21
796 3269 913 3318 seq.
964 3255 1049 3304 ed.
1093 3254 1331 3316 Finckh‚
1371 3268 1451 3304 re-

362 3321 587 3371 condita
621 3323 884 3388 quaedam
921 3325 1063 3373 ratio
1095 3323 1267 3374 latere
1301 3323 1449 3373 vide-

361 3397 481 3452 tur,
524 3406 683 3456 quae
741 3394 810 3443 ab
870 3392 1215 3443 orientalium
1266 3392 1451 3443 indole

363 3460 750 3527 cogitandique
797 3463 1011 3512 ratione
1063 3462 1209 3513 haud
1255 3463 1451 3513 abhor-

361 3534 469 3580 ret.
531 3530 780 3596 Namque
829 3536 1084 3596 poterunt
1131 3532 1321 3582 referri
1368 3546 1449 3580 se-

360 3605 511 3663 ptem
548 3599 707 3650 orbes
734 3601 805 3650 ad
835 3607 1042 3665 septem
1080 3600 1220 3651 coeli
1256 3600 1447 3666 sphae-

359 3669 868 3788 ἷέξὲιἘῶἚέἓῙΒ
893 3668 1453 3805 ὃῖἒυὲῗίζὲῗέΐ

359 3806 437 3856 11.
491 3822 546 3870 p.
604 3806 697 3857 191
748 3808 831 3859 ed.
895 3813 1053 3870 tert.,
1100 3809 1194 3858 ubi
1251 3807 1452 3859 similia

361 3875 629 3940 quaedam
671 3877 816 3941 apud
864 3877 1004 3928 alios
1047 3878 1274 3942 populos
1320 3877 1450 3928 affe-

359 3950 573 3995 runtur.
611 3947 696 3996 De
731 3961 954 3998 numero
991 3949 1318 4011 septenario,
1356 3947 1450 4013 qui

359 4028 457 4078 per
498 4014 758 4066 orientem
812 4030 1026 4082 quoque
1068 4016 1228 4067 valde
1265 4032 1450 4067 conse-

359 4087 547 4133 cratus
595 4086 749 4135 vario
795 4085 923 4135 inde
962 4085 1119 4136 modo
1171 4086 1448 4137 adhibitus

361 4156 465 4214 est,
492 4169 710 4204 monere
742 4154 833 4204 vix
869 4169 1006 4219 opus
1041 4160 1167 4219 post
1204 4171 1286 4217 ea,
1309 4170 1449 4222 quae

357 4221 619 4272 disseruit
683 4240 736 4273 ν.
797 4225 1059 4274 Hammer
1117 4226 1174 4274 in
1227 4224 1446 4276 Annali.

353 4291 555 4342 Vienn.
592 4292 816 4344 CXXII.
864 4310 917 4358 p.
972 4294 1073 4344 185
1128 4309 1278 4359 seqq.
1332 4294 1449 4356 (ubi

351 4361 702 4426 potissimum
756 4362 831 4413 cf.
886 4378 943 4427 p.
1002 4361 1150 4427 221.)
1210 4362 1449 4414 CXXIII

351 4435 413 4481 et
461 4429 691 4482 CXXIV
736 4431 858 4482 init.
918 4430 1148 4483 Accedit
1184 4431 1447 4496 colorum,

1567 1027 1764 1093 quibus
1799 1026 2000 1091 singuli
2020 1026 2208 1077 circuli
2237 1026 2483 1077 distincti
2506 1032 2653 1091 sunt,

1566 1097 1874 1156 diversitas,
1911 1112 2021 1161 qua
2052 1099 2175 1161 ipsa
2211 1096 2376 1147 altius
2413 1098 2545 1163 quid
2577 1099 2654 1146 in-

1567 1167 1738 1217 dicari
1770 1181 1928 1216 nemo
1967 1167 2330 1229 dubitaverit,
2378 1168 2472 1233 qui
2509 1168 2654 1218 colo-

1564 1252 1682 1286 rum
1734 1237 1789 1285 in
1838 1236 2149 1286 huiusmodi
2204 1236 2366 1285 rebus
2426 1237 2537 1286 vim
2597 1241 2653 1286 et

1563 1305 2020 1370 significationem
2085 1311 2398 1370 perceptam
2466 1307 2650 1356 habet.

1562 1376 1749 1441 Ipsum
1792 1387 1923 1426 ‘vero
1971 1391 2133 1441 opus,
2182 1375 2326 1440 quod
2372 1375 2426 1426 h.
2476 1375 2512 1425 l.
2564 1377 2653 1426 de-

1563 1446 1836 1507 scribitur,
1873 1445 1954 1495 ita
1988 1445 2326 1496 elaboratum
2355 1446 2536 1496 auimo
2574 1447 2653 1495 in-

1562 1515 1885 1577 formemus,
1963 1520 2027 1565 ut
2094 1515 2506 1580 propugnacula
2570 1509 2657 1580 (οἱ

1563 1581 1983 1650 προμαχεῶνες)
2026 1584 2349 1635 circulorum
2395 1586 2652 1636 constite-

1562 1655 1673 1703 rint
1685 1653 1963 1704 laterculis
1977 1655 2149 1705 coctis
2163 1660 2456 1720 crustaque
2474 1656 2652 1704 vitrea

1562 1724 1765 1774 diversi
1801 1722 1997 1773 coloris
2037 1724 2298 1774 obtectis:
2346 1724 2535 1788 quales
2571 1724 2650 1775 la-

1561 1793 1800 1844 terculos
1835 1792 2105 1858 hodieque
2143 1809 2173 1842 e
2208 1793 2380 1843 ruinis
2414 1794 2650 1859 Babylo-

1562 1863 1649 1913 nis
1672 1867 1981 1928 protractos
2004 1877 2125 1913 esse
2159 1867 2398 1912 constat.
2435 1864 2650 1914 Monuit

1560 1933 1742 1984 Ritter
1775 1932 1815 1982 l.
1852 1931 1890 1981 l.
1928 1946 2054 1997 pag.
2100 1933 2217 1983 101.
2313 1933 2496 1994 Quare
2539 1948 2649 1983 non

1562 2000 1878 2067 erat,.quod
1908 2000 2224 2052 Rawlinson
2270 2001 2307 2051 l.
2357 2001 2393 2053 1.
2440 2018 2494 2067 p.
2551 2003 2645 2053 127

1561 2088 1677 2137 seq.
1716 2071 1991 2121 dubitaret
2037 2070 2101 2121 de
2138 2071 2419 2121 moenibus
2454 2088 2649 2121 revera

1558 2142 1662 2193 hac
1708 2141 1949 2192 colorum
2008 2141 2327 2192 diversitate
2373 2141 2646 2192 distinctis

1556 2217 1838 2277 totamque
1868 2211 2009 2261 hanc
2043 2212 2409 2262 narrationem
2453 2211 2522 2262 ad
2567 2212 2646 2262 fa-

1556 2282 1714 2333 bulas
1751 2282 1977 2347 originis
2010 2281 2257 2332 Sabaeae
2284 2281 2573 2347 relegaret.

1626 2350 1743 2416 μέγ.
1779 2344 1892 2400 ἔστι
1930 2353 2116 2432 τεῖχος
2150 2343 2293 2401 κατὰ
2331 2344 2434 2401 τὸν
2480 2343 2645 2416 Ἀθη-

1556 2418 1702 2471 νέων
1714 2414 1929 2471 κύκλον
1944 2414 2181 2484 aaziae}
2199 2437 2271 2485 κη
2290 2414 2354 2470 τὸ
2367 2416 2643 2487 μέγαθος]

1554 2492 1594 2541 i.
1624 2507 1671 2541 e.
1692 2506 1861 2540 murus
1878 2506 2063 2552 eorum,
2095 2494 2181 2555 qui
2200 2494 2445 2542 maximus
2468 2500 2548 2542 est
2568 2491 2643 2557 (s.

1556 2560 1846 2611 maximum
1904 2559 2089 2609 orbem
2143 2559 2415 2626 conficit),
2457 2568 2647 2625 aequat

1550 2631 1668 2692 fere
1690 2629 1915 2679 mnbienm
1931 2634 2167 2680 moenium
2188 2629 2644 2694 Athenavwnsson-

1553 2699 1845 2763 gitudine).
1915 2697 2027 2747 Ubi
2069 2690 2213 2746 κατὰ
2266 2697 2641 2748 similitudinis

1553 2768 1831 2818 notionem
1876 2766 2161 2828 adsciscit,
2208 2765 2277 2816 de
2332 2782 2441 2832 qua
2494 2767 2641 2816 infra

1556 2837 1627 2887 ad
1659 2838 1704 2899 1,
1748 2837 1863 2886 121.
1900 2835 2186 2886 Caeterum
2219 2837 2275 2885 in
2312 2835 2641 2887 declarando

1552 2907 1704 2957 urbis
1739 2905 2072 2956 Athenarum
2109 2905 2315 2955 ambitu
2352 2922 2461 2956 uon
2493 2921 2644 2971 pror-

1554 2991 1649 3027 sus
1685 2975 2037 3026 consentiunt
2075 2981 2287 3027 veteres
2324 2977 2638 3041 scriptores,

1553 3061 1781 3111 quorum
1806 3044 1956 3096 locos
1983 3045 2184 3096 dudum
2219 3044 2438 3110 collegit
2463 3047 2642 3100 Meur-

1553 3117 1668 3166 sius
1703 3116 1887 3166 Lectt.
1924 3115 2041 3165 Att.
2091 3116 2137 3178 I,
2191 3116 2215 3165 1
2264 3115 2387 3166 coll.
2438 3116 2545 3178 111,
2584 3120 2636 3166 4.

1551 3186 1910 3236 Accuratiora
1968 3201 2113 3236 nunc
2178 3185 2398 3235 edocuit
2461 3187 2639 3235 Kruse

1554 3253 1765 3318 (Hellas
1801 3255 1876 3316 11,
1915 3257 1966 3304 2.
2005 3271 2133 3320 pag.
2165 3253 2329 3320 158.),
2366 3254 2642 3320 Thucydi-

1552 3325 1637 3374 dis
1683 3325 1973 3389 praecipue
2018 3324 2278 3373 insistens
2326 3325 2640 3374 testimonio

1549 3395 1638 3455 II,
1680 3393 1744 3444 13
1782 3397 1947 3458 atque
1974 3393 2229 3457 Dionysii
2260 3392 2638 3443 Halicarnass.

1548 3463 1799 3528 (Antiqq.
1839 3464 2051 3514 Romm.
2082 3463 2193 3523 -IV,
2236 3460 2319 3512 13.
2369 3462 2467 3525 IX,
2506 3461 2638 3523 68.)‚

1550 3547 1658 3597 quo
1702 3546 1888 3581 verum
1932 3531 2194 3581 ambitum
2236 3531 2407 3580 fuisse
2451 3539 2642 3581 centum

1550 3603 1824 3664 seaeayi’nta
1850 3600 2150 3650 stadiorum
2177 3600 2469 3650 evinceret.
2500 3601 2642 3650 Nam

1552 3685 1619 3719 ex
1673 3668 1995 3733 Thucydide
2051 3677 2241 3719 centum
2301 3670 2643 3734 quadraginta

1550 3746 1662 3789 octo
1699 3737 1873 3788 fuisse
1910 3736 2213 3802 colligitur,
2260 3754 2326 3788 ex
2372 3738 2640 3804 Dionysio

1549 3816 1742 3858 centum
1774 3809 2047 3871 seaeayinta
2082 3816 2216 3865 octo,
2254 3823 2288 3857 a
2315 3807 2510 3873 quibus
2540 3823 2641 3858 nu-

1551 3877 1712 3927 meris
1747 3877 1944 3942 reliqui
1991 3876 2166 3942 magis
2214 3878 2461 3928 minusve
2494 3894 2641 3929 rece-

1552 3946 1707 3997 dunt.
1750 3946 1935 3997 Leake
1975 3946 2380 4012 (Topographie
2411 3947 2639 4010 Athens,

1550 4016 1733 4066 iibers.
1769 4032 1821 4066 v.
1852 4016 2038 4067 Baiter
2066 4031 2120 4066 u.
2159 4016 2392 4082 Sauppe,
2428 4033 2482 4082 p.
2510 4016 2638 4083 313)

1551 4086 1815 4136 ambitum
1876 4093 2065 4137 centum
2133 4087 2473 4152 quadraginta
2528 4096 2642 4139 octo

1552 4155 1853 4206 stadiorum
1916 4155 2033 4207 sive
2090 4155 2458 4220 septendecim
2504 4155 2638 4206 mill.

1552 4224 1804 4289 Anglicc.
1843 4241 1962 4276 esse
2008 4227 2231 4286 statuit3
2275 4241 2382 4291 quo
2425 4227 2641 4291 quidem

1552 4294 1765 4344 ambitu
1796 4295 1917 4359 ipsa
1948 4294 2081 4344 urbs
2117 4287 2210 4360 (τὸ
2246 4285 2435 4358 ἄστυ),
2475 4294 2642 4358 longa

1551 4364 1769 4414 moenia
1799 4367 1854 4415 et
1876 4367 2067 4429 portus
2089 4363 2456 4414 includuntur.
2500 4364 2642 4414 Utut

1551 4435 1664 4496 est,
1727 4429 2012 4483 confirmat
2066 4431 2336 4483 Herodoti
2400 4432 2642 4484 testimo·
