3109 5092
1237 350 1490 416 CLIO.
1536 356 1586 416 Ι.
1633 364 1686 422 7.
2532 370 2608 433 17

255 598 265 608 ο
314 506 716 609 Κιμμερίων
746 521 1127 613 στράτευμα
1168 523 1246 595 τὸ
1290 529 1398 596 ἐπὶ
1437 527 1564 619 τὴν
1599 527 1861 625 Ἰωνίην
1899 536 2339 634 ἀπικόμενον,
2388 557 2598 639 Κροί-

314 642 442 690 σου
488 622 602 692 ἐὸν
654 627 1150 717 πρεσβύτερον,
1207 625 1289 697 οὐ
1337 635 1765 727 καταστροφὴ
1821 646 2085 730 ἐγένετο
2136 657 2274 720 τῶν
2320 661 2595 739 πολίων,

312 721 463 794 ἀλλ’
521 729 589 808 ἐξ
630 730 998 820 ἐπιδρομῆς
1040 726 1329 821 ἁρπαγή.
1416 732 1505 805 Ἡ
1549 737 1628 807 δὲ
1661 734 1984 838 ἡγεμονιή
2033 742 2208 821 οὕτω
2243 762 2650 845 περιῆλθε,7

314 830 518 897 ἐοῦσα
542 824 1070 919 Ἡρακλειδέωνῇ
1109 838 1177 915 ἐς
1212 833 1289 905 τὸ
1324 841 1517 924 γένος
1550 839 1627 910 τὸ
1651 851 1990 939 Κροίσου,
2042 861 2485 944 καλεομένους
2523 861 2598 929 δὲ

314 935 750 1022 Μερμνάδας.
827 928 956 1006 Ἦν
981 938 1419 1029 Κανδαύλης,
1464 940 1587 1013 τὸν
1621 950 1693 1014 οἱ
1714 946 2034 1044 Ἕλληνες
2064 966 2427 1049 Μυρσίλον
2476 960 2594 1031 οὗ·

316 1132 546 1194 probere
591 1135 776 1185 studet
812 1137 1221 1190 cimmeriorum
1256 1142 1408 1193 inva-

316 1200 552 1266 sionem,
622 1204 983 1273 Ssrdiumque
1050 1214 1407 1276 expugnatio-⁶

1506 1147 1583 1197 tis
1621 1165 1816 1201 nomen
1853 1155 2008 1205 vario
2056 1158 2216 1208 modo
2266 1165 2322 1210 et
2360 1161 2598 1211 scriben-

1507 1222 1594 1267 tes
1635 1224 1690 1269 et
1721 1221 2147 1287 interpretantes
2168 1229 2262 1294 (cf.
2289 1230 2466 1280 Ukert
2489 1231 2592 1293 111,

315 1284 459 1321 nem.
516 1271 755 1324 Alteram
808 1279 963 1341 ponit
1023 1280 1284 1344 priorem,
1333 1283 1405 1332 ad
1506 1289 1559 1336 2.
1597 1303 1653 1352 p.
1693 1289 1817 1355 368)
1854 1307 1920 1341 ex
1952 1295 2325 1348 Hebraeorum
2361 1299 2596 1366 denique

310 1339 535 1390 Homeri
572 1349 809 1395 aetatem
834 1347 1176 1398 recedentem
1202 1355 1257 1400 et
1281 1351 1403 1401 Cal-

310 1408 422 1471 lino
468 1417 689 1477 poetae,
716 1418 836 1479 .qui
896 1421 953 1466 et
1002 1418 1121 1481 ipse
1163 1420 1399 1471 Homero

307 1480 587 1542 proximus
633 1484 798 1533 fuerit
814 1522 828 1547 ‚
879 1493 1232 1538 memoratam
1248 1527 1261 1552 ,
1311 1491 1401 1540 cui

308 1550 609 1613 praefuerit
627 1534 961 1619 Lygdamus,
982 1557 1040 1606 in
1064 1557 1258 1608 cilicia
1272 1566 1401 1625 post

307 1619 506 1670 acerbo
534 1621 649 1671 fato
672 1638 993 1689 oppressus;
1015 1626 1242 1677 alteram
1266 1629 1401 1679 mul-

307 1692 367 1737 to
404 1695 533 1753 post
566 1693 837 1743 accidisse
881 1695 1023 1758 vult,
1062 1711 1225 1761 quam
1257 1698 1399 1749 Cim·

302 1759 487 1807 meriis
522 1761 853 1825 Herodotus,
879 1764 1239 1817 Callisthenes
1268 1769 1399 1819 Tre-

302 1828 457 1877 ribus
494 1844 561 1879 ac
595 1831 782 1896 Lyciis
815 1834 1044 1886 tribuat.
1101 1837 1282 1901 Atque
1316 1839 1397 1888 ni·-

304 1900 497 1947 tuntur
533 1899 644 1949 ista
680 1916 748 1951 eo
786 1908 1127 1969 arg-umento,
1149 1922 1256 1972 quo
1277 1907 1399 1958 Cal-

300 1965 474 2016 linum
508 1984 618 2019 non
668 1971 979 2023 Archilochi
1013 1979 1069 2023 et
1102 1975 1273 2041 Gygis
1311 1992 1400 2027 ae-

302 2041 423 2086 tate
458 2036 623 2102 (quae
668 2040 833 2106 vulgo
879 2048 1102 2108 recepte
1147 2050 1234 2095 est
1277 2061 1398 2096 sen-

301 2107 521 2170 tentia),
555 2109 653 2158 sed
709 2111 880 2161 multo
951 2118 1115 2164 antea
1169 2116 1397 2166 Homeri

302 2175 421 2225 fere
458 2182 640 2227 aetate
672 2181 879 2231 vixisse
914 2197 1251 2234 censeamus.
1308 2186 1393 2235 Cf.

300 2244 350 2305 1,
394 2247 476 2295 14.
516 2246 655 2297 Utut
703 2255 806 2311 est,
842 2252 1197 2315 Herodotum,
1235 2269 1396 2319 quem

298 2316 361 2363 in
376 2315 652 2380 Lydorum
684 2318 917 2371 historia
950 2322 1087 2371 satis
1117 2329 1394 2373 versatum

304 2382 453 2433 haud
487 2400 664 2449 pauca
697 2396 1151 2457 commonstrant,
1185 2391 1253 2442 de
1288 2409 1398 2444 una

299 2454 624 2517 posterioris
652 2459 852 2508 aetatis
886 2460 1195 2512 incursione
1226 2462 1398 2513 verbe

300 2523 522 2585 fecisse,
562 2526 810 2590 equidem
853 2529 999 2579 haud
1041 2532 1159 2580 sine
1194 2546 1395 2596 magna

298 2593 423 2641 veri
465 2596 648 2658 specie
696 2597 828 2646 mihi
867 2601 1194 2651 contendere
1228 2617 1393 2664 posse

296 2662 512 2713 videor.
546 2665 727 2729 Atque
762 2667 866 2717 hac
907 2669 963 2717 in
1011 2671 1287 2720 sententia
1320 2672 1388 2720 iis

295 2730 655 2783 confirmatus
690 2750 829 2799 sum,
865 2752 1007 2802 quae
1042 2755 1076 2788 a
1121 2740 1253 2790 viris
1295 2738 1389 2790 do-

290 2802 407 2850 ctis
431 2808 655 2853 nostrae
680 2806 885 2856 aetatis
903 2806 970 2857 de
990 2808 1076 2858 his
1088 2808 1397 2861 Cimmerio·

288 2886 419 2920 rum
440 2872 840 2925 incursionibus
862 2876 1145 2942 disputata
1179 2879 1393 2929 inveni:

288 2939 413 2990 vid.
431 2940 609 2991 Bode:
648 2944 843 2995 Gesch.
866 2945 916 2997 d.
945 2946 1140 2998 hellen.
1164 2948 1391 2999 Dichtk.

288 3010 371 3071 11,
420 3010 467 3060 1.
505 3027 560 3075 p.
604 3013 705 3064 150
750 3030 902 3080 seqq.
944 3016 1149 3067 Caesar
1184 3017 1220 3070 l.
1258 3018 1298 3068 l.
1334 3034 1389 3082 p.

286 3080 353 3129 61
423 3094 575 3144 seqq.
638 3083 1018 3137 Westermann
1077 3088 1163 3137 De
1226 3087 1392 3137 Calli-

288 3148 481 3199 sthen.
510 3150 731 3215 Olyntb.
756 3155 820 3203 P.
854 3154 929 3217 11,
968 3155 1019 3207 3.
1060 3171 1112 3220 p.
1142 3157 1203 3207 11
1231 3172 1386 3222 seqq.

286 3219 593 3281 Rossignol
650 3222 730 3271 in:
797 3224 1089 3274 Nouvelles
1149 3226 1390 3276 Annales

288 3288 394 3337 des
442 3288 698 3354 Voyeges
749 3291 900 3344 1853.
950 3293 996 3343 Ι.
1033 3309 1087 3358 Ρ.
1125 3292 1247 3357 94.,
1296 3295 1391 3360 qui

286 3357 642 3408 Herodotum
676 3361 816 3411 tueri
851 3362 1079 3425 studuit,
1117 3364 1233 3413 eius
1272 3370 1389 3414 tan-

286 3431 417 3476 tum
455 3427 865 3479 Cimmeriorum
909 3432 1235 3482 incursionis
1281 3449 1391 3484 me-

288 3511 520 3558 morem,
541 3513 682 3562 quae
711 3498 781 3549 ad
816 3515 945 3550 suas
981 3501 1240 3565 histo-rias
1270 3518 1388 3567 per-

287 3566 545 3615 tinuerit.
601 3568 753 3630 Quse
793 3567 859 3619 de
899 3570 1200 3621 Cimmeriis
1241 3572 1387 3636 apud

286 3641 516 3685 veteres
565 3637 880 3700 traduntur,
935 3655 1002 3690 ea
1061 3641 1245 3690 omnia
1301 3657 1389 3691 ex-

287 3704 451 3754 hibet
484 3705 663 3755 Ukert
698 3707 897 3772 Geogr.
937 3708 990 3759 d.
1032 3709 1245 3761 Griech.
1282 3711 1385 3773 111,

288 3776 340 3822 ⁹2.
403 3789 459 3837 Ρ.
519 3774 641 3826 360.
689 3777 736 3825 Ῑ.
788 3791 842 3841 Ρ.
903 3777 971 3829 26
1016 3777 1169 3841 (coll.
1221 3779 1389 3830 Grote

289 3841 510 3907 history
574 3845 636 3893 of
691 3846 897 3897 Greece
952 3846 1059 3899 111.
1130 3864 1185 3912 Ρ.
1208 3847 1386 3913 ,333);

289 3910 444 3961 unde
504 3914 642 3963 satis
702 3914 1054 3980 intellig-itur,
1118 3918 1390 3982 permulta.

291 3979 471 4042 tradi,
516 3997 657 4046 quae
702 3983 772 4033 ed
830 3990 1114 4049 poetarum
1171 3986 1388 4036 fabulas

293 4055 465 4114 atque
514 4058 821 4102 commenta
864 4055 1047 4118 potius
1095 4056 1393 4106 reficienda

292 4119 604 4183 videantur,
644 4137 807 4186 quam
843 4123 913 4172 ad
937 4123 1197 4175 historiae
1229 4124 1390 4175 fidem

294 4189 651 4252 excutienda,
689 4196 753 4240 ut
801 4207 1022 4256 prorsus
1059 4194 1272 4244 incerta
1315 4195 1390 4244 sit

292 4260 475 4322 gentis
515 4260 671 4323 origo
706 4275 773 4310 ac
818 4262 974 4311 sedes
1021 4263 1300 4326 primitiva
1331 4266 1389 4314 in

290 4328 608 4391 regionibus
647 4330 902 4393 Europae
933 4331 1245 4382 borealibus
1275 4332 1389 4383 fere

291 4397 627 4460 quaerenda.
673 4398 837 4461 Quid,
868 4400 1011 4463 quod
1048 4403 1224 4466 ipsum
1260 4418 1389 4465 gen-

380 4500 721 4542 nnnonooe.
772 4501 816 4540 1.

1503 1364 1758 1421 repetunt
1801 1360 2006 1428 lingna,
2045 1366 2141 1415 ubi
2187 1367 2391 1419 Kamar-
2432 1370 2594 1419 deno·

1503 1430 1586 1475 tet
1620 1428 1762 1478 teneb
1982 1434 2245 1487 obscurum
2289 1435 2384 1503 (cf.
2415 1439 2593 1489 Ukert

1501 1494 1548 1545 1.
1584 1511 1638 1560 p.
1661 1497 1769 1564 26),
1805 1506 1902 1550 aut
1938 1517 1967 1551 e
1988 1503 2212 1570 Celtico,
2252 1507 2300 1557 si
2336 1507 2440 1558 diis
2477 1508 2592 1573 pla-

1500 1570 1605 1626 cet,
1633 1566 1906 1633 idiomate,
1941 1571 2035 1621 ubi
2070 1574 2214 1625 Kimr
2247 1592 2442 1628 nomen
2465 1577 2590 1630 Gal-

1498 1632 1674 1685 lorum
1737 1653 1869 1702 gens
1933 1642 2040 1691 sibi
2107 1645 2375 1709 vindicet,
2444 1647 2590 1696 unde

1497 1719 1714 1839 fluiffss‘f
1756 1708 1889 1839 ‘3²3⁶
1887 1727 1976 1830 2:11
2014 1711 2589 1838 3330‘22533‘222321

1495 1843 1553 1891 in
1595 1843 1727 1894 Vita
1775 1847 1915 1897 Mer.
1969 1849 2050 1912 11,
2096 1852 2192 1901 ubi
2266 1859 2447 1904 raeter
2481 1853 2592 1903 alia

1497 1911 1634 1962 haee
1652 1913 1934 1980 leguntur:
1971 1908 2130 1967 ἄλλοι
2168 1869 2419 2001 cuppam,
2449 1921 2589 1985 Κιμ-

1500 1979 1716 2045 μερίων
1751 1977 1815 2032 τὸ
1850 1978 1956 2049 μὲν
1991 1985 2221 2053 πρῶτον
2259 1981 2370 2054 υφ’
2396 1981 2588 2054 Ἑλλή-

1498 2063 1618 2098 νων
1672 2049 1789 2100 τῶν
1855 2046 2030 2104 πάλαι
2077 2054 2461 2121 γνωσθέντων
2516 2050 2587 2107 οὔ

1495 2114 1637 2183 μέγα
1681 2118 1952 2184 γενέσθαι
1992 2117 2057 2174 τὸ
2098 2121 2315 2187 παντὸς
2358 2121 2583 2194 μόριον,

1493 2178 1634 2237 ἀλλὰ
1689 2184 1882 2256 φυγὴν
1939 2182 1980 2258 ἢ
2037 2188 2234 2247 στάσιν
2289 2191 2420 2248 τινὰ
2463 2195 2584 2264 βια-

1497 2254 1740 2308 σθεῖσαν
1790 2253 1907 2313 {nco
1962 2262 2220 2316 Σκυθῶν
2277 2262 2361 2325 εἰς
2397 2259 2584 2317 Ἀσίαν

1494 2316 1612 2376 ἀπὸ
1670 2326 1772 2393 τῆς
1826 2325 2164 2393 Μαιώτιδος
2218 2329 2580 2401 διαπεράσαι,

1496 2391 1823 2462 Λυγδάμιος
1858 2392 2180 2467 ἡγουμένου
2215 2420 2265 2454 κ.
2302 2421 2349 2455 τ.
2395 2404 2472 2467 λ.,
2512 2405 2581 2454 ad

1494 2479 1635 2529 quae
1674 2468 1895 2520 doctum
1932 2472 2183 2523 consulas
2233 2476 2583 2539 interpretem

1492 2534 1829 2601 Leopoldum
1877 2557 1928 2605 p.
1982 2539 2229 2593 39—41.
2302 2543 2409 2595 Sed
2445 2543 2583 2593 haec

1491 2618 1637 2655 nunc
1704 2608 2009 2671 sufficiant,
2078 2616 2133 2660 et
2198 2617 2583 2676 comparentur

1490 2689 1612 2723 cum
1641 2676 1729 2737 iis,
1771 2693 1911 2741 quae
1946 2678 2016 2728 ed
2053 2679 2289 2744 reliquos
2311 2680 2583 2730 Herodoti

1486 2740 1637 2794 locos
1673 2760 1839 2811 supra
1872 2747 2123 2799 laudatos
2171 2748 2477 2815 afferemus.

1891 2920 2023 2971 Cu.
2064 2921 2189 2973 VH.

1554 3010 1629 3068 ‘H
1661 3013 1725 3070 δὲ
1767 3013 2044 3088 ἡγεμονίη
2092 3013 2244 3074 οὕτω
2300 3022 2581 3089 περιῆλθε

1493 3103 1544 3137 κ.
1592 3105 1640 3138 τ.
1693 3088 1764 3157 λ.]
1817 3092 2048 3158 Scripsit
2093 3094 2229 3144 haec
2264 3095 2464 3145 Noster
2499 3111 2580 3144 re-

1492 3158 1729 3222 spiciens
1765 3161 1834 3210 ad
1871 3178 1954 3225 ea,
1993 3179 2133 3229 quae
2176 3180 2297 3228 cap.
2350 3163 2386 3214 6
2419 3164 2578 3213 initio

1492 3234 1752 3291 posuerat
1807 3232 2001 3282 verba:
2055 3232 2303 3297 Κροῖσος
2347 3221 2422 3296 ἦν
2469 3235 2582 3281 Λυ-

1492 3288 1596 3354 δὸς
1629 3290 1733 3360 μὲν
1769 3314 1820 3349 κ.
1857 3316 1906 3350 τ.
1944 3300 1992 3350 λ.
2029 3306 2083 3351 et
2129 3290 2299 3358 οὗτος
2333 3294 2364 3350 ὁ
2405 3300 2578 3364 Κροῖ-

1494 3378 1592 3422 σος
1626 3381 1675 3416 κ.
1715 3382 1763 3417 τ.
1802 3369 1878 3427 λ.;
1918 3371 2062 3421 unde
2085 3370 2358 3434 particula
2393 3364 2457 3418 δὲ
2488 3370 2578 3419 hic

1490 3434 1898 3487 demonstrandi
1936 3444 1991 3489 et
2029 3439 2337 3503 explicandi
2356 3440 2466 3486 vim
2493 3452 2581 3486 ac-

1489 3505 1685 3569 quirit,
1722 3521 1884 3569 quam
1922 3508 2148 3557 eandem
2186 3508 2352 3556 etiam
2377 3508 2434 3554 in
2463 3520 2582 3555 ver-

1485 3572 1574 3622 bis
1645 3576 1998 3638 sequentibus
2070 3570 2447 3637 καλεομένους
2509 3567 2582 3621 δὲ

1490 3639 1848 3705 Μερμνάδας
1886 3640 2048 3708 (quae
2097 3642 2167 3692 ad
2209 3644 2451 3707 proxime
2487 3657 2581 3691 sn-

1491 3711 1802 3761 tecedentia
1835 3701 1890 3768 ἐς
1925 3705 1988 3761 τὸ
2023 3707 2186 3777 γένος
2219 3704 2284 3761 τὸ
2326 3709 2580 3777 Κροίσου

1490 3780 1766 3846 spectent)
1801 3780 2041 3833 retinet.'
2078 3778 2483 3846 καλεομένους
2517 3784 2580 3830 ut

1489 3850 1637 3899 infra
1687 3843 2055 3915 καλεόμενος
2112 3851 2312 3901 retinui
2362 3866 2395 3901 a
2445 3852 2578 3900 Din-
2657 3914 2662 3919 .
2733 3866 2736 3869 ·

1492 3918 1663 3969 dorfio
1688 3925 1954 3971 mutatum
1990 3921 2046 3970 in
2082 3917 2488 3983 καλευμένους
2523 3924 2579 3970 et

1487 3981 1877 4051 Ικαλεύμενος.
1924 3990 2049 4041 Vid.
2086 3990 2319 4040 Bredov.
2358 4005 2411 4054 p.
2451 3988 2574 4040 372.

1493 4057 1614 4108 374.
1677 4059 1762 4109 De
1805 4057 2131 4123 περιελθεῖν
2177 4058 2410 4123 aliisque
2455 4072 2577 4107 cum

1490 4123 1623 4189 περὶ
1672 4129 1988 4192 compositis
2032 4128 2214 4178 verbis
2263 4127 2366 4177 hac
2415 4128 2472 4176 in
2518 4141 2578 4175 re

1490 4196 1713 4246 usitatis
1767 4197 1838 4246 cf.
1893 4198 2039 4247 infra
2089 4197 2132 4259 1,
2180 4196 2267 4247 96.
2322 4197 2440 4246 120.
2479 4195 2582 4244 ibi·

1490 4280 1597 4330 que
1633 4269 1773 4315 nott.

1556 4326 1662 4384 τὸν
1696 4328 1757 4382 οἱ
1776 4321 1925 4383 ”Ελλ.
1957 4330 2320 4393 Μυρσίλον
2354 4322 2578 4395 οὔνομ]

1489 4402 1793 4467 Μυρσίλον
1827 4419 1924 4468 pro
1951 4401 2270 4465 Μυρσίλον,
2303 4405 2365 4450 ut
2395 4399 2579 4463 vulgo,

2119 4482 2157 4540 2
