3109 5092
342 834 421 896 38
435 828 752 891 τίσταται.

437 340 560 401 514

625 539 949 593 Ονῑδςθυ

1300 337 1843 401 ΗΕΒΟΒΟΤΙ

865 509 949 582 οὗ
1002 511 1312 602 καθαρόν
1359 541 1479 601 μιν
1534 511 1709 583 εἶναι
1761 508 2065 601 ὄσπριον.
2183 513 2405 599 ἱρᾶται
2460 509 2535 579 δὲ
2588 506 2714 579 οὐκ

439 611 535 696 εἷς
605 615 886 685 ἕκαστον
951 622 1089 686 τῶν
1141 620 1363 702 θεῶν,
1440 613 1612 686 ἀλλὰ
1668 617 1937 700 πολλοὶ,
2026 616 2166 683 τῶν
2230 608 2325 692 εἷς
2396 615 2536 684 ἐστὶ
2586 609 2710 703 ἆρ-

436 720 741 810 χιέρεως·

821 716 1028 789 ἐπεὰν
1094 721 1175 789 δέ
1237 747 1337 799 τις
1405 716 1752 808 ἀποθάνῃ,
1819 716 2064 788 τούτου
2129 712 2167 786 ὁ
2226 731 2383 795 παῖς
2436 712 2707 788 ἀντικα-

892 820 1062 903 Tuos
1126 823 1202 892 δὲ
1260 826 1424 910 βοῦς
1486 850 1644 902 τους
1715 829 1992 912 ἔρσενας
2057 825 2180 889 τοῦ
2237 816 2536 908 Ἐπάφου
2611 818 2706 887 εἶ-

434 953 548 994 ναι
597 932 939 1013 νομίζουσι
955 977 974 1012 ,
1028 927 1142 994 καὶ
1186 925 1428 995 τούτου
1481 931 1708 995 εἵνεκα
1764 923 2192 1012 δοκιμάζουσι
2246 919 2495 1002 αὐτους
2550 911 2707 991 ωδε.

434 1035 627 1117 τριχα
680 1024 767 1118 ἢν
817 1030 928 1097 καὶ
979 1036 1145 1118 μίαν
1198 1035 1420 1118 ἴδηται
1475 1032 1809 1099 ἐπεοῦσαν
1853 1031 2210 1116 μέλαιναν,
2265 1022 2348 1095 οὐ
2400 1024 2711 1114 καθαρὸν

434 1229 683 1279 ctitatem
719 1231 845 1293 poet
879 1225 947 1277 ad
988 1225 1153 1277 aliam
1181 1243 1516 1279 communem

434 1299 620 1349 fabam
640 1296 963 1347 translatam
981 1310 1102 1346 esse
1126 1298 1406 1348 contendit
1425 1314 1518 1349 eo-

435 1382 541 1432 que
585 1366 782 1430 resert‚
831 1364 977 1431 quod
1021 1367 1309 1432 Aegyptiis
1358 1368 1515 1417 fabas

435 1437 593 1486 edere
635 1436 783 1486 haud
826 1434 1060 1487 licuerit.
1108 1465 1179 1476 —-
1222 1438 1288 1486 In
1335 1437 1516 1487 verbis

435 1495 504 1554 οὐ
543 1497 811 1568 καθαρόν
854 1520 955 1569 μιν
987 1498 1135 1554 εἶναι
1173 1495 1420 1573 ὄσπριον
1457 1521 1517 1556 ae

430 1576 643 1624 nescire
678 1575 760 1624 ait
794 1573 1074 1625 Benedict.
1114 1574 1284 1641 (Actt.
1324 1576 1517 1627 semin.

432 1658 548 1710 reg.
585 1644 739 1710 Lipe.
776 1643 853 1694 11.
888 1661 943 1710 p.
980 1644 1135 1709 286),
1174 1660 1281 1711 quo
1319 1646 1519 1696 refera-

431 1717 521 1762 tur
560 1727 688 1777 μιν,
747 1713 983 1779 indeque
1044 1716 1243 1765 mutari
1294 1715 1414 1765 vult
1461 1716 1516 1765 in

430 1773 565 1846 μήν.
636 1782 902 1848 Equidem
941 1783 1194 1834 voculam
1240 1784 1312 1834 ad
1358 1785 1516 1834 fabas

430 1856 680 1918 spectare
715 1853 950 1903 credam.

499 1945 672 2004 ἐπεὰν
707 1951 775 2004 δέ
806 1971 892 2013 τις
936 1946 1215 2021 ἀποθάνῃ
1259 1970 1311 2006 κ.
1350 1971 1397 2004 τ.
1439 1954 1513 2021 λ.]

427 2024 582 2075 Haec
617 2040 775 2075 nemo
797 2040 908 2075 non
940 2025 1200 2090 intelligit
1232 2024 1303 2074 ad
1336 2040 1514 2075 sacer-

429 2092 669 2143 dotalem
703 2094 947 2145 ordinem
991 2110 1036 2144 a.
1081 2095 1283 2144 tribum
1319 2094 1509 2156 (Kaste

427 2176 527 2211 noe
578 2161 856 2227 appellare
903 2161 1159 2229 solemus)
1208 2164 1506 2227 pertinere;

428 2232 493 2281 de
538 2246 644 2295 quo
690 2232 833 2282 conf.
881 2231 957 2294 ΙΙ,
1010 2233 1127 2283 164.
1181 2232 1280 2282 166
1322 2233 1509 2298 ibique

426 2304 566 2351 nott.
639 2300 706 2350 In
731 2316 837 2365 quo
874 2300 1039 2352 etiam
1065 2301 1167 2351 hoc
1195 2303 1507 2365 tenendum,

424 2368 644 2435 singula
672 2369 908 2435 collegia
940 2370 1283 2420 sacerdotum
1319 2371 1507 2421 eodem

424 2440 539 2489 fere
569 2438 730 2489 modo
767 2440 911 2490 inter
945 2455 1006 2490 se
1046 2439 1284 2491 discreta
1328 2447 1382 2491 et
1427 2456 1510 2491 se-

421 2509 611 2560 iuncta
655 2508 854 2573 fuisse,
903 2525 1009 2575 quo
1046 2510 1221 2560 omnis
1257 2510 1509 2561 sacerdo-

421 2578 552 2630 talis
587 2577 720 2630 ordo
754 2593 790 2628 a
823 2578 1046 2645 reliquie
1082 2579 1361 2630 ordinibus
1393 2580 1507 2630 fue-

420 2649 494 2699 rit
529 2648 852 2713 distinctus,
898 2650 980 2699 ita
1026 2653 1089 2699 ut
1136 2649 1340 2699 nemini
1375 2649 1507 2700 licu-

420 2719 524 2769 erit
549 2717 619 2769 ad
645 2717 794 2769 aliud
825 2720 1060 2770 transire
1074 2719 1380 2783 collegium,
1410 2719 1506 2770 sed

417 2787 565 2838 filius
601 2788 774 2853 patrie
808 2788 1040 2855 collegio
1065 2789 1372 2853 adscriptus
1396 2804 1506 2838 ma-

420 2862 594 2907 neret.
668 2858 788 2919 Quo
837 2857 926 2907 vel
974 2873 1040 2909 ea
1084 2857 1323 2920 faciunt,
1363 2872 1506 2922 quae

419 2939 587 2990 supra
624 2925 692 2974 de
738 2928 1008 2977 communi
1049 2925 1370 2992 templorum
1418 2943 1515 2978 ae-.

419 2994 565 3043 rario
585 2998 752 3058 atque
771 2995 950 3045 reditu
970 2997 1293 3046 monuimus.
1344 2995 1501 3048 Conf.

419 3064 655 3113 Heeren.
688 3062 727 3112 l.
766 3062 804 3113 1.
829 3078 958 3129 pag.
990 3066 1085 3115 127
1118 3062 1246 3116 coll.
1273 3065 1501 3116 Diodor.

418 3131 532 3182 Sic.
583 3132 631 3193 1,
676 3130 763 3183 73.
799 3161 871 3169 -
905 3129 1208 3197 ἀρχιερέως
1256 3150 1285 3185 e
1322 3134 1504 3185 melio-

417 3200 568 3256 ribus
595 3199 745 3251 libris
771 3203 1068 3265 repositum
1099 3217 1197 3267 pro
1227 3202 1376 3268 vulg.
1405 3194 1503 3266 ἆρ-

415 3261 637 3334 χιερεὺς
672 3269 897 3322 damnat
930 3270 1166 3322 BredoV.
1201 3287 1256 3340 p.
1299 3271 1398 3322 194
1432 3272 1501 3323 ab

415 3339 696 3390 Herodoto
727 3341 991 3406 scriptum
1036 3355 1157 3392 esse
1210 3346 1364 3392 ratus
1404 3333 1504 3405 ἆρ-

411 3422 631 3474 χιρευς,
664 3424 773 3474 qua
809 3410 986 3461 forme
1022 3410 1223 3462 Noster
1257 3426 1387 3462 usus
1417 3416 1503 3462 eet

416 3477 495 3540 ΙΙ,
547 3447 1000 3531 15’1.142.143.
1072 3480 1342 3546 Equidem
1378 3496 1503 3531 cum

412 3547 671 3600 Dindorf.
707 3553 764 3599 et
798 3550 1047 3601 Dietsch.
1086 3565 1120 3599 a
1154 3549 1313 3602 codd.
1350 3551 1502 3601 meli·

412 3631 565 3667 orum
621 3620 954 3670 auctoritate
1003 3618 1281 3670 discedere
1327 3620 1499 3672 nolui.

410 3686 492 3736 Ae
528 3688 759 3751 primum
795 3689 941 3740 inter
971 3689 1285 3740 sacerdotes
1321 3690 1500 3755 Aegy-

411 3755 555 3837 ptioe
595 3756 776 3808 locum
833 3762 1022 3809 tenere
1067 3774 1189 3822 eoe,
1248 3759 1343 3825 qui
1393 3759 1498 3810 hoc

409 3838 628 3943 ἓίῗίἷέἲ
661 3827 1071 3948 ἰιέῗῗὲἓὲᾙ
1100 3832 1278 3962 ³332.
1282 3843 1497 3950 ‘¹¹1²ssssssss

411 3959 505 4012 Gr.
543 3962 611 4013 Τ.
648 3963 754 4014 ΠΙ.
790 3981 844 4031 p.
881 3967 984 4018 305
1015 3981 1201 4032 seqq&
1249 3967 1495 4031 nequitur

408 4020 440 4079 ὁ
476 4024 795 4097 προφήτης,
848 4035 942 4098 qui
981 4036 1038 4084 in
1084 4036 1298 4101 Inscrip
1300 4040 1367 4087 tt.
1407 4052 1491 4088 nr.

405 4097 566 4151 4697.
601 4100 762 4153 4840.
798 4102 956 4155 4902.
993 4102 1152 4156 4945.
1189 4104 1328 4156 4946
1352 4120 1496 4157 οοιιι-

405 4174 762 4233 memoratur,
796 4176 1097 4237 sequuntur
1125 4174 1239 4236 alii,
1279 4175 1345 4225 de
1376 4176 1493 4240 qui-

403 4238 505 4289 bua
559 4239 673 4291 vid.
733 4240 934 4293 Franz.
994 4241 1032 4292 l.
1103 4241 1142 4292 l.
1212 4212 1493 4295 brumanu

403 4304 714 4372 (Inechrift.
781 4326 837 4361 v.
900 4312 1159 4376 Roeette)
1230 4328 1359 4378 pag.
1424 4313 1492 4365 95

400 4391 554 4444 flssqq·

1915 1226 2048 1277 Car.
2085 1226 2404 1278 XXXVIII.

1685 1324 1780 1378 καὶ
1837 1319 2046 1377 τούτου
2101 1327 2292 1378 εἵνεκα
2340 1320 2709 1393 δοκιμάζουσι

1618 1391 1833 1455 αὐτοὺς
1892 1398 2048 1449 Haec
2078 1414 2200 1450 cum
2231 1398 2706 1449 antecedentibus:

1617 1460 1756 1525 τοὺς
1800 1464 1838 1516 ὃ
1925 1464 2067 1534 βοῦς
2127 1460 2263 1525 τοὺς
2311 1463 2544 1534 ἔρσενας
2601 1464 2707 1516 τοῦ

1608 1529 1872 1601 Ἐπάφου
1909 1530 2059 1586 εἶναι
2098 1535 2391 1601 νομίζουσι
2426 1554 2536 1589 non
2570 1537 2705 1588 eatis

1620 1607 1910 1658 cohaerere
1946 1607 2178 1672 putabat
2205 1607 2599 1686 wesseling-ius
2629 1607 2709 1656 in-

1623 1677 1797 1757 deque
1839 1676 2209 1727 scribendum:
2249 1691 2384 1733 τους
2404 1671 2470 1727 δὲ
2494 1676 2708 1726 καθα·

1622 1740 1791 1810 ρούς
1840 1742 1982 1811 βοῦς
2026 1739 2164 1804 τοὺς
2211 1739 2442 1808 ἔρσενας
2477 1762 2527 1796 κ.
2568 1763 2617 1795 τ.
2656 1746 2701 1794 λ.

1618 1816 1734 1866 Nec
1759 1820 1970 1878 tamen,
2010 1818 2059 1865 si
2080 1815 2212 1896 quid
2237 1815 2427 1878 video,
2465 1832 2601 1881 opus
2627 1814 2707 1864 in-

1617 1899 1801 1935 serere
1832 1880 2134 1949 καθαροὺς
2169 1885 2259 1934 vel
2284 1892 2505 1951 propter
2535 1885 2706 1935 verba

1617 1944 1826 2002 τούτου
1887 1950 2102 2017 εἵνεκα,
2177 1969 2301 2004 οιιιιι
2353 1969 2546 2005 census
2603 1955 2704 2003 sit:

1618 2039 1727 2072 eam
1760 2024 1822 2073 ob
1856 2038 2088 2085 causam,
2123 2027 2187 2073 ut
2223 2021 2550 2089 intelligant,
2590 2025 2705 2088 qui-

1613 2107 1740 2143 nam
1776 2093 1944 2142 bovee
1994 2106 2171 2142 mares
2214 2107 2406 2144 revera
2439 2099 2562 2156 puri
2594 2095 2704 2142 sint

1611 2161 1949 2228 Epaphoque
2011 2163 2181 2224 sacri,
2236 2162 2365 2213 hunc
2418 2164 2472 2213 in
2514 2165 2704 2214 modmn

1611 2233 1726 2282 illos
1759 2234 2049 2294 explorant.
2127 2233 2277 2294 Quae
2312 2248 2435 2282 cum
2456 2234 2538 2283 ita
2573 2234 2701 2295 sint,

1613 2299 1675 2352 C.
1739 2297 2093 2352 Schwenckio
2167 2303 2425 2351 assentiri
2490 2317 2701 2367 nequeo

1610 2374 1740 2421 aute
1781 2367 1919 2436 βοῦς
1954 2370 2214 2420 inserenti
2256 2368 2527 2434 μέλαναςς
2583 2371 2696 2422 vid.

1610 2439 2005 2490 Schneidewin.
2034 2438 2304 2506 Philolog.
2340 2442 2387 2492 Ι.
2430 2457 2558 2507 pag.
2600 2441 2700 2492 159

1611 2509 1800 2560 -162,
1845 2511 1930 2560 De
1966 2508 2188 2573 Epapho
2223 2507 2335 2559 vid.
2377 2511 2465 2574 ΙΙ,
2506 2509 2605 2563 153
2645 2518 2700 2560 et

1678 2646 1842 2712 τρίχα
1880 2633 1955 2712 ἢν
1998 2643 2093 2697 καὶ
2135 2647 2273 2712 μίαν
2320 2645 2513 2712 ἴδηται
2552 2662 2604 2697 κ.
2644 2665 2695 2698 τ.

1608 2714 1679 2781 L]
1735 2717 1820 2766 Ad
1869 2714 2061 2781 ἴδηται
2118 2716 2363 2783 suppleri
2416 2718 2618 2782 poterit
2657 2709 2689 2766 ὁ

1608 2778 1929 2869 δοκιμάζων
1957 2787 2100 2849 sive,
2150 2792 2214 2838 ut
2259 2787 2405 2838 infra
2443 2785 2694 2853 legimus,

1606 2851 1723 2903 τῶν
1753 2870 1837 2912 τις
1871 2849 2043 2920 ἱρέων
2084 2822 2178 2905 ἐπὶ
2220 2854 2392 2906 τοῦτο
2438 2853 2695 2921 τεταγμέ-

1608 2937 1738 2988 νος,
1779 2925 2127 2975 sacerdotum
2161 2941 2327 2990 unus,
2380 2928 2470 2976 cui
2513 2925 2694 2991 explo—

1607 2993 1765 3042 randi
1799 3009 1992 3044 munus
2029 2996 2250 3061 obtigit.
2298 2995 2458 3047 Cous.
2500 2995 2572 3058 ΙΙ,
2603 2996 2694 3044 47.

1605 3062 1652 3124 Ι,
1696 3061 1810 3114 195.
1885 3064 1971 3116 Ad
2005 3080 2118 3127 rem
2166 3067 2308 3115 conf.
2343 3065 2547 3115 Herod.
2586 3062 2693 3125 ΙΙΙ,

1605 3099 1693 3182 2’8.
1768 3133 1991 3184 Diodor.
2030 3134 2077 3197 1,
2115 3132 2183 3184 88
2221 3139 2278 3184 et
2310 3133 2588 3185 Plutarch.
2628 3131 2696 3184 de

1607 3199 1745 3252 leid.
1785 3207 1839 3252 et
1876 3202 2078 3255 Osirid.
2115 3219 2237 3268 cap.
2274 3202 2361 3254 31.
2399 3220 2527 3270 pag.
2568 3202 2688 3266 363,

1602 3271 1669 3333 Β,
1693 3271 1850 3322 -unde
1882 3271 2265 3338 intelligimu3‚
2300 3273 2453 3324 rufos
2477 3278 2694 3324 tantum

1602 3339 1772 3390 boves
1819 3341 1889 3391 ab
1925 3343 2213 3408 Aegyptiis
2259 3342 2555 3410 immolari,
2601 3357 2694 3392 ac-

1605 3410 1948 3462 curatissime
1980 3416 2110 3462 ante
2142 3412 2401 3462 instituto
2428 3414 2693 3476 examine,

1602 3494 1743 3542 cum,
1781 3481 1830 3530 ei
1849 3480 1938 3531 vel
1970 3497 2135 3532 unum
2162 3481 2331 3547 pilum
2368 3483 2584 3549 nigrum
2616 3481 2695 3531 al-

1601 3549 1796 3600 bumve
1816 3550 2042 3601 haberet
2060 3551 2302 3615 victima,
2327 3552 2558 3603 mactari
2580 3567 2691 3602 non

1600 3623 1808 3683 posset.
1889 3620 2006 3672 Nec
2053 3636 2176 3672 raro
2225 3621 2284 3671 in
2327 3621 2690 3674 monumentis

1599 3689 1885 3754 Aegyptiis
1902 3727 1917 3752 ,
1976 3704 2119 3755 quae
2177 3690 2424 3742 continet
2479 3689 2686 3756 grande

1596 3757 2684 3894 353333333341523?m252320?2233

1596 3896 1927 3949 Wilkinson.
1972 3899 2229 3952 Mannere
2262 3904 2371 3952 etc.
2427 3915 2537 3952 sec.
2577 3914 2683 3954 ser.

1596 3964 1674 4016 ΙΙ.
1713 3982 1767 4031 p.
1810 3968 1911 4020 194
1946 3965 2071 4019 coll.
2100 3965 2203 4020 349
2240 3984 2377 4035 seq„
2412 3970 2471 4019 in
2507 3971 2686 4034 Aegy-

1595 4035 1833 4100 ptiorum
1868 4037 2231 4088 monumentis
2270 4039 2512 4104 conspici
2556 4054 2689 4104 quo-

1596 4119 1701 4169 que
1733 4106 1903 4157 boves
1942 4107 2114 4173 nigris
2150 4113 2208 4158 et
2252 4108 2431 4160 rubris
2466 4109 2688 4174 punctis

1596 4189 1644 4225 s.
1680 4175 1825 4226 notis
1870 4176 2164 4241 insignitos
2212 4192 2386 4243 neque
2433 4193 2467 4227 a
2511 4178 2685 4228 saeris

1595 4243 1874 4308 exclusos,
1931 4245 2055 4296 aliie
2099 4246 2248 4296 haud
2293 4248 2410 4298 ecio
2459 4263 2532 4297 an
2583 4247 2688 4297 diis

1593 4326 1691 4377 pro
1738 4313 1982 4366 colorum
2037 4315 2158 4366 eive
2209 4321 2462 4367 notarum
2512 4316 2688 4367 diver·

1590 4382 1758 4434 nitate
1791 4388 2162 4436 consecratos.
