3109 5092
454 288 579 350 452

1321 284 1858 347 HERODOTI

454 465 841 555 χρεωμένῳ·
879 452 1074 550 εὖρος
1101 461 1198 547 δὲ,
1227 466 1308 550 τῇ
1339 457 1701 548 εὐρύτατός
1728 454 1867 528 ἐστι
1897 453 1934 529 ὃ
1957 454 2221 544 κόλπος,
2251 454 2459 547 ἥμισυ
2485 451 2734 546 ἡμέρης
2808 545 2811 548 ¹

457 566 689 636 πλόου.
744 568 938 653 ῥηχίη
968 561 1037 633 δ’
1073 563 1150 635 ἐν
1175 561 1358 657 αὐτῷ
1385 564 1496 632 καὶ
1524 559 1826 650 ἄμπωτις
1850 560 1981 631 άνᾶ
2010 567 2234 631 πᾶσαν
2260 556 2518 650 ἡμέρην
2544 567 2729 647 γίνε-

455 697 584 740 ται.
618 672 851 756 ἕτερον
874 672 1183 737 τοιοῦτον
1209 667 1463 737 κόλπον
1489 666 1603 735 καὶ
1630 663 1754 754 τὴν
1786 676 2138 753 Αἴγυπτον
2166 667 2380 734 δοκέω
2409 667 2733 752 γενέσθαι

456 801 617 856 κου,
658 769 777 841 τὸν
814 772 940 860 μὲν
985 767 1061 840 ἐκ
1107 776 1222 861 τῆς
1266 776 1546 860 βορηΐης
1580 767 1927 857 θαλάσσης
1969 768 2220 839 κόλπον
2269 764 2581 856 ἐσέχοντα
2625 764 2734 835 ἐπὶ

457 882 857 963 Αἰθιοπίης,
885 873 1004 943 τὸν
1031 875 1107 943 δὲ
1125 872 1469 962 Ἀράβιον,
1513 871 1636 941 τὸν
1665 878 1938 962 ἔρχομαι
1981 875 2222 956 λέξων,
2269 875 2343 941 ἐκ
2369 877 2485 962 τῆς
2509 877 2737 959 νοτίης

458 982 753 1104 φέροντα
796 980 904 1046 ἐπὶ
950 985 1241 1065 Συρίης,
1297 974 1540 1065 σχεδὸν
1578 975 1704 1064 μὲν
1749 973 2094 1066 ἀλλήλοισι
2135 982 2735 1065 συντετραίνοντας

455 1080 612 1162 τοὺς
655 1078 941 1171 μυχοὺς,
976 1078 1210 1168 ὀλίγον
1252 1083 1333 1150 δέ
1366 1107 1430 1149 τι
1475 1078 2067 1168 παραλλάσσοντας
2102 1084 2220 1167 τῆς
2247 1077 2484 1168 χώρης.
2545 1082 2608 1145 εἰ
2638 1104 2736 1145 ων

511 1268 695 1360 εὖρος
727 1273 825 1360 δὲ,
875 1279 946 1363 τῇ
993 1271 1300 1360 εὐρύτατός
1345 1271 1459 1331 ἔστι
1510 1271 1540 1331 ὁ

456 1342 686 1413 κόλπος,
716 1317 890 1414 ἥμισυ
915 1342 1131 1414 ημέρης
1156 1343 1358 1416 πλόου]
1388 1353 1543 1401 Haec

455 1421 625 1470 verba
659 1420 852 1469 merito
891 1420 1182 1469 advertunt
1205 1421 1448 1485 Breiger.
1487 1421 1543 1469 in

457 1489 662 1555 disput.
692 1489 898 1539 laudat.
928 1506 983 1554 p.
1014 1489 1095 1550 18,
1133 1504 1255 1539 cum
1280 1491 1374 1540 vix
1400 1489 1542 1540 ullus

456 1560 514 1608 in
549 1560 672 1609 sinu
702 1559 937 1610 Arabico
967 1559 1277 1609 inveniatur
1313 1560 1432 1610 eius
1467 1560 1545 1610 la-

457 1628 710 1678 titudinis
746 1628 929 1690 lucae,
974 1644 1134 1694 quem
1171 1628 1396 1679 dimidio
1436 1629 1546 1679 diei

456 1698 765 1763 transgredi
810 1698 1005 1762 possis.
1073 1698 1254 1760 Quare
1300 1699 1546 1749 Herodo-

458 1773 574 1817 tum
610 1768 678 1817 de
715 1782 781 1816 es
817 1767 977 1817 huius
1013 1768 1166 1816 sinus
1202 1772 1358 1832 parte
1395 1768 1545 1832 loqui

456 1836 694 1899 mavult,
740 1838 834 1901 qui
871 1836 1035 1902 vulgo
1067 1839 1207 1886 sinus
1238 1838 1542 1901 Heroopoli-

458 1916 536 1957 tes
563 1904 883 1972 appelletur.
943 1906 1186 1956 Maxima
1219 1907 1363 1957 enim
1387 1907 1545 1957 huius

458 1976 611 2026 sinus
657 1975 890 2025 latitudo
927 1975 1208 2026 dimidium
1258 1976 1370 2025 fere
1425 1992 1545 2040 gra-

458 2045 559 2095 dus
590 2045 904 2109 aequatoris
938 2044 1174 2108 complet
1209 2062 1311 2096 nec
1344 2045 1546 2095 stadio·

457 2129 576 2163 rum
633 2119 998 2164 trecentorum
1059 2129 1366 2165 mensuram
1431 2115 1542 2165 ullo

457 2182 617 2233 modo
659 2183 889 2233 excedit.

531 2244 701 2315 ᾆηχίη
728 2243 785 2299 δ’
811 2244 871 2300 έν
895 2241 1050 2318 αὐτῷ
1071 2282 1140 2291 -
1164 2250 1398 2316 γίνεται]
1438 2254 1546 2302 Eo-

459 2320 580 2370 dem
604 2320 765 2370 modo
794 2320 1034 2385 loquitur
1060 2323 1259 2372 Noster
1283 2322 1412 2384 VII,
1446 2321 1543 2372 198

459 2389 582 2440 coll.
611 2388 769 2450 VIII,
801 2390 917 2448 129,
959 2390 1052 2439 ubi
1076 2392 1142 2441 de
1179 2405 1399 2440 recessu
1437 2406 1546 2440 ma-

458 2460 533 2508 ris
567 2450 821 2522 ἆμπωτις
854 2474 1025 2524 aeque
1064 2460 1288 2510 dicitur:
1336 2475 1444 2525 qua
1478 2461 1546 2510 de

457 2544 591 2579 voce
612 2528 776 2578 etiam
794 2528 1129 2593 scripserunt
1141 2529 1364 2580 Pindari
1385 2530 1549 2580 inter·

456 2604 639 2664 pretes
670 2598 737 2648 ad
767 2598 984 2663 Olymp.
1013 2599 1108 2662 IX,
1134 2601 1220 2650 52.
1261 2599 1399 2649 Add.
1430 2600 1548 2650 Ari-

457 2667 640 2719 stotel.
686 2666 971 2718 Meteorol.
1011 2668 1094 2730 11,
1125 2669 1188 2731 8,
1226 2671 1278 2718 7.
1340 2669 1547 2719 Contra

458 2730 628 2803 ρηχιή
679 2737 746 2787 de
801 2738 963 2787 maris
1000 2754 1228 2788 accessu
1263 2738 1547 2789 fluctuum-

458 2823 563 2872 que
587 2807 819 2872 appulsu
856 2807 1076 2858 dicitur.
1128 2808 1431 2872 Utrumque
1466 2809 1545 2857 in-

456 2876 648 2926 venias
688 2891 902 2941 quoque
933 2877 1079 2940 apud
1111 2878 1327 2927 Arrian.
1368 2877 1544 2927 Indic.

457 2944 526 2994 29
564 2944 689 2994 coll.
729 2946 816 2995 21.
847 2944 933 2995 37.
962 2946 1049 2996 38.
1117 2946 1276 3007 Quod
1325 2947 1394 2996 ad
1431 2962 1544 2996 rem

459 3013 661 3062 attinet
725 3014 927 3076 ipsam,
995 3030 1258 3079 aquarum
1311 3016 1366 3064 in
1422 3017 1544 3066 sinu

457 3082 692 3132 Arabico
717 3082 894 3132 fluxus
924 3098 990 3133 ac
1013 3083 1250 3133 refluxus
1280 3084 1416 3133 satis
1451 3101 1546 3134 no-

457 3157 568 3201 tus.
640 3152 796 3201 Cons.
838 3151 1066 3203 Diodor.
1115 3153 1284 3203 Sicul.
1323 3154 1436 3216 111,
1475 3155 1544 3204 40

456 3227 513 3271 et
532 3220 705 3271 Exod.
726 3221 872 3282 xlv,
887 3222 974 3271 21.
994 3223 1059 3271 22
1084 3222 1212 3287 ibiq.
1235 3223 1543 3288 interprett.

456 3289 879 3341 Rosenmueller.
899 3291 1038 3342 Bibl.
1063 3291 1545 3358 Archaeolog.111.

458 3375 588 3479 paz
612 3360 903 3496 ἳῗτῗςεὲορ
928 3426 1020 3493 ΐης
1068 3422 1363 3495 θαλάσσης
1418 3423 1544 3481 κόλ-

457 3513 573 3549 πον
598 3489 864 3580 ἐσέχοντα
924 3496 990 3549 πὶ
1017 3494 1354 3565 Αἰθιοπίης]
1389 3491 1423 3565 ἡ
1450 3497 1544 3566 βο-

458 3566 593 3634 ρηΐη
641 3563 903 3619 θάλασσα
953 3574 1037 3619 est
1094 3570 1544 3621 mediterraneum

457 3639 602 3702 quod
637 3639 801 3700 vulgo
839 3638 1067 3689 dicimus
1106 3654 1281 3702 mare,
1328 3641 1415 3690 cui
1451 3655 1543 3704 op-

457 3709 677 3772 ponitur
729 3702 765 3772 ἡ
811 3708 981 3789 νοτίη
1038 3676 1332 3771 θάλασσα,
1404 3724 1544 3773 quae

457 3778 646 3827 eadem
682 3781 766 3828 est
797 3768 832 3841 ἡ
859 3768 1115 3841 Ἐρυθρὴ
1149 3777 1267 3828 sive
1293 3777 1544 3828 Oceanus

457 3846 706 3910 Indicus,
754 3847 906 3896 cuius
940 3862 1070 3928 pars
1110 3851 1195 3897 est
1229 3848 1380 3898 sinus
1413 3848 1546 3898 Ara-

455 3914 633 3965 bicus.
659 3943 728 3952 —
758 3916 843 3965 De
863 3905 1131 3981 έσεχοντα
1157 3917 1302 3967 conf.
1329 3917 1544 3966 initium

457 3984 673 4064 capitis.
736 3985 992 4034 Proxima
1029 3986 1223 4035 verba·
1264 3977 1540 4051 'fetificum

453 4044 557 4100 τὸν
592 4044 827 4116 ἔρχομαι
864 4046 1059 4114 λέξων,
1105 4070 1244 4119 quae
1280 4056 1336 4104 in
1373 4055 1542 4104 omni-

454 4121 556 4171 bus
583 4120 736 4171 libris
764 4127 1107 4186 comparent,
1135 4124 1291 4174 uncis
1320 4124 1541 4174 inclusit

454 4190 1024 4255 Schweighaeuserus,
1061 4193 1218 4256 quasi
1254 4193 1434 4243 aliena
1468 4194 1539 4243 ab

451 4259 557 4309 hoc
587 4259 706 4309 loco
737 4262 793 4308 et
822 4276 888 4310 ex
920 4259 1130 4310 scholio
1157 4262 1285 4311 olim
1317 4261 1422 4313 huc
1446 4264 1543 4312 im-

452 4331 624 4395 perite
677 4330 913 4380 invecta.
988 4329 1220 4380 Secutus
1276 4346 1399 4382 eum
1456 4339 1541 4382 est

1648 1281 1987 1332 Gaisfordius
2014 1296 2082 1330 ac
2106 1295 2278 1345 nuper
2302 1276 2551 1329 Dietsch.
2599 1276 2737 1327 Mihi

1648 1357 1828 1401 tamen
1850 1352 1997 1400 iusta
2018 1367 2080 1400 ac
2102 1349 2380 1400 sufficiens
2404 1363 2570 1399 cansa
2588 1346 2736 1396 haud

1648 1422 1934 1485 apparuit,
1982 1436 2078 1470 cnr
2126 1435 2290 1470 voces
2334 1420 2473 1469 istas
2514 1417 2737 1466 damna-

1648 1505 1788 1550 rem;
1826 1492 2013 1569 itaque
2052 1491 2207 1540 uncis
2243 1488 2494 1539 liberavi.

1720 1553 1925 1624 σχεδὸν
1956 1552 2061 1637 μὲν
2091 1550 2381 1639 ἀλλήλοισι
2417 1554 2739 1635 συντετραί-

1649 1644 1857 1686 νοντας
1892 1620 2029 1685 τοὺς
2062 1622 2306 1693 μυχοὺς,
2348 1619 2543 1706 ὀλίγον
2580 1620 2644 1675 δέ
2681 1641 2735 1673 τι

1647 1691 2148 1777 παραλλάσσοντας
2184 1695 2285 1760 τῆς
2330 1688 2538 1761 χώρης]
2598 1709 2737 1751 τοις

1646 1760 1865 1833 μυχοὺς
1900 1772 1987 1817 est
2010 1768 2359 1817 accusativus
2385 1765 2608 1828 obiecti,
2644 1764 2738 1828 qui

1646 1837 1847 1903 pendet
1903 1852 1936 1886 a
1984 1837 2150 1887 verbo
2210 1833 2734 1898 συντετραίνοντας,

1648 1907 1793 1984 quod
1821 1908 1998 1971 ipsum
2024 1905 2170 1955 haud
2200 1905 2360 1956 aliter
2392 1909 2556 1968 atque
2590 1917 2735 1980 παρ-

1647 1969 2029 2031 αλλάσσοντας
2073 1975 2263 2026 referri
2305 1975 2469 2024 debet
2504 1972 2576 2022 ad
2606 1963 2733 2020 κόλ-

1647 2059 1797 2102 πους
1829 2037 1952 2108 (τὸν
1972 2038 2153 2108 μὲν-
2170 2037 2271 2094 τὸν
2302 2036 2408 2106 δὲ),
2440 2042 2735 2108 Aegyptia-

1646 2130 1794 2176 cum,
1844 2130 2002 2179 quem
2051 2115 2276 2176 statuit,
2323 2118 2378 2163 et
2422 2111 2733 2162 Arabicum.

1646 2182 1884 2233 Verbum
1907 2183 2326 2247 συντετραίνειν
2344 2181 2646 2244 Schweigh.
2677 2181 2733 2228 in

1649 2253 1834 2304 Lexic.
1874 2253 2140 2303 Herodot.
2182 2269 2225 2303 s.
2266 2268 2321 2302 v,
2360 2251 2565 2301 reddit:
2611 2265 2733 2313 per-

1642 2322 1867 2387 forando
1914 2324 2119 2387 iunyere
2167 2329 2217 2371 et
2258 2324 2491 2384 miscere,
2545 2320 2625 2369 ita
2674 2323 2736 2368 ut

1650 2393 1747 2442 duo
1783 2393 1937 2441 maris
1971 2394 2110 2441 sinus
2147 2407 2212 2441 ex
2236 2391 2467 2441 adverso
2505 2390 2611 2440 sibi
2647 2405 2740 2438 oc-

1651 2467 1929 2511 currentes
1982 2462 2334 2524 propemodum
2389 2459 2484 2511 sibi
2538 2461 2739 2510 invicem

1644 2533 1946 2594 perforasse
1972 2533 2164 2580 intimos
2188 2545 2308 2580 suos
2332 2545 2562 2580 recessus
2587 2537 2740 2593 atque

1649 2602 1779 2650 adeo
1822 2601 2051 2650 iunxisse
2087 2607 2137 2650 ee
2174 2602 2428 2651 miscuisse
2464 2599 2735 2649 dicantur.

1647 2669 1951 2720 Blomfield.
1996 2670 2053 2718 in
2090 2669 2335 2720 Glossar.
2376 2668 2445 2718 ad
2481 2666 2737 2731 Aeschyli

1650 2738 1955 2803 Choepbor.
2012 2740 2117 2789 449
2167 2740 2249 2789 ita
2318 2737 2739 2802 συντετραίνειν

1648 2809 1838 2858 vertit:
1877 2810 2021 2859 simul
2048 2809 2334 2867 terebrare,
2371 2807 2584 2872 locique
2619 2821 2740 2856 sen·

1649 2893 1767 2927 sum
1806 2878 1888 2928 ita
1935 2878 2211 2943 exposuit:
2273 2878 2384 2940 „ad
2418 2879 2613 2928 intimos
2657 2892 2740 2925 re-

1646 2963 1819 2997 cessus
1841 2955 2113 3010 penetrant
2136 2949 2264 2997 idem
2280 2949 2399 3010 fere
2424 2956 2597 2997 terrae
2618 2961 2738 3009 spa-

1645 3022 1761 3066 tium
1792 3017 2130 3078 dissecantes,
2169 3026 2223 3067 ut
2252 3018 2436 3068 initium
2463 3016 2606 3066 leuius
2630 3029 2738 3063 ceam

1639 3088 1744 3148 fine
1780 3088 1914 3137 illius
1946 3087 2245 3144 concordet,
2293 3086 2426 3151 quod
2452 3085 2525 3134 ad
2550 3086 2737 3147 paral-

1646 3157 1881 3206 lelismum
1919 3158 2125 3212 attinet,-
2171 3172 2335 3219 pravo
2371 3162 2533 3205 autem
2567 3155 2737 3215 spatio

1644 3226 1936 3289 interposito
1990 3228 2122 3275 inter
2173 3241 2232 3276 se
2286 3226 2494 3276 distant.
2573 3221 2733 3274 Conf.

1651 3295 1814 3344 etiam
1846 3295 1913 3344 de
1948 3294 2053 3346 hoc
2089 3295 2258 3344 verbo
2292 3295 2470 3345 locum
2497 3291 2740 3342 Platoni-

1648 3379 1772 3413 cum
1810 3364 1866 3413 in
1898 3363 2175 3414 Phaedon.
2216 3381 2338 3441 cap.
2365 3365 2434 3416 60
2469 3378 2597 3427 pag.
2645 3363 2734 3411 ¹11

1648 3434 1712 3483 Α.
1743 3424 2031 3512 (τούτους
2079 3426 2143 3482 δὲ
2190 3425 2409 3491 πάντας
2469 3428 2733 3507 [τόπους]

1648 3492 1764 3551 υπὸ
1794 3499 1903 3567 γῆν
1933 3498 2015 3559 εἰς
2039 3493 2319 3566 ἀλλήλους
2351 3496 2735 3564 συντετρὴ-

1650 3569 1858 3635 σθαι)
1899 3576 1953 3621 et
1988 3571 2218 3622 Diodor.
2257 3572 2370 3623 Sic.
2408 3570 2524 3629 III,
2558 3570 2640 3622 19.
2669 3596 2736 3603 --

1646 3636 2059 3703 ὃιατετραίνειν
2094 3641 2299 3691 Noster
2333 3641 2471 3691 dixit
2507 3641 2623 3701 111,
2654 3638 2737 3699 12,

1648 3710 1739 3786 qui
1785 3710 1928 3760 idem
1974 3709 2221 3771 V11‚73
2278 3700 2474 3773 ὀλίγον
2523 3706 2739 3771 παραλ-

1645 3771 1970 3840 λάσσοντες,
2011 3782 2245 3844 exiguam
2281 3780 2619 3844 differentiam
2660 3778 2740 3825 in·

1647 3847 1953 3910 dicaturus;
1992 3849 2075 3898 ita
2098 3852 2158 3898 ut
2191 3850 2357 3899 etiam
2385 3848 2436 3898 h.
2463 3847 2501 3898 l.
2544 3839 2741 3925 ὀλίγον

1646 3914 1713 3966 δέ
1754 3933 1807 3966 τι
1853 3886 2358 3981 παραλλάσσοντας
2398 3915 2500 3982 τῆς
2550 3929 2741 3981 χωρης

1646 3985 1713 4035 de
1765 3993 1995 4052 utroque
2048 3987 2213 4036 maris
2270 3988 2393 4037 sinu
2443 3987 2577 4037 bene
2631 3985 2741 4034 dici

1647 4055 1851 4119 possit,
1906 4057 2048 4106 inter
2095 4072 2251 4121 quem
2302 4072 2529 4121 parvum
2578 4055 2738 4105 modo

1646 4130 1827 4175 terrae
1857 4125 2094 4190 spatium
2131 4125 2365 4176 intersit.
2416 4126 2737 4177 Mendosnm

1648 4199 1759 4256 est,
1786 4194 1929 4260 quod
1953 4195 2079 4244 libri
2102 4195 2323 4260 quidam
2350 4195 2583 4246 afferunt
2609 4209 2741 4258 συμ-

1646 4263 2026 4344 περαίνοντας
2096 4280 2157 4315 ro
2199 4264 2737 4344 συντετραίνοντας.

1715 4328 1770 4382 εἰ
1802 4321 1885 4383 ὧν
1931 4326 2004 4398 δὴ
2000 4280 2113 4384 l)
2066 4328 2300 4399 θελήσει
2347 4328 2619 4402 ἐκτρέψαι
2669 4325 2736 4383 τὸ
