3109 5092
1254 349 1504 411 CLIO.
1551 351 1603 410 1.
1651 359 1774 415 196.
2456 403 2462 409 ,
2522 342 2645 404 395

370 556 496 615 την
534 528 609 596 ἐκ
653 527 958 595 πασέων·
1013 521 1178 612 μετὰ
1205 525 1302 608 δὲ,
1341 520 1515 605 ὅκως
1540 520 1710 611 αὕτη
1744 517 2037 612 εὑροῦσα
2077 518 2329 590 πολλὸν
2368 526 2646 607 χρυσίον

373 636 700 720 πρηθείη,
730 626 943 716 ἄλλην
969 623 1410 717 ἀνεπήρωσε,
1445 624 1490 717 ἢ
1523 625 1665 716 μετ’
1702 629 1970 714 ἐκείνην
1999 630 2152 693 ἔσκε
2195 621 2642 712 εὐειδεστάτη.

372 735 746 804 ἐπωλέοντο
786 731 862 800 δὲ
903 731 1012 800 ἐπὶ
1052 731 1461 821 συνοικήσει.
1534 728 1679 801 ὅσοι
1722 730 1849 819 μὲν
1889 726 1975 818 δὴ
2013 735 2213 797 ἔσκον
2249 724 2646 815 εὐδαίμονες

371 844 511 908 τῶν
527 841 994 924 Βαβυλωνίων
1010 837 1341 923 ἐπίγαμοι,
1371 831 1907 923 ὑπερβάλλοντες
1922 829 2254 921 ἀλλήλους
2285 833 2644 913 ἐξωνέοντο

371 939 489 1021 τὰς
523 936 1117 1017 καλλιστευούσας·
1165 935 1308 1008 ὅσοι
1337 938 1412 1007 δὲ
1443 943 1566 1008 τοῦ
1602 937 1821 1026 δήμου
1849 942 2048 1005 ἔσκον
2077 937 2420 1022 ἐπίγαμοι,
2459 924 2643 1005 οὗτοι

376 1044 452 1114 δὲ
483 1049 698 1121 εἴδεος
728 1042 853 1129 μὲν
881 1037 1086 1111 οὐδὲν
1119 1044 1387 1111 ἐδέοντο
1414 1046 1738 1130 χρηστοῦ,
1765 1045 1836 1110 οἱ
1857 1037 1920 1108 δ’
1966 1032 2053 1106 ἂν
2078 1036 2377 1127 χρήματά
2402 1065 2474 1106 τε
2529 1041 2643 1108 καὶ

372 1153 714 1235 αἰσχίονας
755 1143 1150 1232 ’παρθένους
1179 1145 1578 1233 ἐλάμβανον.
1668 1138 1756 1223 ὥς
1796 1139 1926 1231 γὰρ
1974 1143 2308 1223 διεξέλθοι
2353 1135 2389 1210 ὅ
2435 1145 2642 1231 κῆρυξ

373 1253 656 1320 πωλέων
686 1245 802 1328 τὰς
830 1244 1294 1328 εὐειδεστάτας
1320 1253 1457 1317 τῶν
1476 1249 1878 1336 παρθένων,
1907 1243 2143 1333 ἀνίστη
2171 1240 2257 1315 ἂν
2280 1242 2404 1334 τὴν
2432 1242 2639 1335 άμορ-

373 1353 731 1442 φεστάτην,
771 1346 905 1440 ἢεῖ
921 1380 1023 1431 τις
1049 1348 1313 1421 αὐτέων
1340 1358 1631 1441 ἔμπηρος
1649 1343 1725 1440 ἦε
1742 1402 1759 1434 ,
1786 1352 1899 1419 καὶ
1926 1347 2178 1436 ταύτην
2203 1345 2641 1438 ἆνεκήρυσσε,

442 1544 569 1605 ὅσοι
614 1548 719 1620 μὲν
767 1543 841 1618 δὴ
889 1548 1058 1602 ἔσκον
1113 1543 1455 1617 εὐδαίμονες
1556 1552 1809 1603 rodotum
1846 1550 2136 1616 scripsisse
2171 1555 2357 1600 censet
2392 1552 2642 1615 Wytten·

370 1640 422 1674 κ.
463 1641 509 1674 τ.
548 1623 621 1690 λ.]
660 1617 828 1673 ἔσκον
874 1624 1102 1674 formam
1151 1623 1456 1689 imperfecti
1554 1622 1785 1672 bachius
1834 1622 1892 1671 in
1940 1620 2163 1671 Selectt.
2206 1619 2363 1670 histt.
2414 1637 2468 1685 p.
2516 1621 2639 1682 354,

371 1695 441 1745 ab
470 1694 751 1744 Herodoto
782 1694 837 1742 in
876 1693 1036 1742 rebus
1062 1709 1107 1744 s.
1144 1693 1452 1750 actionibus
1555 1692 1650 1742 ubi
1691 1692 1869 1743 locum
1917 1692 1996 1740 ita
2031 1688 2336 1739 transtulit:
2388 1719 2504 1752 „—-
2535 1705 2643 1739 crem

366 1764 582 1813 iteratis
631 1767 947 1827 usurpatam
985 1762 1111 1813 inde
1157 1779 1278 1813 eum
1328 1763 1452 1812 aliis
1556 1765 1681 1811 enim
1717 1763 1789 1811 ad
1822 1763 1971 1823 finem
2010 1761 2349 1822 pervenisset,
2395 1763 2642 1822 neqotium

370 1833 638 1883 similibus
683 1832 898 1882 notavit
943 1833 1174 1884 BredOV.
1223 1849 1277 1897 p.
1327 1835 1449 1882 285.
1545 1832 1791 1892 finiisset,
1835 1829 2206 1880 vendendarum
2254 1829 2639 1890 formosae-sima-

369 1928 439 1939 —
473 1894 811 1966 εὐδαίμονες
857 1906 986 1951 sunt
1020 1902 1224 1962 divites,
1274 1906 1335 1952 ut
1373 1901 1449 1962 11,
1551 1916 1660 1949 rum
1689 1914 1882 1962 praeeo
1927 1914 1971 1949 s.
2004 1913 2110 1947 cum
2138 1911 2331 1959 praeco
2364 1897 2642 1948 venditione

369 1974 456 2022 78.
501 1972 568 2034 V,
616 1973 667 2021 8.
763 1970 908 2021 Hinc
963 1969 1178 2021 Solonis
1240 1985 1453 2035 quoque
1549 1970 1937 2031 formosissimas
1964 1966 2342 2032 permeassecf‘
2420 1969 2639 2021 Laudat

364 2033 704 2104 εὐδαιμονίη
738 2055 905 2104 supra
938 2038 1090 2102 1,32,
1129 2046 1182 2089 et
1210 2040 1280 2091 cf.
1312 2044 1452 2091 nott.

368 2111 437 2161 ad
464 2110 510 2172 1,
537 2109 624 2161 33.
675 2110 758 2159 De
783 2109 1172 2176 particularum
1196 2109 1454 2159 iunctura

363 2174 469 2244 μὲν
503 2171 578 2244 δὴ
612 2209 682 2218 —-
716 2172 778 2228 δὲ
821 2179 934 2229 vid.
972 2179 1186 2228 Werfer
1218 2179 1273 2227 in
1301 2179 1450 2229 Actt.

366 2248 516 2314 phin.
553 2250 802 2299 Monacc.
843 2249 890 2308 1,
934 2247 981 2298 l.
1023 2263 1152 2312 pag.
1186 2247 1276 2300 92.
1345 2248 1450 2297 Im-

367 2319 558 2369 merito
593 2318 823 2368 alterum
868 2309 932 2366 δὲ
977 2318 1034 2366 in
1068 2318 1250 2367 verbis
1287 2306 1450 2367 οὖτοι

366 2382 430 2437 δὲ
463 2385 649 2444 εἴδεος
685 2378 849 2450 inor)
889 2388 1088 2437 mutari
1124 2386 1243 2437 vult
1276 2388 1447 2438 Bene-

367 2458 498 2509 dict.
537 2457 684 2507 Actt.
731 2472 865 2507 sem.
907 2471 1023 2521 reg.
1070 2456 1224 2520 Lips.
1276 2457 1350 2508 11.
1389 2473 1444 2521 p.

363 2528 486 2579 284.
507 2553 570 2563 —
594 2516 858 2590 ἐπίγαμοι
881 2527 1082 2576 Noster
1116 2526 1302 2576 eodem
1333 2527 1448 2576 fere

363 2612 528 2647 sensu
543 2596 698 2659 dixit,
721 2611 827 2661 quo
847 2596 1204 2646 Demosthen.
1229 2596 1284 2644 in
1305 2600 1444 2646 orat.

363 2667 434 2716 ad
469 2668 661 2716 Boeot.
708 2669 759 2729 5.
799 2666 851 2715 4.
889 2681 942 2729 p.
984 2664 1120 2716 1009
1157 2664 1295 2714 dixit
1337 2663 1445 2714 θυ-

359 2733 568 2801 γατέρα
584 2726 698 2799 ἤδη
733 2725 1032 2798 ἐπίγαμον,
1069 2735 1103 2785 i.
1141 2751 1189 2785 e.
1218 2734 1443 2797 nubilem,

359 2807 435 2856 ad
477 2808 681 2868 nuptias
723 2811 985 2859 mamam.
1066 2804 1205 2857 Add.
1258 2804 1440 2855 Strab.

360 2875 509 2926 XVI.
547 2891 601 2940 p.
640 2875 763 2925 745.

430 2970 490 3025 οἵ
540 2967 597 3025 δ’
644 2966 718 3026 ἂν
768 2966 1028 3042 χρήματά
1075 2990 1133 3026 τε
1167 3006 1239 3016 —-
1284 2966 1444 3039 ἐλάμ-

357 3043 560 3113 βανον]
615 3047 698 3096 De
761 3046 1032 3111 particula
1094 3039 1158 3095 δὲ
1211 3047 1445 3109 repetita

358 3116 504 3166 conf.
540 3115 776 3166 Werferi
811 3117 1059 3181 Disputt.
1080 3117 1137 3164 in
1157 3115 1306 3165 Actt.
1328 3115 1444 3180 phi·

355 3184 468 3235 loll.
507 3186 758 3235 Menace.
803 3186 851 3247 1,
890 3186 939 3236 1.
977 3202 1031 3250 p.
1069 3184 1138 3235 93
1175 3199 1310 3249 seq..
1348 3186 1441 3248 qui

356 3254 538 3320 plures
576 3253 778 3304 similes
815 3270 845 3304 e
882 3255 1083 3304 Nostro
1108 3252 1332 3318 collegit
1368 3254 1442 3304 lo-

356 3340 470 3374 coS.
545 3323 684 3375 Add.
720 3323 918 3375 Siebel.
962 3324 1034 3374 ad
1068 3324 1307 3373 Pausan.
1342 3324 1439 3386 IX,

364 3393 443 3444 13.
483 3395 533 3456 §-
560 3395 611 3454 2,
651 3393 744 3457 qui
780 3397 930 3444 recte
961 3396 1147 3443 monet
1176 3392 1280 3442 hae
1315 3394 1440 3443 sub-

353 3462 485 3513 iecti
539 3463 865 3527 repetitione
914 3456 998 3526 (οἰ
1052 3455 1163 3522 δὲ),
1224 3477 1442 3527 praece-

356 3533 515 3583 dente
554 3532 877 3597 negatione,
930 3530 1193 3582 orationis
1238 3533 1442 3595 perspi-

354 3602 615 3652 cuitatem
650 3600 898 3652 adiuvari
937 3606 993 3650 et
1029 3616 1063 3650 a
1097 3599 1253 3650 nobis
1288 3599 1440 3650 reddi

352 3685 542 3736 posse:
590 3672 810 3720 sondern
855 3686 937 3734 er,
987 3673 1081 3720 sie.
1125 3699 1197 3709 -
1228 3658 1302 3717 ἂν
1347 3670 1443 3720 im-

349 3741 592 3804 perfecto
622 3739 910 3790 indicativi
935 3738 1178 3789 additum
1205 3738 1442 3803 explicat

349 3808 668 3860 Baeumleiu
701 3809 739 3859 1.
778 3808 814 3859 l.
852 3824 977 3874 pag.
1010 3810 1110 3859 152
1144 3822 1259 3873 seq.

419 3901 499 3967 ὥς
533 3902 640 3975 γὰρ
689 3908 979 3972 διεξέλθοι
1025 3900 1056 3960 ὃ
1091 3906 1271 3974 κῆρυξ
1321 3925 1438 3960 πω-

345 3977 513 4044 λέων]
549 3982 729 4045 Vulgo
770 3981 965 4031 edunt:
1012 3970 1088 4038 ὡς
1123 3973 1229 4043 γὰρ
1268 3972 1343 4045 δή
1383 3974 1445 4030 οἱ

345 4039 592 4110 ἐξέλθοι.
666 4050 773 4102 Sed
797 4050 906 4100 iam
929 4049 1129 4100 dudum
1153 4048 1262 4098 viri
1290 4049 1440 4100 docti

346 4124 703 4182 monuerunt,
752 4119 1038 4184 legendum
1074 4133 1195 4169 esse
1230 4114 1436 4178 διεξέλ·

346 4185 484 4248 θοι,
566 4190 711 4253 quod
781 4188 896 4238 inte
968 4188 1161 4238 merito
1229 4188 1438 4253 recepit

345 4255 672 4321 Schweigh„
706 4257 789 4308 ita
813 4261 998 4308 tamen
1023 4263 1083 4308 ut
1109 4256 1434 4322 particulam

343 4316 419 4389 δὴ
448 4326 727 4384 retineret,
776 4342 940 4392 quam
982 4342 1081 4377 nos
1117 4343 1240 4377 cum
1278 4326 1434 4377 Gais-

343 4392 524 4447 sordio
559 4394 876 4446 abiecimus.
948 4396 1042 4447 Sic
1078 4410 1293 4463 quoque
1321 4396 1433 4447 He-

1556 2038 1681 2088 dein
1717 2038 1794 2099 11,
1827 2035 1956 2088 '143.
1993 2037 2101 2098 ΙΙΙ,
2140 2036 2225 2097 11,
2263 2035 2402 2099 alia,
2440 2039 2637 2103 quibus

1525 2108 1706 2157 'verbi
1758 2122 1890 2157 usus
1945 2123 2013 2158 ae
2059 2105 2390 2170 significatio
2443 2107 2636 2161 melius

1548 2177 1926 2242 perspiciatur,
1961 2193 2017 2242 p.
2055 2177 2177 2226 4-18.

1620 2238 1822 2310 ἀνίστη
1881 2240 1956 2298 ἂν
2006 2237 2114 2309 τὴν
2171 2235 2634 2316 ἀμορφεστάτην]

1546 2306 1781 2379 άνίστη,
1823 2315 1967 2381 quod
2015 2333 2050 2365 a
2083 2315 2248 2392 Dind.
2288 2322 2344 2367 et
2387 2318 2633 2371 Dietsch.

1550 2390 1817 2435 mutatum
1849 2387 2059 2453 reperio
2098 2386 2154 2434 in
2177 2384 2409 2450 ανίστα,
2448 2388 2635 2439 invitis

1549 2456 1798 2505 omnibus
1836 2456 2017 2518 libris,
2067 2470 2293 2519 quorum
2340 2458 2637 2510 auctorita-

1548 2529 1657 2575 tem
1683 2525 1770 2574 hic
1804 2528 1959 2592 sequi
1986 2529 2231 2588 praestat
2265 2525 2369 2587 (cf.
2396 2528 2630 2579 Bredov.

1547 2611 1603 2659 p.
1651 2593 1795 2656 397),
1842 2596 2015 2646 valet‘:
2065 2597 2300 2645 exm'tare
2350 2595 2549 2646 solebat
2583 2613 2628 2650 s.

1544 2679 1778 2785 fflffffzss.
1805 2665 2351 2786 ζ’ἕωὶἵῒιωῗῗωξε
2367 2665 2636 2784 0'24‘3T2'2

1548 2802 1709 2882 modo
1754 2769 1910 2863 'dixi-3
1972 2772 2040 2854 de
2086 2769 2262 2853 ior-ma
2314 2752 2635 2868 stiperlatfvi

1546 2866 2000 2937 αμορφεστάτην,
2040 2887 2071 2922 e
2104 2871 2257 2922 libris
2297 2874 2517 2937 optimis
2552 2892 2633 2926 re-

1546 2944 1776 3004 vocata,
1836 2943 1911 2994 ef.
1958 2958 2124 3007 supra
2167 2942 2212 3003 Ι,
2260 2941 2311 2992 8.
2362 2943 2480 3006 133,
2538 2947 2633 2997 ubi

1548 3011 1749 3062 similia
1784 3012 2068 3076 quaedam.
2129 3012 2213 3063 Ad
2239 3028 2428 3063 vocem
2455 3009 2632 3080 ἔμπη-

1547 3096 1649 3146 ρος
1686 3082 1829 3132 conf.
1855 3087 1996 3134 nott.
2021 3082 2093 3132 ad
2116 3083 2161 3144 Ι,
2204 3081 2321 3133 167.
2356 3115 2427 3123 --
2452 3086 2632 3137 Verba

1547 3166 1696 3216 seqq.
1739 3141 1794 3207 ἐς
1823 3140 1856 3200 ὃ
1874 3183 1945 3192 —-
1972 3149 2305 3216 προσεκέετο
2334 3150 2501 3218 (quod
2533 3172 2630 3220 pro

1543 3218 1874 3283 προσέκειτο
1893 3221 2211 3285 recepimus,
2225 3226 2288 3271 ut
2309 3238 2432 3272 mox
2448 3217 2631 3274 ἐκέετο

1544 3305 1640 3354 pro
1688 3284 1900 3353 ἔκειτος
1950 3291 2062 3342 vid.
2113 3289 2347 3341 Bredov.
2399 3308 2457 3356 p:
2502 3294 2628 3359 377)

1544 3359 1627 3410 sie
1660 3358 1848 3409 redde:
1887 3361 2049 3410 donee
2082 3362 2147 3422 εἰ,
2185 3362 2273 3424 qui
2291 3364 2479 3411 minimo
2508 3377 2631 3424 pre-

1540 3430 1610 3478 tae’o
1644 3444 1700 3479 se
1734 3436 2008 3479 contentum
2036 3429 2156 3490 sore
2186 3430 2455 3491 professus
2477 3439 2628 3493 essee,

1543 3495 1751 3562 (virgo)
1818 3496 2154 3548 addicebatur
2224 3512 2269 3547 s.
2328 3497 2628 3562 obtinqebae.

1542 3567 1609 3616 In
1643 3566 1886 3630 proxime
1919 3581 2070 3630 seqq.
2109 3557 2172 3615 τὸ
2197 3559 2262 3614 δὲ
2286 3554 2370 3615 ἂν
2393 3566 2630 3630 χρυσίον

1545 3626 1787 3699 ἐγίνετο,
1835 3635 2037 3696 „velim
2082 3631 2184 3697 (ait
2227 3634 2295 3685 G.
2330 3636 2629 3689 Hermann.

1546 3703 1782 3768 Opuscc.
1824 3705 1922 3766 IV,
1971 3720 2026 3768 p.
2064 3705 2132 3753 22
2167 3702 2292 3754 coll.
2330 3704 2625 3758 Schulzeit.

1547 3773 1699 3825 1831.
1739 3788 1792 3837 p.
1817 3772 1941 3838 982)
1974 3772 2112 3822 liber
2146 3771 2344 3836 aliquis
2379 3762 2451 3822 αὖ
2476 3791 2629 3839 prae-

1541 3842 1730 3894 beat.“
1802 3842 1911 3892 Sed
1945 3840 2161 3892 defendi
2195 3857 2357 3906 posse
2384 3832 2459 3893 ἂν
2483 3845 2627 3896 idem

1540 3911 1726 3974 addit,
1762 3911 1921 3961 modo
1957 3911 2029 3960 ad
2059 3927 2254 3961 nomen
2278 3912 2516 3976 χρυσίον
2537 3931 2628 3966 ne-

1543 3997 1650 4046 que
1696 3980 1768 4031 ad
1808 3980 2032 4031 verbum
2080 3971 2293 4043 ἐγίνετο
2339 3983 2626 4047 referatur,

1539 4051 1644 4100 hoc
1672 4064 1865 4100 sensu:
1905 4057 2208 4115 „quantum
2243 4049 2299 4099 id
2328 4051 2469 4103 forte
2509 4056 2627 4105 auri

1538 4125 1686 4238 *ei-ag»,
1723 4119 2097 4238 ve‘nuffolrum
2124 4121 2309 4241 Ξέἕὶίο
2346 4127 2632 4256 erati-deon&

1564 4204 1626 4240 ee
1654 4204 1763 4239 um.
1935 4204 1969 4239 a
1992 4206 2063 4239 un
2097 4206 2124 4239 r
2231 4205 2348 4240 ere:

1535 4274 1656 4309 vero
1693 4260 1813 4308 auri
1847 4255 2124 4325 (singulis)
2163 4259 2466 4325 obtinyebat‚
2504 4209 2627 4312 iqdma

1529 4327 1912 4387 samaim-ibus
1939 4330 2225 4390 profectum
2260 4337 2392 4379 erat.
2465 4331 2622 4381 Conf.

1533 4396 1771 4449 Fritsch.
1810 4397 1867 4447 in
1906 4397 2090 4449 Iahrb.
2126 4397 2166 4448 f.
2188 4396 2386 4450 Philel.
2409 4414 2463 4448 u.
2487 4400 2623 4452 Pae-
