3109 5092
483 261 607 326 780

1347 262 1880 326 HERODOTI

483 443 757 524 τοῦτον,
801 437 1131 529 πρότερον
1174 434 1514 527 φεύγοντα
1546 435 1666 507 τὸν
1700 444 2006 509 Αἰθίοπα
2035 437 2414 528 Σαβακῶν,
2453 437 2525 520 ὅς
2552 446 2624 510 οἱ
2644 438 2787 510 τὸν

484 545 737 628 πατέρα
765 540 1013 611 Νεκών
1041 539 1424 628 ἀπέκτεινε,
1452 546 1693 612 τοῦτον
1721 542 2060 631 φεύγοντα
2087 542 2234 613 τότε
2263 547 2329 623 ἐς
2351 552 2642 632 Συρίην,
2675 541 2783 626 ὥς

484 643 883 735 ἀπηλλάχθη
910 649 982 715 ἐκ
1014 652 1131 735 τῆς
1159 644 1349 729 ὄψιος
1376 652 1498 714 τοῦ
1524 643 1798 731 ὀνείρου
1826 642 1862 717 ὁ
1894 653 2157 730 Αἰθίοψ
2174 699 2193 730 ,
2220 646 2605 736 κατήγαγον
2634 654 2775 716 Αί-

485 757 791 837 γυπτίων
836 738 1060 835 οὗτοι,
1112 756 1177 818 οἳ
1217 753 1290 818 ἐκ
1331 756 1546 837 νομοῦ
1582 755 1707 819 τοῦ
1735 749 2001 820 Σαΐτεω-ό
2040 755 2191 820 εἰσι.
2259 749 2425 840 μετὰ
2458 751 2534 820 δὲ
2564 759 2776 839 βασι-

485 851 770 922 λεύοντα
807 852 882 923 τό
912 853 1234 938 δεύτερον
1262 851 1427 942 πρὸς
1454 859 1592 922 τῶν
1620 856 1863 923 ἕνδεκα
1893 857 2230 941 βασιλέων
2262 855 2781 944 καταλαμβάνει

484 986 601 1045 μιν
630 954 743 1026 διὰ
771 954 895 1046 τὴν
923 959 1176 1045 κυνέην
1206 956 1491 1045 φεύγειν
1527 960 1594 1037 ἐς
1633 954 1714 1026 τὰ
1761 960 1934 1026 ἕλεα.
2002 955 2471 1047 Ἐπιστάμενος
2501 949 2634 1044 ὦν,
2676 955 2780 1039 ὥς

487 1063 1047 1149 περιυβρισμένος
1079 1070 1181 1149 εἴη
1211 1059 1377 1148 πρὸς
1410 1057 1671 1146 αὐτῶν,
1729 1061 2000 1130 ἐπενόεε
2042 1069 2360 1131 τίσασθαι
2399 1060 2557 1142 τούς
2599 1062 2773 1132 διιό-

485 1168 743 1246 ξαντας.
776 1166 1112 1251 πέμψαντι
1141 1166 1224 1233 δέ
1246 1170 1317 1233 οἰ
1338 1166 1403 1244 ἐς
1428 1168 1737 1233 Βουτοῦν
1765 1164 1963 1235 πόλιν
1992 1167 2058 1244 ἐς
2086 1164 2161 1233 τὸ
2187 1164 2592 1255 χρηστήριον
2619 1172 2743 1254 τῆς
2758 1179 2869 1235 179

485 1271 779 1354 Λητοῦς,
836 1273 1007 1335 ἔνθα
1058 1264 1143 1355 δὴ
1195 1274 1636 1355 Αἰγυπτίοισί
1672 1269 1808 1336 ἐστι
1855 1267 2182 1355 μαντήϊον
2234 1266 2774 1354 ἀψευδέστατον,

486 1362 657 1459 ἦλθε
698 1366 1018 1457 χρησμὸς,
1064 1365 1152 1449 ὥς
1193 1377 1362 1451 τίσις
1409 1367 1547 1459 ἥξει
1586 1367 1716 1439 ἀπὸ
1754 1370 2099 1459 θαλάσσης
2142 1376 2445 1459 χαλκέων
2490 1369 2778 1460 ἀνδρῶν

489 1474 979 1560 ἐπιφανέντων.
1035 1475 1146 1541 καὶ
1177 1479 1272 1566 τῷ
1299 1473 1424 1561 μὲν
1454 1470 1537 1562 δὴ
1568 1470 1841 1562 ἀπιστίη
1869 1474 2124 1562 μεγάλη
2153 1470 2559 1562 ὑπεκέχυτο,
2601 1485 2769 1562 χαλ-

489 1579 685 1656 κέους
715 1580 785 1645 οἰ
807 1573 1061 1664 ἄνδρας
1088 1573 1272 1664 ἥξειν
1302 1575 1720 1662 ἐπικούρους.
1778 1576 2027 1666 χρόνου
2065 1579 2140 1647 δὲ
2180 1575 2262 1647 οὐ
2297 1582 2554 1647 πολλοῦ
2578 1584 2770 1648 διελ-

486 1680 734 1760 θόντος
751 1732 768 1765 ,
800 1676 1130 1768 ἀναγκαίη
1161 1683 1484 1768 κατέλαβε
1511 1677 1746 1761 Ἴωνάς
1775 1708 1847 1750 τε
1875 1681 1987 1749 καὶ
2012 1685 2241 1770 Κᾶρας
2268 1679 2521 1769 ἄνδρας
2539 1733 2557 1765 ,
2597 1679 2775 1750 κατὰ

488 1791 688 1873 ληΐην
719 1783 1223 1870 ἐκπλώσαντας,
1280 1782 1764 1873 ἀπενειχθῆναι
1795 1786 1860 1864 ἐς
1889 1793 2273 1870 Αἴγυπτον·
2334 1784 2658 1872 ἐκβάντας
2686 1785 2771 1853 δὲ

557 1952 634 2017 ὡς
668 1952 1009 2024 ἀπηλλάχθη
1050 1952 1108 2009 ἐκ
1143 1958 1243 2023 τῆς
1277 1951 1449 2020 ὄψιος
1471 1955 1576 2007 τοῦ

488 2026 719 2091 ὀνείρου
770 2022 800 2079 ὁ
858 2026 1106 2094 Αἰθίοψ]
1161 2030 1286 2080 vid.
1338 2030 1410 2090 ΙΙ,
1473 2027 1575 2081 139

489 2100 582 2150 fin.
622 2106 676 2150 et
719 2100 819 2148 140
854 2100 976 2148 init.
1049 2100 1157 2150 Pro
1201 2089 1573 2177 ν1111ξ.απαλ-

488 2160 676 2231 λάχθη
696 2169 950 2231 rescripsi
980 2158 1373 2231 ἀπηλλάχθη
1410 2172 1471 2217 ut
1497 2167 1573 2226 11,

492 2239 749 2318 144,11111
780 2237 892 2288 vid.
930 2242 1070 2287 nott.
1125 2237 1209 2286 Ad
1246 2237 1576 2287 locutionem

489 2298 548 2356 ἐκ
583 2304 683 2369 τῆς
718 2297 889 2364 ὄψιος
936 2307 1080 2357 conf.
1135 2305 1208 2366 ΙΙ,
1256 2307 1374 2356 1⁶20.
1448 2306 1577 2355 Mox

491 2376 688 2426 retinui
737 2391 856 2425 cum
906 2375 1182 2425 Gaisford.
1220 2380 1274 2424 et
1320 2375 1575 2426 Dindorf.

489 2445 779 2496 articulum
815 2442 959 2507 τοῦ,
1000 2460 1033 2494 a
1071 2443 1388 2494 Florentino
1425 2444 1575 2494 aliis-

492 2531 596 2581 que
635 2515 790 2566 codd.
840 2513 1064 2564 anatum
1106 2515 1162 2563 in
1200 2514 1380 2564 verbis
1422 2507 1479 2561 οι
1515 2503 1575 2562 ἐκ

492 2582 676 2648 νομοῦ
711 2581 837 2635 τοῦ
871 2576 1092 2633 Σαΐτεώ
1112 2578 1236 2634 εἰσι.
1293 2585 1399 2634 Pro
1439 2578 1578 2632 Σαΐ-

491 2670 596 2706 τεω
633 2660 744 2706 tres
780 2653 938 2705 codd.
968 2648 1223 2703 Σαϊτέων
1254 2654 1501 2704 afferunt.

558 2718 621 2772 τὸ
644 2716 914 2784 δεύτερον
933 2714 1246 2787 -φεύγειν
1266 2714 1320 2779 ἐς
1340 2715 1407 2771 τὰ
1427 2716 1577 2785 ἕλεα]
1614 2738 1619 2744 ·

490 2786 555 2843 τὸ
598 2786 867 2856 δεύτερον
904 2795 973 2843 ad
1016 2793 1306 2843 secundam
1344 2792 1580 2856 pertinet

494 2864 703 2928 fugam,
745 2878 851 2927 qua
886 2877 981 2911 rex
1017 2875 1236 2925 pressus
1282 2878 1315 2911 a
1352 2860 1575 2925 collegis

494 2932 714 2994 regibus
748 2930 913 2980 saluti
945 2946 1076 2981 suae
1096 2930 1387 2980 consuluit.
1437 2931 1576 2979 Nam

494 3000 740 3064 primitus
778 2999 1023 3063 fugerat,
1075 3015 1181 3063 quo
1220 2999 1580 3060 Sabaconem,

494 3083 675 3132 regem
694 3068 1035 3132 Aethiopum,
1063 3069 1157 3132 qui
1175 3069 1345 3132 ipsius
1370 3073 1575 3132 patrem

495 3141 814 3199 necaverat,
881 3137 1130 3187 evitaret.
1177 3168 1247 3177 —
1291 3137 1373 3188 Ad
1438 3141 1580 3186 stru-

495 3212 703 3258 cturam
731 3211 785 3257 et
812 3205 1261 3272 significationem
1294 3207 1447 3257 verbi
1477 3221 1578 3255 κα-

495 3268 838 3344 ταλαμβάνει
883 3276 1244 3334 eonf.11‚66
1278 3277 1463 3340 ibique
1502 3275 1578 3324 al-

496 3347 629 3397 lata.
701 3346 862 3398 Haud
909 3347 1067 3396 aliter
1099 3347 1296 3396 Noster
1330 3344 1578 3406 V1,103

494 3408 596 3466 τὸν
621 3415 856 3476 Κίμωνα
889 3409 1215 3497 κατέλαβε
1237 3418 1459 3479 φυγεῖν,
1482 3418 1581 3463 aut

496 3488 593 3566 IV,
621 3486 716 3538 105
744 3480 921 3567 σφέας
951 3478 1291 3564 κατέλαβε
1328 3476 1578 3532 ἐκλιπεῖν

495 3548 602 3634 τὴν
636 3547 829 3621 χώρην
875 3545 1010 3604 ὑπὸ
1061 3553 1175 3603 τῶν
1218 3544 1435 3617 ὀφίων,
1483 3552 1580 3602 ubi

495 3614 610 3673 ὑπὸ
644 3625 830 3675 eodem
878 3623 1037 3675 modo
1084 3624 1322 3704 positum
1374 3622 1581 3671 inveni-

497 3709 643 3754 mus,
697 3710 803 3759 quo
839 3693 894 3743 h.
933 3693 971 3744 l.
1009 3685 1177 3756 πρὸς
1220 3689 1334 3740 τῶν
1378 3686 1581 3740 ἕνδεκα

498 3759 797 3829 βασιλέων,
858 3762 1001 3828 quod
1050 3778 1169 3812 cum
1215 3763 1421 3825 φυγεῖν
1462 3761 1582 3809 iun-

498 3830 730 3897 gendum
768 3847 889 3882 esse
925 3847 1080 3881 nemo
1117 3846 1226 3882 non
1258 3830 1437 3888 videt3
1491 3829 1581 3878 de-

499 3900 704 3950 clarare
756 3901 896 3950 enim
943 3902 1142 3951 Noster
1196 3898 1343 3960 vult,
1406 3902 1583 3948 iterum

497 3969 771 4026 accidisse.
819 3978 876 4018 ut
917 3969 981 4018 ab
1016 3969 1238 4019 undecim
1274 3967 1351 4018 his
1394 3969 1585 4031 regulis

497 4045 704 4088 coactus
736 4035 976 4101 (pulsus,
1014 4038 1071 4087 in
1106 4037 1325 4087 exilium
1356 4036 1581 4096 missus)

494 4109 701 4173 limeret
731 4108 780 4156 in
812 4107 1046 4167 paludes.

569 4171 718 4226 ἔνθα
759 4172 833 4238 δὴ
875 4169 1240 4254 Αἰγυπτίοισί
1283 4164 1396 4221 ἐστι
1443 4189 1585 4235 μαν-

497 4235 665 4309 τήϊον
697 4235 1144 4306 ἀψευδέστατον]
1194 4242 1352 4293 conf.
1399 4243 1477 4306 ΙΙ,
1515 4243 1584 4294 83

497 4319 553 4367 et
590 4315 708 4365 155.
783 4313 868 4365 Ad
915 4312 1056 4363 hanc
1092 4310 1362 4362 Herodoti
1400 4327 1586 4363 narra-

1677 1961 1877 2009 tionem
1914 1959 2058 2010 haud
2099 1960 2210 2011 scio
2253 1976 2325 2009 an
2360 1961 2632 2025 pertineat
2659 1962 2769 2011 Po-

1674 2029 1902 2094 lyaenus
1939 2030 2067 2090 VII,
2105 2030 2155 2091 3,
2194 2032 2284 2095 qui
2319 2031 2626 2093 Tementhi,
2664 2033 2769 2081 Ae·

1677 2099 1986 2163 gyptiorum
2022 2099 2155 2164 regi,
2194 2100 2468 2150 oraculum
2509 2100 2575 2149 de
2596 2116 2768 2164 regno

1678 2168 1983 2218 consulenti
2024 2169 2093 2218 ab
2142 2169 2406 2219 Ammone
2444 2185 2767 2250 responsum

1679 2253 1801 2288 esse
1838 2238 2057 2315 scribit:
2095 2230 2463 2301 φυλάξασθαι
2489 2230 2769 2294 mingens-

1677 2299 1982 2366 κτρυόναςε
2020 2307 2215 2356 deinde
2252 2308 2481 2358 eundem
2517 2324 2551 2357 a
2578 2309 2770 2359 Psam-

1677 2376 1901 2426 miticho
1925 2377 2120 2426 Carum
2141 2391 2306 2457 opera
2328 2393 2447 2427 esse
2466 2377 2764 2428 sublatum.

1675 2445 1857 2495 Verba
1893 2436 1969 2501 ὡς
2012 2443 2159 2502 τίσις
2208 2435 2332 2509 ἥξει
2374 2446 2632 2511 leguntur
2678 2464 2770 2496 eo-

1678 2515 1797 2564 dem
1834 2515 1993 2565 modo
2033 2514 2176 2579 apud
2211 2515 2414 2566 Herod.
2454 2515 2499 2575 Ι,
2540 2515 2624 2566 13.
2679 2517 2767 2566 Ad

1679 2585 1921 2662 proxime
1935 2599 2118 2665 seqq.
2167 2581 2245 2650 τῷ
2284 2578 2386 2644 μὲν
2422 2579 2493 2647 δὴ
2528 2576 2767 2648 απιστιή

1677 2645 1910 2724 μεγάλη
1925 2667 2235 2718 ιπεκεχυτο
2272 2633 2329 2714 (Ιί.
2368 2669 2416 2705 e.
2443 2654 2555 2704 Ιηιίο
2587 2671 2773 2719 moytia

1675 2737 1799 2772 sane
1836 2708 2163 2772 incredulitas
2204 2724 2371 2785 ossum
2415 2731 2548 2774 erat.
2594 2738 2639 2774 s.
2680 2728 2771 2774 mi·

1678 2796 1802 2844 nime
1838 2792 1936 2842 sibi
1976 2793 2292 2855 persuadere
2330 2793 2575 2859 fidemque
2625 2793 2772 2843 adlei-

1679 2862 1801 2910 bere
1842 2861 1991 2912 die-tie
2030 2859 2258 2942 poterae)
2309 2863 2455 2912 conf.
2513 2863 2597 2926 Ap
2600 2861 2768 2913 ollon.

1676 2929 1877 3058 (Ῑῖὶὴοᾱ.
1893 2930 1998 2992 ΙΙΙ,
2036 2931 2164 2980 705:
2212 2922 2513 2995 ὑπεξέχυτ’
2560 2947 2632 2980 αυ
2615 2922 2769 2981 ’τίκα

1713 3013 1785 3048 ακ

1748 3060 1891 3115 κατὰ
1935 3062 2108 3130 ληΐην
2157 3057 2573 3131 ἐκπλώσαντας]
2624 3069 2660 3117 i.
2712 3083 2764 3118 e

1676 3136 1972 3215 praedandi
1989 3152 2146 3186 causa
2164 3138 2441 3217 profectos,
2479 3137 2643 3186 Haud
2668 3137 2770 3186 ali-

1681 3196 2088 3265 ternatoe1,94:
2115 3197 2613 3255 αποπλεεινκατα
2636 3203 2770 3272 βίου

1678 3270 1773 3324 καὶ
1799 3272 1901 3337 γῆς
1927 3269 2159 3338 ζήτησιν
2185 3275 2306 3326 coll.
2339 3275 2468 3336 VII,
2498 3274 2614 3326 136.
2684 3276 2771 3326 Ad

1676 3337 2094 3409 απενειχθῆναι
2149 3344 2593 3404 conf.11‚114.
2646 3346 2765 3395 121.

1680 3412 1729 3473 ξ.
1758 3412 1811 3463 6.
1852 3414 1993 3476 Apte
2020 3417 2199 3463 autom
2228 3430 2295 3464 ex
2315 3413 2581 3464 Strabone
2598 3413 2768 3476 (xlv,

1680 3498 1808 3546 pag.
1830 3480 1935 3532 978
1959 3484 2026 3534 A.
2065 3499 2109 3532 s.
2145 3483 2247 3534 662
2273 3480 2374 3545 D.)
2406 3489 2589 3532 monet
2617 3483 2772 3533 Wes-

1682 3551 1978 3617 selingius,
2029 3552 2195 3602 Cares
2253 3552 2380 3602 olim
2424 3551 2770 3602 latrocinium

1683 3621 1989 3688 exercuisse
2009 3623 2320 3686 passimque
2339 3620 2503 3671 etiam
2523 3622 2773 3672 mercede

1684 3690 1980 3740 conductos
2031 3690 2314 3740 militasse.
2390 3692 2469 3740 Ac
2517 3696 2773 3754 spectant

1681 3760 1789 3810 huc
1825 3775 2038 3825 quoque
2077 3776 2141 3811 ea
2178 3761 2427 3820 inventa,
2471 3761 2537 3810 de
2577 3761 2771 3825 quibus

1682 3828 1995 3879 Herodotus
2035 3830 2081 3888 Ι,
2122 3830 2216 3880 171
2258 3828 2449 3879 tradit.
2519 3827 2686 3879 Cares
2715 3830 2774 3878 in

1686 3898 1937 3963 Aegypto
1965 3897 2276 3948 habitantes
2312 3899 2513 3948 Noster
2560 3913 2776 3963 quoqne

1686 3972 1951 4017 memorat
1978 3969 2057 4028 ΙΙ,
2089 3967 2152 4019 61
2181 3967 2303 4018 0011.
2343 3968 2463 4018 154.
2522 3968 2775 4032 Denique

1684 4035 1791 4086 huc
1817 4005 2130 4087 referendus
2156 4041 2241 4087 est
2269 4035 2534 4114 Stephani
2564 4038 2775 4115 Byzan-

1688 4105 1791 4155 tini
1808 4105 1959 4155 locus
1987 4123 2031 4156 s.
2052 4122 2104 4156 v.
2126 4101 2398 4170 Καρικόν·
2424 4098 2602 4162 τόπος
2626 4099 2774 4155 ἰδιά-

1686 4172 1797 4234 ζων
1833 4165 1893 4222 ἐν
1931 4169 2224 4238 Μέμφιδι,
2274 4168 2423 4223 ἔνθα
2458 4172 2646 4235 Κᾶρες
2693 4169 2775 4224 οἰ-

1686 4235 1977 4320 κήσαντες,
1998 4233 2456 4307 ἕπιγαμίαςπρὸς
2468 4241 2779 4305 Μεμφίτας

1686 4304 2083 4376 ποιησάμενοι,
2133 4312 2573 4377 Καρομεμφῖται
2618 4304 2779 4379 ἐκλή-
