3109 5092
1277 373 1532 435 CLIO.
1575 376 1626 434 1.
1670 383 1757 437 45.
2287 324 2294 331 ι
2567 379 2642 440 91

358 570 573 635 ραντα
625 542 1072 625 ἀπολωλεκώς
1127 556 1265 635 εἴη,
1319 543 1485 617 οὐδέ
1524 553 1597 617 οἰ
1646 558 1748 636 εἴη
1802 547 2151 638 βιώσιμον.
2242 560 2531 642 Κροῖσος
2572 555 2648 624 δὲ

357 646 622 719 τούτων
665 644 959 728 ἀκούσας
1013 646 1133 719 τόν
1171 675 1245 719 τε
1282 646 1660 741 ’Ἄδρηστον
1698 661 2136 742 κατοικτείρει
2155 705 2174 739 ,
2229 663 2469 746 καίπερ
2513 656 2647 730 ἐών

358 757 434 822 ἐν
487 756 671 844 κακῷ
720 757 956 845 οίκηΐῳ
1013 751 1344 845 τοσούτῳ,
1401 757 1515 824 καὶ
1570 759 1746 843 λέγει
1807 755 1974 845 πρὸς
2031 754 2272 828 αὐτόν·
2328 757 2531 850 νΕχω,
2588 754 2643 832 ὦ

356 861 570 939 ξεῖνε,
618 853 801 943 παρὰ
825 860 950 925 σεῦ
978 861 1201 927 πᾶσαν
1229 856 1353 946 τὴν
1381 863 1616 948 δίκην,
1659 858 1893 949 ἐπειδὴ
1932 866 2240 931 σεωυτοῦ
2278 865 2638 935 καταδικά-

360 968 490 1044 ζεις
517 957 841 1028 θάνατον.
901 958 995 1039 εἷς
1037 959 1112 1030 δὲ
1143 957 1226 1029 οὐ
1268 960 1356 1030 σύ
1393 990 1506 1049 μοι
1546 967 1746 1053 τοῦδε
1786 970 1907 1033 τοῦ
1935 970 2147 1035 κακοῦ
2175 975 2419 1053 αἴτιος,
2468 967 2645 1057 εἰμὴ

358 1060 521 1132 ὅσον
549 1059 772 1135 ἀέκων
800 1062 1195 1151 ἐξεργάσαο,
1238 1060 1408 1134 ἀλλὰ
1436 1071 1625 1136 θεῶν
1664 1094 1790 1136 κου
1831 1096 1965 1150 τις,
2014 1062 2088 1148 ὅς
2126 1097 2240 1158 μοι
2282 1073 2396 1140 καὶ
2437 1071 2642 1142 πάλαι

358 1164 807 1254 προεσήμαινε
847 1165 930 1236 τὰ
967 1169 1294 1256 μέλλοντα
1336 1174 1636 1240 ἔσεσθαι.
1718 1178 2008 1260 Κροῖσος
2046 1175 2172 1260 μέν
2223 1201 2355 1243 νυν
2398 1180 2639 1259 ἔθαψε,

358 1267 450 1351 ὦς
489 1266 671 1350 οἰκὸς
707 1260 825 1358 ἦν,
867 1268 986 1340 τὸν
1016 1272 1274 1339 ἑωυτοῦ
1304 1278 1534 1342 παῖδα.
1593 1271 1961 1362 Ἀδρηστος
2004 1274 2079 1343 δὲ
2117 1271 2154 1345 ὃ
2181 1283 2487 1365 Γορδίεω
2517 1286 2640 1348 τοῦ

354 1380 635 1457 Μίδεω,
679 1363 874 1454 οὗτος
904 1372 990 1464 δὴ
1014 1370 1051 1444 ὁ
1081 1372 1333 1462 φονεὺς
1368 1375 1495 1465 μὲν
1524 1381 1646 1447 τοῦ
1668 1379 1935 1468 ’ἑωυτοῦ
1972 1375 2314 1467 ἀδελφεοῦ
2357 1382 2634 1471 γενόμε-

352 1506 501 1563 νος,
542 1474 793 1565 φονεὺς
833 1477 907 1547 δὲ
947 1482 1068 1547 τοῦ
1108 1476 1565 1569 καθήραντος,
1606 1483 1759 1550 ἐπεί
1781 1509 1852 1550 τε
1893 1478 2132 1573 ἡσυχίη
2177 1487 2316 1553 τῶν
2354 1482 2629 1574 ἀνθρώ-

353 1609 505 1652 πων
532 1581 798 1668 ἐγένετο
825 1583 980 1671 περὶ
1006 1579 1081 1650 τὸ
1113 1586 1290 1673 σῆμα
1308 1635 1326 1668 ,
1369 1584 1995 1674 συγγινωσκόμενος
2035 1583 2428 1677 ἀνθρώπων
2465 1588 2639 1659 εἶναι

1541 1788 1810 1839 Herodoti
1848 1787 1971 1838 loco
2010 1788 2316 1853 disputans,
2355 1806 2460 1854 quo
2495 1790 2636 1841 male

1542 1857 1811 1909 factorum
1851 1858 2198 1908 consessione
2233 1858 2370 1908 iram
2406 1859 2636 1924 plerum-

350 1784 438 1836 35.
482 1784 714 1835 Croesus
732 1784 852 1849 ipse
873 1785 1167 1836 Adrastum
1191 1786 1441 1851 expiasse

349 1855 585 1915 dicatur,
620 1854 712 1904 hie
747 1853 899 1905 loeus
934 1854 1076 1905 male
1106 1855 1274 1906 habet
1308 1857 1440 1906 Lar-

350 1923 589 1985 eherum‚
624 1924 719 1974 ubi
753 1940 787 1974 a
820 1924 933 1975 filio
970 1930 1095 1989 post
1120 1941 1281 1976 caeso
1304 1925 1439 1976 illud

349 1995 559 2042 factum
594 1994 864 2045 videatur.
902 1994 1010 2045 Sed
1048 1996 1204 2045 fluxit
1236 1995 1341 2045 hoe
1375 2012 1440 2045 ex

345 2062 619 2113 Herodoti
653 2061 774 2113 loeo
803 2064 945 2114 male
970 2064 1274 2115 intellecto:
1312 2065 1440 2126 „de-

346 2135 471 2196 puis
508 2133 635 2197 qu'a
670 2148 771 2182 son
804 2133 1035 2198 premier
1082 2135 1248 2184 crime
1292 2134 1333 2183 il
1371 2150 1439 2185 en

348 2217 383 2251 a
416 2200 607 2263 ajoute
640 2217 714 2251 un
750 2203 982 2265 second,
1019 2220 1083 2254 en
1119 2211 1264 2253 nant
1289 2206 1434 2267 celui,

346 2272 441 2336 qui
479 2270 671 2321 l’avoit
703 2270 958 2337 purifle.“
998 2273 1167 2323 Cuius
1203 2274 1439 2337 vestigia

342 2341 548 2404 pressit
574 2339 714 2390 alter
739 2341 931 2392 Gallus
962 2343 1252 2407 interpres,
1278 2344 1433 2393 Miot.

345 2410 453 2461 Sed
489 2409 685 2459 melius
708 2411 942 2461 Latinus
976 2412 1271 2477 interpres:
1311 2416 1441 2476 „qui

338 2489 461 2543 post
503 2482 818 2543 superiorem
867 2484 1198 2533 calanaetatem
1256 2482 1436 2544 expia-

342 2558 497 2599 torem
555 2553 701 2600 etiam
750 2565 891 2601 eman
933 2552 993 2612 (i.
1050 2566 1098 2602 e.
1156 2551 1434 2614 Croesum,

341 2634 451 2668 non
486 2617 656 2668 filium
684 2619 825 2684 eius)
856 2620 1224 2682 perdidisset.“
1262 2622 1433 2682 Quem

341 2692 565 2738 secutus
592 2688 766 2738 Italus
811 2691 1076 2755 interpres
1117 2694 1267 2740 reete
1300 2690 1435 2742 haee

341 2757 512 2808 verba
548 2758 628 2807 ita
674 2758 938 2808 reddidit:
987 2776 1018 2809 e
1052 2775 1207 2809 come
1250 2760 1305 2809 iu
1341 2776 1434 2825 ag-

341 2828 536 2893 giunta
584 2827 794 2877 avendo
840 2830 981 2879 fatto
1023 2831 1199 2892 perire
1246 2829 1286 2878 il
1331 2845 1431 2879 suo

342 2897 635 2961 espistore,
661 2912 768 2947 non
807 2896 1011 2948 dovera
1039 2898 1132 2963 piu
1159 2900 1297 2948 oltre
1322 2898 1432 2964 egli

339 2966 589 3016 τίνοι-οὕ(
623 2966 688 3016 In
714 2972 847 3017 nota
869 2973 1053 3018 autem
1087 2968 1155 3017 de
1172 2968 1432 3018 Lareheri

338 3035 613 3100 scrupulis
661 3036 797 3087 haee
848 3037 1060 3102 posuit:
1109 3038 1195 3098 „A
1241 3038 1357 3088 dire
1391 3037 1431 3087 il

342 3121 471 3155 vero
507 3110 702 3170 questo
737 3120 872 3156 sono
897 3121 1042 3156 mere
1066 3107 1273 3158 eiance.
1309 3108 1432 3157 Non

340 3175 391 3224 si
435 3189 666 3238 aeeorge
722 3175 830 3241 egli
897 3176 996 3226 che
1056 3175 1095 3224 il
1159 3176 1345 3227 dolore
1404 3191 1434 3226 e

338 3242 396 3293 la
440 3244 775 3309 gratitudine
820 3250 876 3294 et
924 3245 961 3294 il
1006 3260 1214 3310 sangue
1266 3246 1432 3295 fanno

340 3313 445 3362 che·
504 3313 741 3363 Adrasto
802 3315 1046 3379 riguardi
1111 3330 1263 3365 come
1324 3330 1435 3365 una

339 3381 461 3500 solla
507 3397 742 3447 persona
790 3382 831 3432 il
874 3384 1042 3449 padre
1088 3383 1155 3433 ed
1208 3385 1247 3434 il
1296 3384 1435 3449 figli-

338 3467 410 3501 νο
434 3452 547 3501 o?“

410 3513 519 3583 ἔχω
552 3551 625 3560 --
658 3513 815 3583 παρὰ
851 3518 950 3570 σεῦ
982 3519 1173 3571 πᾶσαν
1206 3512 1313 3586 τὴν
1347 3518 1434 3571 δι’·

338 3588 471 3654 κην]
527 3589 707 3640 Aliam
764 3591 993 3640 Diodori
1044 3592 1430 3654 narrationem,

338 3674 449 3724 qua
485 3659 670 3709 vivum
705 3660 948 3710 comburi
968 3660 1263 3711 Adrastum
1280 3662 1430 3725 prius

339 3728 577 3779 Croesus
616 3728 893 3793 voluerat,
942 3745 1110 3795 supra
1153 3731 1262 3779 iam
1298 3730 1428 3780 indi·

343 3799 605 3849 cavimus.

406 3859 488 3924 εἷς
521 3859 589 3916 δὲ
623 3856 693 3916 οὗ
729 3857 802 3916 σύ
847 3881 945 3930 μοι
981 3863 1149 3916 τοῦδε
1186 3864 1289 3916 τοῦ
1328 3882 1428 3916 κα-

337 3934 443 3985 κοῦ
476 3933 685 4000 αἴτιος]
726 3935 903 3985 Simili
939 3937 1098 3986 modo
1136 3935 1282 4000 apud
1316 3938 1430 3987 Ho-

336 4021 537 4055 merum
583 4004 770 4070 (Iliad.
824 4005 932 4066 111,
982 4004 1110 4067 164)
1158 4004 1427 4055 Helenam

337 4074 631 4139 alloquitur
664 4074 943 4124 Priamus:
981 4064 1107 4123 οὔτι
1141 4088 1240 4137 μοι
1273 4069 1428 4137 αἰτίη

336 4135 482 4205 ἐσσί,
540 4141 701 4192 θεοί
737 4138 813 4191 νύ
870 4157 968 4206 μοι
1025 4139 1209 4191 αἴτιοί
1262 4137 1427 4192 εἰσιν.

335 4214 505 4276 Quem
555 4213 737 4262 locum
782 4227 904 4262 cum
950 4211 1266 4263 Herodoteo
1320 4213 1430 4262 iam

334 4281 691 4332 contenderat
707 4281 1081 4347 Hermogenes
1103 4280 1171 4331 de
1190 4281 1426 4332 method.

332 4352 415 4403 32.
458 4358 529 4414 μ’
557 4351 677 4401 158.
711 4347 961 4413 (Graeee.
997 4350 1183 4401 Rhett.
1222 4352 1289 4401 Τ.
1318 4351 1426 4402 ΙΙΙ.

331 4436 385 4489 p.
423 4419 531 4472 438
568 4420 657 4473 ed.
679 4419 882 4489 Walz.)
916 4421 975 4470 in
1010 4420 1324 4475 universum
1360 4420 1429 4475 de

1540 1943 1644 1991 que
1704 1927 1980 1991 exstingui
2037 1927 2404 1992 optimamque
2455 1928 2636 1979 defen-

1541 1996 1750 2047 sionem
1785 1997 1966 2063 parari
2003 1996 2296 2047 evinceret.

1611 2082 1864 2147 Κροῖσος
1898 2076 2002 2147 μέν
2039 2097 2147 2132 νυν
2192 2077 2382 2145 ἔθαψε
2425 2073 2503 2141 ὥς
2552 2080 2636 2135 οἰ-

1540 2142 1643 2209 κὸς
1688 2139 1764 2218 ἦν
1810 2144 1912 2201 τὸν
1957 2142 2174 2202 ἑωυτοῦ
2223 2151 2429 2218 παῖδα]
2473 2147 2635 2212 elude

1540 2223 1768 2282 retinui,
1817 2238 1939 2272 eum
1988 2221 2112 2271 libri
2170 2223 2415 2273 nonnulli
2456 2214 2631 2287 εἰκὸς,

1538 2291 1654 2341 bini
1689 2292 1784 2341 alii
1818 2282 2002 2349 ἐοικὸς
2041 2291 2349 2345 exhibeant.
2406 2294 2469 2342 In
2497 2294 2640 2345 San:

1539 2362 1702 2411 erofti
1748 2360 1888 2412 libro
1931 2361 2076 2411 hune
2133 2363 2188 2411 in
2235 2364 2456 2414 modum
2508 2379 2633 2413 eon-

1539 2432 1766 2481 stitutus
1796 2431 1884 2480 hie
1917 2430 2070 2482 loeus
2104 2431 2333 2497 legitur:
2383 2431 2634 2495 Κροῖσος

1535 2493 1638 2563 μέν
1674 2514 1785 2549 νιν
1819 2493 2037 2563 ἔθαψε,
2087 2491 2165 2557 ὡς
2200 2493 2354 2558 εἰκὸς
2403 2488 2479 2564 ἦν
2524 2492 2633 2549 θ’ά-

1536 2576 1644 2631 ψαι
1685 2561 1787 2618 τὸν
1824 2561 2040 2618 ἑωυτοῦ
2076 2567 2287 2629 παῖδας
2338 2569 2482 2634 quod
2517 2585 2626 2620 uon

1537 2637 1898 2702 spernendum
1934 2638 2223 2688 videbatur
2250 2637 2632 2703 Wesselingio,

1537 2723 1658 2757 eum
1687 2707 1968 2771 scriptoris
2017 2707 2153 2757 mori
2197 2707 2333 2757 haee
2380 2707 2632 2773 repetitio

1535 2777 1725 2842 utique
1793 2776 2135 2838 conveniret,
2211 2782 2272 2826 ut
2330 2776 2438 2839 VI,
2511 2776 2630 2828 109.

1536 2847 1646 2910 1x,
1687 2847 1769 2896 11.

1605 2938 1734 2998 ἐπεί
1771 2963 1830 2998 τε
1880 2938 2089 3014 ἡσυχίη
2136 2946 2253 2998 ταῖν
2295 2937 2632 3011 ἀνθρώπων

1534 3009 1773 3083 ἐγένετο]
1815 3019 2006 3081 „Infra
2045 3019 2151 3081 IX,
2187 3021 2281 3070 44:
2328 3015 2424 3067 καὶ
2461 3008 2623 3081 ἡσυ-

1536 3087 1612 3153 χί
1617 3104 1652 3152 η
1687 3079 1880 3138 ’ἐδόκεε
1917 3080 2065 3137 εἶναι
2089 3120 2159 3127 -
2195 3079 2256 3138 ἐν
2290 3076 2474 3154 ὕπνῳ.
2511 3087 2628 3137 Nec

1537 3157 1698 3208 aliter
1733 3158 1892 3208 Plato
1930 3159 1998 3208 de
2043 3160 2180 3222 Rep.
2239 3158 2395 3221 VIII,
2433 3155 2519 3207 16.
2571 3172 2625 3220 p.

1537 3226 1640 3277 566
1674 3228 1804 3279 infr.
1861 3231 1918 3278 et
1951 3227 2232 3278 Plutarch.
2285 3227 2352 3276 de
2399 3224 2626 3276 oracull.

1537 3295 1736 3347 defect.
1783 3315 1837 3363 p.
1875 3298 1979 3347 412
2027 3298 2106 3347 D:
2188 3312 2221 3346 ν
2255 3289 2320 3344 δὲ
2367 3293 2481 3344 τῶν
2530 3285 2627 3343 ἅλ-

1535 3365 1650 3415 λων
1691 3356 1948 3432 ἡσυχία
1983 3360 2081 3415 διὰ
2113 3382 2221 3431 την
2261 3355 2478 3427 ὄραν.“
2515 3365 2599 3413 Gr.

1606 3443 1822 3516 ἐγένετο
1859 3447 1990 3515 περὶ
2035 3444 2097 3500 τὸ
2137 3449 2308 3515 σῆμα]
2347 3443 2475 3510 περὶ
2518 3462 2626 3495 me-

1533 3520 1698 3571 liores
1734 3520 1876 3584 libri,
1917 3536 2053 3584 quos
2091 3522 2311 3568 secutus
2347 3532 2492 3577 sum3
2533 3515 2628 3565 alii

1535 3581 1721 3651 παρὰ
1773 3581 1836 3639 τὸ
1893 3589 2074 3653 σῆμα;
2137 3587 2307 3649 male,
2356 3600 2477 3634 eum
2523 3585 2628 3634 hoe

1532 3658 1743 3709 valeat:
1792 3659 1974 3721 „circa
2018 3658 2358 3719 sepulcrum.“
2395 3681 2462 3689 —-
2498 3654 2628 3703 Mox

1533 3718 1690 3846 2³23?
1710 3724 2626 3860 szfflzffss.2³22³203¹¹¹1¹1⁸03223212

1531 3835 1718 3917 forsan
1754 3866 1904 3916 locos
1935 3832 2413 3931 respicienS,'quos
2451 3864 2521 3913 ad
2545 3863 2619 3913 le-

1531 3937 1766 3986 ctionem
1839 3926 1997 4000 ἥειδε
2055 3935 2314 3986 tuendam
2366 3932 2628 3983 attulerat

1530 4005 1882 4071 wesseling„
1931 4005 2092 4056 Iliad.
2132 4006 2310 4069 XXII,
2348 4002 2471 4054 280.
2509 4001 2625 4065 (ubi

1529 4066 1766 4141 ἦείδεις)
1826 4081 1882 4125 et
1927 4074 2126 4140 Odyss.
2176 4076 2273 4138 lx,
2321 4072 2444 4123 205.
2507 4070 2622 4133 (ubi

1533 4138 1756 4210 ἠείδει).
1793 4145 2062 4210 Equidem
2075 4144 2405 4197 Bredovium
2419 4158 2475 4206 p.
2496 4141 2622 4191 412.

1532 4218 1754 4264 secutus
1825 4230 1947 4265 eum
2014 4217 2245 4264 reeentt.
2309 4211 2433 4262 edd.
2501 4208 2625 4259 dedi

1532 4272 1693 4346 ᾕδεες
1744 4282 1813 4333 de
1854 4284 2031 4334 forma
2070 4273 2227 4347 ἤειδε
2273 4282 2381 4331 iam
2423 4280 2623 4330 Struve

1532 4352 1691 4417 Spee.
1730 4353 1959 4414 Quaest.
1987 4351 2193 4403 Herod.
2221 4351 2267 4401 Ι.
2305 4366 2361 4417 p.
2399 4349 2489 4399 21.
2525 4347 2626 4396 du·

1529 4420 1823 4475 bitaverat.
