3109 5092
482 307 606 366 494

1343 305 1894 368 HERODO'PI

480 509 590 569 χρι
617 477 989 557 Σολόεντος
1027 475 1256 568 ἄκρης,
1298 467 1336 569 ᾗ
1365 481 1669 548 τελευταὶ
1697 483 1814 570 τῆς
1846 481 2138 568 Λιβύης,
2172 480 2552 571 παρήκουσι
2583 478 2764 570 παρὰ

481 589 707 653 πᾶσαν
737 589 1023 670 Λίβυες,
1061 583 1172 651 καὶ
1204 581 1486 669 Λιβύων
1513 588 1723 652 ἔθνεα
1761 582 2010 670 πολλὰ,
2054 581 2233 673 πλὴν
2261 580 2425 654 ὅσον
2439 580 2761 673 ’Ἕλληνες

481 689 592 756 καὶ
623 693 937 765 Φοίνικες
964 691 1211 772 ἔχουσι.
1270 681 1352 754 τά
1385 685 1462 755 δὲ
1495 681 1670 773 ὑπὲρ
1697 685 2041 775 θαλάσσης
2066 715 2138 757 τε
2166 689 2279 756 καὶ
2308 691 2447 757 τῶν
2476 683 2587 757 ἐπὶ
2621 688 2754 756 θά-

482 800 739 860 λασσαν
776 786 1208 877 κατηκόντων
1246 784 1670 878 ἀνθρώπων,
1708 787 1788 859 τὰ
1830 790 2219 880 κατύπερθε
2244 789 2593 881 θηριώδης
2620 786 2757 860 ἐστὶ

478 890 520 982 ἡ
547 891 770 981 Λιβύη
791 913 806 928 ·
855 889 935 961 τὰ
965 892 1040 961 δὲ
1071 890 1460 980 κατύπερθε
1490 900 1606 982 τῆς
1631 892 2043 983 θηριώδεος,
2080 893 2347 983 ψάμμος
2370 894 2442 963 τὲ
2475 890 2613 963 ἐστι
2646 895 2757 962 καὶ

477 994 769 1084 ἄνυδρος
810 1000 1048 1075 δεινῶς
1098 998 1210 1064 καὶ
1253 991 1494 1083 ἐρῆμος
1526 995 1822 1065 πάντων.
1881 994 2059 1067 Ἐπεὶ
2117 988 2215 1068 ὦν
2262 994 2419 1077 τούς
2456 1003 2845 1086 νεηνίαςιιδ

481 1197 850 1263 disputatione
883 1196 1168 1261 probatum
1201 1196 1246 1245 it
1272 1195 1567 1247 Rennelius

441 1259 448 1272 “
483 1267 539 1330 (l.
566 1267 605 1318 l.
631 1284 684 1332 p.
718 1265 1035 1329 567—570),
1074 1266 1415 1330 improbante
1439 1265 1570 1314 Bre-

481 1337 672 1399 dovio,
722 1336 813 1401 qui
850 1352 972 1385 cum
1004 1335 1276 1385 Gesselin.
1318 1349 1565 1398 promon-

481 1408 678 1457 torium
730 1407 941 1470 Sparte!
989 1405 1168 1469 ponit,
1229 1404 1382 1454 cuius
1443 1401 1567 1454 loco

479 1474 575 1525 alii
607 1474 1030 1539 promontorium
1069 1474 1298 1525 Boiador
1333 1472 1566 1538 intelligi

479 1560 641 1609 posse
676 1545 1009 1595 existimant.
1092 1542 1293 1593 Confer
1338 1542 1470 1592 ibid.
1506 1559 1560 1607 p.

477 1616 598 1676 570,
641 1615 719 1666 17.
769 1613 1088 1665 Rennelium
1126 1614 1374 1678 sequitur
1409 1613 1565 1662 Man-

477 1690 662 1734 nertus
709 1685 746 1735 l.
794 1685 832 1735 l.
868 1685 948 1747 X,
983 1686 1033 1733 2.
1088 1700 1138 1748 p.
1188 1684 1290 1734 495
1337 1698 1482 1747 seq.,
1526 1697 1563 1730 a

477 1768 584 1818 quo
632 1753 919 1804 discedens
967 1752 1382 1803 Schlichthorst.
1435 1751 1470 1799 l.
1521 1752 1560 1802 l.

477 1839 529 1887 p.
561 1824 657 1875 167
697 1840 810 1890 seq.
849 1822 1079 1873 indicari
1105 1826 1262 1887 putat
1293 1821 1363 1871 ab
1389 1821 1563 1871 Hero-

475 1892 604 1943 doto
631 1893 685 1943 id
707 1894 1131 1959 promontorium
1148 1930 1161 1953 ,
1187 1890 1331 1956 quod
1353 1891 1563 1941 Graeco

474 1963 687 2012 nomine
740 1962 1045 2028 appellatur
1091 1962 1404 2025 Ampelusia,
1456 1960 1561 2010 Pu-

472 2033 595 2082 nico
640 2034 805 2082 Cotes.
878 2031 1141 2096 Equidem
1186 2046 1307 2080 cum
1343 2030 1558 2079 Rittero

474 2100 790 2163 (Erdlmnde
827 2101 874 2149 Ι.
919 2116 1045 2165 pag.
1083 2100 1207 2165 890)
1256 2097 1440 2147 malim
1479 2099 1558 2147 in-

472 2170 720 2234 telligere
745 2170 1166 2234 promontorium
1189 2168 1419 2230 Spar-tel,
1467 2183 1560 2216 ne-

473 2254 577 2303 que
622 2238 691 2288 ab
728 2238 832 2288 hac
876 2238 1148 2288 sententia
1193 2253 1276 2286 me
1325 2235 1559 2286 deduxe-

473 2315 598 2358 runt
635 2306 837 2357 iudicia
872 2322 1053 2356 eorum
1090 2308 1323 2356 virorum
1369 2306 1556 2355 docto-

472 2393 606 2440 rum,
645 2378 736 2442 qui
770 2376 838 2427 ad
861 2375 1111 2427 Rennelii
1147 2376 1472 2425 sententiam
1496 2391 1556 2424 se

470 2463 642 2512 nuper
679 2447 1084 2512 applicuerunt,
1129 2446 1388 2495 Moversii
1434 2445 1560 2507 (Die

471 2517 729 2567 Phoeniz.
766 2517 841 2579 11,
868 2519 919 2566 2.
959 2531 1012 2580 p.
1044 2517 1144 2564 544
1180 2515 1317 2580 seq.)
1356 2519 1410 2564 et
1427 2514 1559 2564 For-

469 2587 644 2653 bigeri
686 2586 722 2637 l.
761 2586 797 2636 l.
837 2603 889 2651 p.
926 2587 1058 2636 867:
1106 2601 1140 2634 a
1176 2585 1373 2649 quibua
1421 2585 1555 2648 ipsis

471 2673 578 2707 non
605 2655 891 2707 admodum
917 2655 1150 2705 discedit
1169 2654 1429 2704 Hirscher
1451 2653 1554 2716 (De

471 2727 788 2777 Hammonis
835 2724 1071 2790 Peripl0.
1125 2724 1325 2788 Ehing.
1375 2722 1553 2784 18:32),

472 2796 539 2845 de
577 2812 640 2846 eo
673 2795 1038 2861 promontorio
1074 2794 1161 2842 hic
1204 2793 1554 2856 cogitandum

471 2881 591 2914 esse
640 2871 821 2926 ratus,
868 2863 1011 2929 quod
1057 2862 1237 2912 album
1284 2877 1427 2912 nunc
1462 2876 1554 2910 vo-

472 2939 629 2992 cant,
677 2949 845 2998 prope
881 2934 1065 2982 urbem
1103 2932 1332 2982 Azamor
1367 2931 1549 2980 situm.

470 3002 577 3050 Sed
601 3002 855 3061 Bartbi0‚
894 3002 986 3066 qui
1015 3001 1131 3064 ipse
1166 3000 1265 3049 has
1299 3001 1551 3064 regiones

468 3085 640 3134 nuper
668 3069 1036 3134 perlustravit,
1063 3068 1155 3117 vix
1181 3069 1401 3118 dubium
1430 3084 1550 3118 esse

468 3140 702 3201 videtur,
734 3141 864 3205 quin
886 3137 1130 3188 hocloco
1157 3138 1224 3187 de
1243 3142 1550 3202 promonto-

467 3209 567 3272 rio,
606 3210 693 3259 cui
725 3225 868 3259 nunc
898 3223 1091 3258 nomen
1118 3206 1350 3271 Spartel,
1390 3207 1549 3257 unice

466 3278 695 3344 eogitari
723 3278 897 3343 possit
918 3275 1345 3342 (Wanderungg.
1374 3275 1426 3326 d.
1450 3277 1552 3326 Ge·

465 3348 623 3399 stade
650 3347 743 3399 des
762 3345 1116 3397 Mittelmeere
1143 3347 1189 3396 Ι.
1214 3362 1269 3411 p.
1299 3346 1362 3396 13
1387 3351 1548 3410 seq.).

466 3418 623 3479 Quod
658 3419 834 3484 ipsum
874 3418 930 3466 in
966 3420 1205 3466 extrema
1243 3416 1406 3465 maris
1442 3431 1549 3464 me-

464 3487 755 3539 diterranei
805 3503 900 3537 ora
946 3486 1247 3553 prominere
1295 3485 1353 3534 in
1402 3484 1548 3536 colu-

462 3559 600 3607 mnis
635 3557 920 3609 Herculeis
956 3571 1112 3607 nemo
1150 3555 1345 3606 nescit.

530 3647 566 3725 ᾖ
603 3655 850 3709 τελευταὶ
886 3657 986 3724 τῆς
1021 3651 1252 3726 Λιβύης]
1310 3657 1545 3709 Secutus

460 3744 579 3779 sum
604 3729 989 3790 Gaisfordium‚
1025 3742 1351 3794 quamquam
1385 3726 1545 3777 valde

461 3799 665 3849 arridet
715 3799 875 3849 lectio
933 3814 967 3848 a
1023 3799 1140 3848 viro
1195 3798 1356 3847 docto
1416 3795 1543 3845 olim

459 3868 769 3931 proposita:
827 3856 864 3932 ᾗ
909 3863 1138 3917 τελευτά
1180 3857 1250 3915 τὰ
1294 3863 1396 3929 τῆς
1444 3865 1543 3913 Λι-

457 3927 618 4012 βιξης.
689 3935 895 4000 Vulgo:
949 3924 990 3999 ἢ
1034 3917 1264 4003 τελευτᾷ
1306 3931 1408 3999 τῆς
1445 3934 1543 3981 Λι-

458 3999 630 4067 βυης,
671 4004 824 4054 cuius
860 4004 982 4055 loco
1019 4003 1218 4054 Struve
1253 4003 1291 4055 1.
1325 4003 1364 4054 l.
1410 4017 1537 4067 pag.

456 4071 524 4122 30
560 4072 970 4135 praeferendum
1018 4079 1232 4122 censet:
1287 4061 1327 4136 ἢ
1359 4070 1540 4121 τελευ-

453 4138 526 4189 τᾶ
559 4132 628 4189 τὰ
661 4138 762 4204 τῆς
805 4131 1038 4207 Λιβύης.
1125 4143 1265 4192 Nam
1311 4137 1538 4207 τελευτᾷ

453 4191 581 4260 olim
618 4209 879 4274 scriptum
921 4209 1116 4272 fuisse,
1166 4209 1413 4260 codicum
1449 4223 1540 4259 ve·

452 4278 622 4344 atigia
646 4278 889 4328 indicare
913 4277 1181 4329 videntur.
1208 4306 1274 4315 —
1297 4280 1361 4329 In
1384 4292 1536 4362 eeffiq.

453 4341 514 4398 ot
561 4338 655 4398 ἐπὶ
700 4338 1001 4397 θάλασσαν
1046 4339 1389 4413 κατήκοντες
1423 4362 1536 4398 αν-

1671 1195 1902 1261 θρωποι
1938 1213 2060 1248 cum
2095 1198 2134 1249 ii
2172 1201 2300 1262 sint,
2340 1199 2432 1265 qui
2462 1199 2757 1250 secundum

1672 1266 1834 1316 maris
1874 1266 2257 1318 mediterranei
2298 1284 2446 1318 oram
2483 1269 2752 1330 habitant,

1669 1337 1864 1387 verba:
1913 1329 1984 1385 τὰ
2024 1327 2170 1400 ὑπὲρ
2218 1330 2513 1402 θαλάσσης
2557 1352 2617 1387 τε
2658 1335 2755 1389 καὶ

1666 1402 1783 1454 τῶν
1802 1399 1895 1455 ἐπὶ
1919 1398 2219 1456 θάλασσαν
2250 1400 2616 1472 κατηκόντων
2653 1397 2753 1456 άν-

1669 1467 1925 1537 θριόπων
1967 1475 2326 1541 intelligenda
2361 1482 2519 1527 erunt
2569 1477 2636 1526 de
2673 1478 2753 1526 in-

1669 1545 1885 1596 terioria
1911 1545 2132 1596 Africae
2165 1546 2509 1611 regionibns,
2548 1561 2583 1596 a
2617 1547 2752 1610 mari

1666 1615 2065 1667 remotioribus,
2148 1615 2233 1665 Ad
2274 1617 2468 1666 verba:
2520 1607 2753 1680 ψάμμος

1665 1680 1724 1732 τέ
1759 1675 1873 1732 ἔστι
1907 1680 2003 1733 καὶ
2038 1675 2290 1747 ἄνυδρος
2313 1715 2381 1725 —
2406 1680 2501 1733 καὶ
2546 1675 2754 1749 ἔρῆμος

1666 1759 1844 1804 mente
1878 1754 2228 1818 repetendum
2264 1746 2298 1818 ἡ
2333 1746 2536 1821 Λιβύη.

1725 1847 1883 1905 Ἐπεὶ
1919 1844 2002 1906 ὥν
2044 1849 2180 1914 τούς
2226 1855 2457 1922 νεηνίας
2492 1847 2749 1920 ἀποπεμ-

1663 1924 1947 1990 πομένους
1982 1942 2033 1975 κ.
2072 1942 2119 1976 τ.
2165 1924 2238 1992 λ.]
2285 1926 2567 1977 Particula
2605 1917 2745 1988 ἐπεὶ,

1661 2010 1823 2061 quam
1856 2011 2042 2045 omnes
2078 1995 2205 2046 libri
2238 2000 2445 2059 tenent,
2478 1996 2749 2046 immerito

1660 2065 1940 2130 displicuit
1962 2066 2091 2114 viris
2114 2066 2310 2128 doctiS,
2332 2065 2469 2116 adeo
2490 2070 2551 2115 ut
2573 2080 2749 2115 emen-

1659 2136 1851 2185 darent
1888 2127 2056 2184 εἷπον
2078 2134 2162 2184 vel
2193 2137 2359 2185 etiam
2387 2125 2505 2184 ἐκεῖ
2531 2150 2577 2185 a.
2607 2127 2745 2184 ἐκεί-

1660 2218 1813 2260 νους.
1875 2204 1984 2254 Sed
2017 2203 2138 2255 loco
2175 2204 2595 2256 succurrendum
2627 2208 2747 2255 erat

1659 2289 1769 2324 non
1819 2272 2224 2336 emendatione,
2284 2274 2381 2324 sed
2422 2275 2746 2338 interpreta-

1660 2344 1835 2401 tione;
1891 2347 1977 2392 est
2019 2342 2162 2392 enim
2206 2343 2386 2393 oratio
2431 2335 2745 2393 ἀνακόλου-

1661 2411 1796 2475 θος,
1832 2412 1985 2461 cuius
2014 2413 2355 2463 occasionem
2380 2414 2745 2477 praebuerunt

1660 2496 1752 2544 ea,
1808 2495 1944 2545 quae
1987 2480 2054 2531 de
2094 2479 2336 2547 Libycae
2378 2486 2558 2533 terrae
2607 2481 2745 2532 divi-

1659 2551 1813 2601 sione
1851 2550 2140 2601 interiecta
2181 2558 2335 2613 sunt,
2384 2551 2509 2602 inde
2545 2566 2579 2601 a
2622 2567 2743 2601 ver-

1659 2620 1743 2669 bis
1788 2617 1890 2682 τῆς
1935 2613 2040 2684 γὰρ
2078 2614 2296 2686 Λιβύης
2341 2613 2412 2669 τὰ
2460 2613 2566 2684 μὲν
2601 2611 2745 2669 κατὰ

1657 2705 1707 2737 κ.
1744 2703 1791 2737 τ.
1824 2687 1871 2737 λ.
1909 2704 2085 2754 usque
2119 2691 2190 2740 ad
2224 2685 2321 2739 καὶ
2355 2679 2564 2753 ἔρῆμος
2598 2681 2741 2738 πάν-

1655 2772 1786 2807 των.
1861 2758 1977 2808 Iam
2020 2758 2155 2809 haec
2197 2758 2611 2810 confirmaturus
2653 2760 2739 2820 iis,

1657 2842 1798 2892 quae
1818 2828 2029 2893 reliqua
2059 2834 2215 2878 erant
2247 2828 2314 2878 de
2337 2828 2595 2879 Etearchi
2619 2843 2742 2878 nar-

1654 2897 1897 2958 ratione,
1951 2898 2131 2963 pergit
2175 2888 2297 2946 ἐπεὶ
2344 2885 2427 2946 ὦν
2471 2912 2523 2947 κ.
2570 2912 2618 2947 τ.
2666 2897 2736 2959 λ.,

1653 2981 1873 3030 quorum
1920 2966 2205 3016 verborum
2251 2968 2509 3030 apodosis
2557 2966 2739 3016 iudice

1652 3035 1965 3085 Hermanno
2001 3036 2070 3085 ad
2104 3037 2289 3101 Viget.
2324 3052 2451 3102 pag.
2482 3035 2585 3087 784
2616 3050 2733 3100 aeq.

1650 3104 1879 3168 incipiat
1924 3121 1959 3154 a
1992 3106 2173 3155 verbis
2208 3096 2613 3165 διεξελθόντας
2661 3099 2737 3154 δὲ

1651 3169 1842 3290 ἒῶρον
1873 3165 2086 3223 πολλὸν
2119 3168 2440 3239 ψαμμώδεα
2473 3202 2545 3213 -
2586 3168 2740 3223 (δεῖν

1692 3233 1728 3305 ή
1763 3255 1891 3290 κοτε
1927 3256 1979 3291 κ.
2017 3257 2065 3292 τ.
2105 3244 2181 3306 λ.,
2218 3243 2313 3293 nbi
2349 3242 2620 3309 particula
2652 3238 2736 3305 δὲ,

1649 3315 1776 3376 post
1809 3309 2098 3377 pleraeque
2131 3313 2430 3376 particulae
2468 3317 2738 3377 tempora-

1648 3380 1729 3431 les
1757 3384 1812 3430 et
1840 3381 2076 3432 maxime
2114 3387 2240 3447 post
2276 3371 2427 3446 ἐπεὶ,
2475 3398 2571 3449 per
2605 3397 2738 3432 ana-

1650 3449 1944 3500 coluthiam
1979 3450 2037 3500 in
2066 3451 2293 3516 apodoai
2326 3453 2517 3502 inferri
2550 3450 2735 3513 solita,

1648 3519 1934 3584 praecipue
1961 3520 2014 3568 in
2042 3535 2274 3571 errorem
2306 3523 2629 3587 interpretes
2656 3522 2737 3570 in-

1649 3588 1870 3638 duxisse
1905 3589 2078 3639 eidem
2122 3590 2241 3640 viro
2289 3589 2450 3641 docto
2496 3590 2731 3642 videtur.

1645 3657 1853 3708 Probat
1882 3659 2180 3709 Hermanni
2207 3659 2471 3710 rationem
2502 3658 2735 3724 aliisque

1649 3727 1907 3791 exemplis
1934 3728 2260 3779 Herodoteia
2297 3728 2581 3779 confirmat
2602 3729 2734 3780 Bre-

1648 3795 1770 3847 dov.
1808 3811 1861 3860 p.
1900 3795 2001 3846 107
2037 3812 2152 3863 aeq.
2235 3796 2413 3848 Aliam
2462 3798 2731 3848 rationem

1646 3865 1909 3915 orationis
1946 3855 2358 3916 άνακολούθου
2395 3866 2733 3917 constituen-

1645 3933 1749 3984 dae
1783 3934 1906 3983 iniit
1941 3934 2209 3985 Matthiae
2246 3936 2301 3984 in
2339 3940 2455 3986 not.
2494 3935 2564 3986 ad
2599 3934 2654 3986 h.
2689 3935 2729 3986 l.

1643 4003 1743 4052 Cui
1780 4002 2121 4065 Herodotus,
2168 4020 2291 4054 cum
2339 4004 2519 4055 dicere
2563 4004 2731 4055 vellet

1642 4062 1762 4121 ἐπεὶ
1813 4059 1895 4120 ὧν
1933 4065 2068 4130 τοὺς
2121 4071 2352 4137 νεηνίας
2388 4066 2729 4138 ἀποπεμπο-

1639 4134 1848 4204 μένους
1869 4169 1941 4178 -
1964 4127 2028 4190 εὖ
2065 4131 2477 4259 ἐξηρτυμένους
2514 4139 2727 4205 ἰέναι,

1639 4204 1786 4258 ἰέναι
1823 4206 2019 4273 πρῶτα
2053 4225 2094 4274 μ
2125 4225 2159 4259 ν
2191 4226 2243 4261 τι.
2281 4226 2329 4260 τ.
2357 4210 2429 4274 λ.,
2464 4212 2614 4276 priua
2649 4206 2725 4260 ίέ·

1612 4293 1734 4327 ·ναι
1772 4279 2021 4330 omisieee
2066 4279 2309 4341 videtur,
2358 4286 2420 4330 nt
2464 4280 2727 4345 apodoeia

1638 4346 1774 4398 haec
1809 4347 1908 4398 sit:
1948 4341 2095 4397 ἰέναι
2129 4346 2327 4412 πρῶτα
2359 4345 2481 4413 μέν.
