3109 5092
386 1338 467 1399 35

475 344 598 404 500

1343 332 1884 396 HERODOTI

471 504 550 603 ἧς
588 519 746 606 ῥέει.
831 513 985 599 περὶ
1029 510 1106 580 δὲ
1152 514 1276 579 τοῦ
1315 508 1644 599 ῥεύματος
1684 503 1930 589 αὐτοῦ,
1988 498 2083 574 ἐπ’
2129 499 2294 572 ὅσον
2332 498 2754 591 μακρότατον

474 624 868 710 ἱστορεῦντα
919 606 1006 703 ἦν
1048 615 1422 697 ἐξικέσθαι,
1472 621 1751 701 εἴρηται.
1834 612 2093 678 ἐκδιδοῖ
2148 606 2223 676 δὲ
2266 607 2333 685 ἐς
2377 615 2749 693 Αἴγυπτον.

473 720 514 812 ἡ
542 721 620 792 δὲ
648 731 992 808 Αἴγυπτος
1028 723 1146 806 τῆς
1181 714 1448 807 ὀρεινῆς
1472 719 1783 801 Κιλικίης
1822 709 2108 801 μάλιστα
2148 737 2232 798 κη
2271 706 2467 797 ἀντίη
2494 710 2747 777 κέεται·

477 829 804 895 ἐνθεῦτεν
857 822 931 891 δὲ
991 824 1057 900 ἐς
1105 817 1433 906 Σινώπην
1487 815 1614 906 τὴν
1666 819 1741 884 ἐν
1782 820 1876 908 τῷ
1917 810 2220 907 Εὐξείνω
2277 811 2499 904 πόντῳ
2553 814 2753 881 πέντε

478 926 785 1035 ἡμερέων
828 931 1014 995 ἰθεῖα
1054 919 1209 1003 ὁδὸς
1252 919 1518 1012 εὐζώνῳ
1573 917 1807 1008 ἀνδρί·

1880 913 1920 1006 ἡ
1967 916 2041 985 δὲ
2070 915 2355 1003 Σινώπη
2396 920 2490 1008 τῷ
2512 910 2753 1004 Ἴστρω

477 1025 815 1101 ἐκδιδόντι
846 1031 912 1107 ἐς
937 1025 1293 1096 θαλασσαν
1330 1020 1566 1093 ἀντίον
1594 1025 1835 1092 κέεται.
1891 1016 2069 1089 οὕτω
2108 1017 2228 1089 τὸν
2256 985 2513 1088 Νεῖλόν
2540 1019 2754 1086 δοκέω

481 1131 595 1202 δια
623 1131 836 1221 πάσης
861 1135 981 1218 τῆς
1008 1127 1266 1216 Λιβύης
1296 1124 1627 1209 διεξιόντα
1654 1127 2044 1208 ἐξισοῦσθαι
2071 1129 2164 1217 τῷ
2189 1120 2448 1216 Ἴστρω.
2496 1126 2756 1189 Νείλου

479 1239 606 1326 μέν
642 1264 776 1304 νυν
823 1235 973 1322 πέρι
1015 1236 1306 1300 τοσαῦτα
1353 1227 1674 1318 εἰρήσθω.

675 1336 987 1426 Ἔρχομαι
1042 1333 1117 1402 δὲ
1171 1334 1324 1422 περὶ
1372 1330 1726 1418 Αἰγύπτου
1778 1329 2141 1418 μηκυνέων
2189 1324 2310 1396 τὸν
2360 1325 2594 1413 λόγον,
2655 1350 2756 1391 οτι

484 1449 759 1510 πλεῖστα
800 1435 1163 1524 θωυμάσια
1212 1441 1346 1523 ἔχει
1399 1429 1441 1522 ἢ
1483 1431 1653 1522 αλλη
1698 1438 1876 1502 πᾶσα
1922 1429 2139 1520 χώρη,
2190 1432 2302 1501 καὶ
2346 1435 2509 1517 ἔργα
2555 1425 2757 1513 λόγου

814 1618 947 1668 Cn.
980 1617 1230 1668 XXXIV.

550 1712 643 1772 ἐπ’
688 1710 830 1771 ὅσον
878 1711 1235 1785 μακρότατον
1281 1749 1350 1758 -
1389 1708 1571 1779 ἐξικέ-

485 1789 648 1857 σθαι]
689 1791 887 1842 Confer
922 1804 1086 1855 supra
1121 1790 1196 1853 11,
1232 1788 1300 1839 29
1334 1789 1457 1839 init.

553 1868 589 1942 ἡ
627 1874 690 1926 δὲ
727 1875 1010 1942 Αἴγυπτος
1042 1906 1114 1917 —
1144 1867 1314 1940 ἀντίη
1361 1865 1569 1939 κέεται]

484 1947 814 1997 Maritimam
841 1946 1080 2012 Aegypti
1118 1961 1268 1996 oram
1291 1960 1402 1996 non
1422 1960 1572 2009 pror-

485 2031 577 2065 sus
612 2016 836 2067 Ciliciae
873 2015 1198 2079 respondere
1219 2052 1233 2077 ,
1272 2030 1394 2064 cnm
1427 2028 1574 2063 nunc

485 2084 699 2150 quidem
748 2085 885 2135 setis
930 2089 1171 2146 constet,
1227 2085 1285 2132 in
1329 2083 1573 2133 Herodo-

485 2159 618 2215 tum,
655 2153 748 2217 qui
771 2154 1014 2218 graviter
1045 2153 1209 2202 fuerit
1233 2152 1440 2215 lapsus,
1477 2152 1574 2200 mi-

483 2223 629 2272 nime
674 2221 1020 2283 invehamur,
1075 2220 1173 2271 sed
1223 2221 1436 2270 veniam
1493 2219 1575 2268 illi

485 2290 701 2352 demus,
748 2293 840 2355 qui
874 2291 931 2340 in
967 2289 1274 2340 huiusmodi
1311 2290 1471 2339 rebus
1507 2303 1574 2338 ea

485 2375 595 2411 non
629 2359 855 2423 viderit,
895 2374 1036 2424 quae
1059 2363 1170 2408 tam
1195 2360 1416 2408 remotis
1442 2362 1577 2408 tem·

485 2430 710 2495 poribus
745 2429 837 2478 vix
871 2427 1065 2478 melius
1093 2428 1350 2493 cognosci
1385 2432 1574 2492 potue-

485 2500 615 2549 rint.
699 2497 857 2548 Conf.
895 2497 1119 2549 Rennel.
1170 2496 1208 2546 l.
1258 2496 1294 2548 l.
1341 2512 1396 2561 p.
1443 2497 1569 2546 455.

486 2569 601 2619 Neo
630 2566 790 2618 aliter
827 2567 1173 2618 iudicandum
1202 2566 1269 2616 de
1295 2580 1575 2631 compara-

487 2638 663 2699 tione,
704 2652 866 2702 quam
909 2637 1053 2687 inter
1087 2634 1202 2686 Nili
1244 2639 1409 2701 atque
1442 2635 1573 2685 Istri

486 2722 704 2758 cursum
750 2706 1063 2757 Herodotus
1115 2706 1357 2756 instituit
1407 2710 1575 2770 atque

486 2775 555 2826 de
586 2776 683 2838 iis,
726 2791 866 2840 quae
900 2775 968 2824 de
995 2775 1198 2840 Sinope
1231 2774 1470 2836 addidit,
1507 2789 1573 2823 ex

487 2843 718 2895 adverso
738 2845 868 2894 Istri
892 2845 1050 2894 ostiis
1076 2844 1203 2905 sita,
1229 2859 1369 2910 quae
1393 2843 1577 2893 omnia

486 2919 748 2978 quantum
783 2928 817 2963 ι
853 2928 984 2963 vero
1023 2912 1376 2975 abhorreant,
1430 2928 1576 2962 nunc

486 2996 643 3032 nemo
678 2982 792 3031 fere
825 2982 1020 3033 nescit.
1058 2980 1216 3031 Conf.
1245 2980 1576 3032 Dahlmann.

488 3049 523 3100 l.
561 3050 600 3100 l.
635 3064 761 3115 pag.
795 3050 882 3100 87.
937 3050 1116 3100 Kruse
1151 3049 1219 3099 de
1248 3049 1381 3099 Istri
1416 3050 1574 3099 ostiis

486 3134 543 3183 p.
570 3118 638 3170 32
661 3134 812 3185 seqq.
887 3119 1008 3180 Quo
1047 3119 1271 3183 gravius
1307 3118 1441 3169 illud
1472 3123 1574 3181 est,

488 3188 634 3252 quod
694 3187 831 3237 haec
897 3187 1020 3252 ipsa.
1078 3186 1348 3238 Herodoti
1407 3188 1576 3238 verba

487 3256 668 3308 alieno
714 3255 972 3308 hocloco
1021 3254 1161 3321 legi,
1220 3257 1277 3306 in
1324 3262 1579 3322 quartum

488 3325 700 3377 scilicet
722 3325 920 3375 librum
949 3324 1263 3388 reiiciende,
1301 3326 1428 3376 olim
1456 3326 1577 3391 quis

488 3396 800 3461 suspicatus
834 3399 972 3445 erat.
1045 3394 1153 3446 Sed
1190 3396 1392 3460 optime
1437 3411 1579 3446 com-

488 3466 818 3516 monstravit
827 3464 1113 3525 Valcken„
1126 3463 1261 3515 haec
1275 3464 1444 3515 verbe
1459 3480 1580 3529 per-

489 3549 651 3598 quem
675 3535 987 3586 necessaris
1012 3532 1103 3584 hic
1124 3548 1265 3585 esse.
1331 3536 1577 3599 Namque

489 3602 805 3654 Herodotus
841 3607 1077 3653 tractum
1113 3618 1438 3668 cursumque
1465 3603 1577 3653 Nili

491 3676 656 3737 etque
695 3672 826 3723 Istri
860 3677 1141 3738 comperet
1187 3671 1256 3722 ab
1294 3672 1578 3723 occidente

489 3754 680 3792 versus
721 3743 980 3792 orientem
1019 3742 1321 3792 fluentium.
1384 3743 1578 3804 Quem-

489 3809 777 3860 admodum
811 3809 904 3861 ille
929 3811 1161 3874 Libyam
1200 3809 1434 3860 mediam
1472 3810 1580 3859 dis-

490 3884 669 3941 secat,
709 3879 789 3928 ita
819 3878 974 3929 hicce
1002 3880 1301 3944 Europam3
1339 3878 1432 3929 ille
1456 3879 1580 3928 fluit

488 3945 559 3994 ab
596 3946 867 3997 occidenti
901 3947 1138 4012 Libyae,
1192 3948 1281 3998 hic
1330 3948 1399 3998 ab
1438 3948 1579 3998 occi-

491 4012 642 4063 denti
659 4015 913 4080 Europae
935 4021 1120 4078 perte3
1158 4015 1250 4066 ille
1271 4018 1577 4082 Aegyptum

488 4083 629 4146 petit
675 4082 836 4148 inque
886 4097 1034 4134 mere
1084 4101 1144 4136 se
1186 4085 1436 4150 effundit,
1488 4086 1579 4136 hic

489 4152 546 4199 in
590 4152 826 4201 Pontum
862 4152 1133 4203 Euxinum
1175 4155 1369 4206 effluit.
1446 4155 1579 4205 T-er

489 4219 666 4270 minus
720 4218 1034 4282 orientalis,
1082 4222 1153 4273 sd
1197 4239 1357 4288 quem
1404 4238 1579 4288 nsque

487 4287 643 4340 Nilus
685 4303 750 4339 ex
787 4289 1059 4340 occidenti
1100 4292 1269 4342 fluens
1305 4294 1574 4357 pervenit,

488 4358 772 4424 Aegyptus
796 4364 904 4420 est3
931 4359 1018 4409 cui
1040 4361 1290 4426 opposita
1316 4368 1400 4412 eet
1423 4361 1573 4424 (nem

1674 1595 2084 1647 monstrandum
2121 1599 2267 1657 eret,
2313 1595 2565 1661 Aegypto
2614 1592 2761 1642 obie-

1673 1672 1822 1716 ctum
1855 1665 2182 1730 respondere
2215 1631 2422 1726 l6cum,
2471 1679 2577 1729 quo
2615 1662 2761 1712 Ister

1672 1736 1731 1786 in
1755 1751 1902 1786 mare
1927 1734 2065 1796 exit)
2085 1735 2282 1785 Cilicia
2300 1740 2579 1796 montena,
2614 1730 2760 1782 unde

1673 1811 1826 1856 recte
1859 1805 1953 1854 via
1985 1804 2260 1870 pergendo
2296 1804 2534 1870 quinque
2565 1770 2760 1852 ’diebus

1673 1874 1947 1940 perveniri
1992 1878 2174 1938 potest
2211 1874 2449 1939 Sinopen
2499 1872 2570 1923 ed
2619 1873 2762 1921 Pon-

1673 1949 1786 1995 tum
1834 1945 1999 1994 sitam
2049 1949 2104 1993 et
2142 1943 2481 1994 obiacentem
2518 1943 2663 1992 Istro
2704 1939 2761 1988 in

1675 2014 1816 2065 idem
1852 2028 2000 2063 mere
2046 2028 2106 2064 se
2145 2013 2480 2064 exoneranti.
2564 2013 2609 2062 E
2645 2009 2761 2074 qui·

1674 2085 1777 2133 bus
1825 2083 2072 2132 omnibus
2117 2082 2259 2133 hanc
2300 2083 2500 2132 Noster
2544 2079 2763 2131 conclu-

1676 2152 1758 2201 dit
1815 2167 2106 2202 summam:
2168 2150 2352 2202 Nilum
2413 2150 2531 2216 (per
2588 2155 2763 2200 totam

1678 2221 1946 2282 Africam,
1982 2225 2043 2271 ut
2079 2221 2222 2271 Ister
2254 2237 2352 2285 per
2386 2225 2561 2270 totam
2592 2221 2765 2269 Euro·

1679 2290 1823 2355 pam)
1868 2291 2125 2339 fluentem
2176 2291 2320 2340 Istro
2373 2288 2604 2340 similem
2641 2301 2762 2338 esse

1677 2360 1921 2424 beneque
1959 2373 2082 2408 cum
2129 2373 2193 2408 eo
2237 2359 2543 2425 comparari
2577 2372 2760 2423 posse.

1676 2428 1811 2478 Cum
1859 2427 2000 2477 enim
2046 2432 2335 2493 utrumque
2384 2428 2606 2479 fluvium
2642 2426 2763 2491 pari

1676 2496 1974 2547 meridiano
2002 2511 2046 2546 e.
2066 2497 2187 2560 peri
2210 2496 2567 2574 longitudinis
2589 2495 2762 2562 gradu

1678 2559 1762 2630 (ἐκ
1797 2563 1912 2615 τῶν
1946 2555 2138 2614 αὐτῶν
2176 2557 2397 2630 μέτρων
2431 2556 2762 2630 ὁρμᾶται-

1677 2650 1799 2700 οιρ.
1838 2634 1923 2697 33,
1962 2634 2057 2684 ubi
2090 2635 2202 2685 vid.
2244 2635 2410 2699 nott.)
2447 2636 2594 2696 oriri,
2631 2635 2764 2685 alte-

1675 2719 1794 2754 rum
1838 2704 1893 2754 in
1925 2706 2174 2769 Europe,
2219 2703 2451 2755 alterum
2492 2706 2551 2755 in
2584 2705 2765 2769 Libye

1678 2789 1843 2838 supra
1902 2773 2156 2837 dixisset,
2230 2789 2567 2840 consequens
2637 2774 2764 2823 inde

1678 2848 1824 2906 erat,
1879 2843 2165 2908 utriusque
2206 2844 2373 2894 etism
2404 2858 2621 2895 cursum
2658 2843 2763 2893 sibi

1678 2927 1862 2978 parem
1898 2911 2175 2963 declarare
2200 2905 2604 2979 (ἐξισοῦσθαι),
2641 2926 2761 2963 cum

1677 2990 1907 3047 uterque
1970 2982 2166 3032 fluvius
2234 2983 2355 3048 pari
2422 2981 2764 3046 longitudine

1641 3051 1940 3103 >orientem
1991 3066 2181 3101 versus
2245 3051 2549 3103 delabatur.
2636 3050 2761 3101 vid.

1676 3121 1898 3172 Kolster
1946 3121 1983 3171 l.
2027 3135 2225 3202 supra
2240 3121 2278 3172 1.
2330 3148 2400 3157 —
2466 3120 2551 3170 Ad
2597 3120 2767 3171 verba

1678 3205 1830 3255 seqq.
1856 3180 2023 3239 πέντε
2052 3180 2401 3254 ἡμερέων-
2421 3181 2643 3257 ευζοόνφ
2664 3180 2764 3237 ἆν-

1681 3256 1781 3340 δρὶ
1812 3259 1958 3310 conf.
1995 3259 2042 3318 1,
2072 3260 2141 3310 72
2174 3259 2309 3325 ibiq.
2344 3265 2486 3310 nott.

1747 3319 1950 3377 ἀντίον
1983 3294 2190 3393 κέεται]
2249 3330 2328 3379 De
2363 3329 2549 3379 dativo
2587 3333 2643 3378 et
2676 3343 2766 3393 ge-

1680 3398 1882 3460 nitivo,
1925 3398 2019 3463 qui
2051 3398 2282 3449 voculae
2308 3388 2508 3447 ἀντίον
2532 3397 2768 3448 adstrui·

1681 3470 1794 3530 tur,
1834 3467 2044 3517 monuit
2071 3467 2426 3532 wesseling„
2467 3481 2626 3532 quem
2650 3466 2766 3517 vid.

1679 3537 1766 3587 Tu
1787 3537 1933 3587 conf.
1950 3535 2227 3588 Kuehner.
2245 3537 2340 3589 Gr.
2356 3537 2450 3588 Gr.
2465 3539 2516 3600 §-
2534 3538 2654 3600 522,
2673 3535 2764 3586 dd.

1940 3643 2161 3707 'em
2196 3656 2417 3707 XXXV.

1742 3730 2018 3806 Ἔρχομαι
2042 3735 2192 3791 δὲ-
2208 3729 2514 3820 μηκυνέων
2544 3732 2647 3791 τὸν
2678 3732 2768 3790 λό-

1680 3808 1803 3875 γον]
1825 3809 1909 3859 Ad
1933 3812 2278 3876 perticipium
2297 3802 2600 3876 μηκυνέων
2623 3809 2769 3862 conf.

1682 3882 1822 3929 nott.
1866 3879 1937 3928 ed
1971 3880 2147 3941 1,194
2184 3885 2239 3931 et
2274 3879 2767 3932 add.v210k0n⁸r.

1683 3948 1752 3998 ad
1794 3917 2042 4013 Euripitl.
2099 3948 2390 4002 Phoenise.
2441 3949 2770 4002 713.1082.

1682 4018 1869 4081 Ipsam
1889 4016 2221 4068 locutionem
2250 4031 2529 4083 μηκυνειν
2550 4012 2654 4068 τὸν
2680 4011 2772 4067 λό-

1681 4100 1787 4149 γον
1821 4087 2077 4153 (pluribus
2110 4102 2158 4137 s.
2190 4090 2452 4150 prolixius
2489 4087 2769 4150 disserere)

1681 4153 1962 4208 illustrant
1999 4171 2093 4220 ea,
2138 4171 2280 4221 qnae
2316 4156 2539 4223 collegit
2573 4157 2774 4208 Schne-

1680 4225 1778 4275 fer.
1828 4224 1899 4275 ad
1950 4194 2228 4278 Lem⁷bert.
2278 4227 2410 4278 Bos.
2468 4226 2538 4277 de
2593 4225 2769 4291 ellips.

1676 4308 1808 4374 pag.
1844 4295 1967 4346 255.

1767 4377 1855 4412 οτι
1891 4363 2124 4413 πλεῖστα
2156 4355 2465 4428 θωυμάσια
2499 4358 2613 4428 ἔχει
2646 4351 2686 4427 ἢ
2718 4376 2771 4412 κ.
