3109 5092
433 333 555 397 358

1303 330 1835 395 HERODOTI

432 506 683 600 ριβόλῳ
727 501 995 600 μεγάλῳ
1031 531 1105 574 τε
1154 505 1268 573 καὶ
1313 508 1602 598 ἰσχυρῷ,
1644 506 1722 573 ἐν
1761 503 1840 572 δὲ
1877 507 1971 597 τῷ
2022 504 2224 597 ἑτέρῳ
2265 500 2432 583 Διὸς
2474 501 2704 592 Βήλου

432 708 593 760 dotus
630 705 698 757 de
730 721 838 758 uno
883 710 1100 757 tantum
1145 704 1393 756 aedificio
1431 721 1516 757 re-

430 779 521 845 gio
560 777 706 827 vasti
744 782 799 826 et
834 775 1005 825 validi
1034 776 1293 826 circuitus
1329 775 1516 840 loqua-

430 853 546 909 tur,
586 845 735 896 illam
770 861 901 896 vero
938 846 1441 909 interpretationem
1470 845 1519 894 si

431 916 695 982 sequaris,
733 915 862 964 bina
886 914 1150 979 distingui
1176 915 1428 976 debeant,
1463 919 1518 964 et

430 987 607 1052 ipsum
641 984 1056 1046 munimentum,
1097 988 1151 1033 et
1184 984 1337 1050 regia
1371 983 1517 1046 aula,

430 1061 721 1120 utrumque
764 1054 821 1103 in
861 1068 972 1103 una
1025 1054 1323 1118 eademqne
1367 1054 1519 1103 urbis

430 1126 652 1191 regione
700 1128 1053 1174 exstructum.
1098 1153 1170 1163 --
1224 1122 1406 1173 Verba
1460 1113 1521 1171 ἐν

431 1192 580 1261 μέσῳ
614 1193 683 1244 de
705 1196 892 1242 centro
915 1192 1300 1248 mathematico
1325 1208 1369 1242 s.
1396 1208 1521 1257 geo·

433 1262 677 1325 metrice,
716 1262 861 1327 quod
899 1262 1105 1324 dicunt,
1142 1261 1375 1327 intelligi
1411 1277 1520 1311 non

431 1346 593 1399 posse
650 1335 834 1381 monet
878 1330 1105 1381 Fresnel
1161 1331 1199 1381 l.
1247 1331 1285 1380 l.
1336 1331 1415 1381 ΙΙ.
1464 1347 1518 1395 p.

433 1403 500 1453 25
537 1415 652 1465 seq.
703 1404 758 1449 et
800 1416 854 1464 p.
897 1400 966 1450 49
1003 1415 1146 1465 seq.,
1196 1399 1319 1450 coll.
1364 1399 1521 1452 Rich.

431 1486 487 1536 p.
520 1470 641 1530 1453
680 1469 879 1520 etenim
910 1470 966 1518 in
1002 1469 1253 1520 orientali
1278 1469 1523 1534 Euphra·

432 1540 503 1590 tis
540 1540 661 1604 ripa
706 1553 846 1604 quae
890 1539 1048 1589 hodie
1095 1544 1387 1603 supersunt
1433 1554 1519 1588 rn-

434 1609 592 1671 dera,
629 1607 699 1657 ad
735 1608 941 1672 regiam
971 1623 1150 1658 arcem
1183 1624 1228 1659 s.
1254 1607 1517 1674 palatium

431 1677 778 1744 pertinentia,
818 1677 873 1728 id
902 1680 1077 1742 ipsum
1104 1678 1160 1727 in
1182 1678 1363 1728 media
1386 1678 1519 1727 urbe

433 1746 685 1798 orientali
709 1751 1043 1797 exstructum
1066 1747 1213 1798 haud
1238 1747 1408 1798 fnisse
1428 1746 1520 1797 do·

434 1820 583 1878 cent;
623 1831 791 1881 quare
821 1806 880 1864 ἐν
908 1813 1056 1884 μέσῳ
1085 1817 1155 1867 ad
1178 1817 1411 1868 mediam
1446 1817 1517 1866 ri-

430 1901 535 1952 pae
573 1885 878 1948 orientalis,
925 1901 1087 1951 quam
1122 1887 1251 1936 urbs
1289 1901 1519 1951 occupa-

431 1955 560 2018 bat,
608 1960 818 2020 partem
854 1960 1101 2020 spectare
1137 1955 1279 2005 idem
1314 1956 1399 2005 vir
1428 1954 1521 2005 do-

434 2030 555 2074 ctus
580 2028 794 2084 censet3
824 2024 890 2073 de
912 2025 1030 2075 Beli
1055 2024 1256 2090 templo
1281 2025 1330 2074 si
1360 2040 1522 2089 quae-

432 2108 522 2142 ras
542 2130 556 2155 ,
593 2091 698 2142 hoc
739 2107 870 2143 sane
903 2094 961 2143 in
989 2093 1167 2142 media
1195 2093 1345 2143 urbis
1379 2094 1521 2143 occi-

436 2160 671 2212 dentalis
709 2166 867 2225 parte
905 2163 1067 2212 situm
1106 2163 1337 2227 cogitari
1372 2167 1522 2227 pote-

432 2231 532 2293 rit,
580 2230 725 2294 quod
767 2230 944 2294 ipsum
992 2246 1204 2296 quoque
1241 2231 1521 2282 declarant

433 2299 622 2349 ruinae
669 2299 962 2363 quaedam,
1011 2299 1099 2350 vel
1145 2301 1306 2350 unius
1353 2301 1521 2352 horae

437 2367 701 2417 distantia
754 2368 1029 2419 meridiem
1079 2373 1133 2418 et
1183 2370 1518 2421 occidentem

433 2450 623 2487 versus
665 2436 733 2485 ab
776 2437 879 2488 hoc
918 2438 1118 2502 templo
1157 2453 1236 2501 s.,
1283 2445 1345 2490 ut
1373 2456 1518 2491 nunc

434 2509 683 2564 vocatur,
709 2506 833 2555 Birs
854 2506 1066 2557 Nimrud
1090 2508 1356 2573 detectae,
1379 2525 1519 2575 quae

435 2574 506 2626 ad
543 2578 782 2624 veterem
808 2575 1165 2639 Babyloniam
1196 2594 1368 2643 aeque
1400 2594 1519 2645 per·

433 2645 742 2705 tinuerunt,
791 2650 854 2694 ut
898 2645 1152 2697 observat
1185 2648 1327 2698 idem
1360 2649 1519 2698 Fres-

376 2713 383 2720 ’
434 2713 542 2764 nel.
614 2712 794 2778 Atque
829 2713 920 2762 hic
970 2716 1186 2766 omnino
1222 2718 1517 2782 respicien-

436 2782 562 2833 dum
609 2781 849 2843 videtur,
906 2797 938 2831 a
977 2782 1049 2832 ud
1087 2783 1323 2836 Graecos
1373 2787 1518 2837 haud

436 2867 559 2901 raro
585 2849 889 2900 locutiones
953 2865 987 2898 ν
1017 2847 1191 2917 μέσῳ,
1231 2850 1311 2911 εἰς
1344 2853 1518 2918 μέσον

436 2920 622 2970 latiori
660 2934 823 2968 sensu
860 2919 1099 2967 exhiberi
1143 2919 1316 2981 (conf.
1356 2924 1516 2975 modo

435 2986 639 3038 Herod.
690 2987 795 3049 IV,
837 2987 926 3038 97.
972 2988 1086 3036 161.
1138 2989 1246 3048 VI,
1286 2989 1386 3039 129
1422 2993 1520 3040 ibi-

438 3073 543 3122 que
580 3052 851 3119 adnott.),
900 3057 1037 3106 adeo
1074 3060 1135 3104 ut
1169 3056 1273 3106 hoc
1308 3074 1413 3123 quo
1456 3075 1520 3110 ue

437 3127 558 3176 loco
592 3125 853 3175 historiae
875 3130 1032 3190 pater
1060 3125 1241 3174 verbis
1276 3118 1335 3174 ἐν
1371 3141 1409 3190 μ
1442 3141 1519 3195 σῳ

436 3195 683 3245 indicare
716 3193 956 3245 voluisse
988 3192 1268 3256 videatur,
1320 3199 1523 3246 utrum-

438 3280 541 3331 que
585 3268 990 3314 monumentum
1036 3261 1113 3327 (et
1154 3263 1416 3329 palatium
1468 3272 1522 3316 et

437 3332 718 3398 templum)
768 3349 877 3383 non
920 3334 978 3383 in
1025 3334 1278 3383 extremis
1324 3336 1525 3385 utrius·

437 3419 543 3470 que
577 3403 728 3454 urbis
766 3401 844 3467 (et
879 3402 1161 3453 orientalis
1192 3409 1246 3453 et
1274 3404 1524 3455 occiden-

436 3471 594 3536 talis)
639 3473 917 3538 partibus,
967 3487 1106 3536 quae
1139 3474 1288 3538 ipsos
1341 3490 1521 3524 muros

435 3544 623 3594 urbem
670 3544 947 3608 cingentes
993 3543 1300 3608 attingant,
1359 3546 1521 3594 situm

436 3614 633 3674 fuisse,
674 3613 769 3661 sed
793 3613 849 3662 in
873 3614 994 3678 ipsa
1026 3612 1178 3674 urbe,
1212 3613 1355 3663 inter
1385 3614 1520 3663 alias

435 3681 734 3733 incolarum
761 3682 913 3732 urbis
936 3681 1303 3733 habitationes
1328 3683 1521 3748 hisque

435 3752 569 3817 ipsis
610 3751 999 3801 circumdatum
1036 3757 1091 3801 et
1127 3751 1412 3801 inclusum.

506 3811 568 3868 ἐν
604 3817 685 3882 τῷ
719 3815 823 3882 μὲν
858 3812 926 3868 τὰ
951 3813 1238 3887 βασιλήϊα]
1276 3822 1521 3872 Fuerunt

436 3889 528 3954 qni
562 3887 803 3938 Diodoro
827 3893 1051 3938 auctore
1085 3890 1122 3941 l.
1155 3889 1191 3941 l.
1220 3890 1319 3939 has
1355 3892 1519 3942 aedes

435 3958 616 4022 regias
674 3957 731 4006 in
782 3958 1109 4008 occidentali
1162 3960 1311 4010 urbis
1367 3966 1520 4026 parte

436 4026 610 4076 fuisse
664 4029 969 4076 statuerent
1018 4028 1249 4093 indeque
1301 4030 1519 4096 collige-

434 4099 557 4145 rent
572 4133 586 4158 ,
624 4094 743 4144 Beli
776 4095 1034 4160 templum
1056 4098 1113 4146 in
1139 4097 1313 4148 altera
1341 4107 1514 4165 parte,

432 4180 574 4230 quae
622 4163 903 4214 orientalis
952 4171 1064 4227 est,
1113 4168 1349 4230 positum
1387 4170 1516 4220 olim

432 4233 619 4285 fnisse.
687 4235 860 4297 Quam
897 4235 1222 4284 sententiam
1258 4239 1343 4287 vel
1381 4240 1516 4290 Ren-

429 4303 604 4354 nelius
640 4309 841 4365 tuetur,
877 4319 1002 4370 pag.
1031 4306 1132 4356 542
1157 4321 1309 4372 seqq.
1348 4306 1515 4374 (apud

427 4373 585 4427 Rich.
639 4390 694 4440 p.
736 4373 836 4428 110
870 4373 1084 4443 seqq.),
1142 4377 1516 4447 impugnatam

1616 703 1848 770 posthac
1880 721 1915 756 a
1951 705 2210 767 Portero,
2260 721 2420 770 quem
2463 706 2709 772 sequitur

1618 775 1883 838 Heeren.,
1920 773 2033 824 alia
2068 788 2281 840 quoque
2316 775 2523 825 addens
2548 791 2708 840 argu-

1620 848 1804 893 menta
1851 843 2040 906 (Ideen
2079 844 2135 907 1,
2173 845 2225 892 2.
2283 860 2339 908 p.
2389 845 2490 894 177
2525 843 2710 910 seqq.)

1622 919 1785 978 atque
1821 915 2122 964 Muenter.=
2157 913 2264 963 Die
2299 913 2476 978 Relig.
2516 914 2568 965 d.
2607 915 2712 964 Ba·

1621 981 1806 1046 bylon.
1845 997 1972 1048 pag.
2011 983 2081 1033 48
2116 996 2297 1048 seqq.,
2346 983 2439 1032 ubi
2476 982 2544 1033 de
2579 987 2714 1034 tem-

1621 1052 1697 1117 pli
1751 1052 1956 1115 forma,
2025 1056 2220 1101 ornatu
2272 1067 2339 1101 ac
2395 1053 2524 1101 fatis
2574 1052 2710 1117 ipsis

1623 1121 1780 1186 plura
1819 1125 2127 1171 narrantur.
2206 1120 2364 1182 Quod
2400 1123 2542 1171 enim
2578 1122 2711 1172 Dio-

1624 1192 1788 1242 dorus
1833 1191 2050 1254 scribit,
2098 1190 2154 1239 id
2198 1191 2280 1239 ita
2332 1191 2710 1255 explicandum

1623 1260 1743 1311 vult
1773 1261 2034 1322 Heeren.,
2074 1260 2246 1311 fuisse
2278 1260 2494 1324 quidem
2529 1261 2586 1310 in
2625 1277 2712 1312 oc-

1624 1330 1884 1380 cidentali
1920 1330 2070 1380 urbis
2097 1335 2255 1395 parte
2280 1329 2460 1380 aulam
2483 1331 2710 1396 regiam,

1625 1415 1852 1464 eamque
1894 1404 2133 1449 veterem
2178 1398 2351 1448 videri
2400 1415 2434 1449 a
2481 1399 2712 1451 Semira—

1625 1470 1770 1520 mide
1794 1474 2128 1519 exstructam
2165 1472 2293 1517 ante
2315 1467 2714 1521 Chaldaeorum

1624 1543 1886 1602 aetatem,
1926 1539 2018 1603 qui
2044 1538 2271 1589 alteram
2296 1553 2475 1589 arcem
2503 1540 2710 1604 regiam

1622 1624 1746 1659 mox
1773 1609 1827 1657 in
1851 1608 2044 1670 altera,
2084 1609 2121 1658 i.
2154 1624 2200 1657 e.
2242 1607 2522 1671 orientali,
2559 1609 2711 1659 urbis

1622 1683 1778 1742 parte
1802 1678 2195 1740 exstruxerint,
2237 1677 2392 1726 cuius
2427 1679 2594 1728 etiam
2620 1678 2714 1729 ho·

1621 1748 1816 1813 dieque
1868 1747 2077 1796 maiora
2126 1751 2181 1798 et
2217 1746 2481 1811 ampliora
2529 1763 2713 1813 super-

1622 1818 1731 1866 sint
1767 1816 1965 1866 rudera
1998 1831 2158 1881 quam
2197 1814 2592 1867 alterius‘arcis
2616 1833 2713 1868 an-

1622 1886 1872 1952 tiquioris
1924 1887 1982 1935 in
2037 1885 2362 1937 occidentali
2415 1891 2572 1952 parte
2624 1902 2712 1937 ex-

1623 1959 1885 2007 structae.
1944 1955 2086 2005 Utut
2117 1956 2315 2006 statuis
2354 1956 2422 2006 de
2450 1956 2709 2017 Diodoro,

1625 2024 1696 2075 ad
1729 2024 2068 2075 Herodotum
2106 2024 2251 2090 qnod
2296 2026 2525 2088 attinet,
2575 2025 2711 2075 nihil

1622 2094 1777 2145 dubii
1811 2093 2059 2144 relictum
2095 2110 2239 2144 nunc
2277 2098 2388 2158 est,
2437 2096 2568 2162 quin
2591 2096 2710 2146 Beli

1624 2162 1883 2228 templum
1907 2163 2127 2213 minime
2152 2164 2520 2229 quaerendum
2557 2165 2630 2215 sit
2653 2165 2710 2214 in

1624 2232 1877 2283 orientali
1923 2232 2220 2298 Euphratis
2275 2233 2425 2298 ripa,
2488 2235 2546 2283 in
2602 2249 2712 2299 qua

1624 2303 1716 2367 qui
1777 2303 2200 2366 septentrionem
2257 2319 2447 2353 versus
2503 2319 2538 2352 a
2587 2302 2709 2354 loco

1622 2371 1774 2422 Hilla
1796 2388 1904 2422 non
1929 2372 2087 2437 longe
2114 2372 2184 2423 ab
2208 2372 2329 2437 ipso
2367 2372 2534 2423 fluvio
2563 2389 2710 2423 nunc

1624 2442 2031 2505 conspiciuntur
2065 2440 2229 2492 colles
2269 2457 2300 2491 e
2329 2442 2558 2507 planitie
2582 2443 2710 2493 emi-

1621 2516 1812 2561 nentes
1852 2526 1896 2560 s.
1934 2510 2157 2573 tumuli,
2207 2526 2317 2561 non
2352 2516 2466 2561 tam
2507 2517 2708 2563 natura

1622 2595 1782 2645 quam
1829 2580 2078 2630 ruderum
2114 2580 2254 2630 varii
2299 2583 2515 2645 generis
2566 2582 2707 2632 mole

1623 2651 1754 2711 orti,
1791 2649 1967 2700 locum
2006 2649 2284 2699 declarant
2319 2652 2521 2701 veteris
2557 2650 2703 2700 illius

1620 2718 1839 2783 palatii:
1880 2726 2044 2785 atque
2077 2720 2368 2784 praecipue
2405 2720 2497 2771 ille
2532 2724 2706 2771 tumu-

1619 2786 1732 2848 lus,
1771 2789 1859 2837 cui
1894 2804 2039 2839 nunc
2068 2803 2262 2839 nomen
2289 2788 2462 2852 Κίων,
2499 2791 2706 2855 regiam

1619 2857 1809 2907 aedem
1869 2858 2165 2923 hortosque
2230 2857 2351 2908 illos
2406 2860 2705 2923 pendentes

1621 2928 1955 2978 continuisse
1990 2928 2230 2978 videtur:
2272 2928 2364 2992 qui
2401 2928 2496 2978 alii
2531 2930 2705 2994 magis

1622 2995 1690 3045 ad
1737 2998 2157 3059 septentrionem
2215 2997 2457 3047 existunt
2512 2998 2706 3048 tumuli

1621 3065 1860 3115 eiusdem
1897 3068 2141 3130 generis,
2179 3067 2376 3131 quibus
2410 3066 2575 3132 vulgo
2610 3083 2705 3118 no-

1623 3149 1744 3183 men
1792 3134 1963 3184 Babel
2015 3136 2131 3185 sive
2177 3135 2485 3200 Mudjelliba
2538 3135 2707 3201 (qnod

1626 3201 1802 3264 ipsum
1835 3220 2031 3254 nomen
2067 3221 2188 3254 cum
2221 3205 2508 3256 stcbverswn
2541 3211 2595 3256 et
2628 3208 2704 3256 da·-

1626 3278 1785 3318 rutum
1820 3273 2119 3336 significet,
2158 3274 2228 3323 ad
2264 3290 2449 3326 omnes
2486 3277 2704 3326 omnino

1624 3337 1722 3387 has
1755 3341 1937 3390 ruinas
1971 3343 2172 3392 referre
2205 3342 2386 3410 licet),
2426 3349 2481 3394 et
2506 3345 2610 3409 ipsi
2636 3345 2707 3395 ad

1624 3406 1765 3457 hanc
1821 3411 2024 3473 regiam
2082 3427 2262 3462 arcem
2323 3429 2368 3463 s.
2422 3413 2704 3478 palatium,

1626 3476 1770 3540 quod
1792 3479 1934 3526 tanti
1963 3480 2068 3529 fuit
2093 3482 2355 3544 ambitus,
2393 3482 2584 3534 referri
2609 3501 2706 3550 po-

1624 3550 1834 3605 terunt;
1873 3561 2052 3598 arcem
2072 3551 2222 3600 urbis
2253 3549 2540 3618 (Cieadelle)
2580 3559 2708 3604 sunt

1623 3616 1716 3679 qni
1752 3615 1828 3665 ibi
1871 3616 2043 3668 fuisse
2082 3620 2409 3672 existiment.
2469 3624 2555 3673 Tu
2591 3623 2704 3674 vid.

1621 3684 1999 3750 Buckingham
2039 3688 2092 3736 in
2125 3690 2314 3740 Itiner.
2342 3692 2702 3758 Mesopotam.

1623 3751 1883 3816 (Berolin.
1910 3755 2068 3822 1828)
2088 3773 2140 3822 p.
2161 3761 2262 3808 477
2286 3758 2408 3809 coll.
2429 3763 2531 3812 472
2551 3778 2702 3828 seqq.

1621 3823 1745 3875 483.
1783 3825 1981 3877 Ritter.
2006 3825 2044 3875 l.
2072 3826 2110 3877 l.
2131 3843 2185 3891 p.
2213 3827 2317 3878 903
2339 3844 2491 3895 seqq.
2525 3831 2705 3892 (Mud-

1606 3893 1820 3959 J’elliba)
1858 3910 1912 3958 p.
1935 3894 2038 3945 913
2063 3911 2214 3962 seqq.
2240 3896 2449 3964 (Kasr),
2486 3901 2705 3966 Layard

1620 3961 1656 4013 l.
1683 3961 1719 4013 1.
1755 3979 1809 4026 p.
1835 3965 1940 4016 484
1958 3980 2107 4030 seqq.
2146 3967 2247 4017 505
2273 3982 2426 4033 seqq.
2481 3970 2707 4021 Fresnel

1621 4032 1725 4084 1.1.
1751 4033 1797 4083 Ι.
1835 4049 1890 4098 p.
1926 4032 2032 4085 490
2069 4050 2221 4101 seqq.
2249 4036 2326 4087 ΙΙ.
2365 4054 2417 4103 p.
2450 4039 2513 4089 21
2550 4055 2702 4106 seqq.

1621 4101 1688 4152 32
1716 4117 1868 4168 seqq.
1929 4103 2292 4170 Conspectum
2324 4107 2519 4157 tumuli
2542 4109 2703 4172 Kasr,

1619 4170 1796 4237 qualis
1831 4188 1975 4223 nunc
2010 4179 2123 4238 est,
2163 4175 2380 4225 exhibet
2415 4175 2552 4227 Rich
2587 4177 2625 4227 l.
2664 4177 2703 4229 1.

1617 4257 1672 4306 p.
1695 4241 1779 4305 65,
1802 4242 1996 4293 tumuli
2015 4242 2340 4307 Mudjelliba
2363 4245 2504 4295 idem
2531 4262 2583 4310 p.
2604 4246 2701 4308 68;

1617 4311 1727 4361 vid.
1785 4312 1950 4363 etiam
2011 4314 2156 4378 apud
2212 4314 2431 4379 Layard
2485 4329 2540 4380 p.
2594 4314 2700 4366 48ss

1617 4380 2035 4434 delineationem
2069 4384 2239 4435 totius
2278 4384 2389 4436 loci
2423 4384 2496 4438 ad
2530 4384 2704 4437 orien-
