3109 5092
483 369 604 431 120

1344 358 1886 422 HERODOTI

473 570 612 612 των
654 538 730 610 ἐν
772 534 1271 630 Ἑλλησπόντῳ,
1330 541 1400 606 οἳ
1439 534 1744 603 σύνοικοι
1785 526 2096 619 ἐγένοντο
2125 530 2543 622 Ἀθηναίοισι
2563 585 2580 615 ,
2642 535 2753 602 καὶ

475 642 600 714 ὅσα
638 641 806 713 ἄλλα
833 636 1222 728 Πελασγικὰ
1266 636 1461 708 ἐόντα
1487 643 1862 724 πολίσματα
1891 632 1965 703 τὸ
2008 632 2265 724 οὔνομα
2291 641 2642 725 μετέβαλε·
2695 643 2759 705 εἰ

474 747 767 816 τούτοισι
797 744 1322 835 τεκμαιρόμενον
1363 747 1473 811 δεῖ
1507 741 1769 839 λέγειν,
1810 728 1984 827 ἦσαν
2022 743 2092 807 οἰ
2117 742 2455 827 Πελασγοὶ
2495 740 2749 827 βάρβα-

477 878 600 939 ρον
625 855 939 937 γλῶσσαν
965 851 1194 926 ἱέντες.
1258 850 1320 914 εἰ
1343 851 1579 913 τοίνυν
1608 833 1694 930 ἦν
1722 843 1833 911 καὶ
1859 847 1994 911 πᾶν
2020 847 2283 911 τοιοῦτο
2312 841 2384 911 τό
2416 852 2750 936 Πελασγι-

476 951 628 1037 κὸν,
672 949 747 1021 τὸ
778 949 1077 1021 Ἀττικὸν
1115 956 1352 1032 ἔθνος,
1397 944 1510 1017 ἐὸν
1536 941 1996 1031 Πελασγικὸν,
2043 940 2179 1033 ἅμα
2206 951 2289 1035 τῇ
2315 950 2649 1036 μεταβολῇ
2673 950 2756 1036 τῇ

475 1059 542 1138 ἐς
576 1053 902 1144 Ἕλληνας
942 1055 1054 1123 καὶ
1100 1050 1222 1141 τὴν
1264 1056 1579 1139 γλῶσσαν
1617 1052 1972 1138 μετέμαθε.
2034 1049 2145 1116 καὶ
2190 1046 2318 1137 γὰρ
2373 1047 2458 1137 δὴ
2497 1046 2651 1117 οὔτε
2693 1053 2763 1116 οἰ

472 1222 610 1287 κίην
656 1236 714 1272 τε
760 1216 858 1271 καὶ
905 1212 1211 1283 Σκυλάκην
1258 1214 1568 1281 Πελασγῶν

475 1284 846 1353 οἰκισάντων,
903 1290 1058 1340 cuins
1108 1288 1228 1339 loco
1275 1288 1385 1336 iam
1432 1288 1566 1338 Bor-

473 1362 598 1412 hek.
638 1365 694 1411 et
740 1359 1016 1410 Schaefer.
1063 1360 1444 1423 reposuerant,
1485 1356 1566 1404 in-

474 1432 606 1480 vitis
630 1434 775 1480 certe
799 1428 973 1490 libris,
1001 1422 1095 1476 καὶ
1112 1423 1247 1475 τῶν
1283 1417 1389 1488 τὴν
1415 1423 1565 1473 Πλα-

476 1498 612 1563 κίην
635 1513 685 1547 κ.
723 1513 772 1547 τ.
811 1496 858 1546 λ.
896 1499 1011 1548 Nos
1036 1512 1158 1546 cnm
1178 1499 1409 1545 recentt.
1436 1493 1559 1543 edd.

475 1584 572 1634 pro
620 1559 727 1631 τὴν
784 1565 1161 1630 rescripsimus
1220 1561 1361 1625 τῶν,
1417 1562 1565 1628 quod

476 1638 600 1703 ipsa
630 1637 739 1687 loci
778 1637 919 1687 ratio
956 1650 1179 1700 poscere
1203 1633 1308 1683 sibi
1340 1632 1566 1683 videba-

475 1712 592 1769 tur,
629 1721 695 1756 ac
731 1706 1054 1756 retinuimus
1089 1693 1432 1753 οἰκισάντων
1468 1716 1564 1766 pro

475 1776 603 1828 olim
640 1775 867 1840 vulgata
899 1767 1273 1837 οἰκησάντων,
1298 1772 1566 1835 probante

475 1860 692 1912 quoque
726 1845 960 1896 Bredov,
1014 1860 1067 1909 p.
1119 1841 1206 1892 73.
1280 1841 1563 1891 Herodoto

474 1919 751 1966 caeterum
822 1913 1153 1977 suffragatur
1229 1906 1604 1974 Pomponins'

475 1984 619 2035 Mela
651 1984 701 2045 1,-
735 1983 828 2045 19,
864 1983 962 2033 ubi
995 1980 1245 2032 Placiam
1285 1984 1340 2029 et
1378 1977 1566 2043 Scyla-

474 2071 573 2105 cen
625 2067 825 2117 parvas
891 2050 1251 2115 Pelasgorum
1321 2048 1567 2098 colonias

479 2121 752 2187 appellat,
797 2120 992 2185 quibus
1038 2135 1073 2169 a
1118 2124 1275 2182 tergo
1322 2117 1568 2167 imminet

476 2206 629 2241 mons
654 2188 938 2253 Olympius
956 2185 1228 2253 [Mysius1.
1258 2185 1400 2237 Add.
1421 2185 1564 2235 Plin.

475 2262 549 2310 H.
602 2259 669 2309 N.
714 2259 782 2320 V,
832 2257 917 2307 32.
972 2255 1060 2308 39.
1132 2256 1255 2304 Sita
1297 2259 1382 2303 est
1434 2254 1567 2303 urbs

477 2329 660 2379 Placia
710 2327 767 2375 in
813 2326 1015 2390 Mysia,
1063 2324 1327 2374 orientem
1374 2337 1567 2372 versus

475 2413 510 2447 a
536 2397 756 2461 CyzicO,
792 2394 1129 2445 occidentem
1165 2407 1356 2442 versus
1380 2406 1414 2440 a
1441 2390 1569 2456 Scy-

475 2470 606 2527 lace,
647 2464 793 2531 qnod
821 2464 1077 2529 oppidum
1107 2463 1212 2512 suit
1240 2461 1564 2526 proximum.

473 2535 598 2585 vid.
647 2534 895 2585 Siebelis.
947 2533 1018 2583 ad
1071 2534 1312 2583 Pansan.
1358 2531 1425 2590 V,
1475 2528 1562 2579 13.

475 2609 528 2669 g.
567 2608 621 2655 4.
666 2603 1019 2668 Marquardt:
1073 2602 1141 2652 de
1178 2601 1380 2666 Cyzico
1417 2616 1467 2663 p.
1496 2600 1565 2648 27

475 2691 592 2740 seq.
628 2674 897 2737 Forbiger
930 2672 969 2723 l.
1010 2670 1048 2721 1.
1084 2671 1159 2721 11.
1199 2687 1253 2734 p.
1294 2671 1411 2721 127.
1449 2668 1566 2718 Nec

472 2743 653 2794 inanis
689 2748 775 2793 est
808 2742 914 2791 viri
958 2741 1110 2792 docti
1148 2739 1415 2804 suspicio,
1455 2739 1565 2787 He-

473 2814 729 2863 rodotum
764 2812 942 2875 ipsum
983 2811 1118 2861 haec
1160 2808 1284 2859 loca
1330 2807 1562 2868 adiisse3

475 2889 533 2932 tn
574 2882 648 2931 cf.
686 2881 888 2943 Heyse.
929 2881 1178 2939 Quaestt.
1228 2875 1473 2927 Herodd.
1514 2877 1560 2927 1.

473 2966 600 3015 pag.
634 2948 722 2997 90.
763 2949 870 3009 Qui
914 2947 1087 3009 idem,
1141 2946 1285 3010 qnod
1320 2945 1566 2995 Herodo-

474 3023 564 3068 tus
598 3017 736 3066 haec
759 3016 960 3080 oppida
982 3016 1039 3065 in
1066 3014 1441 3078 Hellesponto,
1463 3029 1564 3064 nec

473 3089 530 3136 in
564 3084 897 3149 Propontide
935 3082 1020 3143 (nt
1044 3083 1358 3134 accuratius
1395 3082 1567 3132 tradit

475 3153 672 3219 Mela),
712 3155 821 3204 sita
857 3153 1020 3214 dicit,
1058 3153 1116 3204 id
1161 3167 1269 3201 non
1317 3167 1383 3201 ex
1434 3152 1564 3201 scri-

474 3224 648 3289 ptoris
683 3222 957 3286 imperitia
982 3221 1188 3272 sactum
1210 3235 1329 3270 esse
1360 3226 1562 3283 monet,

474 3292 572 3343 sed
609 3292 825 3342 dicendi
856 3307 923 3341 ex
958 3306 1079 3352 usu,
1111 3305 1218 3355 qno
1257 3304 1419 3354 saepe
1434 3289 1564 3339 Hel-

472 3362 711 3427 lesponti
763 3361 979 3410 nomine
1038 3361 1206 3410 etiam
1271 3359 1563 3423 Propontis

473 3448 585 3483 nna
619 3447 742 3482 cnm
770 3431 911 3481 freto
937 3428 1033 3480 illo
1059 3427 1422 3493 intelligatur.
1459 3429 1564 3478 His

472 3501 633 3562 adde,
669 3516 809 3565 qnae
836 3515 1006 3565 nuper
1042 3498 1109 3549 de
1132 3498 1410 3561 Oresteae,
1430 3497 1566 3547 ·Pla-

475 3571 563 3623 cia
599 3574 655 3620 et
700 3569 929 3635 Scylace
975 3568 1260 3629 disseruit,
1306 3567 1442 3618 haec
1479 3583 1567 3618 nr-

473 3641 621 3691 binm
655 3640 875 3689 nomina
909 3655 975 3689 ex
1007 3636 1423 3699 Albaneusium,
1469 3638 1566 3702 qui

474 3725 619 3759 nnnc
654 3707 927 3774 dicuntur,
964 3724 1211 3757 sermone
1232 3712 1482 3771 repetens
1507 3707 1562 3757 J.

475 3779 540 3829 G.
578 3792 688 3826 von
721 3778 884 3828 Halm
921 3777 1216 3827 Albanens.
1255 3776 1484 3827 Studien
1511 3792 1564 3840 p.

477 3847 580 3894 247
617 3859 675 3893 se
718 3880 731 3894 .

543 3907 604 3961 οἳ
637 3859 895 3961 σένοικοι
941 3903 1201 3975 ἐγένοντο
1243 3902 1568 3975 Ἀθηναιόι-

477 3979 557 4047 σι]
601 3980 749 4031 Voce
797 3971 1056 4029 σύνοικοι
1102 3979 1442 4030 Herodotum
1476 3979 1567 4029 hic

476 4053 661 4102 monet
703 4047 910 4100 Riedel.
950 4065 1004 4113 p.
1055 4048 1177 4099 593.
1224 4050 1305 4097 uti
1349 4050 1568 4112 propria

474 4117 876 4185 significatione
922 4117 989 4168 de
1026 4117 1124 4179 iis,
1172 4116 1267 4181 qni
1314 4116 1564 4167 diversae

476 4188 656 4255 gentis
694 4203 817 4237 cnm
852 4186 981 4249 sint,
1019 4185 1209 4236 eadem
1243 4184 1300 4232 in
1345 4187 1566 4251 regione

476 4257 638 4308 simul
671 4256 949 4315 habitent3
998 4255 1070 4306 cf.
1111 4254 1314 4304 Herod.
1360 4254 1435 4317 11,
1474 4254 1562 4307 51.

475 4327 603 4388 vn,
641 4325 727 4377 73.
782 4323 917 4375 Onm
950 4324 1057 4375 hoc
1100 4324 1223 4374 loco
1264 4324 1411 4375 conf.
1457 4325 1564 4374 He·

477 4396 654 4450 rodot.
698 4396 799 4459 VI,
846 4394 963 4446 137.
1013 4399 1070 4445 et
1106 4393 1414 4459 Thucydid.
1465 4395 1562 4457 IV,

1674 1216 1792 1267 109.
1865 1215 1944 1264 Ac
1980 1216 2311 1279 Larcherns‚
2356 1217 2448 1282 qni
2493 1217 2758 1281 antiquis-

1666 1287 1804 1336 simo
1840 1300 1979 1334 aevo
2024 1286 2267 1336 Atticam
2303 1286 2566 1351 Pelasgos
2603 1290 2759 1336 tenu-

1668 1356 1777 1405 isse
1812 1358 1997 1419 negat,
2034 1354 2138 1405 hoc
2185 1356 2352 1409 refert
2385 1357 2455 1405 ad
2493 1356 2759 1421 posterio-

1664 1441 1776 1475 rem
1820 1424 2094 1488 quandam
2130 1425 2526 1490 Tyrrhenorum
2574 1441 2618 1476 s.
2659 1426 2760 1474 Pe-

1663 1493 1939 1557 lasgorum
1976 1492 2275 1556 coloniam,
2320 1495 2413 1559 qni
2457 1511 2578 1545 cum
2623 1510 2758 1545 non-

1666 1563 1802 1615 nihil
1836 1563 2096 1626 temporis
2142 1564 2200 1612 in
2251 1563 2440 1613 Attica
2487 1579 2759 1615 remanse-

1667 1635 1795 1695 rint,
1834 1632 1996 1682 eiecti
2030 1632 2158 1682 inde
2203 1633 2462 1682 Lemnum
2498 1633 2759 1697 confuge·

1668 1704 1805 1764 rint,
1840 1700 1984 1751 unde
2027 1702 2085 1750 in
2134 1703 2468 1766 Propontide
2514 1702 2757 1753 Placiam

1668 1779 1721 1823 et
1760 1769 2027 1835 Scylacen
2065 1771 2422 1823 condiderint.
2497 1773 2611 1822 Nec
2645 1772 2790 1825 alio,

1668 1844 1783 1893 fere
1851 1842 2069 1904 spectat
2147 1840 2394 1891 Platneri
2463 1842 2758 1903 sententia,

1667 1926 1829 1976 qnam
1865 1909 1936 1959 ad
1973 1909 2019 1969 1,
2058 1909 2144 1960 56.
2181 1910 2563 1974 indicavimus,
2594 1916 2759 1975 atque

1667 1978 1898 2031 Riedelii
1937 1977 1972 2027 l.
2016 1976 2055 2027 l.
2098 1993 2224 2042 pag.
2276 1979 2398 2031 593.
2443 1980 2529 2030 Or.
2578 1980 2759 2030 addit:

1671 2050 1731 2099 C.
1772 2049 1837 2099 Ο.
1884 2045 2129 2097 Mueller.
2175 2048 2497 2100 Orchomen.
2555 2066 2607 2113 p.
2655 2048 2761 2099 439

1669 2135 1785 2183 seq.
1824 2114 1948 2168 coll.
1987 2116 2087 2167 307
2126 2132 2239 2182 seq.
2298 2119 2406 2168 Hic
2445 2118 2586 2168 enim
2623 2120 2761 2169 anti-

1670 2203 1777 2252 quo
1823 2202 1962 2236 aevo
1998 2184 2262 2250 Pelasgos
2314 2186 2475 2237 docet
2520 2188 2761 2238 Atticam

1671 2256 1935 2306 insedisse
1971 2270 2073 2304 nec
2109 2259 2302 2319 postea
2340 2257 2553 2307 demum
2589 2258 2761 2307 immi-

1671 2340 1880 2386 grasse.
1925 2353 1997 2365 —
2042 2324 2108 2373 In
2157 2340 2306 2390 seqq.
2369 2327 2441 2376 ad
2497 2313 2646 2389 ἦσαν
2688 2357 2760 2366 --

1670 2390 1849 2448 ἴέντες
1885 2393 1974 2444 Gr.
2014 2393 2226 2444 confert
2249 2394 2492 2445 Fischer.
2519 2395 2591 2445 ad
2615 2395 2761 2445 Wel-

1664 2463 1761 2513 ler.
1802 2462 1908 2524 111,
1944 2461 1999 2510 b.
2037 2478 2164 2526 pag.
2205 2466 2238 2512 4
2270 2479 2382 2528 seq.
2419 2471 2474 2514 et
2509 2469 2648 2515 nott.
2687 2465 2759 2515 ad

1667 2532 1874 2584 Plotin.
1916 2530 1982 2579 de
2019 2530 2310 2594 pulcritud.
2337 2550 2465 2599 pag.
2495 2535 2616 2586 210.
2654 2534 2760 2596 Qni

1666 2601 1941 2652 barbaram
1966 2599 2020 2650 h.
2050 2599 2087 2650 l.
2126 2600 2370 2667 linguam
2405 2604 2655 2653 emittere
2681 2603 2761 2653 di-

1668 2675 1864 2721 cuntur
1897 2669 2147 2735 Pelasgi,
2187 2670 2330 2721 infra
2376 2678 2433 2723 et
2477 2673 2583 2737 ipsi
2620 2671 2761 2722 desi-

1666 2746 1904 2805 gnantur
1917 2733 2092 2795 ἔθνος
2115 2732 2237 2804 ficio
2254 2737 2288 2805 β
2302 2756 2338 2789 α
2352 2757 2383 2804 ρ
2397 2756 2427 2791 ο
2441 2757 2475 2790 ν
2490 2739 2631 2807 (cap.
2648 2742 2759 2805 58),

1666 2811 1703 2861 i.
1754 2825 1800 2860 e.
1847 2807 2078 2874 populus
2132 2813 2437 2874 per-cyrinus
2483 2828 2529 2861 s.
2577 2819 2760 2861 essera-

1664 2895 1806 2941 ηεαδ,
1844 2879 1881 2928 i.
1921 2893 1968 2927 e.
2006 2875 2145 2927 alins
2178 2883 2343 2944 atque
2371 2880 2616 2932 Graecas
2635 2882 2760 2930 stir-

1665 2949 1767 3014 pis,
1811 2948 1899 2997 cui
1941 2946 2077 2995 nihil
2124 2947 2445 3012 quidquam,
2493 2950 2640 3014 quod
2688 2949 2760 2999 ad

1667 3018 1902 3082 origines
1937 3016 2162 3075 attinet,
2203 3033 2324 3067 cum
2362 3019 2496 3082 ipsis
2534 3019 2760 3069 Graecis

1665 3101 1947 3137 commune
1966 3089 2066 3134 est.
2101 3087 2185 3135 Tu
2199 3086 2326 3137 vide
2344 3088 2409 3137 de
2422 3087 2525 3138 hac
2544 3104 2680 3138 voce
2696 3089 2758 3141 O.

1663 3156 1727 3205 F.
1765 3154 2062 3204 Hermann.
2099 3155 2314 3206 Griech.
2342 3157 2758 3209 Staatsalterth.

1668 3228 1718 3288 ξ.
1757 3223 1809 3273 6.
1848 3228 1965 3274 not.
2010 3223 2059 3273 1.
2095 3225 2181 3274 ed.
2221 3231 2401 3289 quart.

1735 3286 1790 3341 εἰ
1830 3290 2032 3342 τοίνυν
2080 3283 2154 3358 ἦν
2198 3290 2295 3345 καὶ
2338 3291 2457 3345 πᾶν
2500 3290 2758 3360 τοιοῦτο]

1666 3361 1825 3412 Conf.
1892 3362 1991 3425 Iv,

1667 3446 1719 3480 κ.
1759 3446 1804 3479 τ.
1841 3433 1891 3483 λ.

1736 3494 1832 3549 καὶ
1865 3492 1971 3566 γὰρ
2006 3492 2081 3566 δὴ
2127 3491 2260 3549 οὔτε
2299 3495 2361 3550 οῖ
2394 3498 2761 3565 Κρηστωνιῆ-

1668 3585 1757 3618 ται
1791 3584 1843 3620 u.
1881 3586 1929 3619 τ.
1969 3569 2041 3634 λ.]
2082 3570 2240 3634 Apud
2283 3571 2611 3634 Dionysium
2647 3570 2762 3620 Ha-

1667 3639 1955 3690 licarnass.
2013 3640 2239 3704 Antiqq.
2295 3640 2505 3689 Romm.
2566 3637 2613 3700 Ι,
2669 3638 2759 3690 29.

1668 3724 1797 3772 pag.
1836 3711 1922 3759 77.
1961 3709 2149 3759 Reisk.
2198 3708 2333 3758 haec
2380 3709 2640 3758 citantem
2683 3707 2762 3758 le-

1669 3778 1815 3839 gitur
1853 3775 2261 3838 Κροτωνιᾶται,
2300 3777 2446 3842 quod
2482 3782 2664 3827 tamen
2702 3777 2761 3826 in

1666 3846 1936 3897 Herodoti
1977 3851 2133 3896 textu
2169 3862 2427 3909 reponere
2464 3845 2650 3895 nolim.
2691 3875 2762 3886 ·-

1669 3917 1846 3974 Quam
1863 3915 2165 3967 Bonherins
2201 3916 2381 3981 (Diss.
2399 3914 2604 3966 Herod.
2634 3930 2757 3979 cap.

1667 3984 1746 4045 X)
1786 3984 1912 4035 olim
1949 3983 2207 4047 vulg-arat
2235 3984 2665 4047 inscriptionem,
2686 3984 2760 4034 ad

1667 4053 1914 4104 Placiam
1950 4054 2327 4117 pertinentem,
2375 4068 2499 4104 cum
2544 4052 2760 4103 Placia-

1666 4137 1772 4172 nae
1810 4123 2001 4174 matris
2036 4123 2135 4173 flat
2172 4123 2405 4183 mentio,
2445 4138 2512 4172 ea
2544 4123 2617 4174 ad
2654 4122 2760 4186 Cy-

1669 4192 1846 4241 zicum
1900 4192 2163 4257 pertinet,
2220 4206 2329 4242 non
2376 4190 2538 4242 valde
2585 4207 2757 4241 remo-

1666 4265 1782 4311 tum
1844 4277 1877 4311 a
1929 4261 2120 4312 Placia
2161 4261 2456 4325 sacrisque
2507 4259 2757 4325 Cybeles,

1665 4345 1806 4394 quae
1843 4331 1963 4395 ipsa
2002 4335 2087 4381 est
2123 4336 2298 4381 mater
2343 4328 2635 4389 Placiana,
2676 4330 2758 4379 in-

1665 4399 1839 4465 signe.
1896 4399 2079 4461 „Hinc
2127 4399 2275 4465 apud
2319 4398 2653 4450 Pausaniam
2687 4399 2758 4461 V,

2054 3364 2178 3415 195:
2236 3363 2329 3429 εἴη
2387 3354 2446 3412 δ’
2506 3352 2582 3412 ἄν
2639 3361 2761 3413 πᾶν
