3109 5092
1282 356 1536 419 CLIO.
1583 360 1635 418 I.
1683 372 1772 423 50.

2547 367 2660 427 101

379 518 649 613 ἕκῖττόν,
695 531 807 597 καὶ
847 528 1105 599 τούτων
1133 526 1457 619 ἀπέφθου
1499 537 1754 620 χρυσοῦ
1793 536 2115 621 τέσσαρα,
2163 543 2391 624 τρίτον
2429 534 2660 627 ἡμιτά-

378 730 468 782 56.
507 738 697 780 centum
730 733 908 795 viqinti
938 730 1093 794 ponit
1126 730 1348 795 lateres,
1373 748 1471 783 nu-

376 815 585 851 merum
603 800 895 850 rotundum
922 800 1114 863 opinor
1134 801 1467 866 praeferens.

376 872 589 921 Aureos
617 868 807 920 Croesi
844 869 1045 919 lateres
1082 870 1169 920 vel
1203 872 1293 921 Jo.
1335 872 1470 922 Τιθ-

375 945 498 990 tzes
557 943 943 989 commemorat
1003 940 1059 988 in
1125 940 1370 1004 epistolis
1438 958 1472 991 a

376 1009 589 1059 Theod.
638 1009 856 1059 Pressel
900 1023 1072 1074 nuper
1128 1010 1290 1060 editis
1340 1009 1470 1074 (Tu-

378 1079 533 1160 bing.
576 1077 733 1141 1851)
770 1095 825 1143 p.
869 1077 950 1130 18.

444 1140 724 1228 ἀπέφθου
773 1146 992 1226 χρυσοῦ
1025 1145 1290 1213 τέσσαρα]
1324 1148 1468 1211 Quid

377 1219 455 1267 sit
492 1208 766 1281 ἅπεφθος
814 1209 1041 1281 χρυσὸς,
1090 1216 1252 1267 valde
1296 1217 1469 1268 disce-

377 1293 566 1353 ptatur
598 1288 742 1338 inter
790 1286 938 1335 viros
986 1286 1196 1337 doctos.
1263 1286 1469 1337 Salma-

374 1358 490 1408 sius
527 1358 612 1418 (in
651 1357 918 1408 Exercitt.
956 1355 1136 1407 Plinn.
1176 1371 1304 1422 pag.
1345 1358 1466 1407 702.

375 1428 497 1478 791.
504 1425 530 1489 )
566 1442 633 1477 ac
668 1424 956 1491 postmodo
992 1424 1297 1476 Larcherus
1325 1426 1469 1477 idem

374 1512 568 1547 aurum
610 1495 845 1573 intelligi
891 1494 1109 1557 volunt,
1148 1496 1295 1561 quod
1330 1496 1468 1547 alias

338 1555 592 1616 ‘dicatur
638 1556 894 1628 ἄπυρον,
941 1579 1135 1629 purum
1191 1566 1338 1630 quod
1390 1582 1469 1617 re-

371 1637 618 1702 periatur
652 1635 769 1684 sine
801 1634 1077 1696 coctione,
1116 1635 1276 1700 quale
1325 1651 1378 1685 ν.
1418 1652 1467 1687 c.

373 1721 442 1755 ex
452 1705 700 1767 Pactolo,
712 1703 920 1769 Lydiae
931 1704 1099 1754 fluvio
1111 1705 1366 1767 aurifero,
1379 1721 1468 1756 ac-

372 1776 518 1841 quiri
530 1775 721 1839 possit.
736 1775 810 1824 At
822 1788 979 1824 nsum
991 1774 1257 1824 sermonis
1269 1775 1467 1839 ipsam-

373 1860 481 1910 que
539 1844 852 1909 analogiam
909 1844 1136 1908 opponit
1192 1844 1466 1910 Schweig-

374 1916 698 1977 haeuserus,
737 1914 831 1979 qui
875 1913 995 1978 ipse
1039 1913 1110 1963 ad
1146 1929 1265 1964 eam
1302 1915 1465 1965 inter-

373 1984 733 2049 pretationem
768 1982 1015 2045 inclinat,
1052 1999 1214 2048 quam
1242 1983 1463 2045 dudum,

372 2059 514 2104 teste
565 2054 683 2114 Gr„
735 2052 1037 2117 protulerat
1086 2053 1353 2103 Graevius
1404 2053 1463 2103 in

372 2125 553 2174 Lectt.
591 2122 857 2173 Hesiodd.
898 2137 1018 2187 cap.
1073 2122 1161 2172 20.
1210 2122 1280 2172 ad
1317 2138 1460 2174 vers.

371 2193 495 2243 208.
541 2192 899 2243 Purissimum
934 2191 1027 2241 ille
1071 2191 1333 2255 intelligit
1368 2208 1463 2243 au-

373 2278 510 2323 rum,
528 2262 566 2312 i.
585 2277 635 2312 e.
648 2261 785 2311 bene
803 2266 1103 2322 excoctum,
1122 2262 1463 2326 igneoptime

371 2337 690 2397 purgatum,
726 2345 916 2380 aurum
952 2330 1023 2379 ad
1058 2330 1370 2393 obrussam,
1403 2336 1464 2381 ut

370 2402 666 2453 Suetonius
712 2399 952 2464 loquitur
1007 2400 1063 2448 in
1115 2400 1317 2451 Neron.
1373 2403 1459 2463 44,

371 2486 497 2522 cum
559 2460 840 2531 ἄπεφθον
900 2468 958 2518 id
1018 2470 1195 2534 ipsum
1246 2469 1463 2521 dicatur

370 2540 598 2592 Graecis
636 2553 851 2597 aurum,
891 2538 1035 2602 quod
1089 2554 1255 2603 saepe
1304 2555 1460 2590 exco-

369 2616 517 2660 ctum
557 2609 647 2669 sit,
675 2613 736 2658 ut
759 2574 886 2657 inde
908 2606 1006 2658 fiat
1040 2607 1303 2672 obryzum
1325 2608 1457 2671 (vid.

368 2678 553 2731 Schol.
591 2677 894 2742 Thucydid.
924 2676 998 2738 ΙΙ,
1043 2676 1125 2727 13.
1152 2678 1276 2728 coll.
1306 2678 1457 2729 Snid.

370 2766 415 2799 s.
458 2765 511 2798 ν.
542 2746 780 2813 Etymol.
822 2762 1001 2811 magn.
1034 2762 1088 2812 p.
1125 2746 1248 2810 050,
1280 2747 1367 2798 35.
1406 2753 1461 2798 et

368 2818 514 2869 Plin.
556 2818 628 2868 H.
668 2818 736 2867 N.
774 2816 1038 2868 XXXIII.
1080 2820 1131 2879 §-
1167 2816 1282 2895 19).
1319 2818 1457 2869 Nam

368 2887 677 2952 composita
705 2890 789 2936 est
812 2901 919 2935 vox
943 2900 1009 2935 ex
1030 2876 1219 2949 ἑφθὸς
1246 2892 1304 2936 et
1325 2877 1460 2936 ἀπό.
1476 2936 1483 2943 ,

368 2957 435 3007 Ιιι
472 2972 633 3021 quam
668 2956 995 3005 sententiam
1041 2956 1244 3019 optime
1280 2955 1462 3021 dispu-

369 3026 531 3086 tavit,
560 3030 811 3079 monente
842 3026 950 3084 Or..
982 3025 1205 3075 Locella
1227 3024 1297 3074 ad
1320 3025 1463 3076 Bok-

367 3094 477 3145 hel.
516 3094 761 3145 Doctrin.
800 3109 1003 3143 numm.
1042 3099 1177 3144 vett.
1227 3095 1272 3145 I.
1330 3096 1461 3144 Pro-

368 3165 516 3229 legg.
566 3179 691 3229 pag.
738 3163 944 3214 XXIII.
1019 3164 1173 3226 Quae
1221 3180 1343 3213 cum
1380 3164 1461 3213 ita

368 3234 500 3295 sint,
551 3233 619 3283 ab
667 3233 895 3297 antiqua
938 3233 1225 3282 Laurentii
1269 3231 1461 3283 Vallae

370 3308 427 3354 et
502 3301 717 3352 Aemilii
776 3302 929 3352 Porti
989 3302 1460 3366 interpretatione,

371 3387 534 3438 quam
549 3371 776 3421 eandem
798 3376 1019 3421 secutus
1033 3377 1117 3421 est
1132 3372 1459 3437 Schweigh.,

368 3441 517 3492 haud
556 3440 931 3492 recedendum.

442 3512 589 3560 Auro
624 3509 815 3560 huicce
850 3509 1140 3586 purissimo
1172 3508 1462 3573 opponitur

366 3581 427 3629 in
464 3594 618 3643 seqq.
657 3569 855 3634 λευκὸς
883 3570 1113 3642 χρυσὸς,
1153 3578 1191 3627 i.
1232 3594 1280 3627 e.
1329 3577 1459 3627 albi-

366 3650 483 3697 dum
517 3663 563 3697 s.
601 3647 866 3697 candidum
902 3662 1094 3708 aarum,
1135 3646 1281 3710 quod
1315 3646 1459 3696 scili-

365 3722 457 3768 eet
494 3718 673 3767 minus
708 3731 901 3780 purum
938 3720 1048 3776 est,
1092 3715 1238 3780 quod
1282 3716 1460 3765 minus

366 3783 1462 3921 ffiztzffssssffl‘ffissga‘ss‘ssffi

365 3932 615 3977 veterum
652 3925 935 3991 opinione,
980 3940 1089 3990 qua
1135 3924 1281 3975 omni
1328 3940 1461 3975 auro

367 4002 656 4059 argentum
682 3996 862 4046 inesse
881 3995 1035 4046 vario
1061 3995 1298 4060 pondere
1332 3995 1462 4043 scri-

364 4067 479 4131 psit
533 4065 745 4115 Plinius
804 4064 956 4115 Hist.
1006 4065 1135 4115 Nat.
1195 4062 1458 4112 XXXIII.

364 4140 503 4187 sect.
528 4133 618 4185 23.
669 4133 805 4185 Tale
834 4147 1024 4183 aurum
1058 4132 1332 4182 vocabant
1362 4133 1462 4180 ele-

365 4212 527 4253 ctrum
586 4192 945 4267 (ἤλεκτρον),
1010 4199 1249 4266 illudque
1306 4200 1359 4250 h.
1422 4199 1461 4250 l.

366 4272 785 4338 intelligendum
839 4286 962 4321 esse
1005 4274 1130 4335 post
1179 4269 1317 4320 alios
1355 4285 1463 4319 mo-

366 4343 491 4392 nuit
526 4340 844 4392 Schneider.
896 4341 953 4389 in
1001 4341 1134 4390 Lex.
1183 4339 1277 4390 Gr.
1321 4355 1366 4389 s.
1407 4355 1461 4389 ν.

1577 749 1673 784 cus
1710 734 1766 783 in
1793 734 1940 784 Hist.
1981 736 2110 786 Nat.
2136 736 2415 800 XXXVII,
2442 738 2493 789 7.
2525 743 2661 790 sect.

1581 804 1663 854 11.
1705 820 1757 867 p.
1796 803 1902 853 709
1938 804 2023 855 ed.
2063 805 2255 865 Hard.,
2306 822 2537 871 quocum
2574 809 2659 858 Or.

1577 873 1812 923 conferri
1845 873 1964 924 vult
1999 888 2083 935 ea,
2121 890 2261 939 quae
2296 883 2663 941 exposuerunt

1575 942 1802 992 Eckhel.
1841 941 1877 993 l.
1916 942 1952 992 l.
1990 943 2244 1009 Prolegg.
2297 960 2423 1026 pag.
2457 946 2659 998 XXIV.

1574 1026 1689 1077 seq.
1727 1016 1782 1061 et
1829 1012 2006 1063 Raoul
2028 1013 2295 1064 Rochette
2340 1016 2396 1064 in
2441 1015 2662 1066 Iournal

1575 1080 1627 1132 d.
1666 1080 1879 1132 Savans
1918 1082 2073 1134 1.819
2109 1084 2240 1162 Apr.
2277 1099 2333 1149 p.
2372 1083 2494 1135 208.

1641 1151 1889 1214 τρίτον
1926 1142 2395 1216 ημιταλαντον
2419 1148 2662 1203 ἕκαστον

1570 1214 1825 1299 ἕλκοντα]
1866 1219 2066 1272 Omnes
2090 1221 2332 1272 codices:
2370 1221 2500 1287 τρία
2535 1215 2661 1288 ἡμι-

1570 1281 1835 1352 τάλαντα,
1875 1290 1914 1341 i.
1938 1307 1985 1341 e.
2011 1307 2156 1341 ιιιιιιηι
2181 1295 2419 1342 talentum
2451 1309 2560 1343 cum
2585 1293 2661 1343 di-

1570 1359 1718 1409 midio
1756 1362 1988 1414 alterius.
2069 1360 2228 1424 Quod
2276 1366 2424 1413 certe
2476 1363 2662 1413 mirari

1571 1428 1784 1490 subeat,
1807 1443 1928 1479 cum
1951 1431 2165 1496 pondus
2198 1446 2382 1482 eorum
2407 1431 2659 1495 laterum,

1572 1499 1664 1563 qui
1701 1514 1768 1548 ex
1803 1514 1936 1548 auro
1983 1499 2166 1550 albido
2210 1516 2256 1552 s.
2305 1502 2483 1552 minus
2522 1517 2657 1567 puro

1572 1567 1809 1617 confecti
1846 1574 2028 1631 erant,
2066 1570 2296 1620 duorum
2330 1570 2658 1621 talentorum

1571 1637 1742 1687 fuisse
1794 1636 2036 1701 dicatur,
2091 1654 2267 1704 neque
2318 1640 2660 1691 Herodotum

1570 1705 1829 1756 credibile
1876 1708 1950 1758 sit
1990 1710 2297 1773 ignorasse,
2333 1724 2527 1774 purum
2563 1725 2658 1760 au-

1569 1791 1686 1825 rum
1723 1776 1946 1839 gravius
1984 1792 2105 1828 esse
2141 1793 2224 1840 ee,
2249 1778 2336 1827 cui
2373 1784 2659 1843 argeutum

1567 1846 1642 1895 sit
1678 1846 1994 1907 admixtum,
2035 1845 2287 1912 quodque
2321 1848 2497 1896 minus
2534 1848 2660 1898 inde

1569 1916 1643 1965 sit
1679 1931 1888 1980 purum.
1942 1916 2118 1977 Quam
2153 1914 2534 1966 difficultatem
2578 1918 2660 1967 ita

1566 1984 1688 2034 tolli
1726 1999 1887 2048 posse
1925 1984 2091 2049 vulgo
2129 1985 2568 2047 arbitrabantur,
2598 1991 2659 2037 ut

1568 2058 1802 2119 quatuor
1829 2053 2027 2104 lateres
2048 2055 2168 2104 auri
2202 2055 2322 2119 puri
2347 2056 2516 2105 multo
2542 2056 2659 2106 bre-

1565 2124 1773 2184 viores,
1811 2123 2050 2188 reliquos
2085 2123 2357 2189 longiores
2395 2124 2655 2176 dicerent.

1567 2192 2004 2256 Schweighaeus.
2033 2198 2088 2243 et
2111 2198 2239 2244 ante
2267 2209 2388 2244 eum
2407 2195 2499 2245 Fr.
2527 2194 2655 2246 Chr.

1566 2261 1836 2312 Matthiae
1858 2262 1914 2311 in
1939 2270 2355 2327 programmate,
2372 2265 2517 2329 qnod
2535 2280 2658 2329 pro-

1566 2331 1668 2380 diit
1728 2331 2073 2383 Francofurt.
2133 2332 2204 2383 ad
2257 2334 2438 2385 Moen.
2500 2335 2652 2385 1810.

1565 2402 1605 2459 ί,
1611 2400 2043 2466 ,Bemerkungen
2081 2417 2150 2451 zu
2185 2402 2301 2452 drei
2337 2402 2543 2453 Stellen
2581 2404 2656 2453 im

1565 2469 1841 2531 Herodot,
1891 2470 2082 2521 Cicero
2128 2471 2241 2521 und
2277 2471 2489 2522 Livius‘
2496 2474 2557 2536 ι),
2595 2473 2656 2521 in

1563 2539 1845 2589 Herodoto
1881 2539 2107 2589 rescribi
2138 2540 2428 2590 voluerunt
2464 2540 2657 2605 τρίτον

1567 2600 1972 2672 ἡμιτάλαντον,
2027 2609 2172 2671 quod
2218 2609 2396 2673 ipsum
2443 2625 2476 2658 a
2512 2610 2655 2659 Lau-

1564 2677 1740 2727 rentio
1768 2675 1928 2727 Valla
1966 2677 2167 2727 dudum
2196 2693 2507 2742 expressum
2535 2682 2655 2727 erat

1562 2747 1711 2797 hisce
1749 2745 1960 2796 verbis:
2000 2746 2099 2796 duo
2142 2749 2333 2797 talenta
2372 2762 2479 2795 cum
2513 2747 2656 2796 dimi-

1564 2818 1666 2866 dio.
1705 2816 1934 2880 Recepit
1960 2815 2322 2878 GaisfordiuS,
2357 2831 2516 2880 quem
2539 2816 2656 2879 ipse

1566 2901 1688 2936 cum
1724 2889 1951 2935 recentt.
1990 2884 2112 2935 edd.
2150 2886 2418 2950 probante
2442 2900 2655 2950 quoque

1563 2954 1796 3005 BredoV.
1834 2971 1884 3019 p.
1938 2954 2023 3005 71.
2074 2961 2294 3006 secutus
2336 2971 2473 3006 sum.
2546 2955 2653 3005 Vix

1565 3025 1709 3074 enim
1765 3023 1926 3074 aliter
1973 3024 2312 3076 Herodotum
2367 3025 2656 3089 scripsisse

1562 3109 1881 3177 persuasum
1915 3093 2046 3143 mihi
2082 3094 2273 3146 habeo.
2343 3095 2478 3145 Cum
2512 3096 2654 3144 enim

1561 3160 1810 3227 εβδομον
1823 3153 2207 3226 ἡμιτάλαντον
2227 3164 2433 3214 efficiat
2451 3180 2552 3215 sex
2572 3171 2655 3213 ta-

1564 3237 1695 3283 lentu
1732 3247 1839 3281 cum
1873 3232 2100 3292 dimidw,
2148 3230 2416 3297 τέταρτον
2455 3223 2652 3297 ἡμιτά-

1563 3303 1771 3352 λαντον
1805 3306 1910 3352 tria
1942 3270 2135 3352 talenta
2170 3318 2275 3353 cum
2308 3303 2524 3365 dimidio,
2563 3301 2656 3351 hic

1565 3386 1780 3437 quoque
1835 3368 2031 3432 τρίτον
2087 3361 2472 3435 ἡμιτάλαντον
2521 3371 2650 3419 erit:

1565 3444 1664 3493 duo
1683 3444 1880 3492 talenta
1890 3454 1996 3488 cum
2008 3439 2224 3489 dimidio.
2245 3438 2452 3488 Probat
2467 3438 2654 3488 Gram-

1565 3512 1797 3561 maticus
1842 3509 1897 3557 in
1937 3507 2175 3558 Bekkeri
2218 3506 2460 3557 Anecdd.
2510 3506 2555 3556 1.
2596 3523 2648 3588 p.

1565 3580 1685 3639 300,
1740 3579 1823 3641 20,
1872 3582 2038 3641 atque
2087 3578 2225 3640 Aug.
2284 3575 2555 3626 Matthiae
2595 3576 2654 3625 in

1566 3649 1806 3699 Gramm.
1843 3645 1934 3695 Gr.
1976 3643 2026 3705 θ.
2069 3644 2199 3707 143,
2235 3645 2328 3694 ubi
2365 3645 2432 3695 de
2466 3644 2654 3694 discri-

1566 3718 1705 3766 mine
1775 3715 1918 3763 inter
1977 3712 2132 3792 τρία
2185 3681 2539 3777 ἡμιτάλαντα
2598 3718 2654 3764 et

1564 3802 1594 3835 τ
1607 3801 1639 3849 ρ
1653 3783 1680 3833 ι’
1687 3799 1717 3833 τ
1730 3798 1759 3832 ο
1771 3798 1804 3831 ν
1834 3771 2217 3846 ἡμιτάλαντον
2236 3784 2463 3835 monuit.
2485 3783 2584 3834 Plu
2592 3800 2654 3835 ra

1564 3853 1873 3905 Casaubon.
1929 3852 2001 3902 ad
2044 3851 2403 3918 Theophrast.
2453 3854 2654 3904 Chara-

1565 3930 1701 3975 cter.
1735 3922 1835 3973 VI.
1878 3937 2004 3988 pag.
2053 3921 2123 3973 93
2171 3938 2284 3987 seq.
2333 3923 2415 3974 ed.
2463 3923 2649 3975 Fiseh.

1567 3993 1691 4045 coll.
1729 3994 1874 4043 Rose
1910 3992 2192 4058 Inscriptt.
2222 4008 2349 4057 pag.
2388 3991 2510 4044 203.
2547 3993 2652 4043 Ad-

1568 4064 1650 4114 dit
1707 4063 1791 4113 Cr.
1864 4061 2106 4113 Pollucis
2161 4064 2532 4113 testimonium
2596 4063 2653 4111 in

1567 4133 1849 4184 Onomast.
1901 4132 2000 4192 lx,
2051 4134 2136 4182 54.
2187 4131 2427 4197 Etymol.
2467 4147 2652 4195 magn.

1563 4218 1691 4268 pag.
1732 4202 1834 4251 744
1863 4206 1920 4251 et
1941 4199 2160 4266 Didym.
2202 4201 2346 4266 apud
2382 4200 2651 4251 Priscian.

1564 4288 1618 4337 p.
1674 4271 1825 4322 1347.
1887 4269 2038 4321 1350.
2089 4268 2178 4333 (de
2237 4270 2395 4335 figur.
2441 4283 2648 4319 numer.

1559 4357 1685 4406 cap.
1727 4343 1760 4391 2
1793 4355 1922 4404 pag.
1959 4338 2083 4389 208.
2122 4338 2207 4388 ed.
2248 4336 2651 4399 Lindemann.),

364 4412 453 4461 De
496 4413 687 4461 electro
724 4410 1015 4475 primarius
1063 4414 1146 4461 est
1187 4407 1354 4459 Plinii
1388 4408 1466 4460 lo-
1566 4411 1682 4461 The
1727 4407 1946 4461 classic.
1995 4408 2183 4459 Iourn.
2228 4407 2353 4461 Vol.
2409 4407 2475 4458 V.
2522 4419 2646 4471 pag.
