3109 5092
1137 291 1640 354 EUTERPE.
1687 293 1769 354 H.
1819 303 1941 358 129.
2191 348 2197 352 .
2561 296 2684 361 725

547 459 744 530 Μετὰ
775 461 848 531 δὲ
878 469 1121 533 τοῦτον
1160 472 1560 552 βασιλεῦσαι
1597 465 1951 553 Αἰγύπτου
1978 477 2380 558 Μυκερῖνον
2420 478 2677 559 ἔλεγον,
2702 473 2819 536 129

401 569 657 645 Χέοπος
686 571 929 648 nawa,
968 572 1061 659 τῷ
1088 566 1169 637 τὰ
1194 569 1320 656 μὲν
1353 576 1475 639 τοῦ
1503 568 1752 659 πατρὸς
1781 577 1941 659 ἔργα
1972 569 2263 641 ἀπαδεῖν
2281 596 2294 607 ·
2343 572 2464 644 τὸν
2494 575 2569 644 δὲ
2597 578 2681 647 τά

399 697 469 738 τε
515 667 627 759 ίρᾶ
669 667 962 756 ἀνοῖξαι,
1006 673 1119 740 καὶ
1150 670 1269 741 τὸν
1294 671 1478 743 λεών.
1510 676 1918 763 τετρυμένον
1957 678 2023 755 ἐς
2052 674 2126 745 τὰ
2156 683 2436 763 ἔσχατον
2464 686 2680 749 κακοῦ

395 871 499 920 hoc
536 871 607 920 ad
641 870 835 932 Philas,
875 886 982 935 qua
1022 871 1075 920 in
1111 872 1292 922 insula
1314 873 1491 922 Osiris

397 957 492 989 rex
541 945 690 990 ortus
741 939 1047 1002 ferebatur,
1085 942 1241 1000 ‚inde
1293 943 1492 993 Philias

397 1013 587 1074 pastor
624 1009 957 1073 appellatus:
995 1025 1094 1059 nec
1119 1009 1372 1093 Φιλίτιος
1403 1028 1491 1076 ge-

397 1079 603 1129 nitivus
640 1094 740 1129 nec
780 1077 1116 1139 Φιλιτίωνος
1152 1081 1207 1129 ἰιι
1243 1081 1342 1130 has
1369 1082 1492 1131 Phi-

400 1149 482 1197 las
512 1148 706 1198 cadere
731 1163 892 1225 posse
918 1147 1159 1208 videtum
1197 1151 1492 1216 requiritur

400 1219 543 1267 enim
576 1223 707 1267 tuuc
744 1209 988 1266 Φιλάτου
1014 1233 1059 1266 s.
1090 1217 1352 1280 Φιλι’,του
1380 1236 1492 1270 ιιιο-

402 1292 563 1337 nente
580 1287 838 1350 Stephan.
859 1287 1094 1351 Byzant.
1117 1303 1170 1352 p.
1195 1288 1298 1340 739
1324 1289 1488 1339 Berk.

399 1357 483 1406 Ad
492 1356 721 1426 Hyksos
748 1356 949 1405 referre
970 1356 1210 1407 haecce*
1195 1373 1314 1422 ipse
1337 1365 1490 1409 vetat

399 1420 608 1490 Zoega‚
649 1442 768 1476 cnm
808 1425 887 1474 illi
921 1430 1170 1490 pastores
1207 1428 1490 1478 nomades-

399 1511 504 1560 que
541 1496 762 1555 fuerint,
794 1510 926 1561 quos
949 1495 1085 1545 talia
1118 1495 1369 1547 aedificia
1398 1514 1491 1547 ex-

396 1566 663 1614 struxisse
698 1564 844 1614 haud
874 1565 947 1612 sit
976 1565 1254 1616 credibile.
1309 1567 1490 1628 Quare

395 1634 677 1685 lablonsk.
713 1650 867 1683 vocc.
891 1634 1063 1699 Aegg.
1091 1651 1146 1699 p.
1171 1635 1277 1686 346
1311 1637 1369 1686 in
1391 1652 1489 1700 pa-

393 1712 531 1755 stov-e
557 1704 822 1754 Philitione
851 1702 1023 1753 latere
1058 1706 1369 1768 suspicatur
1387 1723 1491 1769 pa-

393 1782 575 1824 seor-em
587 1772 911 1823 Pltilistaemn
933 1789 978 1821 s.
995 1773 1356 1835 Palaestinam,
1382 1775 1418 1823 i.
1436 1790 1484 1824 e.

394 1841 716 1903 Iudaeum‚'
741 1841 933 1891 Mosen
979 1846 1035 1890 et
1079 1843 1258 1908 ipsum
1304 1847 1488 1908 pasto-

393 1927 534 1974 rem,
609 1927 673 1960 ex
727 1915 1007 1974 pastorum
1064 1911 1483 1976 (Israelitarum)

394 1986 558 2046 gente
589 1981 872 2030 oriundum
896 1981 1242 2047 pastorisque
1268 1983 1485 2046 provin-

394 2051 534 2100 ciam
593 2051 651 2098 in
706 2048 964 2099 Midiame
1028 2051 1174 2115 apud
1239 2066 1482 2101 socerum

393 2134 548 2169 suum
571 2122 865 2184 gerentem.
897 2119 1055 2181 Quod
1077 2136 1338 2170 annorum
1361 2121 1481 2170 CVI

391 2203 616 2254 regnum
654 2187 708 2238 h.
745 2187 783 2238 l.
820 2188 1017 2252 prodat
1042 2189 1388 2251 Herodotus,
1426 2190 1483 2239 id

393 2258 568 2307 videri
604 2273 722 2308 esse
758 2272 985 2321 regnum
1017 2258 1486 2323 Heracleopolita·

393 2344 549 2386 num,
607 2327 751 2391 quod
796 2327 1056 2377 Manetho
1119 2328 1263 2393 apud
1310 2330 1484 2379 Euse-

393 2397 540 2446 bium
579 2412 707 2462 pag.
741 2397 804 2447 15
831 2396 1066 2446 affirmet
1103 2397 1328 2447 durasse
1362 2414 1483 2447 cen-

394 2471 506 2516 tum
533 2481 727 2516 annos.
765 2465 1186 2530 Heracleopolin
1206 2482 1335 2517 vero
1365 2482 1482 2516 esse

393 2537 605 2598 Gosen,
644 2541 844 2585 terram
883 2534 1257 2585 Israelitarum
1290 2537 1350 2585 in
1382 2538 1483 2586 Ae·

393 2612 581 2670 gypto.
653 2605 727 2654 At
760 2619 889 2654 vero
935 2605 1046 2654 alia
1090 2609 1150 2655 ut
1192 2610 1404 2655 taceam
1451 2620 1484 2654 a

391 2675 528 2724 viris
576 2675 779 2735 doctis,
830 2689 965 2738 quos
1014 2689 1181 2738 supra
1220 2674 1480 2736 indicavi,

393 2742 583 2804 allata,
621 2743 918 2792 Creuzerus
959 2742 1017 2806 (1.
1048 2743 1085 2794 l.
1115 2759 1167 2808 p.
1202 2743 1328 2806 195)
1365 2744 1483 2793 iure

393 2813 634 2877 quaerit,
693 2827 788 2861 cur
835 2827 943 2861 non
995 2810 1365 2874 Φυλιστίνου,
1420 2817 1482 2862 ut

391 2881 536 2945 apud
569 2880 782 2944 Ioseph.
809 2880 1034 2946 Antiqq.
1072 2881 1118 2930 Ῑ.
1155 2899 1208 2947 p.
1244 2882 1304 2932 14
1329 2881 1370 2930 C
1407 2881 1480 2931 le-

392 2951 595 3016 gimus,
634 2950 720 3000 vel
756 2951 967 3014 potius,
1005 2951 1149 3016 quod
1185 2952 1304 3017 ipse
1331 2951 1479 3001 Iose-

391 3020 529 3084 phus
574 3020 677 3070 hoc
727 3035 891 3070 sensu
937 3020 1249 3085 frequentat
1294 3022 1373 3082 (Ι,
1427 3022 1476 3070 7

392 3089 465 3150 ΙΙ,
496 3090 548 3139 6.
586 3090 733 3152 V1‚1
776 3092 935 3153 etc.),
982 3087 1369 3139 Παλαιστινοῦ
1401 3090 1478 3140 di-

388 3159 529 3208 xerit
565 3160 896 3210 Herodotus.
959 3159 1066 3220 Qui
1102 3159 1244 3209 idem
1284 3165 1479 3224 postea

387 3227 525 3278 haec
559 3228 875 3292 adscripsit:
924 3229 1104 3290 „Nam
1141 3228 1333 3291 fallor,
1383 3235 1479 3279 aut

390 3297 596 3346 frustra
655 3298 983 3347 desudamus
1041 3298 1097 3346 in
1145 3297 1478 3362 exploranda

389 3364 618 3414 historia
655 3366 939 3416 milidonis
971 3370 1229 3446 pastoris,
1279 3368 1328 3416 si
1364 3368 1479 3432 qui-

391 3434 513 3483 dem
549 3449 615 3482 ea
646 3433 716 3482 ad
755 3433 971 3484 fabulas
1008 3435 1191 3497 epicas
1224 3437 1477 3498 pertinet,

391 3502 586 3566 quibus
625 3517 711 3551 res
735 3503 1036 3567 Aegyptias
1065 3503 1207 3567 apud
1233 3504 1479 3554 Herodo-

391 3575 506 3621 tum
552 3575 608 3620 et
655 3571 954 3621 Diodorum
1000 3571 1364 3636 interspersas
1410 3574 1477 3622 si·

391 3639 729 3706 gnificavi'in
754 3640 986 3704 praefat.
1010 3640 1099 3691 ad.
1120 3640 1358 3705 Symbol.
1382 3642 1476 3692 IV.

389 3727 443 3776 p.
480 3709 589 3760 VII
625 3709 781 3774 seq.“
855 3710 942 3760 Tu
978 3709 1092 3760 vid.
1127 3713 1269 3760 nott.
1298 3710 1371 3760 ad
1400 3712 1477 3772 11,

397 3779 510 3830 100.
563 3780 838 3830 Mannert.
895 3776 1116 3845 (Geogr.
1173 3779 1224 3829 d.
1281 3780 1373 3830 Gr.
1423 3795 1476 3829 u.

387 3850 579 3899 Roem.
616 3849 695 3910 X,
735 3849 784 3898 1.
831 3862 885 3911 p.
921 3849 1025 3898 458
1062 3847 1201 3913 seq.)
1249 3847 1479 3899 locutio-

387 3932 511 3967 nem
562 3918 844 3967 Herodoto
895 3918 1023 3982 ipsi‚
1086 3923 1147 3966 ut
1204 3918 1476 3982 opinatur,

389 4001 500 4035 ιιοιι
535 3987 671 4036 satis
695 3986 1047 4048 intellectam,
1085 3986 1157 4036 ad
1183 3986 1319 4037 illud
1345 3992 1478 4037 tem-

389 4069 519 4118 pus,
561 4071 667 4120 quo
700 4055 1036 4105 Phoenicum
1071 4061 1263 4121 gentes
1294 4062 1478 4122 pasto-

389 4123 551 4173 ritiae
591 4125 874 4187 imperium
912 4125 1151 4190 Aegypti
1184 4128 1476 4190 tenuerint,

389 4192 616 4243 relatam
655 4193 795 4243 vult.
866 4194 1000 4244 Inde
1038 4210 1253 4259 quoque
1299 4196 1340 4245 ii
1373 4196 1476 4245 viri

390 4260 566 4324 docti,
605 4263 723 4326 qui,
769 4266 830 4312 ut
867 4263 1025 4312 modo
1060 4263 1325 4328 vidimus,
1375 4266 1478 4315 Pa-

387 4331 747 4382 laestinenses
781 4332 898 4383 sive
932 4331 1263 4383 Philistaeos
1295 4335 1350 4383 in
1376 4336 1478 4385 Ae-

1593 880 1818 940 gyptum
1848 856 2122 942 ingressos
2147 877 2418 929 inferioris
2442 880 2680 946 Aegypti

1593 945 1875 1009 imperium
1915 946 2216 996 obtinuisse
2251 953 2518 1012 statuunt,
2560 952 2677 1015 ipso

1593 1014 1846 1065 Philitidis
1871 1013 2164 1080 (Φιλίτιος)
2188 1018 2405 1068 nomine
2432 1019 2487 1069 id
2517 1036 2678 1085 quam

1593 1085 1825 1134 maxime
1858 1085 2077 1149 probari
2112 1090 2336 1148 putant,
2375 1088 2521 1153 quod
2555 1105 2678 1139 con-

1592 1155 1778 1203 veniat
1815 1170 1934 1204 cum
1970 1154 2243 1205 Helstaica
2268 1172 2403 1206 voce
2440 1157 2676 1232 ηῃχῄξε,

1594 1255 1703 1304 qua
1735 1237 1877 1289 hanc
1923 1239 2095 1304 ipsam
2143 1247 2358 1306 gentem
2395 1243 2452 1292 in
2504 1237 2677 1293 sa'cri's

1592 1307 1747 1359 libris
1781 1307 2047 1359 declarari
2082 1316 2329 1361 constat:
2370 1313 2480 1362 vid.
2514 1313 2676 1363 Gess-

1594 1379 1716 1428 nius
1764 1380 1821 1436 in
1866 1377 2029 1428 Thes.
2078 1380 2141 1429 L.
2191 1380 2360 1430 Hebr.
2408 1398 2459 1447 p.
2512 1382 2675 1441 1107;

1591 1447 1887 1513 eodemque
1951 1449 2117 1499 etiam
2181 1456 2430 1514 spectare
2486 1450 2679 1501 volunt

1593 1532 1687 1566 eos
1725 1533 1909 1582 reges,
1962 1518 2055 1583 qui
2093 1517 2358 1575 Φοίνικες
2393 1517 2547 1581 ξένοι
2580 1517 2677 1585 βα-

1593 1586 1763 1644 σιλεῖς
1830 1587 1886 1636 in
1939 1586 2285 1638 Manethonis
2343 1589 2465 1639 loco
2515 1604 2681 1654 supra

1593 1655 1759 1705 allato
1817 1655 2189 1720 appellantur;
2238 1658 2382 1707 conf.
2432 1658 2677 1722 inprimis

1590 1724 1787 1775 Roeth.
1824 1724 1861 1773 l.
1899 1724 1935 1773 l.
1971 1740 2097 1788 pag.
2139 1726 2171 1775 5
2208 1730 2347 1775 nott.
2371 1764 2384 1788 ,
2444 1728 2676 1790 Lepsius

1590 1792 1917 1858 chronolog.
1955 1794 2003 1843 Ι.
2043 1809 2099 1856 p.
2136 1793 2258 1843 290.
2296 1795 2417 1846 302.

1919 1947 2054 1996 Car.
2092 1945 2339 1997 CXXIX.

1657 2046 1983 2115 βασιλεῦσαι
2002 2039 2291 2112 Αἰγύπτου
2312 2049 2671 2115 Μυκερῖνον]

1586 2119 1746 2183 Apud
1767 2117 2066 2168 Diodorum
2094 2120 2141 2181 Ι,
2172 2116 2257 2180 64,
2294 2120 2384 2185 qui
2419 2135 2539 2169 cum
2563 2120 2671 2169 He-

1587 2188 1780 2239 rodoto
1832 2188 1887 2237 in
1932 2188 2028 2251 iis,
2083 2203 2221 2254 quae
2276 2189 2344 2239 de
2393 2188 2497 2239 hoc
2544 2203 2673 2253 rege

1587 2258 1894 2320 traduntur,
1931 2273 2154 2322 prorsus
2186 2259 2476 2320 consentit,
2511 2272 2673 2307 voca-

1587 2332 1676 2377 tur
1703 2325 2134 2406 Μυκερινος,
2175 2324 2243 2376 οῖ’
2268 2341 2416 2383 τινες
2447 2326 2670 2391 Μεχε-

1590 2399 1793 2458 ρῖνον
1847 2387 2247 2460 ὀνομάζουσιν,
2314 2396 2459 2462 quod
2494 2396 2673 2460 ipsum

1587 2481 1778 2515 nomen
1812 2466 2075 2515 sermonis
2107 2465 2321 2529 Coptici
2362 2481 2463 2529 ope
2491 2468 2676 2531 Zoega

1588 2535 1654 2585 de
1690 2534 1851 2584 obell.
1899 2551 1951 2599 p.
2002 2534 2104 2583 415
2149 2534 2388 2598 explicat
2429 2537 2674 2600 tranquil-

1583 2608 1696 2654 lum.
1769 2604 2013 2665 Quocum
2050 2603 2306 2652 convenit
2331 2619 2491 2665 sane,
2527 2604 2671 2668 quod

1582 2664 1762 2737 ἤπιον
1811 2670 2040 2720 eundem
2084 2687 2266 2736 regem
2325 2672 2459 2721 dicit
2499 2673 2673 2722 Hero-

1586 2742 1767 2791 dotus.
1852 2739 1960 2790 Sed
2014 2755 2199 2789 verum
2254 2741 2399 2805 regis
2454 2756 2668 2801 nomen,

1585 2826 1651 2860 ex
1687 2810 2079 2874 Aegyptiorum
2129 2809 2489 2859 monumentis
2525 2811 2671 2874 ipso-

1584 2896 1689 2945 que
1732 2880 1878 2943 regis
1930 2879 2268 2945 sarcophago
2321 2880 2377 2928 in
2429 2879 2671 2930 eiusdem

1581 2948 1861 3015 pyramide
1914 2953 2193 2999 asservato
2246 2965 2390 2999 nunc
2439 2953 2669 3012 erutum,

1584 3018 1840 3069 Menkera
1878 3031 1923 3067 s.
1966 3018 2126 3068 Men·
2140 3017 2242 3068 ka·
2255 3035 2314 3068 re
2358 3019 2489 3069 iam
2505 3035 2672 3085 supra

1579 3087 1862 3139 attulimus
1891 3087 2053 3151 adn,
2085 3090 2202 3151 124,
2229 3089 2320 3138 ubi
2344 3089 2454 3139 vid.
2484 3088 2667 3140 laudd.

1582 3158 1747 3209 Plura
1782 3173 1997 3223 qnoque
2030 3127 2184 3209 dabit
2204 3157 2375 3209 Raoul
2402 3158 2671 3208 Rochette

1580 3227 1811 3279 Journal
1848 3227 1900 3277 d.
1943 3229 2072 3279 Sav.
2113 3227 2266 3279 1844.
2306 3244 2360 3292 p.
2404 3227 2537 3288 178,
2578 3229 2668 3292 qui

1579 3313 1775 3347 nomen
1825 3296 1930 3347 hoc
1985 3298 2054 3347 ab
2103 3296 2468 3346 Eratosthene
2520 3300 2670 3345 recte

1582 3366 1840 3431 explicari
1848 3359 2189 3414 Ηὶιόδοτον
2214 3364 2516 3414 admonuit.
2584 3366 2668 3414 De

1579 3436 1740 3484 huius
1766 3436 1914 3498 regis
1945 3438 2127 3484 aetate
2152 3430 2535 3482 constituenda
2558 3447 2666 3482 non

1580 3505 1755 3567 magis
1796 3503 1932 3553 certi
1978 3503 2108 3566 quid
2152 3500 2504 3566 pronuntiare
2538 3500 2669 3551 licet

1582 3587 1741 3637 quam
1779 3571 1847 3621 de
1882 3571 2220 3636 Chephrene;
2258 3567 2373 3619 vid.
2415 3573 2557 3620 nott.
2596 3571 2667 3620 ad

1581 3641 1669 3702 11,
1710 3641 1808 3690 127
1857 3645 1912 3690 et
1951 3640 2087 3693 136..
2152 3640 2323 3701 Quem
2363 3640 2536 3704 viginti
2576 3654 2669 3690 an·

1582 3725 1682 3759 nos
1720 3724 1981 3774 regnasse
2016 3709 2212 3759 statuit
2241 3708 2575 3771 Larcherus,
2620 3710 2667 3758 is

1583 3778 1727 3843 apud
1746 3778 2040 3829 Manethon
2049 3794 2131 3827 em
2152 3779 2425 3843 sexaginta
2442 3786 2550 3829 tres
2575 3794 2668 3828 an-

1580 3863 1681 3898 nos
1715 3863 1939 3928 regnum
1970 3848 2211 3898 tenuisse
2239 3848 2456 3899 dicitur.
2481 3878 2551 3889 —-
2581 3849 2667 3899 De

1580 3932 1685 3967 usu
1702 3918 1853 3968 verbi
1877 3908 2126 3967 ἀπαδεῖν
2155 3917 2522 3984 (displicuisse)
2551 3917 2668 3983 plu-

1580 3988 1732 4038 ribus
1783 3987 2065 4039 admonuit
2107 3988 2303 4038 Struve
2350 3988 2584 4054 Opuscc.
2618 3989 2665 4038 Ι.

1580 4071 1707 4122 pag.
1747 4055 1868 4108 249.

1651 4121 1747 4175 καὶ
1778 4118 1881 4176 τὸν
1903 4118 2046 4176 λεων
2067 4118 2409 4191 τετρυμένον
2440 4141 2493 4180 κ,
2515 4142 2562 4176 τ.
2591 4125 2663 4192 λ..]

1580 4195 1665 4246 Ad
1688 4193 2029 4259 τετρυμένον
2052 4197 2368 4258 conf.1,22
2390 4197 2523 4261 ibiq.
2546 4203 2662 4249 not.

1580 4266 1646 4314 In
1686 4281 1836 4330 seqq.
1876 4260 2009 4329 ἔργα
2036 4267 2260 4330 quaevis
2286 4281 2406 4315 esse
2439 4271 2670 4331 possunt

1580 4337 1779 4398 negotia
1804 4336 2100 4397 domestica,
2139 4336 2236 4386 sed
2258 4339 2448 4385 rustica
2477 4336 2667 4399 opinor
