3109 5092
401 750 519 812 124

532 363 697 425 706·

1399 355 1933 418 HERODOTI

533 557 771 619 σαντο,
812 538 881 602 οἰ
899 533 1026 620 μὲν
1052 529 1413 619 πρότερον,
1461 533 1530 596 oc
1554 529 1629 597 δὲ
1655 525 1926 616 ὗστρον,
1973 521 2062 605 ὡς
2098 530 2251 619 ἰδίῳ
2280 528 2557 596 ἑωυτῶν
2586 526 2773 595 ἐόντι
2793 547 2811 561 ·

534 644 672 707 τῶν
696 632 828 723 ἐγώ
859 632 1054 714 εἰδώς
1080 631 1161 701 τὰ
1191 631 1530 720 οὐνόματα
1559 630 1641 700 οὐ
1662 630 1923 721 γράφω.

681 740 903 827 Μέχρι
932 740 1057 826 μέν
1083 764 1216 805 νυν
1232 732 1664 823 Ῥαμψινίτου
1690 736 1996 823 βασιλέος
2026 729 2200 800 εἶναι
2230 732 2304 800 ἐν
2318 730 2643 822 Αἰγύπτῳ
2675 735 2813 798 πᾶ-

535 862 665 911 σαν
693 846 1015 929 ἐυνομίην
1045 846 1311 926 ἔλεγον,
1351 838 1464 905 καὶ
1495 834 1855 924 εὐθηνέειν
1882 845 2236 921 Αἴγυπτον
2264 835 2589 922 μεγάλως.
2641 831 2819 921 μετὰ

539 946 612 1014 δὲ
651 949 926 1029 τοῦτον,
984 939 1480 1029 βασιλεύσαντά
1521 960 1755 1027 σφεων
1802 941 2031 1008 Χέοπα
2086 941 2153 1017 ἐς
2205 942 2429 1006 πᾶσαν
2475 934 2819 1024 κακότητα

535 1137 862 1204 Empedocle
908 1137 997 1188 hic
1040 1136 1218 1187 intelli

535 1210 664 1259 doto
725 1208 924 1257 statuit
983 1221 1198 1271 quoque
1238 1206 1435 1257 Boeth.
1485 1206 1524 1256 1.
1575 1206 1614 1255 l.

535 1281 676 1327 nott.
711 1292 839 1341 pag.
877 1277 1006 1334 2253
1045 1275 1114 1325 de
1146 1276 1465 1340 Pythagora.
1486 1289 1619 1339 quo·

536 1360 642 1409 que
688 1344 956 1409 cogitavit
1001 1344 1254 1394 Gatterer
1289 1342 1328 1394 l.
1377 1343 1413 1394 l.
1455 1360 1507 1409 p.
1547 1343 1617 1394 53

537 1419 593 1463 et
629 1412 892 1462 Cannelin
920 1413 957 1462 1.
1006 1410 1045 1463 l.
1082 1427 1208 1476 pag.
1261 1413 1342 1474 ll,
1379 1414 1617 1477 itemque

534 1481 765 1542 Krische
826 1480 934 1546 (De
986 1481 1237 1530 societat.
1296 1497 1330 1531 a
1375 1482 1614 1546 Pythag.

537 1549 694 1600 cond.
718 1565 882 1614 scopo
902 1548 1109 1615 politic.
1136 1565 1264 1615 pag.
1280 1551 1330 1600 5.
1368 1550 1442 1601 cf.
1458 1552 1620 1601 Goet-

535 1618 1617 1751 ting.Gel.Ann.1844.tpa{.183)‚

538 1689 632 1752 qui
665 1689 845 1737 verbis
881 1686 1210 1738 Herodoteis
1247 1700 1277 1735 ο
1410 1703 1443 1737 ν
1474 1682 1617 1751 πρό-

532 1768 700 1833 τερον
758 1756 1152 1818 Pythagoram,
1216 1757 1396 1801 verbis
1444 1751 1504 1800 υῖ
1554 1750 1619 1798 δὲ

532 1813 774 1886 ὕστερον
802 1819 1190 1887 Empedoclem
1209 1820 1507 1885 significari
1530 1835 1619 1869 ar-

533 1893 787 1942 bitratur.
855 1891 1036 1956 Atque
1071 1889 1213 1940 huuc
1247 1890 1422 1953 ipsum
1457 1888 1619 1952 Agri-

535 1961 816 2026 gentinum
831 1959 1206 2024 philosophum
1219 1993 1233 2020 ,
1270 1959 1621 2021 transmigra-

539 2030 706 2080 tionis
725 2032 1000 2078 auctorem
1024 2027 1417 2077 nobilissimum
1443 2042 1508 2076 ac
1527 2026 1619 2076 do-

536 2099 745 2147 ctrinae
775 2096 936 2147 laude
969 2096 1374 2146 celeberrimum
1402 2096 1469 2146 ob
1496 2110 1622 2145 ocu-

534 2157 618 2217 los
676 2167 935 2215 Nostrum
992 2166 1283 2229 praecipue
1343 2164 1620 2227 hahuisse,

540 2249 660 2284 cum
694 2234 833 2296 haec⁴
849 2233 1110 2283 scriberet
1139 2232 1446 2298 aequalium
1469 2248 1623 2299 prae-

541 2302 725 2352 sertim
745 2303 894 2352 furta
919 2306 1133 2364 notans,
1157 2302 1485 2352 contendere
1509 2307 1622 2352 stu-

538 2370 659 2420 duit
709 2369 1058 2420 Backhuizen
1105 2386 1214 2421 van
1265 2370 1360 2421 der
1419 2372 1619 2421 Brink:

538 2440 699 2491 Varr.
733 2440 914 2491 Lectt.
950 2454 1016 2489 ex
1048 2439 1177 2488 hist.
1216 2439 1411 2503 philos.
1444 2441 1619 2506 antiq.

539 2508 821 2573 (Lug-dun.
865 2510 1060 2558 Batav.
1104 2507 1259 2572 1842)
1295 2523 1422 2574 pag.
1461 2511 1620 2572 4—-7,

540 2578 906 2642 Pythagoram
975 2578 1173 2642 quippe
1227 2577 1316 2630 ab,
1357 2579 1621 2629 Herodoti

539 2647 871 2712 temporibus
912 2648 1251 2697 remotiorem
1300 2651 1354 2697 et
1395 2649 1464 2697 ab
1499 2650 1620 2712 ipso

533 2715 814 2766 laudatum
852 2715 977 2779 (IV,
1015 2715 1106 2781 95)
1127 2716 1392 2778 eximens;
1430 2718 1487 2766 in
1514 2731 1621 2782 quo

540 2785 828 2835 oblocutus
863 2788 948 2834 est
969 2785 1198 2836 Krische
1227 2785 1267 2834 l.
1305 2785 1342 2835 l.
1412 2787 1493 2837 Ac
1516 2787 1623 2849 Py-

538 2854 822 2918 thagoram
842 2853 1016 2917 ipsum
1039 2854 1084 2902 si
1110 2855 1369 2904 exemeris
1386 2890 1400 2916 ,
1437 2869 1622 2919 quam-

539 2935 701 2984 quam
723 2921 873 2971 nulla
900 2922 1115 2971 videtur
1140 2923 1269 2971 mihi
1302 2937 1422 2972 esse
1451 2937 1623 2973 causa

537 2989 751 3048 idonea,
778 2993 925 3038 certe
957 2989 1330 3054 Pythagoreos
1357 2992 1622 3055 quosdam

540 3069 573 3104 a
607 3056 809 3105 Nostro
843 3056 930 3104 hic
973 3060 1125 3122 tangi
1171 3058 1416 3123 aliosque
1453 3060 1619 3110 etiam

535 3123 779 3174 homines
823 3124 1072 3174 diversae
1131 3127 1330 3175 aetatis
1377 3132 1621 3180 statuen-

538 3191 665 3241 dum
682 3193 800 3254 erit,
838 3194 1272 3258 quandoquidem
1298 3195 1494 3259 plurali
1522 3212 1621 3246 nu-

537 3275 683 3311 mero
716 3229 890 3312 utitur
921 3263 1231 3314 Herodotus
1275 3269 1442 3344 atque
1478 3267 1620 3317 inter

535 3345 659 3392 eos,
707 3331 800 3395 qui
833 3328 1116 3394 πρότερον
1163 3339 1218 3383 et
1254 3334 1349 3397 qui
1377 3347 1621 3398 υστερον

536 3399 832 3462 floruerint,
874 3400 1153 3452 discernit.
1225 3403 1490 3467 Equidem
1518 3404 1616 3453 Or-

535 3466 722 3532 phieos
742 3484 972 3533 quoque,
999 3471 1090 3535 qui
1119 3471 1389 3534 dicuntur,
1427 3472 1549 3523 hic*
1533 3487 1615 3522 m-

534 3535 710 3601 telligi
755 3539 1085 3600 existimem,
1132 3539 1198 3590 de
1242 3555 1467 3605 quorum
1502 3545 1616 3593 stu-

537 3606 642 3655 diis
678 3608 737 3654 in
770 3606 874 3658 hac
908 3577 1154 3658 doctri’na
1186 3608 1253 3658 de
1279 3611 1490 3660 animae
1522 3611 1621 3659 im-

536 3674 872 3726 mortalitate
907 3682 961 3727 et
986 3678 1311 3743 migratione
1332 3680 1475 3730 conf.
1512 3679 1621 3730 Lo·-

532 3741 670 3792 beck
707 3744 1064 3808 Aglaopham.
1102 3762 1155 3811 p.
1179 3747 1283 3798 800
1317 3761 1470 3813 seqq.
1492 3746 1619 3799 coll.

534 3826 660 3875 pag.
702 3813 825 3863 241.
895 3814 964 3864 Id
1000 3830 1128 3865 vero
1166 3817 1283 3866 viro
1320 3815 1480 3867 docto
1514 3818 1622 3866 Ba·

535 3883 663 3928 tavo
690 3879 800 4010 gyf.
813 3896 938 3998 pa}
962 3883 1015 3960 5)
1038 3885 1414 3965 concesserim,
1451 3886 1620 3937 verba

532 3944 647 4024 τῶι)
859 3963 884 3998 ε
912 3944 1027 4008 δὼς
1084 3945 1153 4001 τὰ
1199 3945 1492 4016 οὐνόματα
1546 3945 1617 4003 οὖ

533 4027 733 4079 γραφω
784 4020 1174 4071 contumeliose
1243 4022 1393 4072 dicta
1439 4021 1615 4072 videri

532 4098 643 4132 non
686 4082 846 4135 aliter
885 4091 1049 4151 atque
1089 4089 1183 4151 IV,
1234 4090 1302 4140 43
1341 4095 1396 4141 et
1441 4092 1486 4152 1,
1521 4092 1610 4153 51,

531 4151 628 4201 ubi
687 4152 891 4203 similes
944 4127 1234 4206 occurrulit
1286 4158 1612 4212 locutiones.

530 4222 611 4272 Ac
647 4222 927 4284 probabile
971 4224 1095 4274 inde
1138 4241 1258 4276 esse
1295 4233 1453 4291 putat
1487 4230 1609 4280 Em.

529 4289 736 4340 David·
773 4290 984 4374 Iupiter
1009 4293 1086 4344 11.
1119 4309 1245 4358 pag.
1267 4295 1388 4360 333,
1411 4303 1614 4360 mysta-

529 4373 729 4425 gogos,
765 4362 859 4425 qui
892 4361 948 4410 in
983 4363 1258 4428 mysteriis
1284 4364 1422 4415 talia
1457 4381 1613 4416 exco-

1220 1137 1276 1203 εἰ
1320 1137 1389 1187 ab
1437 1136 1615 1187 Hero-
1648 1127 1653 1134 ⁴

1713 1138 1916 1188 luerint
1947 1141 2004 1187 et
2056 1135 2538 1201 amplificaverint,
2592 1135 2683 1186 hic
2716 1150 2821 1199 po-

1718 1208 1988 1256 tissimum
2032 1207 2185 1271 tangi
2240 1222 2274 1255 a
2326 1211 2481 1270 patre
2529 1205 2817 1268 historiae,

1718 1277 1810 1341 qui
1845 1274 2228 1339 Pherecydem,
2268 1275 2658 1340 Pythagoram,
2686 1276 2820 1324 Em-

1716 1344 1993 1409 pedoclem
2031 1346 2077 1393 si
2102 1344 2462 1394 intellexisset
2486 1344 2650 1405 solos,
2688 1343 2815 1392 nul-

1717 1414 1824 1463 lam
1863 1427 2085 1464 eausam
2123 1413 2433 1477 habuisset,
2472 1428 2568 1463 cur
2593 1412 2817 1461 illorum

1717 1483 1937 1533 nomina
1974 1482 2196 1533 celaret.

2052 1652 2186 1703 Car.
2227 1651 2470 1703 CXXIV.

1786 1749 1885 1798 καὶ
1936 1748 2316 1813 εὐθηνέειν
2372 1751 2666 1828 Alyvntov
2712 1766 2815 1814 με-

1718 1814 1924 1883 γαλως]
1962 1818 2047 1867 Ad
2083 1818 2306 1868 verbum
2325 1810 2631 1881 εὐθηνέειν
2656 1820 2809 1870 conf.

1722 1887 1768 1948 1,
1816 1886 1885 1937 66
1928 1887 2114 1951 ibique
2153 1891 2295 1936 nott.
2337 1915 2407 1924 —-
2442 1888 2715 1939 Diodorus
2758 1890 2808 1952 Ι,

1721 1956 1790 2005 62
1832 1955 1925 2006 fin.
1968 1955 2094 2006 huic
2137 1958 2253 2021 reg-i
2300 1957 2427 2006 boni
2477 1957 2691 2021 quidem
2728 1959 2815 2007 di-

1721 2026 2059 2089 spensatoris
2100 2025 2316 2075 laudem
2365 2025 2511 2075 haud
2550 2027 2813 2092 denegat,

1720 2095 1996 2159 ceteroqui
2031 2110 2160 2145 vero
2186 2095 2461 2145 sordidum
2492 2101 2659 2159 atque
2681 2111 2814 2147 ava-

1721 2178 1841 2213 rum
1875 2162 2146 2213 hominem
2184 2164 2356 2215 fuisse
2387 2165 2597 2216 scribit.

1789 2225 2200 2297 βασιλεύσαντά
2273 2246 2464 2296 σφεων
2542 2231 2810 2299 Χέοπα]

1722 2302 1829 2363 Qui
1866 2302 1920 2352 h.
1954 2300 1990 2351 l.
2035 2307 2091 2352 et
2140 2317 2290 2367 seqq.
2333 2317 2493 2368 capp.
2529 2303 2600 2353 ab
2634 2305 2813 2354 Hero-

1727 2371 1857 2421 doto
1900 2370 2249 2434 proferuutur
2291 2375 2404 2421 tres
2450 2386 2605 2437 reges
2650 2388 2815 2437 pyra·

1726 2439 1927 2489 midum
1975 2445 2368 2503 exstructores,
2409 2441 2628 2503 oneum,
2684 2443 2815 2492 cne-

1718 2510 1858 2571 fren.
1886 2508 2198 2573 Myon-inus,
2220 2525 2403 2560 eorum
2420 2512 2641 2560 nomina
2661 2526 2813 2561 nunc

1728 2592 1794 2627 ex
1828 2578 1962 2641 ipsis
1998 2581 2389 2642 monumentis,
2420 2594 2561 2644 quae
2597 2586 2813 2630 exstru-

1724 2647 1872 2697 xisse
1896 2648 2157 2709 feruntur,
2178 2649 2314 2697 satis
2339 2654 2620 2698 constant·
2643 2650 2813 2712 Chal&

1728 2714 1799 2781 (s.
1853 2716 2087 2778 Schusu,
2144 2685 2366 2780 hoium,
2426 2723 2489 2766 ut
2541 2717 2812 2768 Rosellini

1724 2784 1960 2849 scribit),
1998 2785 2195 2848 Chalra
2215 2784 2282 2850 (s.
2309 2786 2563 2848 Schefre,
2580 2786 2808 2850 Khefre,

1722 2853 1840 2904 sive
1859 2822 2172 2918 δεπέεοίυΐο,
2208 2859 2270 2904 ut
2288 2855 2478 2905 scribit
2496 2856 2807 2922 Rosellini),

1724 2923 2005 2984 Menkera3
2061 2924 2153 2989 qui
2181 2924 2291 2988 ipsi
2327 2939 2449 2974 cum
2484 2924 2550 2974 iis
2583 2926 2808 2990 regibus

1721 2993 2079 3054 conveniunt,
2117 2994 2210 3056 qui
2244 2995 2390 3058 apud
2418 2994 2807 3044 Manethonem

1722 3061 1778 3109 in
1795 3067 1992 3125 quarta
2009 3062 2425 3125 Memphitarum
2442 3062 2695 3143 dynastia
2724 3079 2809 3113 re-

1722 3129 1995 3180 feruntur:
2025 3129 2217 3209 Snpkis
2253 3121 2651 3194 (Σοῦφις-“
2606 3145 2685 3212 ος
2699 3124 2809 3196 τὴν

1718 3197 1988 3276 μεγίστην
2012 3189 2210 3278 ἤγειρε
2230 3198 2557 3276 πυραμίδα,
2594 3190 2670 3265 ἣν
2693 3217 2806 3265 φη-

1721 3278 1813 3314 σιν
1837 3259 2148 3348 Ἡρόδοτος
2182 3258 2298 3316 ὑπὸ
2326 3265 2554 3347 Χέοπος
2579 3268 2803 3333 γεγονέ-

1721 3346 1833 3383 ναι·
1892 3326 2064 3392 οὗτος
2111 3329 2177 3385 δὲ
2218 3331 2315 3385 καὶ
2355 3326 2686 3401 ὑπερόπτης
2720 3334 2806 3395 εἰς

1715 3397 1896 3462 θεοὺς
1916 3395 2128 3468 ἐγένετο
2148 3420 2199 3454 κ.
2214 3421 2262 3454 τ.
2281 3403 2328 3453 λ..
2344 3405 2582 3470 Syncelli
2598 3407 2801 3458 Chron.

1714 3487 1842 3537 pag.
1882 3474 1951 3523 56
1970 3488 2084 3538 seq.
2109 3473 2227 3523 sive
2260 3489 2386 3538 pag.
2430 3476 2529 3526 105
2559 3491 2675 3540 seq.
2712 3476 2800 3526 ed.

1714 3541 2164 3605 Bonn.);Supk1·s
2199 3541 2340 3592 alter
2374 3548 2431 3594 et
2468 3544 2799 3605 Menidan-283

1719 3608 1831 3659 vid.
1859 3611 1930 3660 H.
1953 3610 2227 3676 Brugsch:
2260 3612 2449 3662 Lettre
2470 3628 2539 3662 au
2564 3614 2802 3663 vicomte

1719 3679 1785 3728 de
1822 3680 2012 3743 Rouge
2054 3695 2183 3745 pag.
2229 3680 2314 3741 33,
2362 3679 2623 3731 Rosellini
2646 3682 2798 3733 Mon.

1717 3749 1906 3810 storie.
1942 3749 1988 3797 Ι.
2026 3764 2153 3814 pag.
2202 3749 2303 3800 126
2337 3764 2508 3815 seqq„
2557 3751 2798 3801 Boeckh.

1713 3816 1752 3869 l.
1792 3816 1827 3866 l.
1859 3832 1988 3882 pag.
2028 3819 2148 3879 596,
2183 3816 2510 3870 Wilkinson.
2541 3820 2801 3870 Manners

1716 3890 1823 3937 etc.
1866 3886 1913 3936 1.
1949 3901 2003 3950 p.
2050 3886 2114 3937 19
2151 3900 2287 3953 seq.,
2324 3887 2585 3952 Lepsiusz
2634 3888 2801 3938 Chro-

1717 3955 1900 4020 nolog.
1938 3955 1991 4005 d.
2029 3955 2263 4020 Aegypt.
2302 3957 2352 4005 Ι.
2384 3972 2512 4021 pag.
2544 3956 2640 4008 301
2672 3956 2798 4008 coll.

1717 4024 1964 4074 Bunsen:
2000 4024 2237 4088 Aegypt.
2275 4024 2444 4075 Stelle
2480 4030 2583 4075 etc.
2622 4026 2704 4076 11.
2740 4041 2798 4090 p.

1718 4092 1811 4142 121
1848 4108 1998 4157 seqq.
2065 4094 2273 4143 Nomen
2308 4093 2519 4157 Cheopis
2553 4110 2598 4144 s.
2637 4095 2801 4156 Chusa

1712 4160 1985 4226 lapidibus
2025 4176 2269 4212 camerae
2302 4162 2619 4227 sepulcralis
2644 4164 2700 4212 iu
2719 4164 2801 4212 in-

1713 4231 1914 4281 teriore
1960 4231 2256 4295 pyramidis
2305 4231 2372 4280 ab
2422 4233 2542 4295 ipso
2588 4235 2799 4282 exstru-

1715 4305 1838 4350 ctae
1879 4305 2035 4364 parte
2092 4301 2323 4351 incisum
2369 4300 2548 4349 adhuc
2596 4301 2799 4364 reperi-

1714 4372 1832 4429 tur3
1882 4369 1940 4417 in
1983 4369 2095 4420 alio
2140 4369 2390 4434 sepulcro
2438 4384 2605 4434 prope
2654 4368 2800 4420 hanc
