3109 5092
1003 337 1495 399 EUTERPE.
1539 338 1626 398 11.
1672 346 1792 403 139.
1842 346 1960 402 140.

2493 337 2616 399 747

345 509 600 597 ταύτην
660 512 882 596 λέγειν
934 507 1175 595 αὐτὸν,
1247 505 1338 589 ὥς
1390 510 1737 600 πρόφασίν
1789 517 1859 580 οἰ
1894 512 2116 581 δοκέοι
2161 511 2414 601 ταύτην
2462 511 2620 594 τούς

345 611 555 693 θεοὺς
582 612 1065 703 προδεικνύναι
1082 664 1100 698 ,
1142 617 1258 682 ἵνα
1285 611 1616 702 ἀσεβήσας
1650 617 1805 702 περὶ
1831 613 1912 683 τα
1939 612 2080 703 ἱρά,
2118 614 2331 684 κακόν
2360 643 2424 684 τι
2452 614 2619 702 πρὸς

348 721 536 786 θεῶν
561 710 603 804 ἢ
641 714 806 805 πρὸς
845 713 1237 802 ἀνθρώπων
1268 716 1491 805 λάβοι·
1540 715 1666 786 οὐκ
1697 708 1794 786 ὦν
1821 718 2129 807 ποιήσειν
2154 724 2365 787 ταῦτα
2383 740 2397 754 ·
2448 716 2617 788 ἀλλὰ

350 820 476 909 γάρ
518 824 588 887 οἰ
618 822 1096 907 ἐξεληλυθέναι
1134 817 1253 888 τὸν
1292 820 1573 909 χρόνον,
1627 817 1871 890 ὁκόσον
1906 826 2282 910 κεχρῆσθαι
2323 819 2618 907 ἄρξαντα

351 921 706 1009 Αἰγύπτου
760 919 1187 1012 ἐκχωρήσειν.
1272 926 1348 992 ἐν
1389 922 1518 1013 γὰρ
1572 930 1654 1014 τῇ
1699 930 2031 1014 Αἰθιοπίῃ
2084 923 2262 994 ἐόντι
2311 921 2496 1016 αὐτῷ
2537 923 2618 994 τὰ

350 1024 674 1114 μαντήια,
731 1041 901 1095 τοῖσι
947 1028 1272 1112 χρέωνται
1319 1033 1690 1110 Αἰθίοπες,
1752 1024 2008 1108 ἀνεῖλε,
2080 1023 2168 1107 ὦς
2210 1031 2351 1097 δέοι
2407 1025 2618 1096 αὐτὸν

352 1129 707 1217 Αἰγύπτου
735 1134 1129 1217 βασιλεῦσαι
1171 1134 1322 1197 ἔτεα
1359 1129 1796 1219 πεντήκοντα.
1850 1125 1938 1210 ὥς
1967 1122 2065 1200 ὧν
2094 1127 2130 1198 ὁ
2158 1130 2394 1219 χρόνος
2422 1121 2618 1210 οὗτος

351 1232 548 1321 ἐξήϊε,
585 1235 697 1301 καὶ
728 1229 940 1301 αὐτὸν
965 1227 1005 1321 ἡ
1035 1230 1187 1313 ὄψις
1213 1237 1334 1300 τοῦ
1367 1235 1697 1302 ἐνυπνίου
1726 1233 2164 1322 ἐπετάρασσε,
2199 1232 2374 1303 ἑκών
2400 1230 2613 1303 ἀπαλ-

350 1335 660 1405 λάσσεται
702 1338 774 1404 ἐκ
815 1342 931 1422 τῆς
976 1334 1330 1422 Αἰγύπτου
1373 1332 1408 1405 ὁ
1452 1336 1806 1424 Σαβακῶς.
1864 1333 1978 1416 Ὡς
2026 1334 2088 1406 δ’
2135 1333 2264 1423 ἄρα
2308 1347 2613 1424 οἴχεσθαι
2634 1345 2753 1406 140

349 1436 469 1507 τὸν
497 1445 800 1507 Αἰθίοπα
843 1441 907 1520 ἐξ
937 1438 1330 1525 Αἰγύπτου,
1370 1430 1560 1518 αὖτις
1602 1436 1722 1508 τὸν
1761 1437 2024 1527 τυφλὸν
2064 1438 2330 1528 ἄρχειν,
2381 1443 2455 1509 ἐκ
2480 1446 2619 1510 τῶν

351 1544 559 1610 ἑλέων
587 1538 1029 1630 ἀπικόμενον·
1068 1547 1241 1610 ἔνθα
1265 1542 1682 1632 πεντήκοντα
1711 1548 1881 1628 ἔτεα,
1913 1548 2123 1631 νῆσον
2141 1543 2360 1631 χώσας
2387 1550 2619 1637 σποδῷ

347 1672 417 1713 τε
459 1646 572 1713 καὶ
612 1650 727 1732 γῇ,
775 1653 975 1713 οἴκεε.
1051 1641 1232 1723 ὅπως
1286 1645 1413 1732 γάρ
1457 1650 1528 1713 οἱ
1565 1650 1810 1732 φοιτᾶν
1849 1660 2038 1714 σῖτον
2072 1643 2357 1732 ἄγοντας
2398 1653 2613 1733 Αἰγυ-

348 1755 596 1830 πτίων,
641 1742 729 1827 ὥς
757 1746 1089 1817 ἑκάστοισι
1122 1747 1613 1835 προστετάχθαι
1644 1753 1800 1838 σιγῇ
1830 1753 1954 1816 τοῦ
1982 1754 2350 1832 Αἰθίοπος,
2389 1752 2456 1828 ἐς
2492 1748 2618 1837 τὴν

349 1846 616 1938 δωρεὴν
651 1850 959 1919 κελεύειν
985 1851 1194 1938 σφέας
1226 1852 1338 1919 καὶ
1373 1848 1633 1919 σποδὸν
1665 1856 1979 1937 κομίζειν.
2044 1850 2299 1938 ταύτην
2335 1849 2463 1941 τὴν
2493 1858 2613 1941 νῆ-

344 1973 466 2021 σον
492 1949 717 2032 οὐδεὶς
748 1952 1079 2043 πρότερον
1107 1953 1457 2041 ἐδυνάσθη
1483 1951 1890 2041 Ἀμυρταίου
1916 1955 2237 2041 ἐξευρεῖν,
2267 1950 2437 2022 ἀλλὰ
2464 1960 2615 2024 ἔτεα

342 2151 442 2208 διὰ
462 2153 524 2208 δὲ
550 2157 807 2224 γλῶσσαν
834 2153 968 2226 τάμε
1003 2160 1293 2225 μέσσην,
1333 2162 1422 2213 Ili.

339 2229 511 2290 XIII,
541 2229 671 2286 397;
703 2227 880 2292 μέσον
916 2227 1110 2295 λαβεῖν
1137 2232 1281 2296 apud
1311 2233 1427 2280 Ari-

342 2298 592 2361 stophan.
649 2299 790 2350 Nub.
860 2299 1011 2350 1047.
1074 2302 1239 2365 Vesp.
1299 2304 1422 2351 260.

341 2367 576 2417 Acharn.
631 2370 733 2417 274
788 2369 913 2419 coll.
966 2370 1104 2419 Ran.
1163 2371 1297 2433 955,
1357 2386 1426 2421 ne

377 2436 512 2486 lura.

339 2452 373 2500 p
411 2496 487 2561 ὡς
523 2496 818 2566 πρόφασίν
855 2497 917 2554 οῖ
950 2502 1142 2553 δοκέοι
1181 2533 1249 2542 -
1285 2521 1424 2568 προ-

341 2566 638 2622 δεικνύναι
683 2590 735 2623 u.
789 2588 836 2623 τ.
882 2574 954 2638 1.]
1013 2576 1242 2624 Tractat
1291 2576 1426 2626 haec

341 2644 537 2693 Iacobs
574 2642 941 2707 (Vermischte
974 2643 1194 2694 Schrist.
1231 2645 1330 2694 VI.
1371 2661 1424 2708 p.

342 2712 467 2776 209)
519 2711 586 2761 «le
634 2727 700 2761 ea
742 2717 985 2763 veterum
1042 2715 1428 2777 superstitione

342 2797 592 2842 monens,
642 2796 751 2846 qua
796 2781 872 2831 dii
914 2780 1213 2844 hominem,
1267 2798 1426 2848 quem

340 2851 564 2915 perdere
611 2850 828 2912 volunt,
897 2868 959 2901 eo
1008 2852 1078 2902 ad
1132 2854 1424 2916 perniciem

338 2921 551 2970 trahere
586 2924 876 2983 putantur,
924 2926 985 2970 nt
1020 2921 1089 2972 ad
1128 2937 1300 2986 prava
1347 2923 1426 2972 fa·

338 2990 525 3039 cinora
551 3005 670 3039 eum
701 2990 940 3039 excitent
963 2991 1259 3056 horumque
1287 2992 1423 3042 adeo

338 3059 682 3109 occasionem
738 3058 994 3120 afferant,
1064 3076 1174 3125 qua
1230 3066 1422 3126 captus

338 3130 530 3188 fatum,
549 3128 585 3177 i.
601 3143 648 3178 e.
665 3143 894 3192 poenam
916 3128 1172 3190 debitam,
1192 3130 1422 3196 effugere

336 3203 595 3263 nequeat;
649 3197 915 3262 affer-tque
974 3199 1168 3249 Iacobo
1214 3200 1422 3251 Achabi

334 3267 621 3316 historiam
634 3266 739 3315 huc
755 3270 1090 3331 spectantem
1110 3285 1173 3318 ex
1186 3270 1243 3319 II
1258 3270 1423 3320 Chro-

335 3338 475 3386 nicc.
506 3336 722 3396 XVIII,
763 3337 823 3384 18
855 3351 1006 3401 seqq.
1065 3338 1223 3401 Apud
1246 3341 1421 3389 Hero-

337 3405 521 3455 dotum
541 3404 676 3454 haec
695 3405 988 3455 coniuncta
1011 3411 1137 3456 sunt
1159 3423 1279 3457 cum
1301 3424 1419 3458 sen-

336 3474 510 3523 tentia
549 3473 616 3523 de
653 3474 872 3524 deorum
923 3475 1131 3525 invidia
1171 3476 1419 3541 adeoque

335 3543 707 3608 providentia,
759 3543 824 3592 de
861 3558 967 3608 qua
1015 3544 1128 3594 vid.
1164 3549 1303 3594 nott.
1349 3546 1418 3595 ad

335 3614 390 3675 I,
428 3614 515 3664 32.
557 3639 622 3648 —
684 3611 747 3661 In
799 3627 950 3677 seqq.
1007 3613 1075 3661 ad
1120 3604 1260 3661 ἀλλὰ
1312 3606 1418 3677 γὰρ

335 3682 480 3732 conf.
527 3681 612 3742 11,
659 3681 775 3731 116.
832 3678 1146 3744 κεχρῆσθαι
1196 3682 1418 3746 passivo

334 3766 499 3801 sensu
523 3749 914 3812 accipiendum,
952 3756 1015 3799 ut
1037 3750 1082 3812 1,
1112 3750 1199 3801 40.
1226 3752 1302 3812 11,
1333 3751 1414 3800 18.

333 3820 438 3880 W,
481 3820 598 3869 164.
636 3819 773 3879 VII,
817 3820 941 3881 141,
993 3834 1062 3872 ne
1106 3819 1290 3882 plura3
1335 3825 1421 3869 est

334 3888 477 3937 enim
514 3902 734 3938 sensus:
790 3892 1039 3952 „tempus
1079 3888 1184 3938 sibi
1222 3889 1420 3939 exiisse

333 3955 649 4017 videbatur,
685 3972 791 4021 quo
824 3957 880 4005 in
904 3956 1145 4020 regenda
1167 3959 1418 4023 Aegypto

332 4024 545 4089 expleto
591 4026 719 4074 iude
764 4025 1025 4075 excedere
1079 4027 1148 4076 ab
1198 4027 1419 4079 oraculo

329 4094 513 4144 iussus
550 4093 730 4142 erat.“

399 4163 547 4210 τοῖσι
593 4158 862 4228 χρέωνται
899 4155 1203 4228 Αἰθίοπες]
1256 4161 1417 4213 Conf.

329 4246 496 4295 supra
536 4231 624 4290 II,
663 4230 752 4281 29.
792 4260 862 4270 —
910 4231 995 4281 Ad
1031 4246 1184 4295 seqq.
1224 4231 1415 4281 Creuz.

327 4300 519 4351 laudat
551 4299 747 4351 Gesen.
796 4300 866 4349 ad
904 4301 1067 4351 Iesai.
1104 4300 1323 4358 XVIII,
1368 4300 1415 4351 1.

325 4386 382 4441 p.
427 4371 551 4423 572.
654 4369 901 4422 Confert-i
964 4384 1178 4438 quoque
1236 4373 1419 4433 potest

1525 2161 1768 2211 Hoskins
1794 2161 2023 2212 Travels
2054 2162 2113 2211 in
2137 2160 2354 2227 Ethiop.
2392 2179 2518 2228 pag.
2547 2164 2617 2214 76

1525 2247 1642 2295 seq.
1695 2231 1980 2281 Caeterum
2006 2231 2075 2280 ad
2105 2229 2479 2296 argumentum
2506 2233 2614 2283 loci

1525 2302 1760 2350 conferri
1805 2305 1986 2364 potest
2016 2301 2240 2352 Diodor.
2279 2303 2332 2362 Ι,
2371 2303 2468 2364 66,
2517 2305 2613 2367 qui

1525 2371 1772 2434 profecto
1809 2371 2093 2420 Sabacone
2128 2371 2440 2421 anarchiam
2476 2372 2613 2423 duos

1525 2454 1621 2503 per
1658 2455 1830 2490 annos
1863 2441 2035 2490 fuisse
2058 2441 2266 2503 scribit,
2304 2441 2428 2491 dein
2462 2457 2614 2492 secu-

1524 2513 1639 2557 tum
1688 2525 1809 2559 esse
1872 2509 2157 2560 duodecim
2204 2525 2391 2574 regum
2448 2511 2615 2576 impe·

1529 2579 1696 2639 rium,
1749 2580 1842 2643 qui
1877 2578 2272 2643 Labyrinthnm
2321 2581 2614 2630 commuui-

1528 2651 1613 2695 ter
1648 2648 2031 2699 exstruxerint.

1907 2816 2037 2867 Car.
2080 2817 2241 2870 CXL.

1600 2916 1779 2983 νῆσον
1825 2911 2011 2984 χώσας
2044 2917 2245 2986 σποδῷ
2278 2934 2337 2970 τε
2382 2917 2479 2971 καὶ
2515 2920 2610 2988 γῇ]

1528 2989 1830 3051 „Cineres,
1894 2994 2060 3054 puto,
2121 3005 2391 3042 coenosae
2446 2992 2609 3043 humo

1527 3059 1711 3120 mixti,
1750 3059 1934 3123 aptius
1970 3060 2217 3110 culturae
2250 3060 2425 3112 solum
2455 3066 2613 3112 eraut

1524 3128 1850 3178 reddituri.“
1908 3128 1951 3178 S
1962 3129 2151 3180 clemen·
2161 3130 2255 3193 qh.
2342 3131 2425 3181 Ad
2466 3130 2613 3182 locu-

1524 3198 1727 3248 tionem
1765 3195 1946 3262 νῆσον
1984 3191 2169 3262 χώσας
2205 3201 2350 3250 conf.
2391 3200 2446 3260 1,
2488 3202 2608 3252 162.

1525 3268 1603 3328 II,
1628 3267 1747 3319 137.
1770 3299 1841 3307 -—-
1874 3269 2055 3317 Verba
2091 3259 2168 3324 ὡς
2195 3258 2272 3318 ἐκ.
2305 3262 2611 3332 προστετά-

1523 3335 1667 3402 χθαι
1704 3350 1751 3386 σ.
1790 3353 1836 3385 τ.
1869 3332 2002 3385 Alo.
2039 3341 2191 3387 arcte
2235 3353 2357 3387 cum
2392 3343 2609 3386 antece-

1521 3405 1778 3456 dentibus
1804 3405 2185 3470 coniungenda
2205 3411 2349 3471 sunt,
2370 3405 2473 3455 hoo
2496 3406 2609 3454 sere

1520 3490 1712 3524 sensu:
1770 3477 1945 3536 prouti
1995 3474 2266 3539 quibusque
2322 3478 2610 3536 imperatum

1515 3545 1646 3604 suit.
1695 3545 1757 3590 ut
1791 3542 1910 3592 scil.
1953 3543 2275 3592 frumentum
2323 3542 2610 3603 afferrent3

1521 3612 1596 3661 cs.
1634 3611 1681 3671 I,
1720 3609 1788 3658 29
1824 3611 2009 3675 ibique
2049 3614 2185 3659 nott.
2262 3613 2328 3662 In
2362 3613 2607 3675 proxime

1520 3695 1676 3744 seqq.
1713 3680 1894 3728 verbis
1930 3679 1998 3729 ad
2027 3672 2276 3729 κελεύειν
2299 3680 2476 3746 suppl.
2504 3673 2608 3730 τὸν

1520 3739 1756 3810 τυφλόν.

1590 3814 1720 3881 σιγῇ
1746 3812 1847 3863 τοῦ
1870 3810 2178 3882 Αἰθίοπος]
2215 3818 2252 3866 i.
2283 3833 2331 3867 e.
2350 3820 2479 3867 elam
2508 3819 2606 3868 Ae-

1520 3886 1706 3948 thiope,
1746 3888 1900 3935 inscio
1924 3885 2184 3948 Aethiope.
2258 3889 2440 3949 Quare
2465 3888 2608 3938 Tho·

1520 3970 1639 4005 mas
1666 3955 1815 4020 Mag.
1843 3970 1896 4017 p.
1922 3957 2024 4006 572
2063 3953 2193 4022 σιγῇ
2227 3956 2316 4006 hic
2353 3957 2479 4021 poni
2514 3974 2607 4008 no-

1519 4028 1607 4074 tat
1653 4037 1751 4088 pro
1794 4017 2020 4091 ἆγνοίᾳ.
2060 4051 2125 4060 -
2181 4025 2248 4075 In
2294 4041 2446 4105 seqq.
2486 4041 2609 4077 cum

1521 4092 1700 4144 Gaias.
1726 4090 1912 4142 addidi
1934 4085 2040 4157 τὴν
2067 4098 2196 4145 ante
2223 4091 2471 4159 δωρεην,
2513 4096 2610 4146 ubi

1520 4162 1687 4227 vulgo
1722 4162 1896 4213 deest.

1584 4221 1915 4294 Ἀμυρταίου
1970 4221 2244 4296 ἐξευρεῖν]
2302 4229 2610 4293 Amyrtaeus

1517 4297 1837 4350 Artaxerxis
1855 4301 2180 4365 Lougimani
2200 4306 2443 4363 tempore
2463 4301 2611 4348 circa

1518 4369 1624 4420 458
1661 4385 1713 4420 a.
1750 4369 1877 4421 Chr.
1926 4385 1983 4420 n.
2029 4374 2155 4435 post
2189 4370 2409 4420 Inarum
2455 4383 2609 4432 prae·
