3109 5092
1260 343 1512 406 OLIO.
1559 345 1611 404 I.
1664 355 1782 409 140.
2531 345 2653 408 287
2737 395 2744 400 .

385 521 658 606 σθῆναι.
725 514 979 605 μάγους
1016 516 1141 605 μὲν
1167 515 1296 607 γὰρ
1328 514 1658 606 ἀτρεκέως
1687 515 1841 587 οἶδα
1869 519 2216 597 ποιέοντας
2241 522 2480 587 ταῦτα·
2533 521 2650 606 ἐμ-

386 623 653 708 φανέως
694 617 825 710 γὰρ
869 618 953 707 δὴ
1002 625 1286 689 ποιεῦσι.
1373 621 1969 711 κατακηρώάαντες
2013 618 2096 709 δὴ
2141 611 2238 690 ὧν
2279 618 2399 690 τὸν
2442 623 2653 690 νέκυν

385 788 659 838 cadavera
690 786 987 837 secundum
1023 786 1266 836 ordinem
1293 802 1358 836 ac
1387 801 1468 836 se·

383 859 518 907 riem
555 857 825 922 disposita
852 856 1278 921 conspiciantur,
1310 862 1372 906 ut
1396 855 1465 905 ab

387 928 580 977 avibus
630 926 757 977 dein
797 926 1146 976 dilaniantur.
1231 927 1352 987 Qua
1400 926 1467 976 de

385 1013 444 1047 re
484 996 638 1061 plura
682 996 936 1061 deinceps
973 1011 1039 1045 ex
1073 997 1289 1061 Zoegae
1323 994 1464 1045 libro

387 1066 689 1117 afferemus.
765 1066 924 1127 Quod
968 1065 1040 1115 ad
1082 1070 1322 1115 veterem
1353 1079 1466 1115 mo·

385 1152 499 1185 rem
535 1136 758 1199 attinet,
797 1151 904 1186 non
927 1136 1107 1200 Magis
1135 1139 1349 1185 tantum
1384 1139 1467 1184 at-

386 1206 607 1268 tribuit,
646 1220 831 1255 verum
867 1205 1079 1255 cunctis
1126 1205 1337 1266 Persis,
1387 1203 1468 1254 id-

388 1290 493 1339 que
538 1290 568 1324 e
613 1275 783 1325 sacris
827 1275 1117 1324 Persarum
1156 1274 1312 1322 libris
1347 1288 1468 1337 pro-

386 1344 574 1394 batum
611 1344 657 1394 it
689 1343 905 1395 Rhode:
951 1343 1133 1393 Ueber
1167 1342 1323 1393 Alter
1355 1340 1467 1391 und

388 1412 577 1463 Werth
608 1414 774 1478 einig.
810 1412 1179 1477 morgenliind.
1215 1410 1464 1462 Urkund.

388 1499 442 1547 p.
485 1482 600 1534 132.
671 1483 777 1531 Die
820 1482 1021 1547 heiliga
1065 1483 1209 1547 Sage
1254 1487 1358 1531 etc.
1409 1496 1464 1544 p.

387 1551 493 1603 490
515 1566 664 1616 seqq.
704 1550 827 1600 coll.
857 1550 924 1600 Ο.
944 1552 1164 1601 Franck
1197 1550 1305 1600 111.
1334 1550 1467 1601 Jah-

388 1620 686 1671 resbericht
732 1620 784 1669 d.
833 1621 1005 1670 Acad.
1056 1636 1124 1670 zu
1167 1619 1462 1672 Miincheu.

393 1690 542 1741 1833.
579 1705 634 1754 p.
661 1688 728 1740 34
759 1704 873 1754 seq.
924 1689 1208 1740 Cadavera
1242 1689 1333 1738 hic
1355 1693 1466 1738 sta-

387 1760 495 1809 tuit
517 1759 589 1808 ab
617 1758 811 1808 avibus
840 1758 1140 1809 dilacerata
1163 1773 1301 1821 esse,
1341 1772 1469 1807 ossa

388 1828 598 1893 reliqua
641 1827 884 1878 humata.
957 1828 1066 1879 Sed
1105 1828 1361 1894 quoniam
1399 1827 1467 1877 de

389 1899 678 1948 Persarum
727 1913 876 1948 more
923 1912 1032 1948 non
1077 1898 1294 1948 omnino
1341 1912 1468 1947 con-

390 1968 601 2032 spirant
637 1972 849 2018 veteres
884 1967 1205 2031 scriptores,
1247 1968 1468 2032 ipseque

388 2037 702 2088 Herodotus
762 2036 1077 2087 dubitanter
1134 2037 1297 2088 modo
1346 2051 1470 2101 pro-

391 2106 690 2166 nuntiavit,
719 2106 970 2156 dissonas
995 2107 1338 2156 narrationes
1366 2105 1469 2154 hoc

390 2176 551 2225 modo
570 2175 854 2225 conciliari
871 2189 1033 2239 posse
1051 2175 1258 2225 iudicat
1283 2175 1469 2239 Zo‘ega

392 2244 460 2295 de
493 2244 745 2295 obeliscc.
786 2260 841 2310 p.
879 2243 1013 2307 249,
1050 2250 1112 2294 ut
1145 2244 1328 2295 Persis
1365 2243 1469 2293 uti-

351 2307 372 2324 ’
392 2328 494 2379 que
538 2314 774 2378 patrium
827 2313 998 2364 fuisse
1048 2318 1299 2378 putemus
1354 2328 1468 2363 cor-

390 2398 522 2447 pora
555 2382 804 2445 humare,
838 2388 966 2462 post
997 2388 1245 2468 receptos
1279 2380 1468 2447 Mago-

388 2467 508 2502 rum
531 2452 697 2515 ritus,
733 2420 893 2502 in’itio
927 2443 1093 2508 ὁσίας
1121 2445 1289 2518 χάριν
1323 2451 1465 2501 lace-

389 2521 561 2571 randa
606 2522 885 2572 curavisse
929 2521 1224 2586 statimque
1276 2519 1468 2587 sepeli-

387 2590 562 2653 visse,
606 2590 802 2640 deinde
837 2606 966 2640 vero
1001 2594 1164 2640 aucta
1211 2589 1470 2656 supersti-

388 2660 534 2709 tione
581 2675 646 2710 ac
690 2664 873 2710 vetere
917 2674 1063 2710 more
1102 2665 1286 2725 spreto
1337 2659 1465 2709 seris

388 2728 445 2778 in
500 2729 760 2794 praedam
821 2730 1176 2780 concessisse.
1263 2727 1469 2779 Adiicit

303 2793 326 2812 ‘
389 2798 532 2847 idem
566 2798 653 2848 vir
685 2799 1062 2862 doctissimus,
1110 2813 1231 2860 eos,
1272 2798 1365 2863 qui
1399 2798 1468 2846 de

387 2867 611 2918 Persica
646 2872 809 2933 gente
844 2868 1046 2917 residui
1063 2869 1174 2918 sint
1197 2868 1256 2917 in
1277 2867 1468 2916 Indiae

390 2937 674 3000 provincia
693 2937 969 2987 Guzurate
1004 2936 1191 3002 (vulgo
1210 2937 1369 2988 Parsi
1392 2936 1467 2985 di·

391 3006 626 3071 cuntur),
649 3007 942 3056 etiamnum
961 3020 1180 3057 suorum
1202 3005 1471 3056 cadavera

393 3074 584 3125 avibus
628 3090 921 3140 exponere,
979 3076 1103 3126 inde
1148 3076 1296 3126 nuda
1342 3089 1470 3125 ossa

392 3149 537 3194 terra
568 3148 771 3210 tegere.
841 3145 1085 3210 Itemque
1129 3144 1275 3209 apud
1309 3144 1470 3195 Tibe·

391 3217 550 3264 tanos
605 3218 661 3263 et
711 3214 1019 3265 Siamenses
1070 3214 1468 3265 nobilissimum

391 3283 701 3347 sepulturae
722 3299 892 3349 genus
913 3299 1034 3334 esse
1054 3284 1466 3343 cremationem,

391 3352 712 3416 secundum,
754 3352 1063 3403 vulturibus
1110 3353 1330 3418 proiici;
1389 3353 1469 3401 in·

388 3422 598 3484 fimum,
637 3437 782 3488 aqua
799 3423 970 3488 mergi
994 3427 1092 3472 aut
1111 3423 1341 3473 humari.
1388 3422 1468 3472 Ac

390 3492 624 3558 denique
660 3491 977 3543 Calmuccos
1012 3490 1083 3542 ad
1111 3491 1343 3558 Volgam
1378 3490 1470 3541 ha-

391 3561 629 3611 bitantes
651 3563 1073 3627 propinquorum
1092 3562 1360 3612 cadavera
1383 3576 1471 3611 ca-

392 3631 550 3680 nibus
565 3631 781 3681 tradere
817 3636 871 3680 et
903 3631 1010 3681 sibi
1032 3631 1224 3682 honori
1255 3630 1467 3692 ducere,

391 3699 483 3749 ubi
517 3714 551 3749 a
585 3699 771 3749 multis
815 3715 927 3750 una
959 3699 1247 3751 lanientur.
1314 3701 1468 3750 Haec

391 3767 500 3818 ille.
541 3795 544 3796 ν
575 3769 693 3818 Iam
729 3769 875 3833 quod
911 3769 983 3818 ad
1011 3771 1207 3820 Persas
1245 3770 1467 3832 attinet,

389 3838 641 3888 videntur
692 3837 772 3887 illi
828 3837 974 3888 haud
1023 3840 1204 3888 omnia
1254 3838 1470 3904 quidem

388 3907 673 3972 Magorum
717 3907 974 3957 instituta
1014 3923 1081 3958 ac
1114 3923 1289 3959 mores
1326 3922 1473 3957 rece·

389 3977 560 4040 pisse,
612 3975 710 4026 sed
760 3977 1049 4027 retinuisse
1097 3976 1361 4042 quaedam
1406 3976 1472 4027 de

389 4045 625 4095 moribus
664 4046 777 4095 suis
809 4046 1074 4110 pristinis,
1113 4046 1310 4112 quibus
1344 4050 1473 4096 ante

389 4114 580 4166 Medos
614 4115 791 4167 victos
838 4116 1229 4181 Magorumque
1274 4115 1474 4166 doctri-

389 4198 514 4233 nam
552 4191 826 4249 receptam
856 4183 1025 4234 dediti
1061 4186 1296 4236 fuerant.
1357 4185 1477 4234 Mo-

385 4254 510 4303 nuit
541 4254 773 4304 Heeren.
806 4253 975 4304 Ideen
1010 4255 1057 4316 I,
1099 4255 1148 4304 1.
1187 4269 1313 4318 pag.
1345 4251 1468 4304 456.

388 4321 582 4371 Adhuc
617 4322 674 4371 in
704 4322 885 4371 insula
917 4322 1164 4386 Bombay
1197 4323 1290 4386 qui
1319 4321 1471 4371 habi·

386 4393 510 4439 tant
546 4390 833 4441 Persarum
874 4390 1244 4456 antiquorum,
1288 4394 1352 4440 ut
1395 4390 1472 4440 fe·

1568 792 1719 851 runt,
1756 788 1979 853 posteri,
2015 793 2345 839 mortuorum
2381 789 2653 839 cadavera

1568 859 1651 908 sic
1688 873 1955 923 exponere
1999 857 2272 909 dicuntur.
2342 858 2408 908 In
2452 859 2651 909 Tibeto

1569 928 1735 978 talem
1806 932 2139 978 mortuorum
2207 928 2651 979 dilacerationem

1567 997 1684 1047 fieri
1721 997 1963 1063 adeoque
1992 997 2049 1046 in
2079 997 2284 1048 honore
2319 999 2479 1064 poni,
2529 1014 2651 1048 cum

1567 1082 1696 1117 ossa
1752 1067 1871 1118 sola
1933 1072 2243 1130 serventur,
2314 1067 2649 1132 accepimus:

1567 1136 1680 1187 vid.
1716 1136 2064 1202 Description
2109 1137 2180 1187 du
2215 1137 2379 1188 Tibet
2412 1137 2651 1187 traduite

1570 1205 1642 1255 du
1690 1204 1911 1256 Chinois
1961 1221 2062 1271 par
2112 1206 2163 1256 le
2216 1208 2280 1258 P.
2339 1206 2651 1272 Hyacinthe

1569 1274 1916 1338 Bitchourin‚
1953 1275 2040 1326 ed.
2076 1291 2177 1340 par
2199 1275 2486 1341 Klaproth.
2524 1275 2652 1341 (Pa-

1568 1345 1643 1394 ris
1686 1344 1841 1409 1831)
1882 1360 1935 1408 p.
1972 1344 2059 1394 92.

1640 1409 1942 1470 ποιέοντας
1974 1411 2170 1478 ταῦτα]
2205 1415 2380 1480 Vulgo
2404 1415 2541 1465 haec
2573 1412 2651 1465 le-

1570 1489 1771 1549 guntur
1806 1485 2021 1533 inverso
2068 1484 2276 1536 ordine.
2351 1486 2465 1535 Nos
2495 1485 2651 1535 Gais-

1569 1552 1804 1603 fordium
1851 1553 2027 1603 secuti
2062 1569 2274 1617 sumus,
2333 1554 2425 1621 qui
2461 1569 2491 1604 e
2525 1554 2651 1604 Flo·

1567 1622 1780 1673 rentino
1811 1622 1894 1672 ita
1930 1622 2119 1672 edidit.

1637 1682 2139 1756 κατακηρώσαντες
2185 1682 2257 1771 δὴ
2294 1706 2377 1740 ων
2420 1682 2523 1740 τὸν
2562 1686 2649 1740 vt!-

1569 1776 1677 1809 κυν
1728 1758 1942 1823 Πέρσαι
1996 1758 2069 1826 γῇ
2112 1753 2445 1825 κρύπτουσι]
2496 1760 2650 1810 Idem

1569 1834 1841 1880 testantur
1870 1829 2067 1879 Strabo
2106 1831 2224 1881 XV.
2261 1845 2314 1894 p.
2356 1827 2458 1879 735
2498 1827 2647 1893 (pag.

1572 1898 1757 1964 1068),
1806 1898 1993 1949 Cicero
2040 1898 2282 1950 Tuscull.
2340 1899 2564 1960 Quaest.
2602 1898 2648 1960 I,

1569 1969 1638 2019 45
1673 1967 1937 2031 („Persae
1971 1969 2134 2018 etiam
2169 1984 2294 2019 cera
2319 1967 2651 2018 circumlitos

1571 2037 1838 2099 condunt,
1882 2042 1947 2088 ut
1982 2052 2143 2102 quam
2178 2038 2410 2088 maxime
2442 2052 2650 2103 perma-

1569 2111 1739 2156 neant
1780 2107 2037 2156 diuturna
2087 2106 2403 2172 corpora“),
2452 2107 2649 2157 Sextus

1568 2176 1877 2241 Empirieus
1910 2177 2189 2241 ,Pyr-rhen.
2224 2178 2505 2241 Hypotyp.
2542 2177 2648 2226 111.

1570 2261 1689 2310 cap.
1707 2247 1792 2295 24.
1816 2260 1943 2310 pag.
1969 2245 2081 2309 185,
2121 2247 2212 2313 qui
2243 2261 2464 2296 narrare
2491 2261 2652 2313 quos-

1571 2315 1694 2364 dam
1722 2315 1929 2376 scribit,
1968 2330 2001 2365 a
2019 2317 2202 2366 Persis
2231 2316 2488 2381 suspendi
2512 2330 2652 2366 mor-

1570 2389 1693 2434 tuos
1728 2389 1784 2435 et
1826 2385 1972 2435 nitro
2009 2385 2218 2435 condiri
2255 2392 2419 2452 atque
2456 2387 2537 2435 ita
2571 2387 2653 2436 fa-

1570 2454 1699 2504 sciis
1740 2454 1978 2504 obvolvi.
2033 2455 2371 2505 Herodotum
2408 2455 2498 2506 hie
2532 2471 2653 2506 mos

1571 2538 1634 2573 eo
1677 2524 1853 2589 magis
1896 2524 2183 2574 advertere
2235 2529 2479 2588 poterat,
2541 2540 2648 2590 quo

1568 2590 1710 2641 aliae
1741 2596 1931 2656 gentes
1956 2593 2216 2657 plurimae
2238 2598 2480 2644 mortuos
2510 2609 2651 2643 com-

1568 2660 1761 2710 burere
1822 2660 2089 2712 solebant.
2171 2663 2278 2713 Sed
2332 2662 2437 2712 hoc
2492 2663 2649 2711 nefas

1569 2728 1853 2779 videbatur
1907 2731 2119 2792 Persis,
2180 2732 2271 2795 qui
2327 2731 2650 2781 cadaverum

1569 2797 1944 2848 combustione
1967 2800 2145 2864 ignem
2170 2802 2529 2850 contaminari
2558 2815 2651 2865 pu-

1573 2866 1783 2917 tabant.
1856 2868 1980 2919 Vid.
2020 2873 2161 2919 nott.
2196 2868 2267 2918 ad
2302 2869 2348 2931 1,
2387 2868 2473 2920 86.
2511 2871 2652 2920 Hee-

1572 2951 1684 2986 ren.
1719 2937 1887 2988 Ideen
1923 2937 1968 2998 1,
1994 2938 2043 2988 1.
2071 2953 2197 3004 pag.
2220 2940 2342 2991 254.
2386 2943 2442 2989 et
2472 2939 2652 2991 Roeth

1569 3005 1608 3056 l.
1645 3005 1684 3057 l.
1733 3022 1863 3073 pag.
1900 3007 2021 3060 428.
2094 3009 2250 3071 Quod
2296 3024 2426 3059 vero
2462 3008 2652 3060 Rhode

1570 3076 1607 3126 l.
1656 3076 1694 3127 l.
1741 3078 2047 3138 contendit,
2092 3093 2201 3128 non
2242 3083 2363 3128 tota
2405 3094 2650 3143 corpora,

1570 3146 1696 3196 cera
1731 3146 1992 3209 obducta,
2040 3147 2211 3198 fuisse
2250 3148 2498 3211 humata,
2556 3147 2649 3198 sed

1570 3230 1699 3265 ossa
1745 3219 1959 3266 tantum
2004 3232 2176 3282 eaque
2226 3222 2463 3283 purgata
2507 3219 2650 3280 cera,

1569 3283 1625 3333 id
1684 3284 1900 3350 quidem
1954 3301 2063 3335 non
2119 3301 2341 3368 prorsus
2398 3288 2654 3337 convenit

1570 3368 1693 3403 cum
1728 3353 2036 3418 Herodoto,
2073 3356 2167 3419 qui
2205 3356 2382 3420 ipsum
2419 3357 2653 3406 cadaver

1572 3414 1694 3485 (τὸν
1741 3421 1931 3489 νέκυν)
1984 3423 2257 3488 sepultum
2303 3425 2475 3474 fuisse
2520 3424 2653 3474 scri-

1569 3491 1668 3554 bit,
1703 3492 1811 3541 nisi
1834 3492 2011 3542 minus
2034 3498 2289 3543 accurate
2311 3493 2378 3542 de
2399 3507 2476 3554 re,
2513 3506 2653 3558 quae

1569 3576 1703 3611 sane
1755 3560 1895 3610 mira
1938 3561 2241 3624 videretur,
2299 3561 2450 3611 illum
2509 3566 2655 3612 retu-

1568 3629 1697 3679 lisse
1741 3630 2035 3681 existimes.
2119 3630 2303 3681 Simile
2347 3630 2477 3696 quid
2519 3631 2653 3681 Lar·

1572 3699 1763 3750 cherus
1794 3700 2024 3763 profert,
2054 3699 2219 3764 Angli
2248 3700 2393 3765 regis
2420 3700 2653 3750 cadaver

1572 3768 1698 3820 cera
1746 3768 2038 3818 obductum
2072 3784 2216 3819 anno
2254 3768 2388 3821 1307
2426 3785 2478 3833 p.
2524 3768 2648 3819 Chr.

1573 3852 1628 3888 n.
1678 3841 1732 3887 et
1773 3837 2045 3904 integrum
2102 3843 2377 3889 servatum
2434 3838 2505 3888 ad
2559 3853 2653 3888 no-

1573 3911 1743 3957 stram
1777 3912 2243 3972 usque·aetatem.
2316 3908 2474 3959 Conf.
2506 3909 2655 3958 deni-

1575 3991 1679 4041 que
1713 3980 1852 4026 nott.
1891 3977 1961 4027 ad
1995 3977 2042 4039 1,
2083 3975 2203 4028 198.
2261 3976 2562 4028 Caeterum
2596 3978 2651 4028 h.

1574 4044 1611 4095 l.
1649 4061 1759 4095 non
1800 4051 1915 4095 tam
1951 4045 2018 4096 de
2053 4061 2205 4107 cera,
2251 4062 2414 4111 quam
2460 4047 2529 4097 de
2565 4062 2654 4112 ge·

1574 4129 1702 4164 nere
1762 4114 1994 4180 quodam
2051 4116 2253 4180 gummi
2308 4131 2352 4166 s.
2416 4115 2654 4181 asphalti
2732 4137 2739 4144 ·

1573 4184 1844 4246 montani,
1883 4199 1990 4248 quo
2028 4184 2205 4235 adhuc
2238 4185 2298 4233 in
2334 4186 2529 4235 Tibeto
2566 4200 2654 4234 ca-

1573 4253 1776 4303 davera
1823 4252 2066 4314 illinant,
2127 4254 2476 4318 cogitandum
2533 4268 2654 4303 esse

1572 4322 1765 4372 scribit
1789 4321 1998 4372 Bohlen
2029 4322 2153 4373 Ind.
2177 4323 2253 4372 ΙΙ.
2290 4338 2344 4386 p.
2375 4322 2490 4372 182.
2551 4321 2655 4372 Cui

1572 4391 1717 4455 apud
1781 4392 1980 4441 Persas
2050 4405 2249 4441 nomen
2309 4404 2430 4440 esse
2501 4389 2654 4440 addit
