3109 5092
1093 268 1227 330 AD
1271 269 1782 331 HERODOT.
1826 271 1875 344 Ι,
1920 278 2009 333 94.
2541 269 2665 331 839

571 446 675 499 His
704 445 823 498 fere
854 442 1186 497 enumeratis
1217 446 1463 495 veterum
1493 442 1823 496 testimoniis
1864 445 1968 496 iam
2010 443 2328 497 accedamus
2368 444 2437 496 ad
2469 461 2659 498 recen·

403 533 563 585 tioris
601 530 800 584 aetatis
835 528 1156 598 scriptores.
1222 526 1404 597 Atque
1436 526 1716 596 Ryckius,
1762 534 1824 581 ut
1866 529 1992 581 hinc
2034 527 2246 596 ordiar,
2284 528 2509 582 disertis
2543 529 2657 582 He-

404 618 582 671 rodoti
613 617 797 669 verbis
825 615 952 685 plus
993 611 1343 667 tribuendum
1381 631 1506 666 esse
1540 612 1789 681 censuit,
1834 631 1993 685 quam
2020 611 2225 667 Xanthi
2267 612 2514 681 silentio,
2561 614 2658 683 qui

400 703 587 773 aliqua
629 708 778 754 certe
818 718 884 753 ex
926 716 1121 765 causa,
1165 716 1267 750 nos
1311 697 1560 768 quamvis
1604 697 1840 766 latente,
1882 702 2178 753 commotus
2223 716 2350 750 esse
2390 698 2655 767 potuerit,

402 794 465 841 ut
503 786 636 840 nihil
674 787 758 839 his
793 787 861 837 de
896 784 1066 837 rebus
1097 782 1382 837 memoriae
1415 783 1695 853 proderet.
1765 784 1909 837 Galli
1945 785 2094 838 docti
2134 783 2395 836 Sevinius
2434 788 2490 834 et
2520 784 2657 835 Fre-

402 872 580 925 retius
603 873 689 943 (in
716 871 882 924 Acad.
909 869 963 922 d.
992 869 1250 937 lnscript.
1283 873 1325 920 t.
1349 866 1416 920 V.
1449 886 1504 937 p.
1536 872 1644 927 236
1666 885 1824 938 seqq.
1868 867 2074 921 XVIII.
2104 885 2160 937 p.
2185 872 2252 927 95
2277 867 2465 938 seqq.)
2507 866 2657 919 Xan-

401 957 494 1008 tho
522 961 688 1026 atque
711 954 980 1022 Dionysio
1013 955 1199 1022 potius
1231 953 1388 1005 fidem
1418 952 1544 1005 addi
1578 951 1890 1019 voluerunt,
1922 952 2160 1023 itemque
2191 951 2466 1019 Heynius,
2499 952 2595 1022 qui
2627 970 2660 1003 a

401 1041 648 1107 Xantho,
702 1040 883 1108 Lydio
925 1038 1163 1105 homine,
1221 1038 1396 1105 magis
1439 1054 1599 1107 quam
1642 1054 1675 1089 a
1706 1038 1938 1090 Graecis
1966 1037 2340 1107 Romanisque
2382 1036 2655 1103 standum,

402 1127 684 1195 ipsamque
720 1124 954 1177 fabulam
991 1124 1057 1175 ab
1079 1122 1361 1176 Herodoto
1402 1122 1671 1192 proditam
1702 1121 1830 1175 inde
1861 1129 2034 1177 ortam
2070 1141 2195 1176 esse
2229 1121 2464 1188 iudicat,
2509 1122 2657 1192 quod

402 1210 602 1263 Graeci
646 1209 929 1278 antiquum
961 1210 1325 1261 Etruscorum
1363 1225 1554 1260 nomen
1594 1209 1985 1263 Taresenorum
2030 1207 2387 1276 depravarint
2413 1207 2471 1259 in
2509 1203 2656 1277 Τυῤ-

398 1289 606 1364 ῤἠνῶν.
668 1294 756 1346 Τιι
803 1294 911 1345 vid.
945 1294 1180 1345 Excurs.
1214 1291 1300 1343 III
1340 1291 1410 1343 ad
1429 1291 1587 1359 Virg.
1628 1291 1766 1344 Aen.
1803 1292 1938 1344 VIII
1972 1312 2025 1363 p.
2064 1297 2166 1351 281
2212 1291 2346 1361 ibiq.
2383 1290 2567 1344 laudd.
2594 1288 2654 1358 *J

399 1380 535 1448 His,
582 1396 723 1450 quae
753 1377 954 1448 passim
985 1379 1086 1431 iam
1107 1376 1293 1429 attulit
1320 1376 1585 1428 Creuzer.
1618 1376 1674 1427 in
1706 1377 1977 1445 Fragmm.
2012 1378 2235 1429 historr.
2270 1394 2325 1445 p.
2352 1381 2453 1433 152
2476 1394 2655 1445 seqq„

399 1464 567 1530 adde,
600 1481 743 1533 quae
771 1461 1173 1515 recentioribus
1205 1461 1540 1530 temporibus
1568 1460 1626 1512 in
1659 1462 1883 1514 eandem
1917 1462 2245 1516 sententiam
2276 1459 2652 1535 prolatajsunt

398 1566 430 1599 a
461 1547 611 1600 Guil.
662 1546 727 1598 A.
758 1545 1028 1614 Schlegel.
1076 1544 1303 1618 (Annal.
1334 1544 1625 1598 Heidelbb.
1654 1551 1807 1605 1816.
1857 1565 1939 1600 nr.
1967 1552 2037 1607 54
2084 1565 2139 1616 p.
2163 1547 2296 1612 854)
2338 1550 2394 1598 et
2429 1544 2656 1615 potissi-

395 1649 537 1685 mum
583 1649 615 1683 a
647 1631 919 1684 Niebuhr.
970 1630 1185 1700 (Roem.
1214 1630 1416 1683 Gesch.
1452 1631 1480 1682 I
1509 1648 1567 1698 p.
1592 1636 1662 1690 64
1691 1630 1777 1682 ed.
1810 1632 1982 1699 prior.
2014 1632 2060 1684 Ι.
2093 1649 2149 1700 p.
2185 1637 2285 1690 111
2324 1629 2409 1682 ed.
2451 1628 2658 1695 alten),

399 1717 492 1787 qui
529 1717 800 1769 Herodoti
850 1716 1164 1768 testimonio
1210 1714 1616 1768 anteferendam
1661 1720 1918 1768 statuunt
1958 1725 2015 1768 et
2048 1714 2250 1767 Xanthi
2302 1720 2358 1768 et
2398 1713 2656 1780 Dionysii

397 1801 806 1869 auctoritatem,
865 1802 1189 1870 praesertim
1234 1816 1355 1851 cum
1391 1805 1545 1851 tanta
1583 1800 1902 1852 inveniatur
1950 1800 2203 1869 linguae,
2260 1798 2656 1866 institutorum,

397 1903 636 1952 morum,
682 1885 969 1952 religionis
1002 1886 1151 1939 inter
1184 1889 1468 1954 utramque
1498 1891 1719 1951 gentem
1749 1885 2065 1938 diversitas.

568 1970 677 2022 Sed
709 1970 1009 2037 Gallorum,
1052 1988 1193 2041 qnos
1238 1986 1410 2038 supra
1444 1969 1769 2037 memoravi,
1823 1970 2099 2037 rationes,
2145 1969 2349 2039 quibus
2386 1967 2657 2020 Herodoti

401 2055 560 2108 fidem
589 2053 907 2121 elevarunt,
960 2055 1067 2107 iam
1087 2054 1402 2108 Larcherus
1436 2054 1745 2121 infringere
1777 2055 1991 2107 studuit
2025 2059 2280 2108 accurato
2316 2052 2561 2105 examine
2590 2052 2657 2105 ad

397 2139 664 2192 Herodoti
700 2139 872 2191 locum
906 2139 1043 2207 I,94
1070 2144 1112 2191 t.
1138 2140 1184 2191 I.
1218 2157 1272 2209 p.
1297 2141 1401 2196 377
1426 2156 1582 2208 seqq.
1622 2143 1735 2192 not.
1760 2144 1864 2200 266
1902 2139 2177 2193 instituto.
2244 2139 2386 2192 Nam
2420 2139 2555 2190 haec
2592 2138 2659 2190 de

398 2223 671 2278 industria
714 2224 782 2275 ab
816 2224 1100 2277 Herodoto
1133 2224 1413 2291 Lydorum
1466 2223 1711 2293 ipsorum
1753 2242 1818 2277 ex
1858 2225 2000 2276 fama
2041 2242 2103 2276 ac
2142 2225 2249 2277 fide
2288 2223 2435 2280 tradi
2468 2227 2661 2275 censet

400 2325 575 2379 eoque
605 2309 777 2375 magis
809 2307 980 2375 tradi,
1025 2309 1174 2379 quod
1201 2308 1292 2360 ille
1323 2308 1455 2360 haec
1499 2326 1532 2359 a
1560 2307 1776 2361 Xantho
1810 2308 2061 2377 neglecta
2088 2309 2340 2362 vidisset.
2406 2307 2658 2360 Herodo-

396 2401 510 2447 tum
539 2402 718 2447 autem
747 2392 952 2445 Xanthi
985 2394 1333 2446 narrationes
1363 2391 1566 2461 falsas,
1604 2410 1744 2464 quas
1768 2395 1997 2463 putabat
2020 2393 2378 2459 refellendas,
2420 2392 2657 2463 aliaque,

397 2479 465 2530 ab
506 2479 616 2531 isto
657 2478 887 2543 omissa,
935 2477 1245 2547 supplenda
1282 2477 1389 2529 sibi
1421 2479 1691 2531 sumsisse
1734 2479 1945 2531 monuit
1975 2480 2240 2532 Creuzer.
2272 2480 2326 2531 in
2359 2476 2546 2545 Symb.
2581 2478 2657 2530 11.

396 2581 451 2633 p.
494 2568 602 2623 828
643 2568 789 2629 not.,
844 2563 1179 2633 multumque
1217 2561 1419 2615 Xanthi
1473 2562 1695 2615 silentio
1729 2564 2079 2616 tribuendum
2125 2581 2249 2616 esse
2295 2562 2433 2614 idem
2472 2566 2657 2629 negat,

398 2665 517 2701 cum
547 2648 790 2713 Xantho,
836 2648 1040 2718 quippe
1071 2647 1251 2715 Lydio
1295 2647 1523 2715 homini,
1570 2647 1709 2699 satis
1740 2665 1938 2700 causae
1976 2648 2209 2700 subesse
2241 2648 2511 2716 potuerit,
2559 2662 2659 2698 cur

398 2731 631 2799 celaret,
684 2749 825 2802 quae
859 2732 1040 2784 minus
1074 2734 1326 2784 facerent
1356 2733 1423 2785 ad
1454 2732 1640 2798 gentis
1672 2748 1806 2785 suae
1845 2732 2074 2799 gloriam
2115 2736 2281 2801 atque
2318 2730 2657 2799 dignitatem,

395 2817 679 2869 Herodoto
717 2834 880 2881 vero,
926 2834 1087 2886 quem
1113 2817 1170 2869 in
1202 2817 1326 2887 ipsa
1349 2815 1505 2870 Italia
1533 2832 1673 2886 opus
1697 2834 1857 2870 suum
1886 2817 2195 2870 absolvisse
2221 2816 2501 2883 novimus,
2547 2834 2656 2869 me-

397 2900 505 2953 lius
543 2901 733 2971 utique
767 2901 833 2953 de
870 2900 952 2953 his
984 2904 1152 2955 rebus
1201 2901 1485 2971 inquirere
1524 2917 1825 2972 verumque
1866 2902 2130 2970 indagare
2160 2900 2397 2954 licuerit.
2458 2902 2658 2971 Neque

396 2986 498 3037 hoc
539 2986 821 3038 admodum
855 2985 1029 3054 valet,
1086 2986 1233 3058 quod
1276 2987 1638 3040 Etruscorum
1678 3005 1886 3054 mores,
1932 2987 2216 3053 instituta,
2264 2986 2369 3039 alia
2408 3004 2441 3039 a
2480 2986 2657 3054 Lydis

395 3077 683 3141 tantopere
721 3071 948 3124 differre
980 3071 1149 3140 vulgo
1184 3070 1447 3139 clamant;
1494 3071 1709 3125 minime
1753 3073 1893 3126 enim
1934 3074 2065 3126 haec
2106 3076 2263 3125 tanta
2292 3090 2418 3125 esse
2452 3071 2657 3124 dudum

395 3156 591 3208 statuit
613 3156 988 3209 Wachsmuth.
1020 3156 1269 3228 (Aeltere
1297 3158 1499 3210 Gesch.
1525 3156 1692 3210 Roms
1730 3159 1911 3229 p.85),
1959 3158 2095 3228 quin
2124 3157 2363 3225 vestigia
2394 3156 2658 3210 nonnulla

394 3241 775 3310 reperiantur,
835 3241 1040 3310 quibus
1086 3249 1373 3312 utramque
1418 3246 1633 3310 gentem
1681 3244 1846 3296 unius
1900 3243 2253 3312 eiusdemque
2291 3242 2483 3311 stirpis
2531 3258 2657 3293 esse

395 3323 676 3392 probabile
721 3325 835 3377 fiat.
904 3325 1198 3378 Pertinent
1233 3326 1369 3393 huc,
1415 3327 1643 3396 quaein
1679 3328 1972 3396 utriusque
2006 3327 2191 3395 gentis
2229 3324 2550 3392 religionem
2578 3323 2656 3374 al-

395 3407 508 3459 tius
546 3407 832 3475 indaganti
865 3408 1075 3461 obviam
1113 3411 1254 3461 fiunt
1288 3410 1432 3462 haud
1467 3427 1643 3479 pauca
1670 3411 1827 3463 valde
1859 3427 2105 3479 congrua
2132 3414 2186 3462 et
2216 3424 2477 3479 perquam
2509 3409 2655 3461 simi-

392 3490 493 3558 lia,
545 3491 830 3559 pertinent
870 3509 1092 3562 quoque
1136 3493 1241 3545 huc
1283 3510 1379 3560 ea,
1423 3510 1566 3563 quae
1611 3494 1678 3546 de
1718 3494 1863 3547 aeris
1905 3492 2220 3547 elaborandi
2262 3499 2410 3559 arte,
2454 3492 2510 3544 in
2548 3508 2656 3563 qua

395 3582 630 3645 utraque
659 3593 798 3643 gens
827 3575 1016 3629 mirum
1038 3576 1096 3629 in
1125 3578 1337 3630 modum
1368 3576 1713 3646 excelluerit,
1761 3576 1926 3646 vulgo
1958 3579 2349 3647 proferuntur,
2395 3583 2491 3628 aut
2513 3593 2657 3647 quae

393 3663 461 3713 de
485 3661 846 3713 Etruscorum
878 3662 1224 3715 vestimentis
1256 3681 1286 3715 e
1309 3662 1489 3731 Lydia
1514 3662 1831 3732 repetendis
1854 3662 2057 3715 tradita
2086 3660 2449 3715 inveniuntur
2479 3664 2654 3733 (conf.

394 3745 460 3797 C.
496 3746 565 3797 Ο.
591 3744 812 3798 Miilrer.
836 3746 1093 3799 Etrusco.
1117 3747 1163 3798 I.
1188 3766 1243 3817 p.
1259 3752 1381 3807 262.
1407 3747 1559 3816 270),
1592 3747 1717 3815 alia,
1742 3764 1884 3817 quae
1908 3748 2160 3817 proferre
2192 3746 2414 3815 longum
2438 3742 2652 3814 est**).

391 3828 477 3883 Ad
499 3828 722 3900 linguae
755 3829 914 3884 etiam
944 3831 1376 3902 similitudinem,
1423 3833 1491 3886 ad
1521 3831 1683 3885 ludos
1704 3833 2070 3887 Etruscorum
2094 3831 2375 3901 scenicos,
2421 3837 2478 3885 et
2510 3848 2653 3903 quae

532 4083 585 4149 ¹⁰⁸)
622 4087 742 4149 Quo
774 4087 925 4152 prior
962 4088 1069 4137 iam
1095 4085 1497 4138 Valckenarius
1517 4085 1741 4135 Xantho
1759 4085 1914 4151 Lydo
1952 4087 2008 4136 in
2039 4086 2205 4138 rebus
2238 4087 2433 4152 patriis
2470 4086 2653 4151 potius

395 4168 559 4219 quam
595 4156 824 4207 Graecis
860 4156 1257 4207 recentioribus
1293 4154 1625 4205 credendum
1658 4155 2005 4206 iudicaverat
2038 4157 2110 4206 ad
2142 4157 2405 4207 Herodot.
2443 4156 2540 4217 IV,
2562 4155 2649 4206 45.

393 4222 1156 4359 011m*‡3r1‘‚⁷0⁶.¹.²3¹3.¹3⁰2³13¹1¹
1174 4225 2173 4360 ’1.ᾃῖᾍίΡέιᾷἓέῗὲηιῖᾗῳΐᾶῖἓὲἓ
2206 4226 2652 4359 ἓῖἒὲ.ξὲἑ“ξὲἓῗ

391 4362 469 4414 tis
510 4364 894 4430 cognationem
925 4364 1196 4427 reserunt;
1232 4363 1347 4417 vid.
1382 4368 1522 4414 nott.
1562 4364 1635 4414 ad
1667 4364 1716 4428 1,
1752 4363 1839 4417 93.
1878 4331 1892 4359 ⁹
