3109 5092
320 1363 609 1447 ἵδρυται.

1067 354 1572 417 EUTERPE.
1618 355 1703 415 ΙΙ.
1749 363 1836 416 41.
2472 350 2587 412 521

306 543 483 600 τοῖσι
532 532 1022 619 προαστείοισι,
1067 525 1144 597 τὰ
1187 529 1383 617 κέρας
1408 525 1483 597 τὸ
1512 530 1745 617 ἕτερον
1771 522 1814 618 ἢ
1845 529 1959 597 καὶ
2004 524 2350 618 ἀμφότερα
2379 522 2590 618 ὑπερ-

312 632 579 723 έχοντα,
636 638 929 720 σημηίου
974 637 1255 702 εἵνεκεν.
1337 627 1544 701 ἐπεὰν
1585 632 1662 701 δὲ
1704 638 1888 725 σαπῇ
1937 633 2051 701 καὶ
2106 640 2350 721 προσίῃ
2403 628 2439 701 ὁ
2483 659 2590 701 τε-

311 738 637 825 ταγμένος
691 735 964 825 χρόνος,
1012 732 1400 805 ἀπικνέεται
1445 737 1512 816 ἐς
1558 734 1844 825 ἑκάστην
1885 735 2088 806 πόλιν
2119 741 2314 824 βᾶρις
2357 737 2431 804 ἐκ
2478 740 2594 824 τῆς

312 844 825 930 Προσωπίτιδος
854 844 1268 928 καλευμένης
1298 837 1533 927 νήσου.
1598 835 1640 928 ἡ
1671 836 1736 908 δ’
1771 844 1910 909 ἔστι
1938 838 2064 928 μὲν
2110 841 2186 907 ἐν
2223 843 2317 932 τῷ
2346 842 2592 923 Δέλτα,

318 950 721 1035 περίμετρον
748 942 824 1011 δὲ
841 938 1047 1031 αὐτῆς
1070 945 1197 1012 εἰσὶ
1216 958 1470 1030 σχοῖνοι
1493 945 1710 1013 ἐννέα.
1742 945 1818 1011 ἐν
1843 943 2052 1033 ταύτῃ
2082 933 2179 1011 ὧν
2204 947 2286 1030 τῇ
2302 950 2587 1031 Προσω-

318 1052 530 1118 πίτιδι
571 1044 757 1139 νήσῳ
798 1052 1006 1115 ἔνεισι
1057 1045 1183 1135 μὲν
1228 1046 1340 1115 καὶ
1381 1043 1578 1115 ἄλλαι
1623 1045 1850 1125 πόλιες
1889 1054 2168 1133 συχναί·
2239 1049 2312 1115 ἐκ
2362 1051 2478 1133 τῆς
2517 1045 2594 1114 δὲ

318 1155 392 1220 αἰ
415 1149 606 1239 βάρις
634 1155 1120 1237 παραγίνονται
1146 1146 1672 1238 ἀναιρησόμεναι
1696 1146 1776 1220 τιὶ
1804 1146 2002 1219 ὀστέα
2038 1154 2176 1219 τῶν
2204 1153 2388 1237 βοῶν
2407 1200 2424 1229 ,
2472 1146 2589 1218 οὔ·

318 1282 492 1343 νομα
532 1258 614 1342 τῇ
653 1251 809 1324 πόλι
841 1249 1259 1342 Ἀτάρβηχις·
1316 1255 1393 1321 ἐν
1432 1249 1494 1321 δ’
1529 1250 1703 1343 αὐτῇ
1751 1248 2149 1340 Ἀφροδίτης
2191 1248 2341 1341 ίρόν
2397 1248 2593 1339 ἅγιον

316 1550 520 1609 ἄπιᾶσι
565 1558 765 1623 scripsi
816 1572 938 1608 eum
977 1557 1278 1620 Bredovi03
1328 1558 1402 1609 ef.

317 1644 484 1709 supra
516 1627 717 1690 1,194.

386 1690 451 1748 τὸ
488 1695 657 1757 κέρας
692 1687 757 1746 τὸ
797 1691 992 1757 ἕτερον
1029 1712 1065 1761 η
1042 1683 1184 1745 *nal
1207 1687 1272 1745 τὸ
1300 1686 1403 1759 ἆμ-

318 1760 534 1834 φότερα
557 1760 931 1831 ὑπερέχοντα]
955 1767 1112 1816 Haeo
1139 1765 1310 1816 verba
1323 1766 1405 1815 ita

318 1836 640 1903 explicanda
673 1839 860 1886 censet
884 1835 1156 1886 Matthiae
1180 1835 1274 1886 Gr.
1306 1835 1400 1886 Gr.

482 1907 601 1969 788,
649 1910 713 1956 ut
747 1905 1039 1970 cogitando
1088 1904 1405 1969 suppleatur

316 1924 601 2044 {zonae
574 1974 718 2039 (soil.
745 1967 974 2037 ἔρσενας
997 1970 1185 2040 βοῦς).
1239 1975 1405 2039 Equi-

321 2048 443 2099 dem
479 2046 662 2097 malim
697 2046 778 2094 ita
822 2044 1096 2108 accipere,
1146 2048 1209 2094 ut
1253 2059 1405 2108 prae·
1445 2100 1454 2109 ,

320 2115 639 2169 cedentibus
679 2104 838 2179 (τούς
874 2082 1134 2177 ἔρσενας)
1170 2129 1266 2178 per
1312 2129 1406 2178 ap-

318 2186 643 2253 positionem
717 2183 938 2233 adieeta
1009 2184 1402 2234 existimentur.

323 2255 480 2308 Cous.
536 2256 702 2305 etiam
749 2251 983 2304 Geisler.
1046 2254 1131 2304 De
1179 2252 1403 2304 Graece.

318 2325 609 2377 nominatt.
646 2322 907 2374 absolutt.
958 2338 1012 2387 p.
1064 2323 1151 2375 26.
1191 2327 1245 2372 et
1292 2322 1404 2374 vid.

318 2396 466 2446 infra
503 2394 579 2456 ΙΙ,
628 2392 868 2444 48.134
917 2391 1039 2442 coll.
1088 2392 1176 2444 66.
1249 2393 1406 2443 Anti-

319 2479 494 2532 gonus
535 2463 819 2528 Carystius
854 2462 1002 2511 Hist.
1050 2462 1280 2514 mirabb.
1317 2462 1403 2527 23,

322 2534 546 2587 eandem
574 2549 686 2583 rem
717 2531 984 2613 prodens,
1023 2533 1102 2582 ita
1137 2531 1404 2596 loquitur.

320 2593 490 2655 ὅστε
549 2594 695 2652 αὐτὰ
744 2593 815 2651 τὰ
878 2597 1086 2663 κέρατα
1146 2600 1249 2667 τῆς
1303 2600 1407 2667 γῆς

317 2666 639 2739 ὑπερέχειν.
656 2702 728 2713 -—
750 2671 836 2723 Ad
858 2686 1045 2722 vocem
1070 2668 1235 2736 βᾶρις
1258 2672 1405 2723 conf.

317 2747 458 2797 nott.
495 2742 564 2793 ad
599 2742 675 2804 11,
714 2741 802 2793 96.

389 2803 450 2863 ἔτι
473 2810 574 2876 τῆς
602 2807 1040 2871 Προσωπίτιδος
1063 2808 1409 2874 καλευμένης

322 2874 530 2948 νήσου]
571 2880 796 2932 Inclusa
820 2886 905 2931 est
930 2878 1113 2930 insula
1132 2880 1409 2945 Sebenny-

320 2954 431 3005 tico
466 2956 522 3002 et
556 2951 832 3016 Canopico
859 2950 975 3003 Nili
1005 2949 1229 3001 brachio
1265 2966 1410 3001 eum-

321 3039 426 3090 que
461 3022 575 3072 fere
609 3021 900 3083 ambitum,
952 3035 1109 3085 quem
1148 3019 1274 3070 olim
1312 3019 1406 3070 ha-

319 3093 467 3153 buit,
547 3090 842 3141 etiamnum
911 3089 1115 3140 habere
1189 3088 1407 3141 dieitur.

322 3161 665 3223 Prosopitidis
700 3161 847 3211 nomi
879 3159 943 3209 fit
978 3159 1182 3209 mentio
1206 3159 1282 3221 ΙΙ,
1309 3160 1409 3210 165

322 3237 378 3283 et
407 3230 553 3296 apud
589 3230 844 3281 Strabon.
883 3228 1064 3280 XVII.
1097 3245 1152 3293 p.
1187 3229 1320 3279 1154
1344 3229 1405 3279 C.

322 3319 347 3353 s
405 3317 457 3366 p.
494 3300 615 3351 802.
687 3299 767 3350 Ae
813 3299 903 3350 vel
946 3302 1140 3363 postea
1176 3299 1409 3364 insignis

321 3370 501 3422 insula
538 3385 628 3430 eo,
668 3367 810 3435 quod
838 3367 1198 3420 Athenienses
1235 3368 1411 3434 Aegy-

322 3441 454 3506 ptiis
491 3438 784 3490 rebellibus
823 3437 1025 3488 auxilio
1062 3438 1212 3489 missi
1245 3438 1333 3487 hie
1375 3453 1410 3487 a

321 3510 505 3562 Persis
545 3508 951 3559 obsidebantur.
1026 3508 1148 3561 vid.
1197 3508 1411 3573 Thucy-

324 3580 435 3631 did.
486 3579 532 3641 Ι,
585 3578 703 3630 104.
755 3577 875 3629 109.
955 3577 1285 3643 Aegyptium
1330 3578 1411 3626 in-

324 3649 478 3700 sulae
512 3662 710 3697 nomen
746 3663 868 3698 esse
905 3647 1137 3698 Psohati.
1187 3646 1411 3711 eopiosa

324 3717 697 3784 disputatione
774 3716 1053 3768 contendit
1109 3715 1409 3781 champoll.

322 3789 464 3853 ΓΕΒ.
504 3802 633 3838 sous
667 3786 704 3838 1.
733 3786 899 3837 Phar.
937 3786 1016 3837 ΙΙ.
1042 3803 1097 3850 p.
1130 3786 1229 3838 162
1256 3801 1407 3851 seqq.

324 3857 494 3907 —-In
531 3872 682 3921 seqq.
721 3872 843 3907 eum
879 3856 1181 3922 Schweigh.
1220 3856 1410 3905 rescri-

322 3928 409 3992 psi
422 3924 868 3991 περίμετρονρτο
883 3924 1232 3990 περίμετρος.
1250 3924 1410 3976 Conf.

384 4034 620 4127 οὔνομα
685 4061 753 4121 τῇ
829 4077 979 4109 111-11
1057 4053 1406 4125 ..111-1111β11χ1ρ

327 4137 503 4197 Quam
549 4149 647 4198 pro
689 4133 973 4193 ..1111-111111111
945 4133 1082 4193 11111111·
1126 4133 1286 4177 1111111111
1330 4133 1410 4177 111-

322 4203 607 4255 blonskius
641 4203 697 4251 in
737 4205 813 4249 vn
785 4221 881 4253 111-ἐπες
953 4201 1410 4265 11111111;111.11.1τ1

315 4272 449 4355 (ubi
489 4276 677 4322 nostro·
729 4273 845 4321 lrfflnj
893 4269 1178 4333 legantium
1230 4277 1410 4317 marmot

315 4333 685 4423 Ἀτοῗρβηκιν
733 4357 845 4389 unua
881 4357 977 4389 11111
985 4341 1314 4417 12111111111111111
1342 4341 1410 4385 Sil.

324 4428 389 4463 ex
430 4403 595 4480 'At-&Q
644 4425 685 4458 s.
737 4405 899 4469 1111113
985 4401 1202 4469 Ἤθῑωτ..
1266 4409 1410 4469 qumi

701 1359 774 1425 ἐκ
821 1354 1067 1444 ταύτης
1108 1361 1225 1444 τῆς
1265 1355 1494 1437 πόλιος
1538 1358 1943 1426 πλανέονται
1991 1357 2227 1425 πολλοὶ
2278 1352 2469 1425 ἄλλοι
2527 1358 2593 1435 ἐς

1507 1563 1594 1610 est
1624 1558 1953 1625 Aegyptium
1983 1559 2212 1609 Veneris
2243 1573 2466 1619 nomeu,
2519 1562 2596 1608 te-

1506 1633 1689 1680 stante
1728 1644 1942 1694 quoque
1978 1628 2164 1679 Orion.
2203 1626 2348 1692 apud
2372 1629 2595 1692 Etymo-

1504 1698 1618 1764 log.
1655 1715 1727 1749 m.
1775 1715 1830 1764 p.
1879 1698 1946 1749 26
1994 1697 2146 1763 sylb.
2201 1713 2254 1762 p.
2305 1699 2373 1748 24
2418 1697 2592 1762 Lips.‚

1506 1768 1757 1834 quodque
1790 1768 2005 1833 proprie
2033 1767 2259 1818 denotat
2295 1774 2499 1828 noctem,
2538 1771 2594 1816 et

1506 1854 1573 1887 ex
1626 1837 1770 1898 balei,
1833 1836 1975 1902 quod
2032 1837 2220 1887 urbem
2291 1834 2591 1901 significan

1505 1907 1617 1957 vid.
1655 1905 1789 1956 ibid.
1830 1922 1886 1970 p.
1921 1906 2010 1956 20.
2054 1904 2173 1970 21).
2254 1907 2430 1968 Quam
2476 1920 2597 1956 seu-

1505 1976 1735 2027 tentiam
1754 1976 1899 2040 quod
1916 1976 1972 2024 in
1993 1976 2214 2026 dubium
2227 1980 2391 2026 vocat
2407 1974 2597 2026 Cham-

1505 2045 1637 2111 poll.
1667 2045 1912 2111 l'Egypt.
1960 2060 2006 2097 s.
2049 2044 2088 2095 1.
2139 2045 2304 2096 Phar.
2345 2045 2423 2095 11.
2464 2061 2594 2111 pag.

1511 2115 1628 2177 173,
1667 2116 1770 2165 hoe
1787 2113 1867 2164 nil
1904 2113 1973 2164 ad
2008 2131 2094 2164 me
2128 2116 2391 2180 pertinet,
2430 2115 2596 2180 siqui-

1507 2186 1628 2236 dem
1664 2184 1980 2236 Herodotus
2016 2185 2070 2235 h.
2108 2183 2148 2235 1.
2189 2185 2391 2236 diserte
2426 2189 2597 2235 testa-

1509 2262 1627 2317 tur,
1663 2254 1891 2305 Veneris
1927 2253 2183 2319 templum
2225 2270 2438 2305 eaerum
2474 2270 2597 2306 esse

1506 2325 1564 2374 in
1599 2324 1732 2375 urbe
1767 2325 2083 2388 Atax-bechi,
2131 2329 2185 2375 et
2232 2326 2383 2374 numi
2432 2324 2598 2376 etiam

1509 2400 1746 2459 arguunt
1792 2394 1908 2445 eius
1950 2395 2101 2445 urbis
2141 2394 2435 2461 religiones
2479 2410 2598 2459 per-

1506 2466 1680 2514 tinere
1710 2464 1779 2515 ad
1815 2465 2099 2515 Venerem.
2123 2463 2269 2515 Illud
2303 2480 2405 2530 ego
2435 2464 2598 2514 vicis-

1508 2536 1610 2584 sim
1662 2534 1718 2583 in
1778 2532 1999 2584 dubium
2054 2533 2365 2584 vocaverim
2424 2534 2595 2597 ipsius

1509 2602 1963 2669 Champollionis,
2010 2602 2155 2668 quod
2204 2601 2354 2652 illam
2405 2603 2598 2652 miram

1508 2674 1670 2724 boum
1695 2674 2092 2723 funerationem
2110 2673 2177 2722 ab
2195 2672 2476 2723 Herodoto
2489 2687 2598 2721 me-

1508 2748 1774 2794 moratam
1822 2742 2093 2806 corruptis
2130 2741 2342 2791 demum
2383 2740 2598 2806 religio-

1509 2814 1671 2864 nibus
1694 2812 1984 2878 Aegyptiis
2026 2810 2329 2862 invaluisse
2368 2811 2598 2861 arbitra-

1507 2883 1658 2934 tur.“
1723 2881 1975 2932 Creuzer.
2030 2881 2088 2931 in
2135 2882 2341 2931 Comm.
2387 2880 2596 2932 Herod.

1508 2968 1637 3018 pag.
1678 2952 1796 3003 118.
1868 2953 1955 3001 Tu
1992 2949 2101 3002 vid.
2151 2950 2492 3015 potissimum
2530 2951 2600 3001 de

1508 3023 1612 3073 hae
1629 3021 1791 3082 urbe,
1832 3022 1984 3072 euius
2015 3021 2215 3071 rudera
2237 3036 2403 3086 prope
2420 3019 2600 3074 locun

1511 3092 1700 3157 bebin
1711 3121 1730 3131 -
1743 3094 1793 3142 el
1802 3122 1823 3131 -
1833 3091 1976 3142 kowm
2037 3090 2269 3141 inveniri
2326 3090 2597 3152 dicuntur,

1510 3163 1716 3213 Ritter:
1773 3159 2070 3211 Erdkunde
2114 3160 2160 3211 1.
2209 3177 2337 3226 pag.
2384 3158 2488 3210 819
2543 3165 2599 3211 et

1510 3231 1655 3283 conf.
1694 3231 1741 3281 I.
1780 3229 1846 3281 de
1876 3232 2137 3281 Hammer
2172 3230 2227 3279 in
2264 3228 2482 3280 Annall.
2505 3230 2599 3278 vi-

1508 3316 1764 3351 ennense.
1807 3300 1958 3352 1829.
1998 3299 2109 3351 vol.
2131 3301 2299 3351 XLV.
2336 3315 2464 3364 pag.
2510 3298 2597 3350 26.

1508 3371 1804 3435 Forbiger:
1860 3369 2082 3420 Haudb.
2135 3368 2189 3419 d.
2238 3368 2336 3419 alt.
2397 3368 2597 3432 Geogr.

1510 3440 1588 3490 Π.
1624 3455 1751 3504 pag.
1789 3438 1894 3489 796
1929 3454 2078 3504 seq.,
2127 3438 2221 3502 qui
2256 3436 2343 3488 vel
2377 3441 2600 3501 propter

1509 3509 1744 3560 nominis
1779 3509 1889 3558 vim
1926 3508 2004 3557 nil
2034 3506 2247 3557 differre
2270 3508 2413 3556 inter
2439 3506 2600 3556 Atar-

1510 3579 1707 3629 beehin
1744 3582 1800 3627 et
1828 3576 2287 3642 Aphroditopolin
2309 3580 2459 3627 reete
2483 3580 2601 3625 sta-

1510 3649 1646 3709 tuit,
1708 3648 1756 3698 si
1804 3646 2019 3712 quidem
2067 3645 2372 3697 Atarbechis
2413 3645 2599 3696 Ataris

1517 3685 1821 3770 s.A1thoris
1862 3711 2140 3781 (Veneris)
2185 3715 2366 3766 sedem
2420 3730 2466 3766 s.
2508 3714 2601 3766 do-

1516 3803 1661 3838 mum
1688 3785 1989 3853 signifieat:
2024 3787 2092 3837 de
2127 3800 2234 3851 qua
2258 3785 2411 3835 vocis
2435 3784 2602 3850 signi-

1514 3857 1768 3908 ficatione
1832 3856 1979 3908 conf.
2031 3871 2247 3921 quoque
2299 3854 2598 3920 Seyfferth:

1513 3928 1772 3991 Beitriige
1818 3942 1866 3976 z.
1915 3926 2218 3976 Kenntniss
2263 3928 2366 3976 ete.
2413 3924 2493 3975 11.
2543 3940 2596 3990 p.

1578 4057 1923 4127 Ἀφροδίτης
1962 4054 2091 4130 ἱρὸν
2137 4052 2307 4126 ἅγιον
2349 4057 2599 4126 ιδρυται]

1510 4147 1678 4197 αγιον
1726 4132 1841 4194 hie,
1902 4136 1965 4181 ut
2009 4147 2130 4196 eap-
2186 4134 2298 4193 44.
2349 4129 2600 4181 consulto

1510 4202 1759 4252 additum
1792 4169 2037 4263 v’idetur,
2079 4201 2149 4251 ad
2186 4199 2366 4250 locum
2401 4200 2603 4264 insigni

1508 4272 1773 4338 religione
1809 4270 2011 4321 cultum
2035 4274 2089 4321 et
2109 4274 2485 4321 consecratum
2516 4268 2604 4319 de-

1511 4339 1845 4391 clarandum.
1930 4340 2144 4391 Monuit
2208 4339 2485 4390 Letronne
2545 4338 2602 4387 in

1509 4410 1740 4462 Journal
1773 4410 1867 4459 des
1900 4409 2029 4460 Sav.
2073 4406 2226 4460 1839.
2276 4424 2331 4473 p.
2369 4409 2492 4456 424.
2533 4434 2605 4444 —-
