3109 5092
479 360 605 423 476

1347 357 1891 422 HERODOTI

470 533 799 608 Ὠκεανὸν
836 533 1066 621 ἐόντα,
1110 531 1409 623 Ὅμηρον
1454 530 1603 623 δὲῆ
1642 561 1794 604 τινα
1837 540 1975 604 τῶν
2015 533 2346 623 πρότερον
2370 528 2760 618 γενομένων

480 641 812 730 ποιητέων
828 638 1040 707 δοκέω
1069 635 1366 727 τοῦνομα
1394 632 1681 727 εὑρόντα
1711 640 1776 718 ἐς
1792 636 1916 727 τὴν
1933 644 2203 725 ποίησιν
2233 638 2725 705 ἐσενείκασθαι.
2750 646 2849 701 114

385 758 466 818 24
627 747 715 812 Ec
735 742 811 811 δὲ
839 747 965 826 δεῖ,
984 742 1423 830 μεμψάμενον
1441 741 1711 829 γνώμας
1737 739 1851 822 τὰς
1878 741 2345 830 προκειμένας,
2364 735 2579 807 αὐτὸν
2604 738 2760 825 περὶ

479 854 618 918 τῶν
647 843 970 932 ἀφανέων
999 843 1277 933 γνώμην
1307 841 1803 931 ἀποδέξασθαι,
1848 844 2123 934 φράσω,
2166 841 2336 912 διότι
2379 869 2490 930 μοι
2537 840 2759 910 δοκέει

482 948 920 1039 πληθύεσθαι
949 943 985 1016 ὁ
1019 956 1267 1027 Νεῖλος
1294 954 1415 1016 τοῦ
1455 947 1715 1037 θέρεος.
1771 946 1896 1037 τὴν
1938 943 2326 1036 χειμερινὴν
2368 942 2553 1034 ὥρην
2593 942 2757 1014 ἀπε-

481 1052 893 1141 λαυνόμενος
933 1046 969 1119 ὃ
1013 1047 1199 1140 ἥλιος
1229 1053 1302 1119 ἐκ
1340 1057 1455 1140 τῆς
1490 1049 1769 1140 ἀρχαίης
1810 1051 2119 1134 διεξόδου
2164 1045 2299 1119 ὑπὸ
2339 1054 2479 1117 τῶν
2517 1047 2759 1137 χειμω-

479 1238 663 1273 monem
700 1219 796 1283 (de
826 1219 939 1269 Nili
975 1218 1328 1286 incremento)
1366 1236 1412 1269 s.
1451 1235 1571 1269 cau-

479 1309 588 1343 sam
617 1306 756 1342 suam
792 1290 865 1339 ad
897 1289 1158 1339 obscurum
1195 1292 1431 1341 reticem-it
1477 1287 1570 1354 (ab

483 1378 574 1423 eo,
613 1359 755 1425 quod
796 1359 1085 1409 obscurum
1107 1363 1209 1420 est,
1249 1374 1569 1424 suspensam

481 1432 673 1481 fecerit
719 1444 822 1478 nec
862 1426 1015 1478 firmo
1071 1428 1364 1493 validoque
1410 1444 1572 1494 argu-

480 1503 663 1550 mento
699 1496 1050 1564 confirmarit)
1088 1512 1184 1548 non
1219 1498 1391 1556 habet,
1438 1499 1575 1563 quod

480 1585 572 1620 nos
605 1570 878 1618 convincat.
957 1567 1260 1617 Obscurum
1297 1570 1478 1616 autem
1509 1567 1571 1616 il-

483 1638 576 1689 lud
625 1654 668 1688 s.
721 1629 783 1685 τὸ
827 1626 1043 1698 ἀφανὲς
1088 1636 1347 1700 intelligit
1395 1636 1569 1687 Ocea-

482 1724 607 1759 num
649 1712 703 1756 et
732 1705 798 1755 de
833 1721 898 1754 eo
933 1704 1192 1768 fabulam,
1231 1706 1429 1770 quippe
1456 1721 1568 1755 rem

482 1778 667 1828 fictam
703 1791 804 1825 nec
830 1773 941 1824 ullo
979 1774 1138 1825 modo
1173 1775 1455 1840 probatam
1489 1780 1572 1824 at·

482 1864 586 1913 que
634 1851 895 1909 apertam.
980 1843 1132 1894 Idem
1179 1843 1415 1895 affirmat
1464 1846 1570 1894 No-

483 1923 594 1967 ster
629 1916 733 1976 IV,
770 1915 804 1965 8
851 1914 919 1963 ab
958 1914 1195 1964 Homero
1241 1915 1298 1963 in
1344 1914 1429 1964 his
1463 1913 1573 1963 dis-

482 1986 709 2045 cedens,
746 1983 804 2033 in
839 1983 993 2032 cuius
1027 1983 1208 2032 verbis
1252 1984 1320 2033 de
1349 1983 1570 2034 Oceano

379 2049 387 2058 ⁸
485 2058 590 2106 iam
638 2053 765 2104 olim
817 2052 1154 2102 desudarunt
1199 2053 1348 2103 docti
1384 2054 1575 2104 Gram-

485 2124 701 2184 matici‚
750 2126 815 2171 ut
861 2137 891 2171 e
927 2121 1196 2171 Strabone
1234 2122 1281 2172 1.
1331 2139 1385 2187 p.
1430 2122 1481 2173 9.
1522 2139 1569 2173 s.

484 2211 536 2259 p.
564 2195 596 2242 4
635 2192 902 2242 novimus.
977 2191 1062 2240 Tu
1084 2191 1198 2241 vid.
1225 2192 1448 2242 Homer.
1479 2192 1570 2241 Ili.

482 2262 639 2322 XIV,
677 2262 780 2310 245
825 2263 880 2309 et
917 2275 1056 2324 quae
1091 2260 1158 2309 de
1193 2261 1417 2310 Homeri
1452 2277 1574 2310 sen-

483 2331 657 2382 tentia
696 2329 913 2379 uberius
951 2328 1252 2393 disputavit
1283 2329 1474 2379 Ukert.
1517 2333 1573 2379 in

485 2398 795 2466 Geograph.
841 2398 894 2448 d.
946 2398 1039 2448 Gr.
1088 2413 1141 2447 u.
1193 2399 1383 2450 Roem.
1423 2400 1478 2461 Ι,
1519 2402 1571 2449 2.

483 2487 610 2538 pag.
647 2468 681 2519 8
708 2483 859 2534 seqq.

555 2536 597 2606 ἦ
627 2553 755 2588 τινα
787 2535 901 2590 τῶν
937 2527 1220 2599 πρότερον
1252 2533 1575 2600 γενομένων

484 2601 792 2675 ποιητέων]
832 2606 988 2657 Conf.
1015 2607 1100 2670 ΙΙ,
1130 2605 1197 2657 53
1222 2606 1406 2671 ibique
1430 2611 1571 2657 nott.

840 2778 972 2830 CAP.
1011 2779 1212 2829 XXIV.

555 2877 632 2933 Et
664 2875 726 2931 δὲ
760 2877 940 2930 δεῖ-
964 2871 1386 2945 ἀποδέξασθαι]
1429 2870 1574 2930 ἀπο-

484 2949 827 3002 δείκνυσθαι
873 2943 1107 3015 γνώμην
1151 2956 1236 3000 est
1279 2952 1575 3001 sentenciam

485 3024 774 3080 declarare,
807 3022 860 3069 in
883 3020 1089 3070 medium
1113 3022 1372 3081 proferre.
1412 3019 1572 3070 Conf.

484 3092 589 3150 111,
627 3090 715 3141 82.
754 3088 874 3139 160.
915 3089 1023 3149 IV,
1059 3087 1148 3139 97.
1191 3089 1307 3140 132.
1349 3088 1411 3152 1,
1449 3089 1573 3138 207.

484 3161 607 3212 170.
643 3159 732 3219 ΙΙ,
765 3156 894 3218 146,
926 3157 1017 3207 ubi
1063 3157 1176 3207 vid.
1217 3163 1359 3208 nott.
1433 3159 1575 3208 Item

477 3221 916 3350 αὲπιοςφαιῐῖεέὶθῖι
940 3226 1097 3347 Vlg,
1117 3228 1206 3280 49.
1244 3226 1577 3348 Αᾱᾶ.61ἐῐοίτι-

521 3316 552 3350 o
612 3336 623 3347 .
665 3312 698 3347 a
833 3311 866 3346 a
893 3312 980 3346 on.
1070 3312 1188 3362 org.
1225 3312 1352 3362 pag.
1458 3334 1470 3347 .
1500 3326 1573 3336 —-

483 3366 787 3431 „Herodoti
839 3365 1165 3416 sententiam
1211 3366 1400 3431 paucis
1455 3382 1574 3417 ver-

479 3440 563 3490 bis
612 3439 951 3487 contractam
998 3436 1224 3500 praebet
1271 3451 1486 3501 quoque
1523 3436 1571 3486 1.

480 3510 647 3559 Laur.
687 3505 874 3571 Lydus
914 3504 980 3555 de
1011 3520 1210 3556 menss.
1250 3514 1308 3570 p‘.
1344 3504 1447 3556 263
1485 3504 1573 3556 ed.

486 3574 724 3629 Roeth.·“
789 3575 873 3625 Cr.

551 3638 658 3710 τὴν
693 3632 1027 3762 ἔειμερινὴν
1063 3631 1225 3706 α’ἶρην
1261 3633 1575 3692 ἀπελαυνό-

481 3729 656 3779 μενος
739 3708 923 3777 ξῆὶιος
959 3726 1009 3760 κ.
1051 3727 1096 3760 τ.
1139 3710 1215 3778 L]
1271 3712 1308 3763 i.
1350 3728 1398 3762 e.
1438 3714 1572 3775 ,‚sol,

477 3800 576 3847 per
607 3783 863 3832 hibernum
886 3789 1075 3843 tempus
1102 3783 1338 3846 repulsus
1362 3797 1390 3830 e
1410 3782 1581 3844 priori

480 3869 634 3902 cursu
667 3851 732 3901 ab
755 3849 990 3901 kiemihus
1009 3887 1022 3909 ‚
1061 3852 1258 3900 accedit
1280 3850 1352 3900 ad
1377 3850 1578 3915 Libyae

483 3923 715 3986 regiones
739 3917 1094 3982 superiores.“
1140 3918 1224 3969 Ad
1261 3921 1434 3984 ipsam
1458 3933 1578 3968 sen·

483 3990 710 4041 tentiam
743 3975 1013 4048 *acinum
1079 4003 1218 4052 quae
1274 3988 1578 4052 disputavit

482 4058 718 4111 Bredov.
755 4057 811 4106 in
838 4055 1140 4121 Uranolog.
1164 4057 1431 4107 Herodot.
1458 4071 1578 4121 spe-

484 4129 609 4178 cim.
634 4141 763 4191 pag.
789 4126 928 4175 VII:
969 4126 1288 4187 „Herodoto
1315 4131 1460 4176 terra
1491 4127 1579 4175 est

482 4196 677 4262 plana,
733 4193 886 4244 coelo
925 4203 1229 4245 concavato
1268 4196 1326 4245 in
1361 4194 1579 4245 modum

480 4263 863 4328 hemisphaerii
900 4262 1139 4323 obtecta,
1183 4265 1337 4314 cuius
1378 4265 1579 4329 margi-

481 4349 578 4386 nes
616 4332 871 4384 extremis
902 4336 1084 4380 terrae
1107 4330 1307 4382 finibus
1344 4333 1577 4398 iungun-

483 4404 643 4467 tur“‚
702 4407 758 4454 et
808 4417 936 4467 pag.
973 4401 1151 4451 XIII:
1215 4402 1311 4466 „in
1346 4402 1450 4452 hoc
1494 4402 1581 4452 la-

1674 1221 1862 1286 queari
1909 1219 2131 1271 coelesti
2178 1217 2260 1268 sol
2305 1222 2549 1282 tempore
2585 1222 2764 1267 aesta·

1673 1292 1745 1340 tis
1784 1291 2157 1356 quotidianam
2194 1292 2344 1338 tenet
2378 1287 2526 1336 viam
2560 1287 2679 1351 sere
2712 1292 2761 1337 t’n

1672 1361 1866 1411 medio.-
1902 1361 2079 1410 hieme
2115 1363 2298 1409 autem
2324 1358 2629 1422 ingruente,
2665 1356 2759 1406 fri-

1674 1431 1895 1496 goribus
1955 1445 1988 1479 a
2057 1433 2238 1478 meatu
2299 1442 2398 1476 suo
2462 1428 2520 1475 in
2579 1426 2756 1490 magis

1672 1499 1943 1550 australes
2018 1497 2156 1548 coeli
2224 1503 2408 1562 partes
2479 1495 2755 1560 depulsus,

1671 1570 1872 1618 transit
1906 1560 1975 1617 τὰ
2001 1558 2120 1616 ἅνω
2152 1564 2252 1631 τῆς
2272 1557 2508 1632 Λιβύης.
2577 1566 2759 1626 Quan-

1671 1639 1741 1688 do
1780 1638 1948 1702 igitur
1992 1636 2075 1686 sol
2114 1635 2398 1687 Graeciam
2447 1633 2625 1684 calore
2662 1636 2761 1683 'ae-

1671 1708 1835 1757 statis
1870 1707 2007 1756 urit:
2047 1706 2235 1756 eodem
2270 1709 2513 1768 tempore
2548 1704 2606 1753 in
2640 1719 2761 1768 par-

1671 1776 1821 1826 tibus
1868 1776 2089 1826 Africae
2134 1773 2496 1835 australibus,
2547 1772 2662 1823 sole
2705 1774 2761 1822 in

1671 1846 1902 1895 medium
1953 1845 2159 1895 coelum
2211 1844 2527 1904 recedente,
2588 1843 2761 1893 hiems

1673 1919 1782 1978 est,
1841 1930 2165 1980 quamquam
2212 1929 2322 1963 non
2375 1912 2547 1962 hiems
2594 1912 2764 1962 Grae-

1673 1986 1817 2043 ciae3
1842 2000 2047 2046 verum,
2075 1999 2197 2034 cum
2226 1982 2305 2032 sol
2332 1987 2574 2047 tempore
2599 1981 2763 2032 Grae-

1674 2056 1752 2105 cis
1789 2054 2000 2105 aestivo
2039 2069 2072 2102 a
2107 2053 2283 2116 Libya
2323 2056 2377 2101 et
2406 2052 2636 2102 Graecia
2674 2066 2759 2101 eo-

1673 2125 1795 2174 dem
1833 2124 1945 2173 fere
1982 2124 2161 2187 spatio
2215 2122 2423 2171 distare
2455 2121 2761 2181 videbatur,

1672 2194 1842 2243 hiems
1870 2194 2078 2256 Libyca
2115 2191 2341 2241 eundem
2379 2191 2493 2240 fere
2526 2189 2762 2241 calorem

1671 2264 1871 2322 habet,
1935 2277 2092 2326 quem
2143 2265 2444 2310 ceterarum
2498 2264 2761 2309 terrarum

1676 2337 1876 2382 aestas.
1952 2329 2182 2391 Quando
2226 2334 2409 2379 autem
2446 2329 2650 2394 frigore
2684 2330 2763 2378 in·

1676 2406 1901 2464 eruente
1940 2400 2023 2448 sol
2057 2400 2114 2447 in
2150 2398 2283 2448 fines
2321 2396 2461 2448 coeli
2496 2398 2763 2448 australes

1616 2469 1623 2476 '
1675 2470 1973 2536 repellitur,
2010 2484 2237 2518 necesse
2264 2471 2366 2528 est,
2400 2471 2465 2517 ut
2488 2466 2588 2526 sol,
2626 2483 2765 2517 mar-

1676 2541 1790 2606 gini
1837 2539 2110 2603 laquearis
2158 2536 2412 2588 coelestis
2467 2535 2766 2587 inclinatae

1675 2609 1922 2675 propior,
1965 2607 2355 2657 vehementiori
2395 2606 2577 2656 calore
2610 2622 2766 2671 supe-

1673 2680 1819 2729 riora
1856 2677 2077 2728 Africae
2125 2676 2338 2727 adurat.
2416 2676 2611 2742 Itaque
2654 2692 2765 2726 non

1675 2748 1848 2799 solum
1884 2745 2007 2795 Indi
2058 2750 2113 2796 et
2148 2747 2443 2811 Aethiopes
2493 2747 2594 2797 sub
2644 2751 2765 2796 ortu

1674 2817 1837 2880 solis,
1887 2815 1982 2865 sed
2021 2816 2183 2865 etiam
2220 2816 2516 2880 Aethiopes
2554 2816 2765 2881 Libyci,

1676 2888 1770 2953 qui
1813 2901 1976 2950 super
2011 2887 2319 2950 Aegyptum
2353 2886 2635 2947 habitant,
2682 2901 2769 2935 ca·

1675 2961 1786 3007 tore
1830 2957 1952 3007 solis
2006 2959 2262 3019 propioris
2322 2955 2649 3016 aduruntur,
2705 2958 2769 3003 ut

1675 3027 1993 3092 nigrescant
2029 3030 2084 3075 et
2124 3026 2302 3075 crines
2355 3025 2563 3090 crispos
2598 3026 2769 3073 maxi-

1676 3111 1762 3146 me
1805 3096 1949 3145 inter
1985 3110 2172 3144 omnes
2217 3094 2466 3144 homines
2507 3094 2766 3155 habeant,

1676 3165 1803 3226 VII,
1843 3164 1912 3213 70
1948 3164 2049 3213 cfr.
2085 3164 2192 3226 ΙΙΙ,
2228 3163 2389 3213 101.“

1746 3224 1805 3283 ἐκ
1835 3231 1938 3296 τῆς
1976 3224 2219 3296 ἀρχαίης
2255 3223 2546 3297 διεξόδου]
2584 3226 2767 3290 διέξο-

1675 3299 1777 3359 δος
1826 3302 2108 3352 Herodoto
2167 3308 2253 3351 est
2303 3317 2519 3361 cursus,
2578 3307 2770 3350 meam

1674 3373 1797 3423 εοῖἰε
1816 3373 1867 3421 in
1889 3375 2028 3422 coelo
2062 3386 2107 3421 s.
2129 3373 2230 3432 via,
2267 3386 2412 3436 quam
2450 3373 2530 3421 sol
2555 3383 2770 3432 percur-

1675 3444 1769 3502 rit,
1832 3445 1895 3490 ut
1942 3440 2180 3505 explicat
2224 3439 2475 3504 Schwgh.
2524 3439 2579 3488 in
2633 3439 2767 3488 Lex.

1674 3510 1880 3561 Herod.
1918 3524 1963 3560 s.
1991 3525 2046 3559 v.
2120 3509 2273 3559 Alias
2310 3509 2462 3559 vocis
2498 3507 2770 3568 notiones,

1678 3584 1932 3630 monente
1981 3581 2107 3639 Cr.,
2155 3579 2345 3644 attigit
2379 3575 2769 3642 Wyttenbach.

1678 3649 1749 3698 ad
1796 3647 1944 3698 Plut.
1991 3649 2130 3697 Mor.
2181 3648 2237 3709 Ι,
2289 3649 2343 3697 2.
2394 3662 2447 3711 p.
2490 3645 2612 3697 973.
2697 3646 2774 3694 Et

1678 3717 1824 3768 conf.
1884 3715 2090 3766 Herod.
2149 3716 2205 3776 Ι,
2271 3715 2372 3766 196
2429 3715 2566 3777 ibiq.
2626 3718 2770 3763 nott.

1676 3786 1825 3835 Hinc
1861 3784 1949 3846 ΙΙ,
1986 3787 2054 3834 25
2101 3781 2388 3845 διεξιέναι.
2477 3782 2644 3833 Plura
2679 3782 2774 3832 da-

1678 3855 1760 3904 bit
1795 3855 1891 3904 Gr.
1934 3853 2002 3902 ad
2040 3852 2244 3903 Plotin.
2301 3870 2356 3918 p.
2396 3852 2499 3904 189
2532 3852 2595 3904 Β.
2672 3852 2776 3901 Le-

1678 3923 1924 3973 tronnius
1947 3922 2091 3972 hunc
2109 3922 2290 3972 locum
2321 3925 2567 3971 tractans
2589 3919 2775 3986 (Iour-

1679 3991 1776 4042 nal
1809 3990 1905 4040 des
1927 3991 2140 4041 Savans
2174 3990 2328 4042 1839.
2362 4007 2418 4056 p.
2449 3988 2543 4040 131
2571 3986 2774 4053 seqq.)‚

1680 4062 1761 4110 ita
1790 4058 1999 4111 Gallice
2036 4059 2240 4109 reddit:
2272 4059 2458 4123 „dans
2494 4058 2551 4108 la
2587 4058 2777 4109 saison

1679 4127 1958 4179 hivemale
2005 4128 2061 4178 le
2098 4128 2280 4191 soleil,
2329 4126 2525 4178 chasse
2569 4127 2636 4178 de
2674 4142 2776 4176 son

1681 4199 1949 4249 ancienne
1977 4201 2133 4248 route
2158 4195 2319 4260 (c'est
2346 4197 2379 4246 a
2405 4197 2522 4247 dire
2545 4196 2613 4246 de
2639 4195 2777 4246 celle

1682 4267 1815 4333 qu’il
1874 4283 1907 4316 a
1956 4267 2130 4316 suivie
2179 4265 2444 4331 jusqu'au
2498 4265 2774 4330 tropique)

1682 4352 1782 4401 par
1831 4335 2052 4398 l'hiver,
2113 4350 2171 4385 se
2228 4335 2401 4401 dirige
2453 4334 2618 4386 vers“
2665 4337 2774 4384 etc.

1685 4404 1845 4469 Quod
1884 4419 2016 4454 vero
2052 4394 2170 4456 ὑπὸ
2208 4401 2313 4453 τοῦ
2349 4402 2628 4469 χειμῶνος
2664 4401 2777 4469 leg-i
