3109 5092
1178 340 1672 403 EUTERPE.
1716 343 1801 403 II.
1846 350 1934 406 45.
2563 347 2687 410 533

414 512 685 603 ζήτησιν
740 511 1202 594 ἐκπλώσαντες
1257 514 1484 586 Θάσον
1530 522 1833 588 ἔκτισαν·
1902 521 2016 590 καὶ
2067 525 2279 591 ταῦτα
2331 524 2443 592 καὶ
2486 527 2687 594 πέντε

415 621 686 706 γενεῇσι
732 613 1004 705 ἀνδρῶν
1058 616 1352 708 πρότερά
1404 622 1542 689 ἐστι
1581 616 1624 709 ἢ
1664 619 1782 692 τὸν
1823 620 2326 713 Ἀμφιτρύωνος
2354 622 2686 714 Ἡρακλέα

413 724 490 790 ἐν
535 726 618 809 τῇ
654 714 920 790 Ἐλλάδι
965 723 1308 807 γενέσθαι.
1401 720 1496 792 Τα
1532 727 1659 811 μέν
1700 753 1832 794 νυν
1876 730 2278 816 ἱστορημένα
2322 735 2522 817 δηλοῖ
2561 751 2682 800 σα-

413 827 594 913 φέως
630 821 923 893 παλαιὸν
955 822 1127 894 θεὸν
1159 824 1280 895 τὸν
1311 821 1643 914 “Ηρακλέα
1675 828 1891 898 ἐόντα.
1976 833 2089 899 καὶ
2123 835 2432 902 δοκέουσι
2470 836 2551 904 δέ
2573 861 2685 921 μοι

411 918 599 997 οὗτοι
637 922 973 1015 ὀρθότατα
1006 923 1345 1017 Ἑλλήνων
1379 933 1666 1014 ποιέειν,
1721 937 1790 1001 οἳ
1825 929 1975 1015 διξὰ
2004 929 2360 1023 Ἡράκλεια
2401 934 2681 1025 ἱδρυσά-

412 1058 604 1120 μενοι
642 1036 984 1118 ἔκτηνται·
1032 1032 1145 1100 καὶ
1185 1036 1277 1124 τῷ
1316 1032 1474 1121 μὲν,
1515 1029 1604 1112 ὥς
1637 1031 1997 1127 αθανατω,
2026 1033 2369 1133 Ὀλυμπίω
2399 1039 2475 1108 δὲ
2503 1042 2677 1107 ἐπω-

411 1140 664 1222 νυμίην
689 1135 968 1218 θύουσι,
1011 1139 1108 1226 τῷ
1133 1134 1208 1203 δὲ
1238 1131 1517 1228 ἐτέρω’
1469 1165 1558 1217 ως
1591 1133 1770 1226 ἦρωΐ
1797 1139 2193 1224 ἐναγίζουσι.

2283 1145 2575 1228 Λέγουσι
2604 1141 2678 1210 δὲ
2697 1147 2779 1206 45

413 1234 626 1307 πολλὰ
665 1239 776 1305 καὶ
818 1234 990 1306 αλλα
1031 1233 1533 1320 ἀνεπισκέπτως
1571 1244 1640 1310 oc
1655 1236 1992 1329 ’Έλληνες
2052 1239 2310 1333 εὐήθης
2352 1244 2427 1313 δὲ
2455 1242 2684 1313 αὐτῶν

415 1343 526 1409 καὶ
559 1335 733 1409 ods‘
704 1370 740 1410 ο
772 1339 992 1427 μῦθός
1022 1343 1158 1410 ἐστι
1178 1394 1196 1427 ,
1234 1339 1353 1410 τὸν
1379 1343 1535 1432 περὶ
1562 1347 1686 1411 τοῦ
1706 1338 2061 1432 Ἡρακλέος
2088 1349 2360 1433 λέγουσι
2386 1369 2401 1383 ·
2441 1343 2530 1429 ὥς
2555 1344 2679 1416 αὐ-

413 1440 530 1513 τὸν
577 1439 1000 1530 ἀπικόμενον.
1043 1447 1110 1524 ἐς
1150 1454 1505 1531 Αἴγυπτον
1558 1449 1919 1527 στέψαντες
1964 1453 2033 1517 οἱ
2079 1448 2479 1537 Αἰγύπτιοι,
2549 1444 2689 1520 ὑπὸ

415 1551 678 1635 πομπῆς
718 1549 953 1634 ἐξῆγον
985 1541 1073 1626 ὥς
1106 1547 1439 1627 θύσοντες
1477 1553 1571 1641 τῷ
1602 1556 1754 1617 Διΐ·
1801 1547 1923 1620 τὸν
1952 1549 2027 1620 δὲ
2054 1554 2218 1633 τέως
2246 1552 2372 1640 μὲν
2399 1549 2687 1642 ἡσυχίην

414 1656 622 1737 ἔχειν·
672 1651 817 1719 ἐπεὶ
867 1650 943 1718 δὲ
1006 1647 1218 1720 αὐτοῦ
1266 1648 1429 1740 πρὸς
1472 1658 1566 1744 τῷ
1610 1658 1818 1745 βωμῷ
1860 1655 2302 1742 κατάρχοντο,
2357 1659 2424 1735 ἐς
2473 1652 2687 1744 ἀλκὴν

413 1817 583 1868 tafeln
616 1834 670 1881 p.
693 1816 810 1880 78),
846 1815 1012 1882 longo
1048 1817 1216 1882 igitur
1252 1821 1498 1881 tempore

410 1892 536 1951 post
579 1888 805 1951 primam
847 1885 997 1937 illam
1032 1888 1364 1938 Phoenicum
1410 1902 1497 1937 eo-

409 1957 638 2018 loniam,
708 1956 776 2006 de
837 1971 945 2021 qua
1003 1972 1098 2006 cnr
1168 1956 1495 2018 dubitemus,

413 2025 564 2075 nulla
597 2026 844 2089 profecto
875 2041 1044 2076 causa
1077 2026 1225 2076 iusta
1247 2030 1494 2090 apparet.

413 2096 497 2145 Tu
552 2094 661 2145 vid.
724 2110 863 2160 quae
926 2100 1119 2145 contra
1174 2094 1496 2145 Muellerum

413 2164 717 2229 disputavit
761 2166 831 2214 H.
870 2164 1238 2215 Hasselbach:
1287 2165 1372 2214 De
1416 2165 1497 2214 in-

412 2233 534 2283 sula
583 2233 767 2284 Thaso
810 2232 1112 2299 (Mai-burg.
1160 2232 1321 2295 1838)
1366 2249 1495 2300 pag.

415 2305 433 2353 1
454 2304 474 2353 1
515 2317 628 2366 seq.
664 2302 789 2353 coll.
812 2319 864 2367 p.
889 2304 975 2354 26.
1024 2303 1166 2354 Add.
1188 2304 1494 2353 Prokesch.

414 2373 531 2423 Atti
565 2371 687 2421 dell'
729 2371 987 2423 Academ.
1021 2373 1178 2423 Rom.
1209 2372 1497 2423 d'Arcbeo-

411 2442 521 2506 log.
555 2441 763 2491 Pontis.
787 2442 884 2492 VI.
920 2457 975 2506 p.
1002 2441 1102 2493 179
1127 2458 1241 2506 seq.
1277 2448 1332 2492 et
1356 2457 1496 2506 quae

411 2511 554 2560 hanc
576 2511 630 2559 in
651 2527 764 2561 rem
792 2512 1141 2576 disputantur
1165 2528 1199 2562 a
1220 2512 1495 2562 Moversio

412 2580 449 2630 l.
485 2580 525 2630 l.
581 2580 669 2644 ΙΙ,
714 2581 758 2630 1.
798 2597 849 2646 p.
885 2579 986 2632 129
1018 2596 1170 2646 seqq.
1219 2581 1323 2632 276
1359 2597 1494 2646 seq.‚

374 2699 380 2703 ,
413 2650 505 2714 qui
541 2648 897 2716 alia.qu0que
933 2650 1147 2711 attulit,
1197 2666 1262 2700 ex
1300 2651 1496 2714 quibus

413 2720 552 2770 satis
621 2727 873 2786 apparet,
947 2721 1188 2769 Thasum
1249 2720 1498 2784 primitus

412 2806 447 2839 a
491 2788 856 2840 Phoenicibus
903 2804 1025 2839 esse
1080 2790 1385 2850 conditam,
1444 2793 1499 2840 et

412 2857 629 2923 quidem
658 2858 1015 2923 probabiliter
1041 2874 1183 2908 anno
1217 2859 1349 2910 1415
1368 2863 1499 2909 ante

412 2927 538 2978 Chr.
575 2943 630 2977 n.

483 2991 540 3045 οἳ
596 2986 719 3044 κατ’
783 2987 867 3045 Εὖ
857 2989 1071 3060 ρώπης
1122 2988 1355 3059 ζήτησιν
1417 2986 1499 3045 ἐκ.

411 3057 755 3127 πλωσαντες]
806 3066 1097 3124 Conf.1‚2
1133 3066 1320 3130 ibique
1355 3070 1497 3118 nott.

413 3138 500 3187 Cr.
544 3136 680 3184 citat
715 3135 781 3184 F.
818 3135 885 3184 A.
923 3134 1092 3185 Wolf.
1129 3136 1187 3184 in
1220 3134 1496 3187 Analectt.

411 3206 508 3256 IV.
551 3221 604 3269 p.
643 3204 764 3256 513.
837 3202 921 3254 Ad
953 3204 1289 3255 locutionem
1323 3205 1498 3269 ipsam

412 3275 561 3394 gons.
595 3274 724 3336 VII,
759 3274 887 3325 120.
926 3265 1068 3322 κατὰ
1098 3266 1331 3338 ζήτησιν
1360 3275 1498 3323 Δαι-

451 3336 609 3393 ἄλου.

481 3407 578 3461 καὶ
607 3408 787 3461 ταῦτα
808 3407 904 3461 καὶ
938 3407 1106 3461 πέντε
1141 3409 1366 3491 γενεῇσι
1400 3427 1500 3460 αν-

411 3480 567 3562 δρων
610 3472 861 3545 πρότερα
909 3475 1024 3530 ἔστι
1071 3471 1111 3545 ἦ
1152 3473 1255 3530 τὸν
1312 3471 1500 3544 Ἀμφι-

409 3543 512 3611 toti
517 3565 665 3607 ωνος
715 3565 766 3600 κ.
816 3565 865 3599 τ.
911 3548 987 3615 λ.]
1048 3550 1184 3600 Cum
1227 3566 1261 3600 a
1295 3549 1497 3600 Cadmo

410 3621 530 3686 plus
555 3621 794 3684 quinque
825 3620 1268 3684 generationibus
1299 3619 1500 3669 abiisse

412 3690 665 3751 tradant,
701 3690 873 3740 verba
905 3689 1174 3741 Herodoti
1212 3688 1502 3752 displicue-

411 3765 537 3810 runt
584 3760 715 3808 viris
764 3757 968 3819 doctis,
1027 3759 1120 3824 qui
1172 3774 1271 3823 pro
1334 3753 1502 3806 πέντε

411 3828 637 3879 rescribi
672 3827 978 3879 maluerunt
1021 3824 1161 3877 δέκα
1204 3826 1292 3877 vel
1330 3817 1496 3876 ὀκτώ.

413 3899 522 3949 Sed
539 3897 796 3962 vulgatae
815 3898 1055 3958 lectioni,
1078 3912 1238 3961 quam
1259 3898 1314 3945 in
1337 3896 1500 3945 istius

412 3968 559 4018 modi
604 3968 767 4017 rebus
816 3966 978 4018 valde
1023 3966 1268 4016 obscuris
1313 3967 1502 4015 immu-

413 4043 530 4087 tare
573 4037 730 4087 nefas
774 4040 940 4100 puto,
991 4035 1368 4100 patrocinatus
1416 4037 1502 4084 est

413 4106 749 4167 Larcherus‚
809 4121 930 4156 cum
988 4120 1021 4154 a
1070 4104 1276 4154 Cadmo
1330 4119 1503 4168 usque

414 4175 485 4226 ad
533 4176 828 4241 Oedipum,
882 4174 1138 4225 Herculis
1200 4172 1504 4238 aequalem,

413 4246 606 4310 utique
659 4245 865 4295 fuerint
915 4245 1155 4309 quinque
1201 4243 1506 4308 generatio-

415 4330 544 4376 nes,
625 4314 817 4364 Cadmi
882 4318 1064 4364 autem
1127 4312 1506 4378 genealogiam

416 4385 617 4435 Noster
639 4382 1007 4434 verisimiliter
1029 4383 1296 4449 cognorit.
1353 4383 1506 4445 Quae

1599 1818 1647 1867 si
1691 1833 1820 1869 vere
1864 1819 2145 1883 disputata
2189 1826 2344 1884 suut,
2404 1821 2685 1872 Herodoto

1597 1902 1698 1936 sua
1722 1889 1999 1939 constabit
2024 1892 2346 1941 auctoritas.
2381 1892 2541 1942 Conf.
2553 1892 2687 1941 Lar-

1598 1956 1742 2007 cher.
1781 1963 1898 2009 not.
1943 1958 2012 2008 ad
2060 1959 2111 2010 h.
2154 1958 2190 2008 l.
2240 1965 2295 2010 et
2333 1960 2473 2011 Tab.
2521 1960 2689 2011 Chro-

1598 2026 1708 2076 nol.
1746 2042 1802 2092 p.
1838 2027 1943 2079 326
1980 2043 2130 2094 seqq.
2165 2029 2269 2081 344
2305 2044 2457 2093 seqq.
2493 2057 2563 2066 —
2622 2031 2686 2079 Ιιι

1585 2111 1749 2175 seqq.
1795 2098 2003 2147 verbis.
2064 2091 2311 2147 παλαιὸν
2364 2090 2513 2147 θεὸν
2566 2090 2689 2147 τὸν

1585 2155 1866 2229 Ηρακλέα
1895 2158 2060 2216 ἐόντα
2082 2166 2322 2246 plerique
2352 2168 2507 2218 codd.
2535 2168 2690 2217 omit-

1599 2238 1724 2285 tunt
1773 2235 2060 2286 articulum
2108 2228 2260 2298 τὸν,
2306 2253 2412 2301 quo
2459 2238 2552 2287 vix
2600 2253 2689 2287 ca-

1599 2320 1718 2356 rere
1751 2306 1955 2369 poterit
1996 2306 2190 2357 oratio.
2264 2306 2493 2357 Dietsch
2527 2308 2685 2357 uncis

1599 2373 1846 2436 inclusit,
1901 2375 2141 2425 Dindorf
2192 2391 2413 2457 prorsus
2468 2377 2688 2427 abiecit.

1600 2474 1671 2483 —
1715 2443 1888 2494 Paulo
1938 2449 2063 2509 post
2100 2444 2327 2495 formam
2369 2436 2687 2507 Ἡράκλεια,

1600 2513 1752 2563 cuins
1800 2513 1922 2562 loco
1967 2529 2109 2564 unus
2142 2513 2490 2564 Florentinus
2535 2529 2690 2578 prae-

1600 2582 1693 2631 bet
1716 2573 2019 2644 Ἡράκλεα,
2059 2598 2182 2632 cum
2202 2582 2471 2633 Bredovio
2504 2598 2557 2647 p.
2594 2583 2683 2632 181

1601 2651 1824 2711 retinui,
1873 2651 1967 2715 qui
2014 2651 2069 2700 in
2115 2651 2239 2700 aliis
2289 2651 2558 2702 similibus
2596 2668 2690 2701 no-

1600 2719 1836 2770 minibus
1881 2719 2106 2770 eandem
2142 2720 2371 2770 formam
2413 2737 2447 2771 a
2485 2721 2688 2771 Nostro

1601 2793 1876 2840 servatam
1913 2804 2033 2840 esse
2070 2790 2329 2846 ostendit.

1673 2853 1732 2907 οἳ
1766 2886 1838 2895 -
1874 2849 2243 2922 ἰδρυσαμενοι
2277 2853 2558 2923 ἔκτηνται]
2605 2857 2690 2908 De

1599 2929 1686 2978 his
1720 2928 1900 2979 verbis
1937 2927 2498 2990 conf.11,42.1n
2533 2942 2686 2992 seqq.

1602 2998 1732 3062 quid
1777 2998 1851 3048 sit
1898 2989 2200 3062 ἐναγίζειν,
2250 2997 2482 3048 diximus
2526 2998 2598 3047 ad
2642 2997 2689 3060 1,

1602 3068 1724 3119 167.
1796 3067 1880 3118 Ad
1914 3072 2293 3133 argumentum
2326 3067 2564 3118 conferri
2600 3082 2690 3129 po-

1601 3142 1710 3188 test
1745 3136 1972 3188 Diodor.
2008 3137 2176 3187 Sicul.
2214 3138 2319 3198 IV,
2363 3136 2431 3186 39
2475 3140 2530 3186 et
2565 3135 2691 3186 Plu-

1602 3208 1775 3259 tarch.
1809 3206 1875 3256 de
1906 3206 2125 3273 malign.
2148 3207 2416 3257 Herodot.
2438 3222 2492 3270 p.
2520 3207 2686 3256 8571)

1602 3281 1734 3328 torn.
1770 3277 1845 3327 11.
1895 3276 2039 3341 Opp.
2085 3277 2222 3326 baec
2267 3274 2535 3326 cavillans
2582 3275 2691 3324 He-

1602 3347 1783 3398 rodoti
1820 3346 2002 3396 verba.

1978 3516 2112 3566 OAP.
2149 3514 2317 3564 XLV.

1599 3609 1604 3614 ⁴
1669 3608 1895 3698 εὐήθης
1930 3610 1993 3666 δὲ
2030 3607 2220 3665 αὐτῶν
2250 3609 2347 3663 καὶ
2386 3602 2485 3663 οδε
2524 3603 2554 3662 ὁ
2589 3611 2691 3676 μῦ-

1602 3679 1715 3743 θός
1769 3677 1907 3750 ἔστι]
1964 3677 2158 3734 αυταῑν
2214 3699 2332 3734 cum
2378 3682 2691 3734 Gaisfordio

1602 3756 1856 3820 rescripsi
1892 3771 1989 3819 pro
2027 3744 2285 3803 αὐτέων.
2322 3781 2394 3790 -
2440 3754 2525 3802 De
2560 3743 2692 3816 εὐή-

1600 3826 1717 3889 θης
1763 3825 2023 3886 (stolidus,
2071 3823 2290 3885 ineptus)
2337 3821 2574 3872 vidimus
2619 3822 2691 3871 ad

1605 3897 1652 3958 1,
1688 3896 1775 3944 60.
1863 3893 2064 3957 Attigit
2096 3892 2412 3943 Herodotea
2447 3890 2600 3942 Theo
2633 3891 2691 3939 in

1602 3933 2016 4042 P'rogymnasm.
2032 3962 2108 4024 ΙΙ,
2121 3961 2173 4012 6.
2188 3977 2244 4026 p.
2262 3961 2326 4013 18
2352 3962 2437 4012 ed.
2452 3960 2688 4011 Finckh.

1606 4034 1788 4085 Verba
1824 4023 1941 4081 ὑπὸ
1969 4028 2202 4095 πομπῆς
2228 4030 2339 4096 (sub
2369 4047 2415 4082 s.
2439 4035 2491 4083 in
2511 4046 2712 4094 pompa.

1606 4101 1827 4166 solemni)
1851 4100 2173 4166 explicanda
2196 4106 2325 4151 sunt
2351 4101 2419 4152 ad
2429 4116 2528 4181 ea,
2555 4114 2695 4165 quae

1607 4174 1663 4235 Ι,
1703 4173 1765 4223 17
1818 4171 1924 4221 iam
1974 4171 2279 4221 invenimus
2336 4161 2451 4220 ὑπὸ
2507 4168 2696 4233 συρίγ-

1609 4241 1912 4360 νωέπεὶαιίἶ
1938 4241 2336 4373 ἰέὖξὲἳῖῃεπρὸς
2398 4304 2478 4372 τῷ
2527 4303 2700 4371 βωμᾳῖ

1608 4373 2017 4446 κατάρχοντο]
2003 4397 2039 4431 ι.
2055 4395 2102 4432 e.
2126 4395 2232 4428 cum
2252 4379 2325 4428 ad
2341 4379 2511 4427 altare
2528 4378 2699 4439 auspi-
