3109 5092
1325 375 1579 467 omo.
1624 406 1676 466 1.
1722 414 1810 469 ω.

2577 400 2699 463 203

420 583 727 671 Κροίσῳ,
778 571 867 657 ὥς
895 575 1025 665 ἐγώ
1049 579 1525 666 πυνθάνομαι,
1570 588 1681 647 ἴσα
1711 604 1782 646 τε
1808 577 2114 667 σταθμὸν
2141 580 2252 648 καὶ
2288 572 2485 665 ὁμοῖα
2523 591 2698 647 τοῖσι

421 682 497 749 ἐν
522 688 875 768 Δελφοῖσι.
931 679 1012 750 τὰ
1041 683 1164 768 μέν
1189 709 1322 750 νυν
1358 687 1425 762 ἔς
1465 708 1538 750 τε
1566 679 1884 767 Δελφοὺς
1914 684 2026 751 καὶ
2067 685 2133 762 ἐς
2162 686 2284 751 τοῦ
2315 677 2699 769 Ἀμφιάρεω

416 779 749 872 ἀνέθηκε,
791 784 1017 874 οἰκήιά
1045 811 1118 853 τε
1162 784 1358 854 ἐόντα
1401 785 1679 854 καὶτῶν
1716 785 2048 878 πατρῴων
2089 783 2447 875 χρημάτων
2479 780 2699 870 ἀπαρ·

416 883 574 975 χὴν,
618 883 699 955 τὰ
738 885 814 954 δὲ
843 883 1014 956 ἄλλα
1041 884 1442 976 ἀναθήματα
1471 889 1538 969 ἐξ
1580 884 1828 975 ἀνδρὸς
1869 890 2133 976 ἐγένετο
2162 884 2396 975 οὐσίης
2423 889 2697 974 ἐχθροῦ,

417 984 490 1069 ὅς
518 994 616 1074 οἱ,
648 990 809 1079 πρὶν
836 984 878 1078 ἢ
906 995 1334 1078 βασιλεῦσαι,
1379 986 1895 1079 ἀντιστασιώτης
1927 991 2356 1081 κατεστήκεε,
2397 989 2699 1058 συσπεύ-

421 1098 564 1161 δων
606 1097 1062 1163 Πανταλέοντι
1101 1097 1422 1181 γενέσθαι
1471 1091 1596 1182 τὴν
1632 1099 1888 1164 Λυδῶν
1933 1091 2163 1183 ἀρχήν.
2225 1089 2265 1162 ὁ
2306 1092 2383 1163 δὲ
2423 1100 2693 1161 Παντα-

420 1197 594 1265 λέων
629 1186 717 1283 ἦν
752 1192 1124 1266 Ἀλυάττεω
1171 1197 1296 1285 μὲν
1324 1211 1514 1281 παῖς,
1559 1202 1857 1284 Κροίσου
1886 1197 1960 1266 δὲ
2002 1193 2330 1285 ἀδελφεὸς
2372 1187 2497 1266 οὐκ
2534 1190 2693 1285 ὁμο-

417 1411 449 1445 τ
461 1392 500 1460 ᾗ
513 1407 574 1445 σι
591 1433 605 1458 ,
645 1400 707 1445 ιιι
727 1394 1072 1463 Βραγχίδῃσι
1102 1399 1347 1448 servetur
1364 1413 1504 1449 mas·

419 1464 602 1516 culino
648 1481 871 1531 genere,
914 1471 974 1516 ιιι
1011 1467 1066 1527 Ι,
1106 1468 1225 1518 158.
1261 1467 1406 1531 Sed,
1445 1472 1507 1518 ut

417 1539 629 1585 taceam
668 1534 883 1586 codices
932 1536 1159 1586 firmiter
1206 1552 1390 1587 omnes
1427 1552 1506 1587 re-

417 1606 713 1668 fragantes,
731 1604 1033 1670 Schweigh.
1052 1606 1159 1656 alio
1187 1606 1345 1656 modo
1367 1608 1505 1657 hanc

418 1675 632 1738 generis
669 1673 1042 1725 diversitatem
1080 1676 1135 1724 iu
1169 1675 1304 1725 locis
1332 1677 1506 1726 Hero-

419 1742 594 1798 doteis
624 1742 896 1807 explicare
933 1744 1161 1794 studuit.
1199 1745 1505 1795 Masculino

416 1812 560 1863 enim
607 1827 804 1877 genere
839 1814 922 1862 uti
967 1814 1285 1878 scriptorem
1326 1818 1502 1878 putat,

419 1885 688 1946 quatenus
738 1882 1081 1933 Branchidae
1136 1883 1346 1933 familia
1391 1885 1505 1934 fue-

415 1953 525 2002 rint
570 1950 942 2014 sacerdotum,
1004 1953 1098 2016 qui
1143 1951 1403 2017 templum
1448 1957 1504 2002 et

419 2019 696 2071 oraculum
719 2021 1032 2072 curaverint
1061 2019 1152 2085 (de
1172 2023 1368 2087 quibus
1389 2022 1499 2072 vid.

418 2089 491 2140 ad
527 2090 571 2151 1,
617 2089 686 2139 46
733 2089 922 2156 dicta).
990 2091 1106 2141 Nee
1145 2092 1318 2141 minus
1356 2096 1503 2141 recte

419 2159 526 2208 dici
573 2156 881 2223 Βραγχίδαι
931 2160 1226 2211 foeminino
1284 2176 1500 2226 genere,

420 2228 469 2279 si
506 2228 570 2278 de
604 2227 745 2290 loco,
784 2230 873 2294 qui
912 2245 978 2279 ex
1026 2230 1150 2294 ipsa
1189 2229 1291 2280 hae
1328 2245 1504 2280 sacer-

419 2298 606 2347 dotum
640 2297 848 2347 familia
891 2314 1086 2349 nomen
1136 2298 1376 2363 duxerit,
1411 2315 1504 2364 po-

417 2368 684 2417 tissimum
711 2367 808 2416 fiat
846 2383 1040 2418 sermo,
1077 2370 1214 2419 Eam
1247 2384 1376 2419 vero
1408 2369 1510 2418 loci

416 2435 871 2500 significationem
899 2438 952 2486 in
986 2437 1092 2487 hoc
1124 2437 1308 2487 eodem
1337 2438 1503 2488 verbo

419 2508 616 2566 inesse,
661 2506 952 2556 monstrari
997 2507 1073 2569 V,
1120 2506 1189 2556 36
1235 2507 1356 2557 coll.
1405 2507 1501 2568 VI,

420 2576 503 2626 19.
548 2574 803 2625 Strabon.
851 2575 951 2625 IX.
997 2591 1053 2638 p.
1103 2576 1198 2626 421
1257 2578 1320 2628 C.
1376 2576 1503 2627 coll.

419 2644 566 2694 XIV.
595 2659 646 2707 p.
667 2643 860 2694 6340.
898 2645 1074 2694 XVII.
1109 2661 1160 2708 p.
1189 2647 1381 2697 814Α.
1419 2647 1503 2695 Ex

417 2714 501 2763 his
534 2728 662 2763 vero
695 2713 830 2763 nihil
863 2714 1064 2764 certius
1103 2714 1215 2764 ad
1199 2731 1377 2797 ipsum
1415 2730 1505 2779 ge-

418 2798 521 2832 nus
558 2782 920 2834 definiendum
958 2783 1100 2833 effici
1129 2785 1307 2849 quivis
1346 2783 1504 2833 intel-

418 2852 581 2915 liget,
642 2853 736 2918 qui
793 2852 942 2918 ipsos
983 2852 1146 2903 hosce
1208 2854 1502 2918 scriptores

418 2921 632 2973 adierit.
703 2923 885 2983 Quare
928 2921 1058 2971 mihi
1105 2923 1500 2983 nondubium,

419 2992 550 3057 quin
599 2995 828 3054 utroque
885 2991 1152 3041 Herodoti
1204 2991 1353 3054 1000,
1409 2992 1503 3040 ubi

417 3059 546 3122 τῇσι
578 3060 859 3125 reperitur,
899 3076 962 3109 ex
1002 3061 1373 3111 antecedentis
1411 3078 1505 3111 vo-

419 3132 498 3182 cis
547 3129 653 3179 fine
710 3133 983 3190 exortum,
1039 3145 1158 3179 cum
1219 3130 1502 3180 Dindorflo

418 3199 648 3263 aliisque
675 3199 1017 3249 scribendum
1042 3200 1114 3249 sit
1147 3203 1324 3248 τοῖσιε
1360 3199 1504 3263 quod

415 3269 557 3318 idem
593 3268 806 3333 reponit
833 3268 1065 3318 BredoV.
1100 3285 1153 3333 p.
1183 3269 1252 3318 79
1292 3268 1508 3318 suadet·

417 3353 523 3402 que
568 3338 629 3388 C.
685 3338 750 3387 F.
810 3339 1156 3388 Hermannus
1207 3338 1287 3387 in:
1350 3338 1503 3388 Θὸιι.

418 3406 534 3458 Gel.
585 3407 726 3458 Anz.
776 3405 926 3457 1847.
988 3417 1041 3470 p.
1105 3405 1264 3469 1323,
1316 3412 1506 3457 contra

418 3476 703 3526 Cobetium
728 3476 1032 3540 disputans,
1051 3478 1144 3539 qui
1166 3477 1223 3526 in
1260 3477 1507 3526 oratione

418 3545 482 3595 de
533 3549 650 3595 arte
705 3544 1097 3610 interpretandi
1161 3551 1267 3596 etc.
1319 3561 1373 3609 p.
1436 3547 1506 3596 64

415 3615 521 3664 hoc
546 3614 667 3664 loco
693 3612 822 3676 τῇσι
851 3615 995 3665 tueri
1015 3614 1200 3665 studet
1223 3615 1507 3693 alteroque

418 3683 539 3734 loco
588 3684 640 3743 Ι,
691 3681 812 3746 158,
862 3684 955 3733 ubi
1000 3681 1202 3765 legitur
1264 3674 1319 3740 ἔς
1368 3675 1507 3739 τοὺς

416 3748 750 3816 Βραγχίδας,
765 3752 1052 3803 articulum
1076 3746 1347 3810 τοὺςοίἰοί
1367 3752 1502 3802 vult.

419 3821 707 3872 Caeterum
756 3826 945 3872 nostro
1001 3821 1124 3872 loco
1172 3824 1228 3873 in
1277 3822 1507 3872 articulo

420 3892 725 3956 postposito
797 3891 1208 3956 perspicuitatis
1269 3892 1506 3941 studium

419 3959 580 4010 facile
629 3975 925 4025 agnoscas,
974 3961 1120 4025 quod
1164 3961 1340 4025 ipsum
1381 3964 1507 4024 post

419 4029 661 4079 imitatus
695 4033 780 4078 est
798 4030 1124 4089 Pausanias,
1159 4030 1226 4079 de
1263 4044 1369 4093 quo
1397 4043 1506 4078 mo-

418 4098 540 4147 nuit
576 4098 825 4148 Siebelis.
865 4098 936 4148 ad
971 4098 1262 4159 11,1o.§.
1302 4099 1353 4146 4.

489 4159 560 4215 τὰ
597 4164 705 4249 μέν
765 4182 873 4215 νυν
924 4161 980 4222 ἔς
1033 4179 1094 4215 τε
1137 4155 1400 4227 Δελφοὺς
1435 4194 1507 4204 -

416 4225 707 4301 ἀπαρχήν]
738 4236 824 4286 De
848 4234 1088 4285 donariis
1112 4234 1378 4298 Delphico
1404 4233 1505 4283 deb

420 4303 620 4355 oblatis
658 4305 770 4354 vid.
810 4319 974 4368 supra
1007 4319 1129 4368 cap.
1143 4305 1255 4384 52,
1293 4303 1357 4352 de
1382 4303 1509 4352 Am·

419 4373 646 4437 phiarao
680 4374 794 4423 vid.
841 4388 962 4437 cap.
997 4372 1085 4423 46.
1128 4361 1396 4435 ἀπαρχὴν
1430 4371 1509 4420 di-

417 4442 502 4493 xit
546 4443 746 4495 Noster
801 4441 1070 4509 primitias
1128 4439 1234 4490 diis
1293 4438 1507 4490 oblatas

1608 1403 1663 1450 et
1698 1402 2044 1466 consecratas
2082 1399 2201 1448 sive
2236 1396 2567 1448 animalium·
2588 1397 2698 1447 fru-

1607 1483 1803 1532 gum-ve
1839 1468 1956 1517 sive
1972 1468 2198 1517 aliarum
2234 1482 2412 1517 rerum
2447 1481 2697 1532 quarum-

1607 1538 1743 1588 libet
1777 1552 1965 1587 recens
2003 1537 2412 1602 acquisitarum,
2451 1536 2696 1601 adeoque

1606 1609 1727 1672 ipsa
1765 1607 1991 1656 donaria
2027 1608 2095 1656 ab
2130 1606 2230 1656 has
2268 1622 2351 1656 res
2400 1609 2459 1656 et
2504 1606 2561 1654 in
2611 1621 2699 1654 ea-

1606 1693 1723 1727 rum
1770 1676 2083 1725 memoriam
2132 1675 2335 1726 oblata.
2399 1676 2485 1724 Cf.
2530 1676 2592 1725 C.
2628 1677 2693 1724 F.

1606 1747 1904 1796 Hermann.
1944 1744 2355 1794 Gottesdienstl.
2383 1743 2614 1793 Alterth.
2644 1744 2691 1804 9.

1607 1815 1693 1866 25.
1733 1818 1845 1864 not.
1888 1815 1971 1864 10.
2042 1816 2127 1863 Ex
2164 1813 2444 1862 Herodoto
2486 1813 2559 1863 cf.
2598 1814 2693 1873 lv,

1606 1883 1676 1935 88
1733 1887 1789 1933 et
1847 1882 1913 1932 de
1960 1883 2125 1933 verbo
2176 1873 2541 1947 ἀπάρχεσθαι
2590 1883 2695 1944 ΙΙΙ,

1606 1955 1691 2003 24.
1733 1952 1829 2014 IV,
1867 1953 1954 2001 (sl.

1678 2013 2017 2071 συσπευδων
2090 2015 2476 2068 Πανταλέοντι
2543 2014 2696 2082 γενέ-

1606 2089 1748 2141 σθαι
1824 2081 1929 2153 τὴν
1988 2086 2197 2138 Λυδων
2261 2079 2465 2152 ἀρχήν]
2537 2090 2573 2138 ἰ.
2644 2105 2692 2138 e.

1604 2160 1973 2224 „Pantaleonti
2021 2161 2291 2208 conciliare
2335 2159 2542 2208 studens
2590 2158 2696 2224 Iy-

1604 2198 1781 2280 ciorum
1811 2229 2071 2294 reynwm‘fi
2096 2220 2432 2277 συσπεύδων
2458 2227 2589 2276 mihi
2619 2227 2696 2276 vi-

1607 2299 1765 2349 detur
1804 2314 1952 2348 esse:
1992 2313 2138 2361 „una
2175 2312 2297 2347 cum
2334 2297 2697 2347 Pantaleonte

1606 2369 1831 2419 studens
1871 2383 1915 2417 s.
1955 2383 2174 2432 operam
2210 2366 2363 2428 dans,
2392 2370 2454 2415 ut
2493 2368 2695 2416 Croeso

1606 2439 1816 2489 deiecto
1852 2437 2153 2488 Pantaleon
2199 2437 2271 2486 ad
2310 2452 2535 2500 reguum
2579 2452 2698 2500 per-

1605 2507 1878 2557 veniret.“
1916 2509 2078 2556 Hunc
2112 2521 2242 2556 vero
2280 2506 2695 2556 Pantaleoutem

1608 2592 1730 2626 eum
1767 2591 1887 2625 esse
1924 2580 2237 2636 autumant,
2277 2590 2435 2638 quem
2473 2576 2693 2624 Serinus

1610 2649 1872 2694 memorat
1930 2642 2097 2707 (apud
2154 2643 2447 2693 Stobaeum
2519 2645 2690 2693 Serm.

1608 2715 1775 2764 XLV.
1814 2731 1866 2778 p.
1907 2712 2052 2776 313.)
2097 2713 2286 2762 Croesi
2330 2713 2579 2774 fratrem,
2624 2712 2693 2762 ad

1608 2799 1833 2844 regnum
1867 2781 2303 2847 participandum
2339 2782 2409 2831 ab
2445 2782 2565 2845 ipso
2602 2782 2693 2832 illo

1608 2852 1902 2910 adscitum;
1962 2852 2106 2917 quod
2156 2852 2552 2915 improbantem
2586 2853 2693 2916 Ly-

1609 2922 1753 2972 dium
1815 2889 2026 2972 inddcit
2079 2920 2391 3002 loquentem
2450 2922 2692 2971 Serinus.

1606 2992 1732 3073 Ipse
1743 2991 2045 3042 Pantaleon
2066 2991 2255 3041 Croesi
2287 2981 2565 3056 ἀδελφεὸς
2587 3005 2695 3040 ουκ

1602 3053 1951 3124 ὁμομήτοιος
1998 3061 2141 3126 quod
2189 3060 2416 3122 dicitur,
2465 3061 2693 3111 eandem

1603 3130 1932 3180 locutionem
1969 3131 2218 3180 adhibuit
2265 3129 2590 3181 Plutarchus
2636 3132 2693 3180 in

1607 3199 1957 3250 Themistocl.
2004 3201 2115 3249 Vit.
2165 3215 2286 3264 cap.
2327 3199 2413 3250 32.
2502 3200 2692 3250 Plures

1606 3267 1748 3318 filios
1808 3269 2020 3333 Alyatti
2084 3269 2282 3329 fuisse,
2360 3270 2503 3319 inter
2557 3285 2691 3334 quos

1605 3342 1739 3387 natu
1775 3339 2039 3388 maximus
2079 3342 2199 3387 erat
2226 3338 2490 3401 Croesus,
2534 3338 2694 3388 disci-

1608 3423 1726 3456 mus
1766 3423 1832 3457 ex
1879 3406 2093 3457 Nicolai
2135 3407 2462 3456 Damasceni
2509 3422 2695 3457 narra-

1607 3477 1758 3526 tione
1817 3474 2085 3538 (Creuzer.
2138 3476 2409 3538 Fragmm.
2459 3474 2587 3524 hist.
2636 3492 2691 3540 p.

1608 3546 1711 3595 205
1736 3561 1848 3608 seq.
1865 3545 2085 3607 Fragm.
2109 3543 2239 3592 hist.
2261 3544 2485 3594 Graece.
2509 3544 2615 3594 ΙΙΙ.
2636 3562 2690 3609 p.

1610 3613 1709 3664 397
1747 3613 1831 3662 ed.
1867 3612 1928 3662 O.
1966 3611 2250 3674 Mueller),
2299 3627 2438 3675 quae
2485 3612 2555 3661 ad
2600 3629 2694 3663 no-

1610 3687 1778 3730 strum
1813 3696 2025 3745 quoque
2067 3679 2245 3746 locum
2278 3680 2509 3730 conferri
2543 3686 2696 3744 pote-

1607 3751 1696 3799 rit.
1748 3751 1995 3814 Namque
2028 3749 2290 3812 Croesus,
2324 3754 2482 3813 patre
2516 3750 2695 3801 adhuc

1606 3820 1765 3883 vim,
1810 3823 2162 3869 mercatorem
2210 3819 2447 3876 omnium
2491 3819 2696 3870 ditissi-

1608 3905 1752 3939 mum
1777 3888 1979 3938 adiisse
1990 3887 2178 3950 fertur,
2189 3891 2252 3937 ut
2267 3888 2569 3952 pecuniam,
2585 3895 2696 3954 q'ua

1555 3966 1560 3970 ⁴
1606 3958 1676 4007 ad
1726 3957 2086 4008 mercenarios
2133 3956 2513 4007 conducendos
2560 3973 2695 4023 opus

1608 4032 1773 4090 esset,
1804 4031 2044 4078 mutuam
2077 4026 2184 4077 sibi
2205 4026 2379 4087 daret,
2403 4027 2499 4076 sed
2522 4027 2697 4092 repul-

1608 4112 1722 4146 sam
1734 4111 1928 4161 passus
1936 4095 2463 4162 DianaeOEphesiae)
2476 4097 2697 4147 vovisse

1607 4165 1823 4228 dicitur,
1863 4166 1911 4216 si
1947 4166 2164 4230 quando
2200 4181 2425 4230 regnum
2464 4165 2695 4229 adeptus

1610 4241 1783 4296 esset,
1832 4238 2032 4284 cuncta
2083 4248 2143 4283 se
2193 4234 2510 4284 mercatoris
2551 4234 2696 4284 bona

1610 4303 1660 4352 ei
1696 4306 2135 4352 consecraturum
2156 4318 2304 4362 esse;
2344 4302 2506 4368 idque
2530 4302 2697 4352 etiam

1580 4371 1687 4420 ’ita
1720 4370 2013 4435 persolvit,
2049 4374 2112 4419 ut
2148 4385 2332 4419 omnes
2376 4371 2695 4420 mercatoris

1606 4440 1855 4492 fortunas
1874 4440 2087 4490 Dianae
2122 4442 2469 4490 consecraret
2495 4439 2697 4504 ipsum·
