3109 5092
1087 340 1584 400 EUTERPE.
1636 341 1722 399 II.
1770 349 1892 402 123.

2510 340 2634 403 707

259 527 271 539 '
358 510 586 581 ἐλάσαι
607 531 622 547 ·
653 494 1193 599 κατακληῖσαντᾶ
1219 509 1349 599 γάρ
1374 539 1493 600 μιν
1518 511 1739 581 πάντα
1765 508 1847 579 τὰ
1862 508 1996 600 ἱρὰ,
2017 514 2248 602 πρῶτα
2273 511 2398 598 μέν
2420 531 2633 600 σφεας

353 619 660 684 θυσιέων
685 611 998 703 ἀπέρξαι,
1052 612 1220 703 μετὰ
1245 614 1322 684 δὲ
1354 615 1751 703 ἐργάζεσθαι
1782 617 2012 707 ἑωυτῷ
2044 612 2350 683 κελεύειν
2377 615 2630 695 πάντας

353 723 795 804 Αἰγυπτίους.
866 734 1036 787 τοῖσι
1081 716 1209 805 μὲν
1238 715 1323 806 δὴ
1349 715 1804 805 ἀποδεδέχθαι
1824 769 1843 803 ,
1887 722 1962 786 ἐκ
2001 722 2140 786 τῶν
2187 721 2630 805 λιθοτομιέων

352 826 491 889 τῶν
518 824 594 890 ἐν
621 827 717 913 τῷ
745 818 1034 913 Ἀραβίῳ
1062 817 1291 908 οὔρεϊ,
1336 822 1411 889 ἐκ
1437 823 1735 891 τουτέων
1759 823 1985 889 ἕλκειν
2017 827 2256 899 λίθους
2279 822 2470 910 μέχρι
2502 825 2627 890 τοῦ
2700 867 2708 874 ·

351 984 686 1049 pyramidem
721 985 1059 1036 sacerdotem
1102 984 1346 1050 adeoque
1380 983 1436 1035 fi-

353 1054 483 1103 lium
520 1055 682 1104 huius
718 1054 896 1105 Chufu
923 1054 1030 1104 sibi
1064 1053 1335 1105 detexisse
1358 1054 1437 1103 vi-

354 1125 512 1173 detur
543 1123 806 1188 Lepsius:
854 1124 1039 1174 Briefe
1087 1124 1133 1173 1.
1170 1140 1297 1190 pag.
1340 1123 1434 1184 373

321 1192 494 1242 ‘hunc
539 1193 655 1243 sive
699 1193 1036 1244 sacerdotem
1081 1194 1198 1244 sive
1246 1193 1434 1255 filium,

353 1263 568 1312 nomine
586 1262 823 1325 Merbet,
861 1263 970 1328 ipsi
991 1263 1263 1327 pyramidi
1296 1270 1438 1312 stru-

351 1331 524 1380 endae
574 1332 881 1396 praefuisse
934 1332 1220 1397 operisque
1265 1331 1438 1382 archi-

350 1404 556 1450 tectum
598 1402 716 1450 sive
767 1402 1100 1465 praefectum
1159 1401 1437 1451 exstih'sse

351 1470 495 1519 idem
522 1470 795 1533 opinatur.
867 1470 1011 1520 Huic
1037 1471 1205 1536 igitur
1229 1471 1434 1535 Cheopi

351 1554 397 1589 s.
446 1539 624 1589 Chufu
668 1554 810 1604 quae
860 1540 1171 1590 Herodotus
1224 1539 1433 1604 tribuit,

353 1622 420 1657 ea
452 1623 561 1658 non
595 1608 850 1659 differunt
886 1609 955 1658 ab
991 1609 1090 1673 iis,
1128 1624 1268 1674 quae
1303 1610 1435 1659 Dio-

349 1676 512 1727 dorus
559 1677 625 1740 (1,
670 1677 768 1739 63)
817 1679 1026 1729 Cleemmi
1076 1678 1272 1728 tribuit
1316 1678 1434 1742 regi

350 1751 546 1796 octavo
575 1746 701 1796 inde
734 1762 768 1795 a
803 1746 1183 1807 Rhampsinito
1212 1762 1258 1792 e.
1278 1747 1434 1792 Rem-

349 1812 465 1878 pbi,
512 1826 636 1861 cum
673 1812 742 1861 ad
789 1818 996 1876 septem
1033 1811 1307 1862 hominum
1346 1826 1436 1861 ae-

349 1887 495 1931 tates
529 1896 626 1946 per
662 1882 1061 1931 successionem
1085 1881 1435 1946 regnaverint

347 1965 507 2015 reges
541 1965 762 2015 prorsus
789 1951 1006 2017 ignavi,
1043 1951 1134 2015 qui
1168 1949 1303 1999 nihil
1326 1965 1434 2000 me-

347 2025 558 2070 moratu
595 2019 813 2085 dignum
859 2026 915 2071 et
959 2022 1015 2069 in
1058 2019 1212 2069 libris
1261 2019 1434 2070 sacris

349 2090 670 2140 adnotatum
723 2090 1097 2154 praestiterint
1115 2126 1129 2152 ,
1187 2104 1297 2140 uno
1346 2104 1435 2138 ex-

347 2163 506 2223 cepto
553 2158 740 2222 Nileo,
792 2175 831 2209 a
879 2175 986 2224 quo
1026 2174 1222 2210 nomen
1269 2158 1433 2209 fluvio

348 2230 422 2277 sit
455 2229 707 2278 inditum.
777 2231 862 2279 De
893 2229 995 2278 hoc
1019 2228 1260 2278 Chemmi
1294 2243 1433 2293 quae

347 2298 602 2362 deinceps
633 2302 942 2361 narrantur,
971 2297 1280 2362 pyramides
1304 2297 1435 2346 alia-

345 2383 448 2432 que
485 2382 651 2431 opera
679 2367 923 2432 ingentia
970 2372 1282 2417 exstruente
1301 2403 1315 2430 ,
1366 2380 1433 2415 ea

345 2452 466 2486 cum
506 2436 774 2486 Herodoti
810 2436 1026 2500 Cheope
1048 2450 1268 2501 prorsus
1307 2449 1432 2484 con-

347 2507 591 2567 veniunt,
632 2511 692 2554 ut
729 2505 821 2554 vix
874 2504 1096 2554 dubium
1143 2505 1217 2554 sit
1263 2519 1426 2554 unum

345 2575 681 2639 eundemque
717 2573 1016 2639 significari
1053 2589 1262 2638 regem,
1310 2574 1428 2622 sive

343 2641 571 2709 Χέμβης
606 2643 887 2709 scripseris
937 2644 994 2692 in
1031 2642 1257 2693 Diodori
1292 2640 1329 2689 l.
1368 2641 1427 2702 1.,

346 2717 407 2763 ut
429 2712 791 2778 wesselingio
824 2711 1022 2777 placet,
1053 2712 1167 2762 sive
1195 2703 1427 2776 Χέμβις,

345 2782 463 2832 sive
492 2779 725 2846 Χέμμις,
762 2781 903 2846 quod
926 2796 1096 2845 nuper
1116 2778 1265 2830 dedit
1287 2778 1430 2828 Bek-

347 2851 465 2902 ker.
502 2852 841 2916 improbante
877 2850 1128 2915 quamvis¹
1154 2849 1355 2913 Lepsio
1386 2847 1423 2896 l.

343 2921 383 2970 1.
439 2922 513 2971 At
545 2920 713 2970 multo
729 2919 1008 2970 difficilius
1034 2923 1120 2969 est
1149 2918 1216 2967 de
1246 2920 1428 2967 aetate

346 2990 504 3039 huius
553 2990 698 3054 regis
743 2987 840 3053 (cs.
890 2991 1053 3039 etiam
1098 2986 1300 3038 Herod.
1348 2986 1425 3049 11,

351 3061 447 3110 127
470 3059 654 3124 ibique
691 3059 855 3123 nott.)
877 3058 1012 3107 certi
1030 3057 1160 3122 quid
1186 3061 1427 3106 statuere

343 3127 511 3189 velle;
548 3129 604 3177 in
641 3128 968 3178 exstruenda
1003 3126 1282 3192 pyramide
1312 3140 1430 3175 ver-

345 3202 522 3248 satum
570 3199 717 3247 circa
762 3213 889 3247 ann.
937 3198 1077 3248 2120
1125 3201 1254 3247 ante
1297 3194 1425 3245 Chr.

343 3281 400 3317 n.
438 3266 592 3331 ponit
624 3264 953 3315 Wilkinson.
989 3265 1024 3315 l.
1059 3266 1116 3327 1.,
1155 3265 1295 3315 alias
1332 3263 1430 3313 ali-

344 3351 495 3384 orum
533 3335 836 3383 sententias
865 3338 929 3383 ut
965 3340 1194 3385 taceam.

411 3405 458 3451 E
498 3401 754 3452 Larcheri
813 3402 1036 3452 calculis
1080 3400 1427 3466 (chronolog.

345 3470 664 3521 d’Herodot.
702 3471 859 3520 VIII.
898 3486 1022 3535 pag.
1073 3470 1167 3532 90)
1215 3469 1427 3532 Cheops

343 3553 572 3605 regnare
609 3540 790 3604 coepit
811 3554 955 3588 anno
983 3539 1118 3589 1¹78
1142 3541 1270 3587 ante
1299 3537 1422 3587 Chr.

341 3624 399 3659 n.
435 3613 560 3673 post
577 3608 1040 3672 Rhampsinitum‚
1079 3620 1236 3672 quem
1255 3619 1423 3670 regno

344 3678 585 3743 excepit,
634 3683 696 3728 ut
731 3677 785 3726 h.
822 3677 858 3726 1.
899 3675 1145 3726 enuntiat
1179 3674 1429 3725 Herodo-

341 3751 461 3798 tus:
509 3747 653 3812 quod
695 3745 911 3812 quidem
958 3760 1142 3796 verum
1179 3758 1298 3794 esse
1332 3743 1427 3792 vix

342 3817 558 3880 poterit,
581 3814 1017 3882 quandoquidem
1040 3813 1270 3878 Cheops,
1296 3812 1427 3863 Che·

341 3885 539 3948 phren,
574 3886 885 3950 Mycerinus
920 3883 991 3933 ad
1028 3888 1276 3948 quartam
1313 3896 1429 3946 per·

341 3954 514 4003 tinere
562 3954 816 4004 dicuntur
862 3952 1208 4003 Manethonis
1259 3950 1429 4015 dyna-

342 4023 532 4084 stiam,
580 4023 816 4087 indeque
859 4022 1024 4088 longe
1065 4026 1193 4070 ante
1231 4020 1428 4070 Rham·

342 4091 619 4154 psinitum,
657 4093 918 4142 Proteum
952 4092 1232 4156 ipsumque
1268 4090 1428 4141 Seso-

341 4158 563 4209 stridem
609 4160 814 4210 vixisse
861 4159 1088 4224 putandi
1132 4162 1279 4211 sunt.
1348 4157 1428 4208 Ut

339 4228 510 4294 igitur
544 4229 601 4278 in
632 4229 769 4293 ipsis
802 4241 990 4292 regum
1015 4227 1227 4278 illorum
1254 4226 1426 4276 nomi·

340 4297 502 4349 nibus
536 4298 805 4348 Herodoti
836 4296 973 4347 fides
1010 4297 1204 4347 eximie
1230 4296 1428 4362 proba-

336 4369 453 4430 tur,
511 4366 593 4416 ita
651 4365 879 4431 infringi
926 4365 1170 4429 videtur,
1219 4370 1425 4429 tempo-

1540 1001 1657 1036 rum
1691 985 1958 1037 rationem
2006 984 2078 1035 ab
2120 985 2403 1036 Herodoto
2452 987 2630 1038 minus

1541 1060 1798 1105 accurate
1833 1060 2108 1106 servatam
2157 1055 2398 1121 adeoque
2442 1057 2629 1107 turba-

1539 1129 1654 1174 tam
1689 1125 1736 1174 si
1760 1131 2085 1188 spectemus.
2158 1125 2265 1187 Qui
2292 1140 2424 1175 sane
2446 1140 2627 1175 errare

1537 1195 1718 1258 potuit
1744 1195 1921 1243 minus
1948 1200 2097 1244 recte
2116 1193 2449 1259 intelligens,
2486 1209 2627 1261 quae

1537 1263 1881 1313 sacerdotum
1911 1267 2036 1325 aut,
2074 1263 2123 1314 si
2158 1265 2359 1326 mavis,
2395 1263 2622 1314 aliorum

1537 1332 1925 1397 interpretum,
1984 1332 2162 1382 minus
2216 1332 2495 1383 doctorum
2558 1349 2626 1383 ex

1537 1417 1633 1451 ore
1669 1402 1913 1467 aceepit,
1968 1406 2063 1451 aut
2109 1402 2226 1465 ipse
2273 1402 2437 1451 etiam
2482 1401 2623 1452 falso

1536 1471 1762 1521 edoctus
1795 1472 1866 1521 ab
1903 1472 2026 1520 istis
2071 1471 2470 1535 sacerdotibus,
2526 1473 2619 1537 qui

1535 1540 1788 1591 consulto
1843 1556 1952 1591 non
2000 1554 2174 1604 usque
2228 1554 2444 1605 quaque
2492 1555 2624 1590 vera

1532 1608 1618 1659 illi
1669 1609 2013 1660 tradiderint.
2094 1610 2276 1675 Atque
2316 1608 2407 1659 vel
2450 1610 2623 1674 ipsius

1533 1679 1802 1730 Herodoti
1837 1680 2012 1729 minor
2046 1678 2237 1743 utique
2273 1692 2405 1727 cura
2450 1678 2622 1728 fuisse

1534 1747 1753 1793 videtur
1788 1749 1846 1792 in
1883 1745 2219 1808 singulorum
2268 1757 2455 1807 regum
2503 1760 2622 1794 suc—

1536 1813 1783 1863 cessione
1840 1817 2094 1862 accurate
2148 1811 2469 1874 indicanda,
2523 1812 2620 1863 sed

1535 1880 1698 1946 longe
1733 1881 1903 1931 maior
1939 1880 2184 1944 adeoque
2210 1882 2519 1944 praecipua,
2554 1885 2618 1931 ut
2722 1915 2729 1921 -

1536 1950 1761 2001 Graecis
1777 1987 1790 2013 ,
1827 1949 2020 2015 quibus
2046 1963 2199 1998 suam
2228 1947 2510 1999 historiam
2530 1949 2622 2000 de-

1534 2020 1796 2081 stinarat,
1844 2017 2145 2068 mirandum
2201 2032 2332 2067 sane
2385 2020 2621 2083 pyrami-

1535 2089 1662 2138 dum
1707 2103 1841 2154 opus
1890 2091 2170 2137 enarraret
2221 2087 2619 2154 earundemque

1531 2163 1861 2209 structuram
1908 2156 2231 2222 explicaret,
2280 2172 2454 2224 eaque
2496 2158 2622 2222 ipsa

1531 2227 1761 2278 adderet
1796 2226 2017 2292 reliquis
2035 2263 2049 2290 ,
2094 2241 2234 2290 quae
2273 2225 2342 2276 de
2375 2225 2619 2291 praecla-

1532 2297 1609 2346 ris
1647 2298 2035 2362 Aegyptiorum
2074 2295 2325 2359 operibus
2348 2296 2617 2360 rebusque

1531 2368 1705 2430 gestis
1741 2368 1848 2416 iam
1886 2365 1942 2414 in
1976 2363 2425 2415 antecedentibus
2463 2380 2619 2414 enar-

1531 2442 1771 2485 raverat.
1843 2435 2035 2499 Neque
2058 2434 2202 2483 enim
2225 2434 2617 2498 Aegyptiorum

1531 2503 1815 2554 historiam
1851 2502 2089 2552 scribere
2122 2503 2323 2552 Noster
2357 2503 2616 2565 instituit,

1528 2574 1626 2623 sed
1643 2572 2034 2637 Aegyptiorum
2051 2585 2137 2620 res
2157 2570 2446 2633 mirabiles,
2477 2585 2616 2635 quae

1531 2642 1860 2693 Graecorum
1899 2640 2106 2690 animos
2152 2638 2378 2688 maxime
2427 2640 2616 2688 adver-

1528 2715 1738 2772 terent,
1786 2722 2053 2773 exponere
2088 2707 2144 2756 in
2190 2706 2368 2756 animo
2404 2707 2614 2769 habuit,

1528 2794 1698 2844 eoque
1742 2792 1962 2828 munere
2007 2776 2088 2825 ita
2134 2775 2453 2839 perfunctus
2511 2779 2614 2838 est,

1528 2854 1591 2900 ut
1609 2849 1681 2897 ad
1710 2863 1796 2898 res
1818 2847 1969 2911 ipsas
1993 2845 2168 2908 magis
2200 2858 2361 2908 quam
2389 2845 2459 2895 ad
2483 2850 2618 2895 tem-

1528 2933 1718 2983 porum
1754 2915 2154 2966 successionem
2198 2914 2503 2964 attendisse
2536 2914 2617 2963 vi-

1528 2988 1740 3038 deatur.
1841 2984 2127 3035 Caeterum
2186 2982 2332 3032 conf.
2401 2982 2468 3032 de
2528 2983 2613 3032 his

1529 3058 1727 3118 etiam,
1776 3069 1915 3120 quae
1951 3053 2195 3117 disputat
2238 3052 2458 3103 Bunsen
2493 3052 2532 3103 Ι.
2573 3052 2611 3102 l.

1528 3127 1605 3177 11.
1642 3141 1770 3191 pag.
1809 3124 1909 3174 140
1943 3120 2067 3173 coll.
2104 3122 2151 3171 Ι.
2186 3135 2315 3239 pag.
2354 3122 2474 3172 186.

1601 3187 1657 3252 ἐς
1690 3191 1883 3243 πᾶσαν
1926 3183 2212 3253 κακότητα
2286 3183 2470 3256 λάσαι]
2510 3190 2615 3240 Po·

1527 3267 1683 3325 terit,
1755 3266 2008 3313 monente
2079 3258 2611 3324 Schweighaeusero,

1526 3333 1751 3384 verbum
1792 3321 1983 3379 ἐλάσαι
2021 3328 2368 3378 intransitive
2413 3327 2611 3388 accipi,

1528 3400 1808 3452 intellecto
1829 3398 1916 3448 vel
1945 3396 2259 3463 pronomine
2281 3388 2512 3456 ἑωυτὸν,
2550 3398 2612 3441 ut

1529 3484 1723 3520 sensus
1761 3467 1861 3517 sitz
1899 3469 2028 3516 omni
2060 3465 2321 3527 nequite‘tz’a
2359 3477 2407 3511 s.
2437 3464 2612 3524 pravi-

1529 3545 1638 3588 tate
1650 3543 1940 3602 grassatum
1956 3547 2069 3583 esse
2101 3547 2267 3596 regem
2280 3567 2294 3594 ,
2331 3530 2418 3581 vel
2437 3526 2614 3593 σφέας

1528 3607 1647 3655 sive
1695 3597 1800 3668 τὴν
1833 3600 2145 3665 Αἴγυπτονε
2192 3605 2242 3651 ia
2290 3614 2474 3648 omnem
2522 3613 2610 3647 ea-

1527 3677 1791 3726 lamuaeem
1818 3686 1982 3736 regem
2004 3671 2317 3731 protmsisse
2332 3667 2613 3735 Aegyptum

1528 3745 1646 3794 sive
1690 3743 1820 3791 omni
1863 3740 2151 3789 calamitate
2194 3754 2227 3787 a
2274 3752 2395 3802 rege
2438 3736 2611 3802 Aepy·

1521 3822 1662 3877 ptum
1674 3825 1905 3874 pressam
1922 3807 2104 3870 fuisse.
2180 3805 2315 3856 Mihi
2333 3806 2470 3857 haec
2499 3818 2612 3853 ma·

1528 3882 1614 3947 gis
1654 3880 1861 3929 arridet
1920 3875 2095 3936 ratio,
2152 3880 2214 3925 ut
2258 3875 2326 3938 V,
2372 3875 2457 3925 50.
2538 3874 2611 3923 Et

1528 3950 1717 4002 confer
1751 3947 1895 3997 infra
1936 3944 2011 4007 11,
2052 3944 2178 4023 129:
2230 3936 2286 4000 ἐς
2328 3941 2500 3992 τοῦτο
2544 3936 2610 3990 δὲ

1530 4010 1725 4069 ἐλθεῖν
1758 4013 1960 4066 Χέοπα
1990 4026 2322 4076 κακοτητος.

1597 4087 1744 4136 τοῖσι
1782 4079 1887 4149 μὲν
1920 4079 1994 4146 δὴ
2029 4072 2444 4146 ἀποδεδέχθαι]
2480 4081 2518 4130 i.
2559 4093 2607 4128 e.

1525 4156 1605 4206 leis
1649 4157 1987 4210 constitutum,
2034 4152 2343 4210 mandatum,
2392 4152 2608 4212 impera-

1528 4234 1625 4275 tum
1652 4225 1830 4286 fuisse.
1903 4222 2041 4271 Nam
2076 4211 2494 4269 ἀποδεικνύναι
2518 4216 2609 4265 hic

1528 4300 1614 4345 est
1644 4296 1969 4353 constituere,
2004 4294 2069 4338 ut
2101 4290 2176 4351 11,
2212 4288 2298 4339 65.
2332 4288 2397 4338 77
2426 4291 2539 4336 etc.

1600 4356 1659 4412 ἐκ
1699 4359 1817 4411 τῶν
1850 4353 2234 4420 λιθοτομιέων
2269 4381 2335 4392 -
2378 4345 2439 4404 ἐκ
2477 4366 2606 4402 του-

2056 4436 2190 4498 45*
