3109 5092
1133 340 1648 438 ΙΕῘΙΤΕΒῬΕ.
1695 344 1779 404 II.
1824 350 1913 406 29.
2547 344 2670 407 485

393 520 579 602 τίνης
606 510 836 591 πόλιος
865 509 1199 602 αὐτόπτης
1229 510 1476 601 ἐλθων,
1506 513 1582 586 τὸ
1610 511 1678 584 δ’
1709 512 1841 586 ἀπὸ
1864 517 2108 588 τούτου
2134 515 2305 608 ἀκοῇ
2333 516 2460 609 ἤδη
2489 524 2664 591 ἱστο-

395 621 593 706 ρέων.
617 613 777 686 Ἀπό
800 611 1272 714 Ἐλεφαντίνης
1290 616 1565 698 πόλιος’
1536 617 1679 689 ἄνω
1708 620 1948 691 ίόντι”
1903 622 2186 703 αναντὲς
2215 619 2353 692 ἐστι
2381 630 2664 713 χωρίον·

395 721 603 810 ταύτῃ
643 710 741 788 ὦν
780 723 892 788 δεῖ
924 719 999 789 τό
1039 730 1275 791 πλοῖον
1312 722 1762 812 διαδήσαντας
1797 720 2325 814 ἀμφοτέρωθεν,
2370 724 2666 817 κατάπερ

394 830 590 913 βοῦν,
622 821 1069 912 πορεύεσθαι
1101 820 1187 914 ἢν
1217 825 1291 895 δὲ
1318 822 1694 915 ἆπορὁγῇ,
1721 825 1796 897 τὸ
1824 838 2060 899 πλοῖον
2087 839 2337 916 οἴχεται
2374 828 2662 919 φερόμω

397 955 519 998 νον
544 921 678 995 ὑπὸ
709 925 934 1013 ἰσχύος
968 932 1091 996 τοῦ
1115 927 1298 1017 ῥόου.
1356 928 1432 997 τὰ
1462 927 1536 998 δὲ
1565 936 1814 1018 χωρίον
1855 930 2054 1000 τοῦτό
2084 933 2221 1001 ἐστι
2265 928 2374 1016 ἐπὶ
2424 928 2670 1022 ἡμέρας

396 1030 708 1120 τέσσερας
740 1028 969 1111 πλόος·
1000 1029 1264 1112 σκολιὰς
1291 1032 1367 1102 δὲ
1393 1030 1637 1120 ταύτῃ,
1678 1032 1973 1125 κατάπερ
2002 1029 2039 1104 6
2067 1040 2500 1124 Μαίανδρος,
2530 1037 2667 1105 ἐστὶ

347 1131 432 1235 6
465 1143 730 1213 Νεῖλος.
786 1149 1042 1220 σχοῖνοι
1084 1135 1160 1204 δὲ
1202 1134 1520 1205 δυώδεκά
1549 1141 1677 1204 εἰσι
1719 1126 1941 1221 οὗτοι,
1981 1135 2136 1217 τούς
2179 1143 2289 1206 δεῖ
2321 1137 2537 1230 τούτῳ
2574 1144 2667 1230 τῷ

317 1222 414 1312 116
430 1237 652 1331 τρόπῳ
683 1242 1113 1307 διεκπλῶσαι.
1187 1240 1299 1308 καὶ
1326 1244 1554 1309 ἔπειτα
1585 1235 1905 1321 ἆπιξεαι’
1879 1267 1945 1321 ες
1975 1246 2211 1356 πεδίον
2226 1237 2499 1324 'Zeton’
2474 1268 2549 1310 εν
2576 1246 2692 1333 τῷ·

402 1440 545 1490 conf.
596 1439 641 1502 Ι,
690 1440 811 1490 171.
861 1439 1045 1505 ibique
1091 1445 1231 1490 nott.
1276 1440 1353 1502 11,
1394 1440 1479 1491 34.

403 1509 498 1570 IV,
549 1509 633 1559 16.
688 1509 815 1566 192,
866 1513 1095 1559 notante
1129 1510 1377 1559 Werfero
1426 1510 1482 1558 in

401 1579 546 1629 Actt.
584 1577 733 1643 phill.
783 1578 1033 1628 Monacc.
1082 1580 1126 1640 Ι,
1174 1581 1226 1629 2.
1279 1596 1329 1644 p.
1381 1581 1483 1630 242

399 1664 572 1713 seqq..
604 1648 690 1697 cui
712 1646 836 1697 add.
861 1648 1124 1712 Krueger.
1153 1648 1222 1697 ad
1249 1649 1479 1713 Dionys.

401 1717 681 1767 Halicarn.
730 1715 903 1767 Iudic.
954 1717 1020 1766 de
1069 1717 1372 1782 Thucydid.
1427 1734 1481 1782 p.

403 1786 526 1846 119,
591 1784 812 1836 Ellendt
868 1786 938 1836 ad
993 1788 1208 1837 Ari-ian.
1271 1787 1479 1852 Exped.

400 1855 553 1906 Alex.
591 1856 665 1916 11,
709 1855 791 1906 19.
832 1855 881 1916 §-
922 1856 970 1906 1.
1021 1856 1247 1921 Spectat
1283 1856 1376 1906 illa
1410 1856 1479 1907 ad

396 1925 637 1976 locorum
661 1924 979 1975 distantiam
997 1941 1098 1975 nec
1126 1926 1266 1975 male
1298 1942 1331 1976 a
1349 1926 1474 1975 Lar-

400 1995 560 2045 chero
596 1994 777 2044 hunc
763 2010 817 2043 111
845 1994 1060 2045 modum
1083 1995 1348 2045 redditurz
1382 2011 1480 2053 „en

394 2072 638 2127 potassent
681 2079 784 2113 mes
829 2064 1125 2114 recherches
1180 2068 1322 2115 anni
1351 2066 1481 2144 loin,

399 2136 605 2197 qu’ellee
634 2134 902 2195 pouvoient
943 2135 1089 2185 aller.
1099 2134 1134 2160 ‘⁴
1207 2134 1289 2184 Ad
1334 2124 1484 2197 ἀκοῇ

399 2203 472 2253 ef.
523 2203 569 2262 Ι,
625 2203 716 2252 171
769 2207 822 2251 et
868 2203 944 2262 ΙΙ,
986 2203 1255 2253 123.148
1299 2203 1480 2267 ibique

399 2277 536 2321 nott.
574 2272 669 2332 IV,
710 2271 792 2322 16.
870 2270 1100 2322 Siebelis
1135 2272 1205 2321 ad
1241 2273 1481 2321 Pausan.

402 2341 507 2400 ΙΙΙ,
542 2343 627 2400 25,
675 2341 725 2389 5.
776 2355 902 2405 pag.
954 2341 1050 2402 80,
1121 2342 1364 2405 Lennep.
1411 2340 1481 2390 ad

400 2408 674 2459 Phalarid.
714 2409 889 2472 Epist.
929 2425 1055 2475 pag.
1101 2410 1222 2472 229,
1272 2411 1325 2459 b.
1398 2411 1482 2459 De

400 2494 534 2529 voce
568 2472 841 2540 ἴστορέων
888 2480 959 2528 cf.
1000 2484 1136 2528 nott.
1188 2447 1255 2528 a'd
1293 2494 1480 2545 prooe-

400 2547 560 2598 mium
594 2547 717 2596 libri
749 2548 795 2597 1.

469 2657 758 2730 αὐτόπτης
795 2656 1004 2729 ἐλθών]
1048 2667 1167 2728 Quo
1216 2665 1336 2718 loeo
1375 2682 1480 2716 me-

402 2736 652 2787 morabili
685 2750 850 2800 supra
884 2751 1069 2786 sumus
1096 2736 1182 2786 usi
1201 2737 1271 2786 ad
1294 2736 1370 2797 ΙΙ,
1397 2737 1478 2798 15,

401 2806 494 2856 ubi
533 2806 644 2855 vid.
715 2806 791 2855 Et
824 2806 942 2855 iure
975 2805 1080 2855 hoc
1109 2806 1164 2855 in
1202 2805 1322 2856 loeo
1358 2805 1483 2854 sub·

402 2876 630 2936 sistunt,
667 2874 757 2939 qui
793 2875 861 2924 de
893 2875 1161 2925 Herodoti
1197 2874 1482 2926 itineribus

401 2948 766 3010 exposuerunt
805 2944 980 3005 (conf.
1029 2945 1214 3008 Heyse
1254 2945 1479 3006 Quaest.

401 3013 605 3066 Herod.
638 3013 686 3062 1.
725 3029 854 3078 pag.
889 3012 1031 3078 112).
1103 3014 1242 3064 Nam
1266 3014 1482 3063 univer-

401 3099 516 3134 sam
528 3084 833 3148 Aegyptum
857 3083 1115 3133 Nostrum
1133 3082 1338 3133 vidisse
1355 3081 1484 3132 hinc

400 3153 742 3203 manifestum
781 3151 862 3203 fit.

464 3262 601 3321 Ἀπὸ
652 3261 1065 3334 ΜΕλεφαντινης
1118 3259 1318 3326 πόλιος
1360 3286 1481 3320 ανω

404 3332 552 3390 ἰόντι
587 3355 638 3389 κ.
684 3355 729 3389 τ.
770 3338 847 3406 λ..]
887 3339 1223 3389 Herodotum
1260 3339 1327 3390 ob
1364 3356 1483 3390 nar-

399 3410 627 3459 rationis
684 3408 1008 3474 elegantiam
1068 3413 1234 3473 atque
1281 3410 1484 3475 perspi-

401 3480 657 3529 cuitatem
690 3477 880 3528 laudat
910 3477 1143 3544 Longin.
1169 3479 1236 3527 de
1265 3478 1480 3528 sublim.

401 3564 522 3614 cap.
574 3547 655 3599 16.
706 3551 758 3611 5.
805 3547 890 3606 26,
937 3547 1030 3597 ubi
1082 3547 1323 3612 Toupius
1371 3549 1482 3598 Lu-

402 3618 543 3668 cian.
593 3617 658 3668 de
705 3631 817 3667 ver.
867 3615 996 3666 hist.
1046 3616 1122 3677 11,
1177 3617 1243 3666 27
1293 3618 1478 3670 affert.

401 3686 486 3737 Ad
531 3690 904 3768 argumentum
957 3686 1132 3750 ipsum
1182 3685 1293 3735 vid.
1347 3702 1484 3752 quae

403 3772 469 3805 ex
505 3756 862 3806 recentiorum
913 3755 1377 3820 peregrinatorum
1423 3755 1486 3804 li-

401 3826 513 3876 bris
550 3824 738 3875 attulit
772 3825 1005 3874 Heeren.
1046 3824 1214 3873 Ideen
1259 3828 1365 3874 ete.
1407 3824 1481 3886 11,

407 3895 452 3944 l.
491 3910 545 3959 p.
574 3894 678 3945 356
714 3908 869 3959 seqq.
910 3877 964 3943 οἳ
998 3908 1135 3958 quae
1167 3892 1329 3959 paulo
1356 3899 1484 3944 ante

403 3979 466 4013 ex
514 3963 774 4027 Partheyi
809 3962 948 4013 libro
996 3961 1294 4013 attulimus.
1379 3964 1485 4025 Qui

401 4034 541 4083 enim
575 4037 764 4082 nostra
785 4037 965 4083 aetate
985 4032 1083 4082 has
1101 4033 1346 4096 regiones
1366 4048 1483 4098 per-

400 4101 729 4164 lustratum,
785 4106 1056 4152 testantur
1096 4101 1277 4152 Nilum
1321 4119 1483 4168 supra

402 4171 616 4237 Syenen
650 4186 823 4237 usque
868 4171 938 4221 ad
976 4171 1161 4221 Philas
1199 4171 1358 4222 valde
1394 4172 1484 4223 fle-

399 4257 626 4293 xuosum
661 4257 730 4291 ac
778 4237 1079 4291 tortuosum
1132 4256 1277 4303 esse,
1329 4243 1484 4306 aquis

399 4316 512 4360 tam
548 4310 736 4377 rapide
770 4309 1178 4372 delabentibus,
1212 4315 1272 4360 ut
1308 4311 1485 4361 adhuc.

400 4395 534 4445 opus
565 4381 638 4430 sit
674 4380 923 4444 funibus,
961 4379 1155 4446 quibus
1190 4395 1359 4431 naves
1390 4381 1485 4431 ad·

1587 1455 1743 1490 verso
1803 1439 2020 1489 flumine
2084 1439 2396 1500 trahantur-3
2454 1438 2669 1489 alveum

1587 1509 1700 1558 Nili
1735 1508 1854 1558 fieri
1894 1510 2264 1574 angustiorem
2303 1508 2537 1573 indeque
2571 1509 2669 1559 im-

1584 1578 1907 1643 peditiorem
1925 1579 2098 1643 ipsam
2114 1578 2537 1642 navigationem.
2576 1578 2676 1629 Ul-

1586 1653 1671 1698 tra
1705 1647 1892 1697 Philas
1928 1663 2112 1698 verum
2135 1653 2219 1698 est
2237 1647 2417 1697 Nilum
2447 1648 2528 1696 ita
2556 1647 2670 1712 pla-

1587 1717 1706 1767 cide
1751 1717 1943 1776 fluere‚
2002 1723 2064 1766 ut
2112 1716 2318 1766 nullum
2375 1716 2669 1781 periculum

1585 1787 1818 1836 subeant
1840 1786 2189 1851 navigantes:
2223 1786 2321 1835 sed
2356 1800 2478 1834 mox
2505 1785 2670 1835 inter-

1583 1856 1783 1906 cedunt
1797 1859 2139 1904 catarractae
2160 1854 2464 1918 superiores
2477 1853 2669 1903 Wadi-

1582 1924 1902 1987 Halt'enses,
1957 1924 2151 1989 quibus
2206 1923 2380 1972 denuo
2439 1920 2670 1972 difficul-

1581 1999 1726 2044 tates
1743 1993 2127 2058 navigantibus
2149 1995 2506 2057 opponuntur.
2537 1992 2670 2041 Cae·

1583 2068 1756 2112 terum
1785 2064 1854 2112 ad
1882 2062 2023 2111 hunc
2038 2060 2307 2112 Herodoti
2323 2060 2501 2110 locum
2522 2061 2667 2112 conf.

1584 2133 1748 2182 etiam
1787 2130 2020 2180 Iomard.
2056 2130 2278 2180 Recueil
2316 2133 2419 2179 etc.
2456 2130 2503 2180 1.
2540 2145 2667 2194 pag.

1585 2203 1653 2251 :34
1677 2216 1790 2265 seq.
1818 2206 1872 2250 et
1892 2200 1957 2249 de
1975 2199 2084 2250 Nili
2109 2215 2267 2250 cursu
2297 2198 2477 2249 Strab.
2505 2198 2667 2248 XVII

1588 2272 1705 2321 init.
1746 2285 1799 2334 p.
1839 2268 1943 2320 786
1972 2284 2017 2319 s.
2062 2267 2196 2319 1133
2232 2272 2288 2318 et
2331 2283 2386 2332 p.
2430 2268 2562 2319 1177
2598 2268 2664 2318 Β.

1584 2341 1788 2390 Nostra
1804 2343 1987 2389 aetate
2004 2343 2220 2404 praeter
2238 2336 2377 2387 alios
2401 2336 2543 2387 hunc
2553 2336 2665 2387 Nili

1584 2423 1798 2460 cursum
1834 2414 2051 2459 secutus
2083 2414 2167 2457 est
2202 2407 2259 2455 in
2296 2406 2546 2471 regiones
2583 2421 2669 2455 su-

1583 2478 1822 2543 periores
1858 2492 2029 2542 usque
2061 2477 2131 2526 ad
2177 2477 2357 2525 fontes
2390 2490 2668 2540 propemo-

1586 2548 1713 2597 dum
1746 2548 2082 2612 Russegger.
2121 2547 2318 2595 Reisen
2358 2544 2576 2605 ete.11,
2619 2544 2664 2593 l.

1582 2615 2097 2803 ἕὲξιέἒὲῆῗὲἒρι
2119 2612 2451 2737 ἑῇιῗὲῗέι
2480 2581 2666 2730 ἷῖωξῖἔ

1582 2770 1670 2819 qm

1653 2845 1768 2905 ἐστι
1804 2844 1896 2903 ἐπὶ
1930 2842 2143 2918 ἡμέρας
2171 2850 2433 2916 τέσσερας
2470 2848 2663 2918 πλόος]

1582 2926 1836 2976 Indicant
1892 2923 2029 2973 haec
2084 2923 2249 2973 verba
2305 2923 2668 2985 naoiaationem

1584 2994 1876 3061 quatridui,-
1929 2992 2073 3043 cons.
2119 2993 2196 3053 ΙΙ,
2249 2991 2315 3042 19
2362 2997 2417 3042 et
2464 2991 2664 3044 Matth.

1585 3065 1680 3117 Gr.
1718 3065 1811 3115 Gr.
1851 3079 1904 3127 p.
1939 3062 2061 3114 794.
2136 3062 2255 3123 Quo
2279 3061 2399 3127 ipso
2428 3062 2665 3126 spatium

1586 3134 1654 3184 ab
1708 3132 2071 3198 Elephantine
2128 3130 2306 3181 insula
2363 3146 2535 3196 usque
2594 3131 2663 3181 ad

1585 3203 1924 3266 Tachempso
1960 3201 2192 3251 indicari
2225 3204 2350 3265 post
2384 3200 2661 3262 Henpiclx.

1583 3273 1780 3324 statuit
1807 3271 2140 3333 Lareherus,
2170 3286 2293 3319 mox
2320 3274 2500 3320 tamen
2527 3269 2665 3331 (vid.

1584 3342 1723 3393 Tab.
1772 3342 1969 3405 Geogr.
2017 3356 2070 3404 p.
2115 3339 2260 3403 531),
2299 3338 2401 3388 hae
2453 3343 2668 3388 senten-

1583 3413 1662 3462 tia
1694 3411 1923 3469 reiecta,
1964 3408 2240 3474 quatridui
2263 3408 2460 3456 itinere
2490 3406 2666 3456 decla-

1580 3482 1691 3531 rari
1721 3478 1841 3529 vult
1874 3476 2267 3542 longitudinem
2294 3475 2364 3525 ab
2398 3473 2669 3539 Elephan-

1584 3551 1697 3599 tine
1732 3562 1899 3613 usque
1936 3545 2005 3594 ad
2038 3561 2157 3595 eum
2190 3544 2397 3601 locum,
2435 3544 2529 3593 ubi
2569 3545 2665 3594 Ni-

1584 3618 1668 3669 lus
1695 3632 1804 3666 non
1827 3615 2056 3680 amplius
2081 3615 2153 3663 sit
2173 3618 2481 3673 tortuosus;
2522 3613 2666 3663 unde

1586 3687 1694 3737 alio
1730 3683 1895 3735 tridui
1929 3688 2027 3733 aut
2059 3680 2331 3748 quatridui
2364 3680 2562 3732 itinere
2588 3682 2666 3732 di-

1588 3761 1734 3807 stare
1770 3752 2139 3818 Tachomps03
2184 3752 2266 3801 ita
2310 3754 2373 3800 ut
2421 3750 2491 3801 ad
2525 3751 2667 3802 hanc

1582 3824 1816 3875 insulam
1832 3823 1902 3873 ab
1920 3821 2282 3887 Elephantine
2305 3819 2671 3885 proficiscenti

1585 3899 1793 3959 septem
1830 3908 1874 3942 s.
1911 3897 2034 3942 octo
2058 3892 2173 3941 dies
2198 3890 2308 3940 sint
2340 3889 2664 3942 insumendi.

1585 3964 1721 4016 Mihi
1755 3961 2025 4014 Herodoti
2052 3962 2220 4011 verba
2256 3960 2347 4009 vix
2380 3959 2541 4010 aliter
2579 3976 2667 4011 ex-

1585 4034 1776 4100 plicari
1807 4046 1969 4096 posse
2004 4030 2258 4080 videntur
2283 4034 2447 4093 atque
2473 4028 2541 4079 de
2576 4032 2669 4080 via

1585 4104 1655 4153 ab
1691 4101 2052 4166 Elephantine
2094 4114 2267 4165 usque
2311 4097 2383 4148 ad
2431 4114 2552 4149 eum
2592 4100 2669 4150 lo-

1588 4188 1736 4233 cum,
1784 4170 1881 4220 ubi
1928 4169 2084 4221 Nilus
2132 4185 2241 4219 non
2296 4167 2526 4233 amplius
2584 4174 2669 4219 est

1586 4245 1885 4293 tortuosus.
1959 4240 2134 4303 Quam
2171 4238 2314 4288 viam
2350 4240 2668 4289 commercio

1586 4313 1921 4375 frequentem
1986 4324 2105 4360 esse
2165 4307 2372 4357 monuit
2430 4308 2667 4357 Heeren.

1586 4380 1752 4431 Ideen
1788 4383 1892 4430 ete.
1922 4378 1996 4442 ΙΙ,
2033 4379 2083 4427 2.
2122 4392 2249 4442 pag.
2287 4377 2411 4426 440.
