3109 5092
1226 384 1479 447 GLIO.
1524 387 1576 447 Ι.
1622 397 1746 453 133.

2495 394 2619 459 277

327 563 486 627 τῶν
513 555 871 645 προβάτων
899 559 1356 645 προτιθέαται.
1398 567 1639 631 σίτοισι
1668 561 1745 630 δὲ
1770 558 2052 649 ὀλίγοισι
2079 568 2435 653 χρέωνται,
2469 572 2616 640 ἐπι-

349 659 687 748 φορήμασι
716 659 792 729 δὲ
822 667 1128 730 πολλοῖσι
1167 664 1280 731 καὶ
1308 658 1432 733 οὐκ
1460 659 1649 735 ἁλέσι
1667 686 1681 700 ·
1733 666 1845 734 καὶ
1874 664 1987 735 διὰ
2013 673 2211 736 τοῦτο
2242 671 2407 756 φασὶ
2434 676 2614 762 Πέρ-

345 785 459 831 σαι
486 761 642 842 τούς
666 759 993 851 Ἕλληνας
1018 768 1444 853 σιτεομένους
1461 819 1478 851 ,
1524 772 1896 849 πεινῶντας
1939 770 2312 855 παύεσθαι,
2354 769 2455 840 ὅτι
2492 781 2617 862 σ’φι

348 862 480 934 ἀπὸ
511 870 796 936 δείπνου
827 871 1321 956 παραφορέεται
1349 866 1555 939 οὐδὲν
1598 871 1803 958 λόγου
1844 869 2063 954 ἄξιον
2103 880 2167 942 εί
2202 876 2283 944 δέ
2302 902 2367 944 τι
2398 901 2614 963 παρα-

351 970 623 1057 φέροιτο
640 1020 659 1055 ,
705 971 1057 1049 ἐσθίοντας
1094 965 1181 1040 ἂν
1207 968 1289 1040 οὐ
1321 973 1684 1044 παύεσθαι.
1745 983 1910 1068 οἴνῳ
1943 975 2019 1043 δὲ
2044 975 2254 1065 κάρτα
2284 980 2615 1065 προσκέα-

347 1170 485 1220 bene
542 1183 674 1219 usus
729 1173 814 1219 est
871 1168 1045 1235 Ilgen.
1109 1172 1184 1222 ad
1229 1173 1433 1237 Hymn.

348 1240 573 1316 Homer.
626 1254 754 1304 pag.
807 1238 927 1301 479,
991 1255 1096 1304 quo
1157 1242 1430 1306 probaret,

347 1304 606 1373 προβατα
642 1323 762 1357 esse
794 1308 967 1358 omnis
989 1310 1202 1374 generis
1230 1312 1433 1361 anima-

345 1377 423 1427 lia
459 1377 850 1442 quadrupedia.
926 1377 1087 1430 Cous.
1126 1380 1287 1431 etiam
1325 1381 1434 1430 He-

347 1446 526 1498 rodot.
580 1447 689 1509 lx,
728 1445 797 1497 93
834 1446 1020 1513 ibique
1065 1453 1205 1500 nott.
1272 1450 1434 1513 Quod

345 1515 511 1583 paulo
561 1520 690 1565 ante
733 1519 965 1566 camelum
1015 1533 1232 1584 quoque
1290 1535 1434 1569 com-

348 1590 639 1646 memorat,
693 1585 949 1635 convenit
994 1602 1116 1636 cum
1164 1603 1270 1638 usu
1304 1589 1436 1640 Ara-

347 1657 473 1706 bum
492 1692 506 1718 ,
575 1655 669 1719 qui
721 1653 885 1704 huius
952 1655 1202 1707 animalis
1273 1673 1436 1708 carne

347 1724 508 1775 valde
545 1722 804 1774 delectari
855 1724 1108 1775 dicuntur
1142 1727 1285 1790 apud
1317 1727 1436 1777 Ari-

349 1793 535 1845 stotel.
573 1794 647 1843 H.
685 1792 751 1844 A.
789 1793 894 1854 VI,
929 1792 1015 1845 26.
1061 1795 1290 1846 Diodor.
1323 1797 1433 1847 Sic.

349 1865 417 1926 V,
457 1864 543 1915 54.
570 1891 642 1901 —-
676 1856 950 1926 χρέωνται
988 1868 1042 1913 et
1072 1863 1126 1915 h.
1152 1864 1190 1914 1.
1225 1869 1281 1915 et
1316 1882 1435 1931 cap.

355 1934 454 1984 1:32
488 1934 755 1982 intactum
790 1930 1008 1995 reliqui3
1049 1939 1276 1986 recentt.
1315 1935 1437 1986 edd.

355 2003 670 2069 plerumque
703 1995 980 2119 {os'ovtoea

423 2072 627 2121 σίτοισι
673 2066 708 2117 δ
778 2060 1018 2133 ὀλίγοισι
1064 2099 1136 2112 -ο
1178 2067 1274 2120 καὶ
1335 2062 1441 2120 οὔκ

351 2132 531 2204 ἁλέσι]
575 2129 977 2202 ἐπιφορήματα
1027 2145 1155 2190 sunt
1190 2139 1439 2203 bellaria,

355 2209 613 2275 opsonia,
649 2222 1006 2272 quaecunque
1039 2210 1098 2259 in
1129 2209 1330 2260 mensis
1360 2225 1440 2260 se-

353 2278 572 2340 cundis,
623 2277 879 2341 primario
921 2277 1043 2328 cibo
1093 2283 1300 2341 sumto,
1348 2294 1442 2343 ap-

351 2351 644 2417 ponuntur,
677 2347 902 2398 Graecis
925 2346 1065 2398 alias
1093 2352 1295 2398 vocata
1318 2340 1439 2396 ἐπι-

322 2415 711 2478 ·δορπίσματα
746 2420 802 2466 et
835 2408 1180 2480 τραγήματα,
1218 2421 1441 2468 auctore

352 2485 648 2550 Hesychio.
722 2485 826 2534 His
872 2500 1033 2549 quam
1068 2485 1312 2550 plurimis
1356 2486 1440 2536 uti

351 2558 550 2607 Persas
567 2555 768 2604 Noster
795 2553 930 2604 dicit
957 2555 1104 2605 haud
1135 2554 1296 2605 aliter
1327 2555 1441 2606 fere

353 2631 519 2689 atque
580 2622 749 2673 multo
805 2628 933 2687 post
979 2625 1247 2675 Ammiau.
1296 2625 1440 2674 Mar-

352 2693 475 2747 cell.
511 2692 729 2755 XXIII,
776 2691 826 2744 6.
867 2695 917 2756 5.
956 2694 1021 2743 77
1071 2691 1187 2757 (ubi
1222 2693 1295 2745 cf.
1332 2694 1442 2744 Va-

351 2765 471 2827 les.,
506 2765 759 2813 monente
799 2762 939 2824 Gn),
976 2763 1073 2813 sed
1102 2764 1289 2814 ntinirne
1324 2778 1442 2813 con-

347 2836 529 2897 fertis,
575 2848 629 2897 q.
667 2845 715 2880 e.
750 2825 846 2879 καὶ
883 2826 988 2880 οὐκ
1022 2821 1205 2892 &um
1257 2837 1443 2896 quate-

353 2919 457 2954 nus
491 2899 752 2966 cupediae
787 2904 843 2950 et
877 2900 1107 2951 bellaria
1135 2900 1306 2951 multa
1337 2902 1442 2951 uti-

354 2989 461 3038 que
521 2972 579 3020 in
631 2983 873 3019 mensam
939 2970 1278 3032 inferebant,
1345 2971 1441 3021 sed

351 3057 452 3093 non
483 3040 742 3104 confertim
776 3039 954 3089 onmia.
1026 3039 1116 3088 Ita
1149 3039 1443 3090 Wesselin-

354 3112 504 3177 gius,
542 3108 636 3174 qui
670 3108 724 3157 h.
766 3107 802 3159 l.
840 3109 1106 3158 tractavit
1140 3107 1197 3157 in
1230 3109 1443 3159 Disser-

354 3186 460 3232 tat.
480 3176 687 3230 Herod.
715 3176 814 3227 IX.
849 3192 977 3242 pag.
1006 3175 1094 3238 96,
1134 3178 1442 3242 approbans

353 3255 521 3316 atque
555 3248 638 3297 sic
686 3245 965 3310 explicans
1000 3245 1084 3308 id,
1134 3247 1279 3310 quod
1312 3246 1444 3297 Gro-

355 3320 517 3370 novio
561 3319 618 3368 in
664 3320 897 3365 mentem
941 3320 1168 3366 venerat
1202 3311 1297 3364 καὶ
1336 3305 1442 3364 οὐκ

353 3379 540 3450 ἁλέσι,
613 3400 735 3435 cum
791 3389 957 3435 antea
1015 3383 1288 3449 legeretur
1347 3379 1444 3433 καὶ

355 3447 426 3506 οὗ
461 3454 710 3515 καλοῖσι,
751 3454 905 3503 cuius
938 3453 1059 3503 loco
1095 3454 1152 3502 in
1189 3453 1310 3504 cod.
1333 3454 1445 3503 Me—

355 3526 512 3576 diceo
539 3528 595 3574 et
617 3521 936 3573 Florentino
969 3526 1152 3572 exstat
1188 3518 1285 3572 καὶ
1320 3514 1401 3571 οὗ
1418 3551 1441 3558 -

354 3591 629 3656 καλέσι,
677 3591 927 3656 idemque
981 3591 1146 3643 etiam
1183 3592 1241 3641 in
1277 3591 1444 3642 Athe-

357 3665 485 3715 naei
533 3660 850 3712 Herodotea
914 3661 1272 3712 exscribentis
1324 3659 1444 3710 loco

357 3749 525 3798 supra
557 3730 785 3781 laudato
823 3729 1040 3794 legitur,
1073 3730 1220 3780 unde
1253 3730 1445 3780 merito

357 3818 504 3853 nunc
550 3802 610 3850 in
662 3799 930 3850 Herodoti
981 3798 1251 3850 editiones
1301 3814 1449 3849 rece·

357 3876 509 3936 ptum
554 3864 651 3918 καὶ
696 3859 824 3917 οὐκ
872 3860 1096 3933 ἁλέσι,
1142 3869 1224 3918 ita
1271 3872 1333 3918 ut
1366 3871 1447 3916 to-

357 3941 469 3990 tius
500 3939 607 3989 loci
639 3936 778 3988 haec
805 3937 879 3986 sit
907 3938 1208 3988 sententia:
1260 3935 1449 3999 „ffer-

360 4009 478 4075 sae)
527 4007 664 4057 cibis
710 4006 1005 4058 farinaceis
1051 4006 1242 4071 paucis
1288 4010 1448 4055 utun·

358 4083 479 4138 tur,
532 4076 629 4127 sed
666 4076 907 4140 opsoniis
945 4092 992 4126 s.
1035 4075 1278 4126 bellariis
1315 4071 1450 4123 mul-

359 4148 435 4196 tis
471 4146 648 4210 iisque
691 4160 803 4195 non
851 4145 1009 4194 simul
1053 4145 1148 4196 sed
1184 4141 1448 4208 paulatim

362 4215 592 4266 illatisst‘
664 4215 912 4279 Namque
950 4216 1076 4263 σῖτα
1111 4229 1156 4263 s.
1199 4212 1348 4261 σιτία
1383 4212 1448 4261 de

362 4284 502 4334 cibis
552 4283 842 4333 farinaceis
893 4299 960 4332 ac
998 4282 1338 4347 potissimum
1383 4279 1450 4329 de

362 4353 490 4404 cibo
538 4352 824 4417 primario,
881 4367 1039 4415 quem
1094 4364 1316 4400 mensae
1368 4364 1450 4398 se-

363 4421 576 4473 cundae
632 4436 678 4471 s.
730 4419 961 4470 bellaria
1012 4419 1323 4484 excipiunt,
1393 4418 1451 4468 in

1535 1175 1849 1226 universum
1894 1176 2005 1226 dici
2048 1176 2186 1226 satis
2240 1180 2484 1237 constat3
2546 1176 2621 1227 cf.

1533 1244 1798 1294 Herodot.
1847 1244 1902 1307 Ι,
1945 1245 2063 1296 188.
2112 1245 2195 1308 11,
2234 1242 2319 1296 36.
2371 1245 2458 1297 69.
2503 1245 2619 1296 168.

1537 1313 1657 1373 111,
1695 1315 1781 1364 25.
1821 1314 1886 1376 V,
1929 1313 2014 1365 34.
2051 1315 2144 1374 65ς
2205 1314 2271 1363 de
2308 1329 2443 1365 voce
2476 1304 2621 1379 ἁλὴς

1536 1381 1683 1431 conf.
1721 1383 1774 1442 Ι,
1814 1381 1934 1434 196.
1984 1383 2073 1446 ΙΙ,
2112 1383 2201 1434 63.
2249 1383 2364 1444 ΙΙΙ,
2406 1382 2486 1435 13.
2524 1383 2620 1446 IV,

1538 1450 1658 1501 181.
1697 1451 1832 1514 VII,
1878 1452 1995 1504 104.
2033 1453 2154 1503 211.
2207 1453 2330 1503 225.
2367 1451 2489 1503 236.
2523 1452 2621 1513 lx,

1542 1519 1621 1570 15.
1646 1518 1733 1570 85.
1772 1521 1924 1572 Scita
1949 1525 2033 1571 est
2058 1522 2373 1573 coniectura
2391 1520 2625 1571 Beckeri

1541 1588 1625 1656 (in
1673 1589 1910 1641 Charicl.
1957 1591 2034 1640 11.
2082 1607 2137 1656 p.
2180 1591 2284 1641 266
2330 1589 2416 1640 ed.
2465 1590 2622 1652 sec.)‚

1537 1659 1888 1709 rescribentis
1923 1655 2019 1708 καὶ
2056 1651 2163 1708 οὐκ
2198 1648 2353 1709 ἅλεσι
2389 1664 2486 1708 aut
2520 1659 2626 1708 for-

1538 1727 1686 1777 sitan
1732 1729 1896 1778 etiam
1939 1719 2130 1791 ἁλάσι,
2195 1743 2261 1778 ac
2316 1726 2382 1777 de
2435 1727 2627 1778 salibus

1539 1797 1859 1860 cogitantis,
1924 1796 2120 1861 quibus
2185 1797 2421 1847 Graecos
2484 1797 2627 1845 inter

1538 1866 1768 1916 bellaria
1829 1867 2063 1916 maxime
2141 1865 2441 1915 delectatos
2505 1878 2627 1913 esse

1539 1935 1682 1985 idem
1735 1936 1820 1984 vir
1868 1935 2062 1986 doctus
2116 1935 2253 1985 satis
2298 1933 2628 1983 monstravit

1541 2004 1834 2069 multisque
1878 2003 2204 2054 testimoniis
2260 2002 2447 2052 allatis
2504 2017 2630 2051 con-

1540 2072 1797 2123 firmavit.
1869 2074 1984 2123 Nec
2026 2077 2210 2122 tamen
2244 2072 2373 2122 mihi
2408 2086 2629 2136 persua—

1541 2143 1634 2204 sit,
1672 2142 1764 2207 qui
1794 2140 1922 2192 olim
1953 2142 2095 2191 hanc
2118 2141 2484 2192 coniecturam
2508 2154 2630 2204 pro-

1540 2212 1800 2261 baveram
1845 2208 2155 2275 (Heidelbb.
2192 2211 2420 2262 Jahrbb.
2474 2209 2627 2259 1841.

1543 2297 1595 2344 p.
1637 2277 1776 2342 117),
1815 2295 1975 2344 quam
2000 2296 2145 2331 nunc
2166 2279 2403 2330 alienam
2428 2279 2497 2328 ab
2524 2278 2628 2328 hoc

1540 2349 1663 2399 loco
1701 2350 1980 2414 existimo,
2030 2350 2351 2414 praesertim
2386 2364 2509 2399 cum
2544 2363 2630 2397 sa-

1540 2419 1685 2468 libus
1743 2420 1963 2469 minime
2031 2419 2275 2469 caruisse
2341 2417 2631 2468 videantur

1541 2489 1760 2549 Persae,
1789 2505 2015 2553 quorum
2041 2490 2280 2553 regibus,
2307 2488 2402 2552 qui
2427 2486 2630 2550 optime

1541 2572 1789 2624 quaeque
1834 2573 1864 2607 e
1902 2558 2071 2607 variis
2127 2556 2281 2622 reg-ni
2334 2553 2630 2620 provinciis

1541 2626 1611 2676 ad
1664 2627 1871 2676 victum
1928 2627 2176 2691 accipere
2224 2623 2503 2683 solebant,
2565 2637 2631 2670 ex

1538 2696 1790 2759 Aegypto
1856 2698 2011 2744 salem
2062 2693 2427 2743 Ammoniacum
2497 2681 2633 2754 (ἅλα
2702 2716 2709 2722 -

1535 2754 1952 2827 Ἀμμωνιακὸν,
2000 2766 2063 2812 ut
2107 2761 2327 2825 scripsit
2361 2759 2424 2810 C.
2462 2757 2633 2808 Muel-

1543 2832 1643 2883 ler.
1690 2833 1964 2897 Fragmm.
2009 2831 2139 2882 hist.
2190 2830 2281 2880 Gr.
2329 2828 2405 2878 11.
2462 2843 2518 2892 p.
2561 2828 2632 2878 92

1542 2917 1641 2967 pro
1684 2890 1843 2966 ἅλας)
1899 2900 2043 2950 mitti
2100 2897 2331 2949 tradidit
2381 2896 2525 2947 Dino
2576 2895 2633 2945 in

1544 2969 1807 3032 Persicis,
1865 2974 2008 3020 teste
2050 2968 2331 3019 Athenaeo
2378 2966 2455 3017 Π.
2502 2980 2631 3030 pag.

1543 3040 1611 3091 67
1638 3041 1702 3091 Β.
1724 3069 1794 3081 --
1831 3039 1987 3100 Quod
2013 3037 2258 3102 sequitur
2284 3035 2488 3085 dictum
2506 3035 2635 3084 Per-

1542 3124 1726 3159 sarum
1764 3109 1831 3159 de
1867 3106 2089 3159 Graecis
2126 3105 2517 3166 coenantibus,
2552 3104 2634 3153 ita

1546 3177 1921 3242 accipiendum
1957 3179 2065 3236 est,
2104 3175 2371 3236 Graecos,
2411 3174 2538 3224 dum
2562 3172 2635 3223 ci-

1546 3246 1673 3295 bum
1707 3250 1997 3307 sumerent,
2037 3244 2243 3294 esurire
2277 3243 2525 3294 desinere
2564 3239 2631 3305 (s.

1547 3316 1788 3366 Graecos
1823 3314 1983 3363 finem
2024 3313 2221 3363 edendi
2258 3312 2466 3373 facere,
2507 3311 2635 3360 dum

1547 3383 1723 3433 adhuc
1772 3379 2092 3444 esurirent),
2153 3384 2443 3445 propterea
2489 3378 2633 3443 quod

1546 3452 1734 3502 statim
1781 3456 1906 3515 post
1952 3464 2177 3501 coenam
2229 3453 2464 3498 sumtum
2498 3445 2636 3495 nihil

1545 3525 1830 3586 praeterea
1866 3518 2134 3583 (opsonii)
2168 3517 2303 3582 ipsis
2340 3529 2635 3580 apponere-

1547 3594 1663 3649 tur,
1721 3588 1866 3652 quod
1910 3587 2140 3637 alicuius
2196 3590 2341 3635 esset
2378 3583 2637 3633 momenti

1547 3660 1645 3708 aut
1676 3655 1865 3721 pretii3
1915 3655 1963 3704 si
1995 3669 2125 3704 vero
2175 3654 2307 3718 quid
2344 3667 2637 3718 apponere-

1548 3731 1639 3775 tur
1671 3722 2010 3785 huiusmodi‚
2054 3737 2146 3773 eos
2182 3738 2293 3773 non
2327 3724 2635 3772 cessaturos

1551 3795 1668 3844 fore
1732 3795 1861 3858 quin
1910 3794 2132 3843 ederent
2197 3790 2264 3856 (s.
2315 3806 2424 3840 non
2475 3790 2637 3840 finem

1550 3862 1748 3914 edendi
1793 3862 2062 3924 facturos,
2112 3862 2284 3911 donec
2330 3859 2521 3909 satiati
2556 3876 2637 3910 es·

1550 3931 1721 3996 sent).
1756 3958 1823 3966 —
1857 3921 1973 3980 ἀπὸ
2017 3928 2258 3980 δείπνου
2295 3930 2484 3981 eodem
2524 3929 2638 3980 fere

1550 4005 1763 4136 Ρδὲἓίφ
1789 4015 1893 4117 (Ῑέἕ
1931 4000 2138 4131 {guizi}
2178 4060 2633 4133 προσκέαται]

1547 4137 1635 4187 Ad
1702 4139 1929 4189 formam
1987 4138 2232 4189 Ionicam
2291 4129 2638 4198 προσκέαται
2726 4169 2727 4172 ¹

1550 4208 1627 4258 cf.
1670 4209 1904 4259 Bredov.
1959 4226 2015 4273 p.
2074 4206 2198 4260 329.
2254 4200 2638 4268 προσκεῖσθαι

1550 4277 1738 4327 eodem
1785 4291 1949 4327 sensu
2000 4276 2281 4341 (addictum
2323 4288 2435 4322 esse
2488 4272 2642 4322 αἱίαιί

1551 4347 1657 4407 rei,
1699 4348 1847 4411 sequi
1878 4362 1986 4397 eam
2003 4342 2139 4407 etc.)
2173 4344 2291 4405 ΙΙΙ,
2314 4342 2383 4393 34
2413 4346 2468 4390 et
2493 4338 2638 4405 apud

1549 4415 1793 4467 Pausan.
1820 4415 1866 4477 1,
1896 4414 1981 4465 34.
2009 4418 2060 4478 §-
2081 4413 2132 4476 3,
2156 4412 2251 4462 ubi
2283 4409 2501 4461 notavit
2525 4408 2639 4460 Sie-
