3109 5092
492 378 529 437 4
1359 369 1899 432 HERODOTI

445 565 473 623 1
644 549 968 636 Περσέων
1007 547 1133 633 μέν
1179 572 1311 615 νυν
1356 548 1426 613 οἰ
1456 545 1674 632 λόγιοι
1712 551 2035 622 Φοίνικας
2079 547 2336 621 αἰτίους
2377 543 2546 629 φασὶ
2581 542 2770 627 γενέ·
2792 561 2827 612 2

489 661 655 721 σθαι
684 656 801 738 τῆς
830 654 1179 737 διαφορῆς.
1236 647 1519 730 τούτους
1548 646 1679 738 γὰρ
1708 645 1841 719 ἀπὸ
1870 651 1985 734 τῆς
2011 642 2342 736 Ἐρυθρῆς
2369 646 2776 734 καλεομένης

1688 831 1798 882 qua
1831 807 2023 879 λόγιος
2058 813 2374 879 plerumque
2422 813 2664 864 disertum
2699 813 2778 862 in·

1688 886 1837 936 dicat
1901 890 1956 934 et
2012 888 2315 949 eloquentem
2369 883 2619 933 hominem.
2694 882 2778 932 Ad

1686 962 1933 1007 nostrum
1966 953 2146 1004 locum
2182 954 2317 1003 facit
2332 953 2572 1018 Hesych.
2609 952 2684 1002 11.
2718 968 2775 1018 p.

1685 1026 1821 1077 493:
1857 1017 2075 1088 λόγιος·
2117 1013 2147 1071 ὁ
2182 1021 2282 1087 τῆς
2313 1016 2568 1099 ῐςτοριάς
2591 1016 2778 1086 ἔμπει-

1684 1090 2779 1230 535..{¹;‘}⁶A¹2¹;2‘.3.{J‚‘.³.52:03’33‘1353}

1684 1250 1792 1298 τοι,
1831 1234 1868 1284 i.
1909 1249 1957 1283 e.
1995 1249 2163 1282 rerum
2191 1232 2499 1294 peritissimi,
2536 1230 2633 1280 ubi
2663 1231 2781 1296 plu·

1685 1320 1748 1354 ra
1782 1303 1897 1353 Iac.
1939 1302 2245 1353 Gronovius
2311 1306 2364 1350 et
2418 1300 2651 1351 Wessel.
2710 1300 2782 1351 ad

1684 1373 1911 1424 Diodor.
1960 1373 2035 1435 11,
2085 1374 2137 1422 4.
2200 1370 2342 1422 Add.
2387 1371 2654 1421 Herodot.
2701 1369 2778 1432 11,

1687 1445 1753 1494 77
1791 1442 2005 1493 Arrian.
2054 1441 2177 1492 Ind.
2232 1441 2280 1492 l.
2329 1445 2384 1490 et
2432 1441 2578 1492 conf.
2613 1439 2780 1490 Dahl-

1685 1529 1870 1564 mann.
1916 1511 2120 1563 Herod.
2162 1527 2217 1576 p.
2266 1511 2382 1573 108,
2430 1511 2522 1575 qui
2560 1511 2678 1560 iure
2710 1509 2781 1560 ad

1686 1583 1742 1632 id
1778 1582 1992 1633 attendi
2029 1581 2206 1643 iubet,
2246 1579 2391 1645 quod
2427 1580 2515 1631 hic
2549 1580 2780 1646 primum

1689 1653 1872 1703 sontes
1932 1656 2125 1702 auctor
2183 1650 2420 1712 indicat,
2483 1649 2626 1700 unde
2679 1665 2781 1699 sua

1683 1722 1949 1773 hauserit.
1988 1722 2068 1772 Ac
2102 1721 2304 1770 scimus
2331 1719 2520 1784 utique
2547 1725 2601 1770 et
2639 1719 2779 1770 alias

1685 1796 1861 1843 terras
1908 1796 1962 1841 et
2021 1791 2198 1855 ipsam
2245 1791 2536 1840 Persarum
2580 1795 2782 1839 terram

1686 1863 1755 1913 ab
1790 1860 2074 1911 Herodoto
2121 1860 2402 1909 visitatam
2447 1860 2648 1922 fuisse,
2687 1860 2781 1925 qui

490 818 600 869 alia
653 816 892 883 taceam)
946 819 1083 867 satis
1131 818 1582 880 commendatum,

490 889 560 938 ab
592 889 872 938 Herodoto
909 888 1216 951 profectum
1244 903 1365 938 esse
1395 893 1582 953 negat,

491 958 842 1024 eiusdemque
908 959 1117 1008 amasio
1193 964 1248 1009 et
1318 958 1584 1008 bonorum

486 1027 713 1078 haeredi
733 1027 1042 1079 Plesirrhoo
1081 1027 1346 1078 Thessalo
1384 1027 1585 1077 adscri-

488 1098 589 1147 bit.
650 1098 808 1149 Cous.
859 1097 1206 1148 Ptolemaeus
1243 1097 1583 1161 Hephaestio

488 1166 595 1217 111.
645 1184 699 1233 p.
758 1168 859 1218 314
896 1167 981 1217 ed.
1026 1166 1148 1217 Gal.
1194 1167 1407 1233 (Photii
1445 1166 1581 1216 Cod.

493 1234 637 1299 190).
677 1236 844 1286 Cuius
893 1237 1199 1286 sententiae
1245 1236 1455 1286 lubrica
1489 1235 1583 1285 ad-

487 1306 705 1355 modum
762 1312 1081 1370 argumenta
1134 1307 1245 1355 iam
1303 1306 1439 1356 satis
1494 1322 1582 1355 ex-

489 1377 664 1425 cussit
713 1374 1045 1440 Schweigh,
1095 1376 1186 1425 cui
1231 1375 1372 1425 adde
1416 1374 1583 1425 Dahl-

487 1459 672 1495 mann.
711 1444 916 1495 Herod.
956 1461 1009 1510 p.
1055 1445 1177 1497 231.
1248 1447 1368 1507 Quo
1406 1446 1582 1511 magis

489 1514 654 1564 miror
686 1518 876 1564 nostra
922 1519 1105 1564 aetate
1143 1516 1448 1578 exstitisse,
1489 1515 1612 1583 qui-

492 1582 595 1634 hoc
631 1585 968 1649 prooemium
1003 1600 1243 1650 pannum
1278 1584 1453 1634 videri
1490 1583 1584 1634 ad-

490 1658 700 1715 sutum,
740 1653 1037 1718 praefixum
1060 1655 1374 1706 Herodoteo
1412 1654 1581 1718 operi,

490 1722 765 1774 censuerit
798 1724 898 1790 (cf.
928 1725 1163 1775 Raumer
1195 1725 1380 1789 Antiq.
1410 1724 1580 1774 Brief.

488 1808 542 1858 p.
585 1793 684 1844 117
720 1793 882 1858 seq.)‚
921 1810 1088 1858 quum
1122 1799 1338 1859 praeter
1373 1794 1583 1844 Aristo-

489 1862 651 1912 telem
698 1861 737 1913 l.
786 1862 823 1913 l.
872 1864 1174 1930 Dionysius
1221 1863 1350 1914 Hal.
1398 1864 1581 1927 Epist.

490 1931 561 1982 ad
589 1933 781 1997 Pomp.
818 1933 916 1985 VI.
956 1949 1008 1998 p.
1050 1935 1150 1984 767
1190 1939 1245 1983 et
1280 1935 1385 1983 Dio
1415 1933 1583 1997 Chry-

491 2005 628 2052 sost.
677 2001 771 2052 Or.
819 2002 975 2053 LIII.
1021 2020 1076 2069 p.
1116 2004 1219 2054 278
1254 2002 1356 2053 hoc
1394 2019 1581 2067 prooe-

489 2071 657 2119 mium
694 2076 1014 2135 agnoscant.
1053 2072 1161 2134 Qui
1201 2078 1382 2123 autem
1406 2074 1582 2122 Hero-

490 2138 651 2190 dotus
698 2139 827 2188 libri
873 2140 1087 2190 initium
1138 2158 1339 2206 ponere
1374 2142 1582 2206 potuis·

490 2214 575 2259 set
621 2208 830 2259 verbis:
888 2207 1157 2273 Περσέων
1208 2207 1313 2274 μέν
1365 2226 1471 2259 νυν
1527 2205 1588 2260 οἱ

488 2269 671 2342 λόγιοι
714 2292 766 2327 κ.
813 2293 862 2327 τ.
911 2276 998 2327 L?
1071 2280 1158 2330 Tu
1205 2279 1314 2329 vid.
1365 2280 1582 2330 omnino

493 2346 745 2398 Creuzer.
780 2347 885 2397 Die
922 2346 1116 2399 histor.
1147 2350 1332 2399 Kunst
1364 2365 1420 2413 p.
1462 2350 1581 2411 155,

493 2432 560 2467 ex
595 2432 700 2481 quo
737 2415 843 2466 huc
885 2416 1194 2468 adscribam
1231 2418 1424 2482 verba,
1465 2419 1584 2484 qui-

488 2486 591 2536 bus
628 2491 787 2537 vetus
825 2486 1149 2538 Germaniae
1197 2488 1447 2553 scriptor,
1495 2488 1583 2538 Ia-

489 2556 658 2607 cobus
696 2555 985 2607 Unrestius
1018 2557 1076 2606 in
1101 2557 1369 2608 Chronico
1393 2557 1585 2608 Carin-

485 2624 671 2675 thiaco
710 2632 766 2676 et
804 2626 1095 2678 Austriaco
1133 2643 1269 2693 opus
1307 2643 1467 2678 suum
1502 2627 1582 2678 in-

487 2695 645 2760 cipit:
702 2695 833 2758 „So'
863 2692 950 2746 die
998 2697 1120 2747 Zeit
1168 2698 1441 2748 verfliesst
1498 2697 1580 2748 als

489 2764 586 2815 das
607 2765 831 2815 Wasser
847 2803 860 2828 ,
893 2766 1006 2817 und
1033 2766 1129 2818 des
1155 2768 1452 2819 Menschen
1479 2768 1581 2819 Ge—

490 2832 768 2884 dechtniss
804 2851 1037 2900 vergeen
1072 2837 1171 2886 mit
1207 2838 1303 2888 der
1337 2838 1585 2888 Glocken

486 2902 677 2964 Donn,
736 2903 843 2953 hab
904 2905 993 2955 ich
1040 2907 1217 2956 Jacob
1265 2907 1467 2957 Unrest
1525 2908 1584 2956 in

488 2972 692 3022 meiner
745 2973 958 3023 Einfalt
1015 2974 1276 3039 gedacht:
1336 2977 1470 3027 Was
1526 2979 1584 3026 in

490 3039 694 3093 schrift
728 3041 909 3105 kumt,
957 3042 1131 3092 bleibt
1174 3043 1434 3110 laenger“
1473 3051 1581 3096 etc.

486 3108 694 3174 (Halm.
752 3110 981 3161 Collect.
1041 3112 1378 3164 Monument.
1430 3115 1581 3165 Vett.

490 3179 555 3229 T.
592 3179 638 3229 1.
679 3180 861 3230 Praef.
897 3196 951 3246 p.
993 3180 1105 3245 12).
1163 3185 1344 3248 Atque
1381 3184 1584 3234 similia

491 3248 742 3313 equidem
789 3266 875 3300 me
927 3250 1112 3315 legere
1158 3252 1376 3302 memini
1424 3254 1582 3303 initio

490 3318 865 3369 chronicorum
883 3319 1287 3384 Rhaeticorum,
1319 3337 1459 3386 quae
1489 3337 1584 3373 au·

491 3394 643 3439 ctore
666 3388 864 3440 Gulero
903 3389 969 3439 de
996 3390 1228 3441 Wineck
1264 3390 1585 3456 prodierunt

491 3456 681 3507 Turici
734 3458 953 3509 Helvet.
1000 3459 1172 3522 1616„
1245 3459 1477 3526 aliisque
1524 3462 1583 3511 in

488 3526 640 3577 libris
685 3527 1042 3579 Helvetorum
1099 3530 1365 3580 chronicis
1428 3529 1582 3580 char-

487 3597 669 3662 tisque
698 3599 930 3649 vetustis
957 3598 1102 3665 apud
1125 3599 1266 3652 Rud.
1295 3599 1577 3651 Hanhart:

485 3666 856 3733 Erziihlungg.
890 3685 988 3719 aus
1016 3669 1067 3720 d.
1084 3669 1575 3735 Schweizergesch.

483 3734 676 3799 (Basel
725 3734 886 3802 1829)
931 3739 977 3789 I.
1038 3754 1091 3803 p.
1148 3739 1266 3790 162.
1315 3742 1412 3794 231
1459 3757 1576 3806 seq.

485 3802 609 3854 266.
648 3806 770 3855 277.

556 3866 823 3933 Περσέων
855 3869 958 3936 μέν
996 3889 1103 3923 νυν
1141 3869 1201 3923 οἱ
1242 3867 1445 3941 λόγιοι]
1484 3870 1580 3926 λό-

489 3953 605 4005 γιοι
667 3940 754 3992 hic
819 3946 973 4005 sunt,
1037 3943 1264 4008 antiqua
1321 3945 1578 3996 vocabuli

490 4009 916 4075 significatione,
956 4028 1122 4062 rerum
1163 4021 1420 4077 gestarum
1454 4014 1581 4066 bene

484 4084 653 4145 quari,
686 4084 862 4144 periti,
912 4082 1048 4131 docti
1090 4079 1201 4145 (die
1238 4082 1583 4134 Geschichts·

487 4148 767 4214 kundigen
789 4164 835 4201 s.
859 4149 1337 4216 Sag-enkundigen,
1368 4152 1456 4204 die
1476 4154 1582 4204 Ge-

484 4217 739 4285 lehrten).
811 4220 1065 4271 Refertur
1108 4220 1212 4271 hoc
1249 4220 1321 4272 ad
1356 4223 1584 4287 primiti-

490 4302 616 4338 vam
650 4289 803 4339 vocis
840 4281 1005 4355 λόγος
1040 4291 1335 4356 notionem,
1375 4293 1441 4342 de
1471 4308 1581 4359 qua

489 4355 682 4408 Creuz.
721 4358 954 4422 (Hister.
983 4361 1183 4412 Kunst.
1218 4378 1274 4427 p.
1312 4360 1412 4415 138
1448 4363 1576 4429 sq.),

487 4422 632 4477 unde
667 4426 898 4495 posthac
932 4445 999 4481 ea
1036 4429 1189 4482 fluxit
1228 4431 1577 4498 significatio,

1685 1930 1814 1981 in’de
1851 1946 1917 1980 ex
1951 1929 2235 1980 doctorum
2265 1930 2412 1979 illius
2448 1930 2628 1995 gentis
2660 1944 2782 1979 nar-

1687 2002 1898 2052 ratione
1934 2004 1989 2050 et
2025 1999 2296 2065 colloquio
2343 1999 2480 2051 haec
2513 1999 2779 2050 retulerit.

1688 2072 1775 2123 Cf.
1813 2069 2144 2121 Dahlmann.
2195 2069 2231 2119 l.
2282 2069 2319 2121 l.
2360 2085 2413 2134 p.
2453 2069 2540 2120 76.
2590 2071 2677 2120 77.
2725 2074 2780 2118 et

1686 2143 1873 2207 Heyse
1905 2139 1945 2190 l.
1984 2139 2023 2190 l.
2061 2156 2116 2204 p.
2156 2139 2224 2191 98
2261 2156 2382 2205 sqq.
2419 2167 2486 2176 —
2522 2139 2589 2188 In
2626 2154 2778 2204 seqq.

1687 2227 1809 2261 cum
1849 2209 2060 2261 Schwei
2098 2209 2152 2259 h.
2190 2214 2246 2259 et
2279 2209 2452 2261 Gaisf.
2485 2209 2780 2259 edidimus:

1689 2279 1964 2336 Φοίνικας
2025 2293 2061 2327 α
2088 2277 2245 2336 τίους
2310 2275 2453 2343 φασὶ
2509 2271 2780 2343 γενέσθαι

1687 2346 1789 2413 τῆς
1825 2345 2128 2428 διαφορῆς.
2166 2347 2399 2401 Bredov.
2437 2365 2491 2414 p.
2524 2349 2593 2400 85
2628 2363 2780 2414 prae-

1689 2417 1860 2467 ferret
1900 2414 2170 2481 γενεσθαι
2208 2416 2369 2481 φασί.

1753 2478 1991 2543 τούτους
2031 2477 2135 2552 γὰρ
2177 2478 2292 2536 ἀπὸ
2344 2483 2446 2552 τῆς
2485 2477 2779 2553 Ἐρυθρῆς

1684 2553 2029 2621 καλεομένης
2075 2548 2388 2629 θαλάσσης]
2443 2558 2591 2609 Satis
2638 2558 2781 2606 inter

1686 2642 1870 2676 omnes
1909 2630 2152 2688 constat,
2202 2627 2350 2676 mabri
2394 2630 2553 2678 maris
2598 2625 2780 2692 appel-

1683 2696 1888 2747 latione
1909 2696 2141 2746 indicari
2168 2696 2354 2747 latiori
2374 2712 2541 2747 sensu
2570 2712 2781 2747 omnem

1688 2767 1967 2816 Oceanum
2003 2766 2343 2830 Australem,
2383 2766 2514 2816 solis
2555 2766 2798 2816 orientis·

1686 2836 1874 2899 radiis,
1898 2836 2107 2901 opinor,
2133 2837 2366 2901 primum
2403 2836 2781 2886 collustratum

1685 2905 1918 2971 indeque
1954 2906 2347 2969 rubescentem,
2374 2912 2472 2955 aut
2506 2906 2655 2956 saxis
2691 2920 2779 2954 ru-

1686 2975 1934 3025 bicundis
1972 2975 2029 3024 in
2066 2975 2224 3025 litore
2270 2977 2433 3026 rubro
2481 2976 2660 3026 colore
2699 2990 2779 3024 re-

1686 3043 2078 3108 splendentem.
2119 3045 2304 3111 (Conf.
2344 3046 2389 3108 I,
2418 3045 2520 3096 ‘202
2550 3044 2640 3095 fin.
2681 3044 2778 3093 ibi·

1688 3129 1793 3178 que
1829 3119 1970 3165 nott.
2010 3114 2190 3166 Wien.
2225 3115 2457 3166 Jahrbb.
2494 3115 2689 3166 LXVI.
2724 3131 2778 3179 p.

1689 3182 1765 3248 3).
1805 3183 1988 3245 Quare
2025 3184 2171 3249 quod
2204 3185 2661 3236 mediterraneum
2696 3190 2779 3233 est

1685 3263 1859 3314 mare,
1897 3253 1979 3301 illi
2016 3254 2175 3318 quasi
2208 3256 2538 3319 oppositum,
2579 3270 2613 3304 a
2644 3256 2780 3304 Tur-

1686 3322 1765 3371 cis
1813 3336 1879 3371 ac
1930 3322 2115 3372 Persis
2170 3324 2336 3375 album
2382 3324 2492 3374 dici
2537 3329 2778 3376 monent.

1685 3391 1839 3440 Illius
1883 3407 2013 3442 vero
2074 3408 2196 3443 cum
2243 3393 2435 3444 crebra
2480 3394 2624 3458 apud
2673 3395 2780 3445 No-

1685 3464 1859 3509 strum
1888 3460 1986 3511 flat
2022 3463 2227 3512 mentio
2273 3479 2395 3513 cum
2443 3463 2627 3514 latiori
2662 3468 2778 3513 tum

1685 3530 1907 3581 arctiori
1943 3547 2136 3596 sensu,
2175 3533 2404 3598 singulis
2446 3532 2581 3583 locis
2622 3548 2778 3583 accu-

1684 3600 1859 3650 ratius
1904 3601 2305 3665 inquirendum.
2388 3603 2634 3668 Namque
2694 3618 2778 3652 ar·
2867 3600 2890 3618 ⁶

1684 3669 1844 3719 ctiori
1878 3685 2043 3721 sensu
2078 3677 2265 3736 partes
2318 3673 2584 3736 quaedam
2633 3672 2778 3722 illius

1681 3739 1847 3789 maris
1901 3740 2089 3790 eadem
2138 3741 2496 3806 designantur
2541 3742 2780 3808 appella·

1680 3809 1858 3872 tione,
1895 3815 2012 3861 tum
2050 3811 2196 3875 quod
2231 3826 2373 3861 nunc
2409 3811 2606 3862 dicitur
2640 3828 2779 3862 mare

1680 3879 1901 3943 rubrum,
1937 3881 2056 3930 sive
2086 3883 2228 3931 sinus
2258 3880 2530 3945 Arabicus,
2568 3873 2783 3937 κόλπος

1673 3938 1982 4016 Ἀραβικὸς,
2046 3965 2186 4013 quae
2233 3948 2420 4000 eadem
2483 3950 2778 4016 appellatio

1687 4017 1833 4083 apud
1888 4018 2151 4069 Nostrum
2206 4019 2482 4071 invenitur
2531 4020 2606 4083 (Ι,
2660 4021 2776 4071 102.

1684 4087 1761 4149 11,
1810 4088 1864 4138 8.
1922 4088 2042 4140 158.
2091 4088 2210 4141 159.
2261 4089 2357 4152 IV,
2395 4091 2480 4140 41.
2534 4089 2636 4140 Th.
2677 4089 2775 4140 Ch.

1685 4156 1930 4222 Breiger.
1971 4158 2334 4209 Commentat.
2370 4159 2439 4209 de
2476 4157 2775 4210 difficilior.

1685 4226 1938 4291 quibusd.
2004 4229 2172 4279 Asiae
2243 4228 2448 4279 Herod.
2524 4228 2773 4292 Gotting.

1688 4295 1841 4349 1795.
1869 4313 1923 4362 p.
1952 4296 2014 4348 13
2036 4297 2204 4363 sqq.),
2236 4303 2369 4360 tum,
2407 4296 2501 4362 qui
2530 4300 2671 4347 sinus
2701 4296 2778 4346 di-

1685 4366 1825 4416 citur
1847 4366 2111 4417 Persicus.
2150 4366 2536 4430 Vid.Breiger.
2577 4365 2613 4416 l.
2644 4366 2681 4415 l.
2721 4383 2774 4431 p.

1683 4435 1746 4485 11
1806 4450 1926 4500 sqq.
1987 4436 2172 4501 Heyse
2235 4436 2490 4498 Quaestt.
2549 4450 2601 4500 p.
2657 4436 2774 4488 104.
