3109 5092
453 334 576 396 220
643 349 652 358 “

1327 327 1856 391 HERODOTI

452 514 655 605 ἑτέρῳ
688 509 913 603 κύκλῳ
957 511 1342 577 ἐνεστεῶτα.
1398 505 1852 594 μεμηχάνηται
1891 501 1965 571 δὲ
2011 497 2189 570 οὕτω
2234 504 2433 569 τοῦτο
2470 498 2545 570 τὸ
2589 515 2725 568 vsi·
2748 515 2812 565 51

449 643 596 705 χος,
647 611 814 684 ὥστε
855 608 891 683 ὁ
926 616 1149 700 ἔτερος
1187 614 1308 678 τοῦ
1344 611 1574 699 ἑτέρου
1618 607 1860 688 κύκλος
1891 622 2062 675 τοῖσι
2099 609 2524 694 προμαχεῶσι
2562 604 2731 698 μού-

451 738 625 789 νοισι
667 720 807 787 ἐστὶ
853 711 1284 804 ὑψηλότερος.
1352 711 1427 784 τὸ
1467 715 1595 802 μέν
1630 738 1756 783 κου
1791 738 1856 779 τι
1902 710 2015 780 καὶ
2056 705 2132 777 τὸ
2170 715 2419 797 χωρίον
2462 728 2728 796 συμμα·

450 925 582 987 tana
627 917 938 969 condidisse
989 919 1180 969 fertur.
1228 918 1312 968 Tu
1360 916 1435 968 cf.
1474 915 1538 965 de

450 991 569 1055 ipso
633 989 848 1039 nomine
914 988 1122 1038 Bohlen
1185 988 1270 1037 De
1341 987 1536 1051 origin.

449 1060 583 1125 ling.
620 1058 787 1109 Zend.
828 1075 954 1124 pag.
1004 1059 1071 1110 29
1126 1063 1180 1108 et
1223 1056 1539 1108 Rawliuson

449 1130 570 1180 loco
619 1145 743 1180 mox
788 1127 1061 1178 laudando
1116 1143 1171 1191 p.
1235 1125 1354 1176 134.
1416 1124 1541 1175 Alia

452 1200 580 1250 olim
629 1198 695 1248 de
737 1199 886 1248 urbis
931 1198 1150 1247 nomine
1196 1197 1540 1246 coniectave-

450 1275 538 1319 rat
571 1269 684 1318 Ios.
728 1268 975 1332 Scaliger
1022 1264 1430 1317 Animadverss.
1471 1263 1542 1314 ad

450 1337 651 1389 Euseb.
684 1337 810 1388 chr.
848 1354 902 1403 p.
938 1337 1025 1388 78.
1061 1337 1127 1386 In
1161 1335 1433 1386 Bisutuna
1469 1335 1545 1382 in-

451 1409 750 1472 scriptione
806 1407 1009 1470 legitur
1067 1420 1265 1455 nomen
1319 1406 1547 1468 Hayma-

452 1477 601 1538 ιὰηα,
650 1476 796 1541 quod
843 1492 964 1526 eum
1015 1466 1322 1540 Ἀγβάτανα
1371 1474 1545 1538 magis

455 1547 748 1598 convenire
806 1550 990 1597 monet
1047 1544 1256 1609 Oppert
1317 1542 1548 1595 Journal

454 1616 743 1680 Asiatique
777 1615 957 1666 XVII.
995 1629 1046 1678 p.
1071 1614 1191 1664 561.
1232 1639 1299 1648 —
1336 1612 1402 1661 In
1430 1627 1547 1661 ver-

455 1687 540 1736 bis
580 1701 728 1750 seqq.
769 1679 965 1748 ἓτερον
1001 1676 1168 1749 ἑτέρῳ
1206 1674 1395 1748 κύκλῳ
1433 1672 1547 1730 ἐνε-

405 1765 414 1771 ’
461 1752 672 1805 evaeis-a
696 1755 808 1804 noli
833 1755 1081 1805 haerere:
1105 1753 1377 1817 pertinent
1405 1751 1544 1800 enim

456 1824 526 1874 ad
572 1822 787 1889 τείχεα,
853 1840 949 1890 per
996 1822 1400 1889 appositionem
1453 1820 1548 1870 ad—

454 1896 618 1945 iecta.

526 1966 611 2014 De
643 1963 767 2028 ipsa
802 1961 933 2011 urbe
971 1966 1032 2011 ut
1067 1961 1257 2026 paucis
1283 1958 1549 2020 dicamus,

454 2035 712 2083 videntur
769 2032 1038 2080 Ecbatana
1108 2030 1250 2080 arcis
1308 2028 1552 2078 munitae

457 2103 640 2168 potius
690 2116 852 2165 quam
913 2101 1062 2150 urbis
1113 2101 1348 2164 speciem
1394 2098 1551 2147 initio

460 2170 792 2237 praebuisse.
861 2170 1014 2231 Quae
1067 2169 1162 2219 ubi
1220 2184 1287 2218 ex
1347 2168 1552 2216 Deioce

459 2242 742 2290 Medorum
776 2254 961 2303 regum
1002 2237 1158 2288 sedes
1198 2237 1331 2300 fuit,
1369 2238 1552 2286 Persis

460 2325 702 2374 quoque,
743 2310 835 2373 qui
887 2309 940 2356 in
985 2323 1167 2358 eorum
1211 2306 1388 2356 locum
1436 2322 1554 2356 suc-

464 2383 763 2440 cesserunt,
801 2378 1063 2427 remansit
1101 2376 1254 2442 regia
1279 2375 1436 2426 sedes
1459 2391 1555 2440 per

396 2477 405 2486 -
461 2463 674 2499 menses
711 2448 954 2499 aestivos
1003 2463 1104 2498 nec
1156 2446 1334 2496 minus
1383 2447 1556 2498 crevit

461 2518 670 2569 divitiis
703 2522 869 2582 atque
908 2516 1204 2582 opulentia,
1226 2531 1388 2580 quam
1413 2518 1555 2566 Susa

459 2605 528 2639 ac
565 2587 835 2652 Babylon.
882 2588 1066 2637 Testis
1105 2591 1189 2637 est
1240 2585 1555 2649 locupletis-

461 2660 630 2708 simus
664 2656 928 2721 Polybius
963 2658 1041 2718 X,
1081 2658 1181 2718 27,
1220 2657 1357 2705 mira
1404 2671 1556 2706 enar·

460 2744 589 2779 rans
639 2727 705 2776 de
752 2727 873 2776 auri
922 2727 1244 2792 argentique
1293 2726 1451 2789 copia
1500 2725 1556 2773 in

464 2798 689 2848 aedibus
733 2796 894 2847 huius
951 2796 1102 2845 urbis
1160 2794 1457 2858 conspicua
1503 2798 1558 2844 et

465 2868 532 2916 de
579 2865 752 2915 omnis
811 2866 1025 2929 generis
1085 2863 1390 2928 opulentia,
1450 2879 1558 2929 qua

466 2936 560 2985 illa
598 2935 701 2984 fuit
751 2934 974 2985 referta.
1036 2932 1332 2984 Alexandri
1377 2937 1559 2983 autem

467 3008 649 3055 aetate
686 3019 877 3052 eversa
914 3017 1036 3053 esse
1083 3001 1303 3052 dicitur.
1358 3003 1559 3065 Locus,

465 3073 560 3123 ubi
598 3076 878 3122 exstructa
915 3075 1050 3133 erat,
1102 3086 1247 3120 nunc
1291 3072 1428 3121 satis
1473 3087 1561 3121 co-

465 3142 679 3206 guitum
708 3141 905 3205 quippe
924 3155 1181 3206 perquam
1211 3140 1392 3190 vicina
1415 3156 1560 3190 nunc

466 3211 742 3261 IIamadan
796 3209 956 3270 urbs,
1012 3214 1070 3259 et
1120 3209 1356 3259 Orontes
1405 3225 1559 3260 mons

465 3297 611 3331 nuuc
648 3277 873 3329 Alwend
911 3277 1239 3344 appellatus.
1299 3279 1441 3340 Quin
1480 3295 1561 3329 re-

467 3350 593 3416 giae
627 3348 775 3399 illius
815 3349 959 3399 sedis
999 3364 1045 3399 s.
1083 3348 1243 3410 arcis,
1271 3363 1432 3411 quam
1455 3348 1562 3398 boc

466 3421 587 3470 loco
626 3435 660 3468 a
690 3420 895 3469 Deioce
929 3422 1260 3468 exstructam
1299 3417 1560 3469 describit

465 3489 811 3552 Herodotus,
878 3489 1077 3538 rudera
1146 3486 1322 3537 adhuc
1382 3503 1562 3552 pauca

469 3558 739 3624 quaedam
787 3563 1035 3621 exstant,
1084 3556 1397 3607 accuratius
1444 3572 1563 3622 per-

469 3628 677 3693 quisita
712 3629 781 3677 ab
828 3628 1021 3693 Anglis
1058 3626 1398 3690 hominibuS,
1443 3627 1564 3676 Μο-

468 3698 609 3748 riero
648 3713 715 3748 ac
750 3698 1090 3762 potissimum
1124 3696 1380 3756 Fortem,
1417 3701 1566 3761 post-

472 3783 538 3817 ea
593 3782 627 3815 a
691 3768 808 3816 viro
879 3766 1041 3817 docto
1100 3764 1258 3816 Gallo
1307 3764 1564 3828 Flandin,

469 3836 698 3898 Voyage
735 3851 802 3884 en
826 3836 994 3885 Perse
1025 3835 1073 3885 Ι.
1113 3849 1239 3899 pag.
1279 3832 1382 3885 386
1410 3850 1562 3899 seqq.

475 3903 582 3964 Qui
612 3902 793 3953 locum
830 3905 1107 3967 altiorem,
1143 3903 1238 3953 ubi
1275 3919 1371 3953 arx
1413 3903 1568 3968 regia

473 3971 674 4021 educta
717 3976 867 4035 erat,
917 3973 1021 4022 sibi
1063 3973 1339 4023 invenisse
1381 3972 1566 4022 viden-

472 4046 563 4089 tur
598 4040 862 4105 simulque
897 4040 1007 4090 alia
1029 4041 1293 4106 quaedam
1327 4042 1566 4108 vestigia

474 4108 707 4169 aedium,
738 4124 878 4173 quae
913 4126 1058 4160 nunc
1095 4125 1314 4174 prorsus
1352 4110 1566 4162 dirutae

475 4183 621 4230 sunt.
672 4178 825 4240 Quae
862 4194 984 4228 cum
1032 4177 1332 4243 persimilia
1376 4180 1443 4228 iis
1488 4181 1569 4229 vi-

476 4249 735 4310 deantur,
775 4263 916 4312 quae
949 4248 1007 4296 in
1042 4247 1403 4313 monumentis
1438 4249 1568 4298 Per-

476 4317 799 4382 sepolitanis
860 4321 989 4367 sunt
1044 4317 1365 4381 conspicua,
1416 4317 1567 4382 ipsos

473 4389 676 4440 Persas
722 4402 756 4439 a
802 4386 980 4439 Medis
1031 4387 1248 4439 aedium
1292 4389 1570 4438 exstruen-

1644 915 1833 966 darum
1870 916 2044 964 artem
2093 927 2140 961 s.
2189 910 2611 962 architecturam
2649 925 2737 960 ac-

1610 985 1857 1049 ,cepisse
1909 986 2333 1033 consentaneum
2381 981 2473 1031 sit.
2522 979 2657 1031 Inde
2703 997 2737 1031 a

1644 1054 1785 1104 colle
1842 1054 1977 1115 istu,
2033 1053 2123 1102 cui
2189 1055 2564 1116 superstructa
2618 1056 2738 1100 erat

1643 1140 1742 1174 arx
1801 1123 1982 1189 regia,
2038 1121 2168 1172 urbs
2226 1121 2621 1171 extendebatur
2680 1121 2738 1169 in

1644 1209 1885 1258 campos,
1927 1207 2063 1257 quos
2097 1192 2236 1241 bene
2266 1191 2551 1256 irrigatos,
2589 1190 2740 1239 ferti-

1642 1264 1880 1314 lissimos
1937 1262 2294 1326 omnibusque
2353 1261 2515 1310 rebus
2572 1260 2741 1309 abun-

1648 1333 1841 1383 dantes
1889 1330 2145 1396 coeloque
2187 1331 2306 1395 ipso
2355 1329 2740 1380 saluberrimos

1650 1419 1769 1454 esse
1806 1403 2005 1463 serunt,
2044 1407 2105 1450 ut
2138 1401 2277 1450 bene
2321 1400 2553 1450 Deioces
2597 1400 2742 1449 hunc

1648 1474 1826 1523 locum
1873 1471 1991 1520 sedi
2038 1471 2225 1536 regiae
2269 1470 2586 1520 condendae
2634 1468 2742 1519 ele-

1649 1544 1797 1608 gisse
1845 1541 2116 1591 videatur.
2187 1539 2355 1590 Plura
2390 1540 2468 1606 ‚de
2518 1539 2603 1589 his
2649 1539 2743 1604 qui

1650 1613 1893 1677 cupiant,
1918 1611 2121 1660 adeant
2156 1610 2437 1660 itineraria
2460 1609 2743 1659 doctorum

1651 1680 1967 1748 Anglorum,
1990 1680 2224 1745 indeque
2255 1683 2480 1730 enotata
2507 1680 2576 1728 ab
2600 1679 2743 1728 Hee-

1650 1751 1803 1802 renio
1841 1751 1897 1799 in
1919 1750 2087 1800 Ideen
2108 1755 2214 1801 etc.
2240 1751 2288 1801 1.
2311 1765 2440 1814 pag.
2466 1747 2570 1799 289
2588 1763 2741 1813 seqq.

1652 1822 1752 1872 307
1791 1836 1942 1885 seqq.
1981 1818 2106 1869 Alia
2140 1818 2246 1884 ipsi
2285 1819 2638 1872 excitavimus
2675 1818 2744 1867 ad

1653 1891 1873 1941 Ctesiae
1934 1889 2111 1939 locum
2171 1888 2482 1950 laudatum,
2548 1887 2745 1952 quibus

1655 1975 1799 2010 nunc
1842 1958 1984 2008 addo
2034 1959 2159 2007 Van
2204 1958 2301 2007 der
2344 1959 2489 2022 Chys
2534 1957 2603 2007 ad
2648 1958 2748 2007 Ar-

1653 2031 1797 2080 riani
1822 2030 1960 2092 Exp.
1994 2026 2290 2078 Alexandr.
2326 2027 2455 2091 (111,
2480 2027 2565 2093 19)
2593 2027 2749 2077 Com·

1656 2104 1887 2150 mentar.
1938 2097 2234 2162 geograph.
2273 2112 2401 2163 pag.
2451 2098 2538 2148 73.
2585 2097 2747 2146 Prae-

1656 2170 1814 2233 cipue
1849 2166 2212 2217 cousulendus
2259 2167 2363 2217 erit
2412 2168 2655 2217 Rittcrus
2693 2167 2748 2214 in

1654 2239 1821 2288 libro:
1870 2236 2167 2287 Erdkunde
2216 2234 2336 2299 (VI,
2375 2237 2437 2301 2)
2485 2235 2609 2287 vol.
2649 2236 2747 2286 IX.

1654 2325 1711 2374 p.
1749 2307 1819 2358 98
1856 2322 2009 2371 seqq.
2048 2313 2104 2356 et
2141 2306 2233 2370 qui
2270 2310 2462 2370 postea
2493 2313 2749 2356 accurate

1659 2383 1712 2428 et
1749 2377 1968 2440 copiose
2017 2376 2084 2426 de
2117 2375 2419 2427 Ecbatanis
2457 2375 2571 2440 egit
2606 2376 2749 2437 Qua-

1657 2445 1889 2497 tremere
1926 2444 2112 2509 (Mem.
2162 2447 2229 2495 de
2272 2446 2481 2495 l'Acad.
2523 2444 2616 2495 des
2664 2444 2751 2493 In·

1659 2517 1872 2580 scriptt.
1895 2515 1962 2565 Τ.
1988 2516 2137 2574 XIX,
2179 2516 2229 2566 1.
2266 2531 2393 2580 pag.
2421 2513 2522 2565 419
2547 2513 2749 2579 seqq).

1658 2587 1767 2636 Hic
1804 2585 1947 2634 enim
1982 2586 2066 2634 vir
2103 2584 2297 2635 doctus
2336 2584 2573 2646 edocuit,
2599 2584 2750 2633 urbis

1659 2671 1854 2705 nomen
1887 2670 2074 2704 verum
2113 2654 2282 2704 fuisse
2310 2653 2571 2713 Almoetlza,
2608 2652 2753 2717 quod

1659 2726 1715 2775 in
1774 2739 1934 2773 sacra
1998 2724 2270 2788 scriptura
2330 2724 2532 2788 legitur
2587 2721 2752 2787 idque

1657 2796 1837 2859 ipsum
1875 2795 2166 2843 convenire
2202 2792 2753 2858 quodammodo'cum

1661 2864 1875 2914 nomine
1912 2862 2029 2912 eius
2060 2863 2238 2926 urbis,
2277 2878 2416 2926 quae
2452 2861 2755 2912 recentiore

1662 2937 1848 2984 aetate
1888 2931 1947 2981 in
1983 2932 2089 2982 hac
2125 2932 2236 2982 fere
2278 2931 2503 2998 regione
2548 2931 2754 2981 inveni-

1664 3008 1784 3064 tur,
1824 3002 2124 3064 Hamadan,
2173 3002 2309 3052 adeo
2356 3006 2417 3051 ut
2463 3000 2598 3050 haec
2635 3001 2754 3065 ipsa

1660 3072 1718 3122 in
1756 3072 1957 3122 veteris
1995 3072 2147 3122 urbis
2192 3071 2372 3122 locum
2411 3070 2642 3121 cessisse
2676 3069 2755 3119 vi-

1663 3141 1884 3200 deatur3
1946 3141 2196 3206 idemque
2253 3141 2416 3191 etiam
2471 3139 2754 3202 refutavit,

1663 3226 1803 3276 quae
1833 3210 2149 3260 Rawlinson
2195 3211 2251 3259 in
2299 3210 2756 3261 commentatione

1663 3281 1732 3330 de
1769 3279 1881 3329 situ
1926 3279 2129 3330 veteris
2166 3280 2316 3330 urbis
2355 3280 2648 3341 (,‚Memoir
2686 3280 2754 3328 on

1662 3349 1755 3400 the
1793 3350 1896 3398 site
1934 3348 1996 3398 of
2024 3349 2116 3399 the
2150 3350 2548 3413 Atropatenian
2581 3348 2759 3398 Ecba-

1662 3419 1835 3469 tana“
1867 3418 1922 3466 in
1947 3418 2101 3480 „The
2125 3418 2355 3470 Journal
2387 3419 2448 3468 of
2479 3418 2571 3468 the
2603 3416 2758 3482 royal

1664 3486 2054 3553 geographical
2090 3489 2299 3551 society
2338 3487 2484 3538 etc.“
2522 3488 2588 3537 X.
2612 3503 2666 3551 p.
2688 3489 2757 3538 65

1662 3556 1873 3607 -158:
1914 3557 2057 3606 unde
2095 3573 2235 3622 quae
2285 3558 2443 3607 Vaux
2484 3557 2540 3605 in
2586 3555 2753 3606 libro:

1662 3625 1911 3676 Nineveh
1961 3626 2070 3675 and
2117 3626 2425 3690 Persepolis
2474 3641 2602 3691 pag.
2654 3626 2755 3675 414

1665 3711 1816 3760 seqq.
1882 3695 2063 3756 affert,
2111 3696 2399 3760 descripta,
2439 3695 2555 3745 fere
2602 3694 2755 3751 sunt)

1666 3765 1897 3830 probare
1947 3769 2177 3815 conatus
2240 3769 2386 3826 erat,
2436 3765 2571 3814 duas
2633 3764 2760 3814 olim

1669 3834 1947 3884 exstitisse
1986 3833 2176 3898 urbes,
2216 3834 2621 3884 Ecbatanorum
2665 3848 2759 3881 no·

1670 3905 1813 3953 mino
1852 3903 2163 3967 insignitas,
2201 3903 2428 3954 alteram
2463 3903 2642 3967 priseo
2667 3901 2761 3952 ad·

1671 3972 1889 4022 modum
1926 3987 2062 4022 aevo
2101 3989 2135 4023 a
2172 3971 2524 4023 Semiramide
2550 3975 2762 4022 exstru-

1668 4047 1811 4092 ctam
1844 4057 1906 4091 eo
1942 4042 2056 4092 fere
2088 4041 2238 4104 loco,
2286 4058 2393 4107 quo
2441 4046 2635 4106 postea
2680 4042 2760 4090 in-

1666 4111 1920 4161 veniatur
1956 4112 2274 4174 Hamadau‚
2313 4111 2541 4161 alteram
2576 4127 2610 4161 a
2652 4111 2761 4159 De-

1666 4181 1796 4230 ioce·
1822 4185 2184 4244 exstructam,
2236 4181 2389 4230 cuius
2433 4181 2622 4246 ruinae
2669 4179 2763 4229 ad-

1666 4250 1773 4300 huc
1820 4254 2110 4300 cernantur
2171 4266 2235 4300 eo
2278 4249 2428 4310 loco,
2479 4250 2566 4299 eui
2616 4263 2760 4298 nune

1668 4335 1865 4370 nomen
1903 4318 2088 4370 Taklzti
2119 4319 2391 4376 Suleimcm,
2414 4319 2450 4369 i.
2481 4334 2529 4369 e.
2566 4317 2760 4368 solium

1671 4388 1996 4440 Salomonis.
2042 4387 2183 4439 Vide
2207 4387 2549 4453 potissimum
2576 4403 2630 4453 p.
2658 4385 2760 4437 127
