3109 5092
733 1176 1202 1275 LECTORI
1256 1175 1821 1273 BENEvoLo
1874 1179 1971 1276 P.
2033 1180 2118 1277 S.

446 1753 622 1858 Iam
684 1791 932 1857 dudum
991 1801 1122 1875 est,
1189 1813 1276 1857 ex
1339 1814 1467 1879 quo
1519 1791 1913 1859 Hahnius
1979 1819 2020 1860 a
2093 1803 2203 1862 Fr.
2263 1803 2561 1866 Creuzero

290 1914 497 2000 petiit,
545 1921 652 1996 ut,
711 1933 872 1999 quas
918 1911 1205 1977 scribere
1249 1912 1585 1999 inceperat
1623 1919 2133 1978 commentationes
2173 1917 2558 1995 HerodoteaS,

291 2053 393 2096 eas
443 2030 526 2096 ad
584 2029 785 2094 finem
836 2028 1228 2116 perduceret
1284 2028 1765 2116 multorumque
1811 2028 2158 2096 desideriis
2204 2029 2326 2096 hoc
2364 2032 2558 2099 modo

293 2149 718 2216 satisfaceret.
836 2146 969 2228 Qui
1021 2169 1169 2213 cum
1220 2147 1369 2213 aliis
1425 2148 1707 2233 negotiis
1767 2148 2040 2214 obrutus
2097 2171 2240 2216 eam
2296 2152 2557 2239 provin-

291 2268 446 2333 ciam
502 2270 575 2334 in
640 2290 713 2333 se
777 2268 1067 2354 recipere
1120 2288 1250 2331 non
1324 2267 1678 2353 potuisset,
1744 2289 1956 2333 novae
2020 2269 2331 2335 editionis
2394 2269 2557 2335 mihi

292 2385 779 2453 demandandae
820 2384 1167 2452 consilium
1206 2382 1606 2470 bibliopolae
1648 2384 2111 2454 honestissimo
2155 2411 2236 2453 ea
2291 2388 2555 2476 quidem

290 2503 423 2592 lege
462 2505 832 2593 persuasit,
876 2512 979 2589 ut,
1027 2525 1196 2592 quae
1240 2505 1383 2592 ipse
1421 2504 1577 2570 olim
1620 2507 1691 2571 in
1734 2507 2388 2574 commentationibus
2425 2507 2557 2574 He-

289 2623 564 2689 rodoteis
610 2623 1093 2712 disputaverat,
1135 2645 1215 2689 ea
1262 2646 1380 2689 suo
1423 2647 1720 2713 quaeque
1760 2625 1901 2690 loco
1949 2629 2020 2690 in
2061 2626 2349 2692 editione
2384 2650 2560 2694 nova

287 2740 779 2827 adhiberentur,
840 2744 971 2807 alia
1026 2765 1214 2827 ver0,
1275 2765 1441 2831 quae
1495 2742 1582 2808 ad
1636 2742 2042 2809 Herodotum
2095 2742 2554 2809 illustrandum

286 2859 348 2923 in
391 2860 655 2926 schedis
699 2862 834 2925 suis
874 2860 1264 2947 collegerat,
1311 2884 1568 2927 mecum
1622 2862 1694 2925 in
1756 2883 1947 2926 usum
2004 2861 2199 2927 huius
2244 2862 2553 2929 editionis

286 2981 930 3045 communicarentur.
1041 2978 1180 3043 Diu
1235 2989 1580 3046 cunctatus
1636 2981 1942 3068 equidem
2008 2984 2229 3070 recepi
2294 2983 2554 3069 provin-

283 3098 442 3162 ciam
505 3120 669 3163 sane
734 3099 1233 3184 gravissimam3
1300 3100 1370 3164 in
1434 3121 1566 3186 qua
1622 3121 1749 3187 quo
1805 3108 1996 3185 pacto
2053 3100 2176 3164 sim
2230 3108 2551 3183 versatus,

285 3213 422 3281 aliis
461 3217 691 3283 malim
732 3216 1229 3284 diiudicandum
1269 3217 1656 3302 relinquere.
1758 3215 1924 3281 Cum
1979 3219 2152 3282 enim
2193 3217 2316 3282 hoc
2357 3216 2554 3281 huius

286 3334 588 3400 editionis
635 3318 812 3399 esset
852 3333 1230 3417 consilium,
1285 3343 1359 3399 ut
1401 3343 1624 3400 textus
1669 3337 1782 3423 qui
1826 3335 2067 3402 dicitur
2110 3333 2553 3418 exhiberetur,

283 3464 591 3538 quantum
634 3452 780 3519 fieri
822 3460 1075 3539 posset,
1122 3452 1695 3519 emendatissimus
1742 3453 2065 3540 simulque
2107 3456 2253 3541 ipsa
2284 3454 2557 3538 scripto-

282 3571 365 3635 ris
402 3572 618 3638 verba
661 3570 1151 3657 explicarentur
1192 3579 1388 3657 atque
1439 3570 1956 3637 illustrarentur:
2016 3573 2086 3636 in
2122 3579 2314 3635 textu
2369 3569 2556 3637 ador-

282 3691 489 3757 nando
533 3691 826 3757 maxime
875 3692 1314 3767 Gaissordium,
1367 3690 1584 3756 virum
1639 3689 2089 3755 doctissimum
2146 3711 2225 3755 ac
2277 3688 2555 3775 diligen-

282 3808 637 3893 tissimum,
709 3815 974 3874 secutus
1039 3828 1215 3891 sum3
1280 3831 1322 3874 a
1387 3830 1515 3896 quo
1582 3807 1797 3874 sicubi
1866 3807 2174 3904 discessi,
2240 3807 2363 3874 hoc
2422 3830 2555 3872 una

284 3948 415 3992 cum
454 3928 899 4014 insigniorum
940 3924 1293 3991 lectionum
1332 3925 1591 3993 delectu
1632 3927 1852 3993 ubivis
1902 3936 2207 3994 accurate
2260 3926 2552 3992 indicavi

283 4044 342 4111 in
372 4049 549 4112 notis
568 4097 588 4129 ,
642 4066 808 4133 quas
847 4047 1059 4111 textui
1098 4042 1423 4111 subiicere
1465 4047 1682 4132 aptius
1731 4055 1797 4111 et
1838 4047 2152 4112 lectorum
2185 4042 2551 4121 commodis

281 4165 478 4250 magis
526 4185 896 4250 congruum
937 4163 1322 4249 videbatur,
1379 4186 1574 4252 quam
1630 4164 1716 4231 ad
1764 4164 1921 4231 libri
1964 4165 2212 4230 calcem
2254 4165 2548 4229 reiicere.

280 4278 348 4343 In
387 4280 490 4347 his
527 4290 755 4347 autem
796 4284 967 4348 notis
1016 4305 1160 4348 eam
1204 4282 1396 4351 nobis
1453 4285 1664 4371 legem
1713 4284 2134 4373 scripsimus,
2191 4293 2267 4348 ut
2313 4281 2546 4347 diffiei-

281 4386 499 4467 liorum
540 4401 835 4468 locorum
877 4424 1143 4469 sensum
1198 4402 1676 4486 indicaremus,
1728 4403 2078 4472 verborum
2134 4401 2544 4489 singulorum
