<?xml version="1.0" encoding="UTF-8"?>
<!DOCTYPE html PUBLIC "-//W3C//DTD XHTML 1.0 Transitional//EN"
    "http://www.w3.org/TR/xhtml1/DTD/xhtml1-transitional.dtd">
<html xmlns="http://www.w3.org/1999/xhtml" xml:lang="en" lang="en">
 <head>
  <title>
</title>
<meta http-equiv="Content-Type" content="text/html;charset=utf-8" />
  <meta name='ocr-system' content='tesseract 3.04.00' />
  <meta name='ocr-capabilities' content='ocr_page ocr_carea ocr_par ocr_line ocrx_word'/>
</head>
<body>
  <div class='ocr_page' id='page_1' title='image "./herodotihalicar02unkngoog_0277.png"; bbox 0 0 3109 5092; ppageno 0'>
   <div class='ocr_carea' id='block_1_1' title="bbox 1144 383 1835 446">
    <p class='ocr_par' dir='ltr' id='par_1_1' title="bbox 1144 383 1835 446">
     <span class='ocr_line' id='line_1_1' title="bbox 1144 383 1835 446; baseline -0.007 0"><span class='ocrx_word' id='word_1_1' title='bbox 1144 383 1399 446; x_wconf 80' lang='lat' dir='ltr'><strong>OLIO.</strong></span> <span class='ocrx_word' id='word_1_2' title='bbox 1449 386 1499 444; x_wconf 91' lang='grc' dir='ltr'><strong><em>Ι.</em></strong></span> <span class='ocrx_word' id='word_1_3' title='bbox 1545 393 1667 446; x_wconf 77' lang='lat'><strong>122.</strong></span> <span class='ocrx_word' id='word_1_4' title='bbox 1716 392 1835 446; x_wconf 80' lang='lat'><strong>123.</strong></span> 
     </span>
    </p>
   </div>
   <div class='ocr_carea' id='block_1_2' title="bbox 351 550 2748 651">
    <p class='ocr_par' dir='ltr' id='par_1_2' title="bbox 351 550 2748 651">
     <span class='ocr_line' id='line_1_2' title="bbox 351 550 2748 651; baseline -0.003 -17"><span class='ocrx_word' id='word_1_5' title='bbox 351 561 714 651; x_wconf 71' lang='grc' dir='ltr'><strong><em>κεχώρηκε.</em></strong></span> <span class='ocrx_word' id='word_1_6' title='bbox 806 557 1016 651; x_wconf 75' lang='grc' dir='ltr'><strong><em>Κύρῳ</em></strong></span> <span class='ocrx_word' id='word_1_7' title='bbox 1059 558 1134 627; x_wconf 78' lang='grc' dir='ltr'><strong>δὲ</strong></span> <span class='ocrx_word' id='word_1_8' title='bbox 1173 555 1612 649; x_wconf 73' lang='grc' dir='ltr'><em>ἀνδρευμένῳ</em></span> <span class='ocrx_word' id='word_1_9' title='bbox 1648 557 1760 624; x_wconf 78' lang='grc' dir='ltr'><strong>καὶ</strong></span> <span class='ocrx_word' id='word_1_10' title='bbox 1802 551 1979 624; x_wconf 76' lang='grc' dir='ltr'><strong><em>ἐόντι</em></strong></span> <span class='ocrx_word' id='word_1_11' title='bbox 2021 558 2161 624; x_wconf 76' lang='grc' dir='ltr'><strong>τῶν</strong></span> <span class='ocrx_word' id='word_1_12' title='bbox 2198 550 2453 644; x_wconf 81' lang='grc' dir='ltr'><strong><em>ἡλίκων</em></strong></span> <span class='ocrx_word' id='word_1_13' title='bbox 2489 552 2748 627; x_wconf 62' lang='lat' dir='ltr'><strong>civ-123</strong></span> 
     </span>
    </p>
   </div>
   <div class='ocr_carea' id='block_1_3' title="bbox 2492 382 2616 443">
    <p class='ocr_par' dir='ltr' id='par_1_3' title="bbox 2492 382 2616 443">
     <span class='ocr_line' id='line_1_3' title="bbox 2492 382 2616 443; baseline -0.016 0"><span class='ocrx_word' id='word_1_14' title='bbox 2492 382 2616 443; x_wconf 81' lang='lat'><strong>257</strong></span> 
     </span>
    </p>
   </div>
   <div class='ocr_carea' id='block_1_4' title="bbox 263 653 2613 2079">
    <p class='ocr_par' dir='ltr' id='par_1_4' title="bbox 263 653 2613 2079">
     <span class='ocr_line' id='line_1_4' title="bbox 353 653 2612 757; baseline -0.004 -20"><span class='ocrx_word' id='word_1_15' title='bbox 353 665 713 757; x_wconf 78' lang='grc' dir='ltr'><strong><em>δρειοτάτςο</em></strong></span> <span class='ocrx_word' id='word_1_16' title='bbox 757 663 869 730; x_wconf 81' lang='grc' dir='ltr'><strong>καὶ</strong></span> <span class='ocrx_word' id='word_1_17' title='bbox 912 660 1494 753; x_wconf 74' lang='grc' dir='ltr'><strong><em>προσφιλεστάτῳ,</em></strong></span> <span class='ocrx_word' id='word_1_18' title='bbox 1555 661 1945 746; x_wconf 83' lang='grc' dir='ltr'><strong><em>προσέκειτο</em></strong></span> <span class='ocrx_word' id='word_1_19' title='bbox 1985 653 2021 727; x_wconf 83' lang='grc' dir='ltr'>ὁ</span> <span class='ocrx_word' id='word_1_20' title='bbox 2049 653 2383 746; x_wconf 64' lang='grc' dir='ltr'><strong><em>’Ἅρπαγος</em></strong></span> <span class='ocrx_word' id='word_1_21' title='bbox 2427 664 2612 746; x_wconf 75' lang='grc' dir='ltr'><strong><em>δῶρα</em></strong></span> 
     </span>
     <span class='ocr_line' id='line_1_5' title="bbox 352 756 2613 859; baseline -0.006 -19"><span class='ocrx_word' id='word_1_22' title='bbox 352 774 672 859; x_wconf 78' lang='grc' dir='ltr'><em>πέμπων,</em></span> <span class='ocrx_word' id='word_1_23' title='bbox 726 773 1045 833; x_wconf 80' lang='grc' dir='ltr'><strong><em>τίσασθαι</em></strong></span> <span class='ocrx_word' id='word_1_24' title='bbox 1075 761 1443 849; x_wconf 87' lang='grc' dir='ltr'><strong><em>Ἀστυάγεα</em></strong></span> <span class='ocrx_word' id='word_1_25' title='bbox 1505 758 1919 849; x_wconf 76' lang='grc' dir='ltr'><strong><em>ἐπιθυμέων.</em></strong></span> <span class='ocrx_word' id='word_1_26' title='bbox 2003 756 2110 829; x_wconf 78' lang='grc' dir='ltr'><strong><em>ἀπ’</em></strong></span> <span class='ocrx_word' id='word_1_27' title='bbox 2158 762 2416 829; x_wconf 81' lang='grc' dir='ltr'><strong><em>ἑωυτοῦ</em></strong></span> <span class='ocrx_word' id='word_1_28' title='bbox 2464 757 2613 848; x_wconf 76' lang='grc' dir='ltr'><strong><em>γὰρ,</em></strong></span> 
     </span>
     <span class='ocr_line' id='line_1_6' title="bbox 348 859 2610 954; baseline -0.006 -11"><span class='ocrx_word' id='word_1_29' title='bbox 348 871 572 951; x_wconf 79' lang='grc' dir='ltr'><strong><em>ἐόντος</em></strong></span> <span class='ocrx_word' id='word_1_30' title='bbox 605 867 924 953; x_wconf 70' lang='grc' dir='ltr'><strong><em>ἰδιώτεω,</em></strong></span> <span class='ocrx_word' id='word_1_31' title='bbox 965 865 1090 936; x_wconf 82' lang='grc' dir='ltr'><strong>οὐκ</strong></span> <span class='ocrx_word' id='word_1_32' title='bbox 1137 864 1357 954; x_wconf 74' lang='grc' dir='ltr'><strong><em>ἐνώρα</em></strong></span> <span class='ocrx_word' id='word_1_33' title='bbox 1397 870 1725 952; x_wconf 78' lang='grc' dir='ltr'><strong><em>τιμωρίην</em></strong></span> <span class='ocrx_word' id='word_1_34' title='bbox 1768 860 2095 951; x_wconf 76' lang='grc' dir='ltr'><strong><em>ἐσομένην</em></strong></span> <span class='ocrx_word' id='word_1_35' title='bbox 2124 859 2189 942; x_wconf 75' lang='grc' dir='ltr'><strong>ἐς</strong></span> <span class='ocrx_word' id='word_1_36' title='bbox 2210 860 2575 948; x_wconf 87' lang='grc' dir='ltr'><strong><em>Ἀστυάγεα</em></strong></span> <span class='ocrx_word' id='word_1_37' title='bbox 2596 884 2610 898; x_wconf 92' lang='grc'><em>·</em></span> 
     </span>
     <span class='ocr_line' id='line_1_7' title="bbox 344 963 2612 1064; baseline -0.006 -19"><span class='ocrx_word' id='word_1_38' title='bbox 344 981 580 1064; x_wconf 82' lang='grc' dir='ltr'><strong><em>Κῦρον</em></strong></span> <span class='ocrx_word' id='word_1_39' title='bbox 608 973 682 1042; x_wconf 74' lang='grc' dir='ltr'><strong>δὲ</strong></span> <span class='ocrx_word' id='word_1_40' title='bbox 709 968 924 1059; x_wconf 83' lang='grc' dir='ltr'><strong><em>ὁρέων</em></strong></span> <span class='ocrx_word' id='word_1_41' title='bbox 955 967 1500 1059; x_wconf 78' lang='grc' dir='ltr'><strong><em>ἐπιτρεφόμενον,</em></strong></span> <span class='ocrx_word' id='word_1_42' title='bbox 1532 963 1825 1034; x_wconf 78' lang='grc' dir='ltr'><strong><em>ἐποιέετο</em></strong></span> <span class='ocrx_word' id='word_1_43' title='bbox 1853 965 2222 1053; x_wconf 84' lang='grc' dir='ltr'><strong><em>σύμμαχον,</em></strong></span> <span class='ocrx_word' id='word_1_44' title='bbox 2242 963 2356 1044; x_wconf 80' lang='grc' dir='ltr'><strong><em>τὰς</em></strong></span> <span class='ocrx_word' id='word_1_45' title='bbox 2387 964 2612 1043; x_wconf 78' lang='grc' dir='ltr'><strong><em>πάθας</em></strong></span> 
     </span>
     <span class='ocr_line' id='line_1_8' title="bbox 345 1065 2611 1164; baseline -0.006 -16"><span class='ocrx_word' id='word_1_46' title='bbox 345 1077 461 1159; x_wconf 80' lang='grc' dir='ltr'><strong><em>τὰς</em></strong></span> <span class='ocrx_word' id='word_1_47' title='bbox 488 1075 727 1164; x_wconf 82' lang='grc' dir='ltr'><strong><em>Κύρου</em></strong></span> <span class='ocrx_word' id='word_1_48' title='bbox 764 1079 915 1161; x_wconf 83' lang='grc' dir='ltr'><strong><em>τῇσι</em></strong></span> <span class='ocrx_word' id='word_1_49' title='bbox 950 1075 1205 1142; x_wconf 77' lang='grc' dir='ltr'><strong><em>ἑωυτοῦ</em></strong></span> <span class='ocrx_word' id='word_1_50' title='bbox 1242 1067 1697 1159; x_wconf 81' lang='grc' dir='ltr'><strong><em>ὁμοιούμενος.</em></strong></span> <span class='ocrx_word' id='word_1_51' title='bbox 1758 1065 1886 1156; x_wconf 82' lang='grc' dir='ltr'><strong>πρὸ</strong></span> <span class='ocrx_word' id='word_1_52' title='bbox 1931 1065 1999 1136; x_wconf 89' lang='grc' dir='ltr'><strong>δ’</strong></span> <span class='ocrx_word' id='word_1_53' title='bbox 2033 1074 2127 1136; x_wconf 80' lang='grc' dir='ltr'><strong><em>ἔτι</em></strong></span> <span class='ocrx_word' id='word_1_54' title='bbox 2168 1066 2410 1136; x_wconf 82' lang='grc' dir='ltr'><strong><em>τούτου</em></strong></span> <span class='ocrx_word' id='word_1_55' title='bbox 2449 1067 2611 1135; x_wconf 88' lang='grc' dir='ltr'><strong><em>τάδε</em></strong></span> 
     </span>
     <span class='ocr_line' id='line_1_9' title="bbox 346 1166 2608 1267; baseline -0.005 -17"><span class='ocrx_word' id='word_1_56' title='bbox 346 1187 418 1250; x_wconf 74' lang='grc' dir='ltr'><strong>οἱ</strong></span> <span class='ocrx_word' id='word_1_57' title='bbox 437 1182 843 1267; x_wconf 80' lang='grc' dir='ltr'><strong><em>κατέργαστο</em></strong></span> <span class='ocrx_word' id='word_1_58' title='bbox 862 1195 877 1210; x_wconf 88' lang='lat'><strong>·</strong></span> <span class='ocrx_word' id='word_1_59' title='bbox 919 1173 1143 1254; x_wconf 76' lang='grc' dir='ltr'><strong><em>ἐόντος</em></strong></span> <span class='ocrx_word' id='word_1_60' title='bbox 1171 1180 1292 1243; x_wconf 85' lang='grc' dir='ltr'><strong><em>τοῦ</em></strong></span> <span class='ocrx_word' id='word_1_61' title='bbox 1324 1172 1719 1257; x_wconf 75' lang='grc' dir='ltr'><strong><em>Ἀστυάγεος</em></strong></span> <span class='ocrx_word' id='word_1_62' title='bbox 1748 1175 1995 1258; x_wconf 83' lang='grc' dir='ltr'><strong><em>πικροῦ</em></strong></span> <span class='ocrx_word' id='word_1_63' title='bbox 2028 1167 2095 1249; x_wconf 79' lang='grc' dir='ltr'><strong>ἐς</strong></span> <span class='ocrx_word' id='word_1_64' title='bbox 2120 1166 2276 1248; x_wconf 82' lang='grc' dir='ltr'><strong>τούς</strong></span> <span class='ocrx_word' id='word_1_65' title='bbox 2304 1168 2608 1257; x_wconf 79' lang='grc' dir='ltr'><strong><em>Μήδους,</em></strong></span> 
     </span>
     <span class='ocr_line' id='line_1_10' title="bbox 347 1268 2607 1371; baseline -0.006 -19"><span class='ocrx_word' id='word_1_66' title='bbox 347 1290 746 1371; x_wconf 80' lang='grc' dir='ltr'><strong><em>συμμίσγων</em></strong></span> <span class='ocrx_word' id='word_1_67' title='bbox 786 1278 886 1347; x_wconf 80' lang='grc' dir='ltr'><strong>ἑνὶ</strong></span> <span class='ocrx_word' id='word_1_68' title='bbox 929 1275 1182 1369; x_wconf 75' lang='grc' dir='ltr'><strong><em>ἑκάστῳ</em></strong></span> <span class='ocrx_word' id='word_1_69' title='bbox 1223 1272 1260 1347; x_wconf 85' lang='grc' dir='ltr'>ὁ</span> <span class='ocrx_word' id='word_1_70' title='bbox 1282 1273 1618 1363; x_wconf 63' lang='grc' dir='ltr'><strong><em>’Ἅρπαγος</em></strong></span> <span class='ocrx_word' id='word_1_71' title='bbox 1643 1277 1781 1342; x_wconf 76' lang='grc' dir='ltr'><strong>τῶν</strong></span> <span class='ocrx_word' id='word_1_72' title='bbox 1807 1271 2095 1360; x_wconf 73' lang='grc' dir='ltr'><strong><em>πρώτων</em></strong></span> <span class='ocrx_word' id='word_1_73' title='bbox 2121 1271 2409 1359; x_wconf 81' lang='grc' dir='ltr'><strong><em>Μήδων,</em></strong></span> <span class='ocrx_word' id='word_1_74' title='bbox 2453 1268 2607 1339; x_wconf 78' lang='grc' dir='ltr'><strong><em>ἀνέ-</em></strong></span> 
     </span>
     <span class='ocr_line' id='line_1_11' title="bbox 348 1371 2607 1469; baseline -0.007 -14"><span class='ocrx_word' id='word_1_75' title='bbox 348 1397 581 1468; x_wconf 84' lang='grc' dir='ltr'><strong><em>πειθε,</em></strong></span> <span class='ocrx_word' id='word_1_76' title='bbox 631 1378 720 1462; x_wconf 76' lang='grc' dir='ltr'><strong>ὦς</strong></span> <span class='ocrx_word' id='word_1_77' title='bbox 744 1378 869 1469; x_wconf 78' lang='grc' dir='ltr'><strong><em>χρὴ</em></strong></span> <span class='ocrx_word' id='word_1_78' title='bbox 897 1386 1133 1468; x_wconf 85' lang='grc' dir='ltr'><strong><em>Κῦρον</em></strong></span> <span class='ocrx_word' id='word_1_79' title='bbox 1159 1379 1779 1467; x_wconf 81' lang='grc' dir='ltr'><strong><em>προστησαμένους,</em></strong></span> <span class='ocrx_word' id='word_1_80' title='bbox 1824 1371 1943 1444; x_wconf 79' lang='grc' dir='ltr'><strong>τὸν</strong></span> <span class='ocrx_word' id='word_1_81' title='bbox 1965 1371 2329 1460; x_wconf 85' lang='grc' dir='ltr'><strong><em>Ἀστυάγεα</em></strong></span> <span class='ocrx_word' id='word_1_82' title='bbox 2357 1378 2607 1442; x_wconf 88' lang='grc' dir='ltr'><strong><em>παῦσαι</em></strong></span> 
     </span>
     <span class='ocr_line' id='line_1_12' title="bbox 345 1473 2605 1576; baseline -0.006 -20"><span class='ocrx_word' id='word_1_83' title='bbox 345 1494 461 1576; x_wconf 86' lang='grc' dir='ltr'><strong><em>τῆς</em></strong></span> <span class='ocrx_word' id='word_1_84' title='bbox 486 1493 858 1574; x_wconf 85' lang='grc' dir='ltr'><strong><em>βασιληΐης.</em></strong></span> <span class='ocrx_word' id='word_1_85' title='bbox 943 1482 1485 1569; x_wconf 87' lang='grc' dir='ltr'><strong><em>κατεργασμένου</em></strong></span> <span class='ocrx_word' id='word_1_86' title='bbox 1526 1480 1608 1546; x_wconf 92' lang='grc' dir='ltr'><strong>δέ</strong></span> <span class='ocrx_word' id='word_1_87' title='bbox 1630 1482 1700 1546; x_wconf 75' lang='grc' dir='ltr'><strong>οἱ</strong></span> <span class='ocrx_word' id='word_1_88' title='bbox 1720 1476 1999 1562; x_wconf 82' lang='grc' dir='ltr'><strong><em>τούτου,</em></strong></span> <span class='ocrx_word' id='word_1_89' title='bbox 2038 1477 2149 1544; x_wconf 86' lang='grc' dir='ltr'><strong>καὶ</strong></span> <span class='ocrx_word' id='word_1_90' title='bbox 2182 1473 2406 1554; x_wconf 79' lang='grc' dir='ltr'><strong><em>ἐόντος</em></strong></span> <span class='ocrx_word' id='word_1_91' title='bbox 2435 1477 2605 1543; x_wconf 79' lang='grc' dir='ltr'><strong><em>ἑτοί-</em></strong></span> 
     </span>
     <span class='ocr_line' id='line_1_13' title="bbox 345 1577 2612 1679; baseline -0.006 -21"><span class='ocrx_word' id='word_1_92' title='bbox 345 1618 507 1679; x_wconf 89' lang='grc' dir='ltr'><strong><em>μου,</em></strong></span> <span class='ocrx_word' id='word_1_93' title='bbox 555 1584 730 1657; x_wconf 79' lang='grc' dir='ltr'><strong><em>οῧτω</em></strong></span> <span class='ocrx_word' id='word_1_94' title='bbox 772 1581 858 1672; x_wconf 79' lang='grc' dir='ltr'><strong>δὴ</strong></span> <span class='ocrx_word' id='word_1_95' title='bbox 896 1591 990 1677; x_wconf 78' lang='grc' dir='ltr'><strong><em>τῷ</em></strong></span> <span class='ocrx_word' id='word_1_96' title='bbox 1028 1585 1235 1676; x_wconf 77' lang='grc' dir='ltr'><strong><em>Κύρῳ</em></strong></span> <span class='ocrx_word' id='word_1_97' title='bbox 1279 1581 1697 1670; x_wconf 72' lang='grc' dir='ltr'><strong><em>διαιτωμένῳ</em></strong></span> <span class='ocrx_word' id='word_1_98' title='bbox 1740 1577 1815 1647; x_wconf 72' lang='grc' dir='ltr'><strong>ἓν</strong></span> <span class='ocrx_word' id='word_1_99' title='bbox 1856 1582 2158 1667; x_wconf 82' lang='grc' dir='ltr'><strong><em>Πέρσῃσι</em></strong></span> <span class='ocrx_word' id='word_1_100' title='bbox 2201 1580 2612 1665; x_wconf 87' lang='grc' dir='ltr'><strong><em>βουλόμενος</em></strong></span> 
     </span>
     <span class='ocr_line' id='line_1_14' title="bbox 263 1675 2613 1780; baseline -0.008 -16"><span class='ocrx_word' id='word_1_101' title='bbox 263 1689 734 1780; x_wconf 74' lang='grc' dir='ltr'><strong><em>62ὁ”Αρπαγος</em></strong></span> <span class='ocrx_word' id='word_1_102' title='bbox 776 1692 1071 1775; x_wconf 69' lang='grc' dir='ltr'><strong><em>δηλῶσαι</em></strong></span> <span class='ocrx_word' id='word_1_103' title='bbox 1115 1683 1239 1774; x_wconf 80' lang='grc' dir='ltr'><strong>τὴν</strong></span> <span class='ocrx_word' id='word_1_104' title='bbox 1268 1687 1524 1754; x_wconf 77' lang='grc' dir='ltr'><strong><em>ἑωυτοῦ</em></strong></span> <span class='ocrx_word' id='word_1_105' title='bbox 1555 1679 1868 1768; x_wconf 72' lang='grc' dir='ltr'><strong><em>γνώμην,</em></strong></span> <span class='ocrx_word' id='word_1_106' title='bbox 1902 1678 2119 1757; x_wconf 79' lang='grc' dir='ltr'><strong><em>ἄλλως</em></strong></span> <span class='ocrx_word' id='word_1_107' title='bbox 2146 1680 2271 1764; x_wconf 73' lang='grc' dir='ltr'><strong>μὲν</strong></span> <span class='ocrx_word' id='word_1_108' title='bbox 2299 1675 2613 1766; x_wconf 72' lang='grc' dir='ltr'><strong><em>οὐδαμῶς</em></strong></span> 
     </span>
     <span class='ocr_line' id='line_1_15' title="bbox 350 1778 2605 1882; baseline -0.008 -18"><span class='ocrx_word' id='word_1_109' title='bbox 350 1795 484 1882; x_wconf 84' lang='grc' dir='ltr'><strong><em>εἶχε</em></strong></span> <span class='ocrx_word' id='word_1_110' title='bbox 503 1846 522 1874; x_wconf 93' lang='grc'><strong><em>,</em></strong></span> <span class='ocrx_word' id='word_1_111' title='bbox 562 1790 676 1862; x_wconf 75' lang='grc' dir='ltr'><strong>ἅτε</strong></span> <span class='ocrx_word' id='word_1_112' title='bbox 703 1795 838 1860; x_wconf 72' lang='grc' dir='ltr'><strong>τῶν</strong></span> <span class='ocrx_word' id='word_1_113' title='bbox 864 1785 1047 1859; x_wconf 76' lang='grc' dir='ltr'><strong><em>ὁδῶν</em></strong></span> <span class='ocrx_word' id='word_1_114' title='bbox 1076 1787 1638 1875; x_wconf 84' lang='grc' dir='ltr'><strong><em>φυλασσομένων·</em></strong></span> <span class='ocrx_word' id='word_1_115' title='bbox 1697 1778 1733 1850; x_wconf 84' lang='grc' dir='ltr'>ὁ</span> <span class='ocrx_word' id='word_1_116' title='bbox 1771 1780 1843 1850; x_wconf 71' lang='grc' dir='ltr'><strong>δὲ</strong></span> <span class='ocrx_word' id='word_1_117' title='bbox 1876 1778 2296 1867; x_wconf 76' lang='grc' dir='ltr'><strong><em>ἐπιτεχνᾶται</em></strong></span> <span class='ocrx_word' id='word_1_118' title='bbox 2321 1779 2605 1848; x_wconf 89' lang='grc' dir='ltr'><strong><em>τοιόνδε.</em></strong></span> 
     </span>
     <span class='ocr_line' id='line_1_16' title="bbox 347 1878 2610 1985; baseline -0.008 -19"><span class='ocrx_word' id='word_1_119' title='bbox 347 1894 555 1984; x_wconf 86' lang='grc' dir='ltr'><strong><em>λαγὸν</em></strong></span> <span class='ocrx_word' id='word_1_120' title='bbox 580 1891 1126 1985; x_wconf 83' lang='grc' dir='ltr'><strong><em>μηχανησάμενος</em></strong></span> <span class='ocrx_word' id='word_1_121' title='bbox 1143 1943 1161 1975; x_wconf 93' lang='grc'><strong><em>,</em></strong></span> <span class='ocrx_word' id='word_1_122' title='bbox 1191 1890 1301 1960; x_wconf 80' lang='grc' dir='ltr'><strong>καὶ</strong></span> <span class='ocrx_word' id='word_1_123' title='bbox 1331 1885 1690 1972; x_wconf 81' lang='grc' dir='ltr'><strong><em>ἀνασχίσας</em></strong></span> <span class='ocrx_word' id='word_1_124' title='bbox 1715 1883 1959 1952; x_wconf 83' lang='grc' dir='ltr'><strong><em>τούτου</em></strong></span> <span class='ocrx_word' id='word_1_125' title='bbox 1984 1878 2110 1970; x_wconf 82' lang='grc' dir='ltr'><strong>τὴν</strong></span> <span class='ocrx_word' id='word_1_126' title='bbox 2139 1883 2457 1968; x_wconf 87' lang='grc' dir='ltr'><strong><em>γαστέρα,</em></strong></span> <span class='ocrx_word' id='word_1_127' title='bbox 2496 1880 2610 1948; x_wconf 84' lang='grc' dir='ltr'><strong>καὶ</strong></span> 
     </span>
     <span class='ocr_line' id='line_1_17' title="bbox 347 1980 2613 2079; baseline -0.009 -10"><span class='ocrx_word' id='word_1_128' title='bbox 347 1997 553 2069; x_wconf 72' lang='grc' dir='ltr'><strong><em>οὐδὲν</em></strong></span> <span class='ocrx_word' id='word_1_129' title='bbox 591 1994 943 2079; x_wconf 77' lang='grc' dir='ltr'><strong><em>ἀποτίλας,</em></strong></span> <span class='ocrx_word' id='word_1_130' title='bbox 988 1987 1079 2072; x_wconf 73' lang='grc' dir='ltr'><strong>ὥς</strong></span> <span class='ocrx_word' id='word_1_131' title='bbox 1119 1992 1195 2061; x_wconf 75' lang='grc' dir='ltr'><strong>δὲ</strong></span> <span class='ocrx_word' id='word_1_132' title='bbox 1242 1991 1414 2078; x_wconf 82' lang='grc' dir='ltr'><strong><em>εἶχε,</em></strong></span> <span class='ocrx_word' id='word_1_133' title='bbox 1455 1985 1633 2057; x_wconf 74' lang='grc' dir='ltr'><strong><em>οὕτω</em></strong></span> <span class='ocrx_word' id='word_1_134' title='bbox 1676 1982 1959 2072; x_wconf 75' lang='grc' dir='ltr'><strong><em>ἐσέθηκε</em></strong></span> <span class='ocrx_word' id='word_1_135' title='bbox 2000 1989 2303 2070; x_wconf 84' lang='grc' dir='ltr'><strong><em>βιβλίον,</em></strong></span> <span class='ocrx_word' id='word_1_136' title='bbox 2351 1980 2613 2072; x_wconf 82' lang='grc' dir='ltr'><strong><em>γράψας</em></strong></span> 
     </span>
    </p>
   </div>
   <div class='ocr_carea' id='block_1_5' title="bbox 677 2226 1096 2278">
    <p class='ocr_par' dir='ltr' id='par_1_5' title="bbox 677 2226 1096 2278">
     <span class='ocr_line' id='line_1_18' title="bbox 677 2226 1096 2278; baseline -0.005 0"><span class='ocrx_word' id='word_1_137' title='bbox 677 2228 808 2278; x_wconf 68' lang='lat' dir='ltr'><strong>Cn.</strong></span> <span class='ocrx_word' id='word_1_138' title='bbox 840 2226 1096 2276; x_wconf 83' lang='lat' dir='ltr'><strong>CXXIII.</strong></span> 
     </span>
    </p>
   </div>
   <div class='ocr_carea' id='block_1_6' title="bbox 343 2338 1429 2965">
    <p class='ocr_par' dir='ltr' id='par_1_6' title="bbox 343 2338 1429 2965">
     <span class='ocr_line' id='line_1_19' title="bbox 415 2338 1429 2414; baseline -0.006 -16"><span class='ocrx_word' id='word_1_139' title='bbox 415 2339 590 2414; x_wconf 74' lang='grc' dir='ltr'><strong><em>Κύρῳ</em></strong></span> <span class='ocrx_word' id='word_1_140' title='bbox 625 2343 689 2396; x_wconf 78' lang='grc' dir='ltr'><strong>δὲ</strong></span> <span class='ocrx_word' id='word_1_141' title='bbox 727 2338 1146 2411; x_wconf 75' lang='grc' dir='ltr'><strong><em>ἀνδρευμένῳ]</em></strong></span> <span class='ocrx_word' id='word_1_142' title='bbox 1184 2343 1267 2394; x_wconf 82' lang='lat' dir='ltr'><strong>Ad</strong></span> <span class='ocrx_word' id='word_1_143' title='bbox 1304 2358 1429 2393; x_wconf 88' lang='lat' dir='ltr'><strong>con-</strong></span> 
     </span>
     <span class='ocr_line' id='line_1_20' title="bbox 347 2404 1425 2476; baseline -0.008 -7"><span class='ocrx_word' id='word_1_144' title='bbox 347 2419 668 2469; x_wconf 85' lang='lat' dir='ltr'><strong>tractionem</strong></span> <span class='ocrx_word' id='word_1_145' title='bbox 704 2417 762 2465; x_wconf 88' lang='lat' dir='ltr'><strong>in</strong></span> <span class='ocrx_word' id='word_1_146' title='bbox 805 2416 909 2464; x_wconf 91' lang='lat' dir='ltr'><strong>hoc</strong></span> <span class='ocrx_word' id='word_1_147' title='bbox 945 2413 1110 2464; x_wconf 80' lang='lat' dir='ltr'><strong>verbo</strong></span> <span class='ocrx_word' id='word_1_148' title='bbox 1150 2404 1425 2476; x_wconf 81' lang='grc' dir='ltr'><strong><em>(άνδρόω)</em></strong></span> 
     </span>
     <span class='ocr_line' id='line_1_21' title="bbox 348 2482 1429 2552; baseline -0.008 -15"><span class='ocrx_word' id='word_1_149' title='bbox 348 2486 494 2552; x_wconf 89' lang='lat' dir='ltr'><strong>apud</strong></span> <span class='ocrx_word' id='word_1_150' title='bbox 521 2484 858 2536; x_wconf 85' lang='lat' dir='ltr'><strong>Herodotum</strong></span> <span class='ocrx_word' id='word_1_151' title='bbox 885 2484 1101 2534; x_wconf 83' lang='lat' dir='ltr'><strong>obviam</strong></span> <span class='ocrx_word' id='word_1_152' title='bbox 1126 2482 1275 2534; x_wconf 82' lang='lat' dir='ltr'><strong>conf.</strong></span> <span class='ocrx_word' id='word_1_153' title='bbox 1299 2482 1429 2531; x_wconf 88' lang='lat' dir='ltr'><strong>Bre-</strong></span> 
     </span>
     <span class='ocr_line' id='line_1_22' title="bbox 348 2553 1425 2619; baseline -0.009 -12"><span class='ocrx_word' id='word_1_154' title='bbox 348 2558 475 2607; x_wconf 88' lang='lat' dir='ltr'><strong>dov.</strong></span> <span class='ocrx_word' id='word_1_155' title='bbox 515 2570 568 2619; x_wconf 90' lang='lat' dir='ltr'><strong>p.</strong></span> <span class='ocrx_word' id='word_1_156' title='bbox 605 2553 703 2606; x_wconf 84' lang='lat'><strong>391</strong></span> <span class='ocrx_word' id='word_1_157' title='bbox 743 2569 894 2618; x_wconf 85' lang='lat' dir='ltr'><strong>seqq.</strong></span> <span class='ocrx_word' id='word_1_158' title='bbox 968 2553 1033 2601; x_wconf 92' lang='lat' dir='ltr'><strong>ln</strong></span> <span class='ocrx_word' id='word_1_159' title='bbox 1071 2567 1223 2617; x_wconf 86' lang='lat' dir='ltr'><strong>seqq.</strong></span> <span class='ocrx_word' id='word_1_160' title='bbox 1247 2560 1425 2613; x_wconf 86' lang='grc' dir='ltr'><strong><em>προσ-</em></strong></span> 
     </span>
     <span class='ocr_line' id='line_1_23' title="bbox 344 2618 1425 2683; baseline -0.009 -8"><span class='ocrx_word' id='word_1_161' title='bbox 344 2622 572 2674; x_wconf 74' lang='grc' dir='ltr'><strong><em>κεῖσθαι</em></strong></span> <span class='ocrx_word' id='word_1_162' title='bbox 615 2621 765 2672; x_wconf 87' lang='lat' dir='ltr'><strong>valet</strong></span> <span class='ocrx_word' id='word_1_163' title='bbox 801 2625 994 2672; x_wconf 72' lang='lat' dir='ltr'><strong>instare</strong></span> <span class='ocrx_word' id='word_1_164' title='bbox 1035 2619 1248 2683; x_wconf 87' lang='lat' dir='ltr'><strong>(alicui)</strong></span> <span class='ocrx_word' id='word_1_165' title='bbox 1290 2618 1425 2669; x_wconf 74' lang='lat' dir='ltr'><strong>solli-</strong></span> 
     </span>
     <span class='ocr_line' id='line_1_24' title="bbox 343 2687 1425 2752; baseline -0.007 -9"><span class='ocrx_word' id='word_1_166' title='bbox 343 2694 571 2752; x_wconf 74' lang='lat' dir='ltr'><strong>citanda,</strong></span> <span class='ocrx_word' id='word_1_167' title='bbox 606 2691 887 2746; x_wconf 79' lang='lat' dir='ltr'><strong>incitando,-</strong></span> <span class='ocrx_word' id='word_1_168' title='bbox 921 2690 991 2739; x_wconf 88' lang='lat' dir='ltr'><strong>de</strong></span> <span class='ocrx_word' id='word_1_169' title='bbox 1015 2689 1200 2739; x_wconf 86' lang='lat' dir='ltr'><strong>dativo</strong></span> <span class='ocrx_word' id='word_1_170' title='bbox 1238 2687 1425 2737; x_wconf 86' lang='lat' dir='ltr'><strong>addito</strong></span> 
     </span>
     <span class='ocr_line' id='line_1_25' title="bbox 346 2756 1428 2820; baseline -0.007 -7"><span class='ocrx_word' id='word_1_171' title='bbox 346 2762 421 2814; x_wconf 84' lang='lat' dir='ltr'><strong>cf.</strong></span> <span class='ocrx_word' id='word_1_172' title='bbox 465 2760 663 2811; x_wconf 81' lang='lat' dir='ltr'><strong>Matth.</strong></span> <span class='ocrx_word' id='word_1_173' title='bbox 712 2760 806 2811; x_wconf 86' lang='lat' dir='ltr'><strong>Gr.</strong></span> <span class='ocrx_word' id='word_1_174' title='bbox 854 2759 948 2808; x_wconf 86' lang='lat' dir='ltr'><strong>Gr.</strong></span> <span class='ocrx_word' id='word_1_175' title='bbox 997 2760 1049 2820; x_wconf 66' lang='lat'><strong>§-</strong></span> <span class='ocrx_word' id='word_1_176' title='bbox 1095 2759 1227 2818; x_wconf 84' lang='grc'><strong><em>402,</em></strong></span> <span class='ocrx_word' id='word_1_177' title='bbox 1264 2756 1318 2805; x_wconf 86' lang='lat' dir='ltr'><strong>b.</strong></span> <span class='ocrx_word' id='word_1_178' title='bbox 1355 2785 1428 2794; x_wconf 91' lang='lat'><em>-</em></span> 
     </span>
     <span class='ocr_line' id='line_1_26' title="bbox 345 2819 1423 2894; baseline -0.007 -13"><span class='ocrx_word' id='word_1_179' title='bbox 345 2832 476 2881; x_wconf 80' lang='lat' dir='ltr'><strong>Mox</strong></span> <span class='ocrx_word' id='word_1_180' title='bbox 509 2845 605 2894; x_wconf 87' lang='lat' dir='ltr'><strong>pro</strong></span> <span class='ocrx_word' id='word_1_181' title='bbox 642 2819 852 2891; x_wconf 70' lang='grc' dir='ltr'><strong><em>ἐνεώρα</em></strong></span> <span class='ocrx_word' id='word_1_182' title='bbox 880 2825 1004 2876; x_wconf 88' lang='lat' dir='ltr'><strong>dedi</strong></span> <span class='ocrx_word' id='word_1_183' title='bbox 1040 2842 1163 2878; x_wconf 87' lang='lat' dir='ltr'><strong>cum</strong></span> <span class='ocrx_word' id='word_1_184' title='bbox 1189 2825 1423 2876; x_wconf 86' lang='lat' dir='ltr'><strong>Bredov.</strong></span> 
     </span>
     <span class='ocr_line' id='line_1_27' title="bbox 345 2888 777 2965; baseline -0.019 -13"><span class='ocrx_word' id='word_1_185' title='bbox 345 2916 401 2965; x_wconf 88' lang='lat' dir='ltr'><strong>p.</strong></span> <span class='ocrx_word' id='word_1_186' title='bbox 439 2897 541 2950; x_wconf 90' lang='grc'><strong>313</strong></span> <span class='ocrx_word' id='word_1_187' title='bbox 575 2888 777 2961; x_wconf 74' lang='grc' dir='ltr'><strong><em>ἐνώρα.</em></strong></span> 
     </span>
    </p>
   </div>
   <div class='ocr_carea' id='block_1_7' title="bbox 342 3000 1437 4438">
    <p class='ocr_par' dir='ltr' id='par_1_7' title="bbox 342 3000 1437 4438">
     <span class='ocr_line' id='line_1_28' title="bbox 414 3000 1424 3083; baseline -0.009 -17"><span class='ocrx_word' id='word_1_188' title='bbox 414 3014 612 3083; x_wconf 85' lang='grc' dir='ltr'><strong><em>Κῦρον</em></strong></span> <span class='ocrx_word' id='word_1_189' title='bbox 639 3008 704 3064; x_wconf 70' lang='grc' dir='ltr'><strong>δὲ</strong></span> <span class='ocrx_word' id='word_1_190' title='bbox 737 3005 919 3079; x_wconf 84' lang='grc' dir='ltr'><strong><em>ὁρέων</em></strong></span> <span class='ocrx_word' id='word_1_191' title='bbox 957 3000 1424 3074; x_wconf 77' lang='grc' dir='ltr'><strong><em>ἐπιτρεφόμε-</em></strong></span> 
     </span>
     <span class='ocr_line' id='line_1_29' title="bbox 345 3077 1428 3151; baseline -0.009 -15"><span class='ocrx_word' id='word_1_192' title='bbox 345 3084 498 3151; x_wconf 91' lang='grc' dir='ltr'><strong><em>νον]</em></strong></span> <span class='ocrx_word' id='word_1_193' title='bbox 547 3083 807 3134; x_wconf 84' lang='lat' dir='ltr'><strong>Abresch.</strong></span> <span class='ocrx_word' id='word_1_194' title='bbox 856 3083 914 3132; x_wconf 85' lang='lat' dir='ltr'><strong>in</strong></span> <span class='ocrx_word' id='word_1_195' title='bbox 955 3080 1230 3132; x_wconf 86' lang='lat' dir='ltr'><strong>Dilucidd.</strong></span> <span class='ocrx_word' id='word_1_196' title='bbox 1281 3077 1428 3128; x_wconf 86' lang='lat' dir='ltr'><strong>Thu-</strong></span> 
     </span>
     <span class='ocr_line' id='line_1_30' title="bbox 345 3140 1427 3220; baseline -0.011 -14"><span class='ocrx_word' id='word_1_197' title='bbox 345 3155 507 3220; x_wconf 76' lang='lat' dir='ltr'><strong>cydd.</strong></span> <span class='ocrx_word' id='word_1_198' title='bbox 547 3170 601 3218; x_wconf 90' lang='lat' dir='ltr'><strong>p.</strong></span> <span class='ocrx_word' id='word_1_199' title='bbox 635 3152 739 3203; x_wconf 82' lang='lat'><strong>209</strong></span> <span class='ocrx_word' id='word_1_200' title='bbox 775 3152 1016 3215; x_wconf 74' lang='lat' dir='ltr'><strong>reposuit</strong></span> <span class='ocrx_word' id='word_1_201' title='bbox 1063 3140 1427 3213; x_wconf 77' lang='grc' dir='ltr'><strong><em>ἐπιτρεπόμε-</em></strong></span> 
     </span>
     <span class='ocr_line' id='line_1_31' title="bbox 343 3212 1424 3288; baseline -0.009 -15"><span class='ocrx_word' id='word_1_202' title='bbox 343 3238 450 3274; x_wconf 85' lang='grc' dir='ltr'><strong>νον</strong></span> <span class='ocrx_word' id='word_1_203' title='bbox 500 3225 605 3288; x_wconf 87' lang='lat' dir='ltr'><strong>(sc.</strong></span> <span class='ocrx_word' id='word_1_204' title='bbox 645 3214 752 3287; x_wconf 88' lang='grc' dir='ltr'><strong>τὴν</strong></span> <span class='ocrx_word' id='word_1_205' title='bbox 796 3212 982 3284; x_wconf 79' lang='grc' dir='ltr'><strong><em>ἀρχὴν</em></strong></span> <span class='ocrx_word' id='word_1_206' title='bbox 1031 3235 1075 3269; x_wconf 87' lang='lat' dir='ltr'><strong>s.</strong></span> <span class='ocrx_word' id='word_1_207' title='bbox 1115 3215 1424 3283; x_wconf 84' lang='grc' dir='ltr'><strong><em>βασιλείαν,</em></strong></span> 
     </span>
     <span class='ocr_line' id='line_1_32' title="bbox 342 3287 1428 3354; baseline -0.008 -12"><span class='ocrx_word' id='word_1_208' title='bbox 342 3299 406 3344; x_wconf 86' lang='lat' dir='ltr'><strong>ut</strong></span> <span class='ocrx_word' id='word_1_209' title='bbox 439 3293 498 3354; x_wconf 92' lang='lat'><strong>1,</strong></span> <span class='ocrx_word' id='word_1_210' title='bbox 538 3293 589 3340; x_wconf 88' lang='lat'><strong>7.</strong></span> <span class='ocrx_word' id='word_1_211' title='bbox 628 3290 714 3353; x_wconf 93' lang='grc' dir='ltr'><strong>ΙΙ,</strong></span> <span class='ocrx_word' id='word_1_212' title='bbox 759 3287 905 3351; x_wconf 82' lang='grc'><strong><em>121),</em></strong></span> <span class='ocrx_word' id='word_1_213' title='bbox 944 3293 1006 3338; x_wconf 86' lang='lat' dir='ltr'><strong>ut</strong></span> <span class='ocrx_word' id='word_1_214' title='bbox 1036 3289 1135 3337; x_wconf 88' lang='lat' dir='ltr'><strong>sit:</strong></span> <span class='ocrx_word' id='word_1_215' title='bbox 1173 3299 1428 3350; x_wconf 75' lang='lat' dir='ltr'><strong>„cernens</strong></span> 
     </span>
     <span class='ocr_line' id='line_1_33' title="bbox 347 3353 1425 3419; baseline -0.009 -8"><span class='ocrx_word' id='word_1_216' title='bbox 347 3364 622 3412; x_wconf 77' lang='lat' dir='ltr'><strong>Persarum</strong></span> <span class='ocrx_word' id='word_1_217' title='bbox 643 3361 716 3408; x_wconf 76' lang='lat' dir='ltr'><strong>illi</strong></span> <span class='ocrx_word' id='word_1_218' title='bbox 732 3359 970 3408; x_wconf 75' lang='lat' dir='ltr'><strong>traditum</strong></span> <span class='ocrx_word' id='word_1_219' title='bbox 989 3355 1299 3419; x_wconf 56' lang='lat' dir='ltr'><strong>imperiumst</strong></span> <span class='ocrx_word' id='word_1_220' title='bbox 1326 3353 1425 3402; x_wconf 88' lang='lat' dir='ltr'><strong>Cui</strong></span> 
     </span>
     <span class='ocr_line' id='line_1_34' title="bbox 347 3423 1428 3480; baseline -0.009 0"><span class='ocrx_word' id='word_1_221' title='bbox 347 3438 532 3480; x_wconf 83' lang='lat' dir='ltr'><strong>tamen</strong></span> <span class='ocrx_word' id='word_1_222' title='bbox 569 3429 687 3476; x_wconf 86' lang='lat' dir='ltr'><strong>iure</strong></span> <span class='ocrx_word' id='word_1_223' title='bbox 709 3443 816 3476; x_wconf 87' lang='lat' dir='ltr'><strong>non</strong></span> <span class='ocrx_word' id='word_1_224' title='bbox 844 3426 1136 3476; x_wconf 77' lang='lat' dir='ltr'><strong>obsecutus</strong></span> <span class='ocrx_word' id='word_1_225' title='bbox 1171 3428 1255 3476; x_wconf 91' lang='lat' dir='ltr'><strong>est</strong></span> <span class='ocrx_word' id='word_1_226' title='bbox 1274 3423 1428 3472; x_wconf 85' lang='lat' dir='ltr'><strong>Wes-</strong></span> 
     </span>
     <span class='ocr_line' id='line_1_35' title="bbox 347 3492 1428 3563; baseline -0.011 -14"><span class='ocrx_word' id='word_1_227' title='bbox 347 3497 609 3563; x_wconf 81' lang='lat' dir='ltr'><strong>selingius</strong></span> <span class='ocrx_word' id='word_1_228' title='bbox 625 3534 638 3559; x_wconf 89' lang='lat'>‚</span> <span class='ocrx_word' id='word_1_229' title='bbox 676 3496 793 3559; x_wconf 88' lang='lat' dir='ltr'><strong>ipse</strong></span> <span class='ocrx_word' id='word_1_230' title='bbox 817 3495 1126 3545; x_wconf 80' lang='lat' dir='ltr'><strong>accuratius</strong></span> <span class='ocrx_word' id='word_1_231' title='bbox 1145 3492 1428 3556; x_wconf 82' lang='lat' dir='ltr'><strong>vulgatam</strong></span> 
     </span>
     <span class='ocr_line' id='line_1_36' title="bbox 347 3560 1425 3631; baseline -0.008 -15"><span class='ocrx_word' id='word_1_232' title='bbox 347 3569 740 3631; x_wconf 81' lang='lat' dir='ltr'><strong>interpretans:</strong></span> <span class='ocrx_word' id='word_1_233' title='bbox 799 3564 1037 3629; x_wconf 84' lang='lat' dir='ltr'><strong>„Cyrum</strong></span> <span class='ocrx_word' id='word_1_234' title='bbox 1083 3575 1308 3612; x_wconf 85' lang='lat' dir='ltr'><strong>cernens</strong></span> <span class='ocrx_word' id='word_1_235' title='bbox 1350 3560 1425 3607; x_wconf 80' lang='lat' dir='ltr'><strong>in-</strong></span> 
     </span>
     <span class='ocr_line' id='line_1_37' title="bbox 347 3629 1429 3697; baseline -0.01 -10"><span class='ocrx_word' id='word_1_236' title='bbox 347 3645 675 3696; x_wconf 70' lang='lat' dir='ltr'><strong><em>crescentem,</em></strong></span> <span class='ocrx_word' id='word_1_237' title='bbox 707 3630 1182 3697; x_wconf 70' lang='lat' dir='ltr'><strong>adauqescentem.“</strong></span> <span class='ocrx_word' id='word_1_238' title='bbox 1251 3629 1429 3690; x_wconf 80' lang='lat' dir='ltr'><strong>Atque</strong></span> 
     </span>
     <span class='ocr_line' id='line_1_38' title="bbox 348 3698 1424 3770; baseline -0.014 -14"><span class='ocrx_word' id='word_1_239' title='bbox 348 3700 805 3770; x_wconf 74' lang='lat' dir='ltr'><strong>wyttenbachius</strong></span> <span class='ocrx_word' id='word_1_240' title='bbox 829 3701 884 3750; x_wconf 90' lang='lat' dir='ltr'><strong>in</strong></span> <span class='ocrx_word' id='word_1_241' title='bbox 903 3700 1127 3751; x_wconf 83' lang='lat' dir='ltr'><strong>Selectt.</strong></span> <span class='ocrx_word' id='word_1_242' title='bbox 1149 3698 1276 3747; x_wconf 87' lang='lat' dir='ltr'><strong>hist.</strong></span> <span class='ocrx_word' id='word_1_243' title='bbox 1299 3708 1424 3758; x_wconf 79' lang='lat' dir='ltr'><strong>pag.</strong></span> 
     </span>
     <span class='ocr_line' id='line_1_39' title="bbox 351 3761 1429 3824; baseline -0.013 -1"><span class='ocrx_word' id='word_1_244' title='bbox 351 3772 450 3824; x_wconf 75' lang='lat'>:353</span> <span class='ocrx_word' id='word_1_245' title='bbox 483 3772 591 3822; x_wconf 92' lang='lat' dir='ltr'><strong>hoc</strong></span> <span class='ocrx_word' id='word_1_246' title='bbox 623 3770 848 3820; x_wconf 84' lang='lat' dir='ltr'><strong>verbum</strong></span> <span class='ocrx_word' id='word_1_247' title='bbox 882 3768 1220 3819; x_wconf 78' lang='lat' dir='ltr'><strong>referendum</strong></span> <span class='ocrx_word' id='word_1_248' title='bbox 1244 3761 1429 3812; x_wconf 85' lang='lat' dir='ltr'><strong>docuit</strong></span> 
     </span>
     <span class='ocr_line' id='line_1_40' title="bbox 349 3830 1430 3898; baseline -0.013 -8"><span class='ocrx_word' id='word_1_249' title='bbox 349 3841 420 3891; x_wconf 87' lang='lat' dir='ltr'><strong>ad</strong></span> <span class='ocrx_word' id='word_1_250' title='bbox 454 3839 783 3889; x_wconf 80' lang='lat' dir='ltr'><strong>antecedens</strong></span> <span class='ocrx_word' id='word_1_251' title='bbox 807 3853 1002 3887; x_wconf 87' lang='lat' dir='ltr'><strong>nomen</strong></span> <span class='ocrx_word' id='word_1_252' title='bbox 1021 3830 1322 3898; x_wconf 85' lang='grc' dir='ltr'><strong><em>τιμωρίην,</em></strong></span> <span class='ocrx_word' id='word_1_253' title='bbox 1363 3843 1430 3878; x_wconf 88' lang='lat' dir='ltr'><strong>ex</strong></span> 
     </span>
     <span class='ocr_line' id='line_1_41' title="bbox 352 3893 1430 3974; baseline -0.013 -15"><span class='ocrx_word' id='word_1_254' title='bbox 352 3924 458 3974; x_wconf 86' lang='lat' dir='ltr'><strong>quo</strong></span> <span class='ocrx_word' id='word_1_255' title='bbox 493 3906 924 3962; x_wconf 78' lang='lat' dir='ltr'><strong>subaudiendum</strong></span> <span class='ocrx_word' id='word_1_256' title='bbox 946 3893 1221 3966; x_wconf 84' lang='grc' dir='ltr'><strong><em>τιμωρὸν,</em></strong></span> <span class='ocrx_word' id='word_1_257' title='bbox 1259 3903 1321 3948; x_wconf 90' lang='lat' dir='ltr'><strong>ut</strong></span> <span class='ocrx_word' id='word_1_258' title='bbox 1344 3902 1430 3946; x_wconf 86' lang='lat' dir='ltr'><strong>ta-</strong></span> 
     </span>
     <span class='ocr_line' id='line_1_42' title="bbox 347 3966 1428 4028; baseline -0.013 0"><span class='ocrx_word' id='word_1_259' title='bbox 347 3978 418 4028; x_wconf 80' lang='lat' dir='ltr'><strong>lis</strong></span> <span class='ocrx_word' id='word_1_260' title='bbox 463 3977 591 4028; x_wconf 84' lang='lat' dir='ltr'><strong>inde</strong></span> <span class='ocrx_word' id='word_1_261' title='bbox 640 3978 928 4026; x_wconf 79' lang='lat' dir='ltr'><strong>enascatur</strong></span> <span class='ocrx_word' id='word_1_262' title='bbox 976 3971 1083 4021; x_wconf 87' lang='lat' dir='ltr'><strong>loci</strong></span> <span class='ocrx_word' id='word_1_263' title='bbox 1129 3966 1428 4019; x_wconf 84' lang='lat' dir='ltr'><strong>sententia:</strong></span> 
     </span>
     <span class='ocr_line' id='line_1_43' title="bbox 349 4035 1430 4112; baseline -0.014 -14"><span class='ocrx_word' id='word_1_264' title='bbox 349 4046 519 4112; x_wconf 81' lang='lat' dir='ltr'><strong>„Nam</strong></span> <span class='ocrx_word' id='word_1_265' title='bbox 554 4048 692 4110; x_wconf 79' lang='lat' dir='ltr'><strong>ipse,</strong></span> <span class='ocrx_word' id='word_1_266' title='bbox 729 4049 783 4091; x_wconf 78' lang='lat' dir='ltr'><strong>ut</strong></span> <span class='ocrx_word' id='word_1_267' title='bbox 808 4045 1066 4104; x_wconf 75' lang='lat' dir='ltr'><strong>privatus,</strong></span> <span class='ocrx_word' id='word_1_268' title='bbox 1101 4052 1199 4087; x_wconf 82' lang='lat' dir='ltr'><strong>non</strong></span> <span class='ocrx_word' id='word_1_269' title='bbox 1230 4035 1330 4086; x_wconf 67' lang='lat' dir='ltr'><strong>siba·</strong></span> <span class='ocrx_word' id='word_1_270' title='bbox 1359 4037 1430 4084; x_wconf 81' lang='lat' dir='ltr'><strong>vi-</strong></span> 
     </span>
     <span class='ocr_line' id='line_1_44' title="bbox 350 4101 1429 4173; baseline -0.015 -7"><span class='ocrx_word' id='word_1_271' title='bbox 350 4116 569 4165; x_wconf 75' lang='lat' dir='ltr'><strong>debatur</strong></span> <span class='ocrx_word' id='word_1_272' title='bbox 617 4116 663 4163; x_wconf 77' lang='lat' dir='ltr'><strong>is</strong></span> <span class='ocrx_word' id='word_1_273' title='bbox 709 4125 845 4171; x_wconf 72' lang='lat' dir='ltr'><strong>esse,</strong></span> <span class='ocrx_word' id='word_1_274' title='bbox 913 4110 999 4173; x_wconf 82' lang='lat' dir='ltr'><strong>qui</strong></span> <span class='ocrx_word' id='word_1_275' title='bbox 1047 4106 1310 4157; x_wconf 77' lang='lat' dir='ltr'><strong>vindictam</strong></span> <span class='ocrx_word' id='word_1_276' title='bbox 1365 4101 1429 4151; x_wconf 82' lang='lat' dir='ltr'><strong>ab</strong></span> 
     </span>
     <span class='ocr_line' id='line_1_45' title="bbox 348 4172 1434 4248; baseline -0.014 -16"><span class='ocrx_word' id='word_1_277' title='bbox 348 4184 586 4248; x_wconf 64' lang='lat' dir='ltr'><strong>Astyage</strong></span> <span class='ocrx_word' id='word_1_278' title='bbox 643 4181 852 4243; x_wconf 71' lang='lat' dir='ltr'><strong>eoeae&#39;qere</strong></span> <span class='ocrx_word' id='word_1_279' title='bbox 897 4183 1071 4239; x_wconf 77' lang='lat' dir='ltr'><strong>posset</strong></span> <span class='ocrx_word' id='word_1_280' title='bbox 1079 4192 1098 4225; x_wconf 85' lang='grc'><strong><em>.-</em></strong></span> <span class='ocrx_word' id='word_1_281' title='bbox 1153 4181 1208 4223; x_wconf 78' lang='lat' dir='ltr'><strong>at</strong></span> <span class='ocrx_word' id='word_1_282' title='bbox 1251 4172 1434 4236; x_wconf 75' lang='lat' dir='ltr'><strong>Cyrum</strong></span> 
     </span>
     <span class='ocr_line' id='line_1_46' title="bbox 347 4239 1437 4310; baseline -0.015 -7"><span class='ocrx_word' id='word_1_283' title='bbox 347 4253 519 4310; x_wconf 64' lang='lat' dir='ltr'><strong>videns</strong></span> <span class='ocrx_word' id='word_1_284' title='bbox 543 4263 776 4300; x_wconf 79' lang='lat' dir='ltr'><strong>crescere</strong></span> <span class='ocrx_word' id='word_1_285' title='bbox 797 4248 848 4295; x_wconf 77' lang='lat' dir='ltr'><strong>in</strong></span> <span class='ocrx_word' id='word_1_286' title='bbox 875 4260 1012 4308; x_wconf 75' lang='lat' dir='ltr'><strong>spem</strong></span> <span class='ocrx_word' id='word_1_287' title='bbox 1033 4242 1284 4294; x_wconf 73' lang='lat' dir='ltr'><strong>vindictae</strong></span> <span class='ocrx_word' id='word_1_288' title='bbox 1314 4239 1437 4305; x_wconf 76' lang='lat' dir='ltr'><strong>(sibi</strong></span> 
     </span>
     <span class='ocr_line' id='line_1_47' title="bbox 349 4310 1434 4378; baseline -0.014 -8"><span class='ocrx_word' id='word_1_289' title='bbox 349 4333 583 4370; x_wconf 79' lang='lat' dir='ltr'><strong>creseere</strong></span> <span class='ocrx_word' id='word_1_290' title='bbox 607 4324 655 4367; x_wconf 77' lang='lat' dir='ltr'><strong>et</strong></span> <span class='ocrx_word' id='word_1_291' title='bbox 680 4317 752 4365; x_wconf 78' lang='lat' dir='ltr'><strong>ali</strong></span> <span class='ocrx_word' id='word_1_292' title='bbox 770 4312 1053 4378; x_wconf 57' lang='grc' dir='ltr'><strong><em>οἰνώσεως</em></strong></span> <span class='ocrx_word' id='word_1_293' title='bbox 1091 4310 1218 4361; x_wconf 76' lang='lat' dir='ltr'><strong>hunc</strong></span> <span class='ocrx_word' id='word_1_294' title='bbox 1252 4311 1434 4359; x_wconf 78' lang='lat' dir='ltr'><strong>socium</strong></span> 
     </span>
     <span class='ocr_line' id='line_1_48' title="bbox 349 4381 779 4438; baseline -0.012 -1"><span class='ocrx_word' id='word_1_295' title='bbox 349 4387 450 4438; x_wconf 75' lang='lat' dir='ltr'><strong>n’bi</strong></span> <span class='ocrx_word' id='word_1_296' title='bbox 480 4381 779 4436; x_wconf 58' lang='lat' dir='ltr'><strong>adiunoet&#39;tf‘</strong></span> 
     </span>
    </p>
   </div>
   <div class='ocr_carea' id='block_1_8' title="bbox 449 4478 878 4526">
    <p class='ocr_par' dir='ltr' id='par_1_8' title="bbox 449 4478 878 4526">
     <span class='ocr_line' id='line_1_49' title="bbox 449 4478 878 4526; baseline -0.012 0"><span class='ocrx_word' id='word_1_297' title='bbox 449 4481 786 4526; x_wconf 71' lang='lat' dir='ltr'><strong>HERODO&#39;I&#39;·</strong></span> <span class='ocrx_word' id='word_1_298' title='bbox 831 4478 878 4522; x_wconf 88' lang='lat'><strong>1.</strong></span> 
     </span>
    </p>
   </div>
   <div class='ocr_carea' id='block_1_9' title="bbox 1524 2170 2615 3948">
    <p class='ocr_par' dir='ltr' id='par_1_9' title="bbox 1524 2170 2615 3948">
     <span class='ocr_line' id='line_1_50' title="bbox 1599 2170 2615 2247; baseline -0.006 -15"><span class='ocrx_word' id='word_1_299' title='bbox 1599 2175 1712 2247; x_wconf 88' lang='grc' dir='ltr'><strong>πρὸ</strong></span> <span class='ocrx_word' id='word_1_300' title='bbox 1747 2171 1805 2231; x_wconf 82' lang='grc' dir='ltr'><strong>δ’</strong></span> <span class='ocrx_word' id='word_1_301' title='bbox 1845 2176 1923 2230; x_wconf 77' lang='grc' dir='ltr'><strong><em>ἔτι</em></strong></span> <span class='ocrx_word' id='word_1_302' title='bbox 1959 2170 2166 2231; x_wconf 77' lang='grc' dir='ltr'><strong><em>τούτου</em></strong></span> <span class='ocrx_word' id='word_1_303' title='bbox 2201 2195 2234 2227; x_wconf 80' lang='grc' dir='ltr'><strong><em>κ</em></strong></span> <span class='ocrx_word' id='word_1_304' title='bbox 2278 2193 2327 2227; x_wconf 90' lang='grc' dir='ltr'><strong><em>τ.</em></strong></span> <span class='ocrx_word' id='word_1_305' title='bbox 2355 2175 2428 2242; x_wconf 90' lang='grc' dir='ltr'><strong><em>λ.]</em></strong></span> <span class='ocrx_word' id='word_1_306' title='bbox 2466 2175 2615 2228; x_wconf 84' lang='lat' dir='ltr'><strong>Male</strong></span> 
     </span>
     <span class='ocr_line' id='line_1_51' title="bbox 1529 2242 2614 2318; baseline -0.006 -15"><span class='ocrx_word' id='word_1_307' title='bbox 1529 2253 1751 2318; x_wconf 85' lang='lat' dir='ltr'><strong>quidam</strong></span> <span class='ocrx_word' id='word_1_308' title='bbox 1786 2242 1949 2313; x_wconf 83' lang='grc' dir='ltr'><strong><em>πρός.</em></strong></span> <span class='ocrx_word' id='word_1_309' title='bbox 2026 2251 2133 2299; x_wconf 88' lang='lat' dir='ltr'><strong>Est</strong></span> <span class='ocrx_word' id='word_1_310' title='bbox 2169 2249 2312 2298; x_wconf 84' lang='lat' dir='ltr'><strong>enim</strong></span> <span class='ocrx_word' id='word_1_311' title='bbox 2346 2247 2482 2297; x_wconf 86' lang='lat' dir='ltr'><strong>haec</strong></span> <span class='ocrx_word' id='word_1_312' title='bbox 2502 2247 2614 2296; x_wconf 88' lang='lat' dir='ltr'><strong>He-</strong></span> 
     </span>
     <span class='ocr_line' id='line_1_52' title="bbox 1527 2314 2610 2382; baseline -0.006 -10"><span class='ocrx_word' id='word_1_313' title='bbox 1527 2321 1709 2372; x_wconf 87' lang='lat' dir='ltr'><strong>rodoti</strong></span> <span class='ocrx_word' id='word_1_314' title='bbox 1743 2320 2041 2382; x_wconf 85' lang='lat' dir='ltr'><strong>sententia,</strong></span> <span class='ocrx_word' id='word_1_315' title='bbox 2088 2319 2197 2367; x_wconf 87' lang='lat' dir='ltr'><strong>iam</strong></span> <span class='ocrx_word' id='word_1_316' title='bbox 2235 2321 2398 2367; x_wconf 85' lang='lat' dir='ltr'><strong>antea</strong></span> <span class='ocrx_word' id='word_1_317' title='bbox 2441 2314 2510 2377; x_wconf 87' lang='lat' dir='ltr'><strong>(i.</strong></span> <span class='ocrx_word' id='word_1_318' title='bbox 2560 2332 2610 2366; x_wconf 86' lang='lat' dir='ltr'><strong>e.</strong></span> 
     </span>
     <span class='ocr_line' id='line_1_53' title="bbox 1528 2381 2613 2451; baseline -0.006 -11"><span class='ocrx_word' id='word_1_319' title='bbox 1528 2393 1639 2440; x_wconf 88' lang='lat' dir='ltr'><strong>iam</strong></span> <span class='ocrx_word' id='word_1_320' title='bbox 1684 2393 1811 2438; x_wconf 90' lang='lat' dir='ltr'><strong>ante</strong></span> <span class='ocrx_word' id='word_1_321' title='bbox 1860 2386 1965 2437; x_wconf 88' lang='lat' dir='ltr'><strong>hoc</strong></span> <span class='ocrx_word' id='word_1_322' title='bbox 2008 2392 2228 2451; x_wconf 82' lang='lat' dir='ltr'><strong>pactum</strong></span> <span class='ocrx_word' id='word_1_323' title='bbox 2273 2402 2395 2436; x_wconf 86' lang='lat' dir='ltr'><strong>cum</strong></span> <span class='ocrx_word' id='word_1_324' title='bbox 2441 2381 2613 2447; x_wconf 84' lang='lat' dir='ltr'><strong>Cyro)</strong></span> 
     </span>
     <span class='ocr_line' id='line_1_54' title="bbox 1529 2455 2611 2520; baseline -0.007 -12"><span class='ocrx_word' id='word_1_325' title='bbox 1529 2460 1665 2509; x_wconf 88' lang='lat' dir='ltr'><strong>haec</strong></span> <span class='ocrx_word' id='word_1_326' title='bbox 1710 2456 2099 2520; x_wconf 80' lang='lat' dir='ltr'><strong>(desectionem</strong></span> <span class='ocrx_word' id='word_1_327' title='bbox 2145 2471 2223 2504; x_wconf 85' lang='lat' dir='ltr'><strong>sc.</strong></span> <span class='ocrx_word' id='word_1_328' title='bbox 2259 2455 2328 2503; x_wconf 84' lang='lat' dir='ltr'><strong>ab</strong></span> <span class='ocrx_word' id='word_1_329' title='bbox 2365 2455 2611 2516; x_wconf 81' lang='lat' dir='ltr'><strong>Astyage</strong></span> 
     </span>
     <span class='ocr_line' id='line_1_55' title="bbox 1529 2520 2610 2582; baseline -0.009 -5"><span class='ocrx_word' id='word_1_330' title='bbox 1529 2534 1585 2577; x_wconf 90' lang='lat' dir='ltr'><strong>et</strong></span> <span class='ocrx_word' id='word_1_331' title='bbox 1630 2526 1930 2576; x_wconf 88' lang='lat' dir='ltr'><strong>vindictam</strong></span> <span class='ocrx_word' id='word_1_332' title='bbox 1982 2523 2049 2573; x_wconf 88' lang='lat' dir='ltr'><strong>de</strong></span> <span class='ocrx_word' id='word_1_333' title='bbox 2108 2524 2216 2572; x_wconf 86' lang='lat' dir='ltr'><strong>isto</strong></span> <span class='ocrx_word' id='word_1_334' title='bbox 2272 2520 2610 2582; x_wconf 83' lang='lat' dir='ltr'><strong>sumendam)</strong></span> 
     </span>
     <span class='ocr_line' id='line_1_56' title="bbox 1529 2589 2615 2658; baseline -0.01 -12"><span class='ocrx_word' id='word_1_335' title='bbox 1529 2597 1597 2647; x_wconf 87' lang='lat' dir='ltr'><strong>ab</strong></span> <span class='ocrx_word' id='word_1_336' title='bbox 1636 2596 1897 2658; x_wconf 83' lang='lat' dir='ltr'><strong>Harpago</strong></span> <span class='ocrx_word' id='word_1_337' title='bbox 1934 2607 2053 2642; x_wconf 85' lang='lat' dir='ltr'><strong>esse</strong></span> <span class='ocrx_word' id='word_1_338' title='bbox 2076 2594 2405 2654; x_wconf 87' lang='lat' dir='ltr'><strong>praeparata</strong></span> <span class='ocrx_word' id='word_1_339' title='bbox 2440 2604 2501 2637; x_wconf 91' lang='lat' dir='ltr'><strong>eo</strong></span> <span class='ocrx_word' id='word_1_340' title='bbox 2533 2589 2615 2636; x_wconf 90' lang='lat' dir='ltr'><strong>ni-</strong></span> 
     </span>
     <span class='ocr_line' id='line_1_57' title="bbox 1528 2656 2613 2725; baseline -0.01 -11"><span class='ocrx_word' id='word_1_341' title='bbox 1528 2665 1722 2714; x_wconf 89' lang='lat' dir='ltr'><strong>mirum</strong></span> <span class='ocrx_word' id='word_1_342' title='bbox 1756 2667 2023 2725; x_wconf 87' lang='lat' dir='ltr'><strong>tempore,</strong></span> <span class='ocrx_word' id='word_1_343' title='bbox 2073 2674 2206 2723; x_wconf 90' lang='lat' dir='ltr'><strong>quo,</strong></span> <span class='ocrx_word' id='word_1_344' title='bbox 2257 2673 2378 2707; x_wconf 87' lang='lat' dir='ltr'><strong>cum</strong></span> <span class='ocrx_word' id='word_1_345' title='bbox 2415 2656 2613 2719; x_wconf 84' lang='lat' dir='ltr'><strong>Astya-</strong></span> 
     </span>
     <span class='ocr_line' id='line_1_58' title="bbox 1527 2725 2608 2798; baseline -0.011 -14"><span class='ocrx_word' id='word_1_346' title='bbox 1527 2750 1623 2798; x_wconf 84' lang='lat' dir='ltr'><strong>ges</strong></span> <span class='ocrx_word' id='word_1_347' title='bbox 1667 2732 1894 2782; x_wconf 85' lang='lat' dir='ltr'><strong>acerbus</strong></span> <span class='ocrx_word' id='word_1_348' title='bbox 1931 2732 2075 2777; x_wconf 83' lang='lat' dir='ltr'><strong>esset</strong></span> <span class='ocrx_word' id='word_1_349' title='bbox 2118 2726 2176 2774; x_wconf 90' lang='lat' dir='ltr'><strong>in</strong></span> <span class='ocrx_word' id='word_1_350' title='bbox 2220 2725 2435 2787; x_wconf 81' lang='lat' dir='ltr'><strong>Medos,</strong></span> <span class='ocrx_word' id='word_1_351' title='bbox 2486 2738 2608 2772; x_wconf 89' lang='lat' dir='ltr'><strong>cum</strong></span> 
     </span>
     <span class='ocr_line' id='line_1_59' title="bbox 1524 2792 2611 2861; baseline -0.012 -9"><span class='ocrx_word' id='word_1_352' title='bbox 1524 2818 1634 2852; x_wconf 87' lang='lat' dir='ltr'><strong>uno</strong></span> <span class='ocrx_word' id='word_1_353' title='bbox 1670 2815 1856 2850; x_wconf 86' lang='lat' dir='ltr'><strong>eorum</strong></span> <span class='ocrx_word' id='word_1_354' title='bbox 1890 2795 2134 2861; x_wconf 85' lang='lat' dir='ltr'><strong>principe</strong></span> <span class='ocrx_word' id='word_1_355' title='bbox 2170 2792 2397 2843; x_wconf 85' lang='lat' dir='ltr'><strong>consilia</strong></span> <span class='ocrx_word' id='word_1_356' title='bbox 2435 2793 2611 2856; x_wconf 84' lang='lat' dir='ltr'><strong>agita-</strong></span> 
     </span>
     <span class='ocr_line' id='line_1_60' title="bbox 1527 2861 2607 2930; baseline -0.011 -9"><span class='ocrx_word' id='word_1_357' title='bbox 1527 2876 1685 2922; x_wconf 81' lang='lat' dir='ltr'><strong>verat</strong></span> <span class='ocrx_word' id='word_1_358' title='bbox 1717 2868 1784 2918; x_wconf 88' lang='lat' dir='ltr'><strong>de</strong></span> <span class='ocrx_word' id='word_1_359' title='bbox 1814 2868 2057 2930; x_wconf 81' lang='lat' dir='ltr'><strong>Astyage</strong></span> <span class='ocrx_word' id='word_1_360' title='bbox 2094 2862 2416 2913; x_wconf 86' lang='lat' dir='ltr'><strong>deiiciendo.</strong></span> <span class='ocrx_word' id='word_1_361' title='bbox 2438 2890 2503 2898; x_wconf 93' lang='lat'>—</span> <span class='ocrx_word' id='word_1_362' title='bbox 2541 2861 2607 2910; x_wconf 88' lang='lat' dir='ltr'><strong>In</strong></span> 
     </span>
     <span class='ocr_line' id='line_1_61' title="bbox 1528 2928 2610 3004; baseline -0.011 -14"><span class='ocrx_word' id='word_1_363' title='bbox 1528 2955 1682 3004; x_wconf 87' lang='lat' dir='ltr'><strong>seqq.</strong></span> <span class='ocrx_word' id='word_1_364' title='bbox 1754 2952 1851 3001; x_wconf 89' lang='lat' dir='ltr'><strong>pro</strong></span> <span class='ocrx_word' id='word_1_365' title='bbox 1918 2928 2396 2996; x_wconf 79' lang='grc' dir='ltr'><strong><em>κατεργασμένον,</em></strong></span> <span class='ocrx_word' id='word_1_366' title='bbox 2464 2929 2610 2995; x_wconf 93' lang='lat' dir='ltr'><strong>quod</strong></span> 
     </span>
     <span class='ocr_line' id='line_1_62' title="bbox 1530 2999 2609 3064; baseline -0.011 -5"><span class='ocrx_word' id='word_1_367' title='bbox 1530 3006 1807 3060; x_wconf 82' lang='lat' dir='ltr'><strong>Gaisford.</strong></span> <span class='ocrx_word' id='word_1_368' title='bbox 1847 3006 2122 3064; x_wconf 85' lang='lat' dir='ltr'><strong>tenuerat,</strong></span> <span class='ocrx_word' id='word_1_369' title='bbox 2168 3005 2222 3049; x_wconf 88' lang='lat' dir='ltr'><strong>et</strong></span> <span class='ocrx_word' id='word_1_370' title='bbox 2254 3000 2359 3049; x_wconf 88' lang='lat' dir='ltr'><strong>hoc</strong></span> <span class='ocrx_word' id='word_1_371' title='bbox 2394 2999 2514 3049; x_wconf 86' lang='lat' dir='ltr'><strong>loco</strong></span> <span class='ocrx_word' id='word_1_372' title='bbox 2554 3003 2609 3048; x_wconf 82' lang='lat' dir='ltr'><strong>et</strong></span> 
     </span>
     <span class='ocr_line' id='line_1_63' title="bbox 1529 3067 2610 3141; baseline -0.012 -13"><span class='ocrx_word' id='word_1_373' title='bbox 1529 3079 1576 3141; x_wconf 90' lang='grc' dir='ltr'><strong><em>Ι,</em></strong></span> <span class='ocrx_word' id='word_1_374' title='bbox 1627 3076 1721 3126; x_wconf 80' lang='lat'><strong>141</strong></span> <span class='ocrx_word' id='word_1_375' title='bbox 1777 3089 1899 3124; x_wconf 87' lang='lat' dir='ltr'><strong>cum</strong></span> <span class='ocrx_word' id='word_1_376' title='bbox 1946 3070 2177 3121; x_wconf 89' lang='lat' dir='ltr'><strong>Bredov.</strong></span> <span class='ocrx_word' id='word_1_377' title='bbox 2229 3084 2283 3133; x_wconf 61' lang='lat' dir='ltr'><strong>p.</strong></span> <span class='ocrx_word' id='word_1_378' title='bbox 2336 3069 2439 3120; x_wconf 86' lang='lat'><strong>302</strong></span> <span class='ocrx_word' id='word_1_379' title='bbox 2486 3067 2610 3118; x_wconf 83' lang='lat' dir='ltr'><strong>dedi</strong></span> 
     </span>
     <span class='ocr_line' id='line_1_64' title="bbox 1529 3136 2607 3254; baseline -0.01 -59"><span class='ocrx_word' id='word_1_380' title='bbox 1529 3137 1981 3208; x_wconf 76' lang='grc' dir='ltr'><strong><em>κατεργασμένου</em></strong></span> <span class='ocrx_word' id='word_1_381' title='bbox 2014 3136 2262 3254; x_wconf 52' lang='lat' dir='ltr'><strong>neglecto</strong></span> <span class='ocrx_word' id='word_1_382' title='bbox 2298 3140 2607 3202; x_wconf 82' lang='lat' dir='ltr'><strong>augmento,</strong></span> 
     </span>
     <span class='ocr_line' id='line_1_65' title="bbox 1530 3206 2608 3277; baseline -0.01 -13"><span class='ocrx_word' id='word_1_383' title='bbox 1530 3220 1592 3264; x_wconf 86' lang='lat' dir='ltr'><strong>ut</strong></span> <span class='ocrx_word' id='word_1_384' title='bbox 1626 3209 1787 3277; x_wconf 79' lang='lat' dir='ltr'><strong>paulo</strong></span> <span class='ocrx_word' id='word_1_385' title='bbox 1821 3214 1948 3258; x_wconf 86' lang='lat' dir='ltr'><strong>ante</strong></span> <span class='ocrx_word' id='word_1_386' title='bbox 1977 3222 2081 3255; x_wconf 76' lang='grc' dir='ltr'><strong><em>κατ</em></strong></span> <span class='ocrx_word' id='word_1_387' title='bbox 2113 3218 2347 3270; x_wconf 81' lang='grc' dir='ltr'><strong><em>ργαστο,</em></strong></span> <span class='ocrx_word' id='word_1_388' title='bbox 2386 3206 2608 3269; x_wconf 89' lang='lat' dir='ltr'><strong>passivo</strong></span> 
     </span>
     <span class='ocr_line' id='line_1_66' title="bbox 1529 3273 2611 3340; baseline -0.011 -8"><span class='ocrx_word' id='word_1_389' title='bbox 1529 3297 1693 3332; x_wconf 83' lang='lat' dir='ltr'><strong>sensu</strong></span> <span class='ocrx_word' id='word_1_390' title='bbox 1720 3275 2122 3340; x_wconf 86' lang='lat' dir='ltr'><strong>accipiendum,</strong></span> <span class='ocrx_word' id='word_1_391' title='bbox 2161 3275 2227 3322; x_wconf 81' lang='lat' dir='ltr'><strong>de</strong></span> <span class='ocrx_word' id='word_1_392' title='bbox 2257 3289 2363 3338; x_wconf 90' lang='lat' dir='ltr'><strong>quo</strong></span> <span class='ocrx_word' id='word_1_393' title='bbox 2400 3273 2611 3322; x_wconf 87' lang='lat' dir='ltr'><strong>monuit</strong></span> 
     </span>
     <span class='ocr_line' id='line_1_67' title="bbox 1529 3340 2609 3403; baseline -0.013 -1"><span class='ocrx_word' id='word_1_394' title='bbox 1529 3350 1784 3402; x_wconf 84' lang='lat' dir='ltr'><strong>Kuehner</strong></span> <span class='ocrx_word' id='word_1_395' title='bbox 1805 3347 1898 3396; x_wconf 90' lang='lat' dir='ltr'><strong>Gr.</strong></span> <span class='ocrx_word' id='word_1_396' title='bbox 1927 3345 2018 3394; x_wconf 83' lang='lat' dir='ltr'><strong>Gr.</strong></span> <span class='ocrx_word' id='word_1_397' title='bbox 2048 3345 2098 3403; x_wconf 70' lang='lat'><strong>§-</strong></span> <span class='ocrx_word' id='word_1_398' title='bbox 2122 3341 2243 3400; x_wconf 75' lang='lat'>403,</span> <span class='ocrx_word' id='word_1_399' title='bbox 2266 3344 2315 3401; x_wconf 86' lang='lat'><strong>4,</strong></span> <span class='ocrx_word' id='word_1_400' title='bbox 2346 3355 2398 3389; x_wconf 86' lang='lat' dir='ltr'><strong>a.</strong></span> <span class='ocrx_word' id='word_1_401' title='bbox 2456 3340 2609 3389; x_wconf 85' lang='lat' dir='ltr'><strong>Idem</strong></span> 
     </span>
     <span class='ocr_line' id='line_1_68' title="bbox 1529 3404 2609 3477; baseline -0.015 -8"><span class='ocrx_word' id='word_1_402' title='bbox 1529 3418 1764 3469; x_wconf 88' lang='lat' dir='ltr'><strong>Bredov.</strong></span> <span class='ocrx_word' id='word_1_403' title='bbox 1800 3429 1854 3477; x_wconf 90' lang='lat' dir='ltr'><strong>p.</strong></span> <span class='ocrx_word' id='word_1_404' title='bbox 1893 3411 1992 3461; x_wconf 78' lang='lat'><strong>221</strong></span> <span class='ocrx_word' id='word_1_405' title='bbox 2030 3424 2129 3472; x_wconf 87' lang='lat' dir='ltr'><strong>pro</strong></span> <span class='ocrx_word' id='word_1_406' title='bbox 2167 3404 2609 3470; x_wconf 85' lang='grc' dir='ltr'><strong><em>φυλασσομένων</em></strong></span> 
     </span>
     <span class='ocr_line' id='line_1_69' title="bbox 1528 3470 2608 3550; baseline -0.013 -14"><span class='ocrx_word' id='word_1_407' title='bbox 1528 3486 1717 3550; x_wconf 89' lang='lat' dir='ltr'><strong>reponi</strong></span> <span class='ocrx_word' id='word_1_408' title='bbox 1740 3481 1859 3530; x_wconf 89' lang='lat' dir='ltr'><strong>vult</strong></span> <span class='ocrx_word' id='word_1_409' title='bbox 1881 3470 2377 3541; x_wconf 73' lang='grc' dir='ltr'><strong><em>φυλασσομενέωνε</em></strong></span> <span class='ocrx_word' id='word_1_410' title='bbox 2416 3476 2473 3522; x_wconf 90' lang='lat' dir='ltr'><strong>in</strong></span> <span class='ocrx_word' id='word_1_411' title='bbox 2502 3489 2608 3538; x_wconf 87' lang='lat' dir='ltr'><strong>quo</strong></span> 
     </span>
     <span class='ocr_line' id='line_1_70' title="bbox 1529 3542 2610 3603; baseline -0.014 0"><span class='ocrx_word' id='word_1_412' title='bbox 1529 3560 1712 3603; x_wconf 86' lang='lat' dir='ltr'><strong>tamen</strong></span> <span class='ocrx_word' id='word_1_413' title='bbox 1754 3548 1982 3597; x_wconf 84' lang='lat' dir='ltr'><strong>recentt.</strong></span> <span class='ocrx_word' id='word_1_414' title='bbox 2036 3542 2156 3592; x_wconf 85' lang='lat' dir='ltr'><strong>edd.</strong></span> <span class='ocrx_word' id='word_1_415' title='bbox 2210 3542 2260 3590; x_wconf 87' lang='lat' dir='ltr'><strong>ei</strong></span> <span class='ocrx_word' id='word_1_416' title='bbox 2304 3557 2413 3591; x_wconf 88' lang='lat' dir='ltr'><strong>non</strong></span> <span class='ocrx_word' id='word_1_417' title='bbox 2457 3542 2610 3590; x_wconf 88' lang='lat' dir='ltr'><strong>obse-</strong></span> 
     </span>
     <span class='ocr_line' id='line_1_71' title="bbox 1527 3608 2608 3672; baseline -0.014 -1"><span class='ocrx_word' id='word_1_418' title='bbox 1527 3625 1683 3671; x_wconf 85' lang='lat' dir='ltr'><strong>cutos</strong></span> <span class='ocrx_word' id='word_1_419' title='bbox 1721 3631 1839 3666; x_wconf 87' lang='lat' dir='ltr'><strong>esse</strong></span> <span class='ocrx_word' id='word_1_420' title='bbox 1871 3612 2060 3670; x_wconf 88' lang='lat' dir='ltr'><strong>video;</strong></span> <span class='ocrx_word' id='word_1_421' title='bbox 2110 3609 2254 3659; x_wconf 80' lang='lat' dir='ltr'><strong>conf.</strong></span> <span class='ocrx_word' id='word_1_422' title='bbox 2281 3610 2357 3672; x_wconf 86' lang='lat'><strong>11,</strong></span> <span class='ocrx_word' id='word_1_423' title='bbox 2383 3609 2468 3659; x_wconf 81' lang='lat'><strong>76.</strong></span> <span class='ocrx_word' id='word_1_424' title='bbox 2514 3608 2608 3656; x_wconf 85' lang='grc' dir='ltr'><strong>λα-</strong></span> 
     </span>
     <span class='ocr_line' id='line_1_72' title="bbox 1525 3677 2609 3753; baseline -0.013 -15"><span class='ocrx_word' id='word_1_425' title='bbox 1525 3681 1625 3753; x_wconf 78' lang='grc' dir='ltr'><strong>γὸς</strong></span> <span class='ocrx_word' id='word_1_426' title='bbox 1660 3685 1998 3737; x_wconf 87' lang='lat' dir='ltr'><strong>Herodotum</strong></span> <span class='ocrx_word' id='word_1_427' title='bbox 2035 3682 2351 3729; x_wconf 85' lang='lat' dir='ltr'><strong>constanter</strong></span> <span class='ocrx_word' id='word_1_428' title='bbox 2388 3677 2609 3737; x_wconf 82' lang='lat' dir='ltr'><strong>dixisse,</strong></span> 
     </span>
     <span class='ocr_line' id='line_1_73' title="bbox 1530 3743 2608 3820; baseline -0.014 -13"><span class='ocrx_word' id='word_1_429' title='bbox 1530 3771 1707 3820; x_wconf 88' lang='lat' dir='ltr'><strong>neque</strong></span> <span class='ocrx_word' id='word_1_430' title='bbox 1743 3743 1925 3816; x_wconf 80' lang='grc' dir='ltr'><strong><em>λαγὼς</em></strong></span> <span class='ocrx_word' id='word_1_431' title='bbox 1955 3748 2028 3798; x_wconf 90' lang='lat' dir='ltr'><strong>ad</strong></span> <span class='ocrx_word' id='word_1_432' title='bbox 2049 3747 2352 3796; x_wconf 86' lang='lat' dir='ltr'><strong>Atticorum</strong></span> <span class='ocrx_word' id='word_1_433' title='bbox 2387 3759 2608 3805; x_wconf 87' lang='lat' dir='ltr'><strong>morem,</strong></span> 
     </span>
     <span class='ocr_line' id='line_1_74' title="bbox 1529 3808 2609 3888; baseline -0.011 -13"><span class='ocrx_word' id='word_1_434' title='bbox 1529 3839 1705 3888; x_wconf 88' lang='lat' dir='ltr'><strong>neque</strong></span> <span class='ocrx_word' id='word_1_435' title='bbox 1761 3808 1976 3883; x_wconf 78' lang='grc' dir='ltr'><strong><em>λαγωὸς</em></strong></span> <span class='ocrx_word' id='word_1_436' title='bbox 2031 3815 2100 3864; x_wconf 87' lang='lat' dir='ltr'><strong>ad</strong></span> <span class='ocrx_word' id='word_1_437' title='bbox 2155 3814 2378 3865; x_wconf 87' lang='lat' dir='ltr'><strong>Homeri</strong></span> <span class='ocrx_word' id='word_1_438' title='bbox 2432 3829 2609 3874; x_wconf 83' lang='lat' dir='ltr'><strong>usum,</strong></span> 
     </span>
     <span class='ocr_line' id='line_1_75' title="bbox 1530 3882 2610 3948; baseline -0.012 -4"><span class='ocrx_word' id='word_1_439' title='bbox 1530 3894 1717 3944; x_wconf 89' lang='lat' dir='ltr'><strong>docuit</strong></span> <span class='ocrx_word' id='word_1_440' title='bbox 1749 3887 1982 3940; x_wconf 86' lang='lat' dir='ltr'><strong>Bredov.</strong></span> <span class='ocrx_word' id='word_1_441' title='bbox 2033 3899 2088 3948; x_wconf 91' lang='lat' dir='ltr'><strong>p.</strong></span> <span class='ocrx_word' id='word_1_442' title='bbox 2124 3882 2241 3939; x_wconf 79' lang='lat'>169,</span> <span class='ocrx_word' id='word_1_443' title='bbox 2319 3882 2406 3933; x_wconf 84' lang='lat' dir='ltr'><strong>Cf.</strong></span> <span class='ocrx_word' id='word_1_444' title='bbox 2446 3882 2610 3932; x_wconf 86' lang='lat' dir='ltr'><strong>etiam</strong></span> 
     </span>
    </p>
   </div>
   <div class='ocr_carea' id='block_1_10' title="bbox 1529 3953 2613 4082">
    <p class='ocr_par' dir='ltr' id='par_1_10' title="bbox 1529 3953 2613 4082">
     <span class='ocr_line' id='line_1_76' title="bbox 1529 3953 2099 4020; baseline -0.019 -7"><span class='ocrx_word' id='word_1_445' title='bbox 1529 3961 1727 4013; x_wconf 82' lang='lat' dir='ltr'><strong>Athen.</strong></span> <span class='ocrx_word' id='word_1_446' title='bbox 1768 3958 1848 4008; x_wconf 88' lang='lat' dir='ltr'><strong>IX</strong></span> <span class='ocrx_word' id='word_1_447' title='bbox 1886 3972 1937 4020; x_wconf 91' lang='lat' dir='ltr'><strong>p.</strong></span> <span class='ocrx_word' id='word_1_448' title='bbox 1976 3953 2099 4004; x_wconf 82' lang='grc'><strong><em>400.</em></strong></span> 
     </span>
     <span class='ocr_line' id='line_1_77' title="bbox 1599 4013 2613 4082; baseline -0.014 -3"><span class='ocrx_word' id='word_1_449' title='bbox 1599 4025 1696 4078; x_wconf 78' lang='grc' dir='ltr'><strong>καὶ</strong></span> <span class='ocrx_word' id='word_1_450' title='bbox 1752 4016 1926 4076; x_wconf 74' lang='grc' dir='ltr'><strong><em>οῦδὲν</em></strong></span> <span class='ocrx_word' id='word_1_451' title='bbox 1977 4013 2342 4082; x_wconf 77' lang='grc' dir='ltr'><strong><em>ἀποτίλας]</em></strong></span> <span class='ocrx_word' id='word_1_452' title='bbox 2405 4017 2613 4067; x_wconf 87' lang='lat' dir='ltr'><strong>Locum</strong></span> 
     </span>
    </p>
   </div>
   <div class='ocr_carea' id='block_1_11' title="bbox 1532 4086 2615 4434">
    <p class='ocr_par' dir='ltr' id='par_1_11' title="bbox 1532 4086 2615 4434">
     <span class='ocr_line' id='line_1_78' title="bbox 1533 4086 2613 4148; baseline -0.015 1"><span class='ocrx_word' id='word_1_453' title='bbox 1533 4115 1566 4148; x_wconf 96' lang='lat' dir='ltr'><strong>a</strong></span> <span class='ocrx_word' id='word_1_454' title='bbox 1612 4097 1853 4147; x_wconf 86' lang='lat' dir='ltr'><strong>virorum</strong></span> <span class='ocrx_word' id='word_1_455' title='bbox 1910 4092 2189 4141; x_wconf 86' lang='lat' dir='ltr'><strong>doctorum</strong></span> <span class='ocrx_word' id='word_1_456' title='bbox 2237 4086 2613 4138; x_wconf 82' lang='lat' dir='ltr'><strong>conaminibus</strong></span> 
     </span>
     <span class='ocr_line' id='line_1_79' title="bbox 1532 4153 2615 4231; baseline -0.014 -15"><span class='ocrx_word' id='word_1_457' title='bbox 1532 4166 1706 4231; x_wconf 88' lang='lat' dir='ltr'><strong>proba</strong></span> <span class='ocrx_word' id='word_1_458' title='bbox 1784 4158 2230 4226; x_wconf 86' lang='lat' dir='ltr'><strong>interpretatione</strong></span> <span class='ocrx_word' id='word_1_459' title='bbox 2310 4153 2615 4205; x_wconf 81' lang='lat' dir='ltr'><strong>vindicavit</strong></span> 
     </span>
     <span class='ocr_line' id='line_1_80' title="bbox 1533 4221 2614 4296; baseline -0.015 -11"><span class='ocrx_word' id='word_1_460' title='bbox 1533 4232 1957 4296; x_wconf 77' lang='lat' dir='ltr'><strong>wesseling-ius:</strong></span> <span class='ocrx_word' id='word_1_461' title='bbox 2022 4228 2351 4290; x_wconf 78' lang='lat' dir='ltr'><strong>„Harpagus</strong></span> <span class='ocrx_word' id='word_1_462' title='bbox 2412 4221 2614 4286; x_wconf 86' lang='lat' dir='ltr'><strong>leporis</strong></span> 
     </span>
     <span class='ocr_line' id='line_1_81' title="bbox 1537 4289 2613 4353; baseline -0.016 0"><span class='ocrx_word' id='word_1_463' title='bbox 1537 4301 1834 4353; x_wconf 87' lang='lat' dir='ltr'><strong>artificiose</strong></span> <span class='ocrx_word' id='word_1_464' title='bbox 1870 4296 2097 4348; x_wconf 84' lang='lat' dir='ltr'><strong>tractati</strong></span> <span class='ocrx_word' id='word_1_465' title='bbox 2139 4297 2381 4343; x_wconf 85' lang='lat' dir='ltr'><strong>ventrem</strong></span> <span class='ocrx_word' id='word_1_466' title='bbox 2432 4289 2613 4352; x_wconf 84' lang='lat' dir='ltr'><strong>scidit,</strong></span> 
     </span>
     <span class='ocr_line' id='line_1_82' title="bbox 1535 4361 2615 4434; baseline -0.015 -14"><span class='ocrx_word' id='word_1_467' title='bbox 1535 4371 1755 4434; x_wconf 73' lang='lat' dir='ltr'><strong>nihilque</strong></span> <span class='ocrx_word' id='word_1_468' title='bbox 1783 4369 2000 4432; x_wconf 72' lang='lat' dir='ltr'><strong>pilorum</strong></span> <span class='ocrx_word' id='word_1_469' title='bbox 2031 4364 2243 4423; x_wconf 76' lang='lat' dir='ltr'><strong>vellens,</strong></span> <span class='ocrx_word' id='word_1_470' title='bbox 2281 4363 2443 4424; x_wconf 88' lang='lat' dir='ltr'><strong>prout</strong></span> <span class='ocrx_word' id='word_1_471' title='bbox 2472 4361 2615 4418; x_wconf 84' lang='lat' dir='ltr'><strong>erat,</strong></span> 
     </span>
    </p>
   </div>
   <div class='ocr_carea' id='block_1_12' title="bbox 2116 4440 2194 4500">
    <p class='ocr_par' dir='ltr' id='par_1_12' title="bbox 2116 4440 2194 4500">
     <span class='ocr_line' id='line_1_83' title="bbox 2116 4440 2194 4500; baseline 0.013 -1"><span class='ocrx_word' id='word_1_472' title='bbox 2116 4440 2194 4500; x_wconf 81' lang='lat'><strong>17</strong></span> 
     </span>
    </p>
   </div>
  </div>
 </body>
</html>
