3109 5092
459 326 582 389 386
1186 404 1194 413 ,
1322 321 1866 386 HERODOTI

459 500 835 595 ἀρδόμενον
876 501 1102 587 μέντοι
1146 495 1219 567 ἐκ
1245 502 1367 567 τοῦ
1403 501 1707 586 ποταμοῦ
1740 492 2111 598 ἁδρύνεταί
2133 521 2205 562 τε
2247 491 2323 563 τὸ
2352 492 2580 582 λήιον,
2623 495 2738 562 καὶ

461 612 898 696 παραγίνεται
928 598 964 671 ὁ
998 618 1177 682 σῖτος
1202 599 1284 671 οὐ
1312 600 1611 688 κατάπερ
1634 597 1710 669 ἐν
1749 587 2092 691 Αίγύπτω,
2121 595 2333 666 αὐτοῦ
2361 602 2485 666 τοῦ
2526 623 2731 665 ποτα-

460 714 591 799 μοῦ
619 702 1154 796 ἆναβαίνοντος’
1129 733 1196 784 ες
1220 703 1336 784 τὰς
1360 701 1673 795 ἀρούρας,
1711 699 1882 771 ἀλλὰ
1908 708 2104 790 χερσί
2131 727 2204 768 τε
2246 701 2358 769 καὶ
2395 707 2735 789 κηλωνηΐ-

461 833 594 882 οισι
639 808 1026 902 ἀρδόμενος.
1108 804 1150 897 ἡ
1193 806 1323 895 γὰρ
1372 813 1781 896 Βαβυλωνίη
1836 804 2018 894 χώρη
2075 808 2289 891 πᾶσα,
2353 803 2650 890 κατάπερ
2696 798 2738 890 ἡ

464 920 828 1002 Αἰγυπτίη,
857 907 1399 999 κατατέτμηται’
1373 938 1440 991 ες
1468 908 1836 997 διώρυχας·
1880 910 1991 978 καὶ
2030 902 2072 995 ἡ
2101 915 2380 995 μεγίστη
2405 912 2542 976 τῶν
2571 911 2735 974 διω-

376 1055 387 1066 ·
468 1017 695 1108 ρύχων
723 1013 863 1086 ἐστὶ
894 1017 1403 1102 νηυσιπέρητος,
1434 1010 1600 1101 πρὸς
1631 1008 1827 1099 ἥλιον
1853 1014 2270 1099 τετραμμένη
2296 1008 2417 1079 τὸν
2440 1036 2735 1099 χειμερι-

462 1121 622 1191 νόν·
678 1116 890 1206 ἐσέχει
933 1117 1009 1186 δὲ
1053 1114 1121 1196 ἐς
1160 1113 1367 1185 ἄλλον
1410 1112 1711 1204 ποταμὸν
1768 1111 1842 1186 ἐκ
1890 1118 2012 1183 τοῦ
2061 1110 2472 1203 Εὐφρήτεω,
2510 1109 2578 1192 ἐς
2624 1110 2744 1180 τὸν

476 1230 746 1312 Τίγριν,
811 1217 971 1310 παρ’
1026 1216 1108 1289 ὃν
1150 1227 1362 1298 Νῖνος
1414 1218 1604 1298 πόλις
1640 1228 1887 1306 οἴκητο.
1959 1223 2098 1285 ἔστι
2142 1216 2217 1285 δὲ
2251 1218 2531 1307 χωρέων
2574 1211 2748 1302 αὕτη

466 1389 591 1439 duci
652 1387 806 1438 fluvii
848 1400 1022 1451 aqua,
1078 1401 1186 1435 non
1232 1386 1554 1435 inundantis

465 1458 684 1523 quidem
731 1471 887 1517 arva,
935 1454 1033 1504 sed
1076 1454 1351 1504 hominum
1389 1471 1553 1520 opera

468 1527 537 1576 ad
569 1541 788 1591 campos
819 1523 1123 1589 Irrigandos
1149 1524 1389 1575 deducti.
1449 1526 1555 1574 Eo-

469 1597 589 1646 dem
624 1595 784 1646 modo
808 1594 1147 1644 Herodotum
1176 1594 1396 1644 imitans
1415 1595 1556 1644 Pau-

467 1666 651 1716 sanias
700 1664 921 1729 scripsit
962 1663 1069 1724 IV,
1107 1663 1192 1714 20.
1233 1666 1283 1725 §-
1324 1663 1387 1714 32
1430 1653 1558 1712 ὕειν

466 1763 539 1775 —-
573 1730 831 1798 πολλῷ,
869 1732 962 1782 ubi
995 1730 1133 1781 male
1160 1732 1392 1782 clavier.
1433 1747 1558 1796 pro-

468 1805 653 1870 posuit
686 1769 851 1851 πολιξ.
909 1802 1017 1852 Sed
1053 1800 1162 1851 vid.
1195 1801 1447 1854 Siebelis.
1486 1801 1558 1851 ad

466 1874 521 1924 h.
562 1873 598 1924 l.
634 1887 761 1952 pag.
801 1869 918 1921 134.

536 1933 676 1990 ἀλλὰ
713 1938 875 2004 χερσί
911 1953 970 1988 τε
1016 1933 1113 1987 καὶ
1158 1934 1553 2002 κηλωνηΐοισι]

468 2001 797 2074 κηλωνήϊον
835 2015 890 2058 et
923 2009 977 2058 h.
1014 2007 1052 2059 l.
1090 2012 1145 2057 et
1174 2008 1284 2071 vl,
1330 2009 1428 2058 119
1468 2023 1558 2058 ex-

468 2082 680 2144 ponunt
724 2091 1015 2141 γερανιον,
1071 2077 1107 2125 i.
1155 2093 1203 2126 e.
1248 2080 1554 2139 tollenonem,

470 2147 775 2197 machinam
822 2148 1177 2196 rusticorum
1197 2151 1252 2195 et
1300 2146 1555 2196 olitorum

471 2218 542 2267 ad
576 2215 999 2266 exhauriendam
1047 2230 1077 2264 e
1122 2215 1300 2278 puteis
1337 2231 1555 2280 aquam.

472 2287 586 2336 Nos
610 2284 1309 2350 annensclemenyel..·Vid.
1342 2284 1554 2334 Pollux.

471 2356 528 2405 in
560 2353 843 2405 Onomast.
882 2353 1008 2415 vn,
1048 2351 1164 2402 143.
1224 2352 1361 2402 Inde
1392 2355 1558 2404 etiam

470 2423 668 2473 bellica
720 2422 968 2472 machina
1011 2421 1079 2470 ob
1118 2420 1324 2486 figurae
1373 2424 1562 2473 simili-

472 2493 714 2543 tudinem
768 2493 849 2542 sic
886 2491 1103 2549 dicitur.
1189 2490 1356 2541 Plura
1390 2492 1562 2542 Orelli

471 2563 543 2612 ad
578 2563 817 2612 Aeneam
853 2562 1067 2611 Tactic.
1114 2576 1242 2626 pag.
1282 2562 1401 2612 289.
1475 2564 1562 2612 De

471 2631 767 2696 Euphratis
814 2630 1263 2680 inundationibus
1304 2635 1360 2681 et
1396 2646 1562 2680 cana-

471 2701 613 2751 libus
651 2716 717 2751 ex
753 2700 855 2750 hoc
888 2700 1109 2749 flumine
1148 2699 1217 2749 ad
1251 2715 1413 2765 agros
1444 2701 1562 2749 irri-

471 2771 682 2835 gandos
708 2784 1120 2834 quaquaversus
1141 2769 1389 2819 deductis
1419 2786 1562 2819 com-

472 2844 730 2903 parentur
751 2839 996 2902 primarii
1024 2838 1308 2888 Strabonis
1333 2838 1439 2889 loci
1457 2839 1558 2888 XI.

473 2923 527 2971 p.
567 2908 667 2957 502
705 2922 751 2957 s.
793 2907 893 2957 767
916 2907 987 2956 A:
1019 2907 1165 2957 XVI.
1204 2909 1474 2971 pag.‘740
1511 2923 1558 2958 s.

478 2977 611 3026 1075
648 2976 714 3024 Α.
785 2975 952 3024 Plinii
987 2976 1136 3024 Hist.
1189 2976 1317 3025 Nat.
1356 2977 1428 3037 V,
1469 2979 1556 3027 20.

472 3043 632 3094 Unde
667 3043 922 3107 frequens
960 3043 1118 3092 huius
1166 3045 1406 3107 regionis
1441 3055 1564 3094 cum

474 3112 748 3176 Aegyptia
786 3117 932 3160 terra
976 3114 1331 3176 comparatio.
1396 3112 1565 3164 Plura

472 3182 616 3232 hanc
658 3182 715 3230 in
750 3196 864 3230 rem
899 3180 1120 3245 collegit
1155 3181 1460 3231 Palmblad.
1506 3184 1563 3233 in

474 3250 711 3300 Dissert.
780 3250 847 3299 de
914 3250 1076 3299 rebus
1141 3250 1447 3314 Babylonn.
1508 3257 1566 3302 et

476 3320 652 3385 origg.
692 3317 885 3370 Chald.
920 3319 1134 3383 (Upsal.
1174 3319 1330 3385 1820)
1368 3336 1494 3385 pag.

475 3405 593 3454 seq.
667 3388 824 3439 Conf.
861 3388 1028 3439 etiam
1062 3388 1282 3453 Layard
1316 3390 1566 3441 Nineveh

476 3458 585 3509 and
622 3459 694 3508 its
731 3473 861 3508 rem.
900 3458 947 3508 1.
1026 3457 1200 3509 3.54.
1238 3457 1314 3508 ΙΙ.
1352 3475 1408 3523 p.
1436 3461 1562 3511 422.

545 3517 693 3577 καὶ
663 3543 699 3591 η
725 3527 953 3591 μεγίστη
981 3524 1097 3575 τῶν
1125 3520 1428 3592 διωρύχων
1448 3519 1564 3578 ἐστὶ

476 3593 914 3665 νηυσιπέρητος]
961 3596 1140 3660 Vulgo
1186 3601 1242 3646 et
1289 3597 1392 3647 hoc
1440 3597 1561 3649 loco

477 3670 532 3715 et
589 3681 756 3749 supra
795 3666 852 3728 1,
891 3664 992 3716 189
1046 3666 1319 3716 disiuncto
1365 3667 1562 3717 edunt.

477 3729 645 3798 νηυσι
681 3730 943 3797 πέρητος.
1007 3735 1161 3784 Libri
1195 3736 1400 3786 vetusti
1439 3752 1565 3786 con-

476 3804 702 3852 iunctim
748 3803 1030 3864 exhibent;
1077 3820 1177 3855 nec
1224 3804 1384 3854 aliter
1427 3820 1564 3853 ναυ-

479 3868 781 3934 σιπέρατος
828 3872 974 3936 apud
1008 3873 1238 3938 Dionys.
1277 3873 1561 3924 Halicarn.

477 3939 701 4004 Antiqq.
754 3941 963 3992 Romm.
1004 3942 1124 4004 ΙΙΙ,
1164 3945 1251 3994 4-1.
1327 3944 1408 3993 Τιι
1449 3944 1563 3994 vid.

477 4007 720 4059 Lobeck.
775 4009 831 4058 in
883 4015 1170 4061 comment.
1218 4011 1284 4061 de
1330 4013 1566 4064 vocabb.

480 4077 705 4127 Graece.
734 4078 1014 4140 parathesi
1038 4080 1375 4145 (Regimont.
1409 4081 1564 4145 1848)

479 4145 547 4196 Τ.
585 4146 630 4195 Ι.
668 4160 720 4210 p.
764 4145 846 4195 13.
883 4147 1173 4212 Breigerus
1205 4149 1262 4199 in
1297 4166 1568 4201 commen·

478 4217 583 4263 tat.
623 4214 688 4263 de
726 4213 924 4264 difficc.
962 4216 1215 4280 quibusd.
1254 4218 1421 4270 Asiae
1458 4221 1566 4270 He-

479 4282 658 4333 rodot.
694 4299 746 4347 p.
772 4285 839 4332 47
876 4283 1019 4334 hunc
1055 4284 1298 4336 canalem
1334 4289 1566 4339 eundem

478 4366 599 4402 esse
636 4352 971 4416 suspicatur,
1012 4369 1118 4420 quo
1150 4368 1293 4406 nunc
1321 4357 1567 4422 Euphra-

1656 1390 1739 1433 tes
1790 1384 1847 1432 in
1898 1383 2090 1447 Tigrin
2138 1383 2370 1443 feratnr3
2441 1398 2560 1432 esse
2605 1381 2747 1431 enim

1657 1452 1809 1502 illum
1845 1468 2131 1516 magnum,
2185 1451 2499 1517 navigando
2538 1455 2747 1516 aptum,

1659 1527 1734 1573 et.
1767 1522 1990 1571 tendere
2035 1537 2225 1571 versus
2273 1530 2450 1571 ortum
2497 1521 2628 1570 solis
2671 1520 2749 1568 hi-

1658 1593 1912 1653 bernum,
1964 1605 2105 1655 quae
2143 1606 2277 1641 vera
2323 1591 2575 1640 videatur
2612 1590 2752 1639 dire-

1660 1662 1770 1711 ctio
1786 1698 1800 1723 ,
1839 1675 1973 1725 qua,
1995 1662 2142 1710 infra
2167 1660 2505 1724 Babylonem
2529 1659 2750 1725 paulum

1660 1731 1919 1792 inflexus,
1977 1745 2123 1780 nunc
2164 1731 2357 1795 Tigrin
2417 1734 2588 1794 petat.
2659 1729 2748 1777 Cr.

1660 1800 1895 1850 conferri
1949 1799 2070 1848 vult
2119 1800 2388 1849 Ammian.
2443 1797 2749 1848 Marcellin.

1659 1870 1859 1931 XXIV,
1881 1868 1933 1918 6.
1965 1867 2020 1928 δ.
2044 1869 2068 1918 l
2108 1869 2293 1933 ibique
2311 1867 2494 1918 Vales.
2525 1873 2579 1918 et
2606 1869 2752 1928 Qua-

1660 1937 1893 1988 tremere
1941 1937 2085 2002 apud
2123 1940 2279 1988 Bast.
2327 1940 2516 1988 Lettre
2566 1938 2750 2000 critiq.

1660 2023 1711 2072 p.
1751 2008 1833 2058 14.
1866 2011 1979 2056 not.
2031 2008 2135 2057 Est
2174 2008 2316 2057 enim
2347 2007 2491 2057 idem
2522 2005 2751 2068 canalis,

1659 2078 1754 2141 qui
1779 2076 1955 2126 amnis
1991 2091 2179 2141 regum
2217 2067 2499 2143 (βασιλικὴ
2536 2042 2751 2138 διώρυξ

1660 2161 1704 2195 s.
1725 2139 1981 2209 ποταμὸς
2009 2142 2291 2211 βασίλειος
2316 2146 2460 2210 apud
2490 2145 2751 2195 Strabon.

1660 2215 1813 2266 xvl.
1841 2231 1894 2279 p.
1922 2216 2045 2279 717)
2083 2216 2298 2277 dicitur,
2339 2217 2540 2281 quique
2577 2215 2754 2264 orien-

1661 2282 1865 2333 talibus
1939 2283 2247 2334 hominibus
2323 2285 2524 2334 dicitnr
2582 2284 2752 2333 Nam·-

1665 2353 1902 2414 Malcho,
1941 2353 2086 2417 quod
2116 2354 2305 2404 eodem
2339 2355 2507 2404 redit:
2545 2353 2612 2402 de
2643 2368 2750 2417 quo

1664 2421 1844 2473 canali
1880 2432 2124 2472 veterum
2159 2423 2486 2487 scriptorum
2510 2424 2754 2472 testimo-

1661 2493 1754 2541 nia
1780 2491 1999 2542 exhibet
2023 2493 2291 2557 Forbiger
2313 2493 2533 2544 Handb.
2573 2492 2626 2541 d.
2651 2493 2751 2541 alt.

1664 2562 1864 2626 Geogr.
1921 2561 2000 2611 11.
2050 2578 2103 2626 p.
2154 2557 2386 2613 71‘n0t.
2470 2563 2516 2610 A
2569 2563 2752 2610 Persis

1666 2635 2164 2694 expugnata.terra
2201 2630 2346 2680 haud
2371 2633 2617 2694 obrutus,
2653 2630 2750 2679 sed

1663 2700 1801 2748 bene
1826 2705 2181 2750 conservatus
2205 2705 2261 2749 et
2282 2701 2352 2750 ad
2374 2706 2596 2764 postera
2621 2704 2754 2749 tem-

1662 2784 1798 2832 pora
1835 2769 2069 2821 traditus
2094 2770 2199 2819 fuit
2221 2769 2310 2819 hic
2335 2771 2565 2831 canalis,
2592 2785 2750 2834 quem

1661 2836 1955 2903 aliquoties
2001 2843 2368 2889 restauratum
2418 2844 2473 2887 et
2527 2854 2755 2888 renova-

1664 2911 1779 2956 tum
1811 2922 1846 2957 a
1882 2907 2109 2958 Seleuco
2155 2908 2437 2969 Nicatore,
2490 2908 2753 2970 Traiano,

1663 2975 1818 3037 aliis,
1856 2978 2086 3041 septimo
2125 2977 2346 3027 saeculo
2380 2981 2505 3040 post
2532 2975 2656 3026 Chr.
2691 2991 2748 3024 n.

1667 3060 1732 3094 ac
1768 3045 1859 3095 vel
1895 3050 2087 3110 postea
2120 3048 2175 3096 in
2203 3062 2304 3096 usu
2339 3046 2510 3094 fuisse
2543 3045 2753 3109 accepi-

1666 3129 1803 3164 mus.
1867 3115 2020 3166 Inter
2047 3115 2366 3166 recentioris
2393 3115 2592 3164 aetatis
2620 3115 2754 3178 scri-

1666 3187 1877 3246 ptores,
1926 3185 2022 3250 qui
2069 3187 2135 3236 de
2183 3186 2287 3235 boc
2338 3184 2520 3234 canali
2556 3182 2754 3233 retule-

1664 3257 1809 3314 runt,
1846 3253 1957 3304 vid.
1996 3255 2338 3318 potissimum
2376 3254 2539 3304 Rich=
2575 3254 2755 3317 Baby-

1664 3318 1757 3370 lon
1797 3326 1901 3372 etc.
1924 3338 2050 3388 pag.
2078 3327 2163 3374 57.
2203 3321 2299 3374 W.
2318 3323 2630 3373 Ainsworth
2651 3323 2755 3373 Re-

1666 3391 1917 3441 searches
1954 3392 2010 3442 in
2044 3394 2273 3458 Assyria
2309 3403 2438 3457 pag.
2469 3392 2564 3443 163
2600 3407 2755 3456 seqq.

1665 3463 1721 3508 et
1757 3460 1986 3511 Travels
2024 3463 2080 3511 in
2127 3462 2218 3512 the
2254 3462 2412 3511 track
2450 3467 2556 3512 etc.
2596 3478 2651 3526 p.
2687 3463 2756 3512 88

1666 3542 1816 3593 seqq.
1860 3530 1978 3580 107.
2052 3531 2302 3581 Conferri
2347 3527 2563 3596 quoque
2607 3535 2758 3595 pote-

1668 3597 1741 3646 rit
1775 3598 1984 3649 Ritter:
2023 3600 2321 3650 Erdkunde
2345 3601 2412 3649 X.
2449 3616 2582 3665 pag.
2609 3601 2663 3650 8.

1735 3659 1878 3731 παρ’
1936 3657 2005 3717 ὃν
2053 3668 2239 3726 Νῖνος
2303 3660 2468 3726 πόλις
2526 3666 2755 3731 οἴκητο]

1665 3735 1751 3783 Ad
1795 3736 2024 3788 formam
2072 3735 2270 3802 οἴκητο
2318 3742 2467 3787 recte
2514 3737 2601 3787 hic
2643 3736 2757 3785 edi-

1666 3808 1781 3853 tam
1812 3807 1960 3857 conf.
1984 3806 2220 3859 Bredov.
2245 3823 2299 3871 p.
2321 3805 2444 3857 311.
2514 3806 2599 3855 De
2623 3805 2758 3855 Νἱηο

1666 3873 1739 3923 cf.
1779 3891 1944 3940 supra
1978 3877 2023 3939 1,
2053 3879 2170 3928 102.
2213 3875 2332 3926 106.
2393 3876 2540 3926 Satis
2567 3880 2759 3924 notum

1670 3946 1781 4005 est,
1834 3949 2098 4010 quantum
2145 3946 2287 3996 inter
2336 3959 2396 3995 se
2445 3944 2772 4009 discrepent-

1668 4016 1881 4065 veteres
1917 4015 1976 4063 in
2010 4015 2130 4065 loco
2165 4013 2483 4077 indicando,
2537 4013 2635 4063 ubi
2663 4014 2760 4063 Ni·

1669 4096 1771 4131 nus
1819 4084 1947 4133 urbs
1999 4086 2109 4134 sita
2160 4085 2342 4135 fuerit.
2417 4082 2758 4133 Herodotum

1670 4153 1844 4201 secuti
1894 4153 2009 4218 (11,
2052 4152 2177 4217 150)
2225 4152 2372 4203 haud
2418 4153 2583 4217 pauci
2629 4153 2760 4202 scri-

1666 4225 1852 4283 ptores
1897 4223 1967 4272 ad
2005 4222 2199 4288 Tigrin
2246 4223 2406 4272 sitam
2454 4235 2575 4272 esse
2612 4220 2761 4271 affir-

1669 4295 1838 4352 mant,
1873 4305 1996 4344 cum
2026 4291 2300 4342 Diodorus
2332 4290 2435 4354 (Π,
2462 4289 2516 4340 3.
2546 4292 2595 4340 7.
2619 4288 2758 4350 etc.)

1669 4357 1756 4409 vel
1808 4360 2019 4424 potius,
2098 4374 2257 4425 quem
2316 4358 2408 4410 ille
2479 4360 2759 4423 exscribit,
