3109 5092
455 355 573 420 180

1306 354 1846 417 HERODOTI

451 534 681 614 σόντες
724 532 1076 621 ἐμάχοντο·
1144 531 1490 602 πεσόντων
1532 530 1608 600 δὲ
1643 530 1756 597 καὶ
1794 525 2196 617 ἀμφοτέρων
2234 531 2535 612 πολλῶν,
2585 523 2722 597 ἐνί-

453 666 595 707 κων
622 635 1162 724 Λακεδαιμόνιοι.
1234 634 1521 727 Ἀργεῖοι
1562 635 1688 721 μέν
1715 659 1847 701 νυν
1874 627 2005 700 ἀπὸ
2047 630 2290 700 τούτου
2326 636 2448 701 τοῦ
2476 630 2726 718 χρόνον

453 739 1003 830 κατακειράμενοι
1042 738 1156 821 τὰς
1193 737 1525 829 κεφαλὰς,
1588 736 1915 826 πρότερον
1952 731 2324 822 ἐπάναγκες
2364 740 2725 821 κομῶντες,

456 842 853 934 ἐποιήσαντο
893 842 1102 932 νόμον
1136 872 1209 914 τε
1251 847 1363 913 καὶ
1405 841 1734 930 κατάρην,
1781 835 1872 927 μὴ
1912 838 2240 928 πρότερον
2280 842 2569 926 θρέψειν
2609 836 2722 906 κό-

454 976 589 1037 μην
623 945 947 1035 Ἀργείων
971 950 1262 1037 μηδένα,
1309 946 1480 1037 μηδὲ
1517 941 1635 1023 τὰς
1663 940 1985 1030 γυναῖκάς
2009 962 2131 1031 σφι
2170 940 2726 1030 χρυσοφορήσειν,

455 1052 619 1141 πρὶν
657 1046 744 1120 ἂν
772 1054 1034 1138 Θυρέας
1076 1049 1577 1122 ἀνασώσωνται.
1651 1045 2170 1134 Λακεδαιμόνιοι
2220 1046 2294 1114 δὲ
2335 1042 2416 1113 τὰ
2455 1042 2729 1114 ἐναντία

454 1153 716 1224 τούτων
771 1160 1011 1223 ἔθεντο
1065 1154 1321 1244 νόμον,
1367 1151 1449 1223 οὐ
1502 1149 1632 1240 γὰρ
1687 1155 2022 1238 κομῶντες
2075 1145 2203 1238 πρὸ
2256 1147 2536 1232 τούτου,
2598 1144 2731 1217 ἀπὸ

455 1258 703 1326 τούτου
758 1263 991 1346 κομᾶν.
1065 1256 1185 1328 τὸν
1233 1259 1308 1327 δὲ
1351 1260 1472 1327 ἕνα
1522 1258 1792 1342 λέγουσι
1847 1250 1965 1322 τὸν
2009 1256 2538 1341 περιλειφθέντα
2595 1255 2735 1319 τῶν

527 1420 684 1480 τέλος
732 1418 795 1471 δὲ
840 1413 898 1473 ἐκ
946 1421 1048 1488 τῆς
1097 1419 1285 1487 ἔριδος
1335 1437 1544 1488 συμπε-

459 1485 654 1549 σόντες
716 1483 1015 1558 ἐμάχοντο]
1080 1494 1206 1544 Alia
1264 1493 1544 1544 Plutarchi

459 1560 835 1627 Chrysermum
868 1563 1449 1628 Peloponnesiacorum
1485 1561 1546 1610 li-

459 1632 557 1681 bro
590 1632 752 1681 tertio
778 1632 1001 1681 citantis
1028 1634 1272 1683 narratio
1308 1631 1544 1696 (Morall.

462 1701 539 1751 11.
580 1717 630 1766 p.
665 1700 767 1751 306
795 1702 861 1752 A.
891 1702 985 1767 B),
1022 1703 1449 1767 Amphictyones
1479 1702 1546 1751 de

460 1770 776 1835 Othryadae
824 1772 1057 1821 victoria
1106 1788 1426 1838 persuasos,
1485 1775 1547 1820 ut

460 1841 723 1903 arbitror,
764 1841 1052 1891 victoriam
1078 1842 1362 1906 Spartanis
1395 1842 1546 1890 detu-

456 1910 606 1961 lisse.
643 1911 758 1960 Nec
785 1910 1078 1975 quidquam
1104 1911 1171 1961 de
1188 1912 1364 1962 altero
1393 1927 1546 1976 proe-

459 1980 533 2029 lio
562 1979 791 2045 posthac
824 1985 961 2031 ort0.
1022 1981 1181 2045 Apud
1211 1982 1545 2032 Pausaniam

462 2048 563 2112 (Χ,
600 2049 654 2114 9)
701 2051 934 2114 Argivos
979 2051 1209 2115 legimus
1258 2052 1547 2101 victoriam

461 2119 567 2167 sibi
612 2119 972 2183 adscripsisse
1015 2119 1263 2186 adeoque
1307 2120 1548 2185 Delphos

462 2187 586 2252 equi
621 2189 774 2237 aenei
797 2189 1083 2238 donarium
1112 2190 1344 2239 misisse.
1403 2191 1549 2251 Quo-

464 2273 581 2305 rum
619 2256 755 2306 illud
789 2273 897 2306 non
943 2259 1081 2307 satis
1119 2260 1400 2322 convenit,
1448 2260 1555 2308 La-

464 2326 844 2376 cedaemonios
904 2327 961 2376 in
1026 2327 1554 2393 Gymnopaediorum

463 2397 606 2445 festo
643 2410 873 2446 coronas
909 2402 1186 2462 gestasse,
1235 2414 1372 2462 quas
1409 2398 1555 2461 Thy-

466 2466 703 2515 reaticas
753 2465 1117 2530 appellarent.
1210 2469 1417 2518 Auctor
1469 2472 1555 2518 est

465 2535 779 2585 Athenaeus
814 2536 932 2599 XV,
970 2536 1020 2588 6.
1060 2553 1113 2601 p.
1153 2537 1255 2588 678
1294 2539 1358 2589 Β.

465 2630 1555 2774 „3535233vmsslgffvffggggngossgzggg]

465 2784 562 2829 riv.
635 2780 840 2829 Docuit
876 2781 941 2830 Ε.
980 2781 1152 2829 Meier
1197 2781 1305 2845 (De
1342 2779 1558 2845 gentili-

466 2853 570 2898 tat.
609 2864 661 2913 Ρ.
700 2848 791 2914 24)
829 2865 859 2898 e
893 2849 1013 2899 loco
1037 2849 1352 2900 Philochori
1388 2847 1556 2914 (apud

470 2917 692 2967 Suidam
726 2934 770 2967 s.
801 2936 853 2969 v.
886 2909 1179 2984 ὁργεῶνες)
1219 2920 1449 2983 aliisque
1485 2918 1555 2967 ad

469 2985 610 3034 idem
655 2989 1033 3050 spectantibus
1076 2989 1213 3038 locis
1259 2987 1355 3052 (cf.
1395 2988 1555 3037 modo

468 3053 615 3106 Plat.
655 3056 719 3104 de
744 3058 915 3119 Legg.
950 3058 1107 3108 VIII.
1136 3074 1186 3123 p.
1222 3058 1325 3109 848
1345 3060 1411 3108 A.
1449 3058 1558 3107 De-

468 3123 735 3174 mosthen.
759 3143 805 3175 c.
830 3126 1127 3177 Timocrat.
1150 3131 1201 3191 §-
1223 3128 1310 3179 21.
1334 3144 1387 3193 p.
1413 3126 1558 3192 706),

470 3193 644 3243 videri
667 3194 809 3245 hanc
844 3211 1031 3245 vocem
1056 3196 1349 3246 solemnem
1381 3198 1435 3245 in
1464 3197 1561 3246 At-

468 3263 596 3312 ticis
613 3262 827 3328 legibus
852 3265 1181 3316 adhibitam:
1207 3282 1374 3331 quare
1394 3268 1562 3315 etiam

470 3332 617 3453 g‘tl'
676 3348 798 3384 cum
855 3335 1088 3400 quadam
1145 3336 1203 3385 vi
1254 3336 1438 3401 posita
1483 3335 1563 3385 vi-

508 3419 535 3452 e
565 3419 647 3453 ur.

542 3498 618 3571 μὴ
643 3498 927 3572 πρότερον
950 3504 1199 3572 θρέψειν
1229 3499 1416 3573 κόμην
1446 3500 1562 3572 ’-Αρ

471 3575 642 3640 γείων
676 3572 897 3641 μηδένα
933 3595 984 3628 κ.
1011 3594 1058 3628 τ.
1085 3577 1157 3645 λ.]
1198 3579 1449 3628 Meminit
1482 3577 1563 3627 rei

472 3646 617 3696 Plat.
655 3647 713 3695 in
738 3647 1014 3698 Phaedon.
1044 3665 1096 3712 p.
1120 3649 1279 3711 890,
1317 3649 1411 3698 ubi
1446 3647 1559 3698 vid.

472 3716 861 3797 Wyttenbach.
911 3734 961 3783 p.
1013 3718 1135 3769 236.
1172 3748 1243 3758 —-
1292 3719 1358 3768 In
1405 3732 1562 3781 seqq.

474 3781 613 3846 πρὶν
643 3801 723 3834 αν
749 3783 970 3847 Θυρέας
993 3778 1399 3837 ἀνασώσωνται
1422 3785 1564 3837 male

475 3853 797 3915 particulam
835 3851 909 3905 αν
954 3872 988 3905 a
1033 3857 1358 3922 quibusdam
1406 3856 1562 3907 libris

474 3922 669 3972 abesse
714 3924 895 3975 video.
970 3926 1094 3975 Iure
1143 3926 1238 3978 illa
1287 3932 1470 3977 exstat
1504 3928 1562 3976 in

475 3991 719 4040 Platonis
767 3992 805 4042 l.
853 3995 891 4045 l.
947 3996 1179 4059 gemino.
1271 3997 1354 4046 Tu
1411 3997 1558 4047 conf.

475 4066 613 4110 nott.
653 4062 723 4110 ad
758 4062 804 4124 I,
842 4064 927 4114 32.
1004 4063 1071 4113 Ιιι
1107 4065 1273 4114 verbo
1305 4057 1561 4115 ἀνασῶ-

472 4128 587 4188 ζειν
629 4130 857 4211 similem
892 4138 1144 4183 notamus
1178 4134 1289 4184 vim
1336 4150 1560 4216 praepo·

474 4200 693 4249 sitionis
728 4191 867 4262 ἀνὰ,
918 4218 1079 4267 quam
1125 4203 1181 4251 in
1218 4204 1384 4253 verbo
1420 4196 1559 4254 ἀνα-

471 4261 757 4333 μάχεσθαι
820 4271 1322 4322 animadverterunt
1372 4275 1559 4324 Plato-

472 4340 580 4389 nici
609 4341 995 4404 interpretesl.
1019 4343 1055 4393 l.
1118 4344 1221 4393 Est
1243 4347 1425 4393 autem
1452 4346 1559 4395 La-

471 4410 707 4460 tinorum
752 4426 811 4461 re
849 4411 1213 4478 inseparabile
1255 4413 1345 4464 vel
1387 4415 1554 4464 etiam

1648 1419 1837 1479 denuo,
1887 1418 1950 1467 de
1998 1420 2213 1482 integro.
2297 1415 2454 1466 Conf.
2492 1415 2733 1466 Fischer.

1649 1489 1719 1537 ad
1753 1485 1915 1537 Well.
1951 1486 2059 1549 111,
2095 1488 2149 1538 b.
2185 1503 2233 1551 p.
2263 1485 2382 1538 164.

1722 1548 1794 1605 οὗ
1845 1550 1951 1635 γὰρ
1994 1555 2279 1621 κομῶντες
2333 1546 2446 1622 πρὸ
2507 1545 2735 1616 τούτου,

1648 1616 1765 1674 ἀπὸ
1799 1618 2009 1674 τούτου
2040 1622 2248 1690 κομᾶν]
2285 1624 2606 1689 Expeditior
2635 1623 2738 1672 erit

1650 1700 1942 1758 structura,
1971 1697 2020 1744 si
2046 1711 2111 1745 ex
2135 1695 2587 1745 antecedentibus
2614 1709 2738 1757 sup-

1650 1765 1882 1830 pleveris
1911 1760 2115 1814 ἔθεντο
2155 1756 2352 1828 νόμον.
2407 1764 2532 1815 Vid.
2559 1762 2737 1813 Kueh-

1647 1850 1762 1883 n.er
1801 1834 1895 1884 Gr.
1932 1836 2025 1884 Gr.
2057 1835 2137 1886 II.
2175 1838 2225 1897 §-
2264 1833 2384 1883 680.
2456 1833 2615 1884 Unde
2651 1832 2738 1881 hic

1648 1905 1753 1953 erit
1772 1919 1990 1953 sensus:
2030 1907 2243 1967 „etenim
2263 1919 2462 1963 comam,
2487 1919 2631 1968 quum
2649 1918 2738 1952 an-

1649 1983 1732 2024 tea
1769 1980 1865 2025 non
1889 1976 2115 2036 alerem,
2150 1975 2267 2024 inde
2303 1972 2367 2022 ab
2389 1972 2482 2020 hoc
2518 1983 2742 2035 tempore

1649 2053 1707 2093 ut
1759 2047 1955 2094 alerent
1998 2046 2106 2107 leye
2152 2043 2499 2093 sanxerunt.“
2582 2041 2741 2102 Quod

1652 2114 1722 2162 ad
1761 2114 1935 2178 ipsam
1971 2129 2083 2163 rem
2125 2113 2352 2174 attinet,
2399 2110 2496 2160 alii
2539 2126 2744 2160 morem

1651 2183 1934 2233 Laconum
1951 2220 1963 2243 ‚
1995 2199 2061 2231 ex
2085 2198 2191 2247 quo
2215 2196 2397 2232 comas
2421 2180 2629 2231 alerent
2651 2194 2752 2229 an:

1655 2253 1984 2316 tiquioribus
2012 2253 2362 2317 temporibus,
2400 2252 2470 2301 ab
2494 2253 2613 2315 ipso
2638 2251 2744 2314 Ly-

1657 2337 1826 2387 curgo
1874 2324 1982 2371 iam
2018 2322 2329 2371 institutum
2376 2336 2496 2371 esse
2533 2320 2742 2370 volunt.

1657 2392 1815 2441 Conf.
1872 2391 2119 2456 Xenoph.
2173 2390 2374 2441 Laced.
2421 2390 2587 2441 Polit.
2643 2390 2741 2439 XI.

1658 2465 1707 2524 §-
1736 2462 1786 2513 3.
1815 2460 1938 2511 coll.
1963 2461 2241 2511 Plutarch.
2269 2460 2507 2525 Lysand.
2536 2475 2656 2523 cap.
2694 2459 2740 2508 1.

1655 2546 1708 2595 Ρ.
1750 2530 1854 2581 433
1884 2532 1931 2581 F
1976 2536 2031 2580 et
2077 2530 2396 2581 Philostrat.
2435 2529 2545 2581 Vit.
2583 2524 2743 2594 Apol-

1656 2599 1768 2652 lon.
1794 2601 1902 2663 111,
1937 2602 2019 2651 15.
2047 2616 2100 2665 Ρ.
2134 2600 2249 2652 106.
2277 2600 2434 2662 VIII,
2458 2599 2508 2650 6.
2535 2616 2590 2681 Ρ.
2618 2598 2740 2661 335,

1660 2671 1755 2721 ubi
1786 2671 2087 2720 Leonidam
2114 2686 2323 2720 comam
2359 2669 2507 2719 alere
2539 2670 2630 2719 inv
2635 2668 2745 2718 eui-

1659 2756 1777 2791 mus
1807 2741 2143 2790 fortitudinis
2179 2755 2376 2801 causa,
2415 2755 2520 2804 quo
2553 2739 2744 2788 amicis

1658 2811 1836 2876 magis
1880 2811 2221 2860 venerandus
2263 2815 2317 2860 et
2352 2809 2600 2859 hostibus
2637 2815 2744 2858 ter-

1659 2879 1869 2930 ribilior
1901 2880 2196 2930 videretur.
2247 2879 2386 2930 Add.
2424 2878 2742 2929 Philostrat.

1659 2950 1879 3000 Heroic.
1919 2966 1969 3014 p.
2011 2950 2129 3000 132.
2167 2950 2264 2999 511
2320 2949 2646 2999 Boissonad.
2689 2954 2745 2997 et

1661 3020 1733 3070 cf.
1763 3020 1822 3070 C.
1845 3020 1908 3069 F.
1932 3021 2230 3069 Hermann.
2250 3020 2473 3083 Antiqq.
2499 3019 2744 3069 Laconn.

1661 3105 1712 3153 p.
1748 3089 1837 3140 88.
1922 3089 2126 3138 Contra
2173 3089 2238 3137 de
2282 3089 2559 3138 Laconica
2607 3087 2742 3153 lege,

1659 3174 1799 3224 quae
1834 3166 2133 3223 mystacem
2159 3159 2300 3208 alere
2331 3159 2584 3220 vetabat,
2621 3156 2746 3208 Plu-

1657 3228 1833 3278 tarch.
1870 3228 1937 3277 de
1972 3229 2087 3278 Ser.
2128 3230 2196 3279 N.
2241 3229 2404 3279 vind.
2459 3243 2511 3292 p.
2553 3195 2656 3278 5’50
2681 3228 2743 3291 Β,

1656 3297 1753 3347 ubi
1790 3299 2000 3349 consul.
2029 3298 2425 3380 Wyttenbach.
2452 3314 2578 3364 pag.
2618 3299 2705 3348 25.

1731 3358 1834 3416 τὸν
1870 3362 1933 3416 δὲ
1978 3364 2078 3417 ἕνα
2117 3364 2340 3433 λέγουσι
2370 3359 2472 3417 τὸν
2508 3367 2747 3431 περιλει-

1661 3432 1890 3499 φθέντα
1905 3436 2020 3486 τῶν
2037 3435 2402 3502 τριηκοσίων]
2419 3439 2502 3488 De
2514 3436 2748 3502 Othrya—

1664 3506 1766 3555 dae
1801 3506 1950 3556 exitu
1985 3507 2202 3558 diversa
2243 3513 2554 3571 narrantur.
2629 3507 2747 3557 Sui-

1664 3576 1763 3625 das
1801 3590 1846 3625 s.
1884 3593 1938 3627 v,
1982 3577 2316 3643 Othryadem
2363 3578 2464 3627 sub
2515 3577 2746 3626 mortuis

1659 3645 1949 3709 latentem,
2004 3663 2125 3697 cum
2168 3647 2361 3711 Argivi
2417 3663 2475 3697 se
2518 3647 2749 3711 recepis-

1663 3721 1810 3778 sent,
1842 3717 2033 3766 scribit
2057 3719 2371 3781 provenissc
2400 3732 2465 3767 ac
2488 3718 2612 3767 dein
2638 3732 2749 3766 ere-

1663 3789 1752 3836 cto
1777 3790 2002 3851 tropaeo
2039 3788 2241 3838 obiisse
2277 3803 2341 3837 eo
2368 3788 2486 3852 ipso
2525 3788 2582 3837 in
2603 3787 2747 3837 1000.

1660 3857 1800 3906 Eum
1848 3856 2003 3920 sequi
2049 3858 2268 3907 videtur
2314 3858 2559 3908 Theseus
2605 3856 2749 3923 apud

1664 3925 1958 3976 Stobaeum
1991 3925 2027 3976 l.
2063 3925 2099 3977 l.
2140 3928 2198 3977 in
2236 3927 2458 3993 reliquis
2495 3942 2616 3977 cum
2638 3928 2748 3977 He-

2605 3998 2750 4059 Quo-

1664 4081 1786 4115 cum
1815 4067 1977 4116 etiam
2007 4067 2261 4117 convenit
2279 4068 2632 4132 Epigramma
2657 4067 2749 4117 Ni-

1664 4136 1855 4186 candri
1887 4137 1944 4186 in
1971 4137 2229 4187 Brunckii
2265 4137 2541 4189 Analectt.
2574 4139 2639 4188 T.
2668 4137 2746 4187 11.

1662 4222 1712 4270 p.
1746 4207 1778 4256 2
1816 4205 1940 4256 coll.
1986 4207 2098 4256 alio
2134 4208 2542 4272 Epigrammata
2577 4208 2746 4258 Simo-

1661 4274 1834 4339 nidis,
1886 4281 1948 4326 ut
1982 4277 2191 4339 ferunt,
2256 4278 2388 4327 ibid.
2429 4278 2472 4328 Ι.
2525 4293 2580 4342 p.
2626 4276 2746 4328 130.

1661 4346 1726 4394 In
1771 4346 1953 4396 omnia
1995 4346 2106 4396 alia
2151 4314 2267 4397 a’bit
2314 4349 2621 4397 Pausanias
2669 4346 2745 4408 II,

1659 4414 1745 4466 20.
1817 4416 1978 4481 Argis
2013 4417 2255 4482 conspici
2290 4422 2478 4468 narrat
2510 4421 2748 4467 statuam

1664 3995 1858 4045 rodoto
1896 3997 2143 4061 quamvis
2180 3998 2545 4049 consentiens.
