3109 5092
644 279 1177 344 EXOURSUS
1225 283 1349 345 VII
1393 283 1523 344 AD
1572 286 2083 350 HERODOT.
2127 291 2224 365 ΙΙ,
2270 298 2359 355 53.
2514 289 2636 355 855

1066 698 1712 778 EXOURSUS
1776 702 1932 779 VII

822 867 995 932 AD
1084 868 1993 957 HERODOT.‚11,
2086 877 2185 939 53.

608 1213 796 1290 Οὗτοι
831 1227 897 1292 δέ
923 1228 1036 1290 εἰσι
1068 1229 1133 1289 οἱ
1157 1222 1509 1306 ποιήσαντες
1537 1231 1863 1312 θεογονίην
1880 1221 2136 1308 ΓἘλλησι
2181 1254 2237 1292 κ.
2269 1255 2317 1292 τ.
2348 1236 2398 1293 λ.

533 1389 687 1441 Haec
716 1389 915 1457 verba,
971 1388 1030 1441 in
1071 1388 1275 1459 quibus
1312 1389 1651 1459 explicandis
1690 1388 1914 1442 multum
1947 1388 2292 1442 desudarunt
2321 1390 2427 1442 viri
2466 1390 2631 1459 docti,

291 1466 310 1479 ⁰
367 1491 488 1526 cum
525 1473 767 1543 proxime
800 1474 1257 1527 antecedentibus
1293 1468 1569 1540 (Ησιόδον
1599 1469 1704 1543 γὰρ
1735 1471 1833 1528 καὶ
1848 1466 2097 1543 Ὅμηρον
2124 1466 2348 1543 ἡλικίην
2375 1493 2632 1544 τετρακο-

366 1561 532 1612 σίοισι
565 1553 717 1612 ἔπεσι
751 1555 924 1612 δοκέω
965 1577 1069 1628 μευ
1109 1556 1507 1631 πρεσβυτέρους
1544 1557 1826 1629 γενέσθαι,
1868 1555 1965 1613 καὶ
2007 1551 2075 1612 οὗ
2113 1556 2336 1631 πλέοσι)
2386 1559 2465 1611 ita
2499 1578 2631 1613 con·

365 1644 557 1696 iuncta
593 1660 719 1696 esse
753 1643 1037 1711 existimo,
1084 1648 1148 1697 ut
1180 1645 1361 1713 ipsius
1395 1644 1688 1713 scriptoris
1722 1643 2049 1697 sententiam
2095 1642 2377 1696 declarent
2419 1648 2527 1696 tam
2561 1644 2630 1698 de

364 1728 602 1780 Homero
643 1732 699 1780 et
732 1728 981 1781 Hesiodo
1016 1729 1142 1799 ipso
1177 1732 1346 1799 (quos
1386 1746 1521 1782 sane
1553 1735 1749 1799 poetas
1789 1727 1980 1796 habet,
2028 1727 2124 1798 qui
2159 1745 2355 1780 revera
2388 1728 2632 1783 vixerint

365 1813 770 1882 carminumque
793 1813 1136 1884 quorundam
1159 1819 1416 1866 auctores
1441 1813 1790 1880 exstiterint,
1832 1828 2012 1882 neque
2034 1815 2245 1864 tantum
2268 1812 2629 1880 significatio·-

366 1915 487 1950 nem
520 1897 841 1957 contineant
876 1898 1073 1951 aetatis
1099 1898 1382 1953 cuiusdam
1401 1937 1416 1965 ,
1452 1899 1508 1950 in
1534 1915 1644 1968 qna
1676 1897 1915 1950 carmina
1936 1897 2021 1949 his
2052 1897 2194 1966 ipsis
2217 1898 2398 1967 poetis
2420 1897 2631 1951 tributa

366 1981 721 2052 complurium
765 1983 1240 2052 hominum-opera
1283 1984 1533 2036 confecta
1564 1982 1739 2050 sint),
1791 1998 1952 2052 quam
1985 1982 2054 2035 de
2092 1981 2386 2052 utriusque
2430 1987 2627 2051 poetae

366 2066 715 2134 carminibus,
740 2084 882 2136 quae
903 2069 1180 2135 feruntur,
1213 2068 1621 2138 eorundemque
1649 2067 1704 2120 vi
1730 2067 1789 2119 in
1818 2083 2025 2121 omnem
2048 2068 2383 2119 Graecorum
2415 2067 2628 2137 opinio-

365 2168 486 2203 nem
515 2151 583 2203 de
607 2151 714 2203 diis
738 2169 801 2203 ac
822 2153 991 2204 rebus
1011 2152 1246 2220 divinis3
1285 2170 1406 2204 cum
1443 2152 1586 2205 enim
1608 2153 1810 2205 Graeci
1843 2157 2007 2205 antea
2030 2152 2164 2204 deos
2204 2169 2236 2203 a
2257 2150 2512 2221 Pelasgis
2537 2169 2626 2205 ac-

365 2240 557 2305 ceptos
593 2236 784 2289 horum
819 2237 1065 2306 ipsorum
1098 2254 1246 2290 more
1277 2236 1610 2305 coluissent,
1648 2238 1887 2290 nondum
1925 2237 2221 2290 distinctos
2256 2254 2320 2289 ac
2352 2238 2625 2291 discretos

364 2324 420 2373 et
455 2321 765 2373 nominibus
797 2325 854 2373 et
892 2321 1246 2391 muneribus,
1290 2322 1388 2375 sed
1424 2323 1483 2374 in
1519 2322 1837 2375 universum
1874 2323 2099 2375 deorum
2128 2322 2195 2394 (i.
2222 2340 2269 2375 e.
2299 2323 2475 2376 omnia
2496 2340 2626 2376 con-

363 2405 709 2458 stituentium
743 2410 800 2458 et
834 2406 1228 2473 ordinantium,
1272 2408 1343 2460 cf.
1371 2407 1447 2475 11,
1477 2406 1587 2474 52)
1631 2407 1847 2460 nomine
1885 2407 2218 2478 appellatos,
2263 2408 2365 2459 iam
2400 2408 2627 2461 Homeri

363 2496 530 2560 atque
552 2489 786 2543 Hesiodi
820 2488 985 2559 operd
1018 2491 1273 2544 effectum
1305 2509 1430 2544 esse
1453 2492 1662 2544 Noster
1697 2493 1916 2559 scribit,
1968 2499 2027 2544 ut
2049 2492 2279 2557 Graeci,
2318 2491 2511 2544 relicta
2532 2491 2627 2544 illa

364 2575 498 2627 deos
542 2574 756 2627 colendi
786 2575 1001 2628 ratione
1033 2575 1160 2628 rudi
1184 2593 1217 2627 a
1238 2575 1489 2644 Pelasgis
1511 2575 1743 2643 tradita,
1783 2576 2034 2644 singulos
2057 2575 2193 2627 deos
2214 2575 2628 2643 distinguerent

365 2676 664 2728 eorumque
702 2658 947 2727 origines
994 2665 1051 2712 et
1091 2661 1483 2727 generationes
1520 2660 1952 2727 constituerent,
2007 2659 2207 2712 deinde
2241 2658 2481 2727 singulis
2516 2658 2623 2712 diis

363 2743 580 2796 nomina
618 2760 842 2814 quoque
863 2743 1176 2797 tribuerent
1191 2762 1489 2815 eorumque
1512 2744 1697 2796 munia
1718 2761 1781 2796 ac
1813 2745 1937 2796 iura
1959 2743 2342 2796 describerent
2372 2744 2623 2796 formam-

366 2844 475 2897 que
500 2828 894 2897 exprimerent,
930 2846 1073 2898 quae
1102 2829 1172 2881 ad
1205 2829 1487 2882 humanam
1521 2829 1808 2881 accederet
1827 2828 2002 2896 magis
2036 2828 2353 2898 magisque,
2399 2828 2536 2881 adeo
2562 2832 2626 2880 ut

367 2913 435 2964 ab
472 2913 573 2965 hoc
607 2913 736 2965 inde
772 2917 1015 2982 tempore
1049 2913 1224 2966 altera
1256 2914 1417 2984 quasi
1450 2912 1713 2984 periodus
1744 2913 1801 2965 in
1842 2913 2012 2966 rebus
2036 2913 2375 2966 Graecorum
2415 2912 2623 2966 divinis

361 2997 766 3050 constituendis
788 2997 1006 3050 initium
1041 2998 1279 3067 ceperit,
1342 2998 1637 3051 eorundem
1676 3004 1959 3068 poetarum
2001 2996 2169 3067 opera
2203 2997 2467 3065 adducta,
2502 3015 2621 3050 cum

366 3081 578 3135 scilicet
608 3082 743 3136 deos
796 3082 1119 3137 exhiberent
1149 3083 1325 3152 magis
1358 3084 1426 3136 ad
1459 3083 1731 3136 hominum
1765 3083 1980 3136 modum
2016 3089 2073 3133 et
2100 3082 2368 3135 rationem
2402 3084 2620 3136 confor-

358 3173 534 3220 matos
571 3185 748 3238 eoque
785 3170 1434 3239 anthropomorpht'stieam
1470 3186 1629 3239 quam
1652 3174 1854 3220 vocant
1883 3168 2108 3221 deorum
2142 3169 2621 3220 conformationem

364 3252 714 3321 perficerent.
778 3250 863 3303 Ad
897 3254 1035 3305 hanc
1069 3253 1212 3305 enim
1248 3255 1558 3322 pertinent,
1605 3270 1747 3322 quae
1777 3253 1987 3305 Noster
2018 3252 2103 3304 his
2130 3251 2370 3304 declarat
2407 3251 2622 3304 verbis=

363 3324 521 3388 οὗτοι
554 3332 617 3389 δέ
654 3332 757 3388 εἰσι
791 3331 850 3387 οἱ
876 3331 1209 3405 ποιήσαντες
1242 3339 1547 3406 θεογονίην
1563 3329 1787 3404 Ἕλλησι
1818 3334 1916 3389 καὶ
1944 3341 2089 3389 τοῖσι
2122 3337 2308 3388 θεοῖσι
2340 3330 2440 3395 τὰς
2482 3329 2623 3387 ἕπω-

363 3419 561 3486 νυμίας
585 3412 777 3480 δόντες
813 3417 910 3473 καὶ
932 3415 1095 3490 τιμάς
1130 3440 1188 3475 τε
1219 3419 1317 3474 καὶ
1346 3418 1537 3490 τέχνας
1560 3414 1862 3489 διελόντες,
1906 3416 2003 3472 καὶ
2044 3418 2195 3473 εἴδεα
2226 3411 2412 3471 αὐτῶν
2451 3411 2625 3486 σημή-

359 3504 589 3569 ναντεςς
630 3502 686 3555 in
712 3502 917 3571 quibus
941 3522 1082 3574 quae
1111 3505 1270 3557 initio
1300 3505 1563 3573 leguntur
1584 3506 1781 3557 verbat
1823 3490 1980 3558 οὗτοι
2001 3500 2063 3556 δέ
2087 3498 2190 3555 εἰσι
2213 3497 2272 3555 οἰ
2291 3495 2622 3571 ποιήσαντες

360 3587 666 3657 θεογονίην
691 3579 941 3659 Ἕλλησι,
986 3588 1273 3659 plurimum
1314 3593 1684 3641 exercuerunt
1704 3588 1856 3640 viros
1877 3587 2070 3639 doctos
2104 3586 2173 3638 de
2194 3586 2619 3656 significatione,

361 3689 505 3744 quae
528 3674 699 3725 verbo
719 3678 904 3727 ποιεῖν
927 3674 984 3726 in
1010 3673 1094 3725 his
1116 3673 1412 3726 tribuenda
1439 3674 1541 3740 sit,
1581 3672 1922 3743 potissimum
1956 3671 2346 3741 disceptantes.
2403 3671 2620 3724 Etenim

358 3760 658 3814 inventores
685 3758 1043 3826 Theogoniae
1081 3764 1246 3811 antea
1279 3758 1510 3810 Graecis
1553 3758 1779 3826 ignotae
1809 3757 2104 3809 Homerum
2139 3759 2195 3808 et
2224 3756 2526 3810 Hesiodum
2569 3757 2618 3809 si

361 3845 574 3897 Noster
608 3843 925 3912 significare
958 3843 1226 3912 voluerit,
1271 3849 1369 3895 aut
1402 3843 1610 3896 erroris
1633 3848 1731 3895 aut
1760 3842 2161 3912 imprudentiae
2193 3858 2345 3895 reum
2371 3844 2492 3895 fore
2520 3860 2619 3913 pa·

362 3934 501 3982 trem
530 3928 791 3982 historiae
826 3929 1125 3997 putabant,
1171 3946 1298 4002 cum⁴
1327 3934 1564 3998 uterque
1584 3931 1748 3998 poeta
1772 3944 1915 3997 quae
1937 3927 2005 3980 de
2034 3926 2141 3979 diis
2177 3927 2465 3994 cecinerit,
2508 3945 2617 3980 non

365 4018 430 4064 ut
453 4030 598 4064 nova
622 4018 679 4066 et
712 4029 745 4065 a
771 4030 834 4066 se
857 4013 1085 4082 primum
1121 4014 1432 4083 excogitata
1462 4013 1742 4080 exhibeat,
1796 4013 1896 4065 sed
1934 4017 2205 4080 tamquam
2241 4013 2464 4081 cognita
2497 4018 2554 4064 et
2587 4029 2620 4063 a

364 4096 665 4149 maioribus
701 4102 951 4167 accepta3
997 4098 1237 4167 indeque
1276 4098 1425 4152 aliud
1473 4098 1608 4167 quid
1638 4099 1808 4151 verbo
1846 4102 2030 4151 ποιεῖν
2074 4096 2161 4148 hic
2206 4096 2471 4150 declarari
2513 4096 2617 4148 iam

365 4181 584 4233 censuit
611 4181 1056 4252 wesselingius,
1095 4201 1205 4252 quo
1239 4188 1462 4235 auctore
1495 4182 1575 4234 illi
1596 4188 1791 4253 poetae
1813 4184 2149 4235 Graecorum
2191 4181 2415 4235 deorum
2451 4198 2620 4249 gene-

367 4265 637 4319 rationem
663 4283 771 4318 non
797 4271 906 4319 tam
929 4264 1246 4320 condidisse
1268 4272 1435 4337 atque
1458 4267 1743 4321 invenisse
1766 4283 1926 4337 quam
1948 4268 2178 4321 versibus
2199 4271 2407 4319 tantum
2429 4265 2623 4320 descri-

357 4351 522 4421 psisse
567 4356 734 4421 atque
769 4369 999 4405 ornasse
1045 4352 1276 4424 putandi
1313 4357 1475 4420 sunt3
1526 4352 1798 4422 affertque
1832 4352 1972 4405 idem
2007 4351 2094 4403 vir
2127 4351 2325 4404 doctus
2365 4350 2434 4403 ad
2486 4350 2623 4402 hanc
