3109 5092
456 367 494 429 s
676 344 723 365 ²
1326 360 1865 424 HERODOTI

456 544 755 629 πρῶτον·
824 535 989 625 μετὰ
1026 536 1102 606 δὲ
1140 540 1351 605 ταῦτα
1391 532 1730 628 Ἑλλήνων
1765 535 1951 618 τινας
1986 535 2096 623 (οὐ
2134 535 2263 627 γὰρ
2313 542 2540 625 ἔχουσι
2579 532 2738 605 τοῦ-

458 671 631 732 νομα
673 639 1177 730 ἀπηγήσασθαι)
1224 641 1390 727 φασὶ
1423 647 1539 730 τῆς
1576 645 1899 729 Φοινίκης
1944 644 2011 721 ἐς
2050 641 2270 729 Τύρον
2306 638 2741 730 προσχόντας,

458 742 753 836 ἁρπάσαι
804 750 926 817 τοῦ
984 744 1290 833 βασιλέος
1349 741 1475 835 τὴν
1542 746 1892 835 θυγατέρα
1937 742 2314 835 Εὐρώπην·
2388 754 2624 832 εἴησαν
2672 742 2738 815 δ’

456 963 600 1010 nem,
636 962 778 1011 quae
828 962 895 996 ex
940 946 1138 996 Aldina
1183 945 1340 995 fluxit
1384 950 1551 1012 atque

455 1032 565 1068 uno
622 1016 763 1067 libro
810 1016 1023 1066 Veneto
1080 1015 1368 1080 probatur,
1424 1017 1553 1067 reti-

455 1088 670 1137 nuimus
694 1086 1038 1152 potissimum
1055 1090 1277 1150 propter
1301 1100 1384 1148 ea,
1410 1100 1553 1152 quae

458 1174 508 1208 c.
567 1158 619 1207 5.
669 1155 944 1221 leguntur.
1011 1153 1315 1219 Schweigh.
1387 1162 1553 1220 atque

458 1225 634 1277 Gaisf.
681 1224 830 1275 haud
878 1224 1090 1302 invitisn
1116 1222 1440 1288 quibusdam
1486 1223 1549 1273 li-

456 1295 569 1345 bris
618 1295 1017 1359 rescripserunt
1089 1291 1359 1355 Ελληνες,
1405 1293 1550 1358 quod

456 1364 767 1415 Pausaniae
801 1362 877 1425 11,
915 1362 980 1413 16
1008 1363 1320 1412 testimonio
1361 1364 1552 1429 utique

457 1432 679 1498 probari
713 1431 933 1494 volunt,
974 1430 1235 1498 quodque
1271 1433 1435 1483 etiam
1470 1449 1551 1483 re—

459 1507 628 1552 centt.
702 1501 824 1552 edd.
899 1500 1202 1552 ediderunt.
1283 1503 1552 1554 Matthiae

457 1572 596 1622 bene
655 1571 881 1621 retinuit
950 1569 1241 1635 Φοίνικες,
1301 1572 1552 1638 idemque

459 1656 626 1706 quam
666 1641 899 1691 maxime
932 1641 1155 1691 retineri
1204 1641 1323 1692 vult
1359 1659 1552 1693 censor

458 1711 513 1760 in
557 1710 787 1775 Ephem.
820 1710 1068 1761 Ienenss.
1104 1711 1259 1762 1817.
1303 1728 1386 1763 nr.
1429 1712 1547 1764 163.

458 1795 514 1845 p.
561 1779 686 1831 368.
739 1785 905 1845 atque
958 1780 1166 1830 Herold
1212 1782 1270 1830 iu
1315 1781 1546 1847 Specim.

458 1849 724 1901 Emendd.
738 1848 1031 1902 Herodott.
1054 1850 1397 1916 Norimberg.
1418 1851 1551 1903 1850

460 1918 634 1981 edito,
718 1920 1061 1984 improbante
1135 1920 1418 1972 Dietschio
1494 1923 1550 1972 in

458 1989 690 2040 Jahrbb.
725 1989 765 2040 f.
807 1989 1006 2042 Philol.
1039 2006 1094 2040 u.
1130 1989 1371 2056 Paedag.
1401 1992 1549 2044 LXI.

458 2073 492 2122 p
528 2115 585 2183 ἐς
625 2117 821 2188 Τύρον
856 2119 1232 2193 προσχόντας]
1271 2119 1552 2193 προσχόν-

457 2209 558 2252 vac
595 2209 781 2245 omnes
815 2195 943 2245 libri
970 2194 1290 2246 Herodotei.
1337 2198 1552 2248 Rescri-

458 2264 571 2330 psit
602 2263 905 2329 Schweigh.
930 2257 1340 2328 προσσχόντας,
1380 2265 1553 2330 dupli-

460 2337 587 2384 cata
620 2331 800 2395 litera,
829 2349 952 2384 cum
988 2332 1284 2384 descendat
1320 2350 1353 2383 a
1382 2336 1549 2385 verbo

458 2398 774 2466 προσέχειν.
849 2402 955 2453 Sed
997 2401 1259 2452 librorum
1313 2405 1553 2454 omnium

459 2471 847 2522 auctoritatem
865 2474 1049 2521 tuetur
1071 2472 1370 2525 Grammat.
1386 2474 1551 2524 Grae-

459 2555 554 2595 Qus
600 2540 855 2605 (Gregor.
904 2539 1150 2591 Corinth.
1207 2557 1263 2605 p.
1312 2542 1417 2595 680
1463 2542 1550 2594 ed.

459 2608 721 2674 Schaef.)‚
759 2610 1042 2676 vulgatam
1070 2610 1296 2662 formam
1328 2617 1552 2677 propter

454 2678 784 2799 θΗηὶῙιίἓοὲιίιῗιη
796 2681 983 2800 (gisi31
985 2680 1549 2816 εῗοῐξξίὶεθπέἕὲχθέἴ

384 2836 391 2843 ·
457 2833 575 2880 τας,
619 2821 683 2868 ut
732 2817 880 2868 infra
930 2818 976 2881 1,
1038 2817 1125 2870 86.
1173 2820 1249 2883 11,
1303 2820 1404 2872 136
1455 2821 1550 2871 fin.

460 2888 577 2939 182.
616 2902 719 2936 nec
746 2902 967 2938 moveor
1002 2888 1090 2947 iis,
1128 2904 1269 2952 quae
1307 2889 1552 2955 disputa-

455 2956 539 3004 vit
595 2955 828 3005 Bredov.
896 2973 950 3021 p.
1008 2957 1112 3007 100
1168 2960 1553 3023 perspicuitati

458 3022 846 3075 consulendum
908 3039 1029 3074 esse
1087 3030 1266 3076 ratus:
1328 3043 1437 3091 qua
1484 3029 1552 3080 de

457 3108 626 3143 causa
694 3092 887 3156 opinor
956 3094 1124 3143 etiam
1168 3095 1422 3147 Dindorf.
1497 3103 1551 3147 et

455 3161 704 3212 Dietsch.
737 3163 1075 3226 scripserunt
1130 3158 1544 3231 προσσχόντας,

457 3230 618 3281 litera
649 3231 946 3295 geminata,
978 3245 1139 3296 quam
1176 3249 1242 3283 ex
1282 3250 1404 3284 mea
1432 3237 1549 3299 qui-

457 3299 579 3349 dem
635 3300 910 3350 sententia
977 3316 1152 3365 neque
1212 3303 1547 3368 Herodotus,

457 3384 633 3434 neque
685 3368 983 3432 Sophocles
1034 3369 1131 3434 (de
1175 3386 1283 3436 quo
1329 3372 1439 3423 dixi
1490 3377 1547 3424 in

455 3438 677 3489 Annali.
716 3438 1105 3505 Heidelbergg.
1148 3440 1301 3493 1852.
1350 3460 1404 3506 p.
1444 3444 1549 3495 936

457 3505 603 3573 seq.)
646 3522 822 3572 neque
877 3507 1225 3573 Thucydides
1280 3513 1419 3579 (vid.
1469 3514 1547 3563 in-

454 3581 703 3642 terprett.
754 3577 825 3628 ad
870 3579 917 3641 1,
965 3576 1058 3643 15)
1102 3595 1279 3646 neque
1309 3582 1403 3633 alii
1456 3584 1547 3633 ad-

453 3647 738 3698 miseruut.

522 3705 776 3778 ἁρπάσαι
804 3713 910 3766 τοῦ
932 3714 1187 3782 βασιλέος
1221 3714 1329 3786 τὴν
1362 3720 1545 3788 θυγα-

451 3779 584 3845 τέρα
620 3774 934 3850 Εὐρώπην]
972 3787 1056 3836 De
1098 3789 1343 3855 Europa,
1391 3793 1545 3858 Tyrii

453 3852 600 3916 regis
638 3850 754 3899 filia
788 3868 823 3901 a
858 3853 1001 3904 Jove
1047 3858 1147 3906 sub
1185 3861 1329 3909 tauri
1362 3863 1543 3926 specie

451 3924 613 3985 rapta
646 3923 703 3969 et
735 3921 793 3969 iu
836 3920 1053 3972 Cretam
1100 3929 1372 3980 translata
1407 3935 1543 3981 vett.

454 3990 667 4053 scriptt.
717 3989 867 4040 locos
920 3991 1175 4045 exhibent
1220 3998 1543 4062 interpretes

454 4059 522 4109 ad
561 4058 746 4109 Ovidii
779 4061 1004 4111 Heroid.
1042 4062 1137 4123 IV,
1177 4067 1264 4115 55.
1311 4067 1432 4127 Qua
1467 4069 1547 4119 fa-

449 4125 582 4178 bula
630 4127 765 4177 nihil
821 4129 969 4180 aliud
1026 4132 1138 4182 nisi
1184 4134 1426 4186 colonias
1479 4139 1536 4187 in

450 4196 669 4246 Cretam
720 4213 753 4247 a
798 4198 1163 4252 Phoenicibus
1212 4202 1406 4255 ductas
1465 4208 1535 4256 si-

448 4264 694 4328 gnificari
741 4267 886 4331 quod
936 4272 1216 4321 contendit
1250 4275 1535 4341 Boettiger

447 4333 711 4407 Ideeu'z.
750 4336 1153 4402 Kunstmythol.
1190 4359 1244 4406 p.
1283 4341 1387 4394 307
1415 4360 1531 4410 seq.

446 4418 653 4466 vereor,
693 4418 761 4454 ne
792 4408 1114 4459 arctioribus
1140 4409 1333 4463 finibus
1368 4413 1531 4465 huius

1654 946 1874 998 fabulae
1915 948 2027 998 vim
2073 949 2417 1012 concluserit,
2466 964 2628 1013 quam
2673 947 2743 999 ad

1653 1017 1946 1082 religiones
2008 1034 2183 1083 aeque
2236 1023 2403 1086 atque
2455 1018 2525 1069 ad
2575 1019 2746 1069 histo-

1653 1087 1791 1136 riam
1837 1088 2187 1154 gentiumque
2231 1090 2584 1156 migrationes
2627 1105 2744 1155 per-

1655 1155 1854 1219 tinere,
1904 1159 2040 1208 satis
2077 1164 2314 1212 constat.
2384 1161 2602 1211 Etenim
2637 1162 2745 1211 Eu-

1653 1241 1805 1289 ropa,
1841 1227 1994 1292 regia
2027 1228 2181 1293 virgo
2211 1246 2245 1280 a
2275 1232 2416 1282 Jove
2452 1235 2628 1295 rapta,
2664 1229 2745 1279 lu-

1653 1310 1840 1345 narem
1863 1295 2020 1347 deam
2059 1299 2280 1350 exhibet
2318 1316 2429 1350 non
2471 1300 2633 1351 aliam
2666 1304 2746 1350 at-

1654 1380 1758 1429 que
1793 1365 2018 1429 Jonem‚
2056 1368 2334 1432 Astarten,
2361 1369 2517 1433 alias,
2559 1370 2747 1435 quales

1654 1435 1954 1498 antiquitas
1998 1437 2155 1488 finxit
2199 1441 2438 1506 virgines
2485 1440 2644 1491 modo
2689 1441 2749 1490 vi

1653 1508 1842 1568 raptas
1876 1506 2035 1555 modo
2070 1514 2266 1572 sponte
2298 1510 2567 1561 abductas
2600 1515 2654 1560 et
2688 1512 2746 1560 in

1655 1574 1793 1623 alias
1841 1578 2017 1625 terras
2070 1580 2367 1636 translatas
2411 1581 2747 1647 multumque

1653 1643 1928 1708 palantes:
1966 1645 2163 1710 quibus
2212 1651 2630 1715 migrationibus
2665 1635 2747 1701 e?-

1655 1713 1938 1766 roribusve
1982 1720 2233 1766 naturam
2271 1719 2437 1770 lunae
2481 1738 2579 1787 pro
2613 1725 2746 1772 tem-

1655 1799 1786 1849 pore
1832 1787 2211 1835 evanescentis
2260 1790 2425 1852 atque
2470 1791 2746 1842 redeuntis
2829 1814 2836 1822 ·

1654 1855 1712 1902 in
1749 1854 2011 1919 coeloque
2056 1857 2214 1919 quasi
2245 1859 2476 1908 errantis
2513 1861 2745 1913 indicari

1653 1927 1844 1973 notum
1894 1928 1998 1976 est.
2046 1926 2173 1975 Vid.
2224 1927 2444 1977 Hoeck=
2495 1929 2660 1980 Creta
2696 1934 2741 1982 1.

1652 2008 1708 2056 p.
1749 1992 1817 2046 83
1874 2010 2027 2060 seqq.
2072 2011 2137 2045 ac
2171 1997 2462 2062 praecipue
2502 1999 2743 2051 Movere:

1651 2063 1756 2112 Die
1792 2063 2085 2115 Phiinizier
2119 2066 2194 2128 ΙΙ,
2234 2069 2284 2120 2.
2324 2082 2379 2131 p.
2420 2067 2488 2117 66
2525 2084 2638 2133 seq.
2681 2069 2748 2121 78

1654 2148 1807 2197 seqq.
1848 2132 1968 2187 181.
2012 2136 2166 2185 Haec
2204 2136 2327 2200 ipsa
2374 2137 2432 2185 in
2463 2138 2747 2189 Graeciam

1655 2218 1688 2250 a
1708 2201 2070 2253 Phoenicibus
2106 2205 2376 2255 translata
2398 2206 2631 2271 indeque
2670 2224 2749 2258 re-

1654 2276 1814 2334 cepta
1846 2287 1880 2320 a
1916 2273 2141 2323 Graecis
2181 2291 2276 2339 pro
2300 2291 2450 2326 more
2475 2276 2545 2326 ad
2581 2277 2749 2328 histo-

1654 2341 1769 2389 riae
1805 2339 2033 2391 formam
2069 2343 2304 2394 deducta
2349 2360 2415 2395 ac
2454 2346 2542 2395 vel
2574 2348 2748 2413 mag-is

1658 2414 1922 2459 exornata
1955 2410 2128 2461 fuisse
2152 2414 2421 2465 neminem
2461 2415 2630 2479 fugit:
2658 2433 2750 2468 ne-

1658 2493 1763 2543 que
1798 2478 2162 2543 Herodotum,
2201 2482 2345 2547 quod
2379 2486 2644 2549 quosdam
2674 2487 2749 2538 fe-

1658 2548 1801 2597 cisse
1849 2548 2034 2612 video,
2083 2551 2582 2615 reprehendendum
2642 2558 2751 2607 exi-

1658 2616 1891 2681 stimem,
1929 2620 2024 2684 qui
2058 2620 2302 2671 fabulam
2338 2623 2434 2686 ita,
2473 2630 2535 2675 ut
2579 2628 2748 2677 tradi-

1657 2692 1772 2737 tam
1817 2697 2129 2753 acceperat‚
2175 2691 2363 2742 retulit
2400 2694 2485 2744 ·ad
2526 2712 2747 2747 causam

1657 2757 1872 2806 dissidii
1908 2760 2052 2809 inter
2089 2761 2327 2812 Graecos
2376 2770 2431 2812 et
2473 2765 2746 2817 Asiaticos

1653 2827 1899 2878 homines
1936 2831 2042 2879 orti
2078 2831 2473 2895 explicandam.

1725 2893 1927 2959 εἴησαν
1980 2889 2039 2947 δ’
2085 2889 2158 2948 ἂν
2212 2888 2372 2951 οὖτοι
2430 2901 2665 2971 Κρῆτες]
2707 2908 2746 2958 i.

1657 2980 1705 3014 e.
1741 2967 1828 3015 isti
1858 2966 2000 3018 haud
2026 2972 2132 3019 scio
2151 2985 2218 3020 an
2233 2972 2500 3024 Cretenses
2530 2976 2744 3037 fuerint.

1656 3033 1908 3097 Optativi
1961 3053 2118 3088 usum
2175 3054 2243 3088 ex
2303 3041 2359 3092 h.
2424 3041 2460 3092 l.
2517 3046 2746 3097 maxime

1652 3104 2610 3245 33322ffm0331¹3220⁸15²⁰3¹3¹33²
2654 3116 2745 3237 αἳ·

1654 3241 1782 3290 cobs
1803 3241 1872 3291 ad
1885 3244 2099 3297 Aelian.
2111 3248 2180 3297 N.
2194 3249 2260 3297 A.
2283 3249 2358 3309 ΙΙ,
2373 3252 2458 3302 11.
2475 3253 2742 3320 Hartung.

1652 3309 1829 3360 Lehre
1865 3311 1918 3363 d.
1959 3315 2162 3375 griech.
2189 3318 2403 3371 Partik.
2428 3322 2503 3373 II.
2542 3341 2595 3387 p.
2622 3327 2744 3375 255.

1652 3379 1907 3431 Kuehner
1947 3383 2040 3435 Gr.
2067 3384 2160 3435 Gr.
2203 3389 2254 3446 §-
2288 3388 2408 3451 467,
2444 3393 2494 3442 2.
2546 3395 2747 3444 Noster

1649 3447 1786 3498 haec
1824 3452 1991 3502 verba
2040 3454 2288 3506 consulto
2339 3458 2617 3513 addidisse
2667 3465 2747 3512 vi·

1653 3516 1837 3580 detur,
1880 3522 2026 3585 quod
2070 3526 2249 3587 prisco
2296 3525 2389 3578 illo
2433 3545 2569 3581 aevo
2618 3533 2738 3584 Cre¹

1650 3591 1834 3637 tenses
1930 3592 2073 3641 inter
2156 3594 2397 3660 reliquas
2483 3601 2747 3654 Graeciae

1651 3661 1844 3721 gentes
1888 3675 1947 3709 re
1990 3662 2177 3712 navali
2217 3666 2538 3719 excelluisse
2587 3672 2747 3724 adeo-

1651 3741 1756 3791 que
1789 3725 2294 3795 θαλασσοκρατίαν
2332 3738 2634 3792 obtinuisse
2669 3744 2747 3793 fe·

1649 3800 1869 3855 mutar,
1905 3797 2213 3850 latrociniis
2248 3807 2413 3855 maris
2452 3824 2619 3873 quam
2636 3829 2746 3863 ma-

1648 3866 1789 3916 xime
1837 3865 2034 3929 dediti,
2085 3874 2145 3919 ut
2189 3880 2384 3936 sponte
2432 3876 2535 3930 hac
2584 3882 2640 3931 in
2686 3899 2745 3933 re

1649 3936 1953 3987 enarranda
2007 3938 2296 3992 Cretenses
2351 3946 2631 4002 Herodoto
2687 3953 2744 4002 in

1648 4010 1881 4056 mentem
1900 4009 2117 4059 venisse
2127 4010 2274 4062 haud
2295 4015 2566 4070 miremur.
2585 4020 2743 4072 Unde

1647 4076 1991 4138 proverbium
2035 4069 2066 4127 ὁ
2119 4073 2278 4144 Κρὴς
2325 4078 2390 4133 δὲ
2435 4081 2539 4137 τὸν
2587 4082 2738 4138 Πόν-

1640 4156 1760 4204 τον,
1801 4144 1868 4195 de
1905 4162 2011 4209 quo
2048 4150 2270 4213 scripsit
2298 4153 2555 4206 Aristidis
2584 4158 2738 4209 scho-

1638 4209 1807 4262 liasta
1832 4230 1866 4264 a
1894 4216 2222 4270 Frommelio
2246 4223 2502 4289 vulgatus
2529 4241 2580 4287 p.
2616 4226 2730 4277 185.

1640 4280 1764 4331 coll.
1811 4285 2030 4334 Erasmi
2087 4287 2300 4353 Adagg.
2351 4307 2404 4355 p.
2457 4294 2578 4344 653.
2655 4296 2734 4346 Ac

1634 4354 1922 4412 praeterea
1947 4356 2032 4404 Cr.
2074 4356 2232 4406 affert
2260 4359 2561 4422 Thucydid.
2603 4363 2648 4426 1,
2676 4365 2731 4416 4.

1636 4419 1719 4469 Tu
1756 4421 1867 4471 vid.
1908 4423 2085 4474 Marx.
2126 4425 2195 4473 ad
2221 4428 2426 4491 Ephori
2451 4430 2727 4496 Fragmm.
