3109 5092
1064 358 1563 418 EUTERPE.
1608 359 1693 418 11.
1736 366 1828 421 87.
1873 367 1961 420 88.
2521 353 2635 417 621

370 528 527 615 τὸν,
582 525 739 597 οὔτε
785 527 1119 610 ἐξελόντες
1167 528 1293 619 τὴν
1333 529 1591 620 νηδὺν,
1640 527 1806 602 κατὰ
1863 531 1937 600 δὲ
1987 526 2113 618 τὴν
2150 532 2359 618 ἕδρην
2394 527 2643 617 ἐσηθή-

372 653 640 712 σαντες·
749 634 862 700 καὶ
910 632 1343 721 ἐπιλαβόντες
1388 632 1463 703 τὰ
1507 634 1771 724 κλύσμα
1807 640 1922 723 τῆς
1977 630 2191 702 ὀπίσω
2236 627 2403 702 ὁδοῦ
2453 659 2642 719 ταρι-

368 734 647 824 χεύουσι
691 733 810 814 τὰς
856 738 1299 826 προκειμένας
1347 732 1627 827 ἡμέρας·
1733 743 1815 827 τῇ
1877 737 1953 806 δὲ
2000 744 2353 824 τελευταίῃ
2415 736 2642 816 ἐξιεῖσι

370 842 444 907 ἐκ
478 844 596 926 τῆς
632 844 887 926 κοιλίης
921 838 1047 928 τὴν
1077 845 1391 928 κεδρίην,
1423 838 1549 929 τὴν
1580 843 1831 928 ἐσῆκαν
1868 837 2231 930 πρότερον·
2312 834 2354 928 ἡ
2392 838 2467 907 δὲ
2507 844 2642 926 ἔχει

369 942 702 1030 τοσαύτην
733 940 1059 1030 δύναμιν,
1099 939 1267 1012 ὥστε
1303 939 1437 1031 ἅμα
1466 946 1683 1035 ἑωυτῇ
1717 942 1844 1032 τὴν
1878 942 2098 1032 νηδὺν
2129 944 2241 1011 καὶ
2279 939 2360 1011 τὰ
2384 941 2640 1027 σπλάγ-

370 1072 496 1132 χνα
528 1045 1015 1133 κατατετηκότα
1054 1046 1304 1132 ἐξάγει·
1412 1044 1529 1126 τὰς
1570 1047 1647 1116 δὲ
1682 1047 1933 1137 σάρκας
1967 1046 2042 1115 τό
2085 1052 2317 1135 λίτρον
2356 1042 2639 1133 κατατή-

371 1169 507 1217 κει·
615 1149 727 1217 καὶ
783 1146 867 1237 δή
908 1155 1207 1218 λείπεται
1248 1154 1372 1218 τοῦ
1412 1155 1662 1240 νεκροῦ
1709 1149 1784 1218 τὸ
1833 1153 2043 1239 δέρμα
2089 1155 2348 1238 μοῦνον
2395 1150 2507 1216 καὶ
2560 1144 2642 1215 τὰ

369 1248 587 1320 ὀστέα.
692 1250 901 1320 ἐπεὰν
937 1252 1012 1321 δὲ
1049 1258 1259 1320 ταῦτα
1300 1253 1657 1342 ποιήσωσι,
1710 1250 1828 1323 ἀπ’
1876 1244 1976 1322 ὧν
2010 1258 2277 1322 ἔδωκαν
2308 1247 2486 1320 οὕτω
2522 1248 2643 1319 τὸν

368 1352 648 1441 νεκρὸν,
699 1351 905 1424 οὐδὲν
934 1361 1030 1424 ἔτι
1066 1359 1717 1444 πρηγματευθέντες.
1814 1352 1903 1425 Ἡ
1928 1356 2004 1424 δὲ
2039 1362 2227 1446 τρίτη
2260 1360 2733 1444 ταρίχευσίςὸὃ

369 1459 507 1525 ἐστι
541 1452 695 1545 ἥδε,
751 1453 793 1545 ἢ
829 1456 985 1539 τούς
1025 1458 1312 1547 χρήμασι
1351 1456 1883 1549 ἀσθενεστέρους
1917 1458 2243 1542 σκευάζει.
2347 1463 2641 1548 συρμαίῃ

371 1559 822 1649 διηθήσαντες
867 1559 993 1651 τὴν
1034 1571 1298 1650 κοιλίην
1332 1564 1761 1652 ταριχεύουσι
1814 1559 1931 1642 τὰς
1967 1560 2428 1651 ἑβδομήκοντα
2475 1556 2637 1649 ἡμέ-

370 1773 485 1819 ιιοι.
507 1767 578 1818 ad
598 1769 673 1832 11,
694 1768 790 1820 86:
826 1768 1278 1834 παρασχίσαντες
1301 1762 1457 1834 παρὰ

366 1834 471 1903 τὴν
504 1831 785 1901 λαπάρην.

437 1898 568 1957 οὔτε
605 1898 888 1968 ἐξελόντες
931 1898 1039 1971 τὴν
1075 1899 1286 1973 νηδὺν]
1325 1909 1364 1959 i.
1402 1923 1450 1960 e.

365 1980 525 2027 alvum
559 1992 657 2027 non
691 1984 1068 2030 exeam-antes.
1140 1978 1304 2028 Patet
1329 1977 1384 2029 h.
1413 1978 1450 2029 l.

367 2038 553 2110 νηδὺν
587 2052 752 2112 atque
810 2045 1037 2110 κοιλίην
1084 2062 1193 2097 non
1238 2046 1452 2097 differre

365 2114 794 2181 significatione,
840 2119 901 2165 ut
949 2120 1097 2167 recte
1140 2118 1304 2167 etiam
1341 2132 1452 2168 mo-

365 2186 486 2234 nuit
521 2185 824 2265 Schweigh.
862 2185 933 2234 ad
972 2186 1047 2247 11,
1084 2186 1171 2235 86.

433 2248 576 2303 κατὰ
602 2248 664 2303 δὲ
699 2269 802 2319 την
831 2247 1008 2318 ἕδρην
1038 2246 1444 2319 ἐσηθήσαντες]

366 2324 401 2374 ἰ.
426 2340 474 2374 e.
497 2339 596 2386 per
618 2340 762 2373 antam
778 2327 1080 2389 ingerentes.
1153 2326 1293 2374 Nam
1324 2316 1448 2388 ἐση-

365 2392 501 2442 θείν
522 2398 607 2443 est
631 2409 730 2457 per·
762 2397 1026 2457 clysterem
1057 2396 1448 2453 incr-ommittere,

362 2465 625 2528 ingerere,
672 2462 816 2528 qnod
852 2478 974 2514 cum
1015 2464 1286 2529 purgandi
1319 2479 1448 2514 ven·

364 2533 464 2582 tris
504 2547 674 2582 cansa
721 2531 845 2594 fiat,
904 2532 1088 2598 glossa
1134 2533 1448 2583 Herodotea

363 2594 751 2666 ἐσηθήσαντες
785 2602 874 2651 hic
923 2602 1170 2667 exponit:
1217 2594 1447 2652 ὖλίσαν-

361 2684 545 2789 “ffe'ai‘
562 2679 1032 2806 &tfffiffinvtg‘ffi
1077 2731 1296 2804 κλύσμα
1348 2738 1449 2804 τῆς

360 2800 543 2859 ὀπίσω
588 2800 754 2876 ὁδοῦ]
803 2812 843 2861 i.
888 2825 935 2860 e.
990 2810 1272 2860 cohibentes
1325 2810 1452 2861 illud

361 2881 642 2940 lavacrum,
673 2896 737 2931 ne
772 2880 948 2929 eadem
980 2881 1061 2930 oia
1085 2888 1227 2929 retro
1262 2888 1447 2937 exeat,-

360 2940 764 3014 ἐπιλαμβάνειν
800 2948 890 2998 hic
936 2948 1125 2999 eadem
1169 2948 1445 3011 cohibendi,

359 3019 614 3068 retinendi
653 3019 901 3080 notione,
960 3034 1121 3084 qnam
1170 3018 1226 3067 in
1278 3017 1445 3068 verbo

358 3080 811 3153 καταλαμβάνειν
836 3088 1146 3138 notavimus
1177 3086 1246 3136 ad
1283 3087 1328 3152 1,
1358 3088 1444 3137 46.

425 3149 785 3221 ταριχεύουσι
800 3150 902 3215 τὰς
928 3155 1305 3220 προκειμένας
1320 3147 1448 3221 ἡμέ-

360 3226 482 3290 ρας]
522 3228 654 3276 m'tro
689 3225 901 3276 scilicet
934 3241 1029 3291 per
1063 3230 1330 3276 statutum
1366 3242 1447 3275 se·

356 3295 648 3359 ptuaginta
702 3296 908 3346 dierum
967 3310 1277 3357 numerum3
1333 3296 1445 3346 vid.

419 3402 489 3481 ’ἐκ
524 3430 625 3497 τῆς
660 3431 884 3497 κοιλίης
923 3423 1028 3497 τὴν
1063 3430 1323 3497 κεδρίην]
1357 3448 1444 3482 κε-

357 3498 491 3565 δρίη
542 3506 628 3551 est
665 3505 838 3552 resina
872 3503 1084 3553 cedrina
1129 3518 1174 3552 s.
1216 3495 1278 3552 τό
1326 3493 1444 3552 άπὸ

354 3568 462 3619 τοῦ
497 3567 706 3634 κέδρου
747 3564 956 3634 ἅλειφα
999 3563 1333 3653 γινόμενον,
1382 3576 1445 3621 nt

357 3654 523 3705 supra
563 3631 721 3690 dixit.
786 3641 916 3690 Mox
958 3656 1063 3705 την
1111 3633 1300 3704 νηδύν
1341 3649 1444 3690 εισ-

355 3710 574 3760 maclmm
616 3725 723 3759 cum
755 3712 1000 3761 intestinis
1032 3710 1143 3760 dici
1189 3711 1446 3760 observat

357 3779 697 3844 Schweigh.;
734 3770 803 3828 τὰ
840 3771 1131 3843 σπλάγχνα
1164 3795 1294 3829 vero
1324 3794 1447 3830 esse

356 3849 630 3911 nobiliora,
677 3864 819 3914 qnae
854 3848 1019 3913 vulgo
1058 3849 1335 3910 dicantur,
1374 3852 1446 3899 vi-

355 3932 526 3968 scera.
599 3917 665 3968 In
703 3933 855 3983 seqq.
895 3933 1016 3968 cum
1053 3918 1230 3970 Gaias.
1257 3918 1446 3967 rescri-

358 3987 441 4050 psi
476 3979 541 4036 τὸ
572 3984 778 4050 λίτρον
810 4002 907 4051 pro
943 3979 1008 4037 τὸ
1044 3987 1282 4050 νίτρον;
1321 4002 1448 4037 con-

298 4066 309 4079 ·
357 4057 440 4105 fer
477 4056 548 4105 ad
583 4055 660 4118 11,
696 4057 784 4107 86.

425 4116 532 4173 ἀπ’
570 4112 654 4173 οἷν
675 4120 899 4174 ἔδωκαν
922 4112 1071 4173 οὕτω
1099 4116 1201 4173 τὸν
1222 4115 1444 4187 νεκρὸν,

355 4184 530 4243 οὐδὲν
573 4186 654 4243 ἔτι
702 4191 1256 4258 πρηγματευθέντες]
1306 4194 1346 4244 i.
1395 4208 1444 4243 e.

352 4263 431 4313 lais
462 4264 533 4313 ita
561 4268 792 4326 peractis
827 4262 1045 4313 reddunt
1068 4264 1293 4312 cadaver
1323 4278 1469 4325 pro·.

347 4335 583 4396 ρι’πφιίε,
631 4333 775 4395 τινίΙηἸι
802 4333 1013 4395 amplius
1055 4334 1241 4395 neqotii
1288 4334 1447 4382 mei-

353 4403 577 4464 ρίεηιει,
628 4402 772 4467 quod
812 4402 882 4451 ad
920 4406 1191 4451 mortuum
1223 4401 1444 4451 attinet.

1555 1771 1640 1822 Ad
1676 1771 1842 1821 verba
1875 1761 1975 1820 ἀπ’
2028 1758 2111 1819 ὧν
2146 1766 2370 1820 ἔδωκαν
2406 1769 2551 1819 conf.
2595 1770 2640 1834 1,

1560 1843 1660 1891 194
1699 1841 1882 1906 ibique
1917 1844 2058 1890 nott.

1833 2012 1963 2064 Cu».
2001 2011 2361 2062 LXXXVIII.

1626 2113 1871 2181 συρμαίῃ
1919 2106 2305 2181 διηθήσαντες
2360 2106 2467 2180 τὴν
2521 2127 2639 2162 κοι-

1552 2181 1710 2250 λίην]
1747 2185 1786 2235 i.
1830 2200 1877 2234 e.
1923 2188 2112 2253 cyr-mia
2163 2185 2393 2251 (liquore
2443 2199 2639 2249 pnrga-

1553 2254 1726 2319 torio)
1768 2257 1937 2304 eluunt
1979 2264 2212 2306 ventrem.
2306 2254 2450 2317 Quid
2506 2266 2637 2317 συρ-

1551 2321 1690 2389 μαίῃ
1727 2324 1800 2372 sit
1834 2325 2066 2387 Nostro,
2102 2326 2195 2373 vix
2230 2329 2381 2375 certo
2411 2322 2637 2373 definias

1553 2394 1707 2455 licet,
1756 2395 2062 2459 cum,ipsos
2107 2395 2250 2444 inter
2296 2399 2506 2444 veteres
2544 2393 2637 2441 mi-

1550 2463 1695 2512 nime
1724 2465 2031 2517 conveniat.
2090 2464 2254 2527 Sunt,
2294 2464 2384 2527 qui
2415 2477 2637 2512 succum

1552 2531 1770 2596 plantae
1844 2533 2171 2598 Aegyptiae,
2258 2532 2514 2596 raphani,
2576 2535 2637 2580 ut

1551 2601 1874 2665 quibusdam
1900 2602 2096 2667 placet,
2124 2601 2469 2665 perhibepnn
2509 2606 2637 2649 sunt

1550 2671 1642 2734 qui
1694 2670 1761 2720 de
1801 2672 2023 2741 potione
2067 2671 2369 2734 accipiant,
2416 2685 2556 2733 qnae
2604 2685 2634 2718 e

1550 2739 1668 2788 sale
1705 2745 1759 2789 et
1796 2755 1940 2804 aqua
1975 2739 2326 2800 conficiatur3
2364 2738 2461 2788 alii
2489 2738 2637 2788 deni-

1550 2824 1656 2873 que
1702 2814 1917 2859 nattum
1959 2809 2131 2860 fuisse
2182 2809 2497 2858 existimant
2533 2808 2636 2857 Ae-

1549 2879 1798 2942 gyptium
1862 2880 1929 2928 ad
1987 2879 2248 2944 clysteree
2311 2878 2631 2928 adhibitum.

1549 2947 1689 2997 Utut
1734 2947 1965 3011 dixeris,
2015 2948 2386 3013 purgatoriam
2417 2948 2527 2996 vim
2578 2948 2635 2995 in

1547 3016 1753 3082 liquore
1766 3017 1936 3067 fuisse
1952 3019 2246 3068 constabit.
2284 3017 2449 3067 Plura
2475 3016 2633 3066 Creu-

1550 3102 1707 3136 zerus
1760 3085 1799 3137 l.
1856 3087 1894 3139 1.
1948 3103 2076 3153 pag.
2131 3088 2198 3137 79
2244 3103 2363 3152 seq.
2442 3086 2634 3136 Iohnio

1551 3154 1663 3220 (ap.
1712 3155 1994 3207 Minutoli:
2045 3156 2358 3221 Nachtriigc
2410 3172 2463 3220 p.
2515 3156 2634 3219 198)

1550 3226 1753 3289 syl-mia
1788 3226 1875 3276 vel
1911 3242 2100 3276 recens
2151 3225 2302 3276 aloes
2337 3225 2511 3290 liquor
2546 3224 2635 3273 vel

1548 3295 1673 3344 aloe
1725 3298 1868 3361 aqua
1923 3296 2105 3346 solnta
2160 3296 2399 3345 videtur.
2482 3292 2635 3342 Idem

1548 3364 1606 3411 in
1640 3365 1866 3414 infantis
1913 3365 2147 3429 quadam
2193 3365 2391 3415 mnmia
2434 3360 2636 3410 medul-

1547 3431 1657 3482 lam
1672 3434 1962 3485 tamarices
1977 3429 2632 3499 („Tamarindenmark“)

1547 3508 1646 3551 aut
1680 3503 1894 3553 casaiae
1931 3503 2036 3552 sibi
2070 3502 2346 3551 invenisse
2382 3498 2632 3564 putabat.

1547 3571 1709 3625 Conf.
1759 3572 1903 3621 infra
1939 3572 2014 3632 ΙΙ,
2055 3571 2153 3621 125
2192 3571 2325 3634 ibiq.
2363 3574 2480 3618 not.
2548 3567 2635 3616 De

1546 3644 1704 3691 natro
1741 3640 1918 3691 soluto
1948 3638 2209 3704 intelligit
2242 3636 2505 3689 Rosellini
2528 3636 2565 3687 1.
2593 3636 2630 3689 l.

1544 3724 1675 3774 pag.
1722 3708 1854 3772 341,
1910 3708 2254 3774 improbante
2309 3712 2370 3755 ut
2421 3705 2636 3755 videtur

1547 3777 1949 3840 Thierfeldero‚
1988 3778 2083 3841 qui
2117 3775 2185 3827 de
2215 3780 2375 3826 natro
2402 3775 2635 3841 cogitari

1546 3862 1711 3912 posse
1745 3851 1912 3911 negat
1946 3846 2212 3912 affertquo
2243 3845 2439 3895 librum
2478 3846 2638 3895 Ioan-

1546 3917 1633 3966 nis
1676 3917 1893 3981 Lange:
1938 3915 2006 3966 de
2052 3915 2388 3979 Syrmaismo
2438 3920 2494 3964 et
2551 3929 2636 3964 ra·

1547 3986 1698 4035 tione
1732 3985 2000 4050 purgandi
2034 3999 2128 4049 per
2153 3984 2416 4034 vomitum
2446 3999 2513 4034 ex
2536 3985 2638 4033 Ae-

1549 4054 1860 4120 gyptiorum
1915 4053 2231 4104 inventione
2291 4058 2347 4103 et
2404 4052 2638 4104 formula

1547 4123 1779 4175 Parisiis
1815 4123 1951 4173 1572
2005 4128 2061 4173 et
2107 4122 2399 4188 aliquoties
2440 4129 2638 4188 postea

1509 4196 1512 4199 ’
1549 4192 1773 4243 editum.
1844 4193 2077 4259 Magnus
2124 4192 2162 4244 l.
2208 4192 2246 4242 1.
2296 4208 2349 4257 p.
2397 4191 2465 4243 35
2513 4206 2637 4256 pro-

1547 4260 1805 4312 babiliter
1830 4261 2065 4326 intelligi
2080 4276 2240 4326 posse
2260 4264 2445 4327 putat:
2475 4260 2635 4323 „eine

1493 4327 1500 4335 “
1547 4330 1857 4394 Ausliisung
1875 4346 1982 4380 von
2002 4331 2369 4380 kanstischem
2385 4331 2636 4394 Langen·

1547 4398 1727 4452 sala-..⁴⁴
1783 4400 1898 4451 Nec
1925 4399 2085 4450 aliter
2108 4399 2315 4450 iudicat
2343 4395 2630 4463 Sprengelz
