3109 5092
313 824 423 885 107

365 4316 372 4322 ’
458 4318 738 4369 Herodoto
794 4319 943 4383 prior
1002 4318 1191 4368 tradit.

443 338 567 400 236

1307 337 1849 401 HERODOTI

442 513 665 595 λώσω)
734 516 844 583 καὶ
896 511 1054 593 τοὺς
1114 510 1509 602 Ἀσσυρίους
1560 507 1989 599 ὑποχειρίους
2050 511 2487 599 ἐποιήσαντο,
2551 506 2728 598 πλὴν

441 623 557 706 τῆς
593 624 1033 705 Βαβυλωνίης
1081 625 1337 706 μοίρης.
1407 615 1573 706 μετὰ
1610 615 1685 684 δὲ
1725 619 1933 683 ταῦτα
1964 613 2320 704 Κυαξάρης
2359 612 2485 702 μὲν
2529 619 2723 698 βασι-

444 720 686 800 λεύσας
718 721 1214 809 τεσσαράκοντα
1245 727 1429 805 ἔτεα,
1468 718 1600 789 σὺν
1632 734 1801 788 τοῖσι
1837 718 2111 788 Σκύθαι
2141 708 2382 807 ἦρξαν,
2419 721 2721 806 τελευτᾷ.

588 821 966 893 Ἐκδέκεται
1013 825 1088 894 δὲ
1138 821 1538 914 Ἀστυάγης,
1607 818 1643 891 ὃ
1694 821 2062 911 Κυαξάρεω
2115 837 2303 906 παῖς,
2356 816 2481 907 τὴν
2528 826 2723 905 βασι-

443 935 660 1017 ληΐην.
718 935 836 996 καί
871 933 942 997 οί
981 930 1245 1015 ἐγένετο
1274 929 1620 1016 θυγάτηρ,
1661 931 1742 1014 τῇ
1776 923 2033 1014 οὔνομα
2076 930 2273 995 ἔθετο
2314 921 2758 1010 Μανδάνηυ,.

443 1030 568 1121 τὴν
612 1030 840 1101 ἐδόκεε
883 1028 1250 1119 Ἀστυάγης
1302 1034 1377 1102 ἐν
1413 1037 1503 1125 τῷ
1555 1026 1751 1122 ὕπνῳ
1802 1025 2085 1117 οὐρῆσαι
2135 1033 2493 1111 τοσοῦτον,
2553 1022 2723 1095 ὥστε

445 1199 606 1249 credo
651 1197 940 1263 postmodo
987 1214 1084 1250 suo
1129 1197 1250 1250 loco
1300 1200 1538 1249 inserere

444 1269 528 1318 vel
563 1268 764 1318 oblitus
789 1267 876 1317 vel
907 1269 1198 1333 impeditus
1225 1270 1352 1318 fuit:
1390 1268 1537 1333 quod

444 1339 586 1387 idem
622 1339 824 1387 Nostro
873 1338 1142 1388 accidisse
1185 1343 1369 1403 putem
1404 1338 1532 1400 VII,

445 1407 565 1469 213,
603 1407 696 1457 ubi
734 1407 801 1455 de
821 1407 1079 1470 Ephialte
1111 1423 1171 1457 se
1194 1414 1388 1473 postea
1413 1423 1535 1457 nar-

444 1482 685 1526 raturum
732 1490 853 1525 esse
887 1476 1200 1540 pollicetur,
1249 1493 1390 1543 quae
1427 1478 1535 1526 fru-

444 1551 561 1596 stra
610 1559 754 1594 nunc
790 1552 1140 1609 quaeruntur.
1214 1548 1400 1612 Neque
1436 1545 1535 1596 ali-

445 1622 527 1666 ter
572 1615 836 1664 statuisse
880 1614 1071 1678 video,
1122 1617 1214 1681 qui
1264 1617 1397 1666 haec
1439 1632 1534 1666 nu-

444 1702 541 1751 per
561 1685 824 1735 tractavit
835 1684 1049 1736 Schoell
1068 1687 1125 1735 in
1138 1685 1510 1736 Schneidewin
1519 1724 1532 1737 .

445 1754 714 1820 Philolog.
752 1755 850 1805 IX.
892 1770 1000 1820 pag
1034 1756 1332 1808 207—211.
1379 1756 1534 1806 Haec

444 1831 599 1888 sunt,
669 1841 810 1890 quae
869 1824 935 1875 de
987 1824 1212 1890 Assyria
1265 1824 1534 1875 Herodoti

444 1896 677 1946 historia
723 1894 852 1944 mihi
898 1893 1136 1960 placent.
1211 1895 1439 1944 Cautius
1474 1895 1532 1945 in

444 1965 528 2015 his
572 1965 771 2015 statuit
806 1965 1129 2016 Dahlmann.
1153 2002 1168 2028 ,
1206 1981 1364 2030 quem
1388 1965 1530 2028 vide,

446 2034 502 2084 in
569 2033 835 2084 Herodot.
896 2051 1023 2100 pag.
1064 2034 1168 2085 220
1215 2051 1328 2100 seq.
1416 2034 1534 2084 Iae-

447 2119 559 2169 ger.
616 2104 860 2167 Disputt.
911 2104 1203 2154 Herodott.
1252 2105 1532 2169 (Gotting.

451 2173 607 2234 1828)
654 2188 782 2237 pag.
826 2173 888 2222 15
939 2174 993 2222 in
1050 2173 1278 2223 eandem
1321 2179 1534 2223 senten-

447 2243 580 2292 tiam
623 2241 908 2305 disputans
956 2242 1097 2292 hanc
1144 2243 1535 2306 digressionem

445 2311 749 2362 narrationi
766 2311 1107 2360 inserendam
1127 2311 1316 2376 utique
1334 2313 1390 2361 in
1408 2315 1538 2363 scri-

446 2381 618 2446 ptoris
642 2379 922 2444 proposito
947 2380 1119 2430 fuisse
1139 2386 1325 2430 censet
1348 2386 1403 2431 et
1423 2383 1537 2447 qui-

448 2450 568 2500 dem
604 2449 798 2500 ultima
841 2449 967 2498 libri
1012 2450 1160 2499 tertii
1202 2455 1389 2515 parte,
1444 2451 1537 2500 ubi

447 2518 786 2584 Babyloniae
820 2535 915 2584 per
948 2520 1218 2584 Zopyrum
1262 2536 1543 2585 recupera-

448 2591 526 2640 tio
557 2589 818 2668 optimam
838 2588 1149 2653 praebuerit
1171 2590 1539 2640 occasionem.

521 2650 828 2722 Κυαξάρης
865 2651 970 2721 μὲν
994 2690 1064 2700 --
1098 2657 1352 2724 τελευτᾷ]
1383 2659 1541 2722 Quod

447 2729 707 2780 Larcheri
746 2745 776 2778 e
811 2727 1117 2779 rationibus
1154 2728 1357 2778 accidit
1397 2745 1538 2779 anno

449 2798 552 2850 594
584 2815 633 2849 a.
661 2798 787 2849 Chr.
813 2814 899 2858 n.;
933 2798 1232 2848 secundum
1251 2797 1540 2849 Volneium

450 2869 551 2918 595
577 2884 627 2918 a.
646 2867 842 2917 Cbr.n.
884 2867 1042 2917 Conf.
1073 2882 1238 2932 supra
1274 2867 1343 2917 ad
1369 2869 1414 2930 Ι,
1442 2869 1540 2919 102

450 2941 591 2987 nott.
629 2938 714 2986 Ex
750 2936 990 2986 Clintoni
1029 2936 1243 2986 ratione
1263 2937 1542 3001 Cyaxares

451 3006 705 3070 regnavit
742 3021 868 3055 ann.
917 3005 1264 3064 634—595.;
1304 3007 1543 3071 Hupfeld

452 3074 635 3140 posuit
697 3073 1024 3135 633—-503,
1088 3075 1172 3124 De
1234 3076 1436 3140 Saulcy
1491 3081 1546 3125 et

452 3143 732 3209 Gumpach
778 3142 1075 3194 635-595
1121 3148 1249 3193 ante
1285 3144 1411 3196 Chr.
1453 3162 1506 3196 n.

821 3314 954 3364 Cu».
998 3315 1170 3364 CVII.

523 3415 594 3486 τῇ
661 3432 883 3482 ουνομα
950 3412 1116 3468 ἔθετο
1189 3409 1542 3482 Μανδάνην]

453 3488 613 3554 Apud
652 3487 943 3539 Genesium
980 3487 1057 3554 (p.
1096 3489 1155 3538 51
1200 3487 1287 3539 ed.
1315 3488 1451 3538 Ven.
1489 3503 1545 3551 p.

460 3560 560 3611 108
607 3558 691 3608 ed.
747 3556 1109 3625 Lachmann.)
1160 3562 1391 3609 vocatur
1433 3549 1546 3604 'Av-

454 3619 624 3692 δάνη,
649 3627 871 3693 eiusque
907 3629 1176 3679 somnium
1212 3628 1390 3678 simile
1425 3644 1547 3678 nar-

456 3703 628 3748 ratur.
680 3697 1008 3750 Tertullian.
1056 3699 1124 3748 de
1177 3698 1362 3749 anima
1420 3713 1542 3762 cap.

459 3767 526 3816 46
561 3767 753 3816 scribit
787 3768 949 3817 haec:
999 3767 1329 3833 „Astyages,
1363 3768 1549 3817 Medo-

454 3851 573 3885 rum
611 3840 896 3900 regnator,
944 3836 1089 3902 quod
1128 3835 1275 3887 filiae
1324 3837 1550 3886 Manda-

455 3919 553 3952 nae
589 3904 765 3954 adhuc
800 3905 1030 3968 virginis
1078 3907 1318 3956 vesicam
1363 3906 1419 3955 in
1465 3905 1548 3955 di-

455 3972 730 4022 luvionem
764 3973 929 4023 Asiae
965 3975 1185 4023 fluxisse
1222 3975 1433 4025 somnio
1470 3976 1549 4024 vi-

458 4041 616 4103 derit,
651 4042 962 4092 Herodotus
1009 4041 1204 4102 refert3
1242 4043 1369 4092 item
1406 4060 1547 4095 anno

456 4115 584 4176 post
632 4111 851 4175 nuptias
899 4112 1015 4160 eius
1067 4127 1134 4160 ex
1180 4111 1373 4161 iisdem
1412 4112 1547 4164 locis

456 4180 627 4229 vitem
662 4183 905 4229 exortam
927 4179 1033 4229 toti
1054 4179 1218 4229 Asiae
1238 4180 1548 4234 incubasse.

459 4252 580 4300 Hoc
643 4249 808 4299 etiam
871 4249 1088 4299 Charon
1144 4249 1549 4314 Lampsacenus

1199 4319 1233 4345 ‘⁴
1305 4318 1388 4368 Ab
1445 4319 1550 4371 hac

457 4389 773 4442 Herodotea
818 4403 864 4442 s.
925 4387 1138 4441 Graeca
1196 4387 1441 4452 omnine,
1489 4394 1551 4440 ut

1641 1196 1876 1259 videtur,
1911 1197 2222 1248 narratione
2272 1194 2550 1258 differunt,
2587 1209 2728 1259 quae

1640 1267 1699 1315 in
1769 1267 1984 1317 Nicolai
2046 1266 2377 1317 Damasceni
2440 1265 2727 1328 Excerptis

1640 1335 1778 1401 (vid.
1829 1338 1899 1387 ad
1951 1337 2010 1399 Ι,
2061 1337 2149 1402 95)
2209 1353 2239 1387 e
2292 1335 2478 1385 Ctesia
2535 1334 2727 1397 opinor

1640 1405 2004 1471 tradunturp.
2030 1405 2232 1458 399ed.
2255 1404 2498 1456 Mueller.
2552 1404 2618 1452 In
2638 1403 2723 1453 his

1640 1475 1899 1540 Astyagis
1932 1475 2047 1525 filia
2082 1475 2281 1526 dicitur
2325 1474 2488 1524 valde
2527 1472 2724 1523 nobilis

1641 1560 1707 1594 ac
1743 1545 1997 1608 formosa,
2037 1561 2197 1610 quam
2242 1544 2523 1610 Spitamae
2566 1543 2725 1593 Medo

1642 1613 1969 1678 despondet,
2008 1615 2137 1664 dote
2171 1612 2359 1663 addita
2394 1613 2577 1663 Media
2611 1613 2728 1662 uni-

1637 1698 1817 1734 versa.
1880 1684 2089 1734 Nomen
2130 1682 2300 1745 filiae,
2351 1699 2512 1747 quam
2555 1682 2728 1747 ipsius

1638 1752 1857 1803 Ctesiae
1894 1754 2171 1818 Excerpta
2206 1752 2429 1803 Persica
2465 1751 2515 1813 §-
2545 1754 2577 1800 2
2610 1768 2725 1817 seq.

1636 1823 1918 1887 appellant
1977 1824 2205 1887 Amytin,
2268 1821 2337 1872 ab
2404 1822 2523 1886 ipso
2585 1820 2728 1886 Cyro

1637 1891 1869 1958 posthac
1925 1894 1982 1942 in
2036 1891 2439 1942 matrimonium
2487 1891 2726 1952 ductam,

1638 1962 1918 2013 reticetur.
1969 1962 2141 2027 Cyrus
2177 1978 2334 2023 vero,
2379 1960 2472 2026 qui
2513 1961 2621 2010 iam
2659 1929 2729 2011 ad

1639 2047 1893 2096 magnam
1924 2032 1980 2081 in
2017 2033 2167 2097 regia
2198 2031 2325 2081 aula
2347 2030 2729 2082 auctoritatem

1640 2106 1962 2166 pervenerat
1976 2101 2373 2166 pincernaeque
2385 2100 2728 2166 dignitatem,

1641 2172 1964 2221 Artembara
1998 2177 2239 2233 mortuo,
2285 2175 2600 2234 acceperat,
2638 2187 2731 2235 pa-

1639 2245 1821 2291 rentes
1845 2256 2129 2306 pauperes,
2166 2241 2486 2291 Atradatem
2518 2245 2730 2305 patrem

1642 2315 1698 2361 et
1733 2311 2005 2376 Argosten
2038 2316 2283 2373 matrem,
2303 2315 2418 2360 tum
2440 2309 2509 2359 ad
2546 2326 2605 2360 se
2639 2326 2733 2360 vo-

1642 2396 1798 2430 casse
1833 2381 2059 2442 dicitnr;
2116 2386 2281 2446 atque
2330 2383 2503 2430 mater
2549 2381 2597 2429 ei
2645 2396 2733 2429 ex-

1644 2450 1827 2514 posuit
1864 2451 2147 2513 somnium,
2191 2450 2336 2517 quod
2374 2449 2603 2514 gravida
2629 2448 2735 2498 sibi

1644 2518 1848 2569 vidisse
1871 2520 1992 2569 visa
2017 2521 2089 2569 sit
2124 2522 2179 2569 in
2215 2519 2414 2584 templo
2443 2518 2733 2581 dormiens,

1643 2603 1750 2653 quo
1788 2593 2031 2654 tempore
2060 2590 2181 2654 ipsa
2206 2605 2400 2653 capras
2426 2588 2571 2652 apud
2594 2588 2738 2637 Mar-

1645 2657 1743 2707 dos
1792 2663 2071 2738 pasceret,
2119 2659 2203 2709 his
2254 2658 2462 2708 verbis:
2523 2691 2557 2718 „
2543 2650 2737 2717 ,ἔδοξα

1644 2718 1767 2792 γὰρ,
1788 2721 1937 2807 ἔφη,
1979 2719 2221 2808 οὐρῆσαι
2257 2724 2536 2777 τοσοῦτον
2562 2718 2635 2774 m'
2641 2742 2735 2776 ου-

1645 2810 1733 2859 σα,
1768 2783 1811 2844 ὦ
1850 2795 2021 2877 Κῦρε,
2065 2792 2142 2860 σὲ,
2175 2811 2315 2847 ωστε
2352 2794 2611 2859 ποταμοῦ
2642 2813 2738 2876 με-

1645 2835 1819 2931 γάλου
1857 2859 2124 2948 ἆευματι
2138 2855 2343 2931 ὅμοιον
2377 2861 2646 2946 γενέσθαι
2673 2858 2735 2916 τὸ

1645 2933 1876 2999 πλῆθος
1912 2934 2015 2984 τοῦ
2052 2926 2231 2999 οὔρου
2268 2931 2364 2985 καὶ
2392 2928 2735 2986 κατακλύσαι

1647 3002 1837 3054 πᾶσαν
1872 2997 1986 3083 τὴν
2007 2996 2219 3055 Ἀσίαν·
2259 2999 2467 3070 όυῆναι
2498 2998 2562 3054 δε
2593 2997 2667 3055 αι’
2673 2998 2735 3056 τὸ

1645 3089 1775 3137 αχρι
1832 3065 2161 3139 θαλάττηςς.ι
2146 3076 2182 3103 “
2244 3076 2402 3138 Quod
2467 3076 2734 3126 somnium

1644 3143 1740 3193 ubi
1778 3143 1988 3192 audivit
2023 3149 2198 3209 pater,
2219 3144 2615 3195 Chaldaeorum
2643 3147 2738 3196 uni

1649 3228 1715 3262 ex
1754 3212 2037 3277 Babylone
2086 3215 2338 3279 proponit
2381 3215 2740 3280 interpretau-

1651 3281 1802 3340 dum;
1851 3282 2005 3348 isque
2048 3283 2326 3349 respondit
2371 3284 2573 3334 bonum
2620 3301 2739 3350 por-

1650 3351 1801 3400 tendi
1858 3367 2113 3416 magnum
2168 3357 2333 3418 atque
2391 3354 2619 3418 primam
2682 3357 2737 3405 in

1650 3420 1784 3471 Asia
1831 3420 2181 3487 dignitatem:
2222 3437 2409 3472 verum
2455 3424 2741 3476 celandum

1649 3505 1800 3552 esse,
1854 3506 1922 3541 ne
1985 3492 2116 3557 quid
2179 3492 2451 3559 Astyages
2505 3494 2739 3548 audiunt.

1654 3561 1807 3621 Quae
1832 3559 2084 3627 deinceps
2121 3567 2315 3613 secuta
2340 3568 2487 3627 sunt,
2513 3565 2594 3614 ita
2622 3582 2742 3616 nar-

1651 3635 1871 3694 rantur,
1929 3636 1989 3681 ut
2044 3632 2113 3681 ab
2166 3631 2271 3683 hoc
2321 3633 2447 3685 inde
2502 3639 2743 3699 tempore

1651 3699 1826 3763 Cyrus
1863 3700 1934 3750 ad
1960 3701 2129 3752 multo
2164 3703 2422 3753 maiorem
2443 3706 2741 3768 potentiam

1652 3773 1876 3819 evectus
1934 3786 1966 3820 a
2023 3771 2200 3820 Medis
2259 3772 2488 3823 deficere
2537 3775 2745 3836 cogita-

1652 3839 1724 3887 rit
1760 3838 1922 3902 idque
1958 3840 2121 3890 etiam
2156 3840 2413 3892 hortante
2451 3844 2613 3894 simul
2646 3844 2742 3896 illo

1650 3907 1956 3972 Babylonio
1999 3915 2286 3961 exsecutus
2336 3912 2427 3961 sit.
2480 3913 2745 3966 Herodoti

1650 3978 2020 4028 narrationem
2076 3979 2244 4030 ferme
2295 3981 2542 4046 sequitur
2583 3983 2747 4033 Iusti-

1655 4062 1756 4096 nus
1792 4047 1837 4108 Ι,
1888 4049 1921 4096 4
1970 4063 2124 4113 seqq.
2187 4050 2341 4111 Quae
2383 4051 2531 4116 apud
2564 4052 2743 4104 Aelia-

1655 4131 1783 4165 num
1825 4083 1899 4166 ’N.
1951 4116 2015 4166 A.
2066 4118 2200 4179 ΧΠ,
2244 4120 2306 4170 21
2367 4118 2623 4186 leguntur
2678 4123 2744 4174 de

1653 4184 1956 4247 Sacchora,
1996 4185 2422 4250 Babyloniorum
2466 4207 2618 4255 rege,
2657 4194 2744 4243 cui

1654 4253 1832 4303 simile
1883 4255 2013 4318 quid
2050 4257 2253 4307 accidit
2287 4262 2453 4323 atque
2490 4259 2740 4326 Astyagi,

1655 4338 1722 4371 ea
1766 4323 1838 4373 ad
1880 4325 2150 4374 Herodoti
2194 4329 2564 4379 narrationem
2609 4346 2743 4384 sane

1654 4391 1890 4443 conficta
1926 4394 2201 4448 videntur.
