<?xml version="1.0" encoding="UTF-8"?>
<!DOCTYPE html PUBLIC "-//W3C//DTD XHTML 1.0 Transitional//EN"
    "http://www.w3.org/TR/xhtml1/DTD/xhtml1-transitional.dtd">
<html xmlns="http://www.w3.org/1999/xhtml" xml:lang="en" lang="en">
 <head>
  <title>
</title>
<meta http-equiv="Content-Type" content="text/html;charset=utf-8" />
  <meta name='ocr-system' content='tesseract 3.04.00' />
  <meta name='ocr-capabilities' content='ocr_page ocr_carea ocr_par ocr_line ocrx_word'/>
</head>
<body>
  <div class='ocr_page' id='page_1' title='image "./herodotihalicar02unkngoog_0469.png"; bbox 0 0 3109 5092; ppageno 0'>
   <div class='ocr_carea' id='block_1_1' title="bbox 1111 366 1886 429">
    <p class='ocr_par' dir='ltr' id='par_1_1' title="bbox 1111 366 1886 429">
     <span class='ocr_line' id='line_1_1' title="bbox 1111 366 1886 429; baseline 0.003 -6"><span class='ocrx_word' id='word_1_1' title='bbox 1111 366 1613 427; x_wconf 81' lang='lat' dir='ltr'><strong>EUTERPE.</strong></span> <span class='ocrx_word' id='word_1_2' title='bbox 1667 368 1752 426; x_wconf 94' lang='lat' dir='ltr'><strong>II.</strong></span> <span class='ocrx_word' id='word_1_3' title='bbox 1800 377 1886 429; x_wconf 89' lang='grc'><strong>10.</strong></span> 
     </span>
    </p>
   </div>
   <div class='ocr_carea' id='block_1_2' title="bbox 512 527 2728 630">
    <p class='ocr_par' dir='ltr' id='par_1_2' title="bbox 512 527 2728 630">
     <span class='ocr_line' id='line_1_2' title="bbox 512 527 2728 630; baseline 0.002 -26"><span class='ocrx_word' id='word_1_4' title='bbox 512 533 769 624; x_wconf 77' lang='grc' dir='ltr'><strong><em>Ταύτης</em></strong></span> <span class='ocrx_word' id='word_1_5' title='bbox 806 527 904 606; x_wconf 75' lang='grc' dir='ltr'><strong>ὦν</strong></span> <span class='ocrx_word' id='word_1_6' title='bbox 937 540 1052 625; x_wconf 84' lang='grc' dir='ltr'><strong>τῆς</strong></span> <span class='ocrx_word' id='word_1_7' title='bbox 1080 536 1301 626; x_wconf 71' lang='grc' dir='ltr'><strong><em>χώρης</em></strong></span> <span class='ocrx_word' id='word_1_8' title='bbox 1339 545 1455 628; x_wconf 81' lang='grc' dir='ltr'><strong>τῆς</strong></span> <span class='ocrx_word' id='word_1_9' title='bbox 1498 542 1852 626; x_wconf 77' lang='grc' dir='ltr'><em>εἰρημένης</em></span> <span class='ocrx_word' id='word_1_10' title='bbox 1890 532 1930 627; x_wconf 81' lang='grc' dir='ltr'><strong><em>ἦ</em></strong></span> <span class='ocrx_word' id='word_1_11' title='bbox 1959 535 2203 627; x_wconf 78' lang='grc' dir='ltr'><strong><em>πολλὴ,</em></strong></span> <span class='ocrx_word' id='word_1_12' title='bbox 2239 538 2535 630; x_wconf 77' lang='grc' dir='ltr'><strong><em>κατάπερ</em></strong></span> <span class='ocrx_word' id='word_1_13' title='bbox 2566 545 2637 610; x_wconf 76' lang='grc' dir='ltr'><strong>οἱ</strong></span> <span class='ocrx_word' id='word_1_14' title='bbox 2653 548 2728 608; x_wconf 88' lang='grc'><strong>10</strong></span> 
     </span>
    </p>
   </div>
   <div class='ocr_carea' id='block_1_3' title="bbox 353 637 2635 942">
    <p class='ocr_par' dir='ltr' id='par_1_3' title="bbox 353 637 2635 942">
     <span class='ocr_line' id='line_1_3' title="bbox 353 637 2629 735; baseline 0.002 -29"><span class='ocrx_word' id='word_1_15' title='bbox 353 640 528 728; x_wconf 65' lang='grc' dir='ltr'><strong><em>ἱρέες</em></strong></span> <span class='ocrx_word' id='word_1_16' title='bbox 564 645 836 728; x_wconf 74' lang='grc' dir='ltr'><strong>ἔλεγον,</strong></span> <span class='ocrx_word' id='word_1_17' title='bbox 885 637 1113 709; x_wconf 74' lang='grc' dir='ltr'><strong><em>ἐδόκεε</em></strong></span> <span class='ocrx_word' id='word_1_18' title='bbox 1160 641 1235 710; x_wconf 76' lang='grc' dir='ltr'><strong>δὲ</strong></span> <span class='ocrx_word' id='word_1_19' title='bbox 1280 644 1391 710; x_wconf 85' lang='grc' dir='ltr'><strong>καὶ</strong></span> <span class='ocrx_word' id='word_1_20' title='bbox 1423 638 1609 735; x_wconf 77' lang='grc' dir='ltr'><strong><em>αὐτῷ</em></strong></span> <span class='ocrx_word' id='word_1_21' title='bbox 1648 670 1761 730; x_wconf 91' lang='grc' dir='ltr'><strong>μοι</strong></span> <span class='ocrx_word' id='word_1_22' title='bbox 1805 640 1979 710; x_wconf 81' lang='grc' dir='ltr'><strong><em>εἶναι</em></strong></span> <span class='ocrx_word' id='word_1_23' title='bbox 2020 638 2369 731; x_wconf 76' lang='grc' dir='ltr'><strong>ἐπίκτητος</strong></span> <span class='ocrx_word' id='word_1_24' title='bbox 2412 650 2629 731; x_wconf 79' lang='grc' dir='ltr'><em>Αἰγυ-</em></span> 
     </span>
     <span class='ocr_line' id='line_1_4' title="bbox 353 740 2635 835; baseline 0.002 -25"><span class='ocrx_word' id='word_1_25' title='bbox 353 748 624 811; x_wconf 86' lang='grc' dir='ltr'><strong>πτίοισι.</strong></span> <span class='ocrx_word' id='word_1_26' title='bbox 700 748 840 813; x_wconf 74' lang='grc' dir='ltr'><strong>τῶν</strong></span> <span class='ocrx_word' id='word_1_27' title='bbox 879 741 1007 832; x_wconf 74' lang='grc' dir='ltr'><strong>γὰρ</strong></span> <span class='ocrx_word' id='word_1_28' title='bbox 1045 740 1309 833; x_wconf 78' lang='grc' dir='ltr'><strong><em>οὐρέων</em></strong></span> <span class='ocrx_word' id='word_1_29' title='bbox 1352 750 1491 813; x_wconf 73' lang='grc' dir='ltr'><strong>τῶν</strong></span> <span class='ocrx_word' id='word_1_30' title='bbox 1539 747 1915 834; x_wconf 78' lang='grc' dir='ltr'><strong><em>εἰρημένων</em></strong></span> <span class='ocrx_word' id='word_1_31' title='bbox 1956 750 2093 814; x_wconf 75' lang='grc' dir='ltr'><strong>τῶν</strong></span> <span class='ocrx_word' id='word_1_32' title='bbox 2130 741 2305 835; x_wconf 71' lang='grc' dir='ltr'><strong><em>ὑπὲρ</em></strong></span> <span class='ocrx_word' id='word_1_33' title='bbox 2346 749 2635 835; x_wconf 79' lang='grc' dir='ltr'><strong><em>Μέμφιν</em></strong></span> 
     </span>
     <span class='ocr_line' id='line_1_5' title="bbox 354 844 2630 942; baseline 0.002 -28"><span class='ocrx_word' id='word_1_34' title='bbox 354 845 553 916; x_wconf 81' lang='grc' dir='ltr'><strong><em>πόλιν</em></strong></span> <span class='ocrx_word' id='word_1_35' title='bbox 594 851 925 935; x_wconf 81' lang='grc' dir='ltr'><strong><em>κειμένων</em></strong></span> <span class='ocrx_word' id='word_1_36' title='bbox 961 844 1039 916; x_wconf 83' lang='grc' dir='ltr'><strong>τὸ</strong></span> <span class='ocrx_word' id='word_1_37' title='bbox 1076 845 1324 936; x_wconf 75' lang='grc' dir='ltr'><strong><em>μεταξὺ</em></strong></span> <span class='ocrx_word' id='word_1_38' title='bbox 1354 845 1671 942; x_wconf 59' lang='grc' dir='ltr'><strong>ἐφάίνετό</strong></span> <span class='ocrx_word' id='word_1_39' title='bbox 1696 876 1809 936; x_wconf 88' lang='grc' dir='ltr'><strong>μοι</strong></span> <span class='ocrx_word' id='word_1_40' title='bbox 1839 846 2020 916; x_wconf 82' lang='grc' dir='ltr'><strong><em>εἷναί</em></strong></span> <span class='ocrx_word' id='word_1_41' title='bbox 2045 875 2199 919; x_wconf 81' lang='grc' dir='ltr'><strong>κοτε</strong></span> <span class='ocrx_word' id='word_1_42' title='bbox 2228 847 2474 929; x_wconf 77' lang='grc' dir='ltr'><strong><em>κόλπος</em></strong></span> <span class='ocrx_word' id='word_1_43' title='bbox 2497 861 2630 919; x_wconf 81' lang='grc' dir='ltr'><strong>θα-</strong></span> 
     </span>
    </p>
   </div>
   <div class='ocr_carea' id='block_1_4' title="bbox 351 1013 1447 1849">
    <p class='ocr_par' dir='ltr' id='par_1_4' title="bbox 351 1013 1447 1849">
     <span class='ocr_line' id='line_1_6' title="bbox 351 1013 1447 1076; baseline 0.003 -15"><span class='ocrx_word' id='word_1_44' title='bbox 351 1018 524 1062; x_wconf 89' lang='lat' dir='ltr'><strong>totum</strong></span> <span class='ocrx_word' id='word_1_45' title='bbox 550 1013 702 1076; x_wconf 29' lang='lat' dir='ltr'><strong>‘hunc</strong></span> <span class='ocrx_word' id='word_1_46' title='bbox 739 1014 918 1065; x_wconf 90' lang='lat' dir='ltr'><strong>locum</strong></span> <span class='ocrx_word' id='word_1_47' title='bbox 952 1021 1208 1065; x_wconf 87' lang='lat' dir='ltr'><strong>accurate</strong></span> <span class='ocrx_word' id='word_1_48' title='bbox 1240 1019 1447 1065; x_wconf 87' lang='lat' dir='ltr'><strong>tractat</strong></span> 
     </span>
     <span class='ocr_line' id='line_1_7' title="bbox 352 1082 1444 1150; baseline 0.002 -19"><span class='ocrx_word' id='word_1_49' title='bbox 352 1097 406 1146; x_wconf 92' lang='lat' dir='ltr'><strong>p.</strong></span> <span class='ocrx_word' id='word_1_50' title='bbox 447 1082 752 1147; x_wconf 79' lang='lat'><strong>146—150,</strong></span> <span class='ocrx_word' id='word_1_51' title='bbox 803 1085 885 1134; x_wconf 87' lang='lat' dir='ltr'><strong>ita</strong></span> <span class='ocrx_word' id='word_1_52' title='bbox 920 1085 1220 1150; x_wconf 83' lang='lat' dir='ltr'><strong>explicata,</strong></span> <span class='ocrx_word' id='word_1_53' title='bbox 1272 1090 1358 1146; x_wconf 90' lang='lat' dir='ltr'><strong>ut,</strong></span> <span class='ocrx_word' id='word_1_54' title='bbox 1396 1085 1444 1134; x_wconf 85' lang='lat' dir='ltr'><strong>si</strong></span> 
     </span>
     <span class='ocr_line' id='line_1_8' title="bbox 353 1151 1442 1220; baseline 0.004 -21"><span class='ocrx_word' id='word_1_55' title='bbox 353 1151 491 1201; x_wconf 87' lang='lat' dir='ltr'><strong>talia</strong></span> <span class='ocrx_word' id='word_1_56' title='bbox 532 1154 714 1203; x_wconf 86' lang='lat' dir='ltr'><strong>stadia</strong></span> <span class='ocrx_word' id='word_1_57' title='bbox 756 1152 1160 1220; x_wconf 75' lang='lat' dir='ltr'>intelligantur,</span> <span class='ocrx_word' id='word_1_58' title='bbox 1216 1169 1442 1220; x_wconf 88' lang='lat' dir='ltr'><strong>quorum</strong></span> 
     </span>
     <span class='ocr_line' id='line_1_9' title="bbox 353 1221 1441 1290; baseline 0.005 -21"><span class='ocrx_word' id='word_1_59' title='bbox 353 1221 584 1285; x_wconf 83' lang='lat' dir='ltr'><strong>triginta</strong></span> <span class='ocrx_word' id='word_1_60' title='bbox 648 1223 902 1286; x_wconf 81' lang='lat' dir='ltr'><strong>expleant</strong></span> <span class='ocrx_word' id='word_1_61' title='bbox 974 1224 1264 1274; x_wconf 86' lang='lat' dir='ltr'><strong>schoenum</strong></span> <span class='ocrx_word' id='word_1_62' title='bbox 1338 1224 1441 1290; x_wconf 84' lang='lat' dir='ltr'><strong>(cf.</strong></span> 
     </span>
     <span class='ocr_line' id='line_1_10' title="bbox 354 1292 1440 1357; baseline 0.003 -18"><span class='ocrx_word' id='word_1_63' title='bbox 354 1296 494 1341; x_wconf 90' lang='lat' dir='ltr'><strong>nott.</strong></span> <span class='ocrx_word' id='word_1_64' title='bbox 541 1292 612 1341; x_wconf 87' lang='lat' dir='ltr'><strong>ad</strong></span> <span class='ocrx_word' id='word_1_65' title='bbox 657 1294 743 1354; x_wconf 89' lang='lat'><strong>11,</strong></span> <span class='ocrx_word' id='word_1_66' title='bbox 796 1294 879 1357; x_wconf 84' lang='lat'><strong>6),</strong></span> <span class='ocrx_word' id='word_1_67' title='bbox 926 1292 1062 1344; x_wconf 89' lang='lat' dir='ltr'><strong>haec</strong></span> <span class='ocrx_word' id='word_1_68' title='bbox 1108 1293 1271 1344; x_wconf 89' lang='lat' dir='ltr'><strong>lectio</strong></span> <span class='ocrx_word' id='word_1_69' title='bbox 1318 1309 1440 1343; x_wconf 88' lang='lat' dir='ltr'><strong>cum</strong></span> 
     </span>
     <span class='ocr_line' id='line_1_11' title="bbox 353 1361 1443 1427; baseline 0.005 -19"><span class='ocrx_word' id='word_1_70' title='bbox 353 1361 499 1409; x_wconf 83' lang='lat' dir='ltr'><strong>veris</strong></span> <span class='ocrx_word' id='word_1_71' title='bbox 534 1362 834 1426; x_wconf 77' lang='lat' dir='ltr'><strong>mensuris,</strong></span> <span class='ocrx_word' id='word_1_72' title='bbox 873 1378 1011 1427; x_wconf 86' lang='lat' dir='ltr'><strong>quas</strong></span> <span class='ocrx_word' id='word_1_73' title='bbox 1048 1363 1287 1427; x_wconf 83' lang='lat' dir='ltr'>profert,</span> <span class='ocrx_word' id='word_1_74' title='bbox 1331 1379 1443 1413; x_wconf 89' lang='lat' dir='ltr'><strong>ma-</strong></span> 
     </span>
     <span class='ocr_line' id='line_1_12' title="bbox 351 1431 1442 1497; baseline 0.004 -19"><span class='ocrx_word' id='word_1_75' title='bbox 351 1431 494 1479; x_wconf 82' lang='lat' dir='ltr'><strong>xime</strong></span> <span class='ocrx_word' id='word_1_76' title='bbox 539 1447 836 1497; x_wconf 80' lang='lat' dir='ltr'>congruere</span> <span class='ocrx_word' id='word_1_77' title='bbox 882 1432 1249 1496; x_wconf 79' lang='lat' dir='ltr'><strong>perhibeatur.</strong></span> <span class='ocrx_word' id='word_1_78' title='bbox 1334 1433 1442 1482; x_wconf 87' lang='lat' dir='ltr'><strong>&#39;Ne-</strong></span> 
     </span>
     <span class='ocr_line' id='line_1_13' title="bbox 354 1501 1441 1564; baseline 0.003 -15"><span class='ocrx_word' id='word_1_79' title='bbox 354 1515 458 1564; x_wconf 89' lang='lat' dir='ltr'><strong>que</strong></span> <span class='ocrx_word' id='word_1_80' title='bbox 479 1516 608 1550; x_wconf 90' lang='lat' dir='ltr'><strong>vero</strong></span> <span class='ocrx_word' id='word_1_81' title='bbox 639 1502 708 1551; x_wconf 88' lang='lat' dir='ltr'><strong>ab</strong></span> <span class='ocrx_word' id='word_1_82' title='bbox 731 1501 816 1551; x_wconf 89' lang='lat' dir='ltr'><strong>his</strong></span> <span class='ocrx_word' id='word_1_83' title='bbox 849 1503 1118 1553; x_wconf 77' lang='lat' dir='ltr'><strong>mensuris</strong></span> <span class='ocrx_word' id='word_1_84' title='bbox 1151 1502 1441 1552; x_wconf 75' lang='lat' dir='ltr'><strong>admodum</strong></span> 
     </span>
     <span class='ocr_line' id='line_1_14' title="bbox 352 1570 1441 1636; baseline 0.004 -18"><span class='ocrx_word' id='word_1_85' title='bbox 352 1570 607 1619; x_wconf 82' lang='lat' dir='ltr'><strong>recedent</strong></span> <span class='ocrx_word' id='word_1_86' title='bbox 642 1572 827 1621; x_wconf 88' lang='lat' dir='ltr'><strong>stadia</strong></span> <span class='ocrx_word' id='word_1_87' title='bbox 868 1571 1029 1634; x_wconf 89' lang='grc'>1800,</span> <span class='ocrx_word' id='word_1_88' title='bbox 1081 1587 1222 1636; x_wconf 86' lang='lat' dir='ltr'><strong>quae</strong></span> <span class='ocrx_word' id='word_1_89' title='bbox 1258 1572 1441 1622; x_wconf 89' lang='lat' dir='ltr'><strong>melio·</strong></span> 
     </span>
     <span class='ocr_line' id='line_1_15' title="bbox 353 1640 1438 1704; baseline 0.002 -16"><span class='ocrx_word' id='word_1_90' title='bbox 353 1655 468 1689; x_wconf 84' lang='lat' dir='ltr'><strong>rum</strong></span> <span class='ocrx_word' id='word_1_91' title='bbox 505 1640 616 1689; x_wconf 82' lang='lat' dir='ltr'><strong>fere</strong></span> <span class='ocrx_word' id='word_1_92' title='bbox 647 1640 909 1691; x_wconf 89' lang='lat' dir='ltr'><strong>librorum</strong></span> <span class='ocrx_word' id='word_1_93' title='bbox 938 1656 1235 1692; x_wconf 88' lang='lat' dir='ltr'><strong>consensus</strong></span> <span class='ocrx_word' id='word_1_94' title='bbox 1263 1642 1438 1704; x_wconf 85' lang='lat' dir='ltr'><strong>affert,</strong></span> 
     </span>
     <span class='ocr_line' id='line_1_16' title="bbox 351 1709 1439 1777; baseline 0.005 -20"><span class='ocrx_word' id='word_1_95' title='bbox 351 1709 510 1759; x_wconf 87' lang='lat' dir='ltr'><strong>modo</strong></span> <span class='ocrx_word' id='word_1_96' title='bbox 535 1709 669 1759; x_wconf 88' lang='lat' dir='ltr'><strong>talia</strong></span> <span class='ocrx_word' id='word_1_97' title='bbox 693 1709 1069 1776; x_wconf 82' lang='lat' dir='ltr'><strong>intelligantur</strong></span> <span class='ocrx_word' id='word_1_98' title='bbox 1091 1711 1288 1773; x_wconf 86' lang='lat' dir='ltr'><strong>stadia,</strong></span> <span class='ocrx_word' id='word_1_99' title='bbox 1312 1727 1439 1777; x_wconf 88' lang='lat' dir='ltr'><strong>quo-</strong></span> 
     </span>
     <span class='ocr_line' id='line_1_17' title="bbox 351 1779 1439 1849; baseline 0.005 -22"><span class='ocrx_word' id='word_1_100' title='bbox 351 1793 467 1827; x_wconf 90' lang='lat' dir='ltr'><strong>rum</strong></span> <span class='ocrx_word' id='word_1_101' title='bbox 493 1780 781 1844; x_wconf 79' lang='lat' dir='ltr'><strong>sexaginta</strong></span> <span class='ocrx_word' id='word_1_102' title='bbox 807 1779 1102 1830; x_wconf 86' lang='lat' dir='ltr'><strong>conficiant</strong></span> <span class='ocrx_word' id='word_1_103' title='bbox 1123 1781 1439 1849; x_wconf 69' lang='lat' dir='ltr'><strong>schoenum.</strong></span> 
     </span>
    </p>
   </div>
   <div class='ocr_carea' id='block_1_5' title="bbox 770 1952 1011 2003">
    <p class='ocr_par' dir='ltr' id='par_1_5' title="bbox 770 1952 1011 2003">
     <span class='ocr_line' id='line_1_18' title="bbox 770 1952 1011 2003; baseline -0.004 0"><span class='ocrx_word' id='word_1_104' title='bbox 770 1952 902 2003; x_wconf 59' lang='lat' dir='ltr'><strong>Car.</strong></span> <span class='ocrx_word' id='word_1_105' title='bbox 941 1953 1011 2003; x_wconf 82' lang='lat' dir='ltr'><strong>X.</strong></span> 
     </span>
    </p>
   </div>
   <div class='ocr_carea' id='block_1_6' title="bbox 323 2041 1441 4476">
    <p class='ocr_par' dir='ltr' id='par_1_6' title="bbox 342 2041 1437 3644">
     <span class='ocr_line' id='line_1_19' title="bbox 423 2041 1437 2120; baseline 0.001 -18"><span class='ocrx_word' id='word_1_106' title='bbox 423 2045 648 2118; x_wconf 75' lang='grc' dir='ltr'><strong><em>Ταύτης</em></strong></span> <span class='ocrx_word' id='word_1_107' title='bbox 693 2041 776 2104; x_wconf 72' lang='grc' dir='ltr'><strong>ὧν</strong></span> <span class='ocrx_word' id='word_1_108' title='bbox 828 2052 928 2119; x_wconf 86' lang='grc' dir='ltr'><strong>τῆς</strong></span> <span class='ocrx_word' id='word_1_109' title='bbox 971 2047 1160 2119; x_wconf 74' lang='grc' dir='ltr'><strong><em>χοίρης</em></strong></span> <span class='ocrx_word' id='word_1_110' title='bbox 1206 2054 1307 2120; x_wconf 76' lang='grc' dir='ltr'><strong>τῆς</strong></span> <span class='ocrx_word' id='word_1_111' title='bbox 1360 2049 1437 2103; x_wconf 78' lang='grc' dir='ltr'><strong>εἰ-</strong></span> 
     </span>
     <span class='ocr_line' id='line_1_20' title="bbox 349 2114 1437 2258; baseline 0.001 -16"><span class='ocrx_word' id='word_1_112' title='bbox 349 2114 684 2258; x_wconf 57' lang='grc' dir='ltr'><strong>ξῖεεζῑῖξ.ἡ</strong></span> <span class='ocrx_word' id='word_1_113' title='bbox 709 2117 973 2245; x_wconf 58' lang='lat'><strong>05032222.</strong></span> <span class='ocrx_word' id='word_1_114' title='bbox 1010 2124 1437 2258; x_wconf 52' lang='lat' dir='ltr'><strong>Ssssssssfflzz</strong></span> 
     </span>
     <span class='ocr_line' id='line_1_21' title="bbox 348 2256 1433 2328; baseline 0.001 -17"><span class='ocrx_word' id='word_1_115' title='bbox 348 2263 607 2312; x_wconf 89' lang='lat' dir='ltr'><strong>omittunt</strong></span> <span class='ocrx_word' id='word_1_116' title='bbox 639 2260 743 2328; x_wconf 80' lang='grc' dir='ltr'><strong>τῆς</strong></span> <span class='ocrx_word' id='word_1_117' title='bbox 781 2256 971 2327; x_wconf 70' lang='grc' dir='ltr'><strong><em>χώρης</em></strong></span> <span class='ocrx_word' id='word_1_118' title='bbox 1007 2268 1064 2313; x_wconf 88' lang='lat' dir='ltr'><strong>et</strong></span> <span class='ocrx_word' id='word_1_119' title='bbox 1105 2278 1230 2314; x_wconf 83' lang='lat' dir='ltr'><strong>mox</strong></span> <span class='ocrx_word' id='word_1_120' title='bbox 1267 2263 1433 2328; x_wconf 90' lang='lat' dir='ltr'><strong>parti-</strong></span> 
     </span>
     <span class='ocr_line' id='line_1_22' title="bbox 349 2323 1434 2396; baseline 0.002 -16"><span class='ocrx_word' id='word_1_121' title='bbox 349 2330 526 2381; x_wconf 83' lang='lat' dir='ltr'><strong>culam</strong></span> <span class='ocrx_word' id='word_1_122' title='bbox 563 2325 626 2381; x_wconf 75' lang='grc' dir='ltr'><strong>δὲ</strong></span> <span class='ocrx_word' id='word_1_123' title='bbox 663 2337 788 2396; x_wconf 85' lang='lat' dir='ltr'><strong>post</strong></span> <span class='ocrx_word' id='word_1_124' title='bbox 823 2323 1036 2395; x_wconf 73' lang='grc' dir='ltr'><strong>ἐδόκεε,</strong></span> <span class='ocrx_word' id='word_1_125' title='bbox 1089 2348 1251 2396; x_wconf 90' lang='lat' dir='ltr'><strong>quam</strong></span> <span class='ocrx_word' id='word_1_126' title='bbox 1286 2338 1434 2383; x_wconf 87' lang='lat' dir='ltr'><strong>recte</strong></span> 
     </span>
     <span class='ocr_line' id='line_1_23' title="bbox 346 2400 1433 2468; baseline -0.001 -16"><span class='ocrx_word' id='word_1_127' title='bbox 346 2405 531 2452; x_wconf 89' lang='lat' dir='ltr'><strong>tuetur</strong></span> <span class='ocrx_word' id='word_1_128' title='bbox 563 2400 691 2452; x_wconf 76' lang='lat' dir='ltr'><strong>Eltz</strong></span> <span class='ocrx_word' id='word_1_129' title='bbox 725 2402 950 2463; x_wconf 82' lang='lat' dir='ltr'><strong>Quaest.</strong></span> <span class='ocrx_word' id='word_1_130' title='bbox 987 2401 1230 2452; x_wconf 87' lang='lat' dir='ltr'><strong>Herodd.</strong></span> <span class='ocrx_word' id='word_1_131' title='bbox 1266 2417 1319 2468; x_wconf 91' lang='lat' dir='ltr'><strong>p.</strong></span> <span class='ocrx_word' id='word_1_132' title='bbox 1351 2400 1433 2463; x_wconf 80' lang='lat'><strong>19,</strong></span> 
     </span>
     <span class='ocr_line' id='line_1_24' title="bbox 346 2469 1434 2533; baseline 0.003 -15"><span class='ocrx_word' id='word_1_133' title='bbox 346 2469 482 2521; x_wconf 87' lang='lat' dir='ltr'><strong>haec</strong></span> <span class='ocrx_word' id='word_1_134' title='bbox 517 2471 807 2522; x_wconf 82' lang='lat' dir='ltr'><strong>adiiciens:</strong></span> <span class='ocrx_word' id='word_1_135' title='bbox 865 2471 965 2533; x_wconf 77' lang='lat' dir='ltr'><strong>„Si</strong></span> <span class='ocrx_word' id='word_1_136' title='bbox 995 2470 1307 2522; x_wconf 88' lang='lat' dir='ltr'><strong>Herodotus</strong></span> <span class='ocrx_word' id='word_1_137' title='bbox 1343 2487 1434 2521; x_wconf 87' lang='lat' dir='ltr'><strong>ac-</strong></span> 
     </span>
     <span class='ocr_line' id='line_1_25' title="bbox 347 2540 1436 2601; baseline 0.001 -12"><span class='ocrx_word' id='word_1_138' title='bbox 347 2545 535 2590; x_wconf 83' lang='lat' dir='ltr'><strong>curate</strong></span> <span class='ocrx_word' id='word_1_139' title='bbox 571 2541 748 2591; x_wconf 83' lang='lat' dir='ltr'><strong>dicere</strong></span> <span class='ocrx_word' id='word_1_140' title='bbox 784 2540 968 2601; x_wconf 89' lang='lat' dir='ltr'><strong>vellet,</strong></span> <span class='ocrx_word' id='word_1_141' title='bbox 1005 2540 1240 2590; x_wconf 87' lang='lat' dir='ltr'><strong>scribere</strong></span> <span class='ocrx_word' id='word_1_142' title='bbox 1276 2541 1436 2590; x_wconf 88' lang='lat' dir='ltr'><strong>debe-</strong></span> 
     </span>
     <span class='ocr_line' id='line_1_26' title="bbox 345 2600 1433 2674; baseline -0.001 -16"><span class='ocrx_word' id='word_1_143' title='bbox 345 2609 442 2659; x_wconf 88' lang='lat' dir='ltr'><strong>bat</strong></span> <span class='ocrx_word' id='word_1_144' title='bbox 488 2601 697 2674; x_wconf 76' lang='grc' dir='ltr'><strong><em>ταύτης</em></strong></span> <span class='ocrx_word' id='word_1_145' title='bbox 742 2607 843 2674; x_wconf 81' lang='grc' dir='ltr'><strong>τῆς</strong></span> <span class='ocrx_word' id='word_1_146' title='bbox 897 2603 1083 2674; x_wconf 69' lang='grc' dir='ltr'><strong><em>χώρης</em></strong></span> <span class='ocrx_word' id='word_1_147' title='bbox 1144 2600 1179 2674; x_wconf 85' lang='grc' dir='ltr'><strong><em>ἡ</em></strong></span> <span class='ocrx_word' id='word_1_148' title='bbox 1231 2601 1433 2673; x_wconf 76' lang='grc' dir='ltr'><strong><em>πολλὴ,</em></strong></span> 
     </span>
     <span class='ocr_line' id='line_1_27' title="bbox 345 2670 1436 2804; baseline -0.001 -9"><span class='ocrx_word' id='word_1_149' title='bbox 345 2670 732 2797; x_wconf 50' lang='grc' dir='ltr'><strong>ςὲτέῖῑῑῦῖῐ.</strong></span> <span class='ocrx_word' id='word_1_150' title='bbox 761 2670 910 2795; x_wconf 62' lang='lat'><strong>‘⁰55⁶</strong></span> <span class='ocrx_word' id='word_1_151' title='bbox 947 2670 1436 2804; x_wconf 60' lang='lat'><strong>35332‘2..*³⁶3:2{⁸</strong></span> 
     </span>
     <span class='ocr_line' id='line_1_28' title="bbox 346 2762 1434 2882; baseline -0.002 -14"><span class='ocrx_word' id='word_1_152' title='bbox 346 2816 454 2868; x_wconf 89' lang='lat' dir='ltr'><strong>Sed</strong></span> <span class='ocrx_word' id='word_1_153' title='bbox 483 2817 576 2869; x_wconf 90' lang='lat' dir='ltr'><strong>ille</strong></span> <span class='ocrx_word' id='word_1_154' title='bbox 615 2797 707 2880; x_wconf 56' lang='lat' dir='ltr'><strong>eoJ</strong></span> <span class='ocrx_word' id='word_1_155' title='bbox 742 2762 894 2882; x_wconf 49' lang='lat' dir='ltr'><strong>q‘tblod’</strong></span> <span class='ocrx_word' id='word_1_156' title='bbox 913 2817 1088 2866; x_wconf 88' lang='lat' dir='ltr'><strong>libera</strong></span> <span class='ocrx_word' id='word_1_157' title='bbox 1114 2764 1285 2867; x_wconf 61' lang='lat' dir='ltr'><strong>gtitur</strong></span> <span class='ocrx_word' id='word_1_158' title='bbox 1313 2831 1434 2867; x_wconf 88' lang='lat' dir='ltr'><strong>ora-</strong></span> 
     </span>
     <span class='ocr_line' id='line_1_29' title="bbox 345 2885 1434 2952; baseline -0.001 -16"><span class='ocrx_word' id='word_1_159' title='bbox 345 2886 524 2950; x_wconf 87' lang='lat' dir='ltr'><strong>tione,</strong></span> <span class='ocrx_word' id='word_1_160' title='bbox 576 2890 751 2937; x_wconf 88' lang='lat' dir='ltr'><strong>mutat</strong></span> <span class='ocrx_word' id='word_1_161' title='bbox 786 2891 1117 2936; x_wconf 79' lang='lat' dir='ltr'><strong>structuram</strong></span> <span class='ocrx_word' id='word_1_162' title='bbox 1155 2892 1321 2952; x_wconf 87' lang='lat' dir='ltr'><strong>atque</strong></span> <span class='ocrx_word' id='word_1_163' title='bbox 1356 2885 1434 2935; x_wconf 91' lang='lat' dir='ltr'><strong>ul-</strong></span> 
     </span>
     <span class='ocr_line' id='line_1_30' title="bbox 342 2955 1435 3021; baseline 0 -17"><span class='ocrx_word' id='word_1_164' title='bbox 342 2955 479 3006; x_wconf 83' lang='lat' dir='ltr'><strong>tima</strong></span> <span class='ocrx_word' id='word_1_165' title='bbox 509 2957 679 3006; x_wconf 90' lang='lat' dir='ltr'><strong>verba</strong></span> <span class='ocrx_word' id='word_1_166' title='bbox 713 2971 777 3006; x_wconf 86' lang='lat' dir='ltr'><strong>ex</strong></span> <span class='ocrx_word' id='word_1_167' title='bbox 802 2955 889 3020; x_wconf 88' lang='lat' dir='ltr'><strong>iis,</strong></span> <span class='ocrx_word' id='word_1_168' title='bbox 930 2972 1074 3021; x_wconf 90' lang='lat' dir='ltr'><strong>quae</strong></span> <span class='ocrx_word' id='word_1_169' title='bbox 1101 2956 1435 3007; x_wconf 90' lang='lat' dir='ltr'><strong>antecedunt</strong></span> 
     </span>
     <span class='ocr_line' id='line_1_31' title="bbox 348 3016 1436 3092; baseline 0 -18"><span class='ocrx_word' id='word_1_170' title='bbox 348 3016 561 3086; x_wconf 69' lang='grc' dir='ltr'><strong><em>(ἐδόκεε</em></strong></span> <span class='ocrx_word' id='word_1_171' title='bbox 600 3022 664 3075; x_wconf 77' lang='grc' dir='ltr'><strong>δὲ</strong></span> <span class='ocrx_word' id='word_1_172' title='bbox 699 3019 796 3074; x_wconf 78' lang='grc' dir='ltr'><strong>καὶ</strong></span> <span class='ocrx_word' id='word_1_173' title='bbox 834 3016 986 3092; x_wconf 72' lang='grc' dir='ltr'><strong><em>αὐτῷ</em></strong></span> <span class='ocrx_word' id='word_1_174' title='bbox 1018 3027 1167 3089; x_wconf 82' lang='grc' dir='ltr'><strong><em>μοι),</em></strong></span> <span class='ocrx_word' id='word_1_175' title='bbox 1213 3040 1436 3089; x_wconf 77' lang='lat' dir='ltr'><strong>suspen-</strong></span> 
     </span>
     <span class='ocr_line' id='line_1_32' title="bbox 344 3094 1436 3156; baseline -0.001 -13"><span class='ocrx_word' id='word_1_176' title='bbox 344 3094 482 3145; x_wconf 86' lang='lat' dir='ltr'><strong>dit.“</strong></span> <span class='ocrx_word' id='word_1_177' title='bbox 546 3096 701 3156; x_wconf 82' lang='lat' dir='ltr'><strong>Quae</strong></span> <span class='ocrx_word' id='word_1_178' title='bbox 737 3098 1014 3144; x_wconf 75' lang='lat' dir='ltr'><strong>structura</strong></span> <span class='ocrx_word' id='word_1_179' title='bbox 1056 3110 1163 3145; x_wconf 91' lang='lat' dir='ltr'><strong>non</strong></span> <span class='ocrx_word' id='word_1_180' title='bbox 1204 3094 1436 3146; x_wconf 76' lang='lat' dir='ltr'><strong>discedit</strong></span> 
     </span>
     <span class='ocr_line' id='line_1_33' title="bbox 344 3161 1432 3230; baseline 0.002 -17"><span class='ocrx_word' id='word_1_181' title='bbox 344 3164 414 3213; x_wconf 88' lang='lat' dir='ltr'><strong>ab</strong></span> <span class='ocrx_word' id='word_1_182' title='bbox 454 3181 546 3227; x_wconf 80' lang='lat' dir='ltr'><strong>ea,</strong></span> <span class='ocrx_word' id='word_1_183' title='bbox 586 3180 745 3230; x_wconf 88' lang='lat' dir='ltr'><strong>quam</strong></span> <span class='ocrx_word' id='word_1_184' title='bbox 784 3163 948 3228; x_wconf 90' lang='lat' dir='ltr'><strong>paulo</strong></span> <span class='ocrx_word' id='word_1_185' title='bbox 985 3170 1116 3214; x_wconf 87' lang='lat' dir='ltr'><strong>ante</strong></span> <span class='ocrx_word' id='word_1_186' title='bbox 1154 3161 1246 3227; x_wconf 88' lang='lat' dir='ltr'><strong>(ad</strong></span> <span class='ocrx_word' id='word_1_187' title='bbox 1272 3164 1350 3227; x_wconf 93' lang='lat'><strong>11,</strong></span> <span class='ocrx_word' id='word_1_188' title='bbox 1374 3164 1432 3226; x_wconf 86' lang='lat'><strong>8)</strong></span> 
     </span>
     <span class='ocr_line' id='line_1_34' title="bbox 345 3232 1434 3300; baseline -0.001 -18"><span class='ocrx_word' id='word_1_189' title='bbox 345 3233 647 3300; x_wconf 78' lang='lat' dir='ltr'><strong>attigimus,</strong></span> <span class='ocrx_word' id='word_1_190' title='bbox 719 3234 804 3283; x_wconf 88' lang='lat' dir='ltr'><strong>De</strong></span> <span class='ocrx_word' id='word_1_191' title='bbox 839 3248 900 3282; x_wconf 88' lang='lat' dir='ltr'><strong>re</strong></span> <span class='ocrx_word' id='word_1_192' title='bbox 935 3233 1056 3298; x_wconf 91' lang='lat' dir='ltr'><strong>ipsa</strong></span> <span class='ocrx_word' id='word_1_193' title='bbox 1095 3233 1163 3282; x_wconf 79' lang='lat' dir='ltr'><strong>cf.</strong></span> <span class='ocrx_word' id='word_1_194' title='bbox 1195 3237 1335 3284; x_wconf 90' lang='lat' dir='ltr'><strong>nott.</strong></span> <span class='ocrx_word' id='word_1_195' title='bbox 1364 3232 1434 3282; x_wconf 85' lang='lat' dir='ltr'><strong>ad</strong></span> 
     </span>
     <span class='ocr_line' id='line_1_35' title="bbox 345 3293 1433 3367; baseline -0.001 -15"><span class='ocrx_word' id='word_1_196' title='bbox 345 3303 426 3364; x_wconf 92' lang='lat'><strong>11,</strong></span> <span class='ocrx_word' id='word_1_197' title='bbox 465 3306 516 3354; x_wconf 86' lang='lat'><strong>5.</strong></span> <span class='ocrx_word' id='word_1_198' title='bbox 589 3303 657 3353; x_wconf 91' lang='lat' dir='ltr'><strong>In</strong></span> <span class='ocrx_word' id='word_1_199' title='bbox 692 3318 844 3367; x_wconf 89' lang='lat' dir='ltr'><strong>seqq.</strong></span> <span class='ocrx_word' id='word_1_200' title='bbox 882 3302 1066 3352; x_wconf 82' lang='lat' dir='ltr'><strong>verbis</strong></span> <span class='ocrx_word' id='word_1_201' title='bbox 1103 3293 1248 3366; x_wconf 75' lang='grc' dir='ltr'><strong><em>ὑπὲρ</em></strong></span> <span class='ocrx_word' id='word_1_202' title='bbox 1272 3299 1433 3364; x_wconf 83' lang='grc' dir='ltr'><strong><em>Μέμ-</em></strong></span> 
     </span>
     <span class='ocr_line' id='line_1_36' title="bbox 344 3364 1435 3436; baseline 0 -16"><span class='ocrx_word' id='word_1_203' title='bbox 344 3387 449 3436; x_wconf 84' lang='grc' dir='ltr'><strong>φιν</strong></span> <span class='ocrx_word' id='word_1_204' title='bbox 486 3364 657 3421; x_wconf 79' lang='grc' dir='ltr'><strong><em>πόλιν</em></strong></span> <span class='ocrx_word' id='word_1_205' title='bbox 703 3371 1078 3423; x_wconf 75' lang='lat' dir='ltr'><strong>accusativum</strong></span> <span class='ocrx_word' id='word_1_206' title='bbox 1124 3387 1187 3421; x_wconf 91' lang='lat' dir='ltr'><strong>eo</strong></span> <span class='ocrx_word' id='word_1_207' title='bbox 1231 3370 1435 3436; x_wconf 85' lang='lat' dir='ltr'><strong>signifi-</strong></span> 
     </span>
     <span class='ocr_line' id='line_1_37' title="bbox 344 3440 1434 3507; baseline -0.001 -16"><span class='ocrx_word' id='word_1_208' title='bbox 344 3445 494 3504; x_wconf 88' lang='lat' dir='ltr'><strong>catu,</strong></span> <span class='ocrx_word' id='word_1_209' title='bbox 553 3457 659 3507; x_wconf 88' lang='lat' dir='ltr'><strong>quo</strong></span> <span class='ocrx_word' id='word_1_210' title='bbox 695 3440 862 3506; x_wconf 81' lang='lat' dir='ltr'><strong>vulgo</strong></span> <span class='ocrx_word' id='word_1_211' title='bbox 901 3441 1175 3506; x_wconf 79' lang='lat' dir='ltr'><strong>genitivus</strong></span> <span class='ocrx_word' id='word_1_212' title='bbox 1209 3457 1434 3506; x_wconf 88' lang='lat' dir='ltr'><strong>praepo-</strong></span> 
     </span>
     <span class='ocr_line' id='line_1_38' title="bbox 343 3502 1433 3574; baseline 0.001 -15"><span class='ocrx_word' id='word_1_213' title='bbox 343 3511 597 3561; x_wconf 82' lang='lat' dir='ltr'><strong>sitionem</strong></span> <span class='ocrx_word' id='word_1_214' title='bbox 623 3502 769 3574; x_wconf 75' lang='grc' dir='ltr'><strong>ὑπὲρ</strong></span> <span class='ocrx_word' id='word_1_215' title='bbox 797 3511 952 3574; x_wconf 90' lang='lat' dir='ltr'><strong>sequi</strong></span> <span class='ocrx_word' id='word_1_216' title='bbox 971 3510 1129 3574; x_wconf 87' lang='lat' dir='ltr'><strong>solet,</strong></span> <span class='ocrx_word' id='word_1_217' title='bbox 1153 3511 1292 3560; x_wconf 90' lang='lat' dir='ltr'><strong>bene</strong></span> <span class='ocrx_word' id='word_1_218' title='bbox 1318 3515 1433 3560; x_wconf 81' lang='lat' dir='ltr'><strong>tue-</strong></span> 
     </span>
     <span class='ocr_line' id='line_1_39' title="bbox 345 3580 927 3644; baseline 0.003 -16"><span class='ocrx_word' id='word_1_219' title='bbox 345 3583 434 3629; x_wconf 89' lang='lat' dir='ltr'><strong>tur</strong></span> <span class='ocrx_word' id='word_1_220' title='bbox 469 3580 707 3630; x_wconf 89' lang='lat' dir='ltr'><strong>Bredov.</strong></span> <span class='ocrx_word' id='word_1_221' title='bbox 746 3595 799 3644; x_wconf 92' lang='lat' dir='ltr'><strong>p.</strong></span> <span class='ocrx_word' id='word_1_222' title='bbox 839 3581 927 3630; x_wconf 83' lang='lat'><strong>26.</strong></span> 
     </span>
    </p>

    <p class='ocr_par' dir='ltr' id='par_1_7' title="bbox 323 3639 1441 4476">
     <span class='ocr_line' id='line_1_40' title="bbox 413 3639 1441 3713; baseline -0.001 -16"><span class='ocrx_word' id='word_1_223' title='bbox 413 3641 476 3697; x_wconf 91' lang='grc' dir='ltr'><strong>τὸ</strong></span> <span class='ocrx_word' id='word_1_224' title='bbox 533 3640 742 3713; x_wconf 78' lang='grc' dir='ltr'><strong><em>μεταξὺ</em></strong></span> <span class='ocrx_word' id='word_1_225' title='bbox 801 3639 1065 3711; x_wconf 77' lang='grc' dir='ltr'><strong>ἐφαίνετό</strong></span> <span class='ocrx_word' id='word_1_226' title='bbox 1128 3662 1228 3713; x_wconf 92' lang='grc' dir='ltr'><strong>μοι</strong></span> <span class='ocrx_word' id='word_1_227' title='bbox 1285 3640 1441 3698; x_wconf 81' lang='grc' dir='ltr'><strong><em>εἷναί</em></strong></span> 
     </span>
     <span class='ocr_line' id='line_1_41' title="bbox 340 3708 1433 3782; baseline 0.001 -16"><span class='ocrx_word' id='word_1_228' title='bbox 340 3731 470 3766; x_wconf 79' lang='grc' dir='ltr'><strong>κοτε</strong></span> <span class='ocrx_word' id='word_1_229' title='bbox 524 3709 741 3774; x_wconf 76' lang='grc' dir='ltr'><strong><em>κόλπος</em></strong></span> <span class='ocrx_word' id='word_1_230' title='bbox 797 3708 1119 3782; x_wconf 73' lang='grc' dir='ltr'><strong><em>θαλάσσης]</em></strong></span> <span class='ocrx_word' id='word_1_231' title='bbox 1187 3716 1433 3768; x_wconf 84' lang='lat' dir='ltr'><strong>Aliorum</strong></span> 
     </span>
     <span class='ocr_line' id='line_1_42' title="bbox 323 3786 1428 3852; baseline -0.005 -10"><span class='ocrx_word' id='word_1_232' title='bbox 323 3787 668 3848; x_wconf 75' lang='lat' dir='ltr'><strong>,sententias,</strong></span> <span class='ocrx_word' id='word_1_233' title='bbox 724 3802 865 3851; x_wconf 90' lang='lat' dir='ltr'><strong>quae</strong></span> <span class='ocrx_word' id='word_1_234' title='bbox 907 3801 973 3836; x_wconf 86' lang='lat' dir='ltr'><strong>ex</strong></span> <span class='ocrx_word' id='word_1_235' title='bbox 1007 3786 1112 3836; x_wconf 89' lang='lat' dir='ltr'><strong>hoc</strong></span> <span class='ocrx_word' id='word_1_236' title='bbox 1150 3788 1271 3852; x_wconf 87' lang='lat' dir='ltr'><strong>ipso</strong></span> <span class='ocrx_word' id='word_1_237' title='bbox 1308 3787 1428 3837; x_wconf 90' lang='lat' dir='ltr'><strong>loco</strong></span> 
     </span>
     <span class='ocr_line' id='line_1_43' title="bbox 340 3855 1427 3920; baseline 0 -14"><span class='ocrx_word' id='word_1_238' title='bbox 340 3856 639 3919; x_wconf 85' lang='lat' dir='ltr'><strong>fluxerunt,</strong></span> <span class='ocrx_word' id='word_1_239' title='bbox 687 3857 796 3906; x_wconf 90' lang='lat' dir='ltr'><strong>iam</strong></span> <span class='ocrx_word' id='word_1_240' title='bbox 836 3856 1056 3906; x_wconf 85' lang='lat' dir='ltr'><strong>notavit</strong></span> <span class='ocrx_word' id='word_1_241' title='bbox 1098 3855 1427 3920; x_wconf 77' lang='lat' dir='ltr'><strong>wesseling.</strong></span> 
     </span>
     <span class='ocr_line' id='line_1_44' title="bbox 339 3924 1423 3991; baseline 0 -16"><span class='ocrx_word' id='word_1_242' title='bbox 339 3926 442 3975; x_wconf 84' lang='lat' dir='ltr'><strong>Est</strong></span> <span class='ocrx_word' id='word_1_243' title='bbox 479 3926 808 3991; x_wconf 85' lang='lat' dir='ltr'><strong>praecipuus</strong></span> <span class='ocrx_word' id='word_1_244' title='bbox 844 3924 1011 3974; x_wconf 88' lang='lat' dir='ltr'><strong>Plinii</strong></span> <span class='ocrx_word' id='word_1_245' title='bbox 1056 3925 1209 3975; x_wconf 87' lang='lat' dir='ltr'><strong>locus</strong></span> <span class='ocrx_word' id='word_1_246' title='bbox 1244 3926 1318 3976; x_wconf 87' lang='lat' dir='ltr'><strong>H.</strong></span> <span class='ocrx_word' id='word_1_247' title='bbox 1355 3926 1423 3975; x_wconf 79' lang='lat' dir='ltr'><strong>N.</strong></span> 
     </span>
     <span class='ocr_line' id='line_1_45' title="bbox 339 3994 1427 4059; baseline -0.001 -16"><span class='ocrx_word' id='word_1_248' title='bbox 339 3995 430 4057; x_wconf 88' lang='lat'><strong>11,</strong></span> <span class='ocrx_word' id='word_1_249' title='bbox 467 3995 564 4055; x_wconf 82' lang='lat'><strong>85,</strong></span> <span class='ocrx_word' id='word_1_250' title='bbox 613 3995 706 4059; x_wconf 88' lang='lat' dir='ltr'><strong>qui</strong></span> <span class='ocrx_word' id='word_1_251' title='bbox 747 3994 1018 4044; x_wconf 86' lang='lat' dir='ltr'><strong>Herodoti</strong></span> <span class='ocrx_word' id='word_1_252' title='bbox 1062 3995 1230 4044; x_wconf 88' lang='lat' dir='ltr'><strong>verba</strong></span> <span class='ocrx_word' id='word_1_253' title='bbox 1277 4009 1427 4059; x_wconf 89' lang='lat' dir='ltr'><strong>repe·</strong></span> 
     </span>
     <span class='ocr_line' id='line_1_46' title="bbox 339 4062 1425 4127; baseline 0.001 -15"><span class='ocrx_word' id='word_1_254' title='bbox 339 4065 435 4126; x_wconf 88' lang='lat' dir='ltr'><strong>tit,</strong></span> <span class='ocrx_word' id='word_1_255' title='bbox 472 4064 596 4115; x_wconf 88' lang='lat' dir='ltr'><strong>coll.</strong></span> <span class='ocrx_word' id='word_1_256' title='bbox 629 4064 845 4114; x_wconf 84' lang='lat' dir='ltr'><strong>Arrian.</strong></span> <span class='ocrx_word' id='word_1_257' title='bbox 874 4064 1086 4127; x_wconf 85' lang='lat' dir='ltr'><strong>Exped.</strong></span> <span class='ocrx_word' id='word_1_258' title='bbox 1117 4063 1272 4114; x_wconf 86' lang='lat' dir='ltr'><strong>Alex.</strong></span> <span class='ocrx_word' id='word_1_259' title='bbox 1299 4065 1366 4124; x_wconf 86' lang='lat' dir='ltr'><strong>V,</strong></span> <span class='ocrx_word' id='word_1_260' title='bbox 1392 4062 1425 4113; x_wconf 82' lang='lat'>6</span> 
     </span>
     <span class='ocr_line' id='line_1_47' title="bbox 338 4131 1424 4197; baseline 0.001 -15"><span class='ocrx_word' id='word_1_261' title='bbox 338 4140 393 4183; x_wconf 88' lang='lat' dir='ltr'><strong>et</strong></span> <span class='ocrx_word' id='word_1_262' title='bbox 430 4133 687 4184; x_wconf 83' lang='lat' dir='ltr'><strong>Strabon.</strong></span> <span class='ocrx_word' id='word_1_263' title='bbox 726 4131 889 4182; x_wconf 82' lang='lat' dir='ltr'><strong>XIII.</strong></span> <span class='ocrx_word' id='word_1_264' title='bbox 940 4149 993 4197; x_wconf 89' lang='lat' dir='ltr'><strong>p.</strong></span> <span class='ocrx_word' id='word_1_265' title='bbox 1036 4132 1170 4184; x_wconf 85' lang='lat'>1013</span> <span class='ocrx_word' id='word_1_266' title='bbox 1219 4147 1264 4181; x_wconf 89' lang='lat' dir='ltr'><strong>s.</strong></span> <span class='ocrx_word' id='word_1_267' title='bbox 1303 4133 1424 4195; x_wconf 81' lang='lat'><strong>691,</strong></span> 
     </span>
     <span class='ocr_line' id='line_1_48' title="bbox 339 4201 1427 4267; baseline 0.001 -16"><span class='ocrx_word' id='word_1_268' title='bbox 339 4202 431 4266; x_wconf 89' lang='lat' dir='ltr'><strong>qui</strong></span> <span class='ocrx_word' id='word_1_269' title='bbox 468 4203 612 4252; x_wconf 89' lang='lat' dir='ltr'><strong>idem</strong></span> <span class='ocrx_word' id='word_1_270' title='bbox 643 4201 982 4252; x_wconf 90' lang='lat' dir='ltr'><strong>Herodotum</strong></span> <span class='ocrx_word' id='word_1_271' title='bbox 1032 4202 1225 4252; x_wconf 90' lang='lat' dir='ltr'><strong>laudat</strong></span> <span class='ocrx_word' id='word_1_272' title='bbox 1261 4208 1427 4267; x_wconf 90' lang='lat' dir='ltr'><strong>atque</strong></span> 
     </span>
     <span class='ocr_line' id='line_1_49' title="bbox 335 4271 1429 4337; baseline 0 -16"><span class='ocrx_word' id='word_1_273' title='bbox 335 4272 664 4322; x_wconf 85' lang='lat' dir='ltr'><strong>Nearchum.</strong></span> <span class='ocrx_word' id='word_1_274' title='bbox 736 4271 1031 4337; x_wconf 79' lang='lat' dir='ltr'><strong>Impugnat</strong></span> <span class='ocrx_word' id='word_1_275' title='bbox 1066 4272 1285 4337; x_wconf 88' lang='lat' dir='ltr'><strong>quidem</strong></span> <span class='ocrx_word' id='word_1_276' title='bbox 1319 4272 1429 4322; x_wconf 89' lang='lat' dir='ltr'><strong>No-</strong></span> 
     </span>
     <span class='ocr_line' id='line_1_50' title="bbox 337 4339 1424 4402; baseline -0.001 -11"><span class='ocrx_word' id='word_1_277' title='bbox 337 4341 438 4391; x_wconf 87' lang='lat' dir='ltr'><strong>stri</strong></span> <span class='ocrx_word' id='word_1_278' title='bbox 477 4341 807 4391; x_wconf 85' lang='lat' dir='ltr'><strong>sententiam</strong></span> <span class='ocrx_word' id='word_1_279' title='bbox 830 4340 1105 4392; x_wconf 86' lang='lat' dir='ltr'><strong>Mannert.</strong></span> <span class='ocrx_word' id='word_1_280' title='bbox 1143 4340 1180 4390; x_wconf 90' lang='lat'><strong>1.</strong></span> <span class='ocrx_word' id='word_1_281' title='bbox 1209 4339 1254 4392; x_wconf 87' lang='lat'><strong>1.</strong></span> <span class='ocrx_word' id='word_1_282' title='bbox 1275 4341 1342 4402; x_wconf 84' lang='lat' dir='ltr'><strong>X,</strong></span> <span class='ocrx_word' id='word_1_283' title='bbox 1377 4340 1424 4390; x_wconf 90' lang='lat'><strong>1.</strong></span> 
     </span>
     <span class='ocr_line' id='line_1_51' title="bbox 335 4410 1430 4476; baseline -0.001 -16"><span class='ocrx_word' id='word_1_284' title='bbox 335 4425 389 4474; x_wconf 91' lang='lat' dir='ltr'><strong>p.</strong></span> <span class='ocrx_word' id='word_1_285' title='bbox 429 4411 532 4461; x_wconf 80' lang='lat'><strong>245</strong></span> <span class='ocrx_word' id='word_1_286' title='bbox 568 4424 743 4475; x_wconf 64' lang='lat' dir='ltr'><strong>seqq„</strong></span> <span class='ocrx_word' id='word_1_287' title='bbox 785 4410 874 4460; x_wconf 87' lang='lat' dir='ltr'><strong>cui</strong></span> <span class='ocrx_word' id='word_1_288' title='bbox 910 4411 1251 4476; x_wconf 85' lang='lat' dir='ltr'><strong>opponimus,</strong></span> <span class='ocrx_word' id='word_1_289' title='bbox 1290 4423 1430 4475; x_wconf 87' lang='lat' dir='ltr'><strong>quae</strong></span> 
     </span>
    </p>
   </div>
   <div class='ocr_carea' id='block_1_7' title="bbox 418 4510 852 4555">
    <p class='ocr_par' dir='ltr' id='par_1_8' title="bbox 418 4510 852 4555">
     <span class='ocr_line' id='line_1_52' title="bbox 418 4510 852 4555; baseline -0.002 -2"><span class='ocrx_word' id='word_1_290' title='bbox 418 4510 756 4555; x_wconf 71' lang='lat' dir='ltr'><strong>HERODO&#39;I&#39;.</strong></span> <span class='ocrx_word' id='word_1_291' title='bbox 808 4512 852 4553; x_wconf 86' lang='lat'><strong>1.</strong></span> 
     </span>
    </p>
   </div>
   <div class='ocr_carea' id='block_1_8' title="bbox 1529 1014 2635 4461">
    <p class='ocr_par' dir='ltr' id='par_1_9' title="bbox 1529 1014 2635 4461">
     <span class='ocr_line' id='line_1_53' title="bbox 1545 1014 2635 1078; baseline 0.001 -14"><span class='ocrx_word' id='word_1_292' title='bbox 1545 1014 1619 1064; x_wconf 88' lang='lat' dir='ltr'><strong>ad</strong></span> <span class='ocrx_word' id='word_1_293' title='bbox 1657 1017 1736 1078; x_wconf 92' lang='lat'><strong>11,</strong></span> <span class='ocrx_word' id='word_1_294' title='bbox 1775 1018 1809 1066; x_wconf 85' lang='lat'><strong>4</strong></span> <span class='ocrx_word' id='word_1_295' title='bbox 1846 1021 1903 1065; x_wconf 92' lang='lat' dir='ltr'><strong>et</strong></span> <span class='ocrx_word' id='word_1_296' title='bbox 1937 1016 1970 1066; x_wconf 84' lang='lat'>5</span> <span class='ocrx_word' id='word_1_297' title='bbox 2008 1015 2273 1066; x_wconf 87' lang='lat' dir='ltr'><strong>adnotata</strong></span> <span class='ocrx_word' id='word_1_298' title='bbox 2311 1020 2458 1067; x_wconf 87' lang='lat' dir='ltr'><strong>sunt.</strong></span> <span class='ocrx_word' id='word_1_299' title='bbox 2518 1016 2635 1065; x_wconf 81' lang='lat' dir='ltr'><strong>Ma-</strong></span> 
     </span>
     <span class='ocr_line' id='line_1_54' title="bbox 1545 1084 2634 1150; baseline 0.002 -18"><span class='ocrx_word' id='word_1_300' title='bbox 1545 1085 1687 1134; x_wconf 82' lang='lat' dir='ltr'><strong>xime</strong></span> <span class='ocrx_word' id='word_1_301' title='bbox 1736 1100 1868 1135; x_wconf 86' lang='lat' dir='ltr'><strong>vero</strong></span> <span class='ocrx_word' id='word_1_302' title='bbox 1921 1084 2027 1135; x_wconf 90' lang='lat' dir='ltr'><strong>huc</strong></span> <span class='ocrx_word' id='word_1_303' title='bbox 2072 1085 2282 1135; x_wconf 85' lang='lat' dir='ltr'><strong>faciunt</strong></span> <span class='ocrx_word' id='word_1_304' title='bbox 2333 1100 2428 1148; x_wconf 82' lang='lat' dir='ltr'><strong>ea,</strong></span> <span class='ocrx_word' id='word_1_305' title='bbox 2493 1099 2634 1150; x_wconf 84' lang='lat' dir='ltr'><strong>quae</strong></span> 
     </span>
     <span class='ocr_line' id='line_1_55' title="bbox 1543 1153 2629 1205; baseline 0 -2"><span class='ocrx_word' id='word_1_306' title='bbox 1543 1153 1741 1204; x_wconf 83' lang='lat' dir='ltr'><strong>Ritter.</strong></span> <span class='ocrx_word' id='word_1_307' title='bbox 1803 1153 2060 1205; x_wconf 85' lang='lat' dir='ltr'><strong>disseruit</strong></span> <span class='ocrx_word' id='word_1_308' title='bbox 2119 1154 2177 1204; x_wconf 91' lang='lat' dir='ltr'><strong>in</strong></span> <span class='ocrx_word' id='word_1_309' title='bbox 2234 1153 2531 1204; x_wconf 85' lang='lat' dir='ltr'><strong>Erdkunde</strong></span> <span class='ocrx_word' id='word_1_310' title='bbox 2582 1154 2629 1204; x_wconf 89' lang='grc' dir='ltr'><strong>Ι.</strong></span> 
     </span>
     <span class='ocr_line' id='line_1_56' title="bbox 1544 1222 2634 1288; baseline 0 -15"><span class='ocrx_word' id='word_1_311' title='bbox 1544 1237 1670 1288; x_wconf 78' lang='lat' dir='ltr'><strong>pag.</strong></span> <span class='ocrx_word' id='word_1_312' title='bbox 1719 1222 1841 1274; x_wconf 84' lang='lat'><strong>852.</strong></span> <span class='ocrx_word' id='word_1_313' title='bbox 1929 1224 2128 1275; x_wconf 87' lang='lat' dir='ltr'><strong>Rerum</strong></span> <span class='ocrx_word' id='word_1_314' title='bbox 2170 1223 2499 1273; x_wconf 88' lang='lat' dir='ltr'><strong>naturalium</strong></span> <span class='ocrx_word' id='word_1_315' title='bbox 2543 1239 2634 1287; x_wconf 87' lang='lat' dir='ltr'><strong>pe-</strong></span> 
     </span>
     <span class='ocr_line' id='line_1_57' title="bbox 1543 1292 2633 1359; baseline 0.002 -18"><span class='ocrx_word' id='word_1_316' title='bbox 1543 1294 1679 1343; x_wconf 88' lang='lat' dir='ltr'><strong>ritos</strong></span> <span class='ocrx_word' id='word_1_317' title='bbox 1712 1292 1806 1344; x_wconf 91' lang='lat' dir='ltr'><strong>ille</strong></span> <span class='ocrx_word' id='word_1_318' title='bbox 1834 1293 2048 1356; x_wconf 84' lang='lat' dir='ltr'><strong>scribit,</strong></span> <span class='ocrx_word' id='word_1_319' title='bbox 2087 1293 2182 1358; x_wconf 89' lang='lat' dir='ltr'><strong>qui</strong></span> <span class='ocrx_word' id='word_1_320' title='bbox 2197 1295 2508 1359; x_wconf 81' lang='lat' dir='ltr'><strong>Aegyptum</strong></span> <span class='ocrx_word' id='word_1_321' title='bbox 2526 1292 2633 1343; x_wconf 86' lang='lat' dir='ltr'><strong>huc</strong></span> 
     </span>
     <span class='ocr_line' id='line_1_58' title="bbox 1543 1362 2634 1427; baseline 0 -15"><span class='ocrx_word' id='word_1_322' title='bbox 1543 1377 1717 1427; x_wconf 84' lang='lat' dir='ltr'><strong>usque</strong></span> <span class='ocrx_word' id='word_1_323' title='bbox 1762 1362 2079 1424; x_wconf 88' lang='lat' dir='ltr'><strong>inviserint,</strong></span> <span class='ocrx_word' id='word_1_324' title='bbox 2132 1376 2251 1412; x_wconf 90' lang='lat' dir='ltr'><strong>eam</strong></span> <span class='ocrx_word' id='word_1_325' title='bbox 2303 1362 2359 1411; x_wconf 91' lang='lat' dir='ltr'><strong>in</strong></span> <span class='ocrx_word' id='word_1_326' title='bbox 2417 1366 2634 1412; x_wconf 83' lang='lat' dir='ltr'><strong>senten-</strong></span> 
     </span>
     <span class='ocr_line' id='line_1_59' title="bbox 1542 1430 2632 1494; baseline 0.004 -14"><span class='ocrx_word' id='word_1_327' title='bbox 1542 1431 1677 1481; x_wconf 88' lang='lat' dir='ltr'><strong>tiam</strong></span> <span class='ocrx_word' id='word_1_328' title='bbox 1729 1431 1997 1482; x_wconf 86' lang='lat' dir='ltr'><strong>adductos</strong></span> <span class='ocrx_word' id='word_1_329' title='bbox 2051 1430 2249 1494; x_wconf 84' lang='lat' dir='ltr'><strong>fuisse,</strong></span> <span class='ocrx_word' id='word_1_330' title='bbox 2314 1437 2376 1481; x_wconf 91' lang='lat' dir='ltr'><strong>ut</strong></span> <span class='ocrx_word' id='word_1_331' title='bbox 2420 1446 2632 1484; x_wconf 81' lang='lat' dir='ltr'><strong>omnem</strong></span> 
     </span>
     <span class='ocr_line' id='line_1_60' title="bbox 1543 1499 2633 1552; baseline -0.001 -1"><span class='ocrx_word' id='word_1_332' title='bbox 1543 1500 1657 1551; x_wconf 82' lang='lat' dir='ltr'><strong>Nili</strong></span> <span class='ocrx_word' id='word_1_333' title='bbox 1705 1501 2007 1552; x_wconf 84' lang='lat' dir='ltr'><strong>convallem</strong></span> <span class='ocrx_word' id='word_1_334' title='bbox 2060 1501 2227 1551; x_wconf 87' lang='lat' dir='ltr'><strong>maris</strong></span> <span class='ocrx_word' id='word_1_335' title='bbox 2280 1502 2457 1550; x_wconf 88' lang='lat' dir='ltr'><strong>sinum</strong></span> <span class='ocrx_word' id='word_1_336' title='bbox 2503 1499 2633 1551; x_wconf 89' lang='lat' dir='ltr'><strong>olim</strong></span> 
     </span>
     <span class='ocr_line' id='line_1_61' title="bbox 1544 1570 2632 1636; baseline 0 -16"><span class='ocrx_word' id='word_1_337' title='bbox 1544 1570 1719 1620; x_wconf 79' lang='lat' dir='ltr'><strong>fuisse</strong></span> <span class='ocrx_word' id='word_1_338' title='bbox 1771 1570 2000 1635; x_wconf 85' lang='lat' dir='ltr'><strong>(pariter</strong></span> <span class='ocrx_word' id='word_1_339' title='bbox 2043 1576 2210 1636; x_wconf 88' lang='lat' dir='ltr'><strong>atque</strong></span> <span class='ocrx_word' id='word_1_340' title='bbox 2263 1585 2407 1620; x_wconf 88' lang='lat' dir='ltr'><strong>nunc</strong></span> <span class='ocrx_word' id='word_1_341' title='bbox 2454 1570 2632 1620; x_wconf 85' lang='lat' dir='ltr'><strong>sinum</strong></span> 
     </span>
     <span class='ocr_line' id='line_1_62' title="bbox 1543 1639 2632 1705; baseline 0 -15"><span class='ocrx_word' id='word_1_342' title='bbox 1543 1639 1858 1705; x_wconf 85' lang='lat' dir='ltr'><strong>Arabicum)</strong></span> <span class='ocrx_word' id='word_1_343' title='bbox 1899 1640 2331 1705; x_wconf 84' lang='lat' dir='ltr'><strong>suspicarentur,</strong></span> <span class='ocrx_word' id='word_1_344' title='bbox 2381 1639 2436 1688; x_wconf 89' lang='lat' dir='ltr'><strong>in</strong></span> <span class='ocrx_word' id='word_1_345' title='bbox 2473 1655 2632 1705; x_wconf 90' lang='lat' dir='ltr'><strong>quem</strong></span> 
     </span>
     <span class='ocr_line' id='line_1_63' title="bbox 1543 1709 2630 1774; baseline 0.001 -16"><span class='ocrx_word' id='word_1_346' title='bbox 1543 1725 1690 1759; x_wconf 87' lang='lat' dir='ltr'><strong>mare</strong></span> <span class='ocrx_word' id='word_1_347' title='bbox 1747 1725 1845 1774; x_wconf 89' lang='lat' dir='ltr'><strong>per</strong></span> <span class='ocrx_word' id='word_1_348' title='bbox 1895 1726 2013 1760; x_wconf 88' lang='lat' dir='ltr'><strong>eam</strong></span> <span class='ocrx_word' id='word_1_349' title='bbox 2064 1709 2286 1758; x_wconf 87' lang='lat' dir='ltr'><strong>intrarit</strong></span> <span class='ocrx_word' id='word_1_350' title='bbox 2336 1709 2630 1773; x_wconf 82' lang='lat' dir='ltr'><strong>regionem,</strong></span> 
     </span>
     <span class='ocr_line' id='line_1_64' title="bbox 1543 1778 2629 1844; baseline -0.002 -15"><span class='ocrx_word' id='word_1_351' title='bbox 1543 1794 1686 1844; x_wconf 88' lang='lat' dir='ltr'><strong>quae</strong></span> <span class='ocrx_word' id='word_1_352' title='bbox 1719 1794 1865 1828; x_wconf 88' lang='lat' dir='ltr'><strong>nunc</strong></span> <span class='ocrx_word' id='word_1_353' title='bbox 1909 1778 2076 1829; x_wconf 86' lang='lat' dir='ltr'><strong>Delta</strong></span> <span class='ocrx_word' id='word_1_354' title='bbox 2121 1778 2499 1842; x_wconf 88' lang='lat' dir='ltr'><strong>perhibeatur,</strong></span> <span class='ocrx_word' id='word_1_355' title='bbox 2559 1779 2629 1827; x_wconf 91' lang='lat' dir='ltr'><strong>ab</strong></span> 
     </span>
     <span class='ocr_line' id='line_1_65' title="bbox 1539 1846 2630 1912; baseline -0.002 -14"><span class='ocrx_word' id='word_1_356' title='bbox 1539 1847 1873 1898; x_wconf 86' lang='lat' dir='ltr'><strong>Alexandria</strong></span> <span class='ocrx_word' id='word_1_357' title='bbox 1902 1862 2075 1912; x_wconf 84' lang='lat' dir='ltr'><strong>usque</strong></span> <span class='ocrx_word' id='word_1_358' title='bbox 2105 1847 2177 1897; x_wconf 90' lang='lat' dir='ltr'><strong>ad</strong></span> <span class='ocrx_word' id='word_1_359' title='bbox 2202 1846 2481 1897; x_wconf 86' lang='lat' dir='ltr'><strong>Pelusium</strong></span> <span class='ocrx_word' id='word_1_360' title='bbox 2509 1859 2630 1912; x_wconf 90' lang='lat' dir='ltr'><strong>por·</strong></span> 
     </span>
     <span class='ocr_line' id='line_1_66' title="bbox 1540 1915 2630 1981; baseline -0.001 -14"><span class='ocrx_word' id='word_1_361' title='bbox 1540 1923 1693 1967; x_wconf 87' lang='lat' dir='ltr'><strong>recta</strong></span> <span class='ocrx_word' id='word_1_362' title='bbox 1746 1918 1894 1967; x_wconf 87' lang='lat' dir='ltr'><strong>intra</strong></span> <span class='ocrx_word' id='word_1_363' title='bbox 1944 1916 2252 1966; x_wconf 84' lang='lat' dir='ltr'><strong>Mokattam</strong></span> <span class='ocrx_word' id='word_1_364' title='bbox 2311 1920 2367 1965; x_wconf 87' lang='lat' dir='ltr'><strong>et</strong></span> <span class='ocrx_word' id='word_1_365' title='bbox 2420 1915 2630 1981; x_wconf 82' lang='lat' dir='ltr'><strong>Libyae</strong></span> 
     </span>
     <span class='ocr_line' id='line_1_67' title="bbox 1539 1986 2629 2051; baseline -0.001 -15"><span class='ocrx_word' id='word_1_366' title='bbox 1539 1991 1754 2037; x_wconf 88' lang='lat' dir='ltr'><strong>montes</strong></span> <span class='ocrx_word' id='word_1_367' title='bbox 1805 1986 2192 2051; x_wconf 87' lang='lat' dir='ltr'><strong>prominentes.</strong></span> <span class='ocrx_word' id='word_1_368' title='bbox 2276 1986 2457 2050; x_wconf 83' lang='lat' dir='ltr'><strong>Atque</strong></span> <span class='ocrx_word' id='word_1_369' title='bbox 2492 1986 2629 2050; x_wconf 88' lang='lat' dir='ltr'><strong>ipsis</strong></span> 
     </span>
     <span class='ocr_line' id='line_1_68' title="bbox 1538 2055 2631 2121; baseline 0 -17"><span class='ocrx_word' id='word_1_370' title='bbox 1538 2056 1598 2105; x_wconf 91' lang='lat' dir='ltr'><strong>in</strong></span> <span class='ocrx_word' id='word_1_371' title='bbox 1642 2055 2034 2121; x_wconf 85' lang='lat' dir='ltr'><strong>praecipitibus</strong></span> <span class='ocrx_word' id='word_1_372' title='bbox 2084 2055 2235 2104; x_wconf 84' lang='lat' dir='ltr'><strong>saxis</strong></span> <span class='ocrx_word' id='word_1_373' title='bbox 2271 2057 2471 2103; x_wconf 88' lang='lat' dir='ltr'><strong>montis</strong></span> <span class='ocrx_word' id='word_1_374' title='bbox 2514 2055 2631 2104; x_wconf 86' lang='grc' dir='ltr'><strong>Μο-</strong></span> 
     </span>
     <span class='ocr_line' id='line_1_69' title="bbox 1540 2123 2630 2191; baseline -0.002 -16"><span class='ocrx_word' id='word_1_375' title='bbox 1540 2126 1755 2174; x_wconf 88' lang='lat' dir='ltr'><strong>kattam</strong></span> <span class='ocrx_word' id='word_1_376' title='bbox 1799 2126 1993 2191; x_wconf 84' lang='lat' dir='ltr'><strong>(supra</strong></span> <span class='ocrx_word' id='word_1_377' title='bbox 2037 2124 2337 2187; x_wconf 82' lang='lat' dir='ltr'><strong>Memphin)</strong></span> <span class='ocrx_word' id='word_1_378' title='bbox 2392 2123 2630 2189; x_wconf 78' lang='lat' dir='ltr'><strong>vestigia</strong></span> 
     </span>
     <span class='ocr_line' id='line_1_70' title="bbox 1541 2192 2630 2260; baseline -0.001 -16"><span class='ocrx_word' id='word_1_379' title='bbox 1541 2199 1694 2245; x_wconf 90' lang='lat' dir='ltr'><strong>certa</strong></span> <span class='ocrx_word' id='word_1_380' title='bbox 1728 2194 1995 2260; x_wconf 86' lang='lat' dir='ltr'><strong>quaedam</strong></span> <span class='ocrx_word' id='word_1_381' title='bbox 2046 2192 2314 2243; x_wconf 86' lang='lat' dir='ltr'><strong>undarum</strong></span> <span class='ocrx_word' id='word_1_382' title='bbox 2348 2193 2513 2242; x_wconf 86' lang='lat' dir='ltr'><strong>maris</strong></span> <span class='ocrx_word' id='word_1_383' title='bbox 2546 2208 2630 2243; x_wconf 88' lang='lat' dir='ltr'><strong>re-</strong></span> 
     </span>
     <span class='ocr_line' id='line_1_71' title="bbox 1535 2261 2629 2328; baseline -0.001 -15"><span class='ocrx_word' id='word_1_384' title='bbox 1535 2264 1720 2328; x_wconf 89' lang='lat' dir='ltr'><strong>periri.</strong></span> <span class='ocrx_word' id='word_1_385' title='bbox 1805 2264 1912 2314; x_wconf 82' lang='lat' dir='ltr'><strong>Sed</strong></span> <span class='ocrx_word' id='word_1_386' title='bbox 1958 2261 2185 2312; x_wconf 75' lang='lat' dir='ltr'><strong>multum</strong></span> <span class='ocrx_word' id='word_1_387' title='bbox 2233 2263 2425 2327; x_wconf 86' lang='lat' dir='ltr'><strong>utique</strong></span> <span class='ocrx_word' id='word_1_388' title='bbox 2473 2262 2629 2312; x_wconf 82' lang='lat' dir='ltr'><strong>efflu-</strong></span> 
     </span>
     <span class='ocr_line' id='line_1_72' title="bbox 1535 2332 2630 2397; baseline -0.001 -15"><span class='ocrx_word' id='word_1_389' title='bbox 1535 2334 1684 2383; x_wconf 84' lang='lat' dir='ltr'><strong>xisse</strong></span> <span class='ocrx_word' id='word_1_390' title='bbox 1721 2332 2007 2397; x_wconf 88' lang='lat' dir='ltr'><strong>temporis,</strong></span> <span class='ocrx_word' id='word_1_391' title='bbox 2055 2332 2151 2380; x_wconf 83' lang='lat' dir='ltr'><strong>vix</strong></span> <span class='ocrx_word' id='word_1_392' title='bbox 2200 2332 2511 2381; x_wconf 85' lang='lat' dir='ltr'><strong>accuratius</strong></span> <span class='ocrx_word' id='word_1_393' title='bbox 2551 2332 2630 2381; x_wconf 89' lang='lat' dir='ltr'><strong>in·</strong></span> 
     </span>
     <span class='ocr_line' id='line_1_73' title="bbox 1536 2400 2630 2464; baseline -0.002 -12"><span class='ocrx_word' id='word_1_394' title='bbox 1536 2402 1853 2464; x_wconf 87' lang='lat' dir='ltr'><strong>dicandum,</strong></span> <span class='ocrx_word' id='word_1_395' title='bbox 1892 2401 2018 2451; x_wconf 88' lang='lat' dir='ltr'><strong>dum</strong></span> <span class='ocrx_word' id='word_1_396' title='bbox 2042 2401 2207 2450; x_wconf 88' lang='lat' dir='ltr'><strong>Delta</strong></span> <span class='ocrx_word' id='word_1_397' title='bbox 2234 2417 2301 2451; x_wconf 84' lang='lat' dir='ltr'><strong>ex</strong></span> <span class='ocrx_word' id='word_1_398' title='bbox 2331 2400 2492 2450; x_wconf 87' lang='lat' dir='ltr'><strong>undis</strong></span> <span class='ocrx_word' id='word_1_399' title='bbox 2518 2415 2630 2450; x_wconf 86' lang='lat' dir='ltr'><strong>ma·</strong></span> 
     </span>
     <span class='ocr_line' id='line_1_74' title="bbox 1536 2470 2628 2537; baseline -0.001 -16"><span class='ocrx_word' id='word_1_400' title='bbox 1536 2472 1612 2521; x_wconf 87' lang='lat' dir='ltr'><strong>ris</strong></span> <span class='ocrx_word' id='word_1_401' title='bbox 1638 2471 1967 2537; x_wconf 85' lang='lat' dir='ltr'><strong>provenerit.</strong></span> <span class='ocrx_word' id='word_1_402' title='bbox 2006 2470 2242 2519; x_wconf 84' lang='lat' dir='ltr'><strong>Faciunt</strong></span> <span class='ocrx_word' id='word_1_403' title='bbox 2263 2485 2478 2535; x_wconf 89' lang='lat' dir='ltr'><strong>quoque</strong></span> <span class='ocrx_word' id='word_1_404' title='bbox 2501 2470 2628 2533; x_wconf 89' lang='lat' dir='ltr'><strong>huc,</strong></span> 
     </span>
     <span class='ocr_line' id='line_1_75' title="bbox 1537 2538 2626 2605; baseline -0.003 -15"><span class='ocrx_word' id='word_1_405' title='bbox 1537 2556 1677 2605; x_wconf 87' lang='lat' dir='ltr'><strong>quae</strong></span> <span class='ocrx_word' id='word_1_406' title='bbox 1714 2541 1858 2590; x_wconf 89' lang='lat' dir='ltr'><strong>idem</strong></span> <span class='ocrx_word' id='word_1_407' title='bbox 1894 2538 2101 2605; x_wconf 79' lang='lat' dir='ltr'><strong>profert</strong></span> <span class='ocrx_word' id='word_1_408' title='bbox 2122 2539 2322 2589; x_wconf 88' lang='lat' dir='ltr'><strong>Ritter.</strong></span> <span class='ocrx_word' id='word_1_409' title='bbox 2360 2538 2395 2588; x_wconf 92' lang='lat' dir='ltr'><strong>l.</strong></span> <span class='ocrx_word' id='word_1_410' title='bbox 2423 2538 2461 2587; x_wconf 95' lang='lat' dir='ltr'><strong>l.</strong></span> <span class='ocrx_word' id='word_1_411' title='bbox 2498 2555 2626 2604; x_wconf 79' lang='lat' dir='ltr'><strong>pag.</strong></span> 
     </span>
     <span class='ocr_line' id='line_1_76' title="bbox 1536 2606 2629 2674; baseline -0.003 -14"><span class='ocrx_word' id='word_1_412' title='bbox 1536 2610 1641 2661; x_wconf 82' lang='lat'><strong>858</strong></span> <span class='ocrx_word' id='word_1_413' title='bbox 1680 2625 1794 2674; x_wconf 85' lang='lat' dir='ltr'><strong>seq.</strong></span> <span class='ocrx_word' id='word_1_414' title='bbox 1835 2610 1939 2660; x_wconf 79' lang='lat'><strong>860</strong></span> <span class='ocrx_word' id='word_1_415' title='bbox 1969 2623 2085 2672; x_wconf 88' lang='lat' dir='ltr'><strong>seq.</strong></span> <span class='ocrx_word' id='word_1_416' title='bbox 2125 2624 2191 2657; x_wconf 85' lang='lat' dir='ltr'><strong>ex</strong></span> <span class='ocrx_word' id='word_1_417' title='bbox 2224 2606 2500 2658; x_wconf 85' lang='lat' dir='ltr'><strong>Gallorum</strong></span> <span class='ocrx_word' id='word_1_418' title='bbox 2536 2608 2629 2657; x_wconf 88' lang='lat' dir='ltr'><strong>do-</strong></span> 
     </span>
     <span class='ocr_line' id='line_1_77' title="bbox 1538 2676 2629 2742; baseline -0.005 -13"><span class='ocrx_word' id='word_1_419' title='bbox 1538 2683 1750 2729; x_wconf 89' lang='lat' dir='ltr'><strong>ctorum</strong></span> <span class='ocrx_word' id='word_1_420' title='bbox 1769 2677 2309 2742; x_wconf 82' lang='lat' dir='ltr'><strong>investigationibus.</strong></span> <span class='ocrx_word' id='word_1_421' title='bbox 2334 2676 2465 2726; x_wconf 86' lang='lat' dir='ltr'><strong>Veri</strong></span> <span class='ocrx_word' id='word_1_422' title='bbox 2485 2676 2629 2726; x_wconf 89' lang='lat' dir='ltr'><strong>enim</strong></span> 
     </span>
     <span class='ocr_line' id='line_1_78' title="bbox 1537 2745 2628 2809; baseline -0.003 -12"><span class='ocrx_word' id='word_1_423' title='bbox 1537 2747 1715 2798; x_wconf 85' lang='lat' dir='ltr'><strong>simile</strong></span> <span class='ocrx_word' id='word_1_424' title='bbox 1738 2747 1931 2808; x_wconf 87' lang='lat' dir='ltr'><strong>videri,</strong></span> <span class='ocrx_word' id='word_1_425' title='bbox 1955 2745 2138 2795; x_wconf 88' lang='lat' dir='ltr'><strong>Nilum</strong></span> <span class='ocrx_word' id='word_1_426' title='bbox 2153 2783 2166 2808; x_wconf 86' lang='lat'>‚</span> <span class='ocrx_word' id='word_1_427' title='bbox 2190 2748 2483 2809; x_wconf 89' lang='lat' dir='ltr'><strong>antequam</strong></span> <span class='ocrx_word' id='word_1_428' title='bbox 2501 2745 2628 2795; x_wconf 90' lang='lat' dir='ltr'><strong>Del·</strong></span> 
     </span>
     <span class='ocr_line' id='line_1_79' title="bbox 1536 2813 2625 2879; baseline -0.004 -12"><span class='ocrx_word' id='word_1_429' title='bbox 1536 2823 1598 2867; x_wconf 85' lang='lat' dir='ltr'><strong>ta</strong></span> <span class='ocrx_word' id='word_1_430' title='bbox 1631 2817 1762 2867; x_wconf 90' lang='lat' dir='ltr'><strong>limo</strong></span> <span class='ocrx_word' id='word_1_431' title='bbox 1800 2820 1856 2866; x_wconf 89' lang='lat' dir='ltr'><strong>et</strong></span> <span class='ocrx_word' id='word_1_432' title='bbox 1894 2831 2061 2865; x_wconf 83' lang='lat' dir='ltr'><strong>arena</strong></span> <span class='ocrx_word' id='word_1_433' title='bbox 2097 2814 2477 2879; x_wconf 82' lang='lat' dir='ltr'><strong>compleverit,</strong></span> <span class='ocrx_word' id='word_1_434' title='bbox 2514 2813 2625 2864; x_wconf 88' lang='lat' dir='ltr'><strong>alia</strong></span> 
     </span>
     <span class='ocr_line' id='line_1_80' title="bbox 1538 2884 2626 2952; baseline -0.004 -15"><span class='ocrx_word' id='word_1_435' title='bbox 1538 2888 1631 2937; x_wconf 85' lang='lat' dir='ltr'><strong>via</strong></span> <span class='ocrx_word' id='word_1_436' title='bbox 1654 2902 1750 2952; x_wconf 90' lang='lat' dir='ltr'><strong>per</strong></span> <span class='ocrx_word' id='word_1_437' title='bbox 1770 2885 1980 2951; x_wconf 84' lang='lat' dir='ltr'><strong>Libyae</strong></span> <span class='ocrx_word' id='word_1_438' title='bbox 2016 2884 2234 2935; x_wconf 89' lang='lat' dir='ltr'><strong>deserta</strong></span> <span class='ocrx_word' id='word_1_439' title='bbox 2266 2884 2324 2932; x_wconf 90' lang='lat' dir='ltr'><strong>in</strong></span> <span class='ocrx_word' id='word_1_440' title='bbox 2359 2898 2507 2933; x_wconf 87' lang='lat' dir='ltr'><strong>mare</strong></span> <span class='ocrx_word' id='word_1_441' title='bbox 2529 2899 2626 2933; x_wconf 85' lang='lat' dir='ltr'><strong>un-</strong></span> 
     </span>
     <span class='ocr_line' id='line_1_81' title="bbox 1538 2952 2626 3018; baseline -0.003 -13"><span class='ocrx_word' id='word_1_442' title='bbox 1538 2956 1636 3006; x_wconf 87' lang='lat' dir='ltr'><strong>das</strong></span> <span class='ocrx_word' id='word_1_443' title='bbox 1688 2970 1818 3006; x_wconf 80' lang='lat' dir='ltr'><strong>suas</strong></span> <span class='ocrx_word' id='word_1_444' title='bbox 1873 2954 2114 3006; x_wconf 85' lang='lat' dir='ltr'><strong>volvisse</strong></span> <span class='ocrx_word' id='word_1_445' title='bbox 2164 2958 2220 3004; x_wconf 91' lang='lat' dir='ltr'><strong>et</strong></span> <span class='ocrx_word' id='word_1_446' title='bbox 2269 2952 2486 3018; x_wconf 89' lang='lat' dir='ltr'><strong>quidem</strong></span> <span class='ocrx_word' id='word_1_447' title='bbox 2528 2968 2626 3017; x_wconf 90' lang='lat' dir='ltr'><strong>per</strong></span> 
     </span>
     <span class='ocr_line' id='line_1_82' title="bbox 1537 3023 2627 3089; baseline -0.003 -14"><span class='ocrx_word' id='word_1_448' title='bbox 1537 3042 1656 3075; x_wconf 89' lang='lat' dir='ltr'><strong>eam</strong></span> <span class='ocrx_word' id='word_1_449' title='bbox 1684 3023 2004 3087; x_wconf 84' lang='lat' dir='ltr'><strong>convallem,</strong></span> <span class='ocrx_word' id='word_1_450' title='bbox 2042 3039 2183 3089; x_wconf 89' lang='lat' dir='ltr'><strong>quae</strong></span> <span class='ocrx_word' id='word_1_451' title='bbox 2218 3038 2364 3073; x_wconf 89' lang='lat' dir='ltr'><strong>nunc</strong></span> <span class='ocrx_word' id='word_1_452' title='bbox 2399 3027 2627 3074; x_wconf 89' lang='lat' dir='ltr'><strong>vocetur</strong></span> 
     </span>
     <span class='ocr_line' id='line_1_83' title="bbox 1543 3091 2627 3145; baseline -0.001 -1"><span class='ocrx_word' id='word_1_453' title='bbox 1543 3095 1675 3144; x_wconf 69' lang='lat' dir='ltr'><strong>Thal</strong></span> <span class='ocrx_word' id='word_1_454' title='bbox 1729 3096 1826 3145; x_wconf 78' lang='lat' dir='ltr'><strong>der</strong></span> <span class='ocrx_word' id='word_1_455' title='bbox 1872 3093 2193 3144; x_wconf 79' lang='lat' dir='ltr'><strong>Natronseen</strong></span> <span class='ocrx_word' id='word_1_456' title='bbox 2245 3097 2300 3143; x_wconf 92' lang='lat' dir='ltr'><strong>et</strong></span> <span class='ocrx_word' id='word_1_457' title='bbox 2348 3091 2483 3142; x_wconf 66' lang='lat' dir='ltr'><strong>Thac</strong></span> <span class='ocrx_word' id='word_1_458' title='bbox 2537 3092 2627 3143; x_wconf 75' lang='lat' dir='ltr'><strong>des</strong></span> 
     </span>
     <span class='ocr_line' id='line_1_84' title="bbox 1539 3160 2627 3228; baseline -0.004 -14"><span class='ocrx_word' id='word_1_459' title='bbox 1539 3160 1863 3215; x_wconf 58' lang='lat' dir='ltr'><strong>Bam-bem</strong></span> <span class='ocrx_word' id='word_1_460' title='bbox 1886 3161 2005 3213; x_wconf 80' lang='grc' dir='ltr'><strong>-ηιά</strong></span> <span class='ocrx_word' id='word_1_461' title='bbox 2055 3162 2114 3228; x_wconf 89' lang='lat' dir='ltr'><strong>(i.</strong></span> <span class='ocrx_word' id='word_1_462' title='bbox 2165 3178 2215 3213; x_wconf 89' lang='lat' dir='ltr'><strong>e.</strong></span> <span class='ocrx_word' id='word_1_463' title='bbox 2263 3161 2426 3212; x_wconf 88' lang='lat' dir='ltr'><strong>vallis</strong></span> <span class='ocrx_word' id='word_1_464' title='bbox 2472 3161 2627 3212; x_wconf 88' lang='lat' dir='ltr'><strong>fluvii</strong></span> 
     </span>
     <span class='ocr_line' id='line_1_85' title="bbox 1536 3229 2625 3299; baseline -0.004 -15"><span class='ocrx_word' id='word_1_465' title='bbox 1536 3229 2042 3299; x_wconf 83' lang='lat' dir='ltr'><strong>aquarum‘inopis)</strong></span> <span class='ocrx_word' id='word_1_466' title='bbox 2088 3248 2134 3282; x_wconf 86' lang='lat' dir='ltr'><strong>s.</strong></span> <span class='ocrx_word' id='word_1_467' title='bbox 2171 3231 2322 3282; x_wconf 72' lang='lat' dir='ltr'><strong>Bahr</strong></span> <span class='ocrx_word' id='word_1_468' title='bbox 2359 3239 2408 3281; x_wconf 79' lang='lat' dir='ltr'><strong>et</strong></span> <span class='ocrx_word' id='word_1_469' title='bbox 2433 3230 2625 3296; x_wconf 71' lang='lat' dir='ltr'><strong>Fur-ioh</strong></span> 
     </span>
     <span class='ocr_line' id='line_1_86' title="bbox 1537 3297 2625 3365; baseline -0.004 -14"><span class='ocrx_word' id='word_1_470' title='bbox 1537 3304 1598 3365; x_wconf 90' lang='lat' dir='ltr'><strong>(i.</strong></span> <span class='ocrx_word' id='word_1_471' title='bbox 1636 3319 1684 3353; x_wconf 94' lang='lat' dir='ltr'><strong>e.</strong></span> <span class='ocrx_word' id='word_1_472' title='bbox 1720 3303 1873 3353; x_wconf 85' lang='lat' dir='ltr'><strong>fluvii</strong></span> <span class='ocrx_word' id='word_1_473' title='bbox 1904 3299 2125 3364; x_wconf 88' lang='lat' dir='ltr'><strong>vacui),</strong></span> <span class='ocrx_word' id='word_1_474' title='bbox 2167 3300 2238 3350; x_wconf 92' lang='lat' dir='ltr'><strong>ab</strong></span> <span class='ocrx_word' id='word_1_475' title='bbox 2263 3305 2526 3350; x_wconf 90' lang='lat' dir='ltr'><strong>euronoto</strong></span> <span class='ocrx_word' id='word_1_476' title='bbox 2551 3297 2625 3348; x_wconf 89' lang='lat' dir='ltr'><strong>ad</strong></span> 
     </span>
     <span class='ocr_line' id='line_1_87' title="bbox 1537 3368 2623 3438; baseline -0.006 -15"><span class='ocrx_word' id='word_1_477' title='bbox 1537 3372 1961 3438; x_wconf 86' lang='lat' dir='ltr'><strong>septentrionem</strong></span> <span class='ocrx_word' id='word_1_478' title='bbox 2006 3374 2062 3420; x_wconf 90' lang='lat' dir='ltr'><strong>et</strong></span> <span class='ocrx_word' id='word_1_479' title='bbox 2110 3368 2448 3419; x_wconf 86' lang='lat' dir='ltr'><strong>occidentem</strong></span> <span class='ocrx_word' id='word_1_480' title='bbox 2498 3383 2623 3419; x_wconf 89' lang='lat' dir='ltr'><strong>con-</strong></span> 
     </span>
     <span class='ocr_line' id='line_1_88' title="bbox 1534 3436 2624 3503; baseline -0.006 -12"><span class='ocrx_word' id='word_1_481' title='bbox 1534 3457 1695 3491; x_wconf 86' lang='lat' dir='ltr'><strong>versa</strong></span> <span class='ocrx_word' id='word_1_482' title='bbox 1710 3478 1723 3503; x_wconf 90' lang='lat'><strong>,</strong></span> <span class='ocrx_word' id='word_1_483' title='bbox 1760 3441 1841 3490; x_wconf 89' lang='lat' dir='ltr'><strong>ita</strong></span> <span class='ocrx_word' id='word_1_484' title='bbox 1863 3443 1925 3489; x_wconf 88' lang='lat' dir='ltr'><strong>ut</strong></span> <span class='ocrx_word' id='word_1_485' title='bbox 1948 3453 1982 3488; x_wconf 87' lang='lat' dir='ltr'><strong>a</strong></span> <span class='ocrx_word' id='word_1_486' title='bbox 2011 3438 2236 3488; x_wconf 89' lang='lat' dir='ltr'><strong>meridie</strong></span> <span class='ocrx_word' id='word_1_487' title='bbox 2257 3436 2454 3486; x_wconf 86' lang='lat' dir='ltr'><strong>vallem</strong></span> <span class='ocrx_word' id='word_1_488' title='bbox 2474 3437 2624 3485; x_wconf 86' lang='lat' dir='ltr'><strong>Moe-</strong></span> 
     </span>
     <span class='ocr_line' id='line_1_89' title="bbox 1535 3504 2626 3568; baseline -0.006 -8"><span class='ocrx_word' id='word_1_489' title='bbox 1535 3511 1668 3561; x_wconf 86' lang='lat' dir='ltr'><strong>ridis</strong></span> <span class='ocrx_word' id='word_1_490' title='bbox 1711 3508 2031 3562; x_wconf 84' lang='lat' dir='ltr'><strong>continuare</strong></span> <span class='ocrx_word' id='word_1_491' title='bbox 2064 3507 2331 3556; x_wconf 84' lang='lat' dir='ltr'><strong>videatur.</strong></span> <span class='ocrx_word' id='word_1_492' title='bbox 2404 3504 2470 3553; x_wconf 88' lang='lat' dir='ltr'><strong>In</strong></span> <span class='ocrx_word' id='word_1_493' title='bbox 2515 3519 2626 3568; x_wconf 87' lang='lat' dir='ltr'><strong>qua</strong></span> 
     </span>
     <span class='ocr_line' id='line_1_90' title="bbox 1533 3575 2624 3644; baseline -0.006 -16"><span class='ocrx_word' id='word_1_494' title='bbox 1533 3580 1658 3644; x_wconf 89' lang='lat' dir='ltr'><strong>ipsa</strong></span> <span class='ocrx_word' id='word_1_495' title='bbox 1708 3584 1822 3627; x_wconf 90' lang='lat' dir='ltr'><strong>tum</strong></span> <span class='ocrx_word' id='word_1_496' title='bbox 1871 3576 1984 3625; x_wconf 85' lang='lat' dir='ltr'><strong>alia</strong></span> <span class='ocrx_word' id='word_1_497' title='bbox 2036 3590 2159 3626; x_wconf 86' lang='lat' dir='ltr'><strong>esse</strong></span> <span class='ocrx_word' id='word_1_498' title='bbox 2208 3575 2459 3634; x_wconf 88' lang='lat' dir='ltr'><strong>inventa,</strong></span> <span class='ocrx_word' id='word_1_499' title='bbox 2507 3577 2624 3622; x_wconf 89' lang='lat' dir='ltr'><strong>tum</strong></span> 
     </span>
     <span class='ocr_line' id='line_1_91' title="bbox 1534 3641 2622 3712; baseline -0.006 -15"><span class='ocrx_word' id='word_1_500' title='bbox 1534 3650 1845 3712; x_wconf 84' lang='lat' dir='ltr'><strong>fragmenta</strong></span> <span class='ocrx_word' id='word_1_501' title='bbox 1890 3644 2029 3710; x_wconf 76' lang='lat' dir='ltr'><strong>ligni</strong></span> <span class='ocrx_word' id='word_1_502' title='bbox 2085 3641 2397 3709; x_wconf 86' lang='lat' dir='ltr'><strong>petrificata</strong></span> <span class='ocrx_word' id='word_1_503' title='bbox 2449 3641 2622 3705; x_wconf 79' lang='lat' dir='ltr'><strong>ipsos·</strong></span> 
     </span>
     <span class='ocr_line' id='line_1_92' title="bbox 1538 3710 2622 3783; baseline -0.007 -17"><span class='ocrx_word' id='word_1_504' title='bbox 1538 3733 1644 3783; x_wconf 88' lang='lat' dir='ltr'><strong>que</strong></span> <span class='ocrx_word' id='word_1_505' title='bbox 1690 3721 1913 3765; x_wconf 89' lang='lat' dir='ltr'><strong>truncos</strong></span> <span class='ocrx_word' id='word_1_506' title='bbox 1958 3711 2296 3778; x_wconf 84' lang='lat' dir='ltr'><strong>petrificatos</strong></span> <span class='ocrx_word' id='word_1_507' title='bbox 2333 3711 2470 3760; x_wconf 85' lang='lat' dir='ltr'><strong>satis</strong></span> <span class='ocrx_word' id='word_1_508' title='bbox 2500 3710 2622 3759; x_wconf 89' lang='lat' dir='ltr'><strong>lon-</strong></span> 
     </span>
     <span class='ocr_line' id='line_1_93' title="bbox 1537 3779 2623 3852; baseline -0.006 -16"><span class='ocrx_word' id='word_1_509' title='bbox 1537 3801 1670 3852; x_wconf 80' lang='lat' dir='ltr'><strong>gos,</strong></span> <span class='ocrx_word' id='word_1_510' title='bbox 1718 3783 1950 3849; x_wconf 88' lang='lat' dir='ltr'><strong>piscium</strong></span> <span class='ocrx_word' id='word_1_511' title='bbox 1997 3796 2125 3832; x_wconf 87' lang='lat' dir='ltr'><strong>ossa</strong></span> <span class='ocrx_word' id='word_1_512' title='bbox 2169 3779 2507 3846; x_wconf 87' lang='lat' dir='ltr'><strong>petrificata,</strong></span> <span class='ocrx_word' id='word_1_513' title='bbox 2568 3783 2623 3829; x_wconf 89' lang='lat' dir='ltr'><strong>et</strong></span> 
     </span>
     <span class='ocr_line' id='line_1_94' title="bbox 1534 3849 2620 3921; baseline -0.006 -16"><span class='ocrx_word' id='word_1_514' title='bbox 1534 3869 1674 3921; x_wconf 90' lang='lat' dir='ltr'><strong>quae</strong></span> <span class='ocrx_word' id='word_1_515' title='bbox 1707 3853 1796 3902; x_wconf 88' lang='lat' dir='ltr'><strong>bis</strong></span> <span class='ocrx_word' id='word_1_516' title='bbox 1832 3856 1959 3902; x_wconf 89' lang='lat' dir='ltr'><strong>sunt</strong></span> <span class='ocrx_word' id='word_1_517' title='bbox 1993 3849 2211 3900; x_wconf 87' lang='lat' dir='ltr'><strong>similia.</strong></span> <span class='ocrx_word' id='word_1_518' title='bbox 2284 3849 2442 3900; x_wconf 82' lang='lat' dir='ltr'><strong>Conf.</strong></span> <span class='ocrx_word' id='word_1_519' title='bbox 2478 3853 2620 3899; x_wconf 89' lang='lat' dir='ltr'><strong>nott.</strong></span> 
     </span>
     <span class='ocr_line' id='line_1_95' title="bbox 1532 3919 2623 3986; baseline -0.007 -12"><span class='ocrx_word' id='word_1_520' title='bbox 1532 3924 1603 3974; x_wconf 89' lang='lat' dir='ltr'><strong>ad</strong></span> <span class='ocrx_word' id='word_1_521' title='bbox 1631 3924 1707 3986; x_wconf 91' lang='grc' dir='ltr'><strong>ΙΙ,</strong></span> <span class='ocrx_word' id='word_1_522' title='bbox 1740 3923 1801 3972; x_wconf 81' lang='grc'><strong>12</strong></span> <span class='ocrx_word' id='word_1_523' title='bbox 1837 3921 1960 3970; x_wconf 87' lang='lat' dir='ltr'><strong>init.</strong></span> <span class='ocrx_word' id='word_1_524' title='bbox 2000 3925 2056 3971; x_wconf 91' lang='lat' dir='ltr'><strong>et</strong></span> <span class='ocrx_word' id='word_1_525' title='bbox 2075 3920 2151 3984; x_wconf 93' lang='lat' dir='ltr'><strong>II,</strong></span> <span class='ocrx_word' id='word_1_526' title='bbox 2178 3919 2265 3970; x_wconf 83' lang='lat'><strong>99.</strong></span> <span class='ocrx_word' id='word_1_527' title='bbox 2341 3921 2477 3969; x_wconf 89' lang='lat' dir='ltr'><strong>Eam</strong></span> <span class='ocrx_word' id='word_1_528' title='bbox 2503 3933 2623 3970; x_wconf 88' lang='lat' dir='ltr'><strong>sen-</strong></span> 
     </span>
     <span class='ocr_line' id='line_1_96' title="bbox 1529 3988 2621 4056; baseline -0.006 -12"><span class='ocrx_word' id='word_1_529' title='bbox 1529 3995 1760 4044; x_wconf 88' lang='lat' dir='ltr'><strong>tentiam</strong></span> <span class='ocrx_word' id='word_1_530' title='bbox 1784 3990 1981 4056; x_wconf 87' lang='lat' dir='ltr'><strong>probat</strong></span> <span class='ocrx_word' id='word_1_531' title='bbox 2004 3988 2260 4040; x_wconf 83' lang='lat' dir='ltr'><strong>Minutoli</strong></span> <span class='ocrx_word' id='word_1_532' title='bbox 2292 3988 2455 4040; x_wconf 86' lang='lat' dir='ltr'><strong>Reise</strong></span> <span class='ocrx_word' id='word_1_533' title='bbox 2480 3988 2621 4038; x_wconf 90' lang='lat' dir='ltr'><strong>nach</strong></span> 
     </span>
     <span class='ocr_line' id='line_1_97' title="bbox 1529 4056 2618 4124; baseline -0.005 -12"><span class='ocrx_word' id='word_1_534' title='bbox 1529 4062 1652 4113; x_wconf 89' lang='lat' dir='ltr'><strong>dem</strong></span> <span class='ocrx_word' id='word_1_535' title='bbox 1675 4059 1901 4124; x_wconf 90' lang='lat' dir='ltr'><strong>Tempel</strong></span> <span class='ocrx_word' id='word_1_536' title='bbox 1931 4059 1982 4109; x_wconf 90' lang='lat' dir='ltr'><strong>d.</strong></span> <span class='ocrx_word' id='word_1_537' title='bbox 2005 4060 2135 4124; x_wconf 86' lang='lat' dir='ltr'><strong>Jup.</strong></span> <span class='ocrx_word' id='word_1_538' title='bbox 2153 4059 2328 4110; x_wconf 85' lang='lat' dir='ltr'><strong>Amm.</strong></span> <span class='ocrx_word' id='word_1_539' title='bbox 2358 4073 2487 4123; x_wconf 80' lang='lat' dir='ltr'><strong>pag.</strong></span> <span class='ocrx_word' id='word_1_540' title='bbox 2517 4056 2618 4107; x_wconf 84' lang='lat'><strong>190</strong></span> 
     </span>
     <span class='ocr_line' id='line_1_98' title="bbox 1529 4127 2615 4198; baseline -0.007 -15"><span class='ocrx_word' id='word_1_541' title='bbox 1529 4148 1646 4198; x_wconf 87' lang='lat' dir='ltr'><strong>seq.</strong></span> <span class='ocrx_word' id='word_1_542' title='bbox 1718 4131 1793 4180; x_wconf 89' lang='lat' dir='ltr'><strong>Et</strong></span> <span class='ocrx_word' id='word_1_543' title='bbox 1828 4129 2253 4179; x_wconf 82' lang='lat' dir='ltr'><strong>communicavit</strong></span> <span class='ocrx_word' id='word_1_544' title='bbox 2287 4143 2496 4178; x_wconf 91' lang='lat' dir='ltr'><strong>mecum</strong></span> <span class='ocrx_word' id='word_1_545' title='bbox 2530 4127 2615 4176; x_wconf 84' lang='lat' dir='ltr'><strong>Cr.</strong></span> 
     </span>
     <span class='ocr_line' id='line_1_99' title="bbox 1530 4193 2621 4265; baseline -0.006 -13"><span class='ocrx_word' id='word_1_546' title='bbox 1530 4199 1900 4265; x_wconf 85' lang='lat' dir='ltr'><strong>scriptionem,</strong></span> <span class='ocrx_word' id='word_1_547' title='bbox 1938 4199 2008 4248; x_wconf 89' lang='lat' dir='ltr'><strong>ab</strong></span> <span class='ocrx_word' id='word_1_548' title='bbox 2026 4198 2240 4248; x_wconf 85' lang='lat' dir='ltr'><strong>Rittero</strong></span> <span class='ocrx_word' id='word_1_549' title='bbox 2267 4211 2482 4262; x_wconf 89' lang='lat' dir='ltr'><strong>quoque</strong></span> <span class='ocrx_word' id='word_1_550' title='bbox 2504 4193 2621 4245; x_wconf 88' lang='lat' dir='ltr'><strong>lau-</strong></span> 
     </span>
     <span class='ocr_line' id='line_1_100' title="bbox 1532 4266 2621 4333; baseline -0.008 -11"><span class='ocrx_word' id='word_1_551' title='bbox 1532 4272 1748 4333; x_wconf 87' lang='lat' dir='ltr'><strong>datam,</strong></span> <span class='ocrx_word' id='word_1_552' title='bbox 1786 4268 1881 4317; x_wconf 89' lang='lat' dir='ltr'><strong>ubi</strong></span> <span class='ocrx_word' id='word_1_553' title='bbox 1902 4267 2037 4318; x_wconf 89' lang='lat' dir='ltr'><strong>haec</strong></span> <span class='ocrx_word' id='word_1_554' title='bbox 2062 4283 2146 4318; x_wconf 87' lang='lat' dir='ltr'><strong>res</strong></span> <span class='ocrx_word' id='word_1_555' title='bbox 2179 4266 2487 4318; x_wconf 84' lang='lat' dir='ltr'><strong>accuratius</strong></span> <span class='ocrx_word' id='word_1_556' title='bbox 2511 4269 2621 4314; x_wconf 89' lang='lat' dir='ltr'><strong>tra-</strong></span> 
     </span>
     <span class='ocr_line' id='line_1_101' title="bbox 1532 4331 2621 4390; baseline -0.007 0"><span class='ocrx_word' id='word_1_557' title='bbox 1532 4345 1686 4390; x_wconf 89' lang='lat' dir='ltr'><strong>ctata</strong></span> <span class='ocrx_word' id='word_1_558' title='bbox 1731 4342 1838 4388; x_wconf 85' lang='lat' dir='ltr'><strong>est:</strong></span> <span class='ocrx_word' id='word_1_559' title='bbox 1898 4335 2160 4388; x_wconf 69' lang='lat' dir='ltr'><strong>Memoire</strong></span> <span class='ocrx_word' id='word_1_560' title='bbox 2206 4352 2299 4387; x_wconf 89' lang='lat' dir='ltr'><strong>sur</strong></span> <span class='ocrx_word' id='word_1_561' title='bbox 2336 4334 2394 4384; x_wconf 91' lang='lat' dir='ltr'><strong>la</strong></span> <span class='ocrx_word' id='word_1_562' title='bbox 2442 4331 2621 4383; x_wconf 68' lang='lat' dir='ltr'><strong>vallee</strong></span> 
     </span>
     <span class='ocr_line' id='line_1_102' title="bbox 1533 4401 2620 4461; baseline -0.008 -1"><span class='ocrx_word' id='word_1_563' title='bbox 1533 4410 1631 4461; x_wconf 83' lang='lat' dir='ltr'><strong>des</strong></span> <span class='ocrx_word' id='word_1_564' title='bbox 1671 4408 1814 4458; x_wconf 85' lang='lat' dir='ltr'><strong>Lacs</strong></span> <span class='ocrx_word' id='word_1_565' title='bbox 1870 4406 1937 4456; x_wconf 90' lang='lat' dir='ltr'><strong>de</strong></span> <span class='ocrx_word' id='word_1_566' title='bbox 1982 4407 2195 4457; x_wconf 87' lang='lat' dir='ltr'><strong>Natron</strong></span> <span class='ocrx_word' id='word_1_567' title='bbox 2242 4410 2299 4455; x_wconf 88' lang='lat' dir='ltr'><strong>et</strong></span> <span class='ocrx_word' id='word_1_568' title='bbox 2350 4401 2486 4454; x_wconf 89' lang='lat' dir='ltr'><strong>celle</strong></span> <span class='ocrx_word' id='word_1_569' title='bbox 2548 4402 2620 4452; x_wconf 88' lang='lat' dir='ltr'><strong>du</strong></span> 
     </span>
    </p>
   </div>
   <div class='ocr_carea' id='block_1_9' title="bbox 2112 4486 2194 4547">
    <p class='ocr_par' dir='ltr' id='par_1_10' title="bbox 2112 4486 2194 4547">
     <span class='ocr_line' id='line_1_103' title="bbox 2112 4486 2194 4547; baseline 0.012 -1"><span class='ocrx_word' id='word_1_570' title='bbox 2112 4486 2194 4547; x_wconf 83' lang='lat'><strong>29</strong></span> 
     </span>
    </p>
   </div>
   <div class='ocr_carea' id='block_1_10' title="bbox 2517 369 2643 430">
    <p class='ocr_par' dir='ltr' id='par_1_11' title="bbox 2517 369 2643 430">
     <span class='ocr_line' id='line_1_104' title="bbox 2517 369 2643 430; baseline 0.008 -1"><span class='ocrx_word' id='word_1_571' title='bbox 2517 369 2643 430; x_wconf 81' lang='lat'><strong>449</strong></span> 
     </span>
    </p>
   </div>
  </div>
 </body>
</html>
