3109 5092
1292 365 1545 429 OLIO.
1591 368 1643 429 Ι.
1688 378 1778 433 25.
2046 394 2050 399 ·
2584 372 2665 435 53

380 541 628 622 θέντας
662 538 1119 629 ίστορέεσθαι,
1167 548 1238 608 εἴ
1267 565 1329 608 τι
1366 541 1628 629 λέγοιεν
1664 540 1819 633 περὶ
1857 537 2172 630 Ἀρίονος.
2225 545 2556 634 φαμένων
2589 547 2665 618 δὲ

383 648 697 729 ἐκείνων,
747 639 835 725 ὦς
875 651 979 730 εἴη
1014 669 1085 711 τε
1125 646 1259 724 σῶς
1298 645 1452 734 περὶ
1482 641 1804 735 Ἰταλίην,
1851 652 1970 716 καί
2006 675 2125 735 μιν
2163 638 2241 716 εὖ
2282 649 2666 738 πρήσσοντα

383 755 647 818 λίποιεν
678 751 755 817 ἐν
793 745 1117 835 Τάραντι,
1155 747 1576 837 ἐπιφανῆναί
1597 770 1719 837 σφι
1748 747 1870 820 τὸν
1897 745 2196 839 Ἀρίονα,
2239 747 2464 842 ὥσπερ
2492 758 2664 841 ἔχων

385 853 780 940 ἐξεπήδησε·
851 850 963 918 καὶ
995 844 1149 929 τούς
1183 848 1633 939 ἐκπλαγέντας
1672 849 1798 923 οὐκ
1834 858 2013 940 ἔχειν
2054 859 2151 923 ἔτι
2190 852 2666 944 ἐλεγχομένους

384 951 770 1043 ἀρνέεσθαι.
854 956 1076 1021 Ταῦτα
1108 954 1232 1040 μέν
1261 982 1394 1024 νυν
1420 961 1788 1042 Κορίνθιοί
1814 984 1886 1025 τε
1921 957 2033 1025 καὶ
2059 957 2336 1045 Λέσβιοι
2372 961 2662 1046 λέγουσι.

390 1059 497 1127 καὶ
529 1055 824 1147 Ἀρίονός
853 1059 990 1126 ἐστι
1021 1052 1342 1146 ἀνάθημα
1375 1059 1661 1147 χάλκεον
1695 1057 1779 1131 οὐ
1808 1062 1978 1204 μέγα
2010 1061 2119 1129 ἐπὶ
2160 1060 2509 1156 Ταιναρω,
2558 1065 2666 1137 ἐπὶ

294 1175 374 1229 12
395 1166 708 1250 δελφῖνος
751 1157 971 1230 ἐπεών
1004 1156 1389 1249 ανθρωπος.

543 1261 900 1360 Ἀλυάττης
936 1258 1085 1332 δὲ’
1053 1290 1089 1331 ο
1135 1262 1359 1345 Λυδὸς
1400 1263 1519 1337 τὸν
1559 1263 1723 1355 πρὸς
1759 1270 2145 1353 Μιλησίους
2182 1267 2480 1359 πόλεμον
2525 1275 2664 1340 διε
2681 1281 2763 1343 25

390 1434 550 1485 modo
598 1431 782 1484 Schol.
839 1432 912 1482 ad
960 1432 1267 1497 Thucydid.
1315 1433 1478 1497 VIII,

392 1505 511 1567 102,
551 1503 645 1553 ubi
681 1500 892 1553 consul.
929 1502 1277 1567 interpretes,
1337 1504 1478 1554 Nam

389 1590 455 1624 ex
474 1573 757 1624 Herodoto
778 1587 967 1622 vocem
988 1573 1315 1622 assumsisse
1334 1572 1477 1623 Thu-

389 1644 636 1707 cydidem
654 1640 867 1693 volunt.
907 1631 1052 1692 Add.
1080 1641 1286 1692 Herod.
1312 1642 1474 1704 VIII,

392 1712 509 1773 109,
551 1728 708 1778 quem
738 1710 921 1761 locum
954 1712 1094 1762 citat
1118 1711 1375 1763 Eustath.
1403 1714 1475 1763 ad

389 1782 591 1847 Odyss.
628 1782 677 1832 1.
719 1796 801 1833 vs.
838 1780 960 1833 397.
997 1797 1125 1846 pag.
1154 1781 1251 1843 67,
1280 1783 1347 1832 47
1382 1783 1471 1834 ed.

390 1854 816 1983 Βειΐῗιῖιτορεέσθαι
856 1915 919 1967 εἴ
952 1933 1005 1967 τι
1041 1915 1278 1985 λέγοιεν]
1323 1912 1474 1969 ἴστο-

389 1988 622 2053 ρέεσθαι
655 1989 892 2039 medium
927 1989 1225 2039 sciscitandi
1254 1990 1475 2039 notione

387 2076 511 2111 cum
535 2059 785 2124 nuspiam
823 2058 881 2106 in
914 2058 1197 2108 Herodoto
1234 2059 1479 2109 invenia-

387 2135 498 2192 tur,
531 2130 623 2194 qui
656 2128 843 2178 activo
877 2126 1045 2177 verbo
1085 2119 1362 2189 ἴστορέειν
1392 2128 1477 2179 uti

389 2198 595 2261 soleat,
627 2197 1025 2248 Valckenarius
1056 2196 1290 2246 coniecit
1314 2191 1475 2258 είρω·

388 2266 636 2329 τέεσθαι,
694 2269 900 2318 Nostro
946 2267 1349 2331 frequentatum
1395 2265 1473 2326 ΙΙ,

392 2339 480 2390 32.
520 2339 614 2399 VI,
638 2336 689 2387 3.
730 2336 936 2400 Scripti
978 2335 1107 2385 libri
1149 2334 1203 2386 h.
1245 2334 1283 2385 l.
1322 2341 1476 2386 tuen-

388 2412 481 2458 tur
549 2400 938 2469 ἱστορέεσθαι,
1012 2404 1160 2469 quod
1237 2406 1283 2454 si
1352 2421 1475 2455 cum

390 2476 690 2542 Schweigh.
719 2474 940 2540 passiva
962 2474 1186 2523 notione
1214 2475 1475 2539 accipias,

386 2547 533 2597 haud
569 2545 747 2610 magis
789 2558 923 2608 opus
971 2543 1077 2593 erit
1119 2559 1185 2593 ea
1227 2545 1479 2595 emenda-

387 2617 541 2666 tione
604 2620 784 2679 atque
864 2612 974 2662 alia
1051 2604 1478 2675 είρωνευεσθαι,

390 2701 551 2750 quam
587 2700 616 2734 e
658 2682 821 2734 Gellii
850 2682 1032 2731 verbis
1053 2682 1201 2744 XVI,
1233 2681 1293 2733 19
1322 2682 1381 2745 (,,
1385 2697 1480 2732 na·

389 2756 536 2805 vitas
571 2753 866 2818 requisitos
898 2780 971 2791 —-
1006 2752 1413 2802 ᾰίεενιιιιιαπιει·
1397 2767 1481 2800 ιιι-

386 2828 695 2887 terrogasse
714 2821 910 2888 ecquid
925 2820 1209 2871 audissent
1227 2849 1294 2859 —
1320 2836 1483 2885 super

388 2893 651 2953 Arione“)
672 2893 794 2957 quis
824 2889 1050 2955 probare
1080 2890 1321 2941 studeat.
1360 2890 1479 2941 Ma-

385 2963 483 3012 lim
517 2962 766 3026 equidem
802 2960 944 3010 tueri
991 2961 1377 3011 auctoritatem
1415 2958 1478 3009 li·

386 3034 636 3094 brorum,
686 3032 803 3081 sive
847 3028 1035 3078 activa
1092 3029 1207 3079 sive
1255 3029 1476 3094 passiva

389 3100 614 3152 notione
648 3101 872 3150 verbum
906 3098 1202 3162 acceperis.
1239 3100 1321 3149 De
1355 3099 1475 3163 ipso

386 3170 558 3221 verbo
596 3170 742 3219 conf.
781 3172 923 3218 nott.
962 3167 1034 3217 ad
1070 3168 1321 3219 Prooem.

460 3230 539 3295 ὥς
596 3235 686 3301 εἴη
746 3251 803 3286 τε
858 3234 968 3292 σῶς
1025 3232 1157 3300 περὶ
1210 3228 1474 3303 Ἰταλίην]

388 3302 519 3369 περὶ
546 3253 807 3388 Ἰταλίην,
841 3308 903 3354 t'n
937 3304 1124 3365 Italia,
1158 3312 1222 3357 ut
1270 3307 1327 3369 1,
1376 3308 1475 3356 27·

387 3375 450 3427 εἴ
476 3392 527 3424 τι
565 3373 656 3439 εἴη
692 3372 970 3431 νεώτερον
1000 3371 1151 3436 περὶ
1186 3367 1309 3438 τὴν
1330 3364 1473 3424 Ελ-

388 3436 578 3494 anisa.
620 3392 801 3495 ηῦοιιῑ.
845 3443 1087 3495 Fischer.
1132 3446 1205 3495 ad
1250 3443 1472 3495 Weller.

388 3515 498 3576 111,
547 3515 601 3564 b.
637 3531 690 3579 p.
752 3515 876 3564 217.
934 3512 1020 3563 Gr.
1091 3512 1305 3563 consuli
1352 3511 1470 3563 vult

388 3583 670 3635 Schaefer.
708 3584 780 3633 ad
816 3580 999 3632 Schol.
1035 3583 1270 3632 Parisin.
1309 3582 1474 3647 Apol-

384 3653 501 3704 lou.
526 3652 704 3702 Rhod.
727 3668 781 3716 p.
816 3650 919 3702 279
954 3654 1010 3701 et
1027 3652 1177 3702 Hase
1203 3653 1275 3702 ad
1302 3653 1472 3703 Leon.

386 3724 622 3773 Diacon.
660 3738 787 3787 pag.
826 3720 947 3771 210.

457 3781 735 3869 ἀνάθημα
780 3780 1016 3853 χάλκεον
1060 3803 1139 3838 ov
1195 3786 1336 3853 μέγα
1381 3778 1475 3837 ἐπὶ

394 3850 683 3926 Ταινᾶρω]
722 3859 913 3910 Plures
940 3858 1066 3908 libri
1080 3859 1290 3923 scripti
1318 3858 1473 3908 omit-

387 3933 515 3980 tunt
560 3927 657 3979 οὖ.
738 3929 847 3980 Sed
890 3929 1069 3992 potuit
1104 3944 1225 3978 mea
1258 3928 1475 3993 quidem

387 4015 456 4049 ex
493 3999 768 4049 sententia
811 3997 1153 4051 librariorum
1199 3997 1475 4062 negligen-

388 4069 471 4118 tia
514 4069 699 4132 potius
743 4068 926 4119 omitti
966 4065 1264 4137 particula,
1315 4081 1475 4131 quam

389 4138 466 4188 ab
500 4137 627 4188 aliis
661 4135 917 4187 consulto
955 4137 1139 4185 inseri.
1212 4136 1478 4197 Agnoscit

388 4222 608 4272 quoque
676 4204 1004 4271 particulam
1076 4206 1184 4255 Dio
1249 4204 1480 4268 Chryso-

386 4282 553 4328 stom.
593 4276 688 4327 Or.
727 4274 815 4327 37.
854 4291 906 4340 p.
944 4276 1067 4326 455.
1114 4275 1200 4325 Ex
1234 4275 1483 4324 Mediceo

386 4346 532 4396 libro
582 4344 716 4395 nihil
775 4348 1057 4405 enotatur3
1114 4343 1258 4394 unde
1313 4343 1483 4393 credi·

388 4414 497 4469 bile
546 4420 663 4478 est,
710 4414 935 4469 retineri
976 4413 1230 4465 voculam
1274 4411 1379 4464 hoc
1424 4413 1483 4464 in

1581 1430 1741 1484 libro.
1778 1462 1850 1475 -—
1881 1422 1974 1483 ἐπὶ
2012 1423 2278 1500 Ταινάρῳ
2313 1432 2378 1483 de
2414 1432 2535 1484 loco
2572 1450 2662 1485 ac-

1582 1504 1752 1568 cipio=
1789 1505 1840 1553 t‘n
1871 1503 2134 1565 Tumor-0,
2169 1502 2242 1552 ad
2273 1502 2531 1568 templum
2560 1504 2666 1555 Ne·

1578 1574 1738 1638 ptuni
1777 1572 1884 1624 hoc
1929 1573 1986 1622 in
2037 1574 2406 1637 promontorio
2453 1578 2667 1625 exstru-

1577 1647 1743 1693 ctum.
1797 1641 1954 1693 Cous.
2010 1641 2250 1692 Fischer.
2312 1643 2385 1692 ad
2443 1641 2665 1693 Weller.

1577 1712 1682 1772 111,
1711 1713 1765 1762 b.
1804 1727 1927 1777 pag.
1947 1709 2068 1762 236.
2112 1710 2292 1773 Ipsius
2323 1711 2538 1761 donarii
2564 1713 2661 1763 ad-

1577 1785 1761 1831 monet
1797 1780 2102 1831 Pausanias
2139 1779 2229 1840 11,
2277 1781 2376 1843 25,
2426 1780 2662 1846 itemque

1580 1850 1793 1901 Aelian.
1859 1851 1989 1901 Nat.
2061 1846 2318 1898 Animall.
2385 1848 2522 1911 XII,
2576 1850 2663 1902 45.

1579 1919 1735 1971 Unde
1769 1917 2125 1984 intelligimus
2147 1916 2359 1966 donarii
2386 1916 2505 1967 basi
2531 1918 2668 1972 haec

1579 1990 1748 2040 verba
1786 1989 1955 2038 fuisse
1991 1984 2292 2053 insculpta.

1675 2064 2004 2123 Ἀθανατων
2059 2074 2380 2150 πομπαισιν
2427 2062 2666 2155 Ἀρίονα,

2133 2132 2428 2199 Κύκλονος
2469 2133 2621 2205 υιὸν,

1821 2201 1881 2261 ἐκ
1906 2208 2152 2261 Σικελοῦ
2182 2202 2463 2289 πελάγους
2488 2209 2668 2261 σῶσεν

2130 2271 2317 2344 ὄχημα
2345 2271 2495 2330 τόδε.

1578 2365 1742 2417 Aliud
1779 2380 1996 2417 carmen
2030 2366 2100 2415 ἰιι
2125 2366 2367 2431 Neptuni
2406 2366 2668 2418 honorem

1580 2435 1949 2500 conscriptum
1981 2435 2242 2486 Aelianus
2277 2434 2486 2501 profert
2530 2435 2566 2487 l.
2607 2435 2666 2500 1.,

1581 2507 1727 2571 quod
1762 2504 1994 2554 relatum
2030 2510 2116 2554 est
2150 2506 2208 2553 in
2242 2504 2480 2555 Bruuck.
2523 2505 2666 2556 Ana·

1577 2575 1733 2625 lectt.
1779 2574 1845 2623 T.
1885 2574 1962 2623 ΙΙ.
1995 2589 2047 2637 p.
2079 2574 2194 2623 154.
2232 2578 2288 2622 et
2319 2574 2424 2623 111.
2462 2588 2514 2636 p.
2546 2573 2667 2625 327.

1580 2661 1662 2695 nr.
1701 2646 1751 2693 2.
1791 2642 2033 2703 (Iacobs.
2069 2642 2476 2691 Animadverss.
2526 2643 2571 2691 1.
2601 2644 2664 2694 P.

1581 2716 1627 2764 1.
1660 2728 1785 2777 pag.
1825 2710 1927 2760 179
1947 2712 2104 2775 seq.).
2142 2711 2436 2760 Praetores.
2469 2711 2670 2763 addere

1577 2782 1708 2833 licet
1725 2780 2133 2844 inscriptionem
2158 2778 2333 2830 literis
2354 2779 2672 2843 antiquissi-

1582 2852 1702 2912 mis,
1741 2865 1879 2914 quae
1918 2863 2089 2913 usque
2134 2849 2207 2898 ad
2245 2849 2348 2899 xl.
2392 2848 2669 2915 Olympia·

1581 2923 1703 2972 dem
1739 2919 1988 2969 recedere
2029 2919 2300 2979 dicuntur,
2331 2919 2555 2984 rupibus
2589 2920 2670 2971 in-

1579 2989 1850 3055 sculptam
1911 2989 1970 3037 in
2026 2987 2206 3039 insula
2263 2988 2445 3038 Thera
2502 3003 2692 3055 prope.

1577 3061 1863 3125 antiquum
1901 3058 2140 3121 Neptuni
2176 3056 2434 3123 templum
2455 3094 2469 3119 ‚
2509 3060 2667 3110 cuius

1579 3125 1737 3180 s'acra
1771 3144 1800 3177 e
1837 3128 2089 3178 Taenaro
2133 3126 2239 3177 huc
2286 3127 2525 3178 deducta
2571 3144 2668 3178 vo-

1576 3199 1717 3249 lunt:
1782 3212 1944 3262 quam
2008 3195 2168 3247 valde
2220 3195 2533 3247 mutilatam
2586 3198 2668 3248 ita

1575 3267 1858 3333 ingeniose
1893 3264 2133 3330 explevit
2166 3265 2436 3317 Boeckh.:

1643 3350 1962 3416 Κυιιλείὸης
1991 3347 2281 3484 ηυέλᾏος
2315 3343 2674 3418 ἄδε[λφ]ε[ιῴ’

2142 3435 2173 3480 ρ
2228 3434 2335 3468 ωνι

1784 3481 1886 3538 τὸν
1921 3482 2117 3552 δελφὶς
2151 3484 2338 3552 [σῶσε,
2374 3478 2664 3551 μναμόσυ-

2098 3569 2204 3603 νον
2237 3551 2324 3603 τέλ
2296 3553 2469 3608 λ.εσεν

1576 3646 1702 3695 Vid.
1750 3638 2042 3692 Abhandll.
2091 3640 2186 3690 der
2229 3639 2431 3691 Berlin.
2483 3641 2662 3693 Akad.

1579 3716 1630 3765 d.
1665 3713 1832 3762 Wiss.
1874 3708 2023 3760 1836.
2055 3725 2105 3774 p.
2130 3709 2192 3760 31
2225 3724 2373 3775 seqq.
2413 3714 2469 3759 et
2485 3711 2664 3763 Franz

1577 3782 1750 3835 Elem.
1789 3779 2067 3846 epig-raph.
2110 3779 2200 3830 Gr.
2238 3780 2304 3845 ip.
2342 3778 2411 3831 53
2449 3795 2563 3847 seq.
2608 3787 2666 3832 et

1576 3868 1713 3919 quae
1750 3856 1945 3916 postea
1988 3849 2306 3900 Welckerus
2341 3848 2463 3901 loco
2499 3867 2662 3917 supra

1573 3923 1724 3973 laud.
1767 3920 1833 3972 de
1878 3920 1981 3970 hac
2026 3919 2381 3985 inscriptione
2426 3920 2567 3972 dixit
2609 3937 2660 3986 p.

1577 3992 1648 4044 98
1684 4007 1799 4057 seq.

1954 4163 2086 4213 Cir.
2129 4161 2297 4212 XXV.

1653 4259 1904 4334 ἀνέθηκε
1921 4259 1985 4316 δὲ
2009 4255 2294 4329 ἐκφυγὼν]
2318 4264 2476 4314 Conf.
2504 4280 2668 4342 supra

1587 4341 1635 4402 I,
1679 4337 1760 4390 19.
1800 4339 1886 4388 Ad
1921 4336 2086 4387 verba
2122 4333 2410 4398 sequentia
2446 4324 2669 4382 ὃεύτε

1587 4422 1709 4474 ρος
1742 4395 1946 4465 οὗτος
1981 4403 2126 4455 conf.
2167 4403 2262 4465 IV,
2299 4403 2387 4457 44
