3109 5092
464 346 590 410 262

1325 339 1863 403 HERODOTI

470 520 600 588 εἰσὶ
628 515 917 605 ἄριστοι·
960 513 1037 585 ἐν
1074 529 1248 584 τοῖσι
1291 516 1405 583 καὶ
1441 512 1894 602 Ἀχαιμενίδαι
1927 515 2055 581 εἰσὶ
2086 510 2386 600 φρήτρη,
2432 516 2639 579 ἔνθεν
2679 514 2747 578 οἰ

469 622 771 710 βασιλέες
810 622 881 686 οἱ
912 623 1279 706 Περσεῖδαι
1320 617 1656 704 γεγόνασι.
1729 614 1919 685 ἄλλοι
1963 615 2039 684 δὲ
2076 614 2335 702 Πέρσαι
2381 615 2510 681 εἰσὶ
2554 617 2698 681 οἵδε
2723 633 2737 647 ·

468 731 958 807 Πανθιαλαῖοι,
1030 731 1506 809 Δηρουσιατοι,
1578 719 1971 807 Γερμάνιοι·
2054 708 2239 787 οὗτοι
2300 716 2427 805 μὲν
2498 715 2744 794 πάντες

469 823 789 914 ἆροτῆρές
831 828 980 893 εἰσι.
1062 828 1131 893 οἰ
1164 823 1238 892 δὲ
1280 821 1470 893 ἄλλοι
1499 821 1818 912 νομάδες·
1879 821 2082 906 Δάοι,
2130 819 2444 907 Μάρδοι,
2477 829 2740 907 Δροπι-

471 1009 632 1043 versu
654 990 907 1055 Aeschyli
931 992 1083 1042 Pers.
1105 991 1226 1052 778,
1252 1006 1409 1056 quem
1435 1006 1559 1054 spn-

470 1065 609 1112 rium
664 1061 934 1121 iudicant3
1003 1061 1087 1110 Tu
1134 1061 1278 1109 conf.
1340 1059 1558 1110 Scholia

472 1133 683 1183 Graeca
719 1131 788 1180 ad
825 1130 880 1179 h.
917 1129 955 1181 l.
997 1135 1050 1180 et
1080 1129 1260 1179 Schol.
1298 1128 1370 1178 ad
1395 1127 1556 1179 Iliad.

470 1201 579 1262 111,
608 1200 734 1260 175,
764 1198 860 1248 ubi
894 1198 982 1247 hic
1007 1197 1341 1261 Maraphius‚
1379 1197 1559 1260 gentis

473 1268 726 1321 Persicae
762 1270 979 1328 auctor,
1024 1267 1261 1316 Menelai
1311 1271 1365 1316 et
1399 1266 1562 1315 Hele-

475 1353 578 1388 nae
603 1336 802 1386 dicitur
824 1334 987 1386 filius.
1059 1335 1325 1386 Referunt
1351 1335 1420 1384 ad
1444 1336 1561 1384 Ma·

475 1406 784 1471 taphiorum
817 1404 960 1454 hanc
1013 1409 1230 1468 gentem
1264 1404 1566 1455 Ptolemaei

477 1475 819 1532 Mart-asima,
860 1488 1000 1538 quae
1036 1472 1164 1522 urbs
1200 1474 1308 1524 sita
1343 1474 1448 1522 fuit
1482 1489 1564 1523 se-

474 1543 837 1608 ptentrionem
883 1547 939 1590 et
982 1543 1244 1592 orientem
1289 1541 1479 1592 versus
1530 1558 1566 1592 a

475 1611 781 1675 Persepoli3
861 1610 1009 1660 conf.
1081 1610 1305 1661 Rennel.
1363 1611 1561 1676 Geogr.

476 1680 681 1731 Herod.
720 1696 773 1744 p.
817 1679 938 1730 509.

550 1747 967 1812 Πανθιαλαῖοι,
1019 1747 1420 1814 Δηρουσιαῖοι]
1480 1750 1567 1799 De

476 1820 561 1868 his
602 1818 854 1883 gentibus
896 1815 1029 1867 nihil
1064 1819 1351 1869 memoriae
1387 1819 1569 1883 prodi-

479 1894 592 1938 tum
627 1888 856 1951 reperio·

549 1948 884 2020 Γερμάνιοι]
932 1955 1109 2020 Vulgo
1147 1955 1311 2005 iidem
1345 1969 1569 2004 censen-

479 2030 570 2075 tur
596 2031 759 2089 atque
784 2026 1038 2074 Carmanii
1047 2060 1060 2085 ‚
1103 2025 1195 2089 qui
1214 2029 1411 2073 terram
1432 2023 1571 2073 Ker-

479 2110 592 2142 mcm
629 2092 874 2142 incolunt
909 2097 1073 2156 atque
1106 2093 1283 2143 adhuc
1311 2093 1457 2156 agris
1484 2108 1572 2142 co-

479 2161 656 2211 lendis
693 2161 903 2224 operari
930 2161 1200 2212 dicuntur.
1248 2161 1406 2211 Conf.
1438 2162 1573 2210 Lar-

482 2229 628 2279 cher.
666 2230 803 2278 Tab.
843 2244 1029 2293 geogr.
1066 2245 1112 2280 s.
1138 2247 1193 2280 v.
1230 2246 1285 2294 p.
1323 2229 1424 2280 223
1451 2245 1563 2294 seq.

483 2298 748 2361 Forbiger
785 2297 1004 2347 Handb.
1041 2296 1093 2347 d.
1131 2299 1225 2348 alt.
1259 2298 1565 2364 Geograph.

487 2368 567 2417 11.
621 2382 676 2431 p.
726 2367 845 2417 575.
918 2366 1266 2429 Hammerus,
1311 2372 1373 2416 ut
1408 2368 1567 2417 modo

483 2436 810 2498 notavimus,
849 2434 919 2485 ad
955 2436 1154 2486 tribum
1177 2435 1392 2499 Korma,
1428 2452 1570 2502 quae

486 2521 629 2555 nnnc
662 2508 922 2567 vocatur,
958 2520 1050 2556 eos
1085 2506 1272 2558 refert.
1334 2504 1456 2555 Alio
1489 2510 1570 2555 ta-

485 2591 608 2625 men
636 2574 757 2624 loco
799 2571 997 2638 (Wien.
1035 2574 1226 2626 Jahrb.
1264 2574 1340 2624 11.
1380 2590 1433 2638 p.
1462 2574 1566 2627 319

490 2660 606 2710 seq.
647 2643 771 2694 coll.
808 2643 907 2693 IX.
958 2661 1009 2710 p.
1051 2643 1138 2710 39)
1187 2660 1251 2694 ex
1300 2643 1576 2694 orientali-

489 2715 592 2764 bus
622 2714 964 2778 potissimum
998 2714 1356 2778 scriptoribus
1383 2714 1575 2778 proba-

488 2787 604 2833 tum
639 2783 711 2844 it,
754 2797 947 2832 nomen
986 2785 1340 2833 Germanorum
1374 2798 1418 2831 s.
1450 2782 1574 2831 Ser-

487 2866 740 2901 manormn
771 2850 841 2900 ad
879 2866 971 2902 eos
1025 2853 1239 2916 proprie
1283 2851 1574 2916 pertinere,

490 2922 584 2984 qui
615 2918 876 2968 Buddhae
912 2919 1113 2969 cultum
1150 2925 1476 2984 sequantur,
1513 2924 1577 2970 ut

490 2986 860 3050 intelligamus
910 3003 1029 3037 eam
1076 2994 1290 3052 gentem
1339 2989 1575 3038 omnium

493 3055 928 3118 antiquissimam
957 3072 1022 3106 ac
1052 3058 1380 3121 primitivam
1400 3095 1412 3119 ‚
1440 3073 1579 3122 quae

493 3140 559 3175 ex
591 3123 864 3173 montibus
901 3125 1064 3175 Asiae
1111 3127 1434 3191 superioris,
1485 3128 1578 3176 ubi

492 3193 729 3243 omnium
775 3207 953 3243 rerum
999 3195 1352 3245 humanarum
1400 3196 1578 3245 serun-

491 3268 581 3312 tur
605 3262 962 3324 incunabula,
1007 3264 1066 3312 in
1103 3279 1321 3328 campos
1347 3264 1472 3314 dein
1501 3264 1578 3316 lo·

494 3345 664 3396 caque
727 3330 985 3382 inferiora
1047 3332 1416 3396 descenderit,
1483 3334 1577 3384 ubi

491 3399 675 3451 Persis
723 3399 949 3465 aliisque
1007 3402 1259 3467 gentibus
1314 3404 1579 3467 originem

494 3470 724 3520 dederit.
809 3470 969 3519 Unde
1017 3487 1231 3536 quoque
1277 3472 1576 3522 Dsclzerma-

492 3542 609 3590 niae
644 3553 864 3599 nomen,
900 3555 1004 3604 quo
1042 3541 1215 3591 omnis
1251 3546 1431 3591 terrae
1468 3547 1577 3592 tra-

495 3612 615 3658 ctus
666 3607 811 3657 ultra
844 3607 1019 3658 Oxum
1069 3610 1196 3659 olim
1231 3616 1576 3676 nuncupatus

496 3678 587 3727 sit.
685 3676 831 3725 Hinc
888 3682 1089 3728 terram
1149 3680 1376 3742 Ermaia,
1436 3695 1580 3744 qnae

495 3761 639 3796 nunc
694 3744 893 3795 dicitur
934 3747 1290 3797 Transoxana
1347 3764 1392 3797 s.
1443 3749 1580 3798 Cho-

495 3829 782 3875 waresem,
821 3829 916 3878 pro
953 3817 1333 3880 antiquiss-ima
1358 3818 1581 3867 Germa-

496 3897 688 3932 norum
725 3882 903 3946 patria
943 3883 1133 3933 haberi
1167 3885 1311 3947 vult,
1362 3885 1581 3935 Germa-

497 3966 705 4014 nosque
740 3951 886 4014 ipsos
923 3952 1022 4001 sub
1059 3953 1272 4002 nomine
1304 3954 1580 4017 primitivo

497 4017 947 4068 Dscleermanorum
968 4021 1110 4083 apud
1136 4021 1427 4072 orientales
1453 4024 1584 4073 scri-

499 4091 681 4153 ptores
730 4089 1136 4138 commemorari
1181 4096 1364 4140 monet
1411 4107 1585 4157 usque

501 4155 571 4206 ad
639 4154 911 4204 saeculum
981 4156 1246 4207 decimum
1311 4165 1581 4222 quartum.

498 4222 622 4276 vid.
685 4225 741 4272 in
783 4223 974 4274 Krusii
1018 4226 1218 4276 Archiv
1266 4231 1371 4278 etc.
1421 4230 1479 4289 Ι,
1528 4232 1580 4280 2.

500 4309 629 4358 pag.
682 4295 780 4344 124
825 4308 977 4358 seqq.
1059 4297 1139 4345 Ac
1186 4300 1381 4359 postea
1439 4297 1582 4348 idem

501 4364 824 4419 Hammerus
883 4362 1085 4430 (Anall.
1140 4364 1335 4420 Vienn.
1382 4366 1581 4420 XLVI.

1662 1007 1713 1054 p.
1766 990 1866 1040 120
1922 1004 2074 1051 seqq.
2140 986 2264 1036 coll.
2313 987 2485 1037 XXX.
2539 1002 2594 1050 p.
2650 984 2747 1036 ¹36

1661 1059 1838 1124 seqq.)
1887 1057 2040 1121 plura
2089 1056 2300 1105 addidit
2344 1056 2411 1105 de
2446 1055 2531 1103 his
2567 1054 2748 1119 primi-

1663 1129 1791 1176 tivis
1846 1129 2234 1178 Germanorum
2299 1125 2546 1185 sedibus,
2612 1138 2748 1187 quas

1662 1196 1808 1247 ultra
1854 1197 2031 1245 Oxum
2078 1195 2256 1259 ponit,
2306 1199 2470 1259 atque
2517 1192 2581 1242 de
2620 1193 2748 1242 Ger-

1664 1281 1940 1315 manorum
2006 1269 2060 1314 et
2114 1265 2403 1330 Persarum
2479 1262 2751 1312 affinitate

1665 1341 1746 1385 ter
1814 1333 1955 1384 mille
2020 1333 2248 1383 vocibus
2318 1333 2537 1396 utrique
2601 1331 2750 1397 genti

1666 1404 2035 1454 communibus
2061 1403 2319 1467 probata,
2357 1416 2518 1467 quam
2542 1401 2598 1449 in
2636 1416 2750 1450 rem

1665 1474 1773 1523 iam
1794 1472 1978 1522 Wahl:
2008 1471 2205 1522 Gesch.
2230 1473 2284 1521 d.
2305 1468 2566 1534 morgenl.
2590 1469 2751 1533 Spra-

1668 1543 1764 1592 che
1801 1558 1853 1606 p.
1891 1540 1992 1592 312
2019 1555 2169 1606 seqq.
2206 1540 2419 1590 multas.
2444 1553 2607 1588 voces
2645 1537 2752 1587 col-

1667 1611 1817 1675 legit.
1892 1608 2032 1661 Add.
2069 1611 2248 1661 Ritter
2270 1608 2527 1659 Vorhalle
2562 1624 2619 1672 p.
2649 1607 2751 1658 305

1669 1696 1821 1744 seqq.
1846 1684 1901 1728 et
1926 1678 2068 1728 conf.
2107 1681 2239 1728 Pott
2262 1677 2499 1743 Etymol.
2523 1676 2750 1726 Forsch.

1670 1750 1715 1799 1.
1755 1765 1809 1813 p.
1844 1748 2063 1798 XXXV.
2121 1749 2207 1798 De
2231 1749 2619 1798 Germanorum
2650 1746 2755 1794 ori-

1668 1818 1887 1883 ginibus
1925 1817 2083 1881 plura
2119 1817 2364 1866 discendi
2401 1816 2626 1880 cupidos
2663 1815 2750 1864 Gr.

1670 1886 1931 1936 amandat
1990 1886 2057 1935 ad
2115 1885 2523 1950 Norherg..De
2577 1884 2751 1949 origg.

1671 1956 1961 2007 Geflnann.
1986 1955 2131 2020 apud
2152 1956 2404 2005 Tacitum
2439 1955 2496 2003 in
2516 1954 2751 2019 Opuscc.

1672 2025 1878 2074 Acadd.
1927 2024 2031 2073 111.
2085 2039 2166 2073 nr.
2202 2023 2499 2092 ,xxxvlL
2546 2039 2601 2087 p.
2652 2021 2749 2072 591

1673 2094 1780 2155 (ed.
1818 2092 1991 2143 Lond.
2030 2093 2187 2142 Suec.
2231 2093 2433 2157 1819).,
2475 2092 2769 2141 flammen-

1674 2162 1984 2213 Geschicht.
2013 2162 2066 2211 d.
2092 2162 2428 2211 Redekiinst.
2443 2162 2597 2211 Pers.
2624 2177 2678 2225 p.
2700 2162 2754 2210 8.

1673 2231 1791 2282 137.
1864 2230 2130 2294 Adelung.
2178 2231 2234 2279 in
2269 2229 2513 2279 Mithrid.
2561 2234 2615 2280 et
2648 2231 2755 2278 Va-

1672 2305 1773 2349 ter.
1813 2300 1943 2349 ibid.
1979 2301 2025 2350 1.
2066 2315 2118 2362 p.
2159 2298 2281 2349 278.
2313 2299 2394 2349 11.
2432 2315 2486 2362 p.
2522 2298 2615 2348 167
2638 2313 2754 2362 seq.

1671 2369 1809 2419 Add.
1849 2369 1994 2418 Link
2030 2367 2235 2417 Urwelt
2284 2383 2337 2431 p.
2377 2368 2498 2418 170.
2559 2367 2757 2417 Pflster

1673 2438 1868 2489 Gesch.
1919 2437 1974 2488 d.
2020 2436 2282 2487 Deutsch.
2331 2436 2377 2485 1.
2434 2452 2488 2500 p.
2535 2438 2602 2486 24
2640 2452 2754 2499 seq.

1672 2506 1775 2557 519
1823 2522 1937 2570 seq.
2002 2510 2057 2555 et
2112 2522 2201 2568 ea,
2264 2520 2403 2570 qnae
2455 2506 2525 2555 ad
2577 2504 2756 2555 Taciti

1675 2576 1925 2626 German.
1973 2590 2093 2639 cap.
2133 2578 2166 2626 2
2201 2579 2315 2624 tam
2350 2575 2418 2623 ab
2453 2573 2758 2638 interpreti-

1677 2645 1778 2694 bus
1818 2660 1981 2710 quam
2028 2644 2096 2693 ab
2136 2642 2256 2694 aliis
2293 2643 2425 2692 viris
2468 2643 2643 2693 doctis
2680 2641 2758 2691 al-

1676 2714 1794 2764 lata
1836 2719 1989 2775 sunt,
2031 2713 2126 2776 qui
2172 2713 2240 2762 de
2284 2712 2502 2762 sedibus
2539 2716 2758 2762 nostrae

1678 2785 1857 2848 gentis
1910 2782 2198 2848 primitivis
2257 2793 2426 2846 aeque
2470 2786 2636 2845 atque
2691 2781 2759 2829 de

1678 2854 1798 2918 ipsa
1823 2855 2176 2902 Gemmnorum
2198 2866 2332 2900 voce
2362 2850 2587 2914 eiusque
2623 2849 2762 2899 deri-

1677 2923 1897 2971 vatione
1918 2920 2160 2986 pluribus
2181 2920 2554 2983 disputarunt:
2592 2936 2621 2969 e
2647 2919 2762 2984 qui-

1678 2992 1779 3041 bus
1829 2989 1918 3039 hic
1964 2988 2267 3054 appellasse
2307 2987 2548 3039 sufficiat
2590 2990 2759 3038 Zeuss

1682 3058 1807 3124 (Die
1848 3059 2162 3109 Deutschen
2222 3073 2277 3108 u.
2331 3057 2449 3106 ihre
2483 3057 2760 3107 Nachbar-

1680 3133 1907 3180 stiimme
1953 3145 2004 3193 p.
2044 3127 2111 3178 95
2159 3123 2375 3192 seqq.),
2422 3127 2496 3178 Η.
2534 3126 2761 3176 Mueller

1683 3197 1892 3261 (Ueber
1958 3197 2211 3248 Germani
2281 3195 2392 3245 und
2463 3197 2758 3246 Teutones.

1678 3266 1919 3318 Wirzeb.
1950 3265 2141 3331 1841.),
2174 3264 2357 3315 Below
2391 3265 2670 3329 (Beitriige
2708 3280 2761 3315 z.

1682 3336 1877 3388 Gesch.
1928 3335 1980 3385 d.
2029 3336 2281 3385 German.
2328 3333 2532 3384 Berlin.
2584 3329 2761 3394 1850),

1678 3403 2028 3456 Middendorf
2051 3403 2257 3468 (Ueber
2277 3403 2565 3467 Ursprung
2591 3418 2646 3452 u.
2674 3401 2764 3450 Al·

1678 3479 1761 3524 ter
1823 3473 1876 3523 d.
1942 3472 2084 3522 beid.
2150 3472 2604 3522 Nationalnamen
2659 3474 2761 3520 etc.

1679 3541 1949 3594 Coesfeld.
1972 3542 2147 3604 1847.)
2164 3578 2177 3602 ,
2203 3542 2316 3590 Leo
2339 3539 2596 3604 (Haupt's
2624 3540 2765 3589 Zeit-

1679 3613 1819 3664 schr.
1882 3611 1922 3663 f.
1973 3610 2240 3661 Deutsch.
2297 3609 2530 3660 Alterth.
2582 3610 2649 3659 V.
2709 3624 2765 3673 p.

1750 3740 1916 3812 Δάοι]
1950 3748 2057 3797 Dm·
2088 3746 2331 3796 tenuisse
2355 3746 2609 3795 dicuntur
2641 3743 2764 3792 loca

1682 3833 1913 3868 arenosa
1947 3832 2013 3866 ac
2052 3815 2267 3866 deserta
2301 3816 2359 3864 in
2392 3811 2641 3862 orientali
2663 3812 2765 3860 Ca-

1682 3887 1789 3950 spii
1837 3886 2001 3935 maris
2048 3884 2230 3934 litore.
2317 3883 2450 3932 Cum
2505 3881 2765 3931 nomades

1684 3955 1911 4016 fuerint,
1977 3953 2124 4002 hand
2178 3953 2371 4002 mirum
2429 3952 2488 3999 in
2545 3949 2765 4000 sedibus

1684 4024 1840 4074 huius
1879 4024 2057 4087 gentis
2086 4022 2396 4072 accuratius
2434 4020 2766 4070 constituen-

1686 4093 1768 4142 dis
1828 4097 1882 4142 et
1949 4092 2006 4141 in
2071 4093 2190 4155 ipso
2252 4090 2493 4140 eiusdem
2550 4088 2766 4138 nomine

1641 4208 1645 4212 .
1685 4161 1911 4211 multum
1945 4161 2201 4224 antiquos
2238 4159 2470 4209 variare.
2537 4156 2694 4207 Conf.
2734 4172 2768 4205 a

1684 4230 1878 4281 Creuz.
1915 4228 2103 4280 laudd.
2157 4226 2225 4277 ad
2263 4227 2575 4292 Olympiod.
2614 4226 2767 4274 Com-

1684 4303 1872 4349 mentt.
1907 4298 1965 4347 in
1998 4298 2141 4348 Plat.
2182 4295 2357 4347 Alcib.
2398 4312 2451 4361 p.
2487 4295 2604 4345 148.
2682 4292 2767 4343 Ad

1685 4383 1805 4420 eam
1838 4373 2063 4432 terram,
2102 4380 2241 4433 quae
2266 4380 2411 4414 nnnc
2439 4363 2637 4414 dicitur
2660 4363 2769 4411 Da-
