3109 5092
1118 321 1615 382 EUTERPE.
1660 323 1746 382 11.
1798 332 1917 383 111.
2533 318 2657 381 669

531 493 953 584 Σεσώστριος
983 495 1059 563 δὲ
1085 492 1608 583 τελευτήσαντος
1649 495 2047 575 ἐκδέξασθαι
2091 497 2328 578 ἔλεγον
2368 490 2493 582 τὴν
2530 498 2655 580 βα·
2676 497 2790 556 111

380 603 653 686 σιληΐην
679 595 799 666 τὸν
824 602 1033 667 παῖδα
1059 595 1272 667 αὐτοῦ
1300 595 1543 688 Φερῶν
1561 620 1576 634 ·
1666 594 1786 666 τὸν
1812 592 2271 677 ἀποδέξασθαι
2299 595 2425 684 μὲν
2452 591 2650 664 οὐδε-

378 707 544 789 μίαν
592 706 993 790 στρατηΐην,
1059 706 1586 791 συνενειχθῆναι
1637 702 1719 770 δέ
1758 704 1829 768 οἱ
1877 697 2140 787 τυφλὸν
2182 701 2507 787 γενέσθαι
2548 695 2660 766 διὰ

377 803 643 874 τοιόνδε
685 809 977 895 πρῆγμα.

382 986 477 1020 ναι
513 969 601 1021 vel
641 968 842 1035 στῆναι
873 970 1065 1039 (stare)
1104 987 1201 1037 pro
1226 963 1468 1037 ῖστάναι,

378 1041 901 1107 quod·aptissimum
933 1042 1133 1093 iudico.

768 1230 900 1281 Car.
938 1230 1082 1281 CXI.

448 1325 556 1381 τὸν
587 1328 773 1382 παῖδα
808 1324 992 1382 αὐτοῦ
1037 1323 1295 1397 Φεραὶν]
1336 1332 1469 1383 Dio-

380 1400 544 1451 dorus
597 1402 642 1465 1,
703 1402 771 1453 59
817 1402 961 1468 patri
1012 1402 1360 1467 (Sesostridi)
1410 1402 1467 1451 in

379 1486 547 1535 regno
574 1470 745 1522 filium
770 1473 1102 1522 successisse
1136 1472 1345 1535 scribit,
1384 1486 1470 1521 as-

381 1546 559 1590 sumto
605 1547 832 1605 paterno
869 1541 1117 1605 nomine,
1161 1541 1306 1592 hunc
1340 1556 1468 1591 vero

378 1609 515 1659 nihil
558 1621 863 1661 memoratu
910 1610 1135 1676 dignum
1193 1611 1466 1676 peregisse

382 1678 562 1739 addit;
603 1680 671 1730 de
696 1678 976 1731 oculorum
1002 1680 1334 1744 calamitate,
1359 1695 1470 1745 qua

380 1748 619 1799 afflictus
656 1756 768 1813 est,
809 1750 1000 1801 eadem
1017 1750 1159 1813 fere,
1201 1764 1341 1815 quae
1356 1750 1467 1800 He-

379 1818 635 1879 rodotus,
674 1819 870 1881 tradit3
919 1835 1060 1885 quae
1107 1821 1231 1885 ipsa
1264 1834 1463 1870 conve·

379 1889 539 1937 niunt
573 1890 631 1937 in
663 1905 811 1953 eum,
861 1891 955 1954 qui
993 1904 1029 1939 a
1062 1889 1241 1939 Plinio
1274 1889 1348 1939 Η.
1390 1888 1460 1939 N.

375 1957 627 2020 xxxvl,
685 1960 743 2010 ll
812 1960 925 2009 sive
987 1961 1070 2021 15,
1129 1960 1160 2008 7
1230 1963 1463 2009 vocatur

376 2025 698 2091 Numer-eus,
737 2027 1064 2079 Sesostridis
1097 2027 1261 2080 filius.
1332 2027 1464 2092 Ipsa

376 2096 769 2162 Aegyptiorum
804 2102 1154 2148 monumenta
1185 2097 1234 2146 si
1270 2111 1463 2146 consu-

375 2164 581 2230 lamus,
626 2167 683 2216 in
731 2166 816 2216 his
850 2168 1165 2218 Ramessem
1201 2166 1459 2232 Magnum

377 2251 425 2285 s.
474 2236 835 2286 Sesostridem
890 2240 1207 2319 regnantem
1258 2235 1462 2301 excipit

375 2303 517 2355 fiHus
544 2304 879 2368 Menepkcah,
917 2305 1008 2371 qui
1043 2320 1153 2355 non
1181 2304 1319 2355 alius
1342 2320 1464 2356 esse

375 2373 594 2425 videtur
628 2377 794 2440 atque
829 2376 905 2437 is,
941 2375 1032 2440 qui
1066 2390 1100 2424 a
1139 2374 1211 2425 ud
1240 2374 1463 2439 syncel-

376 2442 488 2494 lum
524 2449 752 2494 vocatur
792 2441 1112 2508 Ἀμμενεφθ
1065 2391 1167 2502 &gc
1213 2448 1271 2493 et
1313 2443 1460 2525 apud

377 2513 665 2579 Iosephum
714 2511 911 2579 (contr.
950 2514 1149 2578 Apion.
1193 2514 1281 2580 26)
1313 2504 1461 2579 Ἀμέ-

379 2597 604 2703 zffl‘ff.
622 2581 1286 2718 ‘'1133‘'2245012132.
1291 2582 1462 2703 ‘³33⁰‘

383 2721 481 2772 109
536 2719 800 2786 (Egypt's
847 2721 1013 2771 Place
1073 2726 1179 2771 etc.
1231 2722 1280 2773 1.
1327 2736 1455 2786 pag.

377 2788 523 2854 695),
558 2789 824 2841 Rosellini
849 2791 1000 2842 Mon.
1018 2791 1204 2841 storic.
1243 2791 1289 2841 Ι.
1327 2806 1456 2856 pag.

377 2859 480 2910 278
529 2873 643 2925 seq.
698 2860 805 2923 111,
852 2861 904 2910 2.
958 2875 1087 2925 pag.
1137 2860 1240 2911 297
1285 2875 1459 2926 seqq„

377 2927 637 2993 Lepsiusz
685 2927 1051 2994 Chronologie
1096 2933 1202 2981 etc.
1239 2930 1287 2981 1.
1329 2944 1457 2994 pag.

378 2997 483 3047 288
517 3013 669 3064 seqq.
709 2999 982 3049 Platahmen
1017 2998 1246 3049 eundem
1279 3013 1461 3063 regem

377 3082 475 3117 cur
498 3066 737 3133 appellet
747 3068 1058 3118 Wilkinson
1081 3069 1337 3119 Manners
1352 3072 1462 3120 etc.

377 3137 423 3187 I.
457 3152 586 3202 pag.
624 3139 710 3200 75,
738 3136 885 3188 haud
908 3143 1188 3203 exputem3
1231 3139 1288 3189 id
1328 3153 1458 3188 vero

376 3206 493 3256 inre
538 3221 799 3272 quaeras,
859 3208 952 3272 qui
997 3208 1203 3259 factum
1251 3209 1348 3270 sit,
1396 3211 1461 3257 ut

375 3275 688 3326 Herodotus
725 3277 869 3326 hunc
901 3292 1083 3342 regem
1109 3279 1322 3329 vocarit
1355 3275 1458 3326 Φε-

378 3335 497 3407 ρών
534 3343 627 3461 (gu
631 3359 696 3394 ae
738 3346 1044 3395 accusativi
1087 3351 1172 3397 est
1216 3346 1391 3397 forma
1424 3361 1459 3396 a

377 3428 512 3462 voce
602 3403 744 3475 ερῶς
791 3412 981 3475 ducta3
1032 3416 1102 3466 cf.
1150 3417 1382 3480 Lepsius
1418 3415 1458 3465 l.

379 3480 416 3534 1.
454 3497 506 3547 p.
539 3479 698 3543 288).
744 3496 904 3547 quam
950 3498 1138 3533 vocem
1180 3483 1466 3566 appellati-

375 3565 502 3600 vam
537 3564 661 3600 esse
690 3553 746 3599 et
780 3565 963 3616 regem
1006 3566 1107 3601 sua
1144 3554 1352 3617 origine
1389 3552 1463 3601 si-

378 3618 667 3684 gnificare,
715 3619 824 3668 iam
873 3619 1271 3685 Wesselingius
1313 3624 1462 3670 recte

377 3689 508 3739 mihi
533 3689 809 3739 monuisse
837 3687 1079 3739 videtur:
1118 3703 1292 3755 neque
1318 3690 1461 3740 enim

378 3758 527 3809 aliud
557 3758 731 3809 videri
768 3758 847 3808 ait
881 3772 949 3808 ac
974 3757 1183 3808 Pharao
1203 3775 1247 3810 s.
1271 3759 1461 3818 Pharo,

377 3834 439 3878 ut
485 3828 625 3879 bene
667 3827 853 3892 Camp.
900 3826 1155 3892 Vitringa
1204 3829 1261 3877 in
1305 3827 1460 3879 Esai.

375 3897 528 3949 XIX.
564 3912 690 3963 pag.
739 3897 870 3957 5493
919 3896 1085 3962 idque
1129 3912 1194 3946 eo
1242 3895 1461 3961 facilius

374 3966 496 4016 fleri
543 3966 792 4030 potuisse
837 3964 991 4015 addit
1032 3966 1265 4030 Lepsius
1313 3964 1460 4027 (1.1.

376 4050 504 4100 pag.
542 4034 687 4101 292),
731 4035 874 4099 quod
908 4033 998 4084 hic
1020 4034 1163 4084 idem
1203 4050 1315 4096 rex,
1352 4049 1459 4099 quo

376 4108 641 4167 regnante
683 4103 877 4153 Iudaei
930 4118 996 4153 ex
1039 4105 1290 4168 Aegypto
1335 4103 1461 4152 emi-

377 4171 616 4237 grarint,
672 4186 707 4221 a
750 4172 923 4222 sacris
965 4171 1328 4250 scriptoribus
1360 4171 1460 4220 ali-

375 4242 535 4319 isque
563 4239 878 4306 plerumque
909 4240 1108 4291 dicitur
1131 4232 1336 4305 Φαραὼ
1364 4236 1459 4307 βα-

380 4301 582 4366 σιλευς.
652 4311 806 4359 Haec
851 4324 980 4359 vero
1026 4324 1163 4371 vox,
1211 4324 1320 4374 qua
1357 4309 1460 4359 Ae-

378 4379 690 4444 gyptiorum
727 4393 882 4445 reges
919 4377 1216 4444 significari
1242 4382 1461 4428 constat

1084 810 1207 874 τοῦ
1249 810 1552 894 ποταμοῦ
1590 802 2038 883 κατελθόντος
2075 804 2353 892 μέγιστα
2397 799 2481 890 δὴ
2508 799 2658 893 τότε

1570 976 1799 1052 (Γῆς-ηρ,
1822 958 1968 1037 apud
1979 970 2278 1037 Aegyptios
2300 971 2462 1020 sonat
2479 965 2658 1037 Pkre),

1569 1054 1733 1107 Solem'
1767 1056 2009 1107 indicare
2047 1057 2264 1107 videtur
2291 1053 2586 1107 Rosellinio
2618 1053 2657 1103 l.

1572 1125 1609 1177 1.
1636 1126 1684 1176 1.
1705 1144 1759 1192 p.
1794 1128 1893 1178 116
1926 1141 2076 1192 seqq.
2099 1126 2335 1192 indeque
2366 1139 2556 1189 regum
2586 1124 2656 1171 ti-

1571 1194 1744 1245 tulum
1779 1202 1968 1262 aptum
2003 1196 2258 1246 exhibere
2293 1199 2544 1260 putatur:
2594 1197 2657 1242 ut

1571 1265 1711 1315 adeo
1744 1267 1834 1315 vix
1868 1264 2096 1316 multum
2129 1265 2374 1326 intersit,
2411 1279 2539 1313 num
2561 1262 2656 1311 So-

1569 1339 1663 1385 lem
1696 1350 1743 1385 s.
1777 1350 1944 1400 reyem
1972 1333 2055 1399 (ut
2092 1334 2214 1384 aliis
2242 1334 2445 1400 placet)
2477 1331 2657 1382 decla-

1570 1408 1684 1465 ret3
1732 1405 1889 1470 plura
1933 1403 2047 1456 vid.
2086 1404 2231 1470 apud
2276 1400 2654 1454 lablonskium

1570 1488 1724 1524 vocc.
1765 1476 2025 1540 Aegyptt.
2075 1489 2131 1538 p.
2179 1472 2282 1524 375
2328 1471 2511 1537 ibique
2560 1471 2653 1520 the

1571 1545 1789 1608 Water,
1849 1542 2225 1608 champollion
2279 1543 2430 1608 Syst.
2478 1540 2654 1590 hiero-

1570 1612 1755 1678 glyph.
1793 1629 1849 1678 p.
1882 1614 1949 1664 72
1969 1628 2110 1679 seq„
2156 1612 2449 1663 Geeenium
2487 1609 2650 1660 Thes.

1569 1683 1733 1748 Ling.
1778 1683 1949 1733 Hebr.
1996 1682 2074 1733 11.
2128 1695 2254 1746 pag.
2308 1680 2458 1742 1129,
2507 1680 2652 1729 Βιιιι-

1569 1766 1690 1802 sen:
1727 1753 1932 1817 Egypt.
1970 1750 2133 1802 Place
2165 1756 2269 1800 etc.
2297 1751 2373 1800 11.
2409 1763 2535 1814 pag.
2565 1750 2648 1799 15.

1567 1821 1679 1871 Sub
1718 1821 1821 1871 hoc
1866 1836 2022 1885 rege,
2076 1820 2194 1869 sive
2239 1820 2490 1869 Pherone
2532 1818 2652 1867 sive

1564 1890 1923 1955 Menephtah,
1960 1889 2191 1953 Moysen
2228 1903 2348 1938 cum
2383 1887 2652 1937 Israelitis

1565 1959 1865 2009 excessisse
1892 1974 1959 2009 ex
1985 1959 2260 2023 Aegypto,
2297 1956 2650 2022 comprobare

1565 2019 1804 2091 studuit,
1860 2032 2113 2078 monente
2160 2028 2271 2085 Cr„
2318 2027 2472 2077 Bois·
2474 2023 2649 2091 Ayme

1564 2098 1621 2148 in
1658 2098 1931 2163 Descript.
1956 2097 2023 2147 de
2050 2095 2290 2163 l'Egypt.
2328 2098 2485 2147 Antt.
2521 2096 2646 2146 livr.

1563 2167 1669 2218 111.
1705 2165 1865 2217 mem.
1903 2168 1970 2217 Τ.
2017 2167 2066 2217 Ι.
2113 2182 2238 2232 pag.
2275 2165 2399 2218 305.
2472 2167 2652 2230 Atque

1562 2236 1707 2287 idem
1753 2252 1899 2287 nunc
1940 2236 2157 2288 efficere
2192 2236 2380 2286 studet
2415 2236 2646 2300 Lepsius

1561 2306 1598 2357 l.
1638 2306 1675 2357 l.
1705 2322 1834 2372 pag.
1871 2306 1993 2370 292,
2040 2306 2160 2369 360,
2198 2320 2357 2371 quem
2392 2305 2438 2354 si
2474 2306 2649 2370 sequi-

1563 2392 1710 2439 mur,
1747 2376 2120 2428 Israelitarum
2157 2376 2362 2426 exodus
2406 2375 2556 2425 cadit
2588 2375 2646 2423 in

1564 2462 1695 2496 ann.
1732 2444 1868 2498 1314
1915 2450 2045 2497 ante
2089 2444 2214 2497 Chr.
2251 2460 2326 2507 n.,
2373 2460 2481 2509 quo
2515 2450 2647 2494 tem·

1564 2531 1694 2581 pore
1731 2515 2077 2566 Herodoteus
2116 2514 2324 2565 Pheres
2373 2515 2645 2579 regnavit,

1565 2600 1722 2650 quem
1774 2585 2078 2635 Larcherus
2139 2599 2264 2633 ann.
2327 2582 2457 2634 1312
2516 2588 2645 2633 ante

1565 2653 1690 2703 Chr.
1729 2669 1786 2705 n.
1823 2654 1894 2703 ad
1938 2667 2165 2719 regnum
2201 2653 2503 2702 accessisse
2536 2656 2649 2701 sta-

1561 2727 1744 2774 tuerat
1791 2722 1886 2786 (T.
1924 2721 2080 2773 VIII.
2128 2736 2180 2785 p.
2230 2720 2378 2785 579),
2422 2720 2644 2770 Bunsen

1560 2806 1705 2842 anno
1755 2791 1891 2843 1322
1938 2795 2069 2841 ante
2116 2790 2243 2840 Chr.
2295 2804 2372 2852 n.,
2422 2789 2643 2839 Boeckh

1562 2860 1682 2923 (1.1.
1720 2876 1773 2925 p.
1810 2862 1913 2911 775
1949 2859 2074 2911 coll.
2112 2858 2215 2910 573
2250 2874 2422 2924 seqq„
2448 2859 2543 2909 ubi
2578 2858 2645 2907 de

1560 2935 1805 2995 tempore
1849 2929 2222 2981 Israelitarurn
2280 2945 2346 2979 ex
2392 2930 2643 2995 Aegypto

1562 3000 1941 3065 emigrantium
1986 3000 2253 3066 disputat)
2309 3014 2453 3049 anuo
2508 2999 2643 3049 1345

1562 3075 1690 3120 ante
1724 3069 1849 3123 Chr.
1889 3085 1943 3120 ιι.
1984 3069 2184 3136 Lepsio
2212 3069 2510 3119 assentitur
2544 3067 2645 3118 Os·

1559 3139 1723 3190 burn:
1744 3139 2120 3190 Monumental
2142 3139 2355 3204 history
2369 3139 2432 3189 of
2438 3140 2643 3204 Egypt.

1559 3209 1636 3259 11.
1667 3224 1792 3274 pag.
1830 3209 1951 3272 633,
1989 3210 2077 3260 cui
2111 3208 2275 3274 longe
2310 3207 2645 3274 probabilius

1559 3277 1805 3340 videtur,
1854 3279 2148 3329 secessisse
2184 3278 2464 3328 Israelitas
2501 3291 2645 3327 anno

1563 3348 1717 3411 1314,
1752 3362 2040 3414 quamquo
2075 3348 2242 3413 vulgo
2265 3351 2474 3411 ponunt
2510 3344 2641 3396 1491

1561 3421 1692 3468 ante
1728 3415 1854 3467 Chr.
1891 3432 1974 3477 n.;
2015 3418 2286 3467 Letronne
2316 3415 2453 3465 adeo
2489 3427 2648 3478 posu-

1565 3488 1686 3535 erat
1722 3499 1849 3534 ann.
1892 3486 2024 3537 1495
2062 3501 2113 3536 a.
2146 3484 2270 3536 Chr.
2305 3499 2362 3534 n.
2407 3483 2525 3533 sive
2560 3496 2645 3531 se-

1562 3554 1790 3618 ptimum
1808 3568 2011 3603 annum
2035 3555 2178 3619 regis
2200 3551 2529 3617 Menephtah
2542 3551 2643 3617 (cf.

1560 3623 1769 3672 Brunet
1802 3621 1871 3671 de
1903 3621 2091 3672 Presle
2132 3623 2377 3671 Examen
2421 3621 2517 3671 des
2551 3620 2648 3684 dy-

1561 3694 1708 3740 nast.
1767 3694 1871 3741 etc.
1927 3706 2054 3756 pag.
2112 3688 2257 3752 195).
2343 3689 2642 3754 Seyffartht

1560 3759 1817 3825 Beitriige
1854 3774 1902 3808 z.
1952 3758 2252 3811 Kenntniss
2300 3757 2354 3808 d.
2403 3758 2503 3809 alt.
2542 3759 2645 3809 Ae—

1562 3832 1717 3894 gypt.
1756 3828 1836 3879 11.
1873 3844 1999 3894 pag.
2035 3826 2139 3880 339
2173 3827 2387 3892 regredi
2420 3827 2538 3877 vult
2573 3827 2643 3878 ad

1563 3912 1692 3947 ann.
1737 3896 1872 3948 1908
1906 3902 2037 3948 ante
2072 3896 2200 3947 Chr.
2233 3911 2286 3945 n.

1634 3957 1911 4030 οὐδεμίαν
1970 3960 2301 4030 στρατηΐην]
2367 3955 2645 4045 οὐδεμίαν

1565 4033 1691 4086 dedi
1727 4050 1848 4085 eum
1883 4036 2059 4087 Gaisf.
2128 4034 2309 4098 Vulgo
2347 4024 2642 4097 οὐδεμίην.

1560 4102 1844 4169 Reliquam
1885 4104 2256 4154 narrationem
2296 4102 2569 4153 Diodorus
2602 4103 2639 4153 1.

1561 4171 1600 4222 l.
1641 4187 1852 4237 quoque
1896 4173 2143 4236 exhibet,
2194 4187 2260 4221 ex
2305 4172 2427 4236 ipso
2474 4172 2645 4221 Hero-

1563 4241 1722 4304 doto,
1763 4246 1824 4291 ut
1860 4241 2220 4307 Wesselingio
2243 4240 2476 4303 videtur,
2512 4240 2646 4290 hau-

1560 4315 1721 4360 stam.

1634 4376 1737 4428 τοῦ
1768 4376 2033 4443 ποταμοῦ
2073 4369 2454 4434 κατελθόντος
2498 4373 2644 4441 μέγι-
