3109 5092
529 368 648 430 142

1398 367 1938 431 HERODOTI

523 538 791 631 βώτεω,
849 536 1260 627 ἀδελφιδέου
1297 540 1424 628 μὲν
1467 543 1761 627 ἑωυτοῦ,
1817 538 2292 629 βασιλεύοντος
2337 540 2413 609 δὲ
2460 548 2806 629 Σπαρτιη-

523 648 730 729 τέων,
770 645 843 711 ἐκ
871 641 1139 732 Κρήτης
1175 639 1549 730 ἀγαγέσθαι
1589 649 1820 713 ταῦτα.
1877 639 1967 724 ὡς
1988 641 2116 732 γὰρ
2146 642 2595 732 ἐπετρόπευσε
2621 641 2806 730 wiza-
2908 655 2912 659 ’

525 800 851 867 σιλεύοντος
900 801 965 857 δὲ
1011 803 1421 874 Σπαρτιητέων
1463 809 1614 857 Λεω-

522 872 743 943 βώτεω,
791 884 853 928 ut
908 880 1194 943 Lycurgus
1253 879 1418 928 fuerit
1466 883 1615 928 tutor

522 948 623 998 filii
660 949 848 999 fratris
885 949 989 1010 sui,
1033 948 1283 998 Leobota
1326 948 1614 1015 Spartanis

521 1034 650 1084 rege
681 1020 1002 1082 imperante.
1038 1018 1193 1080 Quae
1218 1018 1361 1067 ratio
1397 1022 1616 1082 praeter

523 1088 662 1138 alios
701 1087 911 1152 placuit
946 1086 1202 1137 Clintono
1247 1088 1429 1153 (Fast.
1466 1085 1613 1137 Hell.

522 1158 572 1209 1.
614 1173 668 1222 p.
720 1156 885 1222 144.),
932 1155 1078 1206 haud
1116 1156 1428 1207 advertenti
1473 1155 1613 1206 tales

521 1227 786 1276 orationis
820 1230 1004 1290 partes
1039 1240 1137 1289 per
1171 1218 1275 1289 μὲν
1292 1256 1363 1265 -—
1385 1221 1449 1274 δὲ
1487 1240 1612 1276 con-

519 1297 673 1361 iungi
716 1310 824 1344 non
858 1310 1048 1360 posse;
1097 1295 1187 1345 cui
1231 1295 1424 1346 merito
1460 1294 1612 1345 oblo-

520 1370 679 1414 cutus
718 1370 802 1414 est
833 1364 895 1414 C.
936 1364 1004 1413 Ο.
1046 1362 1275 1414 Mueller
1311 1365 1370 1413 in
1391 1363 1610 1415 Annali.

521 1434 805 1498 Gottingg.
849 1432 1003 1484 1837.
1047 1448 1178 1497 pag.
1218 1432 1350 1494 9013
1399 1432 1612 1483 eodem-

522 1518 628 1568 que
664 1504 832 1552 ferme
869 1502 1037 1565 redit,
1076 1502 1221 1567 quod
1267 1503 1467 1568 Negris
1503 1502 1614 1567 leg-i

521 1587 686 1637 posse
731 1572 1045 1636 suspicatus
1098 1575 1210 1621 est:
1265 1563 1612 1636 ἀδελφιδέου

519 1635 626 1706 μὲν
659 1631 877 1691 ἑωυτοῦ
899 1637 1239 1705 Λυκοῦργον
1272 1631 1611 1705 ἐπιτροπεύ-

521 1723 717 1773 σαντα,
763 1702 1162 1777 βασιλεύοντος
1206 1702 1269 1759 δὲ
1318 1708 1610 1774 Σπαρτιη-

519 1777 662 1829 τέων
694 1771 1043 1846 Λεωβώτεω.
1068 1779 1315 1843 Accedit,
1341 1778 1487 1845 quod
1505 1778 1610 1829 hac

450 1862 467 1875 ·
518 1849 755 1899 lectione
790 1853 1015 1914 recepta
1047 1864 1225 1900 novae
1254 1848 1608 1899 difficultates

519 1920 836 1969 exoriuntur
870 1934 900 1970 e
936 1924 1238 1983 temporum
1275 1918 1487 1969 ratione
1515 1919 1610 1968 vix

520 1988 913 2050 conciliandae,
950 1986 1093 2053 qu'ae
1128 1988 1442 2053 Lycurgum
1475 1992 1610 2037 tem-

517 2072 650 2121 pore
696 2057 979 2107 Leobotae
1022 2058 1229 2106 vixisse
1272 2057 1612 2121 tutelamque

520 2126 830 2177 exercuisse
862 2126 1081 2175 minime
1115 2127 1418 2189 patiuntur.
1468 2127 1612 2176 Nam

518 2194 853 2244 Lai-cherum
899 2195 948 2244 si
1001 2206 1321 2259 sequamur,
1365 2194 1611 2244 Labotas

521 2279 589 2313 ex
631 2261 1155 2327 Eurysthenidarum
1209 2263 1473 2328 progenie
1527 2277 1611 2312 re-

519 2332 713 2397 gnavit
749 2331 872 2381 inde
907 2332 976 2382 ab
1012 2347 1154 2381 anno
1211 2332 1339 2383 1035
1387 2347 1437 2381 a.
1480 2331 1608 2381 Chr.

518 2417 574 2452 n.
612 2416 708 2465 per
741 2400 1109 2468 quadraginta
1143 2416 1341 2462 annos,
1379 2416 1610 2465 eumque

516 2475 739 2520 secutus
775 2471 1054 2534 Doryssus
1101 2485 1196 2534 per
1241 2470 1611 2535 quadraginta

518 2539 627 2590 duo
663 2554 836 2605 usque
874 2539 945 2589 ad
979 2538 1112 2603 953,
1162 2554 1268 2604 quo
1307 2540 1426 2604 ipso
1463 2554 1607 2589 anno

496 2609 809 2674 Agesilaus
831 2610 879 2659 Ι.
904 2608 973 2659 ad
999 2624 1224 2674 regnum
1254 2614 1477 2660 evectus
1503 2613 1607 2660 est.

516 2680 802 2743 Lycurgus
848 2694 977 2729 vero
1036 2683 1198 2728 natus
1257 2683 1344 2729 est
1396 2678 1499 2729 924
1552 2693 1606 2729 a.

517 2748 643 2799 Chr.
682 2764 759 2812 n.,
801 2752 857 2797 et
892 2749 1065 2798 frater
1106 2747 1433 2812 Polydectes
1482 2748 1605 2810 954,

516 2818 610 2881 qui
664 2822 822 2881 patre
875 2819 1126 2868 Eunomo
1180 2817 1471 2868 interfecto
1526 2832 1609 2866 re-

517 2901 684 2949 gnum
731 2887 835 2936 912
889 2891 1203 2951 susceptum
1256 2901 1354 2950 per
1405 2885 1608 2951 viginti

517 2957 751 3017 quatuor
784 2969 957 3004 annos
992 2954 1190 3005 tenuit.
1231 2954 1512 3005 Successit
1549 2953 1608 3003 fl-

516 3021 623 3071 lius
643 3021 915 3073 Chai-illus
953 3038 1097 3073 anno
1129 3023 1252 3084 888,
1278 3038 1345 3072 ac
1377 3037 1607 3089 regnum

517 3092 695 3140 tenuit
751 3092 1005 3156 Lycurgo
1070 3095 1252 3142 tutore
1304 3107 1400 3156 per
1453 3108 1608 3143 sexa·

516 3161 673 3224 ginta
730 3164 966 3224 quatuor
1023 3175 1214 3211 annos.
1285 3160 1417 3224 Ipsa
1475 3177 1605 3212 vero

517 3229 759 3293 Lycurgi
793 3227 1067 3293 legislatio
1092 3229 1286 3280 incidit
1314 3232 1371 3279 in
1405 3246 1607 3282 annum

514 3298 648 3359 8663
685 3298 863 3349 tribus
898 3303 1026 3364 post
1076 3299 1261 3360 annis,
1300 3298 1428 3361 863,
1470 3299 1608 3350 Cha·-

514 3367 668 3419 riuus
705 3367 882 3418 tutela
916 3368 1229 3419 dimittitur.
1284 3369 1439 3419 Haec
1473 3371 1606 3419 Lar-

516 3438 729 3501 cherus,
765 3438 862 3502 qui
894 3437 1030 3487 nihil
1075 3441 1367 3488 cunctatus
1402 3439 1459 3488 in
1493 3439 1605 3489 He·

514 3509 742 3559 rodoteo
788 3511 945 3559 textu
989 3523 1087 3573 pro
1131 3500 1447 3572 Λεωβώτεω
1492 3523 1605 3558 mu-

515 3582 691 3628 tatum
737 3576 859 3628 vult
905 3576 1196 3642 Χαρίλλου
1254 3574 1440 3641 (prout
1491 3577 1603 3632 iam

517 3646 719 3697 dudum
772 3647 1054 3710 placuerat
1115 3645 1375 3709 Buherio)
1437 3645 1603 3710 idque
1643 3672 1646 3673 ν

488 3716 695 3780 vipsum
727 3716 786 3764 in
830 3715 1005 3766 altera
1050 3716 1320 3765 versionis
1369 3714 1606 3765 editione

502 3786 803 3847 expressit,
826 3799 988 3848 quum
1024 3785 1079 3834 in
1113 3784 1279 3848 priori
1304 3784 1605 3834 Marshami

516 3852 869 3914 sententiam,
914 3868 1053 3917 quae
1099 3853 1265 3902 etiam
1311 3852 1605 3902 Wesselin·

514 3921 607 3983 gio
642 3934 750 3969 non
787 3935 1007 3983 prorsus
1044 3920 1415 3984 displicuerat,
1452 3936 1603 3971 secu-

517 3994 605 4037 tus
642 3993 807 4038 esset.
844 3988 969 4038 vid.
1004 3994 1119 4038 not.
1147 3988 1407 4049 Larcher.
1448 3989 1519 4039 ad
1544 3989 1599 4039 h.

513 4056 553 4106 l.
588 4061 643 4107 et
674 4056 834 4120 plura
867 4057 924 4105 in
953 4055 1148 4106 Tabul.
1185 4056 1509 4122 Chronolog.
1532 4059 1600 4109 T.

512 4125 643 4175 VII.
688 4141 743 4188 p.
790 4124 894 4174 489
938 4140 1092 4189 seqq.
1147 4124 1255 4175 Sed
1288 4127 1447 4175 testis
1484 4126 1600 4176 vul-

515 4196 680 4259 gatae
714 4191 860 4257 apud
879 4193 1215 4243 Herodotum
1237 4192 1489 4244 lectionis
1511 4210 1600 4245 ex-

515 4262 667 4312 sistit
696 4262 1002 4312 Pausanias
1037 4262 1146 4324 111,
1182 4263 1234 4312 2.
1268 4265 1320 4324 ς.
1354 4263 1415 4314 3:
1453 4257 1598 4313 ἔτεσι

515 4324 581 4380 δὲ
616 4319 862 4409 ὕστερον
898 4321 983 4409 οὐἱ
1002 4329 1236 4387 πολλοῖς
1262 4331 1348 4379 Λα
1385 4324 1531 4390 ώτας
1568 4322 1600 4382 ὅ

504 4391 873 4465 Ἐχεστρατου
922 4414 1030 4463 την
1083 4390 1268 4463 ἀρχὴν
1352 4413 1481 4464 σχεν
1538 4391 1601 4451 ἐν

1704 798 1985 891 εΣπάρτῃ·
2045 806 2256 859 τοῦτον
2304 801 2409 860 τὸν
2467 801 2808 875 Λαβώταν

1719 872 2086 942 Ηρόδοτος
2131 871 2203 928 ἐν
2259 877 2355 946 τῷ
2406 873 2579 946 λόγῳ
2623 876 2701 946 τῷ
2752 869 2809 934 ἐς

1719 948 2032 1010 Κροῖσον
2067 938 2203 999 ὑπὸ
2231 942 2647 1014 Λυκούργου
2682 944 2808 997 τοῦ

1717 1014 2022 1081 θεμένου
2057 1009 2195 1075 τοὺς
2219 1010 2435 1083 νόμους
2460 1014 2642 1082 φησὶν
2666 1008 2746 1066 ἐκ
2759 1031 2806 1064 ι-

1717 1084 2215 1151 τροπευθῆναι
2302 1084 2520 1137 παῖδα
2610 1076 2803 1147 ὄντα,

1716 1148 2033 1222 Λεωβώτην
2069 1152 2134 1205 δέ
2168 1148 2229 1204 οἷ
2259 1154 2483 1207 τίθεται
2520 1146 2584 1205 τὸ
2621 1145 2808 1218 ὄνομα

1718 1221 1815 1274 καὶ
1863 1216 1933 1275 οὗ
1993 1218 2273 1290 Λαβώταν
2320 1241 2372 1275 κ.
2418 1242 2468 1275 τ.
2514 1224 2562 1275 λ.
2636 1224 2805 1274 Cuius

1715 1294 2000 1359 scriptoris
2057 1299 2299 1360 tempore
2361 1294 2469 1344 nisi
2536 1293 2808 1344 Herodoti

1718 1363 2048 1428 exemplaria
2081 1364 2191 1414 iam
2236 1363 2536 1429 depravata
2573 1378 2695 1414 esse
2727 1362 2808 1412 di·
2907 1396 2916 1403 ·

1717 1434 1880 1496 xoris,
1906 1433 2000 1483 vix
2035 1433 2160 1491 inde
2195 1432 2469 1498 expedies.
2509 1434 2583 1485 Et
2617 1436 2808 1483 narrat

1716 1502 2000 1553 Philemon
2061 1517 2152 1567 ap.
2211 1502 2481 1567 Porphyr.
2548 1503 2804 1564 Quaestt.

1716 1573 1967 1623 Homerr.
2021 1578 2157 1623 sect.
2219 1573 2375 1622 VIII.
2428 1573 2549 1621 init.
2624 1562 2808 1620 πολλὰ

1713 1639 1995 1706 φέρεσθαι
2045 1639 2206 1706 μέχρι
2264 1639 2375 1691 νῦν
2430 1632 2803 1705 ἁμαρτήματα

1711 1702 1854 1759 κατὰ
1910 1703 2017 1775 τὴν
2070 1702 2389 1773 Ἡροδότου
2453 1702 2804 1774 συγγραφήν.

1712 1778 1873 1842 Quod
1907 1781 1954 1829 si
1984 1780 2087 1830 hoc
2112 1779 2233 1829 loco
2271 1778 2475 1840 valeat,
2511 1779 2650 1829 idem
2679 1778 2806 1828 aliis

1711 1863 1928 1914 quoque
1961 1849 2128 1910 locis,
2172 1863 2401 1912 quorum
2445 1849 2556 1897 iam
2594 1847 2805 1912 aliquot

1667 1918 2024 1985 ‘ittigimuffi
2078 1918 2173 1968 ubi
2229 1917 2541 1982 corruptela
2585 1923 2803 1968 nostros

1709 1987 1877 2037 libros
1913 2001 2081 2037 manu
2107 1987 2344 2051 scriptos
2373 1987 2702 2039 antecedere
2726 1986 2806 2035 vi-

1716 2056 1891 2120 detur,
1938 2057 2042 2107 erit
2077 2056 2444 2106 statuendum.
2515 2054 2626 2107 Alii
2664 2055 2803 2105 alias

1714 2126 1834 2176 vias
1892 2127 2135 2176 inierunt
2188 2125 2262 2174 ad
2308 2125 2578 2176 Herodoti
2629 2125 2804 2189 ipsius

1713 2210 1967 2257 errorem,
2005 2210 2164 2260 quem
2199 2199 2479 2257 statuunt,
2532 2193 2805 2259 explican-

1714 2263 1865 2324 dum;
1905 2264 1977 2313 cf.
2018 2263 2079 2314 C.
2134 2265 2200 2313 F.
2249 2264 2547 2315 Hermann.
2574 2264 2799 2328 Antiqq.

1711 2332 1957 2383 Laconn.
2008 2347 2064 2397 p.
2122 2333 2188 2382 77
2251 2347 2365 2397 seq.
2423 2332 2547 2384 coll.
2609 2349 2663 2397 p.
2717 2332 2800 2383 10.

1710 2406 1827 2451 not.
1864 2404 1952 2453 29.
1981 2401 2248 2465 Equidem
2265 2406 2454 2452 tamen
2479 2393 2676 2466 ἐπέχω,
2700 2417 2803 2451 nec

1710 2470 1768 2519 in
1817 2475 1973 2520 tanto
2019 2469 2280 2520 librorum
2335 2486 2606 2522 consensu
2648 2470 2803 2535 quid-

1712 2554 1873 2604 quam
1920 2544 2132 2589 mutare
2177 2539 2435 2603 audeam,
2479 2540 2802 2605 praesertim

1711 2622 1835 2658 cum
1870 2609 2036 2659 etiam
2074 2608 2142 2659 de
2174 2610 2296 2673 ipsa
2342 2611 2584 2675 Lycurgi
2630 2609 2802 2673 stirpe

1710 2676 1956 2729 diversas
1993 2678 2050 2727 in
2085 2683 2269 2742 partes
2297 2678 2448 2729 abire
2469 2679 2687 2729 videam
2711 2693 2800 2728 ve-

1708 2751 1853 2797 teres
1891 2747 2203 2812 scriptores,
2242 2762 2469 2812 quorum
2516 2752 2670 2809 sunt,
2705 2748 2800 2812 qui

1709 2818 2004 2882 Prytanem
2038 2817 2156 2867 eius
2189 2821 2400 2881 patrem
2437 2822 2676 2879 narrent,
2703 2817 2800 2865 ali-

1711 2892 1793 2935 ter
1827 2891 1994 2950 atque
2030 2887 2214 2952 vulgo,
2250 2886 2345 2935 ubi
2367 2888 2674 2937 Eunomum
2699 2902 2796 2950 pa-

1709 2960 1846 3004 trem
1890 2961 2158 3006 statuunt.
2215 2955 2282 3004 In
2330 2960 2514 3006 aetate
2557 2956 2798 3020 Lycurgi

1710 3023 2018 3074 definienda
2069 3025 2478 3075 accuratissime
2545 3030 2797 3075 versatus

1709 3098 1794 3143 est
1828 3094 2052 3144 Fischer
2072 3093 2389 3157 (Zeittafeln
2423 3110 2477 3159 p.
2508 3092 2577 3146 33
2596 3093 2797 3159 seqq.),

1708 3163 1804 3227 qui
1829 3163 2067 3213 omnium
2094 3168 2335 3213 veterum
2361 3164 2686 3227 scriptorum
2719 3168 2798 3213 te·

1707 3232 1966 3282 stimonia
2001 3231 2223 3298 collegit
2260 3232 2633 3298 ostenditque,
2685 3247 2799 3282 ma-

1706 3301 1852 3351 xime
1936 3301 2277 3365 probabilem
2353 3301 2527 3352 videri
2600 3303 2797 3352 Erato·

1707 3370 1916 3420 sthenis
1981 3366 2440 3435 computationem
2456 3407 2470 3433 ,
2539 3372 2633 3437 qui
2689 3372 2797 3435 Ly-

1707 3440 1861 3504 curgi
1903 3428 2243 3504 ἔπιτροπίαν
2281 3444 2539 3503 posuerat
2576 3445 2796 3491 centum

1706 3512 1830 3558 octo
1875 3509 2033 3558 annis
2084 3514 2212 3559 ante
2257 3507 2633 3574 Olympiadem
2690 3509 2796 3574 pri-

1704 3588 1866 3640 mam,
1900 3577 1938 3626 i.
1976 3593 2025 3628 e.
2074 3593 2218 3628 anno
2254 3577 2359 3629 884
2399 3581 2529 3628 ante
2573 3578 2701 3629 Chr.
2738 3594 2792 3629 u.

1705 3645 1846 3711 (vid.
1894 3645 2140 3697 Clemens
2187 3646 2345 3697 Alex.
2393 3647 2594 3698 Strom.
2640 3647 2686 3696 Ι.
2737 3663 2793 3711 p.

1707 3714 1810 3766 336
1842 3713 1954 3779 Β.).
1990 3715 2131 3766 Add.
2151 3716 2497 3766 Lachmann:
2534 3716 2794 3780 Spartan.

1706 3783 2033 3834 Staatsverf.
2079 3799 2209 3849 pag.
2256 3785 2358 3837 315
2406 3800 2519 3849 seq.
2569 3784 2695 3835 coll.
2735 3800 2791 3850 p.

1710 3851 1848 3914 153„
1890 3854 1984 3917 qui
2019 3858 2168 3903 recte
2204 3869 2272 3903 ex
2305 3852 2572 3904 Herodoti
2609 3853 2793 3903 verbis

1702 3919 1760 3969 id
1794 3926 1942 3971 certo
1981 3921 2164 3987 colligi
2187 3937 2350 3987 posse
2383 3922 2658 3985 observat,
2684 3923 2794 3986 Ly-

1704 4003 1929 4054 curgum
1976 3991 2087 4041 iam
2133 3991 2291 4041 initio
2351 3991 2557 4042 tutelae
2610 4006 2794 4041 susce-

1701 4063 1832 4122 ptae
1892 4059 1962 4108 ad
2025 4059 2174 4124 leges
2229 4060 2474 4110 civitatis
2535 4061 2792 4111 turbatae

1697 4127 1989 4177 mutandas
2026 4143 2244 4194 remque
2277 4128 2552 4192 publicam
2594 4128 2788 4180 melius

1700 4196 2140 4248 constituendam
2172 4199 2490 4247 accessisse.

1768 4254 1828 4312 ἐκ
1904 4256 2133 4330 Κρήτης
2200 4256 2517 4330 ἀγαγέσθαι
2587 4261 2786 4332 ταῦτα]

1699 4334 1994 4384 Pertinent‘
2027 4334 2135 4384 huc
2177 4350 2269 4396 ea,
2309 4349 2451 4398 quae
2496 4334 2788 4385 traduntur

1700 4401 1769 4451 de
1810 4403 2082 4468 Lycurgo,
2131 4404 2226 4469 qui
2243 4434 2250 4441 ·
2270 4403 2495 4455 diutius.
2521 4403 2578 4452 in
2624 4402 2790 4454 Creta
