3109 5092
1039 344 1540 404 EU'PERPE.
1590 345 1672 403 ΙΙ.
1722 351 1842 406 119.
1896 353 2011 407 120.

2534 339 2677 403 687·

374 520 612 584 παιδία
633 511 911 604 ἀνδρῶν
938 519 1319 605 ἐπιχωρίων
1362 515 1609 604 ἔντομά
1634 536 1811 603 σφεα
1839 519 2129 604 ἐποίησε.
2216 511 2383 603 μετὰ
2410 514 2519 600 δὲ,
2567 509 2659 594 ὥς

373 619 682 698 ε’πάϊστος
710 618 977 705 ἐγένετο
1003 625 1203 689 τοῦτο
1230 619 1671 709 ἐργασμένος,
1715 628 2031 708 μισηθείς
2068 647 2141 687 τε
2182 620 2295 686 καὶ
2322 619 2650 707 διωκόμε-

374 750 488 801 νος
547 732 763 810 οἴχετο
806 723 1088 810 φεύγων
1126 729 1278 813 τῇσι
1319 725 1520 811 νηυσὶ
1565 726 1673 792 ἐπὶ
1712 722 1991 810 Λιβύης.

2086 720 2164 792 τὰ
2204 725 2532 791 ἐνθεῦτεν
2576 722 2651 790 δὲ

373 822 540 894 ὅκου
582 825 934 914 ἐτράπετο,
981 824 1208 897 οὐκέτι
1247 825 1428 915 εἶχον
1461 833 1681 896 εἰπεῖν
1711 826 2103 912 Αἰγύπτιοι·
2166 825 2426 895 τούτων
2466 825 2542 894 δὲ
2570 822 2652 893 τὰ

372 929 498 1018 μὲν
525 933 851 1019 ἱστορίῃσι
881 937 1144 1017 ἔφασαν
1182 935 1583 1001 ἐπίστασθαι
1602 983 1620 1014 ,
1658 927 1738 999 τὰ
1776 929 1851 998 δὲ
1892 926 2054 1019 παρ’
2103 932 2411 999 ἑωυτοῖσι
2451 927 2646 1016 γενό-

372 1060 544 1120 μενα
569 1029 901 1123 ἀτρεκέως
931 1033 1358 1124 ἐπιστάμενοι
1392 1034 1639 1121 λέγειν.
1733 1038 1955 1102 Ταῦτα
1995 1034 2121 1121 μὲν
2157 1039 2556 1119 Αἰγυπτίων
2582 1036 2654 1100 οἱ
2668 1044 2786 1106 120

376 1135 548 1226 ἱρέες
590 1142 858 1224 ἔλεγον·
919 1135 1053 1225 ἐγω
1093 1138 1170 1207 δὲ
1211 1144 1307 1232 τῷ
1347 1137 1524 1231 λόγῳ
1572 1142 1665 1231 τῷ
1708 1139 1865 1227 περὶ
1884 1133 2152 1226 Ἑλένης
2195 1136 2506 1241 λεχθέντι
2535 1138 2647 1205 καὶ

374 1325 464 1385 ἐπὶ
493 1326 640 1387 πολὺ
678 1339 824 1403 apud
860 1339 1207 1404 Xenophout.
1238 1339 1460 1405 Ephes.,

373 1406 467 1456 ubi
510 1406 623 1457 vid.
675 1408 880 1459 Locell.
930 1425 1057 1474 pag.
1112 1410 1225 1460 146.
1308 1410 1461 1459 Infra

374 1475 452 1538 ΙΙ,
491 1475 615 1527 133:
652 1470 894 1542 ἐβίωσαν
927 1477 1143 1542 χρόνον
1177 1474 1288 1528 ἐπὶ
1324 1479 1458 1527 πολ-

370 1538 492 1593 λόν.
551 1545 692 1597 Add.
720 1547 795 1609 11,
825 1549 941 1599 154.
1007 1551 1110 1599 Est
1142 1553 1324 1598 autem
1351 1550 1460 1599 He·

372 1615 552 1664 rodoti
610 1617 910 1667 sententia:
973 1618 1219 1668 adversis
1277 1620 1455 1669 ventis

371 1683 670 1749 longiorem
714 1702 918 1737 moram
959 1687 1130 1738 fuisse
1174 1688 1460 1754 interposi-

372 1759 484 1803 tam

438 1833 649 1918 ἔντομά
672 1854 816 1904 σφεα
840 1832 1092 1909 ἐποίησε]
1131 1838 1357 1907 ἔντομα,
1379 1859 1456 1894 sc.

373 1922 615 1974 σφαγια,
663 1912 878 1976 proprie
914 1911 1170 1962 dicuutur
1204 1914 1462 1963 victimae

371 1978 626 2029 Manibus
668 1985 833 2046 atque
867 1981 991 2030 Diis
1026 1982 1222 2032 inferis
1259 1988 1461 2033 macta-

372 2052 490 2111 tae,
529 2050 855 2100 observante
891 2051 1061 2103 schol.
1100 2053 1169 2102 ad
1204 2052 1457 2117 Apellen.

371 2118 547 2169 Rhod.
602 2120 659 2196 1',
706 2121 807 2170 587
859 2125 1026 2186 atque
1063 2123 1356 2173 Eustathio
1393 2121 1462 2173 ad

372 2187 573 2253 Odyss.
597 2188 625 2236 λ
648 2225 660 2237 .
701 2205 754 2253 p.
780 2190 884 2243 416
905 2192 1035 2242 Bas.
1057 2207 1113 2255 p.
1145 2192 1266 2243 1671
1303 2194 1458 2243 Rom.

370 2258 492 2307 Hoc
541 2273 672 2309 vero
718 2258 838 2308 loco
884 2265 940 2309 et
988 2260 1135 2311 infra
1173 2262 1307 2325 VII,
1361 2262 1454 2313 191

371 2332 499 2376 sunt
534 2330 759 2378 vic-timae
781 2331 1050 2391 placandis
1070 2335 1229 2383 veneis
1257 2347 1458 2396 caesae,

373 2396 495 2447 coll.
535 2398 751 2447 Arrian.
789 2399 962 2450 Indic.
1000 2400 1087 2451 20.
1150 2402 1264 2452 Nec
1301 2401 1460 2451 aliter

371 2466 516 2532 apud
552 2467 747 2533 Virgil.
787 2468 923 2519 Aen.
961 2470 1038 2534 11,
1081 2471 1179 2521 116
1204 2486 1385 2537 seqq.:

437 2570 695 2636 Sanouine
736 2571 1002 2655 placastis
1038 2579 1233 2625 ventos
1270 2580 1324 2624 et
1356 2578 1461 2625 vir·

691 2656 811 2705 ,qtae
846 2658 1030 2701 caesa,

438 2708 714 2775 Sanguine
751 2712 1049 2776 quaerendi
1084 2712 1315 2764 reditus.
1352 2741 1422 2750 —

368 2811 591 2863 Addunt
615 2813 848 2881 denique
878 2815 962 2865 his
988 2816 1310 2879 interpretes
1334 2814 1459 2866 Plu·

369 2883 545 2932 tarchi
583 2882 788 2949 locum,
833 2886 924 2950 qui
960 2885 1065 2935 huc
1101 2890 1344 2950 spectat,
1392 2885 1458 2935 de

368 2952 592 3018 maligu.
645 2954 852 3005 Herod.
905 2972 957 3020 p.
1017 2954 1118 3005 857
1151 2955 1218 3005 Β.
1301 2954 1459 3018 Quod

369 3021 440 3070 ad
473 3022 709 3074 humana
743 3024 1015 3075 sacrificia
1052 3025 1275 3087 attinet,
1327 3040 1460 3075 non-

369 3091 519 3142 nulla
558 3092 958 3158 disputavimus
995 3095 1067 3145 ad
1095 3095 1172 3158 11,
1207 3096 1293 3145 45.
1370 3095 1457 3144 In·

367 3164 453 3210 ter
498 3162 737 3213 Graecos
796 3163 926 3215 olim
973 3164 1109 3215 talia
1161 3179 1322 3215 sacra
1361 3164 1457 3214 hu-

367 3246 553 3294 mana,
614 3237 876 3298 tanquam
921 3234 1139 3299 piacula
1189 3234 1294 3283 diis
1342 3234 1458 3299 pla-

367 3300 557 3351 candis
582 3301 787 3365 oblata,
824 3303 970 3354 haud
994 3304 1262 3354 inusitata
1286 3302 1455 3355 fuisse

367 3367 541 3418 multa
579 3376 884 3421 monstrant
905 3373 1167 3438 exempla,
1205 3388 1344 3437 quae
1375 3380 1455 3423 at-

367 3436 496 3487 tulit
513 3439 581 3488 E.
603 3438 673 3488 ab
690 3440 959 3491 Lasaulx:
1000 3441 1312 3492 Classische
1330 3444 1455 3493 Stu-

367 3506 492 3556 dien
547 3505 599 3557 d.
639 3507 875 3560 Alterth.
929 3527 982 3575 p.
1021 3511 1124 3561 246
1158 3527 1304 3577 seq.,
1363 3512 1456 3562 ubi

367 3592 468 3627 nec
517 3581 763 3628 nostrum
809 3577 987 3630 locum
1023 3579 1331 3645 neglectum
1378 3581 1461 3631 in-

367 3662 575 3699 venies.

436 3741 514 3809 ὡς
564 3741 831 3810 ἐπάϊστος
884 3744 1119 3818 ἐγένετο]
1185 3753 1223 3804 i.
1272 3769 1320 3804 e.
1379 3754 1463 3802 ubi

365 3829 660 3885 compertum
695 3832 798 3883 est,
830 3838 950 3873 eum
974 3821 1330 3889 (Menelaum)
1355 3821 1458 3872 hoc

367 3896 729 3956 perpetrasse.
767 3894 851 3943 De
871 3908 1008 3944 voce
1023 3883 1287 3949 ἐπάϊστος
1309 3891 1460 3943 conf.-

367 3961 626 4011 Nostrum
650 3963 758 4024 111,
798 3963 882 4013 15.
922 3964 1018 4025 VI,
1044 3964 1130 4011 74.
1170 3962 1297 4023 VII,
1336 3961 1454 4013 146.

366 4029 520 4093 VIII,
547 4032 664 4083 128.
707 4031 905 4084 Glossa
922 4031 1238 4082 Herodotea
1258 4030 1328 4081 ad
1349 4031 1453 4093 ΙΙΙ,

370 4100 433 4150 15
460 4100 696 4165 explicat
728 4093 1060 4165 φανερός.
1102 4100 1263 4152 Conf.
1292 4102 1454 4150 ctiam

362 4170 624 4221 Antonin.
666 4171 851 4222 Liber.
874 4171 960 4222 34.
988 4187 1041 4235 p.
1068 4171 1135 4218 45
1165 4169 1250 4221 ed.
1278 4170 1451 4232 Koch,

365 4239 592 4304 Gregor.
643 4241 888 4292 Corinth.
937 4240 1001 4290 de
1051 4238 1273 4290 dialect.
1325 4255 1450 4304 pag.

364 4308 467 4359 530
501 4324 617 4373 seq.
1051 4318 1058 4326 ‘

431 4384 522 4444 ἐπὶ
559 4388 799 4461 Λιβύης]
839 4396 874 4445 i.
916 4411 961 4445 e.
1013 4368 1223 4460 hibbam
1256 4410 1450 4455 versus,

1564 1353 1667 1388 usu
1703 1339 1840 1389 satis
1874 1342 2030 1401 noto,
2077 1338 2145 1389 de
2182 1353 2290 1403 quo
2327 1338 2436 1387 iam
2482 1337 2653 1388 moni-

1565 1414 1700 1458 tum.
1785 1410 1861 1458 Et
1910 1408 2126 1458 firmant
2172 1407 2311 1457 hauc
2364 1407 2651 1458 lectionem

1562 1477 1686 1527 libri
1733 1492 1948 1540 omnes,
1996 1478 2104 1527 nisi
2154 1478 2297 1541 quod
2348 1477 2490 1541 apud
2528 1476 2655 1527 Plu·

1562 1547 1737 1597 tarch.
1770 1546 1808 1597 l.
1834 1547 1868 1596 1.
1896 1553 2078 1598 exstat
2113 1540 2241 1597 ἰθὺ
2275 1538 2382 1596 ἐπὶ
2415 1540 2650 1613 Λιβύης,

1563 1617 1706 1667 unde
1724 1615 2118 1667 Valckenarius
2143 1618 2198 1666 in
2216 1618 2495 1667 Herodoto
2525 1611 2549 1665 l
2559 1612 2650 1665 θὺ

1563 1679 1779 1751 Λιβύης
1834 1685 2122 1751 legendum
2179 1687 2413 1736 censuit.
2498 1686 2652 1747 Quae

1560 1755 1725 1805 lectio
1769 1756 1888 1805 sine
1934 1755 2047 1806 ulla
2083 1771 2254 1807 causa
2302 1773 2337 1806 a
2368 1756 2559 1806 Reizio
2596 1762 2652 1805 et

1563 1825 1855 1875 Schaefero
1884 1834 2106 1891 recepta
2143 1831 2245 1876 est.
2276 1826 2459 1901 „Confi
2486 1825 2650 1875 etiam

1562 1895 1795 1944 Bredov.
1826 1910 1880 1958 p.
1919 1895 2032 1945 114.
2105 1896 2234 1945 Mox
2270 1909 2412 1944 οκου
2451 1896 2651 1945 Noster

1563 1964 1811 2028 scripsit,
1846 1963 1941 2014 ubi
1967 1965 2327 2029 exspectabas
2360 1954 2515 2025 ὄκοις
2552 1963 2649 2013 sed

1565 2033 1675 2084 vid.
1696 2032 1969 2085 Kuehner.
1992 2035 2085 2085 Gr.
2115 2036 2205 2085 Gr.
2242 2034 2290 2096 §-
2311 2036 2433 2085 622.
2462 2037 2575 2083 not.
2599 2034 2651 2082 2.

1563 2134 1636 2143 —-
1658 2103 1722 2152 Iu
1747 2102 1852 2152 fine
1876 2105 2076 2168 capitis
2104 2105 2175 2156 ad
2196 2097 2479 2170 ἱστορίῃσι
2506 2102 2652 2154 conf.

1566 2173 1640 2236 11,
1683 2173 1783 2223 118
1817 2174 1955 2239 iniq:
1989 2179 2105 2225 not.
2138 2164 2153 2179 '

1939 2347 2073 2399 Car.
2113 2347 2279 2400 CXX.

1633 2438 1737 2513 ἐγώ
1775 2443 1839 2499 δὲ
1875 2446 1954 2516 τῷ
1989 2440 2134 2516 λόγῳ
2170 2446 2249 2516 τῷ
2274 2445 2403 2516 περὶ
2422 2440 2654 2514 Ἑλένης

1561 2512 1818 2582 λεχθέντι
1856 2535 1906 2568 κ.
1935 2534 1983 2568 τ.
2017 2517 2090 2584 λ.]
2132 2519 2288 2571 Cons.
2330 2535 2495 2584 supra
2523 2520 2567 2581 1,
2598 2520 2648 2569 3.

1561 2588 1664 2637 Est
1702 2603 1831 2637 vero
1883 2588 2264 2652 gravissimum
2314 2588 2473 2638 huius
2509 2589 2653 2652 capi-

1561 2657 1632 2705 tis
1682 2664 2061 2722 argumentum
2118 2656 2261 2706 binis
2323 2658 2390 2706 de
2442 2660 2648 2707 causis:

1559 2730 1675 2775 tum
1699 2726 1844 2791 quod
1880 2726 2095 2791 insigne
2120 2725 2387 2776 Herodoti
2414 2726 2651 2775 studium

1561 2796 1738 2861 aperit
1781 2796 1898 2845 veri
1946 2795 2280 2859 reperiundi,
2330 2802 2443 2846 tum
2486 2796 2651 2861 quod,

1562 2881 1721 2930 quam
1761 2865 1878 2931 ipse
1923 2864 2187 2915 historiae
2222 2870 2378 2931 pater
2414 2866 2651 2915 Homero

1562 2940 1618 2985 et
1667 2935 1889 3000 cyclicis
1948 2936 2123 3000 poetis
2174 2934 2333 2986 fidem
2380 2936 2652 2998 tribuerit,

1562 3006 1776 3070 egregie
1802 3004 2082 3056 declarare
2109 3005 2342 3057 videtur.
2402 3006 2480 3056 Ut
2512 3006 2654 3056 enim

1561 3090 1903 3142 nequaquam
1939 3091 2036 3141 pro
2063 3078 2206 3126 veris
2245 3077 2453 3139 habuit,
2492 3091 2655 3141 quae-

1562 3160 1774 3211 cunque
1811 3145 1891 3195 illi
1938 3152 2134 3211 poetae
2180 3148 2521 3209 cecinerant,
2573 3146 2654 3195 ita

1560 3231 1659 3265 nec
1699 3232 1910 3266 omnem
1951 3215 2212 3266 historiae
2248 3216 2407 3267 fidem
2458 3216 2524 3264 iis
2562 3216 2652 3265 de-

1559 3299 1760 3349 negare
1812 3285 2006 3335 voluit.
2088 3285 2247 3348 Quod
2305 3302 2436 3335 vero
2478 3283 2649 3334 Dalil-

1558 3369 1789 3405 mannus
1811 3355 2044 3417 (Herod.
2072 3370 2124 3419 p.
2156 3354 2283 3419 101)
2309 3354 2649 3404 Herodotum

1558 3423 1875 3487 pronuntiat
1936 3425 2002 3473 de
2059 3423 2221 3473 rebus
2267 3422 2519 3472 Troianis
2577 3420 2652 3471 nil

1561 3492 1673 3542 fere
1732 3496 1945 3558 praeter
2001 3492 2175 3557 ipsam
2223 3490 2423 3542 Troiae
2491 3506 2653 3554 expu-

1560 3562 1875 3626 gnationem
1912 3561 2210 3611 credidisse
2244 3574 2537 3625 verumque
2558 3559 2651 3609 ha-

1562 3629 1764 3693 buisse,
1803 3630 1858 3678 id
1885 3628 2029 3679 unde
2061 3631 2381 3694 cognoverit
2416 3629 2525 3691 ille,
2563 3645 2652 3678 ne-

1564 3700 1677 3749 scio
1717 3699 1984 3765 equidem.
2039 3699 2277 3749 Dubiam
2313 3700 2493 3764 potius
2537 3697 2653 3749 illo-

1563 3784 1678 3818 rum
1704 3773 1985 3834 poetarum
2007 3766 2165 3817 fidem
2177 3768 2459 3819 Herodoto
2477 3768 2651 3818 visam

1563 3838 1762 3901 fuisse,
1800 3839 1847 3887 si
1886 3837 1956 3888 ad
1994 3836 2277 3891 historiam
2315 3854 2408 3889 eos
2434 3852 2654 3889 revoca-

1561 3908 1736 3971 veris,
1787 3906 2044 3972 colligere
2078 3906 2208 3956 mihi
2249 3923 2414 3975 posse
2464 3907 2651 3958 videor

1560 3993 1627 4027 ex
1661 3978 1870 4028 verbis:
1911 3971 1965 4025 εἰ
2001 3968 2111 4041 χρή
2144 3992 2197 4025 τι
2233 3978 2382 4026 τοῖσι
2420 3969 2652 4026 ἐποποι-

1561 4049 1677 4095 οῖσι
1714 4040 2040 4111 χρεώμενον
2075 4036 2285 4110 λέγειν,
2330 4046 2424 4096 ubi
2452 4047 2651 4097 Home-

1558 4131 1674 4166 rum
1724 4121 1779 4165 et
1825 4115 2146 4181 Cypriorum
2201 4120 2368 4181 atque
2417 4114 2650 4180 cyclieo-

1556 4201 1675 4234 rum
1711 4186 2007 4235 carminum
2043 4191 2295 4235 auctores
2336 4200 2458 4235 eum
2493 4185 2650 4235 intel·

1554 4254 1756 4304 lexisse
1793 4254 2030 4304 credam.
2067 4285 2137 4294 —
2183 4254 2265 4305 Ad
2304 4254 2511 4320 reliqua
2549 4256 2646 4309 Cr.

1553 4324 1792 4374 conferri
1828 4323 1945 4374 vult
1978 4324 2169 4374 Tzetz.
2210 4325 2266 4373 in
2301 4323 2648 4389 Lycophron.

1553 4409 1638 4444 vs.
1680 4392 1785 4445 820
1821 4407 1937 4459 seq.
1979 4408 2033 4457 p.
2070 4393 2175 4444 810
2212 4391 2296 4444 ed.
2325 4391 2579 4443 Mueller.
