3109 5092
355 1795 429 1854 41

463 367 545 431 86
1336 360 1882 423 HERODOTI

363 555 445 617 39
461 549 741 633 γίζομαι.
815 496 1189 629 Ἀμείρεται
1233 532 1270 607 ὃ
1297 545 1570 627 νεηνίης
1595 543 1820 607 τοῖσδε
1841 557 1855 572 ·

1911 534 2301 625 Συγγνώμη
2323 536 2479 626 μὲν,
2524 529 2578 607 ὦ
2611 537 2737 609 πά-

457 675 610 738 τερ,
648 647 784 730 τοὶ,
841 643 1062 713 ίδόντί
1096 670 1172 730 γε
1212 639 1374 725 ὄψιν
1410 641 1764 730 τοιαύτην,
1820 643 1974 728 περὶ
2013 640 2125 730 ἐμὲ
2163 640 2479 730 φυλακὴν
2527 647 2736 729 ἔχειν·

456 748 532 820 τὸ
578 750 653 818 δὲ
694 746 778 819 οὐ
816 746 1220 837 μανθάνεις,
1260 743 1429 816 ἀλλὰ
1471 747 1723 834 λέληθέ
1761 765 1837 815 σε
1875 742 1950 815 τὸ
1988 742 2289 836 ὄνειρον,
2332 747 2451 833 ἐμέ
2489 771 2588 814 τοι
2634 752 2737 815 δί-

456 852 651 923 καιόν
690 855 826 922 ἐστι
868 850 1165 939 φράζειν.
1236 849 1369 940 φῄς
1412 877 1513 921 τοι
1550 848 1627 919 τὸ
1666 847 1933 939 ὄνειρον
1971 844 2105 918 ὑπὸ
2148 852 2385 936 αἰχμῆς
2426 854 2740 938 σιδηρέης

456 956 665 1046 φάναι
695 955 809 1045 ἐμὲ
847 954 1305 1043 τελευτήσειν·
1364 949 1482 1036 ὑὸς
1524 954 1600 1023 δὲ
1627 967 1805 1022 κοῖαι
1846 955 1973 1041 μέν
2015 959 2142 1022 εἰσι
2176 968 2424 1040 χεῖρες,
2472 960 2622 1042 κοίη
2662 954 2738 1022 δὲ

454 1058 657 1150 αἰχμὴ
699 1061 1008 1146 σιδηρέη,
1066 1055 1150 1147 ἣν
1191 1056 1278 1127 σύ
1319 1061 1633 1147 φοβέεαι;
1697 1063 1760 1126 εί
1801 1056 1927 1145 μὲν
1971 1054 2098 1144 γὰρ
2138 1051 2274 1126 ὑπὸ
2314 1053 2586 1138 ὀδόντος
2637 1084 2738 1126 τοι

455 1164 601 1233 εἶπε
646 1162 1073 1250 τελευτήσειν
1112 1188 1229 1251 με,
1292 1156 1332 1249 ἢ
1374 1160 1586 1230 ἄλλου
1629 1188 1784 1243 τευ,
1832 1157 1870 1229 5
1920 1188 1984 1228 τι
2036 1160 2252 1252 τούτῳ
2304 1165 2515 1245 ἔοικε,
2569 1166 2739 1250 χρῆν

453 1267 540 1356 δή
581 1287 656 1336 σε
697 1269 951 1335 ποιέειν
991 1264 1073 1334 τὰ
1112 1266 1387 1343 ποιέεις·
1434 1269 1568 1335 νῦν
1612 1264 1687 1333 δὲ
1727 1259 1862 1333 ὑπὸ
1903 1269 2160 1352 αἰχμῆς.
2217 1265 2370 1332 ἐπεί
2403 1290 2474 1332 τε
2517 1292 2615 1333 ων
2651 1262 2736 1333 οὐ

359 1381 440 1440 40
458 1368 623 1458 πρὸς
650 1366 902 1457 ανδρας
928 1365 1090 1457 ἡμῖν
1121 1364 1440 1456 γίνεται’
1405 1397 1446 1456 η
1476 1368 1650 1457 μάχη
1671 1419 1688 1452 ,
1733 1369 1923 1457 μέτες
1949 1395 2051 1456 με.
2120 1365 2496 1455 Ἀμείβεται
2525 1375 2732 1457 Κροῖ-

451 1493 598 1551 σος·
642 1464 723 1540 Ω
768 1487 923 1553 παῖ,
971 1478 1111 1540 ἔστι
1150 1477 1233 1559 τῇ
1271 1499 1351 1560 με
1392 1477 1615 1555 νικᾶς,
1669 1470 1947 1559 γνώμην
1986 1467 2387 1558 ἀποφαίνων
2432 1473 2584 1559 περὶ
2615 1477 2737 1541 τοῦ

453 1579 801 1645 ἐνυπνίου.
863 1569 953 1654 ὥς
983 1565 1079 1643 ὧν
1118 1577 1552 1664 νενικημένος
1594 1569 1727 1643 ὑπὸ
1754 1577 1867 1643 σέο
1911 1572 2422 1663 μεταγινώσκω,
2467 1582 2744 1664 μετίημί

452 1706 523 1748 τε
564 1699 640 1748 σε
682 1680 855 1747 ἰέναι
896 1680 1005 1746 ἐπὶ
1042 1675 1167 1766 τὴν
1206 1675 1443 1768 ἄγρην.

610 1790 827 1862 Εἴπας
897 1780 973 1849 δὲ
1041 1787 1250 1850 ταῦτα
1319 1778 1355 1850 ὁ
1411 1790 1699 1871 Κροῖσος
1764 1782 2256 1870 μεταπέμπεται
2324 1779 2443 1849 τὸν
2497 1780 2737 1869 Φρύγα

437 1883 843 1975 Ἄδρηστον,
899 1881 1283 1980 ἀπικομένῳ
1330 1887 1409 1955 δέ
1456 1888 1526 1954 οἰ
1565 1887 1744 1971 λέγει
1787 1883 1980 1953 τάδε·

782 2050 915 2101 cir.
950 2052 1204 2103 XXXIX.

515 2143 655 2200 ἀλλὰ
687 2150 892 2217 λέληθέ
930 2166 988 2203 σε
1036 2146 1100 2202 τὸ
1137 2143 1390 2219 ὄνειρον]
1443 2154 1539 2203 Of-

446 2220 622 2271 fendit
656 2222 854 2273 vocula
888 2215 951 2272 τὸ
989 2213 1246 2287 ὄνειρον,
1288 2224 1537 2273 omnibus

445 2295 628 2341 tamen
677 2306 710 2340 a
761 2292 912 2342 libris
969 2297 1199 2343 retenta.
1284 2293 1532 2357 Schwgh.

447 2360 684 2426 explicat
713 2355 857 2410 κατὰ
886 2353 949 2410 τὸ
978 2352 1221 2424 ὄνειρον,
1249 2367 1362 2441 aut,
1393 2362 1537 2426 quod

446 2431 619 2494 inagis
646 2430 750 2507 ipsi
788 2430 1018 2492 arridet,
1060 2426 1155 2480 καὶ
1190 2423 1332 2480 κατὰ
1369 2428 1432 2480 τὸ
1475 2430 1534 2496 (i.

442 2516 488 2550 o.
540 2497 682 2548 καθ’
721 2489 775 2566 ὃ)
824 2493 1034 2563 λέληθέ
1070 2512 1130 2547 σε
1173 2492 1237 2548 τὸ
1287 2490 1536 2565 ὄνειρον.

442 2567 601 2619 Illam
635 2572 821 2619 tamen
866 2570 1134 2618 rationem
1174 2569 1231 2618 in
1278 2569 1539 2635 interpre-

440 2639 650 2689 tatione
684 2639 857 2688 latina
886 2644 1107 2688 secutus
1147 2654 1266 2688 esse
1301 2639 1535 2701 videtur,

439 2709 534 2758 ubi
571 2708 650 2758 sic
686 2708 948 2771 legimus:
987 2709 1222 2772 „quodve
1258 2709 1443 2759 oblitus
1481 2725 1537 2759 es

436 2778 530 2827 hoc
564 2778 615 2826 in
641 2777 890 2829 sonmi0.“
936 2777 1047 2827 Sed
1073 2782 1320 2841 praestat
1356 2794 1423 2829 ea
1450 2794 1536 2827 ra-

438 2846 546 2908 tio,
587 2861 713 2910 qua,
750 2846 982 2895 docente
1017 2847 1289 2897 Matthiae
1325 2851 1376 2911 §-
1409 2848 1534 2898 476.

437 2932 492 2979 p.
533 2914 665 2975 891,
731 2915 965 2965 relativo
1002 2916 1311 2978 pronomini
1358 2918 1536 2980 ipsum

437 2998 635 3032 nomen
671 2982 886 3033 adiecto
924 2983 1184 3044 articulo,
1239 2986 1536 3048 appositio-

438 3052 523 3100 nis
552 3053 710 3116 quasi
744 3052 885 3114 loco,
919 3052 1176 3115 postponi
1205 3057 1532 3103 statuamus.

338 3170 345 3175 ,
438 3121 506 3171 Id
541 3121 694 3200 quod
723 3125 1014 3201 perspectu
1052 3120 1268 3171 facilius
1306 3123 1438 3183 erit,
1488 3124 1534 3171 si

437 3205 602 3239 voces
638 3182 702 3239 τὸ
743 3180 978 3252 ὄνειρον
1016 3189 1464 3241 distinctionibus
1502 3208 1536 3241 a

436 3258 661 3324 reliquis
698 3258 880 3308 verbis
915 3257 1186 3321 secludes,
1224 3266 1287 3310 ut
1321 3276 1419 3311 eae
1443 3276 1535 3310 ex-

436 3328 680 3394 plicandi
735 3343 904 3378 causa
940 3328 1220 3393 appositas
1259 3346 1376 3382 esse
1424 3346 1534 3380 ma-

437 3400 521 3465 gis
560 3403 844 3464 appareat.
901 3398 1106 3448 Sensus
1143 3404 1250 3448 est·
1289 3400 1466 3465 „quod
1485 3408 1534 3450 te

435 3472 588 3529 latet,
629 3472 864 3519 somnium
898 3469 1088 3518 scilicet
1120 3469 1295 3518 istudf
1281 3437 1324 3495 ‘⁹⁹‘
1387 3469 1533 3519 Hinc

437 3537 570 3587 nihil
608 3538 953 3588 tribuendum
979 3538 1317 3603 quorundam
1353 3538 1532 3589 conie-

438 3611 655 3658 cturae:
692 3606 796 3655 τοῦ
836 3598 1084 3671 ὀνει’.ρου

482 3682 578 3772 ἣν
616 3685 684 3742 σύ
725 3687 982 3759 φοβέεαι]
1022 3694 1130 3743 Pro
1156 3680 1230 3756 ἣν
1266 3708 1377 3743 rec.
1403 3693 1526 3743 edd.

433 3755 568 3826 τὴν,
604 3763 827 3812 iubente
864 3763 1063 3813 Struve
1099 3761 1259 3826 Spec.
1297 3763 1524 3824 Quaest.

431 3832 564 3880 Her.
602 3831 647 3881 Ι.
675 3846 729 3895 p.
755 3830 843 3882 23.
899 3825 1133 3896 φοβέεαι
1171 3831 1379 3880 monitu
1398 3833 1527 3882 Bre-

433 3899 582 3949 dovii
639 3915 694 3963 p.
761 3900 863 3950 325
922 3900 1138 3979 repqsui
1202 3915 1324 3949 cum
1383 3916 1524 3951 recc.

434 3967 557 4018 edd.
596 3983 693 4031 pro
730 3968 878 4033 vulg.
909 3961 1135 4033 φοβέαι.
1210 3968 1296 4018 cf.
1327 3969 1522 4031 1,206.

433 4037 542 4100 Qui
577 4036 719 4086 idem
754 4037 989 4088 BredoV.
1025 4053 1078 4101 p.
1108 4035 1208 4087 195
1242 4054 1339 4103 pro
1378 4033 1525 4087 ἔοικε

429 4106 647 4157 restitui
673 4106 793 4155 vult
817 4098 965 4167 οἶκε,
1005 4107 1205 4172 quippe
1228 4123 1389 4172 quam
1415 4108 1523 4157 for

431 4191 572 4225 mam
610 4191 772 4225 unam
810 4177 878 4226 ab
905 4144 1186 4226 Herodoto
1225 4176 1524 4226 adhibitam

431 4260 553 4295 esse
588 4245 724 4295 vult.
788 4246 1058 4311 Equidem
1080 4246 1249 4296 libros
1289 4246 1521 4310 scriptos

429 4329 646 4379 sequor.

388 4446 405 4461 ,
498 4396 675 4467 χρῆν
710 4392 785 4465 δή
834 4414 893 4452 σε
931 4394 1172 4467 ποιέειν]
1217 4401 1303 4450 De
1341 4398 1520 4468 ellipsi

2047 1880 2378 1972 ’Ἄδρηστε
2396 1936 2415 1969 ,
2472 1885 2604 1972 ἐγω
2659 1907 2735 1955 σε

1645 2051 1946 2117 particulae
1979 2039 2052 2100 ἂν
2097 2050 2287 2100 laudat
2321 2052 2415 2101 Cr.
2457 2052 2736 2103 Schaeferi

1645 2122 1856 2172 Melett.
1907 2121 2113 2171 criticc.
2161 2136 2215 2186 p.
2267 2120 2367 2171 130
2415 2126 2470 2171 et
2514 2123 2732 2173 Dissen.

1644 2192 1920 2255 Disquiss.
1943 2190 2096 2255 phill.
2125 2206 2177 2254 p.
2208 2190 2290 2240 12.
2329 2192 2619 2242 Rationem
2638 2192 2738 2242 hu-

1645 2262 1728 2309 ius
1752 2277 1883 2310 usus
1910 2261 2161 2324 exposuit
2180 2259 2496 2310 Baenmlein
2517 2261 2733 2313 Griech.

1644 2330 1790 2379 Mod.
1832 2346 1886 2395 p.
1919 2331 2297 2393 144·ite.mque
2341 2330 2599 2380 Kuehner
2637 2332 2730 2382 Gr.

1644 2399 1736 2450 Gr.
1775 2398 1826 2460 ᾖ.
1863 2398 1984 2460 821,
2023 2397 2075 2449 3.
2111 2399 2212 2449 hoc
2245 2399 2363 2462 ipso
2392 2398 2513 2449 loco
2545 2400 2733 2463 allato,

1645 2484 1802 2532 quein
1831 2469 2029 2518 Latine
2064 2469 2145 2517 sic
2168 2468 2430 2518 reddidit:
2471 2471 2738 2531 oportebat

1643 2545 1691 2587 te
1736 2537 1827 2587 hoc
1868 2538 2065 2601 facere.
2140 2538 2262 2587 Vim
2307 2538 2610 2602 particulae
2659 2533 2734 2604 δὴ

1643 2607 1698 2657 ἰιι
1720 2607 1823 2656 hac
1862 2606 2132 2656 sententia
2158 2606 2460 2656 declaravit
2479 2608 2735 2677 Hartung

1642 2676 1805 2728 Lehr.
1844 2676 1897 2727 d.
1936 2675 2148 2726 Partik.
2187 2677 2237 2727 Ι.
2271 2692 2325 2740 p.
2365 2675 2486 2727 258.

2026 2848 2160 2899 Cir.
2198 2849 2349 2902 XLI.

1655 2940 1814 3029 ἐγώ
1873 2963 1934 2999 σε
2002 2949 2272 3037 συμφορῇ
2332 2949 2733 3033 πεπληγμένον

1638 3008 1838 3081 ἄχαρι,
1876 3011 1984 3082 τήν
2019 3034 2110 3068 τοι
2148 3016 2255 3069 οὐκ
2276 3012 2561 3085 ὀνειδιᾝζω
2602 3014 2731 3072 ἔκα-

1639 3084 1822 3151 θηρα]
1871 3088 1962 3138 Sic
2002 3088 2267 3140 edidimus
2317 3108 2438 3142 cum
2474 3092 2728 3173 Schwgh.

1641 3159 1696 3205 et
1731 3156 1909 3207 Gaisf.
1951 3159 2158 3223 Vulgo·
2196 3151 2478 3241 ἄχαρίτην
2510 3177 2601 3211 τοι
2623 3154 2730 3211 οὐκ

1638 3239 1690 3273 κ.
1730 3240 1777 3274 τ.
1816 3225 1861 3275 λ.
1901 3232 1956 3276 et
1990 3228 2047 3276 in
2085 3228 2312 3279 Aldina·
2348 3221 2526 3295 ἄχαρί
2553 3230 2614 3280 τί
2639 3245 2729 3279 τοι

1639 3284 1745 3342 οὐκ
1792 3285 2111 3356 ὀνειδίζων,
2174 3300 2332 3379 quod
2366 3301 2474 3349 iam
2515 3301 2731 3350 Wesse-

1636 3363 1771 3444 ling·
1807 3370 2115 3415 mutaverat
2144 3367 2200 3416 in
2222 3359 2472 3432 ἆχᾶριτι,
2511 3363 2617 3433 τήν
2639 3384 2730 3418 τοι

1637 3424 1744 3481 οὐκ
1788 3424 2078 3497 ὀνειδίζω,
2123 3437 2483 3499 praecedente
2530 3438 2730 3490 Geino-

1637 3503 1750 3581 sic,
1818 3505 1912 3568 qui
1981 3509 2165 3554 tamen
2236 3507 2399 3556 scribi
2460 3508 2730 3558 maluerat

1635 3561 1871 3636 ἄχαρις
1911 3574 2055 3638 quod
2079 3588 2147 3623 an
2176 3574 2363 3626 dativo
2393 3592 2523 3626 casu
2549 3578 2728 3643 accipi

1635 3646 1828 3705 queat,
1865 3643 1983 3693 iure
2018 3642 2369 3695 dubitaverat
2364 3646 2724 3727 Wesseling.

1630 3710 1772 3759 Nam
1808 3712 2150 3762 scribendum
2193 3719 2312 3764 erat
2348 3706 2541 3779 ἀχάρι,
2581 3717 2726 3781 quod

1631 3780 1807 3843 ipsum
1855 3781 1962 3830 duo
2008 3782 2132 3831 libri
2187 3785 2473 3864 praebent3
2529 3785 2724 3850 reliqui

1629 3845 1816 3912 ἄχαρι.
1889 3852 1992 3901 Est
2025 3867 2154 3902 vero
2190 3844 2360 3917 ἀχάρι
2393 3854 2611 3904 dativus
2637 3857 2724 3905 10-

1630 3933 1756 3967 num
1795 3933 1860 3968 ex
1896 3936 2069 3983 more,
2121 3921 2405 3972 Herodoto
2450 3923 2598 3974 haud
2644 3925 2724 3974 in-

1631 3988 1915 4052 frequens,
1973 3991 2127 4039 cuius
2181 3989 2332 4041 locos
2392 3993 2547 4043 dabit
2593 3994 2723 4044 Bre-

1630 4057 1754 4107 ᾶον.
1794 4074 1848 4121 p.
1875 4059 1978 4110 266
2002 4075 2186 4124 seqq„
2227 4061 2321 4126 qui
2350 4062 2465 4127 ipse
2489 4062 2570 4128 (p.
2594 4063 2719 4129 269)

1630 4127 1857 4176 rescribi
1906 4127 2024 4177 vult
2071 4126 2324 4194 ἀχάριτα..
2386 4132 2528 4197 quod
2571 4132 2721 4182 dedit

1627 4195 1875 4246 Dietsch.
1959 4198 2227 4276 Equidem
2286 4216 2408 4250 cum
2463 4202 2717 4253 Dindorf.

1625 4265 1825 4315 retinui
1884 4255 2073 4331 ἀχάρι.
2170 4269 2567 4320 Valckenarius
2637 4271 2719 4320 sic

1627 4336 1889 4399 scriptum
1932 4352 2054 4386 esse
2089 4338 2458 4389 iudicaverat.
2514 4329 2620 4402 ἐγώ
2656 4334 2718 4388 σε

1626 4402 1894 4471 συμφορῇ
1931 4405 2330 4473 πεπληγμένον
2374 4399 2713 4475 ἆχαρίτῳ,
