<?xml version="1.0" encoding="UTF-8"?>
<!DOCTYPE html PUBLIC "-//W3C//DTD XHTML 1.0 Transitional//EN"
    "http://www.w3.org/TR/xhtml1/DTD/xhtml1-transitional.dtd">
<html xmlns="http://www.w3.org/1999/xhtml" xml:lang="en" lang="en">
 <head>
  <title>
</title>
<meta http-equiv="Content-Type" content="text/html;charset=utf-8" />
  <meta name='ocr-system' content='tesseract 3.04.00' />
  <meta name='ocr-capabilities' content='ocr_page ocr_carea ocr_par ocr_line ocrx_word'/>
</head>
<body>
  <div class='ocr_page' id='page_1' title='image "./herodotihalicar02unkngoog_0210.png"; bbox 0 0 3109 5092; ppageno 0'>
   <div class='ocr_carea' id='block_1_1' title="bbox 478 351 600 413">
    <p class='ocr_par' dir='ltr' id='par_1_1' title="bbox 478 351 600 413">
     <span class='ocr_line' id='line_1_1' title="bbox 478 351 600 413; baseline -0.016 0"><span class='ocrx_word' id='word_1_1' title='bbox 478 351 600 413; x_wconf 82' lang='lat'><strong>190</strong></span> 
     </span>
    </p>
   </div>
   <div class='ocr_carea' id='block_1_2' title="bbox 1349 348 1899 411">
    <p class='ocr_par' dir='ltr' id='par_1_2' title="bbox 1349 348 1899 411">
     <span class='ocr_line' id='line_1_2' title="bbox 1349 348 1899 411; baseline -0.004 0"><span class='ocrx_word' id='word_1_2' title='bbox 1349 348 1899 411; x_wconf 83' lang='lat' dir='ltr'><strong>HERODOTI</strong></span> 
     </span>
    </p>
   </div>
   <div class='ocr_carea' id='block_1_3' title="bbox 469 519 2757 721">
    <p class='ocr_par' dir='ltr' id='par_1_3' title="bbox 469 519 2757 721">
     <span class='ocr_line' id='line_1_3' title="bbox 469 519 2757 624; baseline -0.004 -22"><span class='ocrx_word' id='word_1_3' title='bbox 469 533 617 624; x_wconf 76' lang='grc' dir='ltr'><strong>θεῷ</strong></span> <span class='ocrx_word' id='word_1_4' title='bbox 664 526 1045 618; x_wconf 77' lang='grc' dir='ltr'><strong><em>εἰρημένον,</em></strong></span> <span class='ocrx_word' id='word_1_5' title='bbox 1112 522 1188 595; x_wconf 80' lang='grc' dir='ltr'><strong><em>τὰ</em></strong></span> <span class='ocrx_word' id='word_1_6' title='bbox 1232 528 1489 613; x_wconf 80' lang='grc' dir='ltr'><em>μηδένα</em></span> <span class='ocrx_word' id='word_1_7' title='bbox 1539 524 1714 594; x_wconf 83' lang='grc' dir='ltr'><strong><em>εἶναι</em></strong></span> <span class='ocrx_word' id='word_1_8' title='bbox 1768 529 1906 593; x_wconf 75' lang='grc' dir='ltr'><strong>τῶν</strong></span> <span class='ocrx_word' id='word_1_9' title='bbox 1953 520 2261 607; x_wconf 78' lang='grc' dir='ltr'><strong>ζωόντων</strong></span> <span class='ocrx_word' id='word_1_10' title='bbox 2322 519 2574 611; x_wconf 79' lang='grc' dir='ltr'><strong><em>ὄλβιον.</em></strong></span> <span class='ocrx_word' id='word_1_11' title='bbox 2667 520 2757 605; x_wconf 73' lang='grc' dir='ltr'><strong>ὡς</strong></span> 
     </span>
     <span class='ocr_line' id='line_1_4' title="bbox 473 624 2751 721; baseline -0.002 -21"><span class='ocrx_word' id='word_1_12' title='bbox 473 636 550 705; x_wconf 76' lang='grc' dir='ltr'><strong>δὲ</strong></span> <span class='ocrx_word' id='word_1_13' title='bbox 585 630 716 721; x_wconf 77' lang='grc' dir='ltr'><strong>ἄρα</strong></span> <span class='ocrx_word' id='word_1_14' title='bbox 764 656 882 718; x_wconf 89' lang='grc' dir='ltr'><strong>μιν</strong></span> <span class='ocrx_word' id='word_1_15' title='bbox 932 632 1299 718; x_wconf 76' lang='grc' dir='ltr'><strong><em>προστῆναι</em></strong></span> <span class='ocrx_word' id='word_1_16' title='bbox 1337 634 1569 715; x_wconf 83' lang='grc' dir='ltr'><strong><em>τοῦτο,</em></strong></span> <span class='ocrx_word' id='word_1_17' title='bbox 1631 625 2159 716; x_wconf 79' lang='grc' dir='ltr'><strong><em>ἀνενεικάμενόν</em></strong></span> <span class='ocrx_word' id='word_1_18' title='bbox 2202 654 2274 696; x_wconf 89' lang='grc' dir='ltr'><strong><em>τε</em></strong></span> <span class='ocrx_word' id='word_1_19' title='bbox 2321 628 2433 697; x_wconf 78' lang='grc' dir='ltr'><strong>καὶ</strong></span> <span class='ocrx_word' id='word_1_20' title='bbox 2469 624 2751 697; x_wconf 79' lang='grc' dir='ltr'><strong><em>ἀναστε-</em></strong></span> 
     </span>
    </p>
   </div>
   <div class='ocr_carea' id='block_1_4' title="bbox 466 789 1567 1278">
    <p class='ocr_par' dir='ltr' id='par_1_4' title="bbox 467 789 1563 1074">
     <span class='ocr_line' id='line_1_5' title="bbox 472 789 1563 875; baseline -0.001 -27"><span class='ocrx_word' id='word_1_21' title='bbox 472 789 580 848; x_wconf 83' lang='grc' dir='ltr'><strong>σὺν</strong></span> <span class='ocrx_word' id='word_1_22' title='bbox 625 791 767 862; x_wconf 73' lang='grc' dir='ltr'><strong><em>θεῷ,</em></strong></span> <span class='ocrx_word' id='word_1_23' title='bbox 815 793 979 846; x_wconf 78' lang='lat' dir='ltr'><strong>divino</strong></span> <span class='ocrx_word' id='word_1_24' title='bbox 1035 798 1270 848; x_wconf 76' lang='lat' dir='ltr'><strong>instinctu</strong></span> <span class='ocrx_word' id='word_1_25' title='bbox 1330 806 1563 875; x_wconf 79' lang='lat' dir='ltr'><strong>nutuque.</strong></span> 
     </span>
     <span class='ocr_line' id='line_1_6' title="bbox 469 859 1567 932; baseline -0.003 -13"><span class='ocrx_word' id='word_1_26' title='bbox 469 870 554 919; x_wconf 92' lang='lat' dir='ltr'><strong>De</strong></span> <span class='ocrx_word' id='word_1_27' title='bbox 588 882 693 932; x_wconf 89' lang='lat' dir='ltr'><strong>quo</strong></span> <span class='ocrx_word' id='word_1_28' title='bbox 732 879 832 913; x_wconf 88' lang='lat' dir='ltr'><strong>usu</strong></span> <span class='ocrx_word' id='word_1_29' title='bbox 859 866 1281 930; x_wconf 75' lang='lat' dir='ltr'><strong>praepositionis</strong></span> <span class='ocrx_word' id='word_1_30' title='bbox 1320 859 1429 916; x_wconf 83' lang='grc' dir='ltr'><strong>σύν</strong></span> <span class='ocrx_word' id='word_1_31' title='bbox 1452 882 1567 916; x_wconf 89' lang='lat' dir='ltr'><strong>mo-</strong></span> 
     </span>
     <span class='ocr_line' id='line_1_7' title="bbox 468 934 1561 999; baseline -0.002 -11"><span class='ocrx_word' id='word_1_32' title='bbox 468 938 589 988; x_wconf 85' lang='lat' dir='ltr'><strong>nuit</strong></span> <span class='ocrx_word' id='word_1_33' title='bbox 641 934 885 986; x_wconf 76' lang='lat' dir='ltr'><strong>Fischer.</strong></span> <span class='ocrx_word' id='word_1_34' title='bbox 937 935 1008 985; x_wconf 86' lang='lat' dir='ltr'><strong>ad</strong></span> <span class='ocrx_word' id='word_1_35' title='bbox 1059 936 1281 987; x_wconf 85' lang='lat' dir='ltr'><strong>Weller.</strong></span> <span class='ocrx_word' id='word_1_36' title='bbox 1340 936 1456 999; x_wconf 92' lang='lat' dir='ltr'><strong>III,</strong></span> <span class='ocrx_word' id='word_1_37' title='bbox 1507 937 1561 988; x_wconf 91' lang='lat' dir='ltr'><strong>b.</strong></span> 
     </span>
     <span class='ocr_line' id='line_1_8' title="bbox 467 1004 1563 1074; baseline -0.003 -16"><span class='ocrx_word' id='word_1_38' title='bbox 467 1024 593 1074; x_wconf 88' lang='lat' dir='ltr'><strong>pag.</strong></span> <span class='ocrx_word' id='word_1_39' title='bbox 649 1006 746 1056; x_wconf 81' lang='lat'><strong>147</strong></span> <span class='ocrx_word' id='word_1_40' title='bbox 794 1004 904 1053; x_wconf 86' lang='lat' dir='ltr'><strong>alia</strong></span> <span class='ocrx_word' id='word_1_41' title='bbox 949 1004 1179 1056; x_wconf 85' lang='lat' dir='ltr'><strong>laudans</strong></span> <span class='ocrx_word' id='word_1_42' title='bbox 1226 1006 1563 1057; x_wconf 88' lang='lat' dir='ltr'><strong>Herodotea.</strong></span> 
     </span>
    </p>

    <p class='ocr_par' dir='ltr' id='par_1_5' title="bbox 466 1066 1561 1278">
     <span class='ocr_line' id='line_1_9' title="bbox 535 1066 1561 1142; baseline -0.001 -18"><span class='ocrx_word' id='word_1_43' title='bbox 535 1092 613 1142; x_wconf 86' lang='grc' dir='ltr'><strong>μη</strong></span> <span class='ocrx_word' id='word_1_44' title='bbox 578 1072 756 1140; x_wconf 82' lang='grc' dir='ltr'><strong><em>ηδένα</em></strong></span> <span class='ocrx_word' id='word_1_45' title='bbox 799 1067 947 1124; x_wconf 80' lang='grc' dir='ltr'><strong><em>εἶναι</em></strong></span> <span class='ocrx_word' id='word_1_46' title='bbox 1001 1073 1118 1124; x_wconf 78' lang='grc' dir='ltr'><strong>τῶν</strong></span> <span class='ocrx_word' id='word_1_47' title='bbox 1163 1067 1423 1135; x_wconf 77' lang='grc' dir='ltr'><strong><em>ζωόντων</em></strong></span> <span class='ocrx_word' id='word_1_48' title='bbox 1470 1066 1561 1124; x_wconf 75' lang='grc' dir='ltr'><strong>ὅλ-</strong></span> 
     </span>
     <span class='ocr_line' id='line_1_10' title="bbox 466 1135 1560 1214; baseline -0.002 -19"><span class='ocrx_word' id='word_1_49' title='bbox 466 1143 617 1214; x_wconf 86' lang='grc' dir='ltr'><strong><em>βιον]</em></strong></span> <span class='ocrx_word' id='word_1_50' title='bbox 667 1143 847 1209; x_wconf 84' lang='lat' dir='ltr'>Vulgo</span> <span class='ocrx_word' id='word_1_51' title='bbox 883 1135 1126 1210; x_wconf 74' lang='grc' dir='ltr'><strong><em>ζώντων,</em></strong></span> <span class='ocrx_word' id='word_1_52' title='bbox 1176 1144 1339 1210; x_wconf 89' lang='lat' dir='ltr'><strong>idque</strong></span> <span class='ocrx_word' id='word_1_53' title='bbox 1383 1146 1560 1210; x_wconf 85' lang='lat' dir='ltr'><strong>magis</strong></span> 
     </span>
     <span class='ocr_line' id='line_1_11' title="bbox 467 1212 1559 1278; baseline -0.003 -11"><span class='ocrx_word' id='word_1_54' title='bbox 467 1233 497 1266; x_wconf 88' lang='lat' dir='ltr'><strong>e</strong></span> <span class='ocrx_word' id='word_1_55' title='bbox 531 1215 801 1266; x_wconf 88' lang='lat' dir='ltr'><strong>communi</strong></span> <span class='ocrx_word' id='word_1_56' title='bbox 851 1213 1104 1265; x_wconf 89' lang='lat' dir='ltr'><strong>dialecto.</strong></span> <span class='ocrx_word' id='word_1_57' title='bbox 1153 1212 1445 1278; x_wconf 78' lang='grc' dir='ltr'><strong><em>ζωόντων,</em></strong></span> <span class='ocrx_word' id='word_1_58' title='bbox 1479 1219 1559 1264; x_wconf 88' lang='grc' dir='ltr'><strong><em>·ιιι</em></strong></span> 
     </span>
    </p>
   </div>
   <div class='ocr_carea' id='block_1_5' title="bbox 371 1283 1555 1351">
    <p class='ocr_par' dir='ltr' id='par_1_6' title="bbox 371 1283 1555 1351">
     <span class='ocr_line' id='line_1_12' title="bbox 371 1283 1555 1351; baseline -0.003 -14"><span class='ocrx_word' id='word_1_59' title='bbox 371 1304 384 1315; x_wconf 93' lang='grc'><em>·</em></span> <span class='ocrx_word' id='word_1_60' title='bbox 466 1286 643 1351; x_wconf 85' lang='lat' dir='ltr'><strong>magis</strong></span> <span class='ocrx_word' id='word_1_61' title='bbox 679 1284 940 1345; x_wconf 78' lang='lat' dir='ltr'><strong>Ionicum,</strong></span> <span class='ocrx_word' id='word_1_62' title='bbox 984 1284 1101 1334; x_wconf 89' lang='lat' dir='ltr'><strong>iure</strong></span> <span class='ocrx_word' id='word_1_63' title='bbox 1135 1299 1278 1336; x_wconf 89' lang='lat' dir='ltr'><strong>nunc</strong></span> <span class='ocrx_word' id='word_1_64' title='bbox 1323 1299 1353 1334; x_wconf 92' lang='lat' dir='ltr'><strong>e</strong></span> <span class='ocrx_word' id='word_1_65' title='bbox 1402 1283 1555 1334; x_wconf 88' lang='lat' dir='ltr'><strong>libris</strong></span> 
     </span>
    </p>
   </div>
   <div class='ocr_carea' id='block_1_6' title="bbox 457 1344 1558 3715">
    <p class='ocr_par' dir='ltr' id='par_1_7' title="bbox 457 1344 1558 3715">
     <span class='ocr_line' id='line_1_13' title="bbox 469 1344 1556 1412; baseline -0.001 -8"><span class='ocrx_word' id='word_1_66' title='bbox 469 1356 801 1405; x_wconf 88' lang='lat' dir='ltr'><strong>restitutum.</strong></span> <span class='ocrx_word' id='word_1_67' title='bbox 839 1352 991 1402; x_wconf 84' lang='lat' dir='ltr'><strong>Idem</strong></span> <span class='ocrx_word' id='word_1_68' title='bbox 1025 1344 1242 1412; x_wconf 78' lang='grc' dir='ltr'><strong><em>ζωόντα</em></strong></span> <span class='ocrx_word' id='word_1_69' title='bbox 1279 1353 1424 1403; x_wconf 85' lang='lat' dir='ltr'><strong>infra</strong></span> <span class='ocrx_word' id='word_1_70' title='bbox 1454 1354 1556 1403; x_wconf 90' lang='lat' dir='ltr'><strong>hoc</strong></span> 
     </span>
     <span class='ocr_line' id='line_1_14' title="bbox 468 1421 1555 1489; baseline 0 -16"><span class='ocrx_word' id='word_1_71' title='bbox 468 1427 589 1489; x_wconf 84' lang='lat' dir='ltr'><strong>ipso</strong></span> <span class='ocrx_word' id='word_1_72' title='bbox 625 1424 682 1472; x_wconf 92' lang='lat' dir='ltr'><strong>in</strong></span> <span class='ocrx_word' id='word_1_73' title='bbox 718 1422 898 1487; x_wconf 87' lang='lat' dir='ltr'><strong>capite</strong></span> <span class='ocrx_word' id='word_1_74' title='bbox 940 1421 1214 1487; x_wconf 77' lang='lat' dir='ltr'>dedimus,</span> <span class='ocrx_word' id='word_1_75' title='bbox 1260 1423 1356 1472; x_wconf 89' lang='lat' dir='ltr'><strong>ubi</strong></span> <span class='ocrx_word' id='word_1_76' title='bbox 1390 1423 1555 1488; x_wconf 78' lang='lat' dir='ltr'><strong>vulgo</strong></span> 
     </span>
     <span class='ocr_line' id='line_1_15' title="bbox 464 1491 1556 1557; baseline -0.001 -14"><span class='ocrx_word' id='word_1_77' title='bbox 464 1492 660 1554; x_wconf 78' lang='grc' dir='ltr'><strong><em>ζωντα.</em></strong></span> <span class='ocrx_word' id='word_1_78' title='bbox 698 1491 823 1542; x_wconf 82' lang='lat' dir='ltr'><strong>vid.</strong></span> <span class='ocrx_word' id='word_1_79' title='bbox 854 1492 1089 1543; x_wconf 80' lang='lat' dir='ltr'><strong>Bredov.</strong></span> <span class='ocrx_word' id='word_1_80' title='bbox 1125 1508 1180 1557; x_wconf 88' lang='lat' dir='ltr'><strong>p.</strong></span> <span class='ocrx_word' id='word_1_81' title='bbox 1221 1493 1339 1544; x_wconf 89' lang='grc'><strong>170.</strong></span> <span class='ocrx_word' id='word_1_82' title='bbox 1377 1521 1449 1532; x_wconf 84' lang='lat'><strong>-—</strong></span> <span class='ocrx_word' id='word_1_83' title='bbox 1471 1493 1556 1542; x_wconf 90' lang='lat' dir='ltr'><strong>Ad</strong></span> 
     </span>
     <span class='ocr_line' id='line_1_16' title="bbox 467 1560 1558 1627; baseline -0.001 -14"><span class='ocrx_word' id='word_1_84' title='bbox 467 1560 796 1613; x_wconf 88' lang='lat' dir='ltr'><strong>sententiam</strong></span> <span class='ocrx_word' id='word_1_85' title='bbox 819 1561 1097 1612; x_wconf 86' lang='lat' dir='ltr'><strong>commode</strong></span> <span class='ocrx_word' id='word_1_86' title='bbox 1126 1561 1357 1611; x_wconf 87' lang='lat' dir='ltr'><strong>laudant</strong></span> <span class='ocrx_word' id='word_1_87' title='bbox 1381 1563 1558 1627; x_wconf 86' lang='lat' dir='ltr'><strong>ipsum</strong></span> 
     </span>
     <span class='ocr_line' id='line_1_17' title="bbox 466 1629 1556 1693; baseline -0.003 -10"><span class='ocrx_word' id='word_1_88' title='bbox 466 1633 657 1683; x_wconf 79' lang='lat' dir='ltr'><strong>Nostri</strong></span> <span class='ocrx_word' id='word_1_89' title='bbox 691 1629 871 1681; x_wconf 88' lang='lat' dir='ltr'><strong>locum</strong></span> <span class='ocrx_word' id='word_1_90' title='bbox 906 1630 951 1693; x_wconf 94' lang='lat'><strong>1,</strong></span> <span class='ocrx_word' id='word_1_91' title='bbox 995 1629 1061 1681; x_wconf 83' lang='lat'><strong>32</strong></span> <span class='ocrx_word' id='word_1_92' title='bbox 1104 1637 1158 1681; x_wconf 88' lang='lat' dir='ltr'><strong>et</strong></span> <span class='ocrx_word' id='word_1_93' title='bbox 1202 1630 1368 1682; x_wconf 88' lang='lat' dir='ltr'><strong>Plinii</strong></span> <span class='ocrx_word' id='word_1_94' title='bbox 1403 1633 1556 1682; x_wconf 88' lang='lat' dir='ltr'><strong>testi-</strong></span> 
     </span>
     <span class='ocr_line' id='line_1_18' title="bbox 465 1700 1554 1764; baseline -0.002 -12"><span class='ocrx_word' id='word_1_95' title='bbox 465 1702 704 1753; x_wconf 91' lang='lat' dir='ltr'><strong>monium</strong></span> <span class='ocrx_word' id='word_1_96' title='bbox 737 1702 811 1751; x_wconf 92' lang='lat' dir='ltr'><strong>H.</strong></span> <span class='ocrx_word' id='word_1_97' title='bbox 849 1701 917 1751; x_wconf 86' lang='lat' dir='ltr'><strong>N.</strong></span> <span class='ocrx_word' id='word_1_98' title='bbox 957 1700 1084 1764; x_wconf 89' lang='lat' dir='ltr'><strong>VII,</strong></span> <span class='ocrx_word' id='word_1_99' title='bbox 1120 1701 1217 1751; x_wconf 81' lang='lat'><strong>40:</strong></span> <span class='ocrx_word' id='word_1_100' title='bbox 1256 1701 1345 1764; x_wconf 87' lang='lat' dir='ltr'><strong>„si</strong></span> <span class='ocrx_word' id='word_1_101' title='bbox 1365 1716 1554 1751; x_wconf 78' lang='lat' dir='ltr'><strong>verum</strong></span> 
     </span>
     <span class='ocr_line' id='line_1_19' title="bbox 466 1769 1554 1836; baseline 0.001 -16"><span class='ocrx_word' id='word_1_102' title='bbox 466 1772 725 1822; x_wconf 88' lang='lat' dir='ltr'><strong>iudicium</strong></span> <span class='ocrx_word' id='word_1_103' title='bbox 762 1770 944 1820; x_wconf 87' lang='lat' dir='ltr'><strong>facere</strong></span> <span class='ocrx_word' id='word_1_104' title='bbox 991 1769 1239 1820; x_wconf 80' lang='lat' dir='ltr'><strong>volumus</strong></span> <span class='ocrx_word' id='word_1_105' title='bbox 1283 1785 1347 1821; x_wconf 87' lang='lat' dir='ltr'><strong>ac</strong></span> <span class='ocrx_word' id='word_1_106' title='bbox 1397 1787 1554 1836; x_wconf 89' lang='lat' dir='ltr'><strong>repu-</strong></span> 
     </span>
     <span class='ocr_line' id='line_1_20' title="bbox 467 1840 1553 1892; baseline -0.002 0"><span class='ocrx_word' id='word_1_107' title='bbox 467 1842 620 1892; x_wconf 89' lang='lat' dir='ltr'><strong>diata</strong></span> <span class='ocrx_word' id='word_1_108' title='bbox 656 1841 801 1891; x_wconf 88' lang='lat' dir='ltr'><strong>omni</strong></span> <span class='ocrx_word' id='word_1_109' title='bbox 838 1841 1092 1891; x_wconf 79' lang='lat' dir='ltr'><strong>fortunae</strong></span> <span class='ocrx_word' id='word_1_110' title='bbox 1131 1840 1427 1891; x_wconf 80' lang='lat' dir='ltr'><strong>ambitione</strong></span> <span class='ocrx_word' id='word_1_111' title='bbox 1463 1840 1553 1890; x_wconf 90' lang='lat' dir='ltr'><strong>de-</strong></span> 
     </span>
     <span class='ocr_line' id='line_1_21' title="bbox 467 1910 1549 1970; baseline -0.004 -7"><span class='ocrx_word' id='word_1_112' title='bbox 467 1925 705 1970; x_wconf 84' lang='lat' dir='ltr'><strong>cernere,</strong></span> <span class='ocrx_word' id='word_1_113' title='bbox 725 1910 1034 1960; x_wconf 82' lang='lat' dir='ltr'><strong>mortalium</strong></span> <span class='ocrx_word' id='word_1_114' title='bbox 1069 1926 1226 1960; x_wconf 90' lang='lat' dir='ltr'><strong>nemo</strong></span> <span class='ocrx_word' id='word_1_115' title='bbox 1251 1915 1335 1960; x_wconf 86' lang='lat' dir='ltr'><strong>est</strong></span> <span class='ocrx_word' id='word_1_116' title='bbox 1360 1910 1549 1960; x_wconf 80' lang='lat' dir='ltr'><strong>felix.“</strong></span> 
     </span>
     <span class='ocr_line' id='line_1_22' title="bbox 536 1971 1550 2045; baseline -0.002 -15"><span class='ocrx_word' id='word_1_117' title='bbox 536 1973 614 2038; x_wconf 80' lang='grc' dir='ltr'><strong>ὡς</strong></span> <span class='ocrx_word' id='word_1_118' title='bbox 649 1978 713 2033; x_wconf 80' lang='grc' dir='ltr'><strong>δὲ</strong></span> <span class='ocrx_word' id='word_1_119' title='bbox 743 1971 855 2044; x_wconf 76' lang='grc' dir='ltr'><strong>ἄρα</strong></span> <span class='ocrx_word' id='word_1_120' title='bbox 881 1995 980 2044; x_wconf 89' lang='grc' dir='ltr'><strong>μιν</strong></span> <span class='ocrx_word' id='word_1_121' title='bbox 1003 1977 1320 2044; x_wconf 82' lang='grc' dir='ltr'><strong><em>προστῆναι</em></strong></span> <span class='ocrx_word' id='word_1_122' title='bbox 1356 1978 1550 2045; x_wconf 86' lang='grc' dir='ltr'><strong><em>τοῦτο]</em></strong></span> 
     </span>
     <span class='ocr_line' id='line_1_23' title="bbox 464 2049 1554 2117; baseline -0.002 -17"><span class='ocrx_word' id='word_1_123' title='bbox 464 2050 820 2117; x_wconf 78' lang='grc' dir='ltr'><strong><em>παραστῆναι</em></strong></span> <span class='ocrx_word' id='word_1_124' title='bbox 863 2066 893 2100; x_wconf 91' lang='lat' dir='ltr'><strong>e</strong></span> <span class='ocrx_word' id='word_1_125' title='bbox 929 2049 1192 2114; x_wconf 81' lang='lat' dir='ltr'><strong>Stephani</strong></span> <span class='ocrx_word' id='word_1_126' title='bbox 1237 2051 1554 2100; x_wconf 89' lang='lat' dir='ltr'><strong>coniectura</strong></span> 
     </span>
     <span class='ocr_line' id='line_1_24' title="bbox 466 2118 1552 2184; baseline -0.003 -14"><span class='ocrx_word' id='word_1_127' title='bbox 466 2120 594 2170; x_wconf 89' lang='lat' dir='ltr'><strong>olim</strong></span> <span class='ocrx_word' id='word_1_128' title='bbox 627 2120 686 2168; x_wconf 87' lang='lat' dir='ltr'><strong>in</strong></span> <span class='ocrx_word' id='word_1_129' title='bbox 721 2123 929 2169; x_wconf 85' lang='lat' dir='ltr'><strong>textum</strong></span> <span class='ocrx_word' id='word_1_130' title='bbox 975 2119 1287 2184; x_wconf 77' lang='lat' dir='ltr'><strong>irrepserat,</strong></span> <span class='ocrx_word' id='word_1_131' title='bbox 1331 2135 1452 2168; x_wconf 90' lang='lat' dir='ltr'><strong>cum</strong></span> <span class='ocrx_word' id='word_1_132' title='bbox 1491 2118 1552 2168; x_wconf 89' lang='lat' dir='ltr'><strong>li-</strong></span> 
     </span>
     <span class='ocr_line' id='line_1_25' title="bbox 464 2185 1551 2252; baseline -0.003 -13"><span class='ocrx_word' id='word_1_133' title='bbox 464 2190 548 2239; x_wconf 86' lang='lat' dir='ltr'><strong>bri</strong></span> <span class='ocrx_word' id='word_1_134' title='bbox 597 2205 781 2239; x_wconf 87' lang='lat' dir='ltr'><strong>omnes</strong></span> <span class='ocrx_word' id='word_1_135' title='bbox 834 2190 892 2237; x_wconf 90' lang='lat' dir='ltr'><strong>in</strong></span> <span class='ocrx_word' id='word_1_136' title='bbox 949 2186 1184 2239; x_wconf 90' lang='lat' dir='ltr'><strong>lectione</strong></span> <span class='ocrx_word' id='word_1_137' title='bbox 1232 2185 1551 2252; x_wconf 71' lang='grc' dir='ltr'><strong><em>προστῆναι</em></strong></span> 
     </span>
     <span class='ocr_line' id='line_1_26' title="bbox 464 2258 1550 2323; baseline -0.001 -15"><span class='ocrx_word' id='word_1_138' title='bbox 464 2258 796 2323; x_wconf 71' lang='lat' dir='ltr'><strong>conspirent,</strong></span> <span class='ocrx_word' id='word_1_139' title='bbox 834 2258 988 2308; x_wconf 86' lang='lat' dir='ltr'><strong>cuius</strong></span> <span class='ocrx_word' id='word_1_140' title='bbox 1019 2258 1191 2322; x_wconf 86' lang='lat' dir='ltr'><strong>ipsius</strong></span> <span class='ocrx_word' id='word_1_141' title='bbox 1231 2259 1550 2322; x_wconf 89' lang='lat' dir='ltr'><strong>interpreta-</strong></span> 
     </span>
     <span class='ocr_line' id='line_1_27' title="bbox 464 2324 1550 2392; baseline -0.001 -14"><span class='ocrx_word' id='word_1_142' title='bbox 464 2332 706 2392; x_wconf 78' lang='lat' dir='ltr'><strong>mentum</strong></span> <span class='ocrx_word' id='word_1_143' title='bbox 743 2329 846 2377; x_wconf 86' lang='lat' dir='ltr'><strong>erit</strong></span> <span class='ocrx_word' id='word_1_144' title='bbox 878 2324 1257 2392; x_wconf 82' lang='grc' dir='ltr'><strong><em>παραστῆναι.</em></strong></span> <span class='ocrx_word' id='word_1_145' title='bbox 1305 2328 1550 2378; x_wconf 80' lang='lat' dir='ltr'><strong>Pertinet</strong></span> 
     </span>
     <span class='ocr_line' id='line_1_28' title="bbox 468 2394 1547 2463; baseline 0 -16"><span class='ocrx_word' id='word_1_146' title='bbox 468 2399 612 2448; x_wconf 88' lang='lat' dir='ltr'><strong>enim</strong></span> <span class='ocrx_word' id='word_1_147' title='bbox 664 2394 985 2461; x_wconf 82' lang='grc' dir='ltr'><strong><em>προστῆναι</em></strong></span> <span class='ocrx_word' id='word_1_148' title='bbox 1038 2395 1127 2446; x_wconf 89' lang='lat' dir='ltr'><strong>hic</strong></span> <span class='ocrx_word' id='word_1_149' title='bbox 1177 2397 1261 2463; x_wconf 85' lang='lat' dir='ltr'><strong>(et</strong></span> <span class='ocrx_word' id='word_1_150' title='bbox 1316 2397 1361 2460; x_wconf 89' lang='grc' dir='ltr'>Ι,</span> <span class='ocrx_word' id='word_1_151' title='bbox 1426 2397 1547 2448; x_wconf 94' lang='grc'><strong>119.</strong></span> 
     </span>
     <span class='ocr_line' id='line_1_29' title="bbox 473 2465 1547 2531; baseline -0.004 -13"><span class='ocrx_word' id='word_1_152' title='bbox 473 2467 592 2519; x_wconf 85' lang='grc'><strong>129.</strong></span> <span class='ocrx_word' id='word_1_153' title='bbox 629 2466 753 2518; x_wconf 90' lang='lat' dir='ltr'><strong>coll.</strong></span> <span class='ocrx_word' id='word_1_154' title='bbox 783 2467 850 2529; x_wconf 94' lang='lat' dir='ltr'><strong>V,</strong></span> <span class='ocrx_word' id='word_1_155' title='bbox 873 2466 932 2517; x_wconf 83' lang='lat'><strong>51</strong></span> <span class='ocrx_word' id='word_1_156' title='bbox 947 2465 1077 2531; x_wconf 90' lang='lat' dir='ltr'><strong>.)ad</strong></span> <span class='ocrx_word' id='word_1_157' title='bbox 1113 2466 1337 2516; x_wconf 80' lang='lat' dir='ltr'><strong>verbum</strong></span> <span class='ocrx_word' id='word_1_158' title='bbox 1370 2477 1547 2529; x_wconf 88' lang='grc' dir='ltr'><strong><em>προσ-</em></strong></span> 
     </span>
     <span class='ocr_line' id='line_1_30' title="bbox 464 2529 715 2600; baseline -0.004 -14"><span class='ocrx_word' id='word_1_159' title='bbox 464 2529 715 2600; x_wconf 78' lang='grc' dir='ltr'><strong><em>ιστὰναι,</em></strong></span> 
     </span>
     <span class='ocr_line' id='line_1_31' title="bbox 464 2591 1546 2670; baseline -0.003 -13"><span class='ocrx_word' id='word_1_160' title='bbox 464 2623 583 2657; x_wconf 89' lang='lat' dir='ltr'><strong>mus</strong></span> <span class='ocrx_word' id='word_1_161' title='bbox 618 2604 936 2670; x_wconf 84' lang='grc' dir='ltr'><strong><em>προστῆναι</em></strong></span> <span class='ocrx_word' id='word_1_162' title='bbox 982 2603 1101 2669; x_wconf 89' lang='lat' dir='ltr'><strong>(pro</strong></span> <span class='ocrx_word' id='word_1_163' title='bbox 1148 2591 1546 2670; x_wconf 83' lang='grc' dir='ltr'><strong><em>προσστῆναι,</em></strong></span> 
     </span>
     <span class='ocr_line' id='line_1_32' title="bbox 463 2675 1547 2742; baseline -0.002 -16"><span class='ocrx_word' id='word_1_164' title='bbox 463 2678 739 2742; x_wconf 83' lang='lat' dir='ltr'><strong>geminata</strong></span> <span class='ocrx_word' id='word_1_165' title='bbox 772 2675 1010 2741; x_wconf 88' lang='lat' dir='ltr'><strong>literula)</strong></span> <span class='ocrx_word' id='word_1_166' title='bbox 1050 2676 1238 2728; x_wconf 88' lang='lat' dir='ltr'><strong>eodem</strong></span> <span class='ocrx_word' id='word_1_167' title='bbox 1271 2676 1405 2736; x_wconf 90' lang='lat' dir='ltr'><strong>iure,</strong></span> <span class='ocrx_word' id='word_1_168' title='bbox 1441 2689 1547 2740; x_wconf 88' lang='lat' dir='ltr'><strong>quo</strong></span> 
     </span>
     <span class='ocr_line' id='line_1_33' title="bbox 463 2746 1546 2825; baseline -0.003 -29"><span class='ocrx_word' id='word_1_169' title='bbox 463 2762 629 2812; x_wconf 82' lang='lat' dir='ltr'><strong>supra</strong></span> <span class='ocrx_word' id='word_1_170' title='bbox 663 2746 708 2809; x_wconf 89' lang='grc' dir='ltr'>Ι,</span> <span class='ocrx_word' id='word_1_171' title='bbox 740 2748 772 2796; x_wconf 86' lang='grc'>2</span> <span class='ocrx_word' id='word_1_172' title='bbox 808 2746 1124 2825; x_wconf 68' lang='lat' dir='ltr'><strong>scripn&#39;mus</strong></span> <span class='ocrx_word' id='word_1_173' title='bbox 1168 2759 1283 2809; x_wconf 86' lang='grc' dir='ltr'><strong><em>προ</em></strong></span> <span class='ocrx_word' id='word_1_174' title='bbox 1299 2757 1546 2810; x_wconf 78' lang='grc' dir='ltr'><strong><em>σχοντας</em></strong></span> 
     </span>
     <span class='ocr_line' id='line_1_34' title="bbox 459 2815 1548 2881; baseline -0.001 -16"><span class='ocrx_word' id='word_1_175' title='bbox 459 2831 558 2881; x_wconf 88' lang='lat' dir='ltr'><strong>pro</strong></span> <span class='ocrx_word' id='word_1_176' title='bbox 579 2809 1013 2881; x_wconf 82' lang='grc' dir='ltr'><strong><em>προσσχόντας,</em></strong></span> <span class='ocrx_word' id='word_1_177' title='bbox 1030 2815 1247 2866; x_wconf 78' lang='lat' dir='ltr'><strong>ubivid.</strong></span> <span class='ocrx_word' id='word_1_178' title='bbox 1261 2819 1401 2866; x_wconf 88' lang='lat' dir='ltr'><strong>nott.</strong></span> <span class='ocrx_word' id='word_1_179' title='bbox 1418 2815 1548 2864; x_wconf 88' lang='lat' dir='ltr'><strong>Sen-</strong></span> 
     </span>
     <span class='ocr_line' id='line_1_35' title="bbox 461 2884 1545 2949; baseline -0.002 -15"><span class='ocrx_word' id='word_1_180' title='bbox 461 2901 580 2935; x_wconf 79' lang='lat' dir='ltr'><strong>sum</strong></span> <span class='ocrx_word' id='word_1_181' title='bbox 613 2885 790 2949; x_wconf 88' lang='lat' dir='ltr'><strong>ipsum</strong></span> <span class='ocrx_word' id='word_1_182' title='bbox 824 2889 971 2934; x_wconf 88' lang='lat' dir='ltr'><strong>recte</strong></span> <span class='ocrx_word' id='word_1_183' title='bbox 1005 2886 1272 2949; x_wconf 84' lang='lat' dir='ltr'><strong>expressit</strong></span> <span class='ocrx_word' id='word_1_184' title='bbox 1295 2884 1545 2948; x_wconf 84' lang='lat' dir='ltr'><strong>Schwgh.</strong></span> 
     </span>
     <span class='ocr_line' id='line_1_36' title="bbox 458 2953 1548 3086; baseline 0 -15"><span class='ocrx_word' id='word_1_185' title='bbox 458 2954 648 3086; x_wconf 43' lang='lat' dir='ltr'><strong>aare&amp;</strong></span> <span class='ocrx_word' id='word_1_186' title='bbox 673 2953 1349 3072; x_wconf 38' lang='lat' dir='ltr'><strong>amastrae?</strong></span> <span class='ocrx_word' id='word_1_187' title='bbox 1373 2953 1548 3071; x_wconf 65' lang='grc' dir='ltr'><strong>εξξῑεεῑ</strong></span> 
     </span>
     <span class='ocr_line' id='line_1_37' title="bbox 458 3090 1546 3169; baseline -0.001 -27"><span class='ocrx_word' id='word_1_188' title='bbox 458 3091 764 3169; x_wconf 85' lang='lat' dir='ltr'><strong>pretatione</strong></span> <span class='ocrx_word' id='word_1_189' title='bbox 809 3090 1059 3142; x_wconf 86' lang='lat' dir='ltr'><strong>dubitare</strong></span> <span class='ocrx_word' id='word_1_190' title='bbox 1100 3091 1395 3166; x_wconf 82' lang='lat' dir='ltr'><strong>Matthiae,</strong></span> <span class='ocrx_word' id='word_1_191' title='bbox 1459 3092 1546 3141; x_wconf 87' lang='lat' dir='ltr'><strong>cui</strong></span> 
     </span>
     <span class='ocr_line' id='line_1_38' title="bbox 458 3152 1544 3226; baseline 0 -16"><span class='ocrx_word' id='word_1_192' title='bbox 458 3157 780 3226; x_wconf 84' lang='grc' dir='ltr'><strong><em>προστῆναι</em></strong></span> <span class='ocrx_word' id='word_1_193' title='bbox 823 3161 886 3225; x_wconf 89' lang='lat' dir='ltr'><strong>(a</strong></span> <span class='ocrx_word' id='word_1_194' title='bbox 939 3161 1104 3211; x_wconf 82' lang='lat' dir='ltr'><strong>verbo</strong></span> <span class='ocrx_word' id='word_1_195' title='bbox 1159 3152 1544 3226; x_wconf 80' lang='grc' dir='ltr'><strong><em>προϊστάναι)</em></strong></span> 
     </span>
     <span class='ocr_line' id='line_1_39' title="bbox 459 3228 1544 3295; baseline -0.001 -15"><span class='ocrx_word' id='word_1_196' title='bbox 459 3246 570 3281; x_wconf 85' lang='grc' dir='ltr'><strong><em>ιιοιι</em></strong></span> <span class='ocrx_word' id='word_1_197' title='bbox 603 3228 937 3280; x_wconf 82' lang='lat' dir='ltr'><strong>incommode</strong></span> <span class='ocrx_word' id='word_1_198' title='bbox 986 3230 1095 3280; x_wconf 89' lang='lat' dir='ltr'><strong>dici</strong></span> <span class='ocrx_word' id='word_1_199' title='bbox 1131 3245 1291 3295; x_wconf 86' lang='lat' dir='ltr'><strong>posse</strong></span> <span class='ocrx_word' id='word_1_200' title='bbox 1325 3231 1544 3281; x_wconf 79' lang='lat' dir='ltr'><strong>videtur</strong></span> 
     </span>
     <span class='ocr_line' id='line_1_40' title="bbox 459 3299 1544 3366; baseline -0.001 -15"><span class='ocrx_word' id='word_1_201' title='bbox 459 3316 563 3363; x_wconf 88' lang='lat' dir='ltr'><strong>res,</strong></span> <span class='ocrx_word' id='word_1_202' title='bbox 602 3315 743 3366; x_wconf 88' lang='lat' dir='ltr'><strong>quae</strong></span> <span class='ocrx_word' id='word_1_203' title='bbox 778 3304 1040 3364; x_wconf 78' lang='lat' dir='ltr'><strong>tanquam</strong></span> <span class='ocrx_word' id='word_1_204' title='bbox 1090 3300 1297 3364; x_wconf 87' lang='lat' dir='ltr'><strong>species</strong></span> <span class='ocrx_word' id='word_1_205' title='bbox 1357 3299 1544 3351; x_wconf 84' lang='lat' dir='ltr'><strong>oblata</strong></span> 
     </span>
     <span class='ocr_line' id='line_1_41' title="bbox 458 3370 1541 3422; baseline -0.002 0"><span class='ocrx_word' id='word_1_206' title='bbox 458 3372 640 3422; x_wconf 84' lang='lat' dir='ltr'><strong>animo</strong></span> <span class='ocrx_word' id='word_1_207' title='bbox 656 3371 993 3421; x_wconf 82' lang='lat' dir='ltr'><strong>obversatur.</strong></span> <span class='ocrx_word' id='word_1_208' title='bbox 1013 3370 1401 3420; x_wconf 81' lang='lat' dir='ltr'><strong>Accusativum</strong></span> <span class='ocrx_word' id='word_1_209' title='bbox 1422 3383 1541 3421; x_wconf 85' lang='lat' dir='ltr'><strong>esse</strong></span> 
     </span>
     <span class='ocr_line' id='line_1_42' title="bbox 457 3439 1540 3506; baseline -0.002 -15"><span class='ocrx_word' id='word_1_210' title='bbox 457 3440 705 3491; x_wconf 87' lang='lat' dir='ltr'><strong>additum</strong></span> <span class='ocrx_word' id='word_1_211' title='bbox 758 3439 903 3490; x_wconf 87' lang='lat' dir='ltr'><strong>idem</strong></span> <span class='ocrx_word' id='word_1_212' title='bbox 960 3444 1147 3505; x_wconf 86' lang='lat' dir='ltr'><strong>putat,</strong></span> <span class='ocrx_word' id='word_1_213' title='bbox 1185 3441 1314 3505; x_wconf 89' lang='lat' dir='ltr'><strong>quia</strong></span> <span class='ocrx_word' id='word_1_214' title='bbox 1367 3441 1540 3506; x_wconf 66' lang='grc' dir='ltr'><strong><em>προ-</em></strong></span> 
     </span>
     <span class='ocr_line' id='line_1_43' title="bbox 459 3505 1541 3576; baseline -0.002 -17"><span class='ocrx_word' id='word_1_215' title='bbox 459 3508 712 3576; x_wconf 85' lang='grc' dir='ltr'><strong><em>στῆναι</em></strong></span> <span class='ocrx_word' id='word_1_216' title='bbox 750 3511 935 3561; x_wconf 78' lang='lat' dir='ltr'><strong>valeat</strong></span> <span class='ocrx_word' id='word_1_217' title='bbox 967 3510 1138 3573; x_wconf 89' lang='lat' dir='ltr'><strong>idem,</strong></span> <span class='ocrx_word' id='word_1_218' title='bbox 1188 3510 1333 3576; x_wconf 92' lang='lat' dir='ltr'><strong>quod</strong></span> <span class='ocrx_word' id='word_1_219' title='bbox 1369 3505 1541 3560; x_wconf 78' lang='grc' dir='ltr'><strong><em>εἰσελ-</em></strong></span> 
     </span>
     <span class='ocr_line' id='line_1_44' title="bbox 457 3576 1542 3644; baseline 0.001 -16"><span class='ocrx_word' id='word_1_220' title='bbox 457 3578 621 3644; x_wconf 74' lang='grc' dir='ltr'><strong><em>θειν,</em></strong></span> <span class='ocrx_word' id='word_1_221' title='bbox 669 3580 822 3630; x_wconf 86' lang='lat' dir='ltr'><strong>cuius</strong></span> <span class='ocrx_word' id='word_1_222' title='bbox 887 3576 1305 3631; x_wconf 70' lang='lat' dir='ltr'><strong>constructionis</strong></span> <span class='ocrx_word' id='word_1_223' title='bbox 1366 3579 1542 3630; x_wconf 86' lang='lat' dir='ltr'><strong>simile</strong></span> 
     </span>
     <span class='ocr_line' id='line_1_45' title="bbox 457 3648 1541 3715; baseline 0.001 -16"><span class='ocrx_word' id='word_1_224' title='bbox 457 3648 759 3714; x_wconf 87' lang='lat' dir='ltr'><strong>exemplum</strong></span> <span class='ocrx_word' id='word_1_225' title='bbox 790 3650 981 3701; x_wconf 88' lang='lat' dir='ltr'><strong>laudat</strong></span> <span class='ocrx_word' id='word_1_226' title='bbox 1017 3666 1084 3700; x_wconf 86' lang='lat' dir='ltr'><strong>ex</strong></span> <span class='ocrx_word' id='word_1_227' title='bbox 1127 3648 1384 3715; x_wconf 83' lang='lat' dir='ltr'><strong>Sophocl.</strong></span> <span class='ocrx_word' id='word_1_228' title='bbox 1417 3649 1541 3701; x_wconf 85' lang='lat' dir='ltr'><strong>Ele-</strong></span> 
     </span>
    </p>
   </div>
   <div class='ocr_carea' id='block_1_7' title="bbox 453 3718 1540 3852">
    <p class='ocr_par' dir='ltr' id='par_1_8' title="bbox 453 3718 1516 3852">
     <span class='ocr_line' id='line_1_46' title="bbox 453 3718 752 3770; baseline 0.007 -2"><span class='ocrx_word' id='word_1_229' title='bbox 453 3718 752 3770; x_wconf 80' lang='lat' dir='ltr'><strong>ctr.1378.</strong></span> 
     </span>
     <span class='ocr_line' id='line_1_47' title="bbox 520 3777 1540 3852; baseline 0 -17"><span class='ocrx_word' id='word_1_230' title='bbox 520 3779 963 3852; x_wconf 77' lang='grc' dir='ltr'><strong><em>ανενεικαμενόν</em></strong></span> <span class='ocrx_word' id='word_1_231' title='bbox 1007 3802 1065 3837; x_wconf 85' lang='grc' dir='ltr'><strong><em>τε</em></strong></span> <span class='ocrx_word' id='word_1_232' title='bbox 1098 3781 1195 3837; x_wconf 82' lang='grc' dir='ltr'><strong>καὶ</strong></span> <span class='ocrx_word' id='word_1_233' title='bbox 1234 3777 1540 3836; x_wconf 80' lang='grc' dir='ltr'><strong><em>ἀναστενα-</em></strong></span> 
     </span>
    </p>
   </div>
   <div class='ocr_carea' id='block_1_8' title="bbox 446 3846 1540 4406">
    <p class='ocr_par' dir='ltr' id='par_1_9' title="bbox 446 3846 1540 4406">
     <span class='ocr_line' id='line_1_48' title="bbox 453 3846 1540 3922; baseline 0.001 -19"><span class='ocrx_word' id='word_1_234' title='bbox 453 3851 629 3916; x_wconf 77' lang='grc' dir='ltr'><strong><em>ξαντα</em></strong></span> <span class='ocrx_word' id='word_1_235' title='bbox 664 3846 722 3903; x_wconf 73' lang='grc' dir='ltr'><strong>ἐκ</strong></span> <span class='ocrx_word' id='word_1_236' title='bbox 758 3855 971 3920; x_wconf 78' lang='grc' dir='ltr'><strong><em>πολλῆς</em></strong></span> <span class='ocrx_word' id='word_1_237' title='bbox 1005 3847 1269 3922; x_wconf 79' lang='grc' dir='ltr'><strong><em>ἡσυχίης]</em></strong></span> <span class='ocrx_word' id='word_1_238' title='bbox 1298 3856 1540 3912; x_wconf 85' lang='lat' dir='ltr'><strong>Retinui-</strong></span> 
     </span>
     <span class='ocr_line' id='line_1_49' title="bbox 450 3923 1538 3991; baseline 0.002 -19"><span class='ocrx_word' id='word_1_239' title='bbox 450 3939 571 3973; x_wconf 87' lang='lat' dir='ltr'><strong>mus</strong></span> <span class='ocrx_word' id='word_1_240' title='bbox 605 3923 745 3974; x_wconf 88' lang='lat' dir='ltr'><strong>hanc</strong></span> <span class='ocrx_word' id='word_1_241' title='bbox 789 3924 1106 3988; x_wconf 88' lang='lat' dir='ltr'><strong>lectionem,</strong></span> <span class='ocrx_word' id='word_1_242' title='bbox 1143 3927 1200 3974; x_wconf 91' lang='lat' dir='ltr'><strong>in</strong></span> <span class='ocrx_word' id='word_1_243' title='bbox 1237 3941 1345 3991; x_wconf 86' lang='lat' dir='ltr'><strong>qua</strong></span> <span class='ocrx_word' id='word_1_244' title='bbox 1379 3925 1538 3991; x_wconf 87' lang='lat' dir='ltr'><strong>pleri-</strong></span> 
     </span>
     <span class='ocr_line' id='line_1_50' title="bbox 452 3991 1537 4059; baseline 0.003 -17"><span class='ocrx_word' id='word_1_245' title='bbox 452 4009 558 4057; x_wconf 89' lang='lat' dir='ltr'><strong>que</strong></span> <span class='ocrx_word' id='word_1_246' title='bbox 576 3991 703 4042; x_wconf 85' lang='lat' dir='ltr'><strong>libri</strong></span> <span class='ocrx_word' id='word_1_247' title='bbox 726 3995 1057 4059; x_wconf 85' lang='lat' dir='ltr'><strong>conspirant,</strong></span> <span class='ocrx_word' id='word_1_248' title='bbox 1072 3996 1391 4058; x_wconf 87' lang='lat' dir='ltr'><strong>praesertim</strong></span> <span class='ocrx_word' id='word_1_249' title='bbox 1415 4011 1537 4045; x_wconf 91' lang='lat' dir='ltr'><strong>cum</strong></span> 
     </span>
     <span class='ocr_line' id='line_1_51' title="bbox 449 4061 1536 4128; baseline 0.006 -17"><span class='ocrx_word' id='word_1_250' title='bbox 449 4061 545 4112; x_wconf 88' lang='lat' dir='ltr'><strong>illa</strong></span> <span class='ocrx_word' id='word_1_251' title='bbox 577 4062 856 4127; x_wconf 89' lang='lat' dir='ltr'><strong>optimum,</strong></span> <span class='ocrx_word' id='word_1_252' title='bbox 890 4064 974 4113; x_wconf 91' lang='lat' dir='ltr'><strong>uti</strong></span> <span class='ocrx_word' id='word_1_253' title='bbox 1006 4062 1240 4126; x_wconf 84' lang='lat' dir='ltr'><strong>videtur,</strong></span> <span class='ocrx_word' id='word_1_254' title='bbox 1274 4065 1536 4128; x_wconf 75' lang='lat' dir='ltr'><strong>praebeat</strong></span> 
     </span>
     <span class='ocr_line' id='line_1_52' title="bbox 449 4121 1530 4198; baseline 0.001 -16"><span class='ocrx_word' id='word_1_255' title='bbox 449 4146 685 4182; x_wconf 88' lang='lat' dir='ltr'><strong>sensum.</strong></span> <span class='ocrx_word' id='word_1_256' title='bbox 739 4133 847 4182; x_wconf 91' lang='lat' dir='ltr'><strong>Pro</strong></span> <span class='ocrx_word' id='word_1_257' title='bbox 893 4121 1136 4195; x_wconf 81' lang='grc' dir='ltr'><strong><em>ἡσυχίης</em></strong></span> <span class='ocrx_word' id='word_1_258' title='bbox 1191 4132 1332 4182; x_wconf 88' lang='lat' dir='ltr'><strong>enim</strong></span> <span class='ocrx_word' id='word_1_259' title='bbox 1385 4139 1530 4198; x_wconf 84' lang='lat' dir='ltr'><strong>sunt,</strong></span> 
     </span>
     <span class='ocr_line' id='line_1_53' title="bbox 448 4198 1532 4267; baseline 0.003 -17"><span class='ocrx_word' id='word_1_260' title='bbox 448 4202 544 4267; x_wconf 89' lang='lat' dir='ltr'><strong>qui</strong></span> <span class='ocrx_word' id='word_1_261' title='bbox 579 4200 870 4251; x_wconf 83' lang='lat' dir='ltr'><strong>exhibeant</strong></span> <span class='ocrx_word' id='word_1_262' title='bbox 913 4198 1316 4265; x_wconf 76' lang='grc' dir='ltr'><strong><em>λειποψυχίης,</em></strong></span> <span class='ocrx_word' id='word_1_263' title='bbox 1365 4202 1532 4253; x_wconf 89' lang='lat' dir='ltr'><strong>idem-</strong></span> 
     </span>
     <span class='ocr_line' id='line_1_54' title="bbox 447 4269 1535 4336; baseline 0.002 -16"><span class='ocrx_word' id='word_1_264' title='bbox 447 4286 553 4336; x_wconf 91' lang='lat' dir='ltr'><strong>que</strong></span> <span class='ocrx_word' id='word_1_265' title='bbox 581 4271 638 4321; x_wconf 88' lang='lat' dir='ltr'><strong>in</strong></span> <span class='ocrx_word' id='word_1_266' title='bbox 674 4285 772 4320; x_wconf 89' lang='lat' dir='ltr'><strong>ora</strong></span> <span class='ocrx_word' id='word_1_267' title='bbox 798 4269 998 4336; x_wconf 81' lang='lat' dir='ltr'><strong>legitur</strong></span> <span class='ocrx_word' id='word_1_268' title='bbox 1027 4269 1535 4322; x_wconf 85' lang='lat' dir='ltr'><strong>Schellershemiani</strong></span> 
     </span>
     <span class='ocr_line' id='line_1_55' title="bbox 446 4331 1531 4406; baseline 0 -16"><span class='ocrx_word' id='word_1_269' title='bbox 446 4339 598 4402; x_wconf 87' lang='lat' dir='ltr'><strong>libri,</strong></span> <span class='ocrx_word' id='word_1_270' title='bbox 652 4354 776 4390; x_wconf 90' lang='lat' dir='ltr'><strong>cum</strong></span> <span class='ocrx_word' id='word_1_271' title='bbox 833 4339 893 4390; x_wconf 90' lang='lat' dir='ltr'><strong>in</strong></span> <span class='ocrx_word' id='word_1_272' title='bbox 942 4343 1098 4390; x_wconf 84' lang='lat' dir='ltr'><strong>textu</strong></span> <span class='ocrx_word' id='word_1_273' title='bbox 1156 4340 1230 4390; x_wconf 85' lang='lat' dir='ltr'><strong>sit</strong></span> <span class='ocrx_word' id='word_1_274' title='bbox 1274 4331 1531 4406; x_wconf 73' lang='grc' dir='ltr'><strong><em>ἡσυχίης.</em></strong></span> 
     </span>
    </p>
   </div>
   <div class='ocr_carea' id='block_1_9' title="bbox 444 4407 1530 4476">
    <p class='ocr_par' dir='ltr' id='par_1_10' title="bbox 444 4407 1530 4476">
     <span class='ocr_line' id='line_1_56' title="bbox 444 4407 1530 4476; baseline -0.001 -16"><span class='ocrx_word' id='word_1_275' title='bbox 444 4409 625 4476; x_wconf 76' lang='lat' dir='ltr'><strong>Atque</strong></span> <span class='ocrx_word' id='word_1_276' title='bbox 662 4410 869 4475; x_wconf 85' lang='lat' dir='ltr'><strong>recepit</strong></span> <span class='ocrx_word' id='word_1_277' title='bbox 904 4408 1101 4475; x_wconf 69' lang='lat' dir='ltr'><strong>Negris</strong></span> <span class='ocrx_word' id='word_1_278' title='bbox 1135 4407 1449 4476; x_wconf 79' lang='grc' dir='ltr'><strong><em>λειποψυχί</em></strong></span> <span class='ocrx_word' id='word_1_279' title='bbox 1447 4424 1530 4474; x_wconf 71' lang='grc' dir='ltr'><strong>ης.</strong></span> 
     </span>
    </p>
   </div>
   <div class='ocr_carea' id='block_1_10' title="bbox 777 2536 1599 2592">
    <p class='ocr_par' dir='ltr' id='par_1_11' title="bbox 777 2536 1599 2592">
     <span class='ocr_line' id='line_1_57' title="bbox 777 2536 1599 2592; baseline -0.004 -6"><span class='ocrx_word' id='word_1_280' title='bbox 777 2538 834 2586; x_wconf 86' lang='lat' dir='ltr'><strong>in</strong></span> <span class='ocrx_word' id='word_1_281' title='bbox 891 2536 1045 2586; x_wconf 86' lang='lat' dir='ltr'><strong>cuius</strong></span> <span class='ocrx_word' id='word_1_282' title='bbox 1093 2537 1297 2586; x_wconf 88' lang='lat' dir='ltr'><strong>aoristo</strong></span> <span class='ocrx_word' id='word_1_283' title='bbox 1355 2536 1549 2586; x_wconf 84' lang='lat' dir='ltr'><strong>scribi-</strong></span> <span class='ocrx_word' id='word_1_284' title='bbox 1595 2587 1599 2592; x_wconf 56' lang='grc'>,</span> 
     </span>
    </p>
   </div>
   <div class='ocr_carea' id='block_1_11' title="bbox 1633 791 2771 4338">
    <p class='ocr_par' dir='ltr' id='par_1_12' title="bbox 1660 791 2757 1348">
     <span class='ocr_line' id='line_1_58' title="bbox 1669 791 2755 860; baseline -0.001 -16"><span class='ocrx_word' id='word_1_285' title='bbox 1669 795 1775 844; x_wconf 85' lang='lat' dir='ltr'><strong>Vix</strong></span> <span class='ocrx_word' id='word_1_286' title='bbox 1813 800 1995 844; x_wconf 87' lang='lat' dir='ltr'><strong>tamen</strong></span> <span class='ocrx_word' id='word_1_287' title='bbox 2034 791 2281 856; x_wconf 87' lang='lat' dir='ltr'><strong>dubium,</strong></span> <span class='ocrx_word' id='word_1_288' title='bbox 2318 795 2450 860; x_wconf 90' lang='lat' dir='ltr'><strong>quin</strong></span> <span class='ocrx_word' id='word_1_289' title='bbox 2478 793 2755 859; x_wconf 78' lang='grc' dir='ltr'><strong><em>λειποψυ-</em></strong></span> 
     </span>
     <span class='ocr_line' id='line_1_59' title="bbox 1667 864 2757 930; baseline 0.002 -17"><span class='ocrx_word' id='word_1_290' title='bbox 1667 864 1797 930; x_wconf 80' lang='grc' dir='ltr'><strong><em>χίης</em></strong></span> <span class='ocrx_word' id='word_1_291' title='bbox 1842 880 1872 915; x_wconf 97' lang='lat' dir='ltr'><strong>e</strong></span> <span class='ocrx_word' id='word_1_292' title='bbox 1917 864 2244 929; x_wconf 82' lang='lat' dir='ltr'><strong>glossemate</strong></span> <span class='ocrx_word' id='word_1_293' title='bbox 2288 865 2346 913; x_wconf 92' lang='lat' dir='ltr'><strong>in</strong></span> <span class='ocrx_word' id='word_1_294' title='bbox 2380 868 2591 915; x_wconf 78' lang='lat' dir='ltr'><strong>textum</strong></span> <span class='ocrx_word' id='word_1_295' title='bbox 2626 867 2757 915; x_wconf 87' lang='lat' dir='ltr'><strong>irre-</strong></span> 
     </span>
     <span class='ocr_line' id='line_1_60' title="bbox 1667 934 2757 1000; baseline 0 -15"><span class='ocrx_word' id='word_1_296' title='bbox 1667 934 1867 1000; x_wconf 87' lang='lat' dir='ltr'><strong>pserit,</strong></span> <span class='ocrx_word' id='word_1_297' title='bbox 1906 936 2024 984; x_wconf 82' lang='lat' dir='ltr'><strong>sive</strong></span> <span class='ocrx_word' id='word_1_298' title='bbox 2059 950 2125 984; x_wconf 81' lang='lat' dir='ltr'><strong>ex</strong></span> <span class='ocrx_word' id='word_1_299' title='bbox 2158 935 2641 999; x_wconf 85' lang='lat' dir='ltr'><strong>interpretamento</strong></span> <span class='ocrx_word' id='word_1_300' title='bbox 2679 935 2757 985; x_wconf 90' lang='lat' dir='ltr'><strong>le-</strong></span> 
     </span>
     <span class='ocr_line' id='line_1_61' title="bbox 1667 995 2754 1070; baseline 0 -17"><span class='ocrx_word' id='word_1_301' title='bbox 1667 1004 1865 1054; x_wconf 88' lang='lat' dir='ltr'><strong>ctionis</strong></span> <span class='ocrx_word' id='word_1_302' title='bbox 1901 995 2090 1068; x_wconf 81' lang='grc' dir='ltr'><strong><em>ἀψυχί</em></strong></span> <span class='ocrx_word' id='word_1_303' title='bbox 2086 1019 2179 1067; x_wconf 87' lang='grc' dir='ltr'><strong>ης,</strong></span> <span class='ocrx_word' id='word_1_304' title='bbox 2220 1020 2380 1070; x_wconf 84' lang='lat' dir='ltr'><strong>quam</strong></span> <span class='ocrx_word' id='word_1_305' title='bbox 2421 1020 2531 1055; x_wconf 89' lang='lat' dir='ltr'><strong>non</strong></span> <span class='ocrx_word' id='word_1_306' title='bbox 2568 1005 2754 1054; x_wconf 86' lang='lat' dir='ltr'><strong>absur-</strong></span> 
     </span>
     <span class='ocr_line' id='line_1_62' title="bbox 1666 1072 2754 1138; baseline 0.001 -15"><span class='ocrx_word' id='word_1_307' title='bbox 1666 1073 1790 1124; x_wconf 88' lang='lat' dir='ltr'><strong>dam</strong></span> <span class='ocrx_word' id='word_1_308' title='bbox 1839 1072 1972 1124; x_wconf 81' lang='lat' dir='ltr'><strong>dicit</strong></span> <span class='ocrx_word' id='word_1_309' title='bbox 2016 1073 2439 1138; x_wconf 84' lang='lat' dir='ltr'><strong>Valckenarius,</strong></span> <span class='ocrx_word' id='word_1_310' title='bbox 2485 1079 2549 1123; x_wconf 91' lang='grc' dir='ltr'><strong>ιιι</strong></span> <span class='ocrx_word' id='word_1_311' title='bbox 2593 1075 2754 1124; x_wconf 86' lang='lat' dir='ltr'><strong>Croe-</strong></span> 
     </span>
     <span class='ocr_line' id='line_1_63' title="bbox 1664 1143 2752 1210; baseline 0 -17"><span class='ocrx_word' id='word_1_312' title='bbox 1664 1159 1757 1194; x_wconf 85' lang='lat' dir='ltr'><strong>sus</strong></span> <span class='ocrx_word' id='word_1_313' title='bbox 1817 1148 1944 1193; x_wconf 88' lang='lat' dir='ltr'><strong>ante</strong></span> <span class='ocrx_word' id='word_1_314' title='bbox 2000 1143 2168 1193; x_wconf 86' lang='lat' dir='ltr'><strong>animi</strong></span> <span class='ocrx_word' id='word_1_315' title='bbox 2217 1143 2513 1210; x_wconf 84' lang='lat' dir='ltr'><strong>deliquium</strong></span> <span class='ocrx_word' id='word_1_316' title='bbox 2556 1159 2752 1208; x_wconf 86' lang='lat' dir='ltr'><strong>passus</strong></span> 
     </span>
     <span class='ocr_line' id='line_1_64' title="bbox 1663 1212 2751 1278; baseline 0 -16"><span class='ocrx_word' id='word_1_317' title='bbox 1663 1218 1968 1274; x_wconf 87' lang='lat' dir='ltr'><strong>censeatur,</strong></span> <span class='ocrx_word' id='word_1_318' title='bbox 2007 1229 2170 1278; x_wconf 88' lang='lat' dir='ltr'><strong>quam</strong></span> <span class='ocrx_word' id='word_1_319' title='bbox 2207 1212 2422 1265; x_wconf 83' lang='lat' dir='ltr'><strong>Solonis</strong></span> <span class='ocrx_word' id='word_1_320' title='bbox 2462 1214 2595 1262; x_wconf 88' lang='lat' dir='ltr'><strong>dicti</strong></span> <span class='ocrx_word' id='word_1_321' title='bbox 2640 1229 2751 1263; x_wconf 86' lang='lat' dir='ltr'><strong>me—</strong></span> 
     </span>
     <span class='ocr_line' id='line_1_65' title="bbox 1660 1250 2751 1348; baseline -0.001 -16"><span class='ocrx_word' id='word_1_322' title='bbox 1660 1283 1877 1333; x_wconf 77' lang='lat' dir='ltr'><strong>minerit</strong></span> <span class='ocrx_word' id='word_1_323' title='bbox 1933 1250 2177 1348; x_wconf 76' lang='lat' dir='ltr'><strong>illudque</strong></span> <span class='ocrx_word' id='word_1_324' title='bbox 2243 1284 2490 1333; x_wconf 88' lang='lat' dir='ltr'><strong>elocutus</strong></span> <span class='ocrx_word' id='word_1_325' title='bbox 2554 1283 2751 1344; x_wconf 78' lang='lat' dir='ltr'><strong>fuerit3</strong></span> 
     </span>
    </p>

    <p class='ocr_par' dir='ltr' id='par_1_13' title="bbox 1655 1345 2749 2041">
     <span class='ocr_line' id='line_1_66' title="bbox 1662 1345 2749 1417; baseline -0.001 -15"><span class='ocrx_word' id='word_1_326' title='bbox 1662 1353 1776 1403; x_wconf 82' lang='lat' dir='ltr'><strong>sive</strong></span> <span class='ocrx_word' id='word_1_327' title='bbox 1817 1368 1883 1402; x_wconf 80' lang='lat' dir='ltr'><strong>ex</strong></span> <span class='ocrx_word' id='word_1_328' title='bbox 1925 1353 2379 1417; x_wconf 82' lang='lat' dir='ltr'><strong>interpretatione</strong></span> <span class='ocrx_word' id='word_1_329' title='bbox 2424 1351 2577 1402; x_wconf 84' lang='lat' dir='ltr'><strong>verbi</strong></span> <span class='ocrx_word' id='word_1_330' title='bbox 2611 1345 2749 1402; x_wconf 76' lang='grc' dir='ltr'><strong><em>ἄνα·</em></strong></span> 
     </span>
     <span class='ocr_line' id='line_1_67' title="bbox 1661 1419 2747 1487; baseline 0.002 -16"><span class='ocrx_word' id='word_1_331' title='bbox 1661 1419 1959 1486; x_wconf 78' lang='grc' dir='ltr'><strong><em>φέρεσθαι,</em></strong></span> <span class='ocrx_word' id='word_1_332' title='bbox 1990 1422 2134 1487; x_wconf 87' lang='lat' dir='ltr'><strong>quod</strong></span> <span class='ocrx_word' id='word_1_333' title='bbox 2169 1421 2319 1472; x_wconf 78' lang='lat' dir='ltr'><strong>valet</strong></span> <span class='ocrx_word' id='word_1_334' title='bbox 2352 1437 2465 1473; x_wconf 79' lang='lat' dir='ltr'><strong>sese</strong></span> <span class='ocrx_word' id='word_1_335' title='bbox 2498 1423 2747 1486; x_wconf 80' lang='lat' dir='ltr'><strong>recipere,</strong></span> 
     </span>
     <span class='ocr_line' id='line_1_68' title="bbox 1662 1489 2748 1556; baseline -0.001 -15"><span class='ocrx_word' id='word_1_336' title='bbox 1662 1506 1692 1541; x_wconf 97' lang='lat' dir='ltr'><strong>e</strong></span> <span class='ocrx_word' id='word_1_337' title='bbox 1726 1492 2139 1556; x_wconf 87' lang='lat' dir='ltr'><strong>perturbatione</strong></span> <span class='ocrx_word' id='word_1_338' title='bbox 2182 1491 2395 1543; x_wconf 86' lang='lat' dir='ltr'><strong>scilicet</strong></span> <span class='ocrx_word' id='word_1_339' title='bbox 2449 1492 2615 1541; x_wconf 86' lang='lat' dir='ltr'><strong>animi</strong></span> <span class='ocrx_word' id='word_1_340' title='bbox 2660 1489 2748 1541; x_wconf 83' lang='lat' dir='ltr'><strong>vel</strong></span> 
     </span>
     <span class='ocr_line' id='line_1_69' title="bbox 1660 1561 2748 1626; baseline 0 -16"><span class='ocrx_word' id='word_1_341' title='bbox 1660 1561 2131 1624; x_wconf 84' lang='lat' dir='ltr'><strong>consternatione,</strong></span> <span class='ocrx_word' id='word_1_342' title='bbox 2171 1576 2312 1626; x_wconf 89' lang='lat' dir='ltr'><strong>quae</strong></span> <span class='ocrx_word' id='word_1_343' title='bbox 2348 1566 2524 1622; x_wconf 85' lang='lat' dir='ltr'><strong>totum</strong></span> <span class='ocrx_word' id='word_1_344' title='bbox 2552 1576 2748 1625; x_wconf 88' lang='lat' dir='ltr'><strong>corpus</strong></span> 
     </span>
     <span class='ocr_line' id='line_1_70' title="bbox 1659 1618 2748 1695; baseline 0.001 -16"><span class='ocrx_word' id='word_1_345' title='bbox 1659 1630 2004 1695; x_wconf 88' lang='lat' dir='ltr'><strong>animumque</strong></span> <span class='ocrx_word' id='word_1_346' title='bbox 2036 1635 2287 1681; x_wconf 88' lang='lat' dir='ltr'><strong>tenuerat</strong></span> <span class='ocrx_word' id='word_1_347' title='bbox 2314 1618 2605 1692; x_wconf 75' lang='lat' dir='ltr'><strong>(nostrumz</strong></span> <span class='ocrx_word' id='word_1_348' title='bbox 2633 1634 2748 1682; x_wconf 76' lang='lat' dir='ltr'><strong>wie-</strong></span> 
     </span>
     <span class='ocr_line' id='line_1_71' title="bbox 1658 1699 2746 1764; baseline 0.001 -15"><span class='ocrx_word' id='word_1_349' title='bbox 1658 1701 1777 1749; x_wconf 82' lang='lat' dir='ltr'><strong>der</strong></span> <span class='ocrx_word' id='word_1_350' title='bbox 1796 1716 1860 1750; x_wconf 85' lang='lat' dir='ltr'><strong>zu</strong></span> <span class='ocrx_word' id='word_1_351' title='bbox 1903 1700 2009 1750; x_wconf 69' lang='lat' dir='ltr'><strong>sich</strong></span> <span class='ocrx_word' id='word_1_352' title='bbox 2054 1699 2297 1764; x_wconf 78' lang='lat' dir='ltr'><strong>ltommen,</strong></span> <span class='ocrx_word' id='word_1_353' title='bbox 2345 1699 2451 1751; x_wconf 74' lang='lat' dir='ltr'><strong>siclt</strong></span> <span class='ocrx_word' id='word_1_354' title='bbox 2498 1699 2746 1764; x_wconf 77' lang='lat' dir='ltr'><strong>erholen).</strong></span> 
     </span>
     <span class='ocr_line' id='line_1_72' title="bbox 1655 1769 2745 1834; baseline -0.002 -14"><span class='ocrx_word' id='word_1_355' title='bbox 1655 1769 1780 1821; x_wconf 89' lang='lat' dir='ltr'><strong>Vid.</strong></span> <span class='ocrx_word' id='word_1_356' title='bbox 1821 1785 1958 1834; x_wconf 84' lang='lat' dir='ltr'><strong>quae</strong></span> <span class='ocrx_word' id='word_1_357' title='bbox 1992 1769 2334 1819; x_wconf 79' lang='lat' dir='ltr'><strong>laudavimus</strong></span> <span class='ocrx_word' id='word_1_358' title='bbox 2368 1769 2439 1819; x_wconf 88' lang='lat' dir='ltr'><strong>ad</strong></span> <span class='ocrx_word' id='word_1_359' title='bbox 2464 1769 2745 1820; x_wconf 87' lang='lat' dir='ltr'><strong>Plutarch.</strong></span> 
     </span>
     <span class='ocr_line' id='line_1_73' title="bbox 1655 1838 2742 1904; baseline 0 -16"><span class='ocrx_word' id='word_1_360' title='bbox 1655 1838 1924 1890; x_wconf 88' lang='lat' dir='ltr'><strong>Alcibiad.</strong></span> <span class='ocrx_word' id='word_1_361' title='bbox 1963 1855 2016 1903; x_wconf 91' lang='lat' dir='ltr'><strong>p.</strong></span> <span class='ocrx_word' id='word_1_362' title='bbox 2057 1839 2176 1891; x_wconf 84' lang='lat'><strong>115.</strong></span> <span class='ocrx_word' id='word_1_363' title='bbox 2228 1842 2343 1889; x_wconf 86' lang='lat' dir='ltr'><strong>not.</strong></span> <span class='ocrx_word' id='word_1_364' title='bbox 2379 1855 2434 1904; x_wconf 89' lang='lat' dir='ltr'><strong>p.</strong></span> <span class='ocrx_word' id='word_1_365' title='bbox 2488 1840 2589 1889; x_wconf 81' lang='lat'><strong>257</strong></span> <span class='ocrx_word' id='word_1_366' title='bbox 2627 1855 2742 1903; x_wconf 88' lang='lat' dir='ltr'><strong>seq.</strong></span> 
     </span>
     <span class='ocr_line' id='line_1_74' title="bbox 1655 1907 2744 1975; baseline 0.001 -17"><span class='ocrx_word' id='word_1_367' title='bbox 1655 1908 1814 1959; x_wconf 83' lang='lat' dir='ltr'><strong>Iliad.</strong></span> <span class='ocrx_word' id='word_1_368' title='bbox 1852 1910 1999 1970; x_wconf 85' lang='lat' dir='ltr'><strong>XIX,</strong></span> <span class='ocrx_word' id='word_1_369' title='bbox 2034 1907 2137 1959; x_wconf 83' lang='lat'><strong>314</strong></span> <span class='ocrx_word' id='word_1_370' title='bbox 2175 1909 2361 1975; x_wconf 89' lang='lat' dir='ltr'><strong>ibique</strong></span> <span class='ocrx_word' id='word_1_371' title='bbox 2387 1908 2580 1959; x_wconf 87' lang='lat' dir='ltr'><strong>Bothe.</strong></span> <span class='ocrx_word' id='word_1_372' title='bbox 2624 1910 2744 1971; x_wconf 83' lang='lat' dir='ltr'><strong>Quo</strong></span> 
     </span>
     <span class='ocr_line' id='line_1_75' title="bbox 1655 1970 2743 2041; baseline -0.002 -13"><span class='ocrx_word' id='word_1_373' title='bbox 1655 1994 1818 2028; x_wconf 80' lang='lat' dir='ltr'><strong>sensu</strong></span> <span class='ocrx_word' id='word_1_374' title='bbox 1856 1978 2052 2029; x_wconf 87' lang='lat' dir='ltr'><strong>Graeci</strong></span> <span class='ocrx_word' id='word_1_375' title='bbox 2092 1978 2259 2028; x_wconf 90' lang='lat' dir='ltr'><strong>etiam</strong></span> <span class='ocrx_word' id='word_1_376' title='bbox 2295 1978 2487 2028; x_wconf 87' lang='lat' dir='ltr'><strong>dicunt</strong></span> <span class='ocrx_word' id='word_1_377' title='bbox 2529 1970 2743 2041; x_wconf 77' lang='grc' dir='ltr'><strong><em>ἀναφέ-</em></strong></span> 
     </span>
    </p>

    <p class='ocr_par' dir='ltr' id='par_1_14' title="bbox 1643 2047 2743 3434">
     <span class='ocr_line' id='line_1_76' title="bbox 1656 2047 2742 2110; baseline 0.001 -15"><span class='ocrx_word' id='word_1_378' title='bbox 1656 2061 1776 2110; x_wconf 78' lang='grc' dir='ltr'><strong><em>ρειν</em></strong></span> <span class='ocrx_word' id='word_1_379' title='bbox 1835 2049 1893 2097; x_wconf 90' lang='lat' dir='ltr'><strong>in</strong></span> <span class='ocrx_word' id='word_1_380' title='bbox 1936 2048 2118 2098; x_wconf 85' lang='lat' dir='ltr'><strong>activo</strong></span> <span class='ocrx_word' id='word_1_381' title='bbox 2183 2048 2551 2098; x_wconf 77' lang='lat' dir='ltr'><strong>intransitive.</strong></span> <span class='ocrx_word' id='word_1_382' title='bbox 2633 2047 2742 2098; x_wconf 89' lang='lat' dir='ltr'><strong>Sed</strong></span> 
     </span>
     <span class='ocr_line' id='line_1_77' title="bbox 1652 2115 2743 2183; baseline 0.001 -18"><span class='ocrx_word' id='word_1_383' title='bbox 1652 2115 1795 2168; x_wconf 89' lang='lat' dir='ltr'><strong>hauc</strong></span> <span class='ocrx_word' id='word_1_384' title='bbox 1848 2117 2008 2167; x_wconf 85' lang='lat' dir='ltr'><strong>huius</strong></span> <span class='ocrx_word' id='word_1_385' title='bbox 2076 2118 2230 2167; x_wconf 83' lang='lat' dir='ltr'><strong>verbi</strong></span> <span class='ocrx_word' id='word_1_386' title='bbox 2288 2117 2743 2183; x_wconf 81' lang='lat' dir='ltr'><strong>significationem</strong></span> 
     </span>
     <span class='ocr_line' id='line_1_78' title="bbox 1653 2186 2742 2253; baseline 0.001 -18"><span class='ocrx_word' id='word_1_387' title='bbox 1653 2188 1892 2253; x_wconf 86' lang='lat' dir='ltr'><strong>sequiori</strong></span> <span class='ocrx_word' id='word_1_388' title='bbox 1931 2186 2144 2237; x_wconf 87' lang='lat' dir='ltr'><strong>demum</strong></span> <span class='ocrx_word' id='word_1_389' title='bbox 2187 2188 2360 2237; x_wconf 86' lang='lat' dir='ltr'><strong>aetati</strong></span> <span class='ocrx_word' id='word_1_390' title='bbox 2395 2188 2742 2237; x_wconf 87' lang='lat' dir='ltr'><strong>tribuendam</strong></span> 
     </span>
     <span class='ocr_line' id='line_1_79' title="bbox 1654 2255 2742 2321; baseline 0 -15"><span class='ocrx_word' id='word_1_391' title='bbox 1654 2261 1839 2306; x_wconf 88' lang='lat' dir='ltr'><strong>censet</strong></span> <span class='ocrx_word' id='word_1_392' title='bbox 1875 2255 2208 2321; x_wconf 62' lang='lat' dir='ltr'><strong>Schweigh„</strong></span> <span class='ocrx_word' id='word_1_393' title='bbox 2248 2273 2370 2307; x_wconf 91' lang='lat' dir='ltr'><strong>cum</strong></span> <span class='ocrx_word' id='word_1_394' title='bbox 2406 2256 2552 2321; x_wconf 88' lang='lat' dir='ltr'><strong>apud</strong></span> <span class='ocrx_word' id='word_1_395' title='bbox 2594 2261 2742 2306; x_wconf 84' lang='lat' dir='ltr'><strong>vete-</strong></span> 
     </span>
     <span class='ocr_line' id='line_1_80' title="bbox 1652 2325 2742 2390; baseline 0.001 -15"><span class='ocrx_word' id='word_1_396' title='bbox 1652 2341 1738 2375; x_wconf 89' lang='lat' dir='ltr'><strong>res</strong></span> <span class='ocrx_word' id='word_1_397' title='bbox 1778 2331 1833 2375; x_wconf 90' lang='lat' dir='ltr'><strong>et</strong></span> <span class='ocrx_word' id='word_1_398' title='bbox 1881 2325 2099 2376; x_wconf 85' lang='lat' dir='ltr'><strong>Ionicos</strong></span> <span class='ocrx_word' id='word_1_399' title='bbox 2135 2326 2476 2390; x_wconf 86' lang='lat' dir='ltr'><strong>potissimum</strong></span> <span class='ocrx_word' id='word_1_400' title='bbox 2514 2327 2742 2390; x_wconf 87' lang='lat' dir='ltr'><strong>scripto-</strong></span> 
     </span>
     <span class='ocr_line' id='line_1_81' title="bbox 1651 2394 2741 2457; baseline 0 -12"><span class='ocrx_word' id='word_1_401' title='bbox 1651 2411 1739 2445; x_wconf 88' lang='lat' dir='ltr'><strong>res</strong></span> <span class='ocrx_word' id='word_1_402' title='bbox 1776 2394 1911 2444; x_wconf 88' lang='lat' dir='ltr'><strong>nihil</strong></span> <span class='ocrx_word' id='word_1_403' title='bbox 1947 2396 2061 2446; x_wconf 86' lang='lat' dir='ltr'><strong>fere</strong></span> <span class='ocrx_word' id='word_1_404' title='bbox 2095 2395 2247 2446; x_wconf 87' lang='lat' dir='ltr'><strong>aliud</strong></span> <span class='ocrx_word' id='word_1_405' title='bbox 2284 2397 2384 2457; x_wconf 89' lang='lat' dir='ltr'><strong>sit,</strong></span> <span class='ocrx_word' id='word_1_406' title='bbox 2433 2396 2539 2445; x_wconf 86' lang='lat' dir='ltr'><strong>nisi</strong></span> <span class='ocrx_word' id='word_1_407' title='bbox 2576 2412 2741 2445; x_wconf 81' lang='lat' dir='ltr'><strong>vocem</strong></span> 
     </span>
     <span class='ocr_line' id='line_1_82' title="bbox 1651 2464 2740 2530; baseline 0 -16"><span class='ocrx_word' id='word_1_408' title='bbox 1651 2464 1739 2514; x_wconf 79' lang='lat' dir='ltr'><strong>vel</strong></span> <span class='ocrx_word' id='word_1_409' title='bbox 1768 2468 1994 2528; x_wconf 70' lang='lat' dir='ltr'><strong>yemitum</strong></span> <span class='ocrx_word' id='word_1_410' title='bbox 2038 2468 2130 2530; x_wconf 84' lang='lat' dir='ltr'><strong>(ex</strong></span> <span class='ocrx_word' id='word_1_411' title='bbox 2175 2466 2282 2515; x_wconf 89' lang='lat' dir='ltr'><strong>imo</strong></span> <span class='ocrx_word' id='word_1_412' title='bbox 2330 2465 2572 2530; x_wconf 86' lang='lat' dir='ltr'><strong>pectore)</strong></span> <span class='ocrx_word' id='word_1_413' title='bbox 2615 2481 2740 2528; x_wconf 81' lang='lat' dir='ltr'><strong>pro-</strong></span> 
     </span>
     <span class='ocr_line' id='line_1_83' title="bbox 1644 2534 2739 2599; baseline -0.001 -15"><span class='ocrx_word' id='word_1_414' title='bbox 1644 2535 1811 2598; x_wconf 80' lang='lat' dir='ltr'><strong>ferre,</strong></span> <span class='ocrx_word' id='word_1_415' title='bbox 1851 2541 1913 2583; x_wconf 90' lang='lat' dir='ltr'><strong>ut</strong></span> <span class='ocrx_word' id='word_1_416' title='bbox 1946 2534 1992 2598; x_wconf 89' lang='lat'><strong>1,</strong></span> <span class='ocrx_word' id='word_1_417' title='bbox 2032 2535 2148 2586; x_wconf 84' lang='lat'><strong>116.</strong></span> <span class='ocrx_word' id='word_1_418' title='bbox 2214 2535 2331 2586; x_wconf 89' lang='lat' dir='ltr'><strong>Nec</strong></span> <span class='ocrx_word' id='word_1_419' title='bbox 2373 2540 2557 2585; x_wconf 85' lang='lat' dir='ltr'><strong>tamen</strong></span> <span class='ocrx_word' id='word_1_420' title='bbox 2593 2536 2739 2599; x_wconf 83' lang='lat' dir='ltr'><strong>equi-</strong></span> 
     </span>
     <span class='ocr_line' id='line_1_84' title="bbox 1651 2603 2736 2669; baseline 0 -17"><span class='ocrx_word' id='word_1_421' title='bbox 1651 2603 1772 2653; x_wconf 89' lang='lat' dir='ltr'><strong>dem</strong></span> <span class='ocrx_word' id='word_1_422' title='bbox 1821 2603 2010 2666; x_wconf 85' lang='lat' dir='ltr'><strong>video,</strong></span> <span class='ocrx_word' id='word_1_423' title='bbox 2069 2619 2164 2654; x_wconf 88' lang='lat' dir='ltr'><strong>cur</strong></span> <span class='ocrx_word' id='word_1_424' title='bbox 2223 2620 2256 2653; x_wconf 86' lang='lat' dir='ltr'><strong>a</strong></span> <span class='ocrx_word' id='word_1_425' title='bbox 2305 2604 2521 2669; x_wconf 82' lang='lat' dir='ltr'><strong>vulgari</strong></span> <span class='ocrx_word' id='word_1_426' title='bbox 2574 2603 2736 2654; x_wconf 86' lang='lat' dir='ltr'><strong>huius</strong></span> 
     </span>
     <span class='ocr_line' id='line_1_85' title="bbox 1649 2673 2737 2738; baseline 0.001 -16"><span class='ocrx_word' id='word_1_427' title='bbox 1649 2674 1803 2722; x_wconf 81' lang='lat' dir='ltr'><strong>verbi</strong></span> <span class='ocrx_word' id='word_1_428' title='bbox 1818 2673 2281 2738; x_wconf 82' lang='lat' dir='ltr'><strong>interpretatione,</strong></span> <span class='ocrx_word' id='word_1_429' title='bbox 2302 2673 2372 2723; x_wconf 88' lang='lat' dir='ltr'><strong>ad</strong></span> <span class='ocrx_word' id='word_1_430' title='bbox 2389 2689 2550 2738; x_wconf 88' lang='lat' dir='ltr'><strong>quam</strong></span> <span class='ocrx_word' id='word_1_431' title='bbox 2562 2674 2737 2738; x_wconf 89' lang='lat' dir='ltr'><strong>ipsam</strong></span> 
     </span>
     <span class='ocr_line' id='line_1_86' title="bbox 1650 2741 2738 2807; baseline -0.001 -15"><span class='ocrx_word' id='word_1_432' title='bbox 1650 2742 1736 2792; x_wconf 82' lang='lat' dir='ltr'><strong>vel</strong></span> <span class='ocrx_word' id='word_1_433' title='bbox 1765 2742 1950 2807; x_wconf 84' lang='lat' dir='ltr'><strong>glossa</strong></span> <span class='ocrx_word' id='word_1_434' title='bbox 1983 2742 2257 2807; x_wconf 86' lang='lat' dir='ltr'><strong>adscripta</strong></span> <span class='ocrx_word' id='word_1_435' title='bbox 2282 2743 2352 2804; x_wconf 86' lang='lat' dir='ltr'><strong>(si</strong></span> <span class='ocrx_word' id='word_1_436' title='bbox 2375 2741 2738 2804; x_wconf 75' lang='grc' dir='ltr'><strong><em>λειποταξίας</em></strong></span> 
     </span>
     <span class='ocr_line' id='line_1_87' title="bbox 1646 2809 2735 2863; baseline 0.002 -2"><span class='ocrx_word' id='word_1_437' title='bbox 1646 2812 1939 2862; x_wconf 88' lang='lat' dir='ltr'><strong>lectionem</strong></span> <span class='ocrx_word' id='word_1_438' title='bbox 1985 2809 2238 2863; x_wconf 80' lang='lat' dir='ltr'><strong>nimirum</strong></span> <span class='ocrx_word' id='word_1_439' title='bbox 2289 2813 2417 2863; x_wconf 88' lang='lat' dir='ltr'><strong>inde</strong></span> <span class='ocrx_word' id='word_1_440' title='bbox 2456 2813 2607 2863; x_wconf 85' lang='lat' dir='ltr'><strong>dicas</strong></span> <span class='ocrx_word' id='word_1_441' title='bbox 2652 2828 2735 2863; x_wconf 92' lang='lat' dir='ltr'><strong>or-</strong></span> 
     </span>
     <span class='ocr_line' id='line_1_88' title="bbox 1646 2879 2733 2947; baseline -0.001 -15"><span class='ocrx_word' id='word_1_442' title='bbox 1646 2879 1787 2944; x_wconf 85' lang='lat' dir='ltr'><strong>tam)</strong></span> <span class='ocrx_word' id='word_1_443' title='bbox 1828 2897 1926 2932; x_wconf 91' lang='lat' dir='ltr'><strong>nos</strong></span> <span class='ocrx_word' id='word_1_444' title='bbox 1964 2881 2159 2932; x_wconf 89' lang='lat' dir='ltr'><strong>ducere</strong></span> <span class='ocrx_word' id='word_1_445' title='bbox 2192 2886 2428 2947; x_wconf 88' lang='lat' dir='ltr'><strong>poterat,</strong></span> <span class='ocrx_word' id='word_1_446' title='bbox 2465 2881 2733 2944; x_wconf 87' lang='lat' dir='ltr'><strong>recedam,</strong></span> 
     </span>
     <span class='ocr_line' id='line_1_89' title="bbox 1645 2950 2732 3002; baseline -0.001 0"><span class='ocrx_word' id='word_1_447' title='bbox 1645 2967 1745 3002; x_wconf 91' lang='lat' dir='ltr'><strong>nec</strong></span> <span class='ocrx_word' id='word_1_448' title='bbox 1781 2951 2119 3001; x_wconf 89' lang='lat' dir='ltr'><strong>Herodotum</strong></span> <span class='ocrx_word' id='word_1_449' title='bbox 2166 2953 2381 3002; x_wconf 88' lang='lat' dir='ltr'><strong>credam</strong></span> <span class='ocrx_word' id='word_1_450' title='bbox 2425 2950 2529 3002; x_wconf 85' lang='lat' dir='ltr'><strong>hoc</strong></span> <span class='ocrx_word' id='word_1_451' title='bbox 2565 2952 2732 3001; x_wconf 85' lang='lat' dir='ltr'><strong>verbo</strong></span> 
     </span>
     <span class='ocr_line' id='line_1_90' title="bbox 1646 3020 2731 3085; baseline -0.001 -14"><span class='ocrx_word' id='word_1_452' title='bbox 1646 3036 1710 3071; x_wconf 91' lang='lat' dir='ltr'><strong>ea</strong></span> <span class='ocrx_word' id='word_1_453' title='bbox 1743 3020 2142 3085; x_wconf 79' lang='lat' dir='ltr'><strong>significatione</strong></span> <span class='ocrx_word' id='word_1_454' title='bbox 2177 3036 2351 3083; x_wconf 88' lang='lat' dir='ltr'><strong>usum,</strong></span> <span class='ocrx_word' id='word_1_455' title='bbox 2384 3036 2491 3085; x_wconf 87' lang='lat' dir='ltr'><strong>qua</strong></span> <span class='ocrx_word' id='word_1_456' title='bbox 2512 3026 2638 3085; x_wconf 87' lang='lat' dir='ltr'><strong>post</strong></span> <span class='ocrx_word' id='word_1_457' title='bbox 2662 3021 2731 3071; x_wconf 86' lang='lat' dir='ltr'><strong>ab</strong></span> 
     </span>
     <span class='ocr_line' id='line_1_91' title="bbox 1648 3090 2731 3155; baseline -0.001 -14"><span class='ocrx_word' id='word_1_458' title='bbox 1648 3090 1865 3155; x_wconf 84' lang='lat' dir='ltr'><strong>optimis</strong></span> <span class='ocrx_word' id='word_1_459' title='bbox 1905 3091 2207 3155; x_wconf 87' lang='lat' dir='ltr'><strong>quibusque</strong></span> <span class='ocrx_word' id='word_1_460' title='bbox 2243 3091 2597 3155; x_wconf 87' lang='lat' dir='ltr'><strong>scriptoribus</strong></span> <span class='ocrx_word' id='word_1_461' title='bbox 2637 3090 2731 3140; x_wconf 90' lang='lat' dir='ltr'><strong>ad-</strong></span> 
     </span>
     <span class='ocr_line' id='line_1_92' title="bbox 1643 3160 2732 3225; baseline 0.001 -16"><span class='ocrx_word' id='word_1_462' title='bbox 1643 3160 1875 3210; x_wconf 88' lang='lat' dir='ltr'><strong>hibitum</strong></span> <span class='ocrx_word' id='word_1_463' title='bbox 1908 3160 2170 3210; x_wconf 81' lang='lat' dir='ltr'><strong>videmus.</strong></span> <span class='ocrx_word' id='word_1_464' title='bbox 2223 3161 2420 3225; x_wconf 89' lang='lat' dir='ltr'><strong>Itaque</strong></span> <span class='ocrx_word' id='word_1_465' title='bbox 2465 3160 2602 3210; x_wconf 88' lang='lat' dir='ltr'><strong>haec</strong></span> <span class='ocrx_word' id='word_1_466' title='bbox 2638 3175 2732 3210; x_wconf 91' lang='lat' dir='ltr'><strong>no-</strong></span> 
     </span>
     <span class='ocr_line' id='line_1_93' title="bbox 1643 3228 2733 3294; baseline -0.002 -14"><span class='ocrx_word' id='word_1_467' title='bbox 1643 3230 1729 3280; x_wconf 84' lang='lat' dir='ltr'><strong>bis</strong></span> <span class='ocrx_word' id='word_1_468' title='bbox 1780 3228 1885 3279; x_wconf 89' lang='lat' dir='ltr'><strong>erit</strong></span> <span class='ocrx_word' id='word_1_469' title='bbox 1930 3229 2038 3279; x_wconf 87' lang='lat' dir='ltr'><strong>loci</strong></span> <span class='ocrx_word' id='word_1_470' title='bbox 2098 3231 2397 3280; x_wconf 87' lang='lat' dir='ltr'><strong>sententia:</strong></span> <span class='ocrx_word' id='word_1_471' title='bbox 2454 3231 2733 3294; x_wconf 64' lang='lat' dir='ltr'><strong>„Croesus</strong></span> 
     </span>
     <span class='ocr_line' id='line_1_94' title="bbox 1644 3302 2731 3364; baseline -0.001 -15"><span class='ocrx_word' id='word_1_472' title='bbox 1644 3307 1803 3349; x_wconf 82' lang='lat' dir='ltr'><strong>mente</strong></span> <span class='ocrx_word' id='word_1_473' title='bbox 1854 3307 2060 3361; x_wconf 77' lang='lat' dir='ltr'><strong>recepta</strong></span> <span class='ocrx_word' id='word_1_474' title='bbox 2105 3309 2157 3349; x_wconf 81' lang='lat' dir='ltr'><strong>ee</strong></span> <span class='ocrx_word' id='word_1_475' title='bbox 2199 3302 2332 3351; x_wconf 78' lang='lat' dir='ltr'><strong>edito</strong></span> <span class='ocrx_word' id='word_1_476' title='bbox 2381 3302 2564 3364; x_wconf 66' lang='lat' dir='ltr'><strong>,qemitu</strong></span> <span class='ocrx_word' id='word_1_477' title='bbox 2617 3305 2731 3362; x_wconf 80' lang='lat' dir='ltr'><strong>post</strong></span> 
     </span>
     <span class='ocr_line' id='line_1_95' title="bbox 1643 3368 2732 3434; baseline 0 -16"><span class='ocrx_word' id='word_1_478' title='bbox 1643 3371 1837 3419; x_wconf 79' lang='lat' dir='ltr'><strong>rmcltum</strong></span> <span class='ocrx_word' id='word_1_479' title='bbox 1870 3370 2113 3424; x_wconf 74' lang='lat' dir='ltr'><strong>silentium</strong></span> <span class='ocrx_word' id='word_1_480' title='bbox 2147 3368 2221 3432; x_wconf 88' lang='lat' dir='ltr'><strong>(s.</strong></span> <span class='ocrx_word' id='word_1_481' title='bbox 2250 3368 2509 3434; x_wconf 85' lang='lat' dir='ltr'><strong>quietem)</strong></span> <span class='ocrx_word' id='word_1_482' title='bbox 2542 3378 2622 3419; x_wconf 80' lang='lat' dir='ltr'><strong>ter</strong></span> <span class='ocrx_word' id='word_1_483' title='bbox 2644 3383 2732 3418; x_wconf 79' lang='lat' dir='ltr'><strong>no-</strong></span> 
     </span>
    </p>

    <p class='ocr_par' dir='ltr' id='par_1_15' title="bbox 1641 3431 2729 3573">
     <span class='ocr_line' id='line_1_96' title="bbox 1641 3431 2729 3503; baseline -0.003 -14"><span class='ocrx_word' id='word_1_484' title='bbox 1641 3440 1855 3489; x_wconf 74' lang='lat' dir='ltr'><strong>minasse</strong></span> <span class='ocrx_word' id='word_1_485' title='bbox 1903 3436 2189 3489; x_wconf 50' lang='lat' dir='ltr'><strong>Solonemss</strong></span> <span class='ocrx_word' id='word_1_486' title='bbox 2232 3438 2467 3489; x_wconf 88' lang='lat' dir='ltr'><strong>Locutio</strong></span> <span class='ocrx_word' id='word_1_487' title='bbox 2513 3431 2568 3495; x_wconf 77' lang='grc' dir='ltr'><strong>ἐς</strong></span> <span class='ocrx_word' id='word_1_488' title='bbox 2604 3433 2729 3503; x_wconf 74' lang='grc' dir='ltr'><strong><em>τρὶς</em></strong></span> 
     </span>
     <span class='ocr_line' id='line_1_97' title="bbox 1643 3507 2726 3573; baseline 0 -15"><span class='ocrx_word' id='word_1_489' title='bbox 1643 3509 1783 3558; x_wconf 87' lang='lat' dir='ltr'><strong>redit</strong></span> <span class='ocrx_word' id='word_1_490' title='bbox 1824 3507 1968 3573; x_wconf 84' lang='lat' dir='ltr'><strong>apud</strong></span> <span class='ocrx_word' id='word_1_491' title='bbox 2010 3507 2221 3558; x_wconf 83' lang='lat' dir='ltr'><strong>Aelian.</strong></span> <span class='ocrx_word' id='word_1_492' title='bbox 2267 3508 2338 3560; x_wconf 93' lang='lat' dir='ltr'><strong>V.</strong></span> <span class='ocrx_word' id='word_1_493' title='bbox 2383 3508 2457 3559; x_wconf 86' lang='lat' dir='ltr'><strong>H.</strong></span> <span class='ocrx_word' id='word_1_494' title='bbox 2503 3507 2726 3571; x_wconf 74' lang='lat' dir='ltr'><strong>1X,41.</strong></span> 
     </span>
    </p>

    <p class='ocr_par' dir='ltr' id='par_1_16' title="bbox 1640 3576 2727 3850">
     <span class='ocr_line' id='line_1_98' title="bbox 1642 3576 2726 3640; baseline -0.004 -10"><span class='ocrx_word' id='word_1_495' title='bbox 1642 3579 1712 3630; x_wconf 89' lang='lat' dir='ltr'><strong>N.</strong></span> <span class='ocrx_word' id='word_1_496' title='bbox 1750 3578 1815 3628; x_wconf 89' lang='lat' dir='ltr'><strong>A.</strong></span> <span class='ocrx_word' id='word_1_497' title='bbox 1852 3577 1929 3640; x_wconf 91' lang='lat'><strong>11,</strong></span> <span class='ocrx_word' id='word_1_498' title='bbox 1973 3578 2021 3638; x_wconf 86' lang='lat'><strong>1,</strong></span> <span class='ocrx_word' id='word_1_499' title='bbox 2065 3577 2160 3627; x_wconf 92' lang='lat' dir='ltr'><strong>ubi</strong></span> <span class='ocrx_word' id='word_1_500' title='bbox 2204 3576 2432 3628; x_wconf 80' lang='lat' dir='ltr'><strong>Jacobs,</strong></span> <span class='ocrx_word' id='word_1_501' title='bbox 2470 3581 2527 3627; x_wconf 88' lang='lat' dir='ltr'><strong>et</strong></span> <span class='ocrx_word' id='word_1_502' title='bbox 2567 3576 2726 3627; x_wconf 85' lang='lat' dir='ltr'><strong>huius</strong></span> 
     </span>
     <span class='ocr_line' id='line_1_99' title="bbox 1641 3645 2727 3708; baseline -0.001 -11"><span class='ocrx_word' id='word_1_503' title='bbox 1641 3647 1749 3699; x_wconf 91' lang='lat' dir='ltr'><strong>loci</strong></span> <span class='ocrx_word' id='word_1_504' title='bbox 1797 3645 2096 3697; x_wconf 90' lang='lat' dir='ltr'><strong>Herodotei</strong></span> <span class='ocrx_word' id='word_1_505' title='bbox 2141 3651 2196 3695; x_wconf 84' lang='lat' dir='ltr'><strong>et</strong></span> <span class='ocrx_word' id='word_1_506' title='bbox 2237 3646 2512 3697; x_wconf 86' lang='lat' dir='ltr'><strong>Theocrit.</strong></span> <span class='ocrx_word' id='word_1_507' title='bbox 2563 3645 2619 3708; x_wconf 93' lang='lat' dir='ltr'><strong>I,</strong></span> <span class='ocrx_word' id='word_1_508' title='bbox 2657 3647 2727 3697; x_wconf 84' lang='lat'><strong>25</strong></span> 
     </span>
     <span class='ocr_line' id='line_1_100' title="bbox 1641 3708 2726 3782; baseline 0 -16"><span class='ocrx_word' id='word_1_509' title='bbox 1641 3722 1768 3782; x_wconf 85' lang='lat' dir='ltr'><strong>apte</strong></span> <span class='ocrx_word' id='word_1_510' title='bbox 1798 3716 2058 3767; x_wconf 89' lang='lat' dir='ltr'><strong>meminit.</strong></span> <span class='ocrx_word' id='word_1_511' title='bbox 2076 3746 2147 3756; x_wconf 90' lang='lat'><strong>—-</strong></span> <span class='ocrx_word' id='word_1_512' title='bbox 2167 3708 2409 3765; x_wconf 81' lang='grc' dir='ltr'><strong><em>Σόλωνα</em></strong></span> <span class='ocrx_word' id='word_1_513' title='bbox 2444 3714 2569 3766; x_wconf 87' lang='lat' dir='ltr'><strong>dedi</strong></span> <span class='ocrx_word' id='word_1_514' title='bbox 2603 3731 2726 3766; x_wconf 87' lang='lat' dir='ltr'><strong>cum</strong></span> 
     </span>
     <span class='ocr_line' id='line_1_101' title="bbox 1640 3778 2726 3850; baseline -0.004 -12"><span class='ocrx_word' id='word_1_515' title='bbox 1640 3791 1869 3838; x_wconf 83' lang='lat' dir='ltr'><strong>recentt.</strong></span> <span class='ocrx_word' id='word_1_516' title='bbox 1904 3786 2027 3838; x_wconf 90' lang='lat' dir='ltr'><strong>edd.</strong></span> <span class='ocrx_word' id='word_1_517' title='bbox 2066 3801 2163 3850; x_wconf 86' lang='lat' dir='ltr'><strong>pro</strong></span> <span class='ocrx_word' id='word_1_518' title='bbox 2199 3785 2328 3836; x_wconf 90' lang='lat' dir='ltr'><strong>olim</strong></span> <span class='ocrx_word' id='word_1_519' title='bbox 2362 3785 2572 3850; x_wconf 81' lang='lat' dir='ltr'><strong>vulgat.</strong></span> <span class='ocrx_word' id='word_1_520' title='bbox 2612 3778 2726 3834; x_wconf 85' lang='grc' dir='ltr'><strong>Σό-</strong></span> 
     </span>
    </p>

    <p class='ocr_par' dir='ltr' id='par_1_17' title="bbox 1633 3854 2771 4338">
     <span class='ocr_line' id='line_1_102' title="bbox 1638 3854 2723 3919; baseline 0 -15"><span class='ocrx_word' id='word_1_521' title='bbox 1638 3856 1785 3917; x_wconf 81' lang='grc' dir='ltr'><strong><em>λων;</em></strong></span> <span class='ocrx_word' id='word_1_522' title='bbox 1822 3854 1933 3905; x_wconf 83' lang='lat' dir='ltr'><strong>vid.</strong></span> <span class='ocrx_word' id='word_1_523' title='bbox 1970 3856 2129 3906; x_wconf 88' lang='lat' dir='ltr'><strong>modo</strong></span> <span class='ocrx_word' id='word_1_524' title='bbox 2166 3855 2400 3907; x_wconf 85' lang='lat' dir='ltr'><strong>Bredov.</strong></span> <span class='ocrx_word' id='word_1_525' title='bbox 2439 3871 2492 3919; x_wconf 90' lang='lat' dir='ltr'><strong>p.</strong></span> <span class='ocrx_word' id='word_1_526' title='bbox 2533 3855 2619 3905; x_wconf 84' lang='grc'><strong>26.</strong></span> <span class='ocrx_word' id='word_1_527' title='bbox 2656 3855 2723 3904; x_wconf 88' lang='lat' dir='ltr'><strong>In</strong></span> 
     </span>
     <span class='ocr_line' id='line_1_103' title="bbox 1639 3921 2725 3990; baseline -0.003 -14"><span class='ocrx_word' id='word_1_528' title='bbox 1639 3941 1788 3990; x_wconf 87' lang='lat' dir='ltr'><strong>seqq.</strong></span> <span class='ocrx_word' id='word_1_529' title='bbox 1817 3925 1997 3975; x_wconf 79' lang='lat' dir='ltr'><strong>verbis</strong></span> <span class='ocrx_word' id='word_1_530' title='bbox 2023 3926 2223 3975; x_wconf 88' lang='lat' dir='ltr'><strong>retinui</strong></span> <span class='ocrx_word' id='word_1_531' title='bbox 2256 3921 2410 3988; x_wconf 83' lang='grc' dir='ltr'><strong><em>τέως,</em></strong></span> <span class='ocrx_word' id='word_1_532' title='bbox 2445 3924 2574 3974; x_wconf 89' lang='lat' dir='ltr'><strong>licet</strong></span> <span class='ocrx_word' id='word_1_533' title='bbox 2609 3924 2725 3974; x_wconf 91' lang='lat' dir='ltr'><strong>bini</strong></span> 
     </span>
     <span class='ocr_line' id='line_1_104' title="bbox 1639 3990 2771 4059; baseline -0.004 -13"><span class='ocrx_word' id='word_1_534' title='bbox 1639 3995 1798 4047; x_wconf 88' lang='lat' dir='ltr'><strong>codd.</strong></span> <span class='ocrx_word' id='word_1_535' title='bbox 1836 3993 2091 4045; x_wconf 85' lang='lat' dir='ltr'><strong>afferrent</strong></span> <span class='ocrx_word' id='word_1_536' title='bbox 2129 3990 2251 4057; x_wconf 82' lang='grc' dir='ltr'><strong><em>ἓως,</em></strong></span> <span class='ocrx_word' id='word_1_537' title='bbox 2276 3993 2420 4058; x_wconf 89' lang='lat' dir='ltr'><strong>quod</strong></span> <span class='ocrx_word' id='word_1_538' title='bbox 2452 3994 2631 4059; x_wconf 86' lang='lat' dir='ltr'><strong>ipsum</strong></span> <span class='ocrx_word' id='word_1_539' title='bbox 2657 4009 2723 4044; x_wconf 84' lang='lat' dir='ltr'><strong>ex</strong></span> <span class='ocrx_word' id='word_1_540' title='bbox 2768 4025 2771 4030; x_wconf 89' lang='lat'><em>-</em></span> 
     </span>
     <span class='ocr_line' id='line_1_105' title="bbox 1636 4063 2722 4125; baseline 0 -11"><span class='ocrx_word' id='word_1_541' title='bbox 1636 4064 1692 4117; x_wconf 90' lang='lat' dir='ltr'><strong>h.</strong></span> <span class='ocrx_word' id='word_1_542' title='bbox 1732 4064 1765 4114; x_wconf 93' lang='grc'><strong>1.</strong></span> <span class='ocrx_word' id='word_1_543' title='bbox 1806 4063 1963 4114; x_wconf 85' lang='lat' dir='ltr'><strong>affert</strong></span> <span class='ocrx_word' id='word_1_544' title='bbox 2000 4063 2255 4115; x_wconf 86' lang='lat' dir='ltr'><strong>Eustath.</strong></span> <span class='ocrx_word' id='word_1_545' title='bbox 2293 4063 2363 4113; x_wconf 88' lang='lat' dir='ltr'><strong>ad</strong></span> <span class='ocrx_word' id='word_1_546' title='bbox 2397 4063 2485 4113; x_wconf 89' lang='lat' dir='ltr'><strong>Ili.</strong></span> <span class='ocrx_word' id='word_1_547' title='bbox 2524 4063 2580 4125; x_wconf 92' lang='lat'><strong>1,</strong></span> <span class='ocrx_word' id='word_1_548' title='bbox 2621 4063 2722 4114; x_wconf 85' lang='grc'><strong>193</strong></span> 
     </span>
     <span class='ocr_line' id='line_1_106' title="bbox 1633 4131 2721 4199; baseline -0.003 -15"><span class='ocrx_word' id='word_1_549' title='bbox 1633 4150 1731 4199; x_wconf 88' lang='lat' dir='ltr'><strong>pro</strong></span> <span class='ocrx_word' id='word_1_550' title='bbox 1755 4131 1891 4190; x_wconf 81' lang='grc' dir='ltr'><strong><em>τέως</em></strong></span> <span class='ocrx_word' id='word_1_551' title='bbox 1911 4135 2168 4199; x_wconf 84' lang='lat' dir='ltr'><strong>positum.</strong></span> <span class='ocrx_word' id='word_1_552' title='bbox 2208 4133 2548 4198; x_wconf 81' lang='lat' dir='ltr'><strong>Quamquam</strong></span> <span class='ocrx_word' id='word_1_553' title='bbox 2580 4133 2721 4182; x_wconf 83' lang='lat' dir='ltr'><strong>enim</strong></span> 
     </span>
     <span class='ocr_line' id='line_1_107' title="bbox 1635 4197 2720 4268; baseline -0.003 -15"><span class='ocrx_word' id='word_1_554' title='bbox 1635 4202 1778 4268; x_wconf 87' lang='lat' dir='ltr'><strong>apud</strong></span> <span class='ocrx_word' id='word_1_555' title='bbox 1814 4204 2107 4254; x_wconf 68' lang='lat' dir='ltr'><strong>Homerum</strong></span> <span class='ocrx_word' id='word_1_556' title='bbox 2155 4197 2259 4260; x_wconf 74' lang='grc' dir='ltr'><strong>ἕως</strong></span> <span class='ocrx_word' id='word_1_557' title='bbox 2299 4204 2487 4268; x_wconf 87' lang='lat' dir='ltr'><strong>utique</strong></span> <span class='ocrx_word' id='word_1_558' title='bbox 2522 4202 2720 4266; x_wconf 88' lang='lat' dir='ltr'><strong>reperi-</strong></span> 
     </span>
     <span class='ocr_line' id='line_1_108' title="bbox 1634 4271 2717 4338; baseline 0 -16"><span class='ocrx_word' id='word_1_559' title='bbox 1634 4277 1723 4322; x_wconf 90' lang='lat' dir='ltr'><strong>tur</strong></span> <span class='ocrx_word' id='word_1_560' title='bbox 1742 4271 1845 4322; x_wconf 91' lang='lat' dir='ltr'><strong>hoc</strong></span> <span class='ocrx_word' id='word_1_561' title='bbox 1867 4288 2057 4324; x_wconf 85' lang='lat' dir='ltr'><strong>sensu.</strong></span> <span class='ocrx_word' id='word_1_562' title='bbox 2082 4274 2404 4338; x_wconf 75' lang='lat' dir='ltr'><strong>aliquamdiu,</strong></span> <span class='ocrx_word' id='word_1_563' title='bbox 2425 4288 2717 4335; x_wconf 78' lang='lat' dir='ltr'><strong>parumper,</strong></span> 
     </span>
    </p>
   </div>
   <div class='ocr_carea' id='block_1_12' title="bbox 1583 4337 2720 4406">
    <p class='ocr_par' dir='ltr' id='par_1_18' title="bbox 1583 4337 2720 4406">
     <span class='ocr_line' id='line_1_109' title="bbox 1583 4337 2720 4406; baseline -0.001 -15"><span class='ocrx_word' id='word_1_564' title='bbox 1583 4363 1586 4368; x_wconf 89' lang='lat'><strong>·</strong></span> <span class='ocrx_word' id='word_1_565' title='bbox 1633 4340 1972 4396; x_wconf 83' lang='lat' dir='ltr'><strong>Herodotum</strong></span> <span class='ocrx_word' id='word_1_566' title='bbox 1998 4346 2184 4392; x_wconf 88' lang='lat' dir='ltr'><strong>tamen</strong></span> <span class='ocrx_word' id='word_1_567' title='bbox 2220 4356 2431 4406; x_wconf 87' lang='lat' dir='ltr'><strong>semper</strong></span> <span class='ocrx_word' id='word_1_568' title='bbox 2467 4337 2603 4398; x_wconf 76' lang='grc' dir='ltr'><strong><em>τέως</em></strong></span> <span class='ocrx_word' id='word_1_569' title='bbox 2640 4341 2720 4390; x_wconf 90' lang='lat' dir='ltr'><strong>di-</strong></span> 
     </span>
    </p>
   </div>
   <div class='ocr_carea' id='block_1_13' title="bbox 1635 4408 2715 4475">
    <p class='ocr_par' dir='ltr' id='par_1_19' title="bbox 1635 4408 2715 4475">
     <span class='ocr_line' id='line_1_110' title="bbox 1635 4408 2715 4475; baseline -0.001 -14"><span class='ocrx_word' id='word_1_570' title='bbox 1635 4410 1781 4463; x_wconf 81' lang='lat' dir='ltr'><strong>xisse</strong></span> <span class='ocrx_word' id='word_1_571' title='bbox 1826 4410 1994 4463; x_wconf 73' lang='lat' dir='ltr'><strong>evicit</strong></span> <span class='ocrx_word' id='word_1_572' title='bbox 2035 4408 2269 4462; x_wconf 82' lang='lat' dir='ltr'><strong>Bredov.</strong></span> <span class='ocrx_word' id='word_1_573' title='bbox 2319 4425 2372 4475; x_wconf 87' lang='lat' dir='ltr'><strong>p.</strong></span> <span class='ocrx_word' id='word_1_574' title='bbox 2421 4409 2490 4461; x_wconf 86' lang='lat'><strong>50</strong></span> <span class='ocrx_word' id='word_1_575' title='bbox 2529 4424 2715 4460; x_wconf 84' lang='lat' dir='ltr'><strong>omnes</strong></span> 
     </span>
    </p>
   </div>
  </div>
 </body>
</html>
