3109 5092
470 343 594 402 414
1343 347 1873 411 ΗΕΒΟΒΟΤΙ

472 511 589 585 ἐὸν
614 525 778 608 οἴκῳ
803 522 898 611 τῷ
923 523 1058 611 σῷ,
1097 518 1265 590 κατὰ
1304 520 1599 608 δύναμιν
1644 515 2070 609 ἀποτρέψειν.
2123 518 2207 589 τὰ
2240 522 2322 590 δέ
2352 547 2465 607 μοι
2519 521 2745 609 παθή-

471 645 668 707 ματα,
696 617 891 690 ἐόντα
918 618 1219 712 ἀχάριτα,
1249 623 1614 714 μαθήματα
1641 622 1902 710 γέγονε.
1977 631 2067 693 Εἰ
2090 624 2215 712 μὲν
2251 621 2592 705 ἀθάνατος
2628 630 2743 693 δο-

471 722 646 803 κέεις
677 723 873 812 εἶναι,
905 727 1019 794 καὶ
1039 735 1355 817 στρατιῆς
1377 727 1688 815 τοιαύτης
1715 724 1969 816 ἄρχειν,
1990 724 2197 798 οὐδὲν
2216 722 2303 798 ἂν
2326 737 2429 814 εἴη
2449 732 2745 815 πρῆγμα,

471 827 742 915 γνώμας
783 831 904 918 ἐμέ
935 850 1042 898 σοι
1080 829 1607 921 ἀποφαίνεσθαι.
1663 836 1727 899 εἰ
1765 831 1841 901 δὲ
1878 838 2209 918 ἔγνωκας,
2248 828 2351 900 ὅτι
2377 828 2747 924 ἅνθρωπος

471 934 584 1000 καὶ
613 929 699 1000 σύ
729 931 860 1019 εἷς,
899 934 1011 1001 καὶ
1052 937 1300 1026 ἑτέρων
1339 940 1623 1006 τοιῶνδε
1665 930 1923 1023 ἄρχεις,
1970 938 2188 1005 ἐκεῖνο
2228 937 2497 1024 πρῶτον
2538 935 2744 1023 μάθε,

473 1030 564 1114 ὦς
592 1035 836 1115 κύκλος
871 1041 1012 1105 τῶν
1054 1036 1519 1128 ἀνθρωπηΐων
1560 1039 1699 1106 ἐστὶ
1726 1038 2171 1127 πρηγμάτων,
2215 1037 2748 1128 περιφερόμενος

474 1139 550 1207 δὲ
589 1136 715 1207 οὐκ
756 1141 833 1230 ἐᾷ
870 1141 1002 1208 αἰεὶ
1047 1140 1204 1223 τούς
1253 1140 1500 1222 αὐτοὺς
1539 1137 1905 1227 εὐτυχέειν.
1976 1140 2107 1232 ἤδη
2146 1133 2245 1211 ὧν
2286 1137 2417 1229 ἐγῶ
2459 1140 2743 1229 γνώμην

473 1248 601 1329 ἔχω
642 1245 796 1331 περὶ
835 1249 958 1311 τοῦ
995 1249 1442 1333 προκειμένου
1481 1244 1861 1333 πρήγματος
1902 1243 1982 1314 τὰ
2024 1252 2313 1333 ἔμπαλιν
2343 1239 2382 1335 ἢ
2410 1232 2620 1313 οὗτοι.
2682 1250 2745 1313 εἰ

473 1341 601 1432 γὰρ
623 1344 1035 1434 ἐθελήσομεν
1062 1350 1462 1431 ἐσδέξασθαι
1490 1347 1646 1427 τούς
1673 1356 2036 1436 πολεμίους
2063 1352 2130 1429 ἐς
2156 1347 2281 1437 τὴν
2317 1345 2579 1437 χώρην,
2624 1344 2744 1416 ὅδε

472 1474 574 1515 τοι
602 1450 679 1515 ἐν
704 1444 889 1541 αὐτῷ
915 1455 1235 1531 κίνδυνος
1262 1459 1364 1521 ἔνι
1382 1475 1397 1488 ·
1442 1452 1767 1530 ἑσσωθεὶς
1806 1452 1932 1540 μὲν
1958 1452 2494 1541 προσαπολλύεις
2526 1456 2749 1519 πᾶσαν

473 1547 599 1638 τὴν
637 1547 881 1640 ἀρχήν
937 1557 1107 1642 δῆλα
1159 1552 1287 1644 γὰρ
1331 1551 1450 1644 δὴ,
1505 1551 1608 1632 ὅτι
1663 1561 1988 1635 νικῶντες
2040 1561 2483 1644 Μασσαγέται
2538 1552 2622 1641 οὐ
2675 1552 2750 1622 τὸ

542 1750 611 1807 τὰ
645 1751 711 1810 δέ
736 1773 834 1825 μοι
854 1753 1189 1826 παθήματα,
1226 1751 1393 1810 ἐόντα
1418 1752 1554 1826 ἄχα-

476 1843 619 1893 ριτα,
649 1822 962 1896 μαθήματα
983 1825 1202 1896 γέγονε]
1217 1822 1415 1895 γέγονε
1434 1833 1554 1897 (pro

473 1898 622 1962 vulg.
670 1895 915 1965 γεγόνεε)
961 1902 1218 1952 revocavi
1260 1915 1382 1951 cum
1429 1902 1558 1950 Bre-

474 1967 636 2019 dovio
678 1986 804 2036 pag.
845 1971 966 2022 321.
1035 1970 1383 2021 Florentinus
1421 1970 1559 2020 liber

1658 1761 1778 1811 dice
1822 1761 2215 1828 Wesselingio‚
2257 1762 2497 1828 respexit
2541 1763 2751 1813 Aristo-

1658 1830 1793 1880 teles
1831 1832 2101 1883 Problem.
2150 1833 2295 1884 Sect.
2352 1835 2430 1883 17.
2468 1848 2596 1898 pag.
2647 1831 2749 1881 129

1660 1902 1896 1965 itemque
1933 1916 1963 1951 e
1997 1902 2214 1953 Latinis
2267 1903 2476 1952 Seneca
2524 1901 2746 1952 Consol.

1659 1970 1731 2020 ad
1765 1971 1936 2020 Marc.
1969 1971 2053 2022 15.
2126 1971 2267 2021 Add.
2294 1971 2535 2022 eiusdem
2566 1972 2747 2035 Epist.

473 2027 739 2101 ἐγεγόνεε,
760 2041 903 2106 quod
929 2041 1135 2105 recepit
1153 2041 1399 2090 Dietsch.
1428 2041 1560 2104 Ipsa

475 2109 751 2157 sententia
782 2110 1053 2173 insignem
1101 2110 1156 2159 in
1200 2110 1415 2159 modum
1469 2126 1560 2159 ex-

477 2192 666 2240 pressa
701 2178 789 2227 hic
813 2177 923 2227 illic
951 2179 1140 2240 obvia,
1178 2194 1318 2243 quae
1336 2178 1421 2228 vel
1440 2195 1562 2244 pro-

475 2250 596 2310 pter
631 2247 858 2296 similem
895 2248 1180 2298 verborum
1218 2263 1407 2297 sonum
1441 2264 1562 2312 pro-

473 2315 772 2366 verbialem
808 2315 1078 2381 quandam
1126 2317 1237 2366 vim
1283 2317 1562 2382 accepisse

474 2384 651 2435 videri
686 2390 870 2450 queat.
932 2386 1024 2436 Sic
1070 2385 1371 2450 Aeschylus
1418 2387 1561 2451 Aga-

475 2469 671 2504 memn.
696 2454 797 2506 170
816 2446 995 2504 πάθει
1024 2447 1234 2518 μάθος,
1261 2456 1355 2505 ubi
1382 2456 1561 2506 Blom-

475 2523 619 2574 field.
680 2530 736 2574 et
786 2530 1033 2575 nostrum
1085 2525 1266 2576 locum
1313 2529 1368 2575 et
1420 2524 1558 2575 alios

475 2594 782 2645 consimiles
819 2594 1023 2646 attulit.
1095 2594 1238 2645 Add.
1263 2595 1486 2660 Lysiam
1505 2594 1561 2645 in

476 2668 617 2714 orat.
661 2664 847 2716 funeb.
897 2668 950 2728 9.
991 2665 1042 2726 6,
1080 2666 1149 2716 ad
1187 2680 1342 2730 quem
1379 2665 1559 2716 locum

474 2733 674 2784 similia
711 2735 976 2800 quaedam
1008 2735 1272 2786 excitavit
1307 2735 1556 2784 Lebeau:

476 2804 707 2853 Observ.
756 2806 812 2854 iu
862 2805 1062 2869 Lysiae
1113 2820 1190 2854 or.
1244 2805 1358 2853 fun.
1408 2819 1556 2869 spec.

474 2889 526 2937 p.
571 2875 653 2922 12.
727 2874 806 2923 Ac
842 2874 996 2923 iuvat
1031 2872 1115 2922 his
1154 2873 1377 2935 addere,
1418 2889 1558 2938 quae

474 2943 790 3006 pronuntiat
826 2943 1027 2992 Taulcr
1063 2944 1120 2992 in
1156 2942 1320 2999 libro,
1360 2944 1452 3006 qui
1480 2944 1560 2992 in·

476 3010 759 3060 scribitur:
823 3011 1208 3075 Nachfolgung
1267 3011 1320 3060 d.
1375 3027 1559 3061 armen

474 3079 689 3130 Lebens
738 3077 939 3128 Christi
983 3095 1108 3144 pag.
1158 3079 1259 3130 295
1306 3094 1421 3145 seq.
1472 3081 1559 3131 ed.

475 3147 777 3199 Schlosser.
826 3148 1070 3210 „Leiden
1091 3148 1241 3214 giebt
1270 3149 1560 3212 Vernunft,

476 3217 667 3267 darum
687 3216 806 3266 sind
827 3217 912 3266 die
932 3217 1400 3282 durchgelittenen
1412 3219 1560 3269 Men-

475 3286 640 3337 schen
660 3286 747 3336 die
773 3285 1160 3337 allerbesten.“
1226 3288 1398 3350 Quem
1433 3302 1562 3338 eun-

474 3356 595 3407 dem
632 3355 806 3407 locum
842 3373 984 3406 nunc
1003 3357 1163 3406 video
1196 3358 1304 3407 iam
1332 3356 1556 3408 allatum

475 3427 648 3477 fuisse
697 3427 767 3476 ab
815 3428 1051 3477 Ernesto
1101 3426 1168 3476 de
1214 3427 1456 3477 Lasaulx
1501 3429 1556 3476 in

474 3497 772 3562 scriptione
837 3497 905 3546 de
966 3495 1164 3561 Oedipi
1225 3496 1414 3546 fabula
1473 3497 1556 3546 in:

473 3567 702 3618 Studien
731 3566 825 3616 des
851 3565 1129 3616 classisch.
1162 3565 1395 3616 Alterth.
1430 3582 1555 3632 pag.

472 3637 592 3688 372.
669 3635 825 3697 Quod
856 3635 1022 3700 vulgo
1054 3635 1315 3685 adiiciunt
1339 3627 1408 3684 τὰ
1430 3642 1559 3686 ante

472 3697 656 3766 ἐόντα,
685 3705 884 3754 abiecit
908 3703 1232 3770 Schweigh„
1253 3708 1316 3754 ut
1340 3704 1556 3754 facilius

473 3776 663 3825 flueret
713 3774 917 3834 oratio,
976 3772 1128 3822 cuius
1174 3773 1263 3824 hic
1309 3773 1424 3825 fere
1473 3779 1559 3824 est

473 3857 692 3892 sensus:
739 3858 868 3907 quae
912 3842 1022 3904 ipse
1055 3857 1249 3905 passus
1279 3858 1413 3902 swa,
1465 3845 1555 3892 tri-

471 3911 571 3961 stia
617 3913 784 3975 utique
830 3908 979 3974 (cum
1027 3910 1252 3975 essent),
1301 3928 1375 3961 me
1430 3915 1558 3962 satis

472 3981 796 4038 edocuerunt,
832 3980 1121 4029 documenta
1154 3979 1268 4029 milti
1286 3981 1454 4042 suere.
1484 4010 1554 4019 —

470 4047 554 4099 Ad
592 4046 918 4097 locutionem
967 4038 1140 4096 οὐδὲν
1176 4041 1409 4112 πρῆγμά
1442 4041 1555 4098 ἐστι

469 4116 616 4183 (nihil
657 4113 845 4179 refert)
894 4115 968 4165 cf.
1017 4115 1200 4180 Viget.
1256 4131 1382 4182 pag.
1436 4116 1555 4179 139,

475 4199 543 4236 ue
578 4184 761 4249 plura,
801 4189 857 4234 et
882 4184 1220 4234 Herodotum
1255 4184 1301 4246 Ι,
1340 4186 1407 4236 79
1430 4187 1551 4236 init.

540 4245 617 4311 ὥς
652 4245 862 4310 κύκλος
883 4248 998 4301 τῶν
1023 4244 1421 4317 ἄνθρωπηΐων
1441 4245 1554 4304 ἐστὶ

469 4314 836 4388 πρηγμάτων]
896 4320 1046 4372 Citat
1096 4319 1231 4370 haec
1286 4322 1553 4374 Stobaeus

475 4393 591 4455 105,
620 4390 708 4443 53.
736 4419 805 4431 -
826 4389 1069 4442 Eandem
1097 4389 1444 4454 senteutiam,
1476 4392 1554 4442 iu·

1661 2039 1730 2089 ad
1758 2023 1955 2090 Lucil.¹
1974 2039 2058 2091 36.
2096 2042 2333 2105 itemque
2353 2041 2607 2091 Tacitum
2642 2041 2751 2090 Au-

1662 2108 1795 2160 nall.
1831 2109 1936 2171 111,
1972 2111 2059 2163 55.
2110 2111 2311 2174 „rebus
2356 2111 2568 2161 cunctis
2603 2110 2750 2159 inest

1663 2178 1884 2244 quidam
1933 2179 2086 2230 velut
2122 2180 2297 2242 orbis,
2357 2185 2419 2230 ut
2471 2196 2628 2245 quem
2676 2179 2749 2228 ad

1663 2247 1883 2298 modum
1906 2254 2207 2314 temporum
2225 2250 2373 2300 vices
2388 2288 2401 2314 ,
2439 2250 2521 2299 ita
2540 2263 2747 2299 morum

1662 2320 2005 2368 vertantur.“
2090 2320 2244 2381 Quae
2294 2320 2416 2383 ipsa
2465 2334 2576 2369 una
2625 2334 2747 2368 cum

1662 2385 1788 2436 aliis
1834 2392 2108 2450 veterum,
2155 2388 2469 2439 Aristotelis
2504 2403 2749 2454 praeser-

1662 2457 1759 2504 tim
1796 2458 2080 2507 sententiis
2109 2456 2298 2507 attulit
2325 2458 2592 2508 Lasaulx:
2641 2457 2748 2507 Die

1664 2523 1922 2590 Geologie
1959 2527 2011 2576 d.
2042 2526 2257 2577 Griecb.
2290 2543 2344 2577 u.
2366 2528 2553 2578 Roem.
2580 2543 2635 2592 p.
2657 2526 2746 2577 32.
2782 2573 2790 2580 .

1662 2598 1778 2644 not.
1826 2595 1913 2647 83.
1966 2595 2146 2657 (Stud.
2199 2597 2253 2647 d.
2303 2597 2468 2647 class.
2513 2594 2745 2646 Alterth.
2780 2599 2801 2623 ⁴⁹

1660 2679 1714 2728 p.
1749 2664 1838 2730 26)
1873 2666 2164 2715 Praeterea
2198 2666 2271 2716 cf.
2308 2665 2491 2716 Ideler
2523 2666 2595 2716 ad
2630 2666 2750 2715 Ari-

1660 2735 1845 2785 stotel.
1880 2734 2237 2801 Meteorolog.
2285 2736 2332 2796 1,
2372 2735 2422 2785 3.
2461 2752 2515 2800 p.
2552 2734 2655 2786 336
2693 2739 2748 2785 et

1658 2804 1843 2867 Apitz.
1883 2804 1953 2853 ad
1989 2803 2244 2868 Sophocl.
2283 2804 2487 2855 Trach.
2529 2805 2649 2856 121.
2686 2820 2740 2869 p.

1666 2873 1783 2923 106.
1856 2873 2121 2924 Herodoti
2168 2874 2289 2924 loco
2330 2879 2458 2938 apte
2492 2889 2623 2924 usus
2663 2878 2748 2923 est

1660 2943 1874 3006 Iaeger.
1898 2943 2144 3008 Disputt.
2174 2943 2418 2994 Herodd.
2445 2960 2499 3008 p.
2528 2945 2615 3006 49,
2650 2944 2748 2994 ubi

1664 3011 1906 3075 quaerit,
1944 3011 2123 3077 qualis
2143 3012 2415 3063 Herodoti
2439 3012 2603 3062 fuerit
2625 3026 2746 3062 sen-

1663 3081 1837 3130 tentia
1876 3081 1939 3130 de
1972 3098 2143 3132 rerum
2177 3097 2357 3142 cursu,
2407 3098 2549 3147 quae
2587 3082 2746 3132 simul

1662 3151 1972 3200 continetur
2005 3152 2226 3202 notione
2249 3151 2637 3203 moderationis
2670 3151 2750 3202 di-

1661 3219 1840 3270 vinae.
1864 3219 2186 3285 Aequalitas
2206 3220 2307 3285 (ita
2326 3220 2418 3271 ille
2442 3221 2563 3288 ait),
2585 3236 2749 3286 quam

1660 3293 1844 3339 tuetur
1867 3304 2063 3339 numen
2084 3290 2326 3340 divinum
2341 3327 2355 3352 ,
2394 3291 2633 3340 cernitur
2657 3289 2749 3340 hic

1659 3358 1714 3406 in
1779 3363 2042 3423 perpetua
2095 3359 2518 3424 magnitudinis,
2577 3359 2750 3409 felici-

1659 3428 1791 3476 tatis
1828 3432 1885 3478 et
1919 3430 2316 3479 contrariorum
2351 3429 2748 3480 vicissitudine.

1659 3496 1815 3548 Haec
1860 3497 2183 3549 vicissitudo
2231 3503 2314 3548 est
2360 3499 2492 3549 ordo
2540 3504 2596 3548 et
2641 3497 2748 3560 lex,

1662 3580 1770 3630 qua
1806 3582 1981 3616 rerum
2023 3569 2352 3618 mutationes
2400 3568 2750 3618 continentur

1662 3650 1726 3684 ex
1782 3641 1960 3686 mente
2020 3636 2306 3687 Herodoti.
2356 3667 2428 3678 —-
2475 3637 2542 3687 Iu
2593 3650 2747 3703 seqq.

1659 3695 1847 3768 ἐλῶσι,
1899 3721 2036 3769 quae
2088 3711 2173 3756 est
2220 3705 2392 3756 futuri
2431 3705 2604 3756 forma
2682 3723 2751 3757 ex

1656 3772 1711 3822 h.
1751 3773 1788 3824 l.
1826 3774 1963 3824 citat
1998 3775 2235 3825 Thomas
2273 3777 2421 3840 Mag.
2450 3791 2496 3827 s.
2523 3791 2578 3826 v,
2604 3742 2748 3825 ἐλάω

1657 3857 1713 3906 p.
1748 3842 1851 3893 293
1877 3844 1962 3893 ed.
1986 3846 2146 3894 Bern.
2222 3844 2374 3895 Alios
2404 3844 2749 3895 Herodoteos

1656 3909 1806 3961 locos
1843 3912 1997 3961 dabit
2033 3913 2266 3964 BredOV.
2301 3927 2428 3979 pag.
2467 3914 2589 3965 391.
2662 3913 2750 3964 Ad

1658 3984 1989 4032 structuram
2009 3974 2076 4030 τὰ
2100 3976 2339 4046 ἔμπαλιν
2356 3977 2396 4047 ἢ
2412 3970 2573 4032 οὗτοι
2598 3984 2745 4033 conf.

1656 4049 1910 4100 Kuehner
1945 4052 2039 4102 Gr.
2065 4051 2158 4102 Gr.
2190 4050 2238 4113 §-
2278 4050 2397 4102 540.
2436 4057 2554 4102 not.
2594 4051 2647 4103 3.
2678 4083 2748 4092 —

1657 4120 1764 4168 Pro
1809 4111 2042 4184 γνώμην
2082 4113 2193 4185 ἔχω
2245 4120 2440 4186 Steger
2482 4122 2541 4170 in
2583 4122 2751 4172 Prae-

1658 4186 1757 4237 fat.
1804 4204 1932 4254 pag.
1971 4188 2072 4239 XI.
2116 4193 2384 4240 mutatum
2435 4190 2552 4239 vult
2598 4182 2747 4254 γνοί-

1654 4269 1765 4405 ςέῑξ
1796 4252 2170 4391 garg-§va
2200 4253 2609 4393 ρίῖᾳῒωρκιξρτὶὲ
2643 4253 2748 4377 ti}

1652 4406 1823 4457 απηγ.
