3109 5092
435 330 556 392 534

1307 325 1845 388 HERODOTI

434 501 857 593 τραπόμενον
912 500 1164 580 πάντας
1202 500 1416 589 σφέας
1443 505 1965 587 καταφονεῦσαι.
2031 494 2210 586 Ἐμοὶ
2250 498 2378 585 μέν
2416 524 2549 566 νυν
2596 502 2711 566 do·
2790 485 2811 505 ⁸

435 610 697 690 κέουσι,
733 609 941 674 ταῦτα
964 607 1272 692 λέγοντες
1289 655 1307 686 ,
1346 609 1462 691 τῆς
1493 609 1889 690 Αἰγυπτίων
1915 602 2157 690 φύσιος
2182 602 2296 670 καὶ
2322 603 2460 668 τῶν
2485 599 2716 689 νόμων

435 710 713 797 πάμπαν
738 705 1031 793 ἀπείρως
1062 714 1239 795 ἔχειν
1266 713 1335 776 οἱ
1350 704 1689 795 ’Έλληνες
1749 721 1919 776 τοῖσι
1950 703 2079 793 γὰρ
2106 703 2269 774 οὐδὲ
2295 702 2541 792 κτήνεα
2564 699 2714 793 ὁσίη

433 811 641 882 θύειν
681 812 852 895 ἐστὶ,
908 813 1109 900 χωρὶς
1146 806 1294 880 ὑῶν
1331 814 1443 880 καὶ
1485 812 1784 897 ἐρσένων
1820 814 2004 897 βοῶν
2059 810 2174 877 καὶ
2222 806 2522 896 μόσχων,
2570 804 2715 877 ὅσοι

434 911 521 985 ἂν
546 916 836 1003 καθαροὶ
866 919 1054 1000 ἔωσι,
1085 916 1199 982 καὶ
1225 920 1451 1002 χηνῶν
1468 966 1487 1000 ,
1519 920 1652 994 κω”ς
1681 908 1765 983 ἂν
1792 902 1977 982 οὗτοι
2006 909 2416 1000 ἀνθρώπους
2440 911 2712 992 θύοιεν;

433 1123 678 1167 car-entur
705 1114 1153 1174 sacrificium.1ta
1185 1114 1521 1180 Schweigh4

434 1177 645 1246 αὐτοῦ,
695 1183 838 1248 quod
877 1183 943 1233 de
980 1184 1216 1235 Hercule
1260 1191 1521 1248 tanquam

434 1255 660 1304 victima
718 1252 1157 1330 intelligendum,
1224 1254 1461 1335 pendet
1489 1268 1524 1302 a

434 1324 601 1373 verbo
639 1315 1009 1385 κατάρχοντο,
1049 1322 1194 1387 quod
1228 1323 1282 1372 in
1317 1313 1523 1386 κατήρ-

435 1405 605 1473 χοντο
657 1407 724 1440 ex
771 1389 998 1440 aliorum
1049 1392 1288 1441 locorum
1339 1390 1524 1441 analo-

435 1462 547 1526 gia,
570 1461 626 1510 in
651 1460 847 1525 quibus
866 1460 969 1510 hoc
988 1462 1210 1511 verbum
1231 1465 1523 1526 augmento

437 1529 724 1594 temporali
757 1529 1086 1581 instructum
1116 1535 1218 1592 est,
1256 1534 1523 1580 mutatum

433 1598 552 1649 vult
589 1597 820 1648 BredoV.
860 1615 914 1663 p.
954 1601 1087 1662 295,
1138 1616 1295 1679 quem
1347 1598 1526 1664 sequi·

435 1674 523 1718 tur
569 1668 817 1718 Dietsch.
906 1668 1084 1734 Atque
1135 1661 1524 1733 κατάρχεσθαι

438 1732 678 1800 (froca-32⁹),
711 1737 854 1822 quod
875 1740 1136 1788 usitatum
1167 1744 1250 1788 est
1275 1739 1329 1788 in
1356 1739 1525 1790 Grae-

435 1822 620 1857 corum
642 1808 835 1868 sacris,
871 1812 1102 1872 auspicia
1141 1823 1310 1873 eaque
1344 1809 1526 1858 omnia

435 1876 859 1940 comprehcndit,
897 1893 1038 1941 quae
1070 1878 1229 1928 initio
1268 1877 1524 1927 sacrificii

433 1946 595 2006 fiunt,
651 1946 789 2010 pilos
839 1962 868 1995 e
920 1948 1099 1998 fronte
1134 1948 1391 1997 victimae
1428 1947 1521 1996 ab·

432 2015 698 2078 scindere,
734 2015 968 2066 lustrare
991 2031 1128 2078 eam,
1169 2017 1293 2067 alia.
1355 2016 1523 2067 Plura

434 2085 688 2147 interprr.
734 2086 805 2133 ad
841 2085 1119 2151 Aristopb.
1158 2086 1259 2136 Av.
1297 2086 1402 2136 070
1446 2090 1518 2147 et,

433 2168 590 2216 quem
634 2153 939 2218 Schweigh.
991 2155 1047 2203 in
1082 2155 1216 2204 Lex.
1255 2155 1518 2204 Herodot.

431 2221 653 2283 laudat,
705 2223 899 2285 Heyne
940 2223 1177 2287 Opuscc.
1225 2223 1432 2273 Acadd.
1471 2224 1516 2274 1.

432 2306 486 2355 p.
520 2290 642 2340 326.
705 2292 786 2339 Ex
820 2292 1098 2341 Herodoto
1130 2292 1274 2342 conf.
1309 2293 1403 2352 lv,
1431 2293 1517 2343 60.

437 2359 554 2410 103.
629 2361 713 2409 Ex
748 2360 1087 2440 Thucyd.1,
1126 2363 1213 2410 45.
1297 2361 1522 2411 Formu-

431 2428 541 2478 lam
583 2421 729 2491 πρὸς
781 2421 960 2493 ἀλκὴν
993 2427 1332 2493 τρέπεσθαι
1344 2432 1520 2481 Aemi-

431 2497 539 2548 lius
562 2499 762 2548 Portus
793 2499 939 2551 haud
969 2499 1110 2551 male
1147 2499 1412 2550 reddidit.
1449 2502 1523 2551 ad

429 2571 520 2618 vim
541 2570 939 2631 prvpulsandam
961 2585 1018 2619 se
1039 2577 1305 2621 convertet·
1308 2586 1363 2626 e,-
1397 2570 1518 2620 alii.

429 2639 604 2687 virium
636 2654 841 2688 suarum
871 2642 1143 2703 periculum
1175 2641 1376 2703 facere.
1432 2640 1520 2690 In-

428 2708 646 2757 venitur
679 2708 868 2759 eadem
904 2708 1110 2760 locutio
1149 2709 1258 2770 111,
1293 2708 1382 2760 68.
1420 2709 1515 2771 IV,

433 2777 551 2827 125.
589 2777 686 2838 IX,
726 2778 854 2840 102,
896 2794 1054 2843 quam
1093 2778 1219 2828 inde
1255 2777 1353 2827 alii
1388 2794 1519 2844 quo·

430 2860 534 2909 que
588 2846 881 2910 scriptores
926 2847 1189 2897 imitando
1243 2863 1519 2911 expresse-

430 2917 578 2962 runt.
636 2915 762 2965 vid.
800 2915 957 2979 plura
992 2917 1060 2965 ad
1085 2915 1366 2966 Plutarchi
1394 2916 1518 2966 Phi-

427 2980 662 3045 lopoem.
703 2984 788 3034 10.
828 2999 956 3049 pag.
989 2986 1077 3035 41.
1114 3014 1185 3023 —-
1232 2985 1517 3036 Caeterum

429 3050 595 3100 facile
640 3051 697 3100 in
748 3051 832 3100 his
886 3068 1185 3116 cognoscas
1238 3053 1519 3104 celeberri-

430 3135 571 3169 mam
609 3119 677 3170 de
718 3121 968 3171 Busiride
1001 3121 1269 3184 fabulam,
1305 3123 1398 3188 qui
1419 3125 1519 3174 Ae-

428 3189 585 3255 gypti
620 3188 748 3240 olim
793 3206 889 3240 rex
927 3206 991 3240 ex
1030 3191 1249 3243 oraculo
1289 3198 1515 3257 quotan-

428 3259 512 3308 nis
562 3260 906 3324 peregrinum
952 3261 1023 3310 ad
1063 3261 1363 3326 Aegyptias
1409 3267 1516 3312 ter-

429 3344 518 3378 ras
551 3328 787 3379 delatum
825 3335 1067 3381 mactare
1092 3330 1286 3381 solitus
1327 3331 1512 3383 fuerit.

429 3399 536 3460 Qui
587 3398 732 3448 idem
782 3399 1071 3450 Herculem
1127 3399 1391 3451 advenam
1445 3401 1516 3452 ad

428 3467 604 3518 altare
672 3483 794 3518 cum
868 3468 995 3519 duci
1064 3470 1341 3532 iussisset,
1423 3470 1516 3522 ille

428 3537 775 3601 compedibus
823 3538 1016 3589 fractis
1067 3555 1127 3589 se
1174 3540 1407 3589 solvisse
1448 3556 1514 3590 ac

425 3607 662 3657 Busirim
724 3608 948 3673 eiusque
1008 3607 1174 3658 filium
1224 3609 1514 3673 Amphida-

427 3680 662 3726 mantem
699 3683 754 3727 et
786 3677 1043 3728 Chalbem
1079 3694 1400 3744 praeconem
1435 3680 1514 3729 in-

426 3746 708 3796 teremisse
757 3748 1011 3800 traditur,
1098 3749 1251 3810 Quae
1297 3748 1511 3813 quidem

426 3814 483 3862 in
521 3815 805 3865 Graeciam
842 3816 964 3867 dein
1000 3818 1270 3868 translata
1317 3818 1407 3868 vel
1442 3819 1511 3868 ab

427 3882 729 3933 artificibus
755 3885 823 3933 ad
853 3886 1128 3936 oculorum
1161 3903 1378 3938 sensum
1403 3893 1513 3938 tra-

426 3952 591 4001 ducta
638 3952 692 4001 in
727 3968 983 4005 vasorum
1032 3957 1260 4020 picturis
1296 3973 1510 4022 reprae-

424 4025 737 4082 sentantur;
791 4024 935 4073 conf.
976 4025 1263 4075 Peintures
1303 4026 1369 4076 de
1405 4027 1510 4076 Va-

424 4105 511 4139 ses
537 4105 694 4154 grecs
723 4106 819 4153 par
838 4092 1140 4158 Millingen.
1171 4095 1325 4145 Rom.
1357 4095 1506 4147 1813.

423 4174 506 4208 nr.
527 4159 791 4210 XXVIII.
828 4162 941 4210 Nec
963 4161 1159 4212 desunt
1184 4163 1324 4214 aliae
1346 4165 1511 4215 Grae-

423 4245 604 4278 corum
634 4228 852 4279 fabulae
877 4229 1098 4294 similes,
1135 4232 1205 4281 ad
1233 4232 1383 4282 illam
1408 4235 1511 4285 Ae-

421 4299 666 4363 gyptiam
727 4298 1020 4362 confictae,
1096 4316 1234 4366 quae
1292 4303 1508 4353 minime

418 4366 491 4417 ad
536 4367 853 4432 Graeciam,
907 4373 969 4419 ut
1024 4369 1086 4422 C.
1137 4370 1204 4421 Ο.
1245 4371 1507 4422 Muellero

1628 1113 1812 1179 (quem
1856 1114 1954 1163 Gr.
2014 1111 2086 1162 ad
2140 1111 2196 1161 h.
2243 1110 2281 1161 l.
2329 1111 2600 1179 laudavit)
2658 1114 2716 1164 in

1626 1182 1950 1233 Orchomen.
2001 1198 2054 1247 p.
2115 1180 2215 1232 164
2259 1181 2503 1244 videtur,
2560 1198 2714 1233 revo-

1626 1252 1837 1303 candae
1861 1256 1916 1302 et
1940 1252 2064 1302 inde
2088 1251 2143 1299 in
2166 1251 2473 1317 Aegyptum
2500 1251 2715 1303 demum

1626 1322 1925 1372 translatae
1971 1321 2171 1371 debent
2214 1321 2531 1371 existimari.
2608 1322 2715 1383 Qui

1627 1393 1852 1442 interior
1884 1392 1959 1440 sit
1994 1389 2212 1441 fabulae
2245 1405 2465 1450 sensus,
2501 1390 2588 1441 hic
2625 1407 2715 1441 ex-

1629 1457 1833 1526 plicare
1879 1459 1988 1510 noh
2032 1463 2211 1509 vacat.
2285 1460 2409 1511 vid.
2457 1460 2709 1512 Creuzer.

1626 1528 1868 1596 Symbol.
1908 1531 1983 1590 11,
2022 1529 2085 1579 91
2115 1545 2267 1594 seqq.
2297 1531 2364 1579 97
2395 1544 2547 1594 seqq.
2586 1530 2708 1581 654.

1628 1607 1682 1651 et
1706 1615 1845 1665 quae
1874 1599 2077 1664 profert
2102 1598 2249 1647 Baur
2271 1599 2539 1663 (Tiibing.
2570 1601 2712 1649 Zeit-
2742 1610 2746 1614 ·

1627 1670 1823 1720 schrift
1869 1669 1907 1719 f.
1945 1667 2210 1731 Theolog.
2250 1667 2405 1721 1832.
2457 1667 2504 1718 Ι.
2553 1685 2603 1732 p.
2643 1669 2713 1719 56

1626 1739 1797 1804 seq.),
1848 1737 1941 1802 qui
1980 1738 2035 1786 in
2075 1735 2176 1786 hac
2212 1736 2401 1787 sabula
2438 1736 2595 1788 simul
2633 1737 2711 1788 la-

1626 1814 1742 1858 tere
1788 1812 1945 1872 putat
2000 1804 2203 1854 indicia
2250 1806 2523 1856 hominum
2580 1806 2709 1858 olim

1626 1893 1722 1942 pro
1744 1875 1974 1942 piaculis
2000 1879 2385 1925 mactatomm:
2421 1891 2577 1940 quem
2599 1893 2712 1927 mo·

1624 1962 1734 1997 rem
1772 1949 1961 2010 postea
1998 1943 2271 1994 sublatum
2308 1960 2430 1995 esse
2471 1946 2541 1995 ab
2575 1947 2711 1996 Her-

1623 2015 1745 2067 cule
1779 2015 1865 2064 vel
1903 2013 2084 2078 potius
2113 2015 2438 2079 mitigatum,
2475 2014 2600 2064 aliis
2625 2031 2712 2065 sa-

1622 2085 1842 2136 crificiis
1867 2083 2207 2142 substitutis,
2244 2083 2386 2134 idem
2411 2085 2707 2136 existimat.

1692 2149 1863 2219 χωρὶς
1922 2142 2046 2200 ὑῶν
2110 2150 2207 2203 καὶ
2259 2143 2504 2215 ἐρσένων
2555 2151 2710 2219 βοῶν

1624 2238 1674 2272 κ.
1713 2238 1760 2272 τ.
1803 2219 1874 2287 1.]
1922 2222 2181 2286 Aegyptii
2227 2238 2345 2273 cum
2381 2237 2508 2273 sues
2558 2239 2710 2274 aver-

1624 2294 1729 2342 sati
1753 2292 1880 2352 sint,
1910 2305 2045 2355 quas
2079 2306 2187 2340 uuo
2210 2295 2423 2341 tantum
2454 2291 2542 2341 die
2565 2293 2708 2343 festo

1622 2364 1813 2412 Lunae
1847 2360 2192 2424 mactabant,
2231 2365 2293 2411 ut
2327 2363 2527 2411 Noster
2561 2378 2710 2413 asse-

1621 2432 1694 2481 rit
1736 2430 1882 2480 iufra
1921 2431 2006 2491 11,
2045 2431 2143 2490 47,
2191 2430 2391 2496 aliique
2434 2436 2711 2483 testantur

1622 2501 1936 2580 scripturae,
1960 2467 2169 2548 mavult
2188 2499 2583 2552 Valckenarius
2610 2517 2707 2567 pro

1620 2560 1744 2619 ὑῶν
1778 2568 2008 2619 rescribi
2046 2559 2216 2632 ὀΐων,
2265 2574 2328 2619 ut
2363 2585 2481 2620 oves
2512 2571 2709 2621 intelli·

1621 2642 1824 2704 gantur
1843 2653 1983 2688 suum
2008 2637 2151 2688 loco.
2203 2638 2359 2701 Quod
2380 2655 2502 2689 cum
2523 2640 2709 2691 Schel-

1618 2708 2009 2759 lershemianus
2056 2707 2191 2757 liber
2236 2710 2587 2772 comprobare
2629 2712 2709 2761 vi·

1621 2778 1838 2829 deretur
1873 2776 2133 2827 exhibens
2171 2774 2339 2841 οἴων,
2387 2784 2708 2844 receperunt

1620 2846 1925 2911 Schweigh.
1977 2850 2141 2911 atque
2187 2847 2464 2899 Gaisford.
2510 2864 2577 2899 ac
2626 2865 2708 2900 re-

1620 2921 1788 2968 centt.
1828 2931 2040 2980 quoque
2071 2916 2337 2977 editores;
2384 2933 2484 2968 nos
2521 2933 2556 2967 a
2590 2919 2706 2969 vul·

1621 2992 1753 3050 gata
1788 2991 1937 3036 stare
1970 2984 2284 3046 maluimus,
2330 2988 2418 3036 cui
2467 2989 2603 3038 satis
2638 3004 2704 3038 ea

1620 3058 1743 3120 ipsa
1779 3054 2114 3119 patrocinari
2150 3057 2346 3105 statuit
2378 3056 2703 3120 Larcherus,

1621 3140 1759 3191 quae
1800 3124 1890 3187 11,
1926 3125 1994 3173 47
2034 3130 2421 3176 memorantur.
2490 3126 2575 3176 De
2608 3127 2704 3177 bo-

1616 3195 1720 3244 bus
1744 3194 1814 3244 ad
1838 3193 2165 3244 sacrificium
2188 3194 2447 3244 adhibitis
2480 3194 2591 3246 vid.
2616 3212 2704 3246 su-

1617 3279 1717 3329 pra
1751 3263 1841 3326 11,
1891 3263 1958 3314 38
1992 3278 2106 3327 seq.
2171 3262 2364 3328 χηνῶν
2404 3279 2501 3328 pro
2550 3266 2702 3329 vulg.

1618 3330 1839 3397 χηνέων
1886 3348 1915 3382 e
1960 3331 2279 3383 Florentino
2326 3338 2382 3383 et
2427 3333 2701 3385 Sancroft.

1615 3402 1755 3452 libro
1794 3416 1915 3451 cum
1942 3402 2191 3453 Bekkero
2227 3407 2283 3452 et
2318 3407 2547 3454 recentt.
2577 3405 2699 3455 edd.

1619 3471 1830 3535 scripsi.
1922 3470 2006 3521 Cf.
2044 3470 2279 3522 Bredov.
2334 3487 2388 3536 p.
2425 3472 2547 3523 253.
2619 3476 2705 3526 De

1619 3540 1903 3591 anseribus
1943 3541 2014 3590 cf.
2019 3547 2191 3620 vnott.
2232 3541 2303 3591 ad
2338 3541 2414 3602 11,
2452 3539 2541 3592 31.

1686 3607 1802 3665 κῶς
1854 3623 1927 3657 αν
1973 3596 2133 3659 οὗτοι
2189 3578 2546 3673 ἀνθρώπους
2588 3606 2701 3661 θυ-

1617 3680 1761 3743 οιεν]
1823 3678 2088 3729 Herodoti
2144 3680 2359 3745 quidem
2403 3686 2587 3731 aetate
2629 3682 2700 3731 ab

1614 3748 1902 3813 Aegyptiis
1929 3748 2149 3799 minime
2169 3749 2412 3800 homines
2446 3765 2568 3801 esse
2590 3765 2701 3800 ma-

1615 3824 1795 3869 ctatos
1831 3832 2123 3882 sanequam
2155 3817 2436 3869 credamus
2460 3818 2589 3871 licet
2622 3820 2702 3869 hi-

1614 3889 1817 3939 storiae
1853 3888 2025 3952 patri,
2063 3903 2186 3938 cum
2219 3889 2328 3938 iam
2355 3894 2521 3938 antea
2539 3890 2702 3940 Ama-

1614 3958 1690 4008 sis
1724 3973 1818 4008 rex
1842 3957 2079 4007 humana
2097 3957 2367 4008 sacrificia
2401 3973 2499 4022 per
2523 3959 2699 4022 Aegy-

1609 4032 1760 4092 ptum
1785 4027 2109 4091 quibusdam
2144 4028 2199 4077 in
2220 4027 2355 4077 locis
2389 4027 2503 4077 fieri
2534 4028 2700 4078 solita

1611 4097 1922 4158 sustulerit,
1961 4102 2015 4147 et
2046 4098 2262 4147 omnino
2287 4098 2574 4147 Persarum
2610 4114 2700 4148 oc-

1612 4167 1900 4230 cupatione
1957 4167 2015 4215 in
2067 4166 2217 4216 hisce
2264 4166 2435 4216 multa
2487 4171 2701 4216 mutata

1612 4235 1783 4285 fuisse
1806 4251 2064 4300 perquam
2090 4236 2186 4285 fiat
2220 4234 2497 4286 credibile.
2553 4235 2700 4286 Olim

1612 4306 1752 4353 enim
1797 4320 1890 4368 per
1924 4305 2228 4369 Aegyptum
2272 4319 2485 4370 quoque
2529 4305 2699 4354 homi·

1610 4389 1707 4423 nes
1743 4373 1801 4422 in
1836 4374 2009 4423 sacris
2045 4380 2315 4424 mactatos
2352 4374 2597 4439 adeoque
2619 4375 2700 4423 vi-
