3109 5092
1224 319 1808 422 ‘0L10.1.193.

2556 365 2682 429 389

396 522 651 614 τρόπον
674 525 1140 614 θεραπεύουσι
1170 528 1253 599 τά
1281 557 1353 599 τε
1380 527 1586 618 ἄλλα,
1649 534 1761 601 καὶ
1797 542 2171 622 φοινίκων,
2211 538 2368 623 τοὺς
2405 548 2685 632 ἔρσενας

376 626 696 716 Ἕλληνες
716 632 1055 714 καλέουσι,
1086 631 1343 703 τούτων
1366 631 1485 704 τὸν
1501 633 1764 725 καρπὸν
1791 643 2176 726 περιδέουσι
2203 649 2352 735 τῇσι
2381 652 2678 737 βαλανη-

398 731 668 820 φόροισι
696 738 837 804 τῶν
865 741 1302 822 φοινίκων,“
1270 765 1382 806 ινα
1421 745 1718 828 πεπαίνῃ
1744 743 1823 809 τέ
1843 762 1965 829 σφι
2002 737 2039 811 ὁ
2066 739 2204 832 ψὴν
2228 742 2355 835 τήν
2379 747 2680 836 βάλανον

396 834 744 921 ἐσδύνων,
796 837 910 906 καὶ
960 835 1051 926 μὴ
1101 835 1470 929 ἆπορῤέῃ’
1439 869 1475 909 ο
1516 839 1771 930 καρπὸς
1812 837 1848 912 ὃ
1894 850 2018 914 τοῦ
2063 852 2389 933 φοίνικος.
2461 856 2682 940 ψῆνας

396 1019 616 1069 pressas
649 1003 821 1068 (star-k
850 1014 1147 1070 ,qepresster
1182 1006 1326 1072 Teia)
1362 1024 1487 1059 con-

396 1074 512 1136 fici,
552 1075 770 1124 nomine
794 1073 1104 1134 Schmoeech,
1142 1077 1200 1126 in
1236 1078 1486 1142 Aegypto

398 1145 716 1195 observavit
745 1143 844 1194 Vir
878 1142 1108 1194 illustris
1143 1146 1209 1196 de
1234 1147 1490 1198 Minutoli

399 1214 742 1279 (Nachtriige
778 1228 847 1262 zu
882 1228 928 1263 s.
955 1214 1118 1264 Reise
1151 1231 1208 1280 p.
1235 1215 1299 1266 91
1341 1216 1484 1283 seq.)

399 1287 786 1347 accurateque,
824 1287 887 1332 ut
923 1283 1135 1346 omnia,
1177 1284 1484 1351 descripsit,

399 1353 585 1403 allatis
619 1367 834 1419 quoque
859 1352 945 1402 his
983 1357 1227 1403 veterum
1258 1356 1486 1421 scripto-

397 1439 515 1473 rum
554 1421 709 1472 locis.
791 1421 944 1472 Idem
996 1438 1158 1487 porro
1193 1430 1403 1487 monet,
1456 1440 1487 1475 e

399 1491 701 1557 palmarum
737 1506 931 1554 succo,
978 1492 1071 1556 qui
1109 1492 1271 1556 plane
1305 1498 1366 1544 ut
1397 1495 1488 1545 be-

396 1561 548 1612 tulae
596 1561 774 1610 siccus
825 1560 971 1625 apud
1020 1567 1325 1626 nostrates,
1374 1561 1487 1614 ‘vel

395 1629 682 1681 incidendo
735 1628 826 1679 vel
882 1630 1206 1681 terebrando
1263 1632 1484 1683 arbores

395 1699 763 1766 percipiatur,
820 1701 923 1749 vini
973 1699 1247 1763 quoddam
1301 1704 1485 1766 parari

395 1785 595 1836 genus,
645 1768 734 1817 cui
766 1783 963 1818 nomen
1000 1768 1186 1836 Lakby
1221 1786 1265 1820 s.
1305 1770 1483 1822 Subia.

392 1838 754 1904 Frequentius
780 1841 964 1887 tamen
988 1843 1103 1887 tum
1128 1854 1158 1889 e
1181 1855 1345 1890 succo
1371 1845 1484 1891 tum

394 1925 426 1959 e
460 1908 728 1959 fructibus
765 1907 1027 1972 optimum
1065 1913 1279 1959 acetum
1315 1908 1486 1960 aliud-

394 1995 500 2045 que
559 1977 787 2028 vinum
816 1975 1072 2026 adustum
1141 1978 1482 2045 (Brantmein)

394 2047 561 2098 effici.
626 2044 786 2107 Quod
813 2060 920 2111 quo
954 2046 1115 2096 modo
1146 2046 1265 2098 fieri
1298 2054 1482 2113 queat,

393 2117 479 2167 vir
536 2115 934 2167 eruditissimus
1001 2114 1183 2166 lucide
1240 2118 1481 2182 exponit.

394 2188 509 2238 Nec
532 2186 753 2247 mirum,
791 2185 978 2234 vinum
1002 2201 1032 2234 e
1063 2184 1259 2249 palmis
1295 2188 1484 2237 etiam-

394 2272 538 2307 nunc
582 2255 641 2304 in
674 2253 1012 2319 Babyloniae
1057 2256 1260 2305 veteris
1310 2256 1485 2318 regio-

394 2327 554 2376 nibus
588 2324 799 2389 parari,
835 2322 893 2372 id
913 2323 1059 2387 quod
1083 2327 1320 2375 testatur
1342 2326 1485 2376 Hee-

396 2411 508 2446 ren.
562 2393 600 2444 l.
639 2408 804 2458 supra
853 2392 1002 2442 laud.
1052 2408 1178 2457 pag.
1230 2395 1331 2446 146
1366 2400 1482 2447 not.

397 2465 508 2514 Mel
549 2461 851 2528 palmarum
888 2461 1056 2511 refert
1100 2462 1242 2512 idem
1278 2464 1483 2514 Heere·

394 2534 518 2583 nius
542 2531 898 2598 probabiliter
925 2531 991 2580 ad
1025 2532 1345 2582 saccharum
1368 2532 1483 2598 pal-

395 2604 623 2653 marium
668 2598 1140 2666 (Palmenzucker),
1185 2601 1279 2665 qui
1326 2616 1357 2651 e
1401 2618 1483 2653 re-

396 2673 540 2723 centi
585 2670 886 2736 palmarum
950 2685 1115 2720 succo
1161 2671 1483 2722 conficiatur

395 2741 661 2806 hodieque
705 2740 775 2791 ab
813 2738 1084 2789 Arabibus
1132 2755 1296 2804 saepe
1332 2739 1484 2790 adhi-

394 2812 604 2862 beatur.
675 2808 814 2859 Add.
853 2807 1186 2859 Minutolil.
1223 2808 1261 2858 l.
1299 2838 1370 2848 -
1414 2809 1481 2860 In

395 2897 545 2946 seqq.
583 2895 680 2944 pro
719 2873 936 2927 συκέων
969 2883 1200 2928 recentt.
1233 2878 1356 2928 edd.
1393 2879 1483 2929 de-

395 2952 591 3001 derunt
634 2945 905 3010 συκεέων,
960 2946 1080 2997 sine
1127 2948 1478 2998 necessitate.

394 3020 555 3072 Conf.
595 3017 830 3068 Bredov.
906 3016 1081 3068 ..219

462 3080 532 3137 τά
568 3101 624 3136 τε
660 3076 826 3149 ἄλλα,
866 3032 975 3134 καὶ
1014 3082 1299 3164 φοινίκων
1345 3098 1483 3142 τους

393 3151 624 3222 ἔρσενας
660 3171 713 3206 κ.
745 3172 793 3205 τ.
821 3152 897 3219 2.]
934 3154 1018 3204 Ad
1041 3145 1111 3203 τὰ
1131 3144 1271 3203 ἄλλα
1301 3158 1483 3205 mente

392 3226 773 3292 repetendum:
832 3214 1253 3286 θεραπεύουσι,
1308 3228 1372 3273 ιιι
1417 3239 1483 3275 ea

394 3298 467 3346 sit
511 3295 700 3346 Nostri
743 3293 1045 3344 sententia·
1127 3307 1265 3355 ,non
1308 3291 1483 3343 solum

391 3366 450 3415 in
502 3364 725 3429 reliquis
770 3361 981 3427 palmas
1028 3359 1215 3412 colunt
1258 3360 1483 3412 ficorum

391 3450 541 3485 more
581 3433 647 3496 (i.
688 3450 735 3483 e.
773 3448 837 3482 eo
876 3447 1051 3494 more,
1089 3446 1197 3496 quo
1232 3431 1290 3480 in
1317 3432 1482 3483 Grae-

392 3504 483 3554 cia
516 3503 606 3553 fici
645 3500 750 3553 coli
798 3500 1034 3564 solent),
1081 3516 1268 3550 verum
1315 3501 1482 3551 etiam

394 3574 629 3623 fructum
690 3586 874 3622 earum
939 3569 1272 3635 palmarum,
1345 3586 1482 3635 quas

396 3642 595 3693 Graeci
627 3639 901 3692 masculas
944 3644 1177 3701 vocant,
1216 3640 1486 3690 circumli-

394 3717 530 3776 gant
564 3709 884 3776 glandiferis
921 3709 1177 3774 palmis.“
1228 3709 1305 3759 Ut
1340 3711 1484 3759 enim

392 3781 451 3830 in
484 3781 717 3832 Graecia
748 3776 958 3843 ψῆνες,
995 3794 1136 3843 quae
1170 3777 1224 3826 in
1261 3778 1389 3828 feris
1426 3777 1484 3828 fi-

394 3850 475 3900 cis
500 3850 712 3911 vivunt,
733 3848 1168 3898 immittebantur
1193 3846 1310 3896 ficis
1336 3862 1484 3897 man-

394 3920 597 3981 suetis,
644 3934 751 3985 quo
788 3918 997 3967 fructus
1037 3922 1482 3979 maturescerent,

393 4004 568 4053 neque
617 3989 674 4037 in
728 3993 926 4037 terram
981 3985 1322 4047 deciderent,
1379 3986 1484 4036 hoc

394 4057 555 4108 modo
593 4057 761 4107 etiam
794 4057 851 4105 in
886 4054 1081 4119 palmis
1106 4071 1140 4104 a
1162 4053 1483 4119 Babyloniis

392 4126 511 4176 fieri
560 4126 763 4176 Noster
818 4125 1036 4187 scribit,
1100 4139 1220 4174 cum
1280 4123 1485 4189 palma-

392 4211 512 4246 rum
532 4194 898 4245 mascularum
924 4195 1180 4255 fructum,
1207 4194 1262 4244 h.
1289 4209 1335 4243 e.
1362 4209 1486 4258 spa-

394 4264 569 4314 dicem
601 4280 723 4315 cum
759 4265 889 4313 flore
927 4264 1258 4325 abscissum,
1296 4263 1484 4314 eodem

393 4334 581 4395 mod0,
633 4348 742 4400 quo
804 4348 1026 4397 grossos
1078 4331 1196 4382 ficis
1256 4331 1485 4396 alligent

392 4402 607 4470 palmae
657 4402 955 4468 foeminae,
1011 4417 1116 4470 quo
1176 4401 1378 4453 culices
1426 4403 1486 4453 in

1588 1009 1721 1060 flore
1744 1010 1983 1075 spadicis
2011 1014 2148 1075 nati,
2173 1012 2421 1065 femellae
2443 1015 2683 1069 fructum

1589 1079 1903 1142 subeuntes,
1942 1095 2063 1130 eum
2087 1087 2379 1134 maturent.
2438 1084 2545 1136 Sed
2570 1088 2683 1137 He·

1589 1149 1783 1199 rodoto
1819 1150 2142 1201 adversatur
2178 1151 2588 1218 Theophrastus
2623 1157 2682 1207 in

1586 1217 1781 1269 histor.
1809 1218 2116 1283 plantarum
2143 1221 2221 1282 11,
2250 1221 2303 1271 9.
2338 1225 2390 1286 β.
2420 1225 2471 1273 5.
2497 1240 2552 1289 p.
2579 1225 2681 1278 115

1588 1287 1861 1351 scribens,
1911 1289 2071 1339 flores
2120 1289 2265 1340 solos
2317 1293 2682 1344 mascularum

1587 1356 1889 1421 palmarum
1915 1356 2058 1408 idem
2086 1358 2345 1409 efficere'
2328 1377 2386 1410 ιιι
2409 1362 2679 1427 femineis,

1589 1425 1736 1491 quod
1783 1441 1817 1476 a
1862 1426 2126 1478 culicibus
2169 1428 2295 1478 istis
2342 1429 2569 1481 ficorum
2605 1433 2683 1483 fe-

1589 1510 1772 1545 rarum
1809 1497 1867 1546 in
1901 1495 2021 1546 ficis
2052 1500 2352 1548 mansuetis
2386 1500 2678 1553 efficiatur.

1591 1564 1758 1616 Cuius
1794 1565 2054 1616 iudicium
2104 1567 2279 1617 secuti
2325 1568 2432 1618 viri
2468 1572 2678 1635 gravis

1588 1635 1740 1696 simi,
1784 1633 2127 1686 Salmasius
2110 1651 2168 1685 m
2188 1635 2360 1686 Solini
2390 1637 2519 1690 hist.
2549 1655 2678 1704 pag.

1585 1703 1709 1765 938,
1747 1704 1779 1753 2
1816 1705 1881 1754 A.
1913 1705 1978 1766 B,
2017 1710 2073 1755 et
2104 1705 2360 1756 Bodaeus
2397 1723 2432 1757 a
2467 1708 2677 1774 Stapel,

1588 1773 1781 1822 doctus
1835 1773 2201 1838 Theophrasti
2259 1776 2558 1841 interpres,
2621 1779 2680 1827 in

1586 1841 1928 1891 Herodotum
1969 1842 2329 1906 invehuntur,
2382 1845 2478 1909 qui
2532 1846 2678 1910 quod

1586 1910 1644 1959 in
1670 1909 2079 1974 caprificatione
2114 1926 2246 1961 usus
2278 1912 2675 1977 introduxerat,

1584 1979 1640 2028 id
1676 1979 2047 2044 imprudenter
2082 1980 2152 2030 ad
2189 1980 2400 2044 palmas
2438 1986 2681 2033 transtu-

1585 2047 1730 2099 lerit.
1801 2048 1911 2099 Sed
1946 2047 2252 2111 Herodoto,
2287 2054 2350 2100 ιιι
2386 2051 2518 2101 testi
2553 2067 2679 2102 ocu-

1584 2116 1727 2179 lato,
1790 2117 1910 2182 plus
1951 2118 2297 2168 tribuendum
2343 2135 2465 2170 esse
2513 2136 2677 2186 quam

1587 2185 1966 2251 Theophrasto
2003 2202 2070 2237 ex
2101 2187 2332 2238 aliorum
2363 2191 2679 2241 narratione

1587 2255 1873 2338 pendenti,
1911 2256 2188 2320 persuasit
2223 2256 2329 2309 Iul.
2366 2259 2679 2310 Pontedera

1587 2326 1643 2373 in
1670 2324 1964 2391 Antholog.
2004 2341 2048 2376 s.
2077 2326 2143 2375 de
2179 2327 2296 2377 flor.
2334 2333 2515 2378 natur.
2552 2328 2680 2392 (Pa-

1588 2399 1700 2444 tav,
1742 2394 1901 2460 1720)
1949 2395 2037 2457 11,
2080 2395 2177 2456 32,
2234 2396 2331 2446 ubi
2379 2398 2574 2462 palmis
2621 2399 2679 2448 in

1587 2465 1797 2513 oriente
1819 2464 2137 2526 fructiferis,
2161 2480 2227 2514 ne
2253 2465 2522 2530 palmulas
2550 2472 2677 2518 ante

1586 2533 1960 2582 maturitatem
1999 2534 2284 2597 amittant,
2322 2551 2420 2600 per
2453 2537 2555 2586 hos
2590 2552 2677 2586 cu-

1583 2603 1706 2651 lices
1730 2616 1776 2651 s.
1798 2600 1992 2665 ψῆνας
2016 2603 2260 2652 succurri
2283 2609 2493 2655 narrat.
2524 2604 2678 2655 Idem

1586 2669 1826 2719 affirmat
1859 2671 2117 2722 Minutoli
2151 2670 2186 2722 1.
2227 2669 2265 2722 l.
2300 2688 2355 2737 p.
2396 2673 2464 2722 87
2500 2688 2677 2739 seqq„

1586 2739 1680 2804 qui
1746 2739 1814 2789 de
1876 2739 2287 2803 caprificatione
2352 2741 2675 2807 palmarum,

1586 2808 1762 2874 qualis
1802 2823 1947 2858 nunc
1990 2809 2049 2858 in
2090 2810 2242 2874 Aegy
2282 2813 2339 2859 to
2376 2809 2464 2874 fit,
2519 2826 2678 2861 accu-

1585 2882 1705 2927 rate
1742 2878 2010 2941 exposuit.
2068 2878 2208 2929 Add.
2308 2878 2676 2933 inckelmann.

1585 2947 1657 2997 ad
1678 2946 1958 2997 Plutarch.
1983 2948 2192 3000 Erotic.
2216 2964 2269 3012 p.
2300 2947 2421 3011 129,
2454 2955 2511 3000 et
2535 2965 2678 3015 quae

1586 3031 1652 3067 ex
1699 3017 2155 3068 commentatione
2201 3017 2502 3069 Schwarzii
2547 3020 2676 3070 affe-

1585 3091 1777 3136 runtur
1810 3087 1867 3136 in
1891 3086 2097 3138 Comm.
2127 3088 2391 3139 Societat.
2412 3088 2674 3154 philolog.

1584 3156 1736 3220 Lips.
1775 3156 1820 3218 1,
1861 3156 1912 3205 1.
1950 3171 2076 3221 pag.
2118 3157 2183 3208 16
2218 3172 2372 3222 seqq.
2446 3159 2533 3209 Cr.
2575 3173 2675 3208 nos

1583 3224 1843 3275 amandat
1879 3224 1951 3275 ad
1984 3226 2317 3290 Geoponicc.
2345 3228 2413 3288 X,
2453 3230 2486 3278 5
2523 3225 2673 3291 (coll.

1582 3295 1660 3356 X,
1698 3293 1756 3358 4)
1801 3293 1936 3358 ibiq.
1984 3294 2193 3345 Niclas.
2241 3311 2368 3360 pag.
2400 3263 2506 3346 '651
2555 3295 2674 3358 (cu-

1582 3364 1668 3412 ius
1702 3363 1884 3413 verbis
1919 3363 2030 3412 iam
2066 3378 2234 3427 supra
2265 3379 2398 3414 usus
2437 3362 2582 3426 sum)
2620 3369 2676 3413 et

1585 3433 1655 3482 ad
1700 3432 1968 3482 Ammian.
2015 3431 2319 3482 Marcellin.
2360 3433 2565 3494 XXIV,
2622 3432 2674 3482 3.

1584 3501 1635 3563 §-
1665 3502 1730 3553 12
1767 3501 1899 3564 ibiq.
1939 3500 2306 3566 Lindenbrog.
2335 3505 2389 3550 et
2411 3502 2673 3564 Wagner.

1587 3588 1639 3636 p.
1678 3570 1765 3621 71.
1824 3567 2129 3619 Larcherus
2165 3570 2270 3619 hac
2308 3570 2376 3620 de
2409 3584 2468 3618 re
2504 3569 2673 3619 Plinii

1585 3640 1764 3690 locum
1817 3639 2189 3703 adscripscrat
2241 3639 2297 3688 in
2341 3638 2489 3689 Hist.
2543 3639 2673 3689 Nat.

1583 3709 1712 3769 XV,
1759 3709 1818 3761 19
1865 3713 1921 3756 et
1956 3707 2308 3758 Toumefort.
2355 3708 2413 3756 in
2447 3708 2675 3772 Voyage

1587 3779 1658 3828 du
1692 3777 1935 3838 Levant,
1973 3778 2122 3827 Lett.
2160 3777 2318 3827 VIII.
2354 3792 2407 3841 p.
2448 3775 2569 3828 338.
2602 3807 2675 3816 --

1582 3844 1890 3897 Articulum
1924 3835 1954 3894 ὁ
1991 3850 2121 3896 ante
2155 3843 2259 3894 τοῦ
2288 3844 2555 3909 φοίνικος
2579 3846 2678 3896 ite-

1586 3920 1764 3965 ratum
1803 3916 2008 3965 omittit
2041 3914 2390 3966 Florentinus
2428 3930 2676 3980 unusque

1586 3984 1869 4035 Parisinus
1895 4001 2016 4036 cum
2040 3984 2347 4045 Athenaeo,
2374 3984 2519 4035 unde
2543 3985 2677 4035 Din-

1585 4054 1713 4104 dorf
1743 4069 1955 4120 quoque
1991 4055 2202 4117 omisit,
2253 4054 2482 4105 Dietsch
2519 4056 2675 4104 uncis

1585 4122 1829 4174 inclusit.
1900 4125 2037 4175 Mihi
2073 4126 2213 4174 bene
2255 4125 2479 4174 retineri
2515 4139 2677 4189 posse

1584 4193 1821 4244 videtur.

1654 4260 1852 4326 ψῆνας
1898 4253 2003 4326 γὰρ
2050 4253 2123 4325 δὴ
2178 4258 2456 4327 φορέουσι
2502 4251 2563 4309 ἐν
2598 4257 2678 4327 τῷ

1587 4330 1789 4398 καρπῷ
1836 4325 1896 4380 οἱ
1936 4326 2185 4453 foventes}
2230 4331 2390 4397 Apud
2436 4329 2678 4383 Gaisfor-

1589 4402 1737 4455 dium
1791 4402 2040 4454 invenio·
2109 4414 2146 4451 α
2228 4396 2477 4470 ἔρσενες,
2531 4396 2680 4468 quod
