3109 5092
1185 375 1682 437 EUTERPE.
1728 376 1814 433 ΙΙ.
1861 384 1914 437 8.

2567 372 2691 431 445

408 561 639 619 θεῖσαι
672 546 787 626 τὰς
815 551 889 617 ἐν
909 552 1174 637 Μέμφι.
1208 548 1414 636 ταύτῃ
1443 548 1569 635 μὲν
1606 553 1813 636 λῆγον
1841 543 2280 633 ἀνακάμπτει,
2304 547 2370 623 ἐς
2396 542 2477 612 τὰ
2504 553 2688 633 εἴρη-

409 681 553 738 ται,
602 650 678 721 τὸ
708 643 927 739 οὖρος.
996 657 1078 742 τῇ
1116 652 1191 719 δὲ
1227 649 1391 720 αὐτὸ
1440 653 1698 720 ἑωυτοῦ
1742 651 1880 719 ἐστὶ
1921 647 2370 738 μακρότατον,
2419 643 2508 726 ὥς
2558 645 2688 733 ἐγώ

409 754 897 878 ἐπυνθανόμην
938 754 1063 824 δύο
1101 759 1340 879 μηνῶν
1383 752 1549 822 αὐτὸ
1583 753 1756 823 εἶναι
1793 758 1908 840 τῆς
1953 749 2119 821 ὁδοῦ
2159 748 2290 820 ἀπὸ
2333 747 2494 839 ἠοῦς
2526 748 2690 838 πρὸς

413 862 727 948 ἑσπέρην·
769 886 850 926 τα
890 856 964 926 δὲ
995 856 1160 947 πρὸς
1189 854 1312 945 τὴν
1344 854 1443 945 ἠῶ
1471 854 1988 945 λιβανωτοφόρα
2029 851 2240 924 αὐτοῦ
2283 851 2363 921 τὰ
2400 857 2689 942 τέρματα

413 962 609 1031 εἶναι.
667 966 866 1030 τοῦτο
908 962 1032 1048 μέν
1071 989 1244 1084 ”W
1241 959 1317 1029 τὸ
1358 952 1559 1048 οὖρος
1600 959 1864 1030 τοιοῦτό
1902 962 2062 1029 ἐστι.
2136 956 2212 1026 τό
2245 957 2320 1026 δὲ
2364 955 2529 1046 πρὸς
2562 964 2684 1024 Λι-

329 1083 423 1138 107
442 1064 612 1153 βύης
637 1070 754 1153 τῆς
781 1063 1135 1150 Αἰγύπτου
1164 1053 1364 1153 οὖρος
1390 1061 1554 1134 αλλο
1596 1066 1912 1153 πέτρινον
1952 1071 2182 1147 τείνει,
2222 1063 2297 1129 ἐν
2324 1066 2417 1154 τῷ
2449 1064 2524 1129 αἱ
2553 1086 2684 1129 πυ-

416 1233 586 1295 lesse,
635 1232 788 1282 cuius
836 1229 1033 1280 librum
1079 1232 1133 1280 in
1181 1232 1506 1282 Germanum

420 1317 720 1351 sermonem
766 1300 1048 1350 transtulit
1085 1302 1150 1350 G.
1189 1300 1505 1350 Leonhard:

417 1370 908 1434 Untersuchungen
966 1370 1100 1420 iiber
1155 1368 1259 1419 den
1315 1370 1507 1419 rothen

417 1440 664 1505 Porphyr
710 1439 805 1489 der
854 1439 1016 1489 Alten
1061 1439 1171 1489 und
1220 1438 1354 1489 iiber
1403 1439 1506 1488 den

418 1510 609 1559 rothen
664 1510 899 1573 Aegypt.
947 1509 1159 1572 Syenit.
1211 1509 1506 1572 Stuttgart.

424 1581 584 1640 1852,
650 1578 744 1628 ubi
790 1579 901 1627 vid.
951 1578 1291 1642 potissimum
1334 1594 1389 1642 p.
1438 1580 1506 1628 22

417 1665 568 1715 seqq.
608 1650 719 1698 Eas
743 1663 871 1697 vero
900 1647 1226 1711 lapicidinas
1255 1648 1358 1697 hoc
1385 1647 1505 1697 loco

417 1716 798 1783 intelligendas
824 1733 946 1767 esse
967 1718 1060 1766 vix
1085 1717 1326 1767 dubium.
1366 1717 1504 1766 Nam

419 1787 643 1839 alteram
685 1788 845 1836 istius
893 1789 1092 1837 montis
1139 1792 1348 1852 partem
1396 1802 1505 1835 non

418 1859 523 1907 nisi
548 1857 813 1908 calcarios
834 1858 1111 1908 continere
1133 1857 1362 1920 lapides,
1399 1862 1507 1905 ter-

381 1929 579 1991 'tiam,
641 1926 784 1975 binis
843 1926 1064 1991 reliquis
1128 1926 1284 1991 quasi
1344 1926 1506 1975 inter-

417 1998 684 2062 positam,
734 2011 1060 2058 arenaceos,
1121 1995 1298 2060 magis
1346 2000 1503 2059 aptos

415 2066 539 2116 illos
579 2066 796 2131 quidem
843 2066 912 2115 ad
963 2065 1177 2115 aedium
1213 2063 1382 2114 moles
1420 2079 1507 2114 ex-

418 2135 725 2185 struendas.

463 2197 663 2284 ταύτῃ
699 2197 803 2266 μὲν
839 2200 1014 2283 λῆγον
1039 2194 1410 2266 ἀνακάμπτει,
1455 2195 1510 2259 ἐς

416 2267 486 2323 τὰ
523 2271 773 2337 εἴρηται,
809 2265 873 2320 τὸ
903 2257 1101 2336 ονρος]
1140 2272 1344 2322 Bobrik
1372 2273 1508 2322 Geo-

419 2343 608 2408 grapb.
659 2342 712 2392 (1.
760 2341 1024 2391 Herodot.
1077 2359 1130 2406 p.
1181 2342 1285 2391 206
1331 2333 1507 2406 ταύτῃ

418 2413 488 2462 ad
525 2411 815 2474 Memphim
874 2410 1115 2460 reserens
1157 2411 1293 2460 haec
1339 2411 1508 2460 verba

419 2482 498 2531 sic
523 2479 751 2544 intelligi
779 2480 921 2528 vult.
965 2481 1090 2541 „bei
1114 2480 1381 2544 Memphis
1413 2495 1510 2529 an-

418 2550 659 2616 sangend
714 2550 845 2599 oder
904 2551 1042 2599 auch
1100 2547 1336 2611 endend‚
1403 2549 1507 2598 wie

423 2624 594 2669 man's
623 2617 850 2668 nehmen
873 2618 1003 2682 will,
1031 2619 1140 2668 und
1160 2620 1261 2669 wie
1291 2623 1505 2684 gesagt‚

420 2689 559 2738 nach
586 2688 768 2739 Siiden
801 2688 1314 2750 berunterlaufend,
1355 2689 1508 2750 biegt

420 2758 598 2808 dieses
613 2757 846 2820 Gebirge
865 2759 920 2806 in
942 2759 1027 2807 die
1046 2758 1393 2824 angegebene
1405 2758 1508 2808 Ge-

424 2828 564 2893 gend
604 2826 733 2875 oder
769 2827 933 2875 dehnt
968 2827 1083 2876 sich
1117 2828 1174 2876 in
1214 2827 1299 2876 die
1323 2827 1506 2876 Breite

424 2897 638 2947 dorthin
663 2911 761 2945 aus
780 2935 794 2956 ‚
832 2896 885 2947 d.
916 2896 968 2946 h.
998 2894 1190 2946 'cistlich
1217 2896 1354 2946 nach
1380 2897 1512 2945 Ara-

425 2967 549 3016 bien
588 2966 758 3015 fort.“
833 2966 1097 3030 Equidem
1138 2965 1320 3016 malim
1356 2966 1511 3030 sequi

425 3036 1013 3100 Schweighaeuserum‚
1052 3051 1205 3100 quem
1234 3037 1395 3084 etiam
1431 3050 1511 3084 se-

426 3108 706 3155 cutus‘est
740 3104 989 3168 Lhardy‚
1037 3105 1172 3154 haec
1216 3105 1298 3154 ita
1343 3103 1512 3168 expli-

426 3179 664 3225 cantem:
728 3175 839 3223 Hoc
881 3175 1008 3223 enim
1052 3178 1160 3225 loco
1222 3171 1338 3237 (ubi
1390 3173 1507 3223 scil.

423 3250 551 3294 sunt
570 3242 917 3308 lapicidinae)
956 3244 1189 3294 desinens
1211 3259 1346 3293 mons
1375 3243 1435 3304 (i.
1462 3259 1507 3292 e.

425 3329 532 3363 non
570 3312 799 3377 amplius
837 3327 870 3361 a
893 3314 1262 3377 septentrione
1298 3312 1366 3361 ad
1401 3329 1512 3363 me-

423 3383 612 3432 ridiem
658 3387 811 3432 recta
871 3381 1128 3446 surgens)
1185 3383 1409 3447 flectitur
1461 3383 1512 3431 in

425 3469 532 3502 eam
580 3468 724 3517 quam
772 3451 889 3500 dixi
926 3459 1122 3513 partem
1170 3451 1227 3514 (i.
1269 3467 1316 3503 e.
1364 3467 1512 3501 mare

425 3522 642 3571 rubrum
691 3519 925 3584 versus).
1009 3521 1098 3570 Ita
1147 3522 1317 3570 verba
1353 3510 1407 3576 ἐς
1444 3511 1513 3568 τὰ

424 3588 642 3653 εἴρηται
682 3589 750 3639 ad
786 3605 850 3639 ea
875 3594 1141 3668 spectant,
1181 3605 1320 3654 quae
1348 3589 1510 3653 paulo

424 3664 552 3709 ante
588 3660 868 3737 leguntur.
916 3653 1027 3708 αἰεὶ
1064 3649 1184 3708 ἄνω
1228 3661 1421 3707 τεῖνον
1457 3649 1511 3713 ἐς

423 3720 529 3793 τὴν
561 3718 852 3791 Ἐρυθρὴν
903 3725 1252 3792 καλεομένην
1295 3719 1508 3776 θαλασ-

426 3811 549 3847 σαν.
636 3796 940 3846 Larcherus
987 3797 1153 3847 refert
1199 3797 1268 3845 ad
1312 3797 1507 3845 verba.

420 3857 537 3915 ἀπὸ
582 3859 644 3915 δὲ
680 3858 877 3915 ‘'Hicov
921 3860 1120 3922 πόλιος
1168 3879 1289 3914 ανω
1341 3857 1507 3923 ἐόντι,

424 3951 491 3985 ac
530 3936 578 3984 si
614 3935 927 3985 Herodotus
963 3936 1302 3999 scripsisset.
1356 3925 1410 3991 ἐς
1443 3928 1513 3981 τὰ

422 3995 541 4054 ἅνω
563 3995 759 4053 Ἡλίου
784 3996 998 4064 πόίιος,
1026 4008 1218 4054 contra
1247 4008 1509 4067 apertam,

425 4078 488 4123 ut
534 4071 666 4122 mihi
701 4073 916 4137 quidem
953 4074 1199 4136 videtur,
1245 4071 1511 4123 Herodoti

425 4143 780 4204 sententiam,
842 4142 932 4206 qui
998 4143 1053 4191 in
1115 4157 1263 4208 seqq.
1313 4146 1511 4203 monet,

429 4215 665 4261 montem
701 4210 852 4260 illum
887 4210 1182 4261 secundum
1209 4227 1358 4261 mare
1392 4227 1514 4275 por-

427 4280 536 4344 rigi
570 4296 742 4345 usque
787 4281 857 4329 ad
904 4281 1155 4344 regiones
1199 4280 1513 4330 thuriferas.

430 4350 642 4411 Quibus
688 4349 870 4399 verbis
916 4350 1188 4399 notionem
1244 4349 1515 4415 quandam

429 4418 693 4481 Arabiae,
732 4416 942 4483 qualem
967 4418 1168 4469 Noster
1200 4419 1304 4469 sibi
1340 4424 1517 4469 mente

1612 1231 2011 1292 informaverit,
2062 1229 2328 1279 contineri
2372 1233 2529 1279 notat
2564 1229 2694 1278 Nie-

1609 1301 1766 1353 buhr.
1816 1302 1870 1349 in
1917 1301 2064 1349 Diss.
2111 1299 2259 1349 laud.
2316 1298 2383 1348 de
2428 1297 2695 1348 Herodoti

1612 1371 1810 1434 Geogr.
1848 1386 1902 1434 p.
1929 1370 2053 1419 220.
2123 1370 2281 1418 Hane
2306 1384 2435 1418 vero
2458 1368 2693 1418 Arabiae

1610 1441 1885 1490 notionem
1940 1438 2227 1488 admodum
2272 1453 2468 1503 vagam
2522 1439 2694 1487 incer-

1610 1515 1830 1574 tamque
1867 1524 2013 1570 esse,
2054 1524 2175 1558 cum
2192 1509 2392 1557 Noster
2417 1507 2559 1557 hanc
2589 1511 2694 1556 ter-

1611 1594 1723 1627 ram
1761 1580 1877 1643 ipse
1911 1578 2053 1628 haud
2088 1578 2297 1639 viserit,
2336 1578 2433 1627 sed
2472 1593 2536 1627 ea
2572 1582 2693 1626 tan-

1610 1653 1725 1697 tum
1758 1647 2030 1709 retulerit,
2069 1663 2209 1712 quae
2232 1647 2400 1697 fando
2424 1648 2694 1707 audierat,

1612 1733 1679 1767 ex
1740 1718 1844 1768 hoc
1896 1719 2015 1782 ipso
2071 1717 2192 1766 loco
2247 1718 2383 1765 satis
2437 1717 2692 1777 cernitur,

1611 1786 1754 1837 unde
1784 1787 2137 1851 intelligimus
2153 1786 2419 1835 Herodoti
2438 1787 2694 1835 Arabiam

1610 1871 1728 1905 eam
1781 1858 2019 1920 Aegypti
2080 1854 2315 1920 (qualem
2379 1871 2477 1904 nos
2528 1854 2695 1904 habe-

1610 1925 1751 1989 mus)
1779 1932 1989 1990 partem
2015 1923 2321 1989 complecti,
2359 1940 2497 1989 quae
2520 1940 2554 1974 a
2580 1922 2694 1974 Nili

1610 1994 1752 2044 valle
1798 2010 1970 2060 usque
2022 1996 2093 2044 ad
2141 2009 2285 2043 mare
2340 1994 2560 2044 rubrum
2608 2009 2695 2043 ex-

1612 2064 1880 2127 tenditur,
1946 2064 2089 2114 haud
2135 2063 2359 2114 exclusa
2409 2080 2475 2115 ea
2528 2070 2693 2126 terra,

1612 2150 1772 2198 quam
1799 2133 1961 2183 bodie
1980 2133 2215 2184 Arabiae
2250 2149 2385 2183 voce
2410 2135 2694 2200 designare

1610 2203 1872 2264 solemus,
1935 2203 2004 2253 ad
2062 2202 2288 2252 alteram
2334 2205 2498 2253 maris
2545 2203 2695 2252 rubri

1612 2288 1761 2322 oram
1797 2274 1905 2322 sita
1950 2278 2005 2323 et
2041 2274 2302 2322 orientem
2352 2289 2542 2323 versus
2576 2288 2696 2337 por·

1611 2349 1787 2392 recta:
1847 2343 1903 2392 id
1955 2342 2099 2407 quod
2150 2341 2393 2392 declarat
2431 2341 2573 2393 alter
2619 2341 2696 2390 lo-

1611 2427 1706 2461 cus
1740 2412 1826 2472 ΙΙ,
1866 2412 1923 2461 11
1979 2411 2102 2462 coll.
2137 2412 2253 2472 111,
2293 2410 2379 2463 88.
2433 2413 2555 2473 107,
2601 2411 2693 2461 ubi

1610 2481 1721 2531 vid.
1770 2486 1910 2531 nott.
1984 2482 2163 2546 Atque
2216 2481 2404 2531 eodem
2445 2486 2694 2547 spectare

1610 2550 1827 2599 videtur
1868 2551 2071 2600 mentio
2119 2551 2358 2600 locorum
2408 2550 2582 2600 thuris
2618 2551 2695 2599 fe-

1611 2619 1846 2680 racium,
1892 2634 2033 2683 quae
2080 2619 2166 2668 hic
2202 2619 2282 2669 fit.
2358 2619 2516 2669 Conf.
2564 2634 2695 2683 quo-

1611 2704 1713 2754 que
1750 2688 2002 2738 Wheeler
2049 2688 2376 2752 Geography
2421 2691 2483 2739 of
2523 2689 2695 2738 Hero·

1612 2759 1724 2814 dot.
1764 2774 1817 2822 p.
1857 2758 1958 2808 314
1998 2773 2110 2823 seq.
2169 2758 2374 2807 Bobrik
2411 2758 2449 2808 1.
2485 2755 2523 2808 1.
2561 2773 2689 2823 pag.

1612 2828 1707 2878 101
1734 2842 1862 2910 seq.

1684 2913 1751 2963 τη
1788 2893 1851 2946 δε
1888 2887 2028 2945 αὐτὸ
2068 2886 2283 2946 ἑωυτοῦ
2339 2888 2450 2946 ἐστὶ
2486 2888 2695 2960 μακρό-

1613 2964 1807 3031 τατον]
1850 2968 1934 3017 De
1970 2966 2243 3016 locutione
2286 2965 2691 3028 eonf.1‚193.

1614 3036 1735 3087 203.
1810 3036 2006 3085 Verbis
2055 3032 2150 3118 τῇ
2163 3029 2254 3097 δὲ,
2309 3052 2450 3102 quae
2485 3041 2697 3088 antece·

1615 3106 1867 3156 dentibus
1892 3122 1994 3154 ταν
2000 3121 2066 3173 τῃ
2092 3100 2196 3170 μὲν
2224 3074 2594 3171 6pponuntur,
2634 3122 2699 3156 ea

1612 3176 1889 3226 indicatur
1910 3177 2078 3240 regio,
2104 3176 2196 3224 ubi
2216 3192 2368 3226 mons
2392 3177 2496 3226 iste
2526 3177 2698 3226 orien-

1614 3252 1721 3295 tem
1758 3261 1949 3294 versus
1994 3245 2169 3294 tendit
2212 3245 2536 3311 longiusque
2579 3261 2699 3311 por-

1613 3316 1809 3379 rigitur
1832 3314 2125 3364 secundum
2151 3330 2297 3364 mare
2321 3315 2559 3365 rubrum.
2613 3314 2698 3364 Ad

1616 3388 1946 3434 structuram
1976 3383 2162 3433 verbb.
2197 3374 2272 3441 ὥς
2310 3375 2413 3446 ἐγώ
2444 3374 2699 3432 ἐπυνθα-

1616 3445 1800 3516 νόμην
1836 3452 1948 3501 vid.
1974 3457 2114 3501 nott.
2155 3452 2223 3501 ad
2258 3453 2303 3514 1,
2334 3451 2562 3502 58.191.
2634 3451 2699 3501 In

1611 3511 2415 3652 ἰὲἓέἆαᾱέἕῑέἕέςξὲᾞὶ
2443 3519 2700 3639 <2253ssss

1612 3660 1715 3709 bus
1750 3658 1901 3708 libris
1939 3675 2034 3723 pro
2068 3658 2194 3707 olim
2228 3658 2376 3723 vulg.
2414 3652 2513 3720 ἔω,
2552 3659 2699 3723 quod

1615 3729 1683 3778 ab
1713 3726 1992 3776 Herodoto
2030 3727 2261 3777 alienum
2304 3744 2422 3778 esse
2462 3728 2700 3778 ostendit

1613 3797 1847 3848 Bredov.
1866 3812 1919 3860 p.
1943 3797 2030 3847 33.
2064 3796 2215 3846 Idem
2242 3796 2485 3847 dedimus
2512 3797 2587 3858 11,
2611 3798 2699 3849 32.

1684 3859 1746 3914 τὸ
1792 3859 1855 3914 δὲ
1917 3858 2063 3928 πρὸς
2110 3858 2327 3931 Λιβύης
2384 3866 2486 3929 τῆς
2533 3858 2699 3930 Αἰγύ-

1615 3933 1784 3999 πτου]
1824 3935 1858 3984 i.
1902 3950 1948 3985 e.
1986 3936 2121 4000 quod
2151 3938 2327 3985 attinet
2358 3936 2432 3985 ad
2463 3951 2571 3985 eam
2596 3937 2702 3986 Ae·

1610 4007 1756 4070 yypti
1785 4011 2006 4066 partem,
2046 4019 2175 4069 quae
2209 4006 2505 4055 occidentem
2541 4021 2586 4055 s.
2610 4007 2702 4055 Li-

1615 4074 1760 4138 byam
1793 4089 1970 4123 versus
2005 4082 2084 4123 est
2120 4075 2372 4125 sita.1n
2409 4090 2516 4140 quo
2552 4073 2703 4124 nulla

1617 4159 1753 4208 opus
1788 4141 2185 4193 emendatione.

1686 4201 1826 4273 ὄρος
1862 4201 1995 4260 ἄλλο
2031 4209 2302 4275 πέτρινον
2336 4227 2387 4261 κ.
2418 4227 2465 4261 τ.
2505 4212 2578 4278 7..]
2614 4213 2699 4261 De

1616 4288 1775 4330 monte
1797 4280 1927 4348 Liby
1929 4296 1987 4331 eo
2003 4280 2319 4332 consulatur
2337 4282 2539 4332 Ritter.
2566 4280 2701 4330 Erd-

1618 4349 1799 4399 kunde
1836 4300 1927 4400 [ῃ
1922 4365 2045 4416 pag.
2083 4352 2187 4402 770
2221 4364 2336 4415 seq.
2376 4356 2433 4401 et
2467 4352 2702 4414 Russeg-

1620 4434 1732 4485 ger.
1767 4416 1806 4470 1.
1846 4416 1884 4470 l.
1921 4434 2045 4485 pag.
2075 4419 2177 4471 278
2213 4433 2363 4484 seqq.
2436 4418 2576 4469 Nam
2609 4419 2700 4483 qui
