3109 5092
447 324 570 386 508

1315 322 1851 385 HERODOTI

449 497 790 589 γράμμασι
838 501 1198 589 χρέωνται·
1260 499 1373 567 καὶ
1419 496 1498 566 τὰ
1535 496 1663 585 μὲν
1701 491 1929 564 αὐτῶν
1968 491 2111 584 ἱρὰ,
2164 492 2245 564 τὰ
2284 492 2361 564 δὲ
2401 489 2727 583 δημοτικὰ

446 606 772 673 καλέεται.

445 787 534 822 ται
572 787 623 820 x.
663 786 710 820 τ.
750 769 822 836 L]
866 769 1216 832 „Herodotus
1251 769 1381 819 duas
1416 773 1534 818 tan-

446 841 725 893 tummodo
774 840 1027 905 agnoscit
1083 839 1381 903 scripturas
1428 838 1532 887 Ae-

446 911 785 976 gyptiorum,
821 908 1241 974 hieroglyphicam
1274 923 1341 958 ac
1373 922 1534 970 popu-

443 984 620 1032 larem.
693 980 776 1030 Ac
817 980 948 1029 licet
996 977 1269 1028 Diodorus
1315 976 1533 1028 Siculus

444 1052 518 1116 (I,
558 1050 622 1101 81
647 1049 771 1100 coll.
803 1048 908 1110 111,
936 1049 970 1097 4
995 1052 1050 1098 et
1069 1047 1249 1097 Palin.
1283 1047 1533 1112 fragmm.

446 1135 539 1170 sur
574 1118 763 1170 l'etud.
813 1118 910 1168 des
944 1117 1285 1182 hieroglyph.
1321 1121 1447 1181 part
1485 1116 1533 1166 Ι.

445 1206 573 1255 pag.
617 1189 704 1253 12)
740 1189 844 1238 hac
887 1187 944 1236 in
983 1202 1041 1236 re
1077 1185 1238 1250 plane
1273 1201 1391 1236 cum
1429 1186 1535 1236 No-

449 1264 564 1308 stro
603 1255 804 1308 faciat:
849 1262 1032 1306 tamen
1074 1255 1370 1306 Clementis
1402 1256 1534 1305 Por-

446 1327 728 1393 phyriique
762 1326 1032 1375 diversam
1067 1326 1336 1375 rationem
1371 1339 1536 1389 supra

446 1396 888 1456 memoravimus,
922 1395 968 1444 si
993 1393 1153 1444 modo
1177 1394 1397 1444 diversa
1432 1399 1534 1443 est.

447 1468 564 1517 Iam
589 1465 884 1529 quaeritur,
910 1469 1089 1513 utrum
1110 1463 1379 1514 Herodoti
1401 1463 1534 1512 Dio-

447 1535 674 1600 dorique
732 1534 974 1583 narratio
1030 1533 1311 1583 conciliari
1367 1538 1535 1597 queat

448 1621 569 1655 cum
591 1608 891 1654 ceterorum
917 1618 1052 1667 quos
1084 1602 1317 1652 diximus
1346 1606 1536 1651 aucto-

447 1675 643 1735 ritate,
686 1688 756 1723 an
804 1687 981 1723 secus.
1065 1673 1247 1738 Zoega
1298 1671 1532 1736 quidem,

445 1749 507 1794 ut
525 1745 652 1794 hinc
682 1742 890 1804 ordiar,
928 1743 1019 1807 qui
1055 1741 1109 1791 in
1139 1758 1257 1792 eam
1282 1756 1533 1791 caussam

446 1814 691 1865 studiose
715 1812 989 1876 inquirere
1017 1812 1258 1861 instituit
1284 1809 1371 1874 (de
1410 1811 1533 1861 obe-

445 1884 600 1934 liscc.
628 1899 683 1947 p.
711 1880 1008 1931 424—440.
1048 1878 1199 1943 549),
1237 1880 1533 1931 Clementis

446 1969 512 2004 ac
547 1952 839 2016 Porphyrii
885 1951 1150 2001 rationem
1190 1948 1534 2015 'argumentis

446 2036 675 2086 operose
726 2020 1004 2084 congestis
1057 2025 1316 2083 tanquam
1373 2020 1532 2069 unice

446 2106 632 2140 veram
667 2089 882 2138 firmare
931 2093 1016 2138 est
1049 2095 1296 2138 conatus.
1368 2089 1535 2138 Ponit

447 2166 628 2210 autem
675 2157 770 2208 ille
813 2157 1208 2207 Alexandrinus
1260 2157 1387 2206 haec
1430 2158 1534 2205 cria

442 2243 665 2294 qenera:
700 2220 769 2275 τὰ
793 2220 1054 2276 ἐπιστολο
1094 2217 1325 2288 ραφικὰ,
1359 2216 1428 2273 τὰ
1457 2217 1534 2272 ἰε-

449 2286 790 2361 ρογλυφικοὶ,
833 2287 901 2343 τὰ
933 2308 1038 2356 συμ
1080 2285 1258 2343 olenti.
1333 2294 1533 2343 Contra

447 2365 727 2417 conciliari
770 2363 908 2414 haec
956 2363 1099 2413 inter
1151 2377 1210 2412 se
1256 2377 1419 2426 posse
1455 2363 1535 2411 iu-

447 2436 597 2486 dicat
630 2435 870 2498 Sacyus,
909 2433 1000 2497 qui
1020 2433 1100 2482 ita
1128 2432 1319 2483 scribit
1352 2429 1534 2494 (lettre

447 2506 482 2556 a
515 2505 649 2556 Msr.
685 2503 920 2568 Chaptal
956 2507 1060 2552 etc.
1098 2519 1149 2566 p.
1190 2501 1308 2566 30)2
1348 2502 1448 2564 „Si
1482 2501 1535 2550 le

445 2578 671 2641 rapport
700 2572 767 2623 de
804 2577 892 2623 cet
917 2570 1158 2622 ecrivain
1193 2569 1531 2634 (Clementis)

446 2644 651 2696 semble
676 2644 946 2693 contraire
972 2642 1006 2691 a
1032 2640 1174 2692 celui
1200 2639 1534 2691 d'Herodote

447 2720 502 2765 et
544 2713 612 2764 de
649 2713 892 2763 Diodore
952 2711 1020 2760 de
1070 2710 1263 2772 Sicile,
1317 2711 1409 2776 qui
1462 2725 1532 2759 ne

446 2782 689 2849 parlent,
726 2797 832 2846 que
863 2781 932 2831 de
958 2780 1098 2830 deux
1130 2785 1306 2830 sortes
1339 2777 1533 2829 d’ecri-

445 2858 593 2914 ture,
643 2851 681 2899 il
715 2855 798 2900 est
835 2850 1141 2915 cependant
1175 2865 1333 2899 assez
1374 2848 1533 2899 facile

447 2922 516 2971 de
564 2919 824 2970 conciliet
868 2934 959 2969 ces
1005 2919 1184 2969 divers
1232 2916 1533 2983 temoigna-

447 3004 562 3055 ges.
637 2987 687 3038 11
726 2992 870 3038 n'est
905 3002 1004 3052 pas
1052 2986 1363 3038 necessaire
1396 3003 1533 3052 pour

447 3057 568 3109 cela
604 3056 672 3107 de
707 3073 971 3122 supposer
1005 3072 1140 3106 avec
1172 3058 1242 3107 D.
1281 3056 1535 3118 wilkins,

447 3143 551 3194 que
588 3139 716 3178 sous
744 3126 796 3178 le
829 3142 957 3176 nom
991 3124 1277 3177 d’ecriture
1299 3128 1534 3189 &piscole-

441 3196 725 3263 maplu'que
771 3193 1017 3246 Clement
1069 3194 1452 3246 d’Alexandrie
1499 3212 1534 3245 a

447 3265 685 3317 entendu
721 3265 900 3331 parler
933 3265 1005 3315 du
1033 3263 1350 3316 charactere
1374 3264 1531 3328 Grec,

446 3352 510 3388 ce
530 3335 623 3401 qui
648 3350 715 3386 ne
744 3351 831 3385 me
853 3335 1037 3400 paroit
1071 3333 1367 3384 nullement
1393 3335 1533 3383 vrai-

447 3401 773 3464 semblable3
807 3404 845 3453 il
879 3408 1014 3455 vaut
1038 3404 1216 3453 mieux
1254 3402 1533 3468 expliquer

446 3475 730 3527 Herodote
768 3479 824 3524 et
857 3474 1097 3524 Diodore
1131 3473 1195 3523 de
1233 3472 1400 3524 Sicile
1434 3488 1533 3538 par

444 3545 498 3595 le
532 3559 772 3610 passage
804 3544 871 3593 de
905 3558 968 3593 ce
1000 3541 1140 3593 Pere
1177 3547 1232 3592 et
1280 3542 1395 3592 dire
1429 3558 1533 3607 que

446 3629 535 3664 ces
576 3613 850 3665 ecrivains
887 3617 984 3662 ont
1018 3612 1282 3675 compris,
1317 3626 1446 3661 sous
1480 3611 1533 3661 le

447 3699 570 3733 nom
607 3681 901 3733 d’ecriture
931 3681 1206 3746 vulgaire,
1241 3695 1342 3744 par
1370 3696 1535 3745 oppo-

445 3751 611 3803 sition
648 3768 754 3802 aux
789 3751 1113 3802 characteres
1129 3753 1306 3801 sacres
1327 3765 1397 3799 ou
1428 3749 1531 3798 hie-

447 3824 644 3885 ratique
678 3825 734 3871 et
769 3819 1316 3885 epistoloyraphique.“
1385 3818 1535 3868 Vidi-

445 3903 563 3939 mus
589 3890 815 3940 eandem
834 3887 1186 3954 Wesselingii
1206 3889 1532 3939 sententiam

445 3971 584 4007 esse.
655 3959 771 4007 Nec
808 3958 985 4007 minus
1021 3957 1398 4022 patrocinatur
1426 3957 1534 4006 He-

443 4024 636 4075 rodoto
679 4026 1030 4090 Diodoroque
1076 4027 1359 4076 Iomardus
1377 4063 1390 4088 ,
1440 4027 1533 4089 qui

446 4109 512 4143 ex
532 4092 825 4144 Thebaicis
853 4096 1217 4145 monumentis
1252 4096 1529 4158 copiosam

443 4163 528 4212 his
571 4161 639 4211 de
674 4162 835 4211 rebus
883 4162 1200 4227 disputandi
1246 4164 1526 4214 materiam

445 4235 563 4282 erat
581 4236 796 4280 nactus.
858 4230 966 4280 Sed
988 4227 1131 4280 idem
1154 4236 1337 4282 tamen
1364 4231 1526 4282 aliam

441 4300 592 4350 illius
629 4300 967 4350 diversitatis
998 4300 1267 4350 rationem
1304 4301 1410 4351 sibi
1444 4301 1527 4351 in-

441 4369 722 4420 formavit.
795 4368 930 4418 Eius
965 4383 1067 4434 ego
1103 4368 1206 4418 viri
1243 4383 1527 4433 arg-umen-

1637 773 1815 818 torum
1848 780 2111 815 summam
2145 761 2248 814 hoc
2283 763 2406 813 loco
2437 763 2723 813 subiicien-

1637 839 1764 889 dam
1784 837 1952 896 duco,
1990 849 2096 900 quo
2123 833 2395 883 Herodoti
2425 833 2726 884 lectoribus

1636 906 1932 960 consulam.
1992 902 2264 954 Videlicet
2286 902 2574 953 oblocutus
2593 904 2727 953 Ζοδ-

1638 992 1742 1044 gae
1772 975 2058 1027 Iomardus
2106 973 2409 1037 (Descript.
2465 972 2533 1023 de
2578 972 2723 1038 l'Eg.

1636 1047 1849 1111 antiqq.
1886 1044 1997 1094 vol.
2034 1043 2112 1093 11.
2149 1058 2277 1108 pag.
2307 1041 2439 1106 370)
2472 1043 2571 1092 duo
2607 1048 2727 1091 tau-

1637 1121 1753 1166 tum
1790 1114 2094 1179 scripturae
2141 1126 2344 1177 genera
2388 1111 2532 1176 apud
2578 1116 2727 1162 vete·

1637 1201 1724 1236 res
1774 1183 2076 1249 Aegyptios
2130 1180 2412 1248 agnoscit,
2471 1180 2726 1246 hier-0913(-

1633 1256 1828 1320 pleicum
1853 1258 1908 1304 et
1931 1255 2174 1317 vulqare3
2208 1250 2357 1316 quod
2393 1249 2490 1300 alii
2517 1250 2727 1302 addunt

1635 1326 1926 1376 hieroam
1970 1337 2171 1388 genus,
2230 1326 2289 1371 et
2335 1321 2543 1384 ipsum,
2600 1319 2726 1371 cha-

1638 1399 1876 1445 racteres
1934 1394 1982 1442 si
2035 1389 2397 1458 spectaveris,
2454 1388 2725 1455 hierogly-

1636 1465 1851 1529 phicum
1878 1462 2068 1512 fuisse.
2108 1461 2374 1511 Constare
2395 1465 2578 1510 antem
2613 1459 2725 1510 hie-

1637 1533 2011 1599 roglyphicarn
2034 1529 2386 1594 scriptionem
2407 1545 2476 1579 ex
2492 1528 2724 1594 permnl-

1636 1604 1708 1653 tis
1754 1601 2190 1662 characteribus,
2237 1599 2336 1649 abs
2379 1613 2556 1649 rerum
2603 1599 2725 1649 imi-

1637 1673 1848 1724 tatione
1885 1671 2064 1723 ductis
2079 1708 2093 1732 ,
2137 1668 2417 1734 vulgarem
2452 1683 2519 1718 ex
2552 1668 2723 1719 multo

1637 1742 1987 1809 paucioribus
2003 1740 2316 1805 (sexaginta
2328 1738 2442 1789 sere
2455 1736 2724 1800 numero),

1639 1817 1805 1877 atque
1847 1812 1991 1861 hanc
2037 1809 2108 1859 ad
2163 1808 2543 1873 alphabeticus
2593 1808 2727 1858 scri-

1636 1887 1830 1948 pturae
1851 1878 2259 1931 similitudinem
2276 1876 2553 1928 accedere.
2593 1877 2728 1928 Sen-

1637 1968 1703 2002 su
1748 1966 1844 2002 seu
1881 1948 2194 2014 significatu
2228 1946 2605 1997 tantummodo
2640 1948 2725 1997 in-

1636 2027 1719 2072 ter
1782 2036 1842 2070 se
1905 2019 2246 2082 discrepasse
2303 2016 2727 2081 hieroglyphicas·

1635 2091 1983 2154 scriptionem
2017 2093 2185 2152 atque
2204 2087 2517 2137 hieracia-am.
2573 2086 2725 2137 Idem

1636 2161 1720 2208 vir
1756 2160 1951 2210 doctus
1990 2155 2064 2221 (p.
2098 2156 2195 2207 371
2227 2155 2387 2221 ibid.)
2420 2156 2502 2205 ita
2526 2156 2724 2220 pergit,

1636 2232 1925 2292 postquam
1971 2224 2225 2291 Appuleii
2280 2226 2458 2276 locum
2519 2226 2725 2289 (Meta-

1638 2295 1845 2361 morph.
1882 2296 1983 2356 XI,
2019 2295 2142 2345 255.
2190 2309 2316 2359 pag.
2367 2295 2466 2346 801
2509 2295 2726 2346 Ouden-

1640 2365 1819 2431 dorp.)
1858 2364 2202 2424 exhibuerat,
2238 2378 2469 2428 eumque
2495 2365 2727 2428 scripto-

1638 2451 1749 2485 rem
1794 2439 2084 2499 utramque
2134 2433 2459 2497 scripturam
2504 2434 2726 2484 novisse

1637 2505 1880 2556 dixerat:
1922 2503 2007 2566 „Il
2043 2501 2249 2554 semble
2286 2507 2453 2567 qu'un
2491 2501 2567 2552 tel
2603 2518 2724 2568 rap-

1635 2574 1985 2639 prochement
2028 2572 2188 2622 doive
2231 2571 2382 2622 lever
2422 2576 2606 2623 toutes
2642 2572 2724 2623 les

1637 2645 1835 2695 dentes
1865 2658 1959 2693 sur
1989 2642 2049 2692 la
2082 2642 2333 2706 question
2372 2641 2634 2702 actuelle,
2672 2646 2727 2692 et

1635 2713 1909 2765 auctorise
1946 2714 1980 2762 a
2015 2710 2300 2772 conclure,
2350 2727 2456 2776 que
2504 2710 2586 2762 les
2621 2711 2727 2762 let·

1633 2788 1744 2834 tres
1782 2782 2118 2847 hier-utiquam,
2169 2780 2607 2846 hieroqupkiquee
2653 2797 2723 2831 ou

1632 2852 1963 2918 symboliques
1997 2851 2064 2902 de
2101 2848 2349 2899 Clement
2383 2855 2438 2901 et
2484 2849 2553 2900 de
2590 2852 2725 2901 Por—

1636 2922 1805 2987 phyre
1839 2937 1908 2971 ne
1943 2925 2070 2971 sont
2110 2924 2267 2970 autre
2301 2919 2466 2970 chose
2502 2934 2609 2984 que
2641 2919 2722 2970 les

1633 2991 1826 3042 lettres
1863 2989 2071 3041 sacries
2100 2989 2166 3039 de
2195 2987 2437 3039 Diodore
2468 2994 2524 3039 et
2559 2989 2725 3039 d'He-

1635 3061 1825 3111 rodote
1862 3064 1918 3109 et
1952 3060 2048 3109 des
2092 3063 2277 3109 autres
2325 3063 2573 3120 auteurs,
2625 3073 2723 3108 au-

1635 3134 1868 3180 trement
1897 3127 1978 3179 les
2010 3127 2359 3192 hiet-oytyphes
2386 3129 2479 3178 des
2498 3130 2721 3191 temptes,

1639 3204 1696 3251 et
1718 3214 1823 3265 que
1845 3198 1926 3248 les
1947 3198 2463 3262 epistoloyraphiquee
2487 3197 2555 3247 de
2582 3198 2723 3247 deux

1634 3269 1893 3387 frenliiezs
1915 3271 2281 3385 auteurslsont
2295 3265 2376 3316 les
2392 3264 2595 3385 megides
2619 3282 2722 3350 que

1655 3354 1713 3388 es
1781 3354 1809 3387 e
1862 3352 1947 3387 res
1991 3352 2131 3400 popu
2150 3352 2290 3386 mres
2343 3351 2413 3386 ou
2547 3352 2725 3401 quares

1636 3408 1704 3458 de
1754 3405 2012 3468 seconds,
2065 3410 2123 3455 et
2168 3405 2249 3455 les
2311 3405 2513 3454 memes
2573 3405 2723 3455 aussi

1635 3493 1739 3541 que
1776 3474 1911 3526 celle
1943 3474 2011 3525 de
2044 3474 2100 3525 la
2120 3477 2297 3539 pierre
2331 3475 2396 3525 de
2423 3474 2634 3525 Roseus
2668 3478 2726 3524 et

1636 3547 1732 3597 des
1754 3560 2004 3611 papyrus.
2064 3546 2242 3607 Qn’on
2263 3559 2322 3594 se
2352 3543 2519 3607 garde
2548 3548 2727 3594 toute-

1636 3616 1741 3682 fois
1789 3615 1913 3664 d'en
1975 3611 2232 3664 conclure
2288 3627 2394 3677 que
2442 3626 2534 3662 ces
2583 3613 2725 3662 deux

1639 3684 1844 3734 classes
1897 3683 1962 3733 de
2009 3682 2203 3732 lettres
2254 3685 2381 3731 sont
2415 3680 2484 3731 de
2520 3681 2722 3731 formes

1638 3753 1994 3803 entierement
2010 3750 2321 3802 differentes
2358 3753 2413 3799 et
2442 3754 2600 3800 n’ont
2631 3766 2725 3801 au·-

1637 3838 1745 3873 cun
1778 3826 2004 3887 rapport
2038 3825 2190 3870 entre
2226 3818 2389 3870 elle.“
2459 3818 2613 3869 Idem
2639 3818 2720 3883 (p.

1638 3891 1740 3942 372
1785 3891 1842 3940 in
1889 3888 2043 3954 nota)
2097 3890 2203 3939 hoc
2250 3888 2429 3939 addit:
2478 3887 2585 3936 sibi
2630 3888 2725 3937 ad-

1638 3959 1851 4010 modum
1887 3958 2033 4009 levia
2068 3957 2243 4008 videri
2277 3961 2600 4021 argumenta
2635 3972 2725 4006 eo·

1636 4045 1781 4090 rum,
1832 4029 1925 4092 qui
1968 4027 2341 4090 inscriptionis
2386 4025 2723 4075 Rosettanae

1634 4097 1982 4148 characteres
2031 4095 2221 4145 dicant
2273 4092 2581 4157 singulares
2637 4099 2722 4144 at-

1630 4181 1737 4231 que
1781 4164 2078 4215 hieraticos
2135 4179 2276 4214 esse.
2357 4162 2424 4211 In
2473 4163 2724 4214 omnihus

1631 4238 1813 4285 autem
1887 4233 2282 4299 Aegyptiorum
2359 4232 2725 4282 monumentis

1629 4319 1738 4354 non
1794 4303 1901 4353 nisi
1959 4302 2095 4352 duas
2161 4301 2285 4352 illas
2344 4300 2722 4352 characterum

1629 4372 1932 4437 scripturas
1968 4371 2242 4435 conspici,
2290 4369 2521 4420 alteram
2554 4369 2724 4420 hiero-
