3109 5092
369 907 450 969 73

474 320 598 382 590

1343 320 1881 384 HERODOTI

469 490 754 582 ἥγηνται
801 491 997 563 εἶναι.
1097 500 1439 586 νομίζουιξι
1486 494 1565 564 δὲ
1604 497 1718 565 καὶ
1744 496 2021 566 πάντων
2049 494 2318 585 ἰχθύων
2341 493 2463 566 τὸν
2497 495 2747 568 καλεύ-

469 624 677 685 μενον
721 593 1097 667 λεπιὸωτὸν
1144 595 1292 686 ἱρὸν
1323 596 1497 667 εἶναι
1537 600 1651 668 καὶ
1683 597 1809 691 τὴν
1840 606 2144 688 ἔγχελυν.
2245 596 2434 689 ἱροὺς
2475 601 2551 671 δὲ
2584 598 2745 670 τού-

467 727 626 780 τους
665 704 788 770 τοῦ
827 708 1088 769 Νείλου
1131 702 1299 787 φασὶ
1345 700 1552 787 εἶναι,
1600 704 1880 774 καὶτῶν
1912 699 2219 795 ὀρνίθων
2242 700 2401 786 τοὺς
2435 703 2743 794 χηναλω-

465 830 694 883 nexae.

606 903 790 975 Ἐστι
821 905 898 975 δὲ
925 907 1038 975 καὶ
1066 904 1265 986 ἄλλος
1289 903 1476 996 ὄρνις
1509 905 1651 997 ἱρὸς
1668 958 1688 995 ,
1730 914 1826 1003 τῷ
1855 905 2109 998 οὔνομα
2138 912 2399 999 φοῖνιξ·
2450 906 2583 996 ἐγω
2617 912 2749 999 μέν

533 1098 637 1156 τὸν
661 1100 1009 1185 καλεύμενον
1032 1100 1444 1173 λεπιδωτὸν]
1469 1105 1554 1155 λε-

465 1167 719 1233 πιδωτὸς
749 1176 895 1225 inter
924 1175 1195 1228 Niloticos
1226 1179 1404 1241 pisces
1438 1181 1554 1225 tum

466 1246 535 1295 ab
574 1245 726 1307 aliis,
765 1252 880 1295 tum
915 1245 986 1294 ab
1012 1247 1295 1297 Athenaeo
1327 1247 1553 1308 V11‚88

467 1320 796 1364 recensetur.
869 1314 1004 1365 Cum
1039 1314 1322 1368 Herodoto
1359 1330 1554 1366 conve·

467 1386 549 1433 nit
584 1385 842 1436 Straboni
876 1384 1059 1435 XVII.
1085 1401 1141 1450 p.
1172 1387 1303 1436 1167
1330 1386 1396 1436 A.
1434 1385 1553 1435 sive

467 1470 522 1518 p.
558 1455 678 1504 812.
765 1454 873 1504 Sed
907 1453 1234 1504 Plutarchus
1281 1454 1427 1505 huuc
1471 1455 1553 1518 pi-

468 1539 613 1574 scem
632 1523 934 1589 Aegyptios
964 1529 1249 1575 aversatos
1285 1538 1405 1575 esse
1425 1523 1558 1576 aori-

468 1593 552 1642 bit
596 1593 664 1642 de
699 1593 833 1643 Isid.
871 1599 1036 1659 atque
1071 1594 1276 1644 Osirid.
1317 1590 1439 1657 cap.
1473 1593 1555 1644 18.
1574 1615 1587 1630 ·

468 1679 522 1728 p.
553 1662 743 1714 358Β.
805 1662 1073 1714 Graecum
1108 1678 1302 1714 nomen
1338 1662 1416 1713 nil
1449 1663 1558 1712 nisi

467 1748 780 1797 squamosum
836 1732 1090 1792 denotat3
1149 1738 1211 1784 ut
1269 1739 1419 1783 certe
1481 1732 1560 1798 pi-

470 1802 579 1853 scis
634 1801 972 1868 intelligatur
1029 1818 1253 1854 necesse
1306 1803 1407 1865 sit,
1466 1801 1559 1868 qui

469 1873 712 1938 squamis
759 1871 848 1922 vel
897 1873 1217 1925 excelluisse
1248 1872 1337 1922 vel
1375 1872 1561 1936 singu-

469 1940 585 1992 lare
620 1942 752 2008 quid
782 1942 1039 1993 habuisse
1073 1944 1344 1994 videatur.
1416 1940 1559 1992 Galli

470 2012 647 2074 docti,
700 2016 765 2062 ιιι
808 2027 838 2061 e
883 2011 1384 2078 Schweighaeuseri
1425 2014 1561 2062 nota

469 2081 747 2146 intelligo,
806 2096 927 2132 eum
969 2096 1090 2132 esse
1140 2082 1419 2148 dixerunt,
1467 2080 1561 2144 qui

470 2165 615 2200 nunc
659 2150 972 2201 nominatur
1005 2153 1315 2218 Polypterus
1361 2149 1554 2201 mehir.

471 2219 836 2269 Schneiderus
886 2221 940 2269 in
975 2219 1108 2272 Le'x.
1148 2220 1358 2270 Graeco
1394 2222 1561 2269 vocat

471 2289 740 2354 cyprinum
769 2288 955 2352 Bynni.
1031 2290 1097 2338 In
1121 2290 1352 2340 Linnaei
1386 2293 1561 2353 syste-

469 2362 618 2407 mate
641 2357 868 2407 dicitur:
903 2360 1154 2422 Cym-inus
1176 2359 1447 2408 rubescens
1469 2357 1560 2407 Νι·-

471 2431 664 2478 zoticus.
723 2427 860 2478 Aliis
892 2433 976 2479 est
1000 2428 1309 2479 Char-acinus
1343 2428 1561 2477 dentem.-

469 2513 613 2562 quae
649 2498 832 2547 omnia
869 2513 990 2548 cum
1018 2498 1228 2548 incerta
1251 2496 1559 2558 videantur,

472 2565 803 2618 Wilkinson.
824 2569 1109 2634 (Manners
1134 2573 1238 2618 etc.
1263 2566 1374 2617 III.
1401 2583 1454 2631 p.
1469 2534 1559 2631 59}

473 2637 812 2702 suspicatur,
866 2637 955 2688 hic
993 2638 1060 2688 de
1108 2654 1171 2688 eo
1217 2638 1368 2708 pisce
1416 2636 1563 2700 cogi-

474 2707 583 2756 tari
611 2721 799 2772 posse,
837 2709 922 2758 cui
951 2722 1146 2758 nomen
1178 2707 1324 2773 apud
1353 2704 1562 2772 indige,-

591 2776 783 2827 ·Kelb
821 2780 871 2827 el
904 2777 1032 2828 bahr
1065 2792 1111 2826 s.
1146 2777 1314 2826 Sulmo
1350 2777 1560 2837 dentem,

475 2846 602 2911 qni·
626 2861 853 2911 magnas
907 2847 1110 2897 habeat
1167 2859 1448 2911 squamas3
1506 2841 1564 2893 in

474 2915 610 2978 ipsis
660 2915 954 2979 sculpturis
990 2916 1278 2980 Aegyptiis
1316 2930 1376 2964 se
1418 2913 1563 2964 bunc

473 2984 679 3047 piscem
750 2989 1215 3049 repraesentatum
1286 2983 1565 3033 invenisse

475 3056 665 3116 negat.
736 3053 894 3115 Quod
931 3052 1001 3103 ad
1037 3055 1304 3118 anguillam
1341 3053 1562 3113 attinet,

475 3119 619 3172 haud
673 3122 856 3187 inepte
918 3122 1220 3172 Larcherus
1283 3125 1564 3186 comparat

474 3189 673 3240 Athen.
707 3192 835 3255 vu,
876 3191 957 3242 13.
983 3205 1038 3255 p.
1061 3190 1166 3244 299
1189 3192 1256 3241 Ε.
1282 3191 1345 3240 F.
1407 3191 1562 3252 Quae

475 3259 543 3310 de
573 3260 803 3324 piscium
833 3275 1108 3312 sacrorum
1133 3260 1348 3310 mumiis
1383 3260 1563 3323 profe-

475 3333 694 3393 runtur,
730 3329 837 3381 de·
823 3331 891 3380 iis
925 3331 1164 3381 nondum
1197 3330 1332 3379 satis
1368 3328 1559 3394 liquet.

475 3399 989 3453 Conf.Reinha1-dt.
1025 3399 1064 3451 l.
1100 3399 1138 3450 l.
1176 3414 1305 3479 pag.
1343 3398 1431 3450 30.
1470 3397 1561 3450 31.

543 3464 641 3518 καὶ
683 3469 800 3520 τῶν
846 3462 1107 3534 ὀρνίθων
1150 3462 1286 3526 τοὺς
1342 3483 1561 3534 χηνα-

471 3530 820 3605 iniussae]
892 3541 979 3590 De
1041 3540 1344 3602 vulpausere
1412 3538 1558 3588 conf.

473 3608 862 3662 Schneiderum
911 3608 983 3659 ad
1036 3606 1320 3660 Aristotel.
1368 3608 1442 3658 H.
1492 3607 1562 3658 A.

472 3681 628 3744 VIII,
664 3682 716 3732 5.
756 3679 809 3730 8.
849 3695 973 3745 pag.
1000 3678 1100 3730 601
1143 3677 1294 3744 (coll.
1332 3677 1390 3727 in
1424 3679 1559 3728 Lex.

475 3752 665 3803 Graec.
714 3765 761 3802 s.
799 3749 911 3813 ι),
966 3749 1059 3814 qui
1109 3753 1259 3799 recte
1305 3746 1564 3798 admonet

473 3819 688 3871 Aeliani
723 3820 792 3869 N.
824 3819 892 3869 A.
932 3819 1000 3880 X,
1043 3817 1126 3869 16.
1164 3818 1232 3879 V,
1269 3817 1339 3867 30
1374 3820 1428 3866 et
1461 3815 1561 3877 XI,

472 3887 560 3939 38.
611 3890 715 3938 Est
746 3893 929 3938 autem
965 3903 1095 3937 anas
1128 3887 1349 3937 cador-na
1378 3885 1562 3947 Linn.‚

474 3972 615 4023 quae
649 3955 828 4022 vulpis
862 3956 1038 4006 instar
1082 3970 1348 4006 cavernas
1384 3959 1564 4005 terrae

471 4027 719 4089 habitat,
753 4030 810 4076 et
844 4039 974 4074 vero
1011 4024 1174 4074 etiam
1200 4024 1271 4074 ad
1307 4023 1564 4075 domesti-

473 4110 568 4146 cas
615 4093 1009 4159 Aegyptiorum
1062 4093 1272 4143 bestias
1328 4093 1563 4158 pertine-

471 4165 589 4215 bat.
662 4163 769 4213 Cur
813 4176 1027 4213 sacram
1060 4161 1352 4213 habuerint
1384 4162 1564 4227 Aegy-

471 4234 602 4300 ptii,
637 4230 772 4283 nihil
803 4232 1031 4294 scimus,
1070 4230 1177 4281 nisi
1213 4231 1358 4296 quod
1387 4232 1563 4281 Hora-

469 4301 618 4369 pollo
657 4302 703 4365 1,
732 4302 801 4353 53
836 4304 895 4350 in
929 4298 1175 4365 hierogly
1177 4301 1351 4366 phicis
1387 4300 1562 4350 literis

469 4372 575 4424 hac
636 4387 738 4422 ave
789 4368 960 4421 filium
1015 4368 1291 4437 designari
1349 4368 1562 4433 scribit,

1659 1112 1913 1177 quoniam
1964 1111 2202 1161 caritate
2255 1126 2387 1177 erga
2442 1115 2604 1160 natos
2648 1109 2749 1160 illa

1656 1196 1789 1245 prae
1823 1181 2023 1231 ceteris
2059 1180 2308 1231 excellat.
2382 1181 2467 1230 Tu
2500 1181 2648 1230 conf.
2676 1179 2748 1230 ad

1657 1251 1713 1301 h.
1747 1249 1786 1302 l.
1825 1255 2012 1301 notam
2056 1251 2163 1300 viri
2200 1250 2348 1301 docti
2385 1250 2652 1300 Leemans
2687 1266 2745 1314 p.

1659 1320 1762 1370 228
1816 1326 1873 1374 et
1928 1319 2058 1371 add.
2105 1319 2437 1369 Wilkinson.
2487 1320 2747 1369 Manners

1658 1394 1765 1440 etc.
1803 1406 1913 1440 sec.
1952 1405 2057 1441 ser.
2095 1389 2142 1439 1.
2189 1405 2243 1454 p.
2282 1389 2379 1441 311
2421 1403 2537 1454 seq.
2575 1389 2651 1439 II.
2688 1404 2747 1453 p.

1658 1461 1763 1510 226
1797 1475 1911 1525 seq.
1951 1458 2076 1509 coll.
2117 1460 2247 1522 122,
2285 1459 2379 1525 qui
2415 1459 2555 1509 hanc
2588 1473 2749 1508 avem

1658 1529 1827 1584 τοῖαι
1862 1528 1933 1578 ad
1970 1527 2131 1579 deum
2165 1528 2264 1579 Seb
2305 1544 2350 1579 ιι.
2387 1526 2486 1579 Sev
2522 1526 2750 1594 (Seeck),

1660 1599 1752 1663 qui
1789 1604 1872 1648 est
1904 1599 2174 1649 Saturnus
2226 1614 2272 1649 s.
2309 1590 2539 1660 Χρόνος
2574 1604 2751 1663 pater-
2823 1644 2829 1649 .

1659 1683 1765 1733 que
1796 1667 2029 1718 Osiridis
2065 1666 2316 1718 babetur.
2378 1669 2594 1718 Paucas
2630 1668 2751 1718 avis

1659 1753 1756 1802 per
1782 1738 2090 1804 Aegyptum
2118 1737 2245 1787 olim
2277 1737 2753 1801 frequentissimae

1662 1811 1717 1856 et
1751 1808 1821 1857 ad
1843 1808 2026 1857 varios
2049 1821 2182 1856 usus
2213 1806 2495 1857 adhibitae
2521 1808 2752 1857 mumias

1662 1876 1839 1928 adhuc
1893 1881 2138 1942 repertas
2197 1891 2318 1926 csse
2376 1875 2519 1925 idem
2571 1877 2749 1927 addit.

1663 1947 1788 1997 vid.
1839 1948 2005 1997 etiam
2051 1944 2246 1997 Boeth.
2297 1945 2495 1997 Gesch.
2535 1945 2588 1997 d.
2624 1945 2753 1995 Phi-

1663 2014 1767 2070 los.‘
1808 2016 1857 2068 Ι.
1896 2021 2036 2066 ιιοιι.
2090 2031 2147 2080 p.
2186 2015 2305 2067 110.
2342 2014 2460 2065 132.
2510 2019 2565 2064 et
2600 2016 2749 2065 cons.

1662 2085 1935 2152 Seyffarth
1969 2085 2008 2138 l.
2042 2083 2083 2138 l.
2120 2085 2198 2137 11.
2236 2100 2290 2151 p.
2340 2085 2453 2137 103.

1986 2291 2120 2343 Cu.
2165 2292 2430 2343 LXXIII.

1732 2408 1811 2480 τῷ
1847 2401 2069 2476 οὔνομα
2105 2408 2327 2477 φοῖνιξ]
2375 2412 2582 2476 Scripsi
2620 2411 2751 2474 φοῖ-

1662 2478 1753 2541 νιξ
1794 2497 1860 2531 ex
1894 2482 1994 2542 iis,
2031 2496 2172 2547 quae
2207 2481 2524 2546 Apollonius
2554 2486 2610 2531 et
2644 2481 2755 2530 He-

1598 2549 1611 2566 *
1658 2550 1921 2604 redimus
1968 2550 2333 2601 tradiderunt:
2383 2551 2527 2602 conf.
2564 2552 2754 2602 Goett-

1598 2637 1611 2648 ·
1662 2620 1777 2685 ling
1823 2619 1893 2670 ad
1929 2620 2222 2671 Theodosii
2268 2621 2506 2672 Gramm.
2553 2636 2608 2685 p.
2646 2619 2752 2670 238

1665 2694 1720 2738 et
1766 2690 1943 2739 Lehre
1998 2707 2053 2740 v.
2106 2691 2314 2741 Accent
2370 2706 2425 2755 p.
2483 2691 2587 2742 254
2633 2704 2747 2754 seq.

1664 2757 1775 2808 Alii
1821 2758 1985 2824 vulgo
2026 2756 2243 2822 φοίνιξ.
2327 2760 2412 2810 De
2455 2761 2578 2824 ipsa
2612 2773 2751 2810 voce

1666 2827 1887 2892 eiusque
1915 2828 2278 2893 originatione
2296 2845 2442 2880 nunc
2460 2845 2567 2880 non
2588 2844 2751 2894 quae·

1664 2912 1807 2948 ram:
1844 2898 2175 2962 Aegyptium
2208 2899 2308 2949 Ρί-
2284 2914 2436 2950 -enes
2470 2914 2516 2950 s.
2552 2899 2752 2948 Phenes

1663 2968 1704 3017 i.
1765 2983 1812 3018 e.
1882 2971 2134 3018 saec-ulum
2201 2967 2360 3019 affert
2419 2968 2748 3018 Wilkinson.

1662 3037 1946 3102 (Manners
1972 3040 2080 3088 etc.
2116 3052 2226 3088 sec.
2265 3053 2370 3089 ser.
2407 3037 2482 3087 11.
2521 3054 2575 3102 p.
2601 3036 2749 3103 228),

1663 3106 2007 3239 ἱἘξῖοωὶἰὲθ
2028 3106 2342 3228 ξ’ἑῖἑὲὲξ
2377 3107 2583 3243 ῒὲἕρέ·
2604 3122 2753 3228 315³:

1662 3250 1787 3294 tans
1810 3191 2152 3309 ’etqpalmam
2187 3245 2345 3296 affert
2380 3245 2656 3309 arborem,
2673 3193 2753 3296 get

1662 3329 1954 3379 purpuram
1976 3319 2033 3364 et
2065 3315 2239 3380 ipsam
2266 3320 2483 3381 gentem
2510 3315 2614 3366 hoc
2642 3331 2751 3366 nno

1663 3384 1955 3450 eodemque
1992 3385 2107 3435 fere
2138 3385 2356 3436 nomine
2394 3385 2748 3436 declaratam.

1661 3454 1747 3503 De
1773 3460 2092 3519 argumento
2116 3456 2296 3519 potius
2324 3455 2649 3505 monendum
2672 3456 2754 3505 vi-

1663 3521 1819 3572 detur
1882 3537 2016 3573 sane
2068 3526 2389 3589 gravissimo
2453 3525 2753 3589 paucisque

1662 3591 2073 3656 declarandum,
2121 3594 2254 3658 quid
2303 3593 2407 3644 sibi
2448 3593 2581 3643 velit
2614 3593 2751 3643 haec

1662 3666 1781 3711 tota
1811 3661 1880 3712 de
1909 3662 2172 3727 phoenice
2195 3677 2297 3713 ave
2324 3664 2588 3727 narratio,
2616 3679 2750 3728 quo-

1662 3746 1770 3795 que
1803 3731 1991 3782 redeat
2034 3731 2227 3783 fabula
2257 3748 2354 3797 per
2387 3737 2563 3793 totam
2613 3733 2751 3783 anti-

1662 3800 1928 3866 quitatem
1953 3801 2244 3852 celebrata.
2300 3801 2607 3867 Acprimus
2633 3802 2754 3866 qui-

1664 3869 1785 3919 dem
1822 3868 2033 3921 duobus
2068 3870 2238 3921 ferme
2260 3875 2386 3921 ante
2411 3871 2752 3922 Herodotum

1663 3939 1895 3990 saeculis
1948 3938 2228 4004 phoenicis
2279 3940 2607 3991 mentionem
2671 3939 2750 3989 fa-

1663 4023 1788 4059 cere
1833 4008 2053 4059 videtur
2102 4008 2223 4059 Iobi
2274 4010 2535 4074 scriptor,
2589 4009 2751 4060 huius

1667 4078 1785 4128 avis
1819 4078 2132 4142 cognitione
2166 4093 2232 4128 ex
2268 4077 2523 4143 Aegypto
2563 4079 2755 4145 opinor

1666 4146 1859 4209 ducta,
1896 4147 2100 4211 XXIX,
2140 4147 2228 4198 18:
2265 4162 2371 4211 quo
2404 4147 2529 4200 loco
2562 4163 2755 4200 vocem

1662 4215 1776 4280 ‘'fil-l
1813 4232 1920 4282 iam
1945 4232 2161 4297 antiqui
2189 4232 2382 4284 Graeci
2428 4232 2753 4299 interpretes

1662 4301 1901 4365 itemque
1959 4299 2338 4352 Talmudistae
2394 4301 2464 4353 de
2512 4303 2754 4367 phoenice

1666 4383 1769 4420 ave
1813 4367 2158 4437 intelligunt:
2206 4370 2404 4438 quibus
2450 4371 2754 4424 doctissimi
