3109 5092
1220 379 1474 442 CLIO.
1520 381 1572 438 I.
1623 385 1744 441 127.

2494 373 2616 434 265

338 568 503 626 σθαι
527 578 542 592 ·
599 557 710 624 καὶ
755 551 963 644 ὑμέας
991 551 1240 643 ἥγημαι
1272 552 1524 644 ἄνδρας
1553 552 1820 642 Μήδων
1849 550 2021 619 εἶναι
2048 547 2131 619 οὐ
2159 551 2616 637 φαυλοτέρους

338 656 497 729 οὔτε
534 649 747 728 τᾶλλα
785 655 941 728 οὔτε
967 656 1049 726 τὰ
1088 660 1391 746 πολέμια.
1460 652 1549 737 ὥς
1580 648 1677 727 ὦν
1702 654 1997 743 ἐχόντων
2026 644 2194 749 ᾆδε,
2235 650 2614 724 ἀπίστασθε

335 761 442 832 ἀπ’
467 760 864 849 Ἀστυάγεος
894 758 1017 850 τὴν
1042 767 1378 848 ταχίστην.

491 902 750 987 Πέρσαι
790 900 916 985 μέν
953 926 1085 967 νυν
1125 896 1508 986 προστάτεω
1552 892 2062 983 ἐπιλαβόμενοι,
2101 889 2377 980 ἅσμενοι
2419 893 2608 961 ἕλευ·
2636 894 2751 955 127

335 1007 671 1092 θεροῦντο
689 1053 706 1086 ,
748 1002 860 1069 καὶ
902 999 1104 1069 πάλαι
1134 998 1366 1069 δεινὸν
1393 997 1779 1086 ποιεύμενοι
1806 992 1939 1066 ὑπὸ
1968 994 2236 1084 Μήδων
2263 990 2609 1082 ἄρχεσθαι.

331 1102 694 1191 Ἀστυάγης
723 1104 798 1172 δὲ
827 1094 914 1182 ὥς
943 1103 1235 1172 ἐπύθετο
1261 1108 1496 1190 Κῦρον
1525 1098 1906 1188 πρήσσοντα
1933 1103 2172 1182 ταῦτα,
2203 1101 2466 1186 πέμψας
2487 1094 2610 1183 ἄγ-

254 1218 572 1294 64γελον,
616 1206 846 1276 ἐκάλεε
876 1203 1104 1274 αὐτόν.
1188 1202 1224 1274 ὁ
1264 1205 1338 1273 δὲ
1368 1209 1593 1292 Κῦρος
1632 1205 1898 1272 ἐκέλευε
1929 1198 2048 1270 τὸν
2076 1199 2365 1288 ἄγγελον
2391 1197 2608 1286 ἄπαγ-

342 1312 629 1398 γέλλειν,
657 1308 756 1381 ὅτι
787 1306 1115 1396 πρότερον
1142 1305 1282 1396 ἥξει
1311 1304 1457 1395 παρ’
1478 1310 1739 1376 ἐκεῖνον
1766 1300 1808 1393 ἦ
1834 1302 2034 1384 αὐτὸς
2054 1302 2416 1391 Ἀστυάγης
2444 1310 2608 1391 βου-

343 1411 631 1502 λήσεται.
706 1410 999 1491 ἀκούσας
1059 1411 1134 1479 δὲ
1184 1416 1393 1479 ταῦτα
1430 1405 1466 1479 ὁ
1503 1406 1868 1496 Ἀστυάγης
1907 1409 2195 1497 Μήδους
2246 1434 2320 1475 τε
2360 1402 2610 1475 ὥπλισε

344 1515 625 1599 πάντας,
668 1517 779 1584 καὶ
817 1512 1190 1602 στρατηγὸν
1236 1510 1464 1582 αὐτῶν
1515 1508 1683 1581 ὥστε
1725 1509 2108 1600 θεοβλαβὴς
2145 1507 2277 1578 &niv
2328 1505 2609 1592 ἀπέδεξε

323 1615 699 1709 Ἅρπαγον,
749 1617 968 1706 λήθην
1015 1615 1409 1705 ποιεύμενος
1447 1614 1527 1684 τά
1567 1643 1685 1703 μιν
1727 1613 1974 1703 ἐόργεε.
2061 1608 2151 1692 ὦς
2189 1609 2254 1681 δῖ
2288 1616 2359 1681 οἱ
2377 1617 2609 1700 Μῆδοι

338 1720 898 1811 στρατευσάμενοι
938 1736 1110 1789 τοῖσι
1148 1722 1449 1808 Πέρσῃσι
1490 1720 1933 1805 συνέμισγον,
1986 1720 2056 1785 οἰ
2103 1719 2227 1805 μέν
2265 1741 2443 1793 τινες
2480 1712 2604 1782 αὖ·

337 1829 470 1893 τῶν
499 1822 819 1912 ἐμάχοντο
840 1875 858 1906 ,
902 1819 1046 1892 ὅσοι
1093 1821 1183 1911 μὴ
1223 1827 1345 1892 τοῦ
1375 1819 1582 1908 λόγου
1608 1823 1959 1910 μετέσχον,
2003 1822 2072 1887 οἰ
2094 1818 2168 1887 δὲ
2199 1812 2608 1905 αὐτομόλεον

337 1924 502 2016 πρὸς
525 1924 684 2006 τούς
712 1929 978 2014 Πέρσας
997 1978 1013 2008 ,
1053 1931 1123 1994 οἰ
1146 1926 1221 1994 δὲ
1250 1936 1547 1995 πλεῖστοι
1577 1920 2022 1993 ἐθελοκάκεόν
2049 1949 2120 1989 τε
2148 1921 2260 1988 καὶ
2288 1925 2603 2006 ἔφευγον.

335 2144 442 2177 cum
474 2129 545 2176 ita
573 2128 699 2186 sint,
745 2141 791 2178 s.
829 2142 934 2177 cum
959 2126 1095 2177 vobis
1125 2142 1422 2189 persuasum

335 2198 420 2256 sit,
454 2196 582 2245 lemtc
606 2212 718 2247 esse
752 2212 920 2246 rerum
939 2195 1144 2255 station)
1179 2196 1421 2246 illustrat

337 2265 731 2329 wesselingius
756 2264 878 2315 aliis
903 2265 1066 2328 lociS,
1103 2265 1256 2328 VIII,
1297 2267 1418 2317 144.

336 2333 594 2398 Sophocl.
610 2335 696 2384 Αἰ.
720 2333 843 2385 915.
881 2335 987 2385 Pro
1012 2333 1417 2398 φαυλοτέρους,

337 2403 484 2466 quod
544 2418 729 2454 omnes
786 2408 974 2453 tenent
1029 2403 1154 2453 libri
1205 2404 1415 2468 scripti,

337 2473 529 2521 Ionum
550 2471 796 2522 idiomati
818 2473 1229 2523 convenientius
1252 2473 1419 2523 scribi

338 2537 761 2604 φλαυροτέρους
811 2541 1021 2591 iudicat
1069 2541 1304 2593 Bredov.
1360 2558 1413 2607 p.

336 2609 423 2660 35.
461 2608 730 2674 Equidem
761 2626 938 2675 ueque
971 2611 1074 2661 hoc
1100 2607 1219 2660 loco
1245 2627 1419 2676 neque

336 2693 501 2741 supra
539 2679 593 2739 Ι,
631 2678 699 2728 26
733 2694 909 2743 neque
929 2679 1074 2729 infra
1102 2680 1176 2742 ΙΙ,
1214 2681 1313 2731 173
1350 2681 1417 2729 Ιί-

333 2748 448 2797 bris
497 2747 685 2795 invitis
732 2748 1052 2826 quidquam
1071 2717 1280 2800 mu’tare
1325 2765 1418 2799 au-

334 2817 458 2866 sim.
519 2814 626 2866 Sed
662 2832 786 2866 mox
824 2817 949 2866 dedi
986 2803 1156 2866 τᾶλλα
1193 2816 1313 2883 (pro
1349 2812 1417 2868 τὰ

335 2876 520 2949 ἄλλα),
569 2885 713 2949 quod
749 2885 925 2949 ipsum
972 2885 1129 2936 codd.
1167 2887 1415 2939 meliores

334 2953 662 3013 offerebant3
700 2954 811 3006 vid.
850 2954 908 3017 1,
946 2956 999 3005 2.

657 3124 791 3174 Car.
826 3122 1100 3174 CXXVII.

404 3222 499 3275 καὶ
538 3216 852 3305 στρατηγὸν
883 3217 1076 3276 αὐτῶν
1107 3241 1247 3277 ωστε
1277 3228 1414 3278 θεο-

335 3287 547 3360 βλαβὴς
599 3288 708 3344 ἐὼν
764 3310 816 3344 κ.
865 3311 912 3344 τ.
955 3294 1029 3361 λ.]
1093 3289 1414 3364 θεοβλαβὴς

333 3364 533 3414 dicitur
567 3365 643 3425 is,
694 3365 788 3428 qui
825 3379 858 3414 a
897 3364 1003 3413 diis
1039 3370 1221 3416 mente
1244 3367 1412 3445 quasi

332 3438 525 3497 captus
563 3401 807 3483 redditur
852 3430 1106 3500 (βλαβεὶς
1145 3424 1261 3484 ὑπὸ
1309 3433 1414 3484 τοῦ

331 3499 479 3551 θεοῦ
503 3494 607 3565 τὴν
626 3500 860 3565 φρένα),
898 3506 958 3551 ut
989 3518 1174 3552 amens
1210 3504 1414 3554 stolida

329 3571 512 3636 capiat
559 3571 791 3620 consilia
843 3586 1203 3637 perverseque
1259 3577 1411 3638 agat.

329 3639 486 3689 Conf.
525 3639 688 3701 VIII,
741 3640 871 3700 137,
917 3639 990 3688 ibi
1032 3657 1100 3690 ue
1135 3646 1273 3691 nott.
1345 3643 1411 3691 In

326 3709 507 3759 verbis
532 3707 980 3758 antecedentibus
995 3657 1408 3771 ἓλευθεροῦντο

327 3777 489 3828 valde
537 3783 849 3841 suspectum
897 3782 981 3827 est
1024 3779 1298 3829 Bredovio
1352 3795 1407 3844 Ρ.

325 3845 461 3908 300,
486 3846 602 3924 *qui
647 3846 775 3897 inde
819 3848 1047 3898 rescribi
1082 3847 1203 3898 vult
1247 3839 1408 3911 ἠλευ-

324 3911 649 3977 θεροῦντο,
707 3915 853 3980 quod
911 3917 1117 3980 recepit
1160 3916 1406 3966 Dietsch.

324 3985 400 4034 At
445 3982 582 4034 talia
616 3999 735 4034 cum
790 3984 871 4034 ita
906 3986 1019 4034 sint
1061 3986 1297 4048 incerta,
1347 3989 1409 4035 ut

323 4055 417 4103 vix
459 4054 594 4102 certi
629 4053 757 4118 quid
782 4054 1045 4104 constitui
1076 4055 1280 4119 possit,
1319 4071 1406 4104 co-

325 4123 507 4172 dicum
560 4121 884 4186 scripturam
930 4123 1176 4173 deserere
1230 4122 1403 4174 nolui.

321 4192 440 4241 Nec
497 4188 658 4239 aliter
710 4189 1057 4241 iudicandum
1116 4191 1182 4241 de
1229 4192 1406 4241 forma

319 4249 674 4321 αὐτομόλεον
705 4259 763 4308 in
788 4259 894 4310 fine
929 4276 1071 4325 cap„
1103 4260 1172 4310 de
1201 4276 1310 4325 qua
1329 4261 1400 4311 cf.

316 4326 627 4405 Bredov.p
634 4327 807 4379 .310.

388 4344 627 4462 λήθηνΡ
608 4389 953 4462 ποιεύμενος
981 4387 1048 4445 τά
1071 4412 1171 4462 μιν
1198 4386 1401 4463 ἐόργεε]

1522 2127 1606 2175 De
1636 2125 1804 2174 verbo
1846 2121 2160 2184 ποιεῖσθαι,
2201 2121 2295 2171 ubi
2332 2120 2603 2186 duplicem

1523 2195 1897 2246 accusativum
1922 2192 2174 2252 adscivit,
2204 2192 2507 2241 monuimus
2532 2189 2604 2240 ad

1521 2265 1577 2327 1,
1615 2263 1703 2315 68.
1742 2265 1997 2313 Formam
2033 2252 2217 2325 ἐόργεε
2258 2266 2478 2325 propter
2518 2276 2603 2310 ra-

1520 2349 1640 2383 rum
1687 2333 1967 2398 augmenti
2011 2347 2182 2396 genus
2226 2330 2420 2380 laudat
2458 2331 2602 2380 Mat-

1520 2403 1668 2452 thiae
1711 2402 1761 2464 §-
1804 2402 1922 2453 161.
1970 2417 2024 2465 Ρ.
2060 2400 2163 2451 297
2210 2399 2334 2449 coll.
2386 2416 2440 2463 p.
2477 2400 2601 2461 458,

1521 2473 1615 2522 ubi
1641 2472 1707 2521 de
1723 2472 1904 2521 radice
1933 2465 2104 2534 ἔργω,
2130 2469 2275 2519 unde
2300 2469 2602 2533 perfectum

1518 2540 1812 2591 secundum
1838 2534 2007 2602 ἔοργα
2030 2539 2175 2620 apud
2200 2538 2402 2600 epicos.
2458 2536 2600 2588 Add.

1517 2609 1754 2662 Bredov.
1800 2625 1855 2672 p.
1892 2607 2013 2668 312,
2052 2607 2144 2671 qui
2183 2606 2341 2656 affert
2385 2621 2601 2670 quoque

1517 2678 1784 2729 Herodot.
1828 2678 1944 2738 111,
1999 2646 2116 2726 ⁹127.
2189 2676 2255 2725 In
2303 2689 2453 2738 seqq.
2501 2689 2598 2737 pro

1519 2745 1858 2810 συνέμισγον
1893 2761 2034 2795 unus
2059 2743 2180 2794 cod.
2218 2737 2465 2806 ἔμισγον,
2503 2742 2599 2792 alii

1519 2816 1877 2879 συνέσμιγον,
1913 2829 2086 2879 prava
2103 2813 2387 2862 literarum
2424 2815 2600 2862 trans·

1519 2886 1808 2950 positione,
1842 2883 2056 2949 qualem
2093 2881 2279 2933 itidem
2307 2882 2600 2933 advertunt

1517 2955 1576 3016 1,
1618 2955 1738 3005 185.
1773 2954 1883 3016 VI,
1925 2956 2009 3004 14.
2048 2952 2187 3014 VII,
2227 2950 2313 3002 40.
2387 2952 2471 3002 Ab
2507 2952 2596 3016 iis,

1518 3039 1659 3088 quae
1702 3024 1808 3074 hoc
1856 3023 2036 3087 capite
2080 3027 2135 3071 et
2184 3021 2435 3085 sequenti
2488 3026 2599 3071 tra-

1519 3094 1747 3155 duntur,
1774 3093 1936 3157 longe
1961 3091 2221 3142 recedunt
2247 3090 2458 3140 Nicolai
2487 3092 2600 3140 Da-

1517 3162 1759 3211 masceui
1793 3163 2068 3225 Excerpta
2106 3161 2202 3227 (Τ.
2239 3160 2349 3211 111.
2395 3177 2450 3225 p.
2491 3160 2597 3210 400

1517 3245 1670 3295 seqq.
1716 3231 1802 3281 ed.
1843 3229 2154 3295 Mueller.)‚
2195 3244 2421 3293 quorum
2456 3243 2597 3279 sum-

1516 3315 1657 3349 mam
1695 3299 1782 3348 hic
1808 3300 2049 3349 indicare
2085 3299 2344 3348 sufficiat.
2399 3298 2597 3362 Astya-

1516 3383 1612 3432 ges
1659 3368 1752 3417 ubi
1810 3368 1878 3418 de
1927 3368 2069 3433 Cyro
2124 3367 2446 3417 seditionem
2502 3383 2599 3431 pa·

1515 3440 1670 3486 rante
1718 3439 1916 3486 certior
1973 3438 2152 3485 factus
2202 3441 2313 3497 est,
2375 3436 2593 3498 Cyrum,

1515 3507 1608 3568 qui
1647 3507 1829 3568 specie
1874 3505 2044 3569 patris
2082 3504 2418 3566 aegrotantis
2455 3504 2596 3552 invi-

1515 3574 1669 3623 sendi
1708 3589 1741 3623 a
1775 3575 1926 3637 regia
1959 3572 2085 3628 aula
2125 3573 2477 3633 discesserat,
2515 3573 2597 3621 in-

1515 3642 1791 3706 sequitur,
1829 3643 1925 3692 sed
1948 3641 2179 3699 frustm3
2219 3639 2452 3704 indeque
2484 3657 2595 3690 ma-

1511 3727 1676 3776 gnum
1723 3716 1885 3774 parat
1929 3710 2223 3760 exercitum
2266 3713 2457 3758 contra
2491 3710 2595 3774 Cy-

1510 3795 1657 3842 rum,
1708 3779 1799 3843 qui
1838 3779 2067 3829 Oebaris
2106 3778 2331 3827 consilio
2371 3777 2592 3828 adiutus

1511 3853 1567 3899 et
1604 3849 1721 3912 ipse
1756 3848 2014 3912 plurimas
2050 3846 2235 3912 copias
2274 3845 2589 3911 collegerat.

1510 3917 1856 3967 Conveniunt
1889 3917 2107 3981 utrique
2134 3931 2432 3979 manusque
2469 3933 2593 3966 con-

1508 3989 1723 4045 serunt3
1784 3985 1956 4049 Cyrus
2002 3984 2215 4048 regredi
2264 3991 2486 4035 coactus
2536 3987 2592 4035 in

1509 4058 1719 4104 montes
1753 4054 2191 4120 Pasargadarum
2230 4055 2478 4121 confugit
2511 4061 2592 4104 at-

1507 4139 1612 4188 que
1636 4123 1930 4188 Astyagem
1970 4122 2316 4174 accedentem
2355 4123 2590 4189 repellit.

1504 4192 1739 4256 Reliqua
1768 4192 1979 4243 desunt.
2044 4192 2331 4242 Caeterum
2357 4193 2594 4243 conferri

1504 4266 1738 4325 possunt
1785 4262 1996 4326 Excerp
2000 4266 2059 4311 ta
2106 4260 2335 4310 Diodori
2379 4263 2474 4325 (Τ.
2510 4263 2589 4311 ΙΙ.

1504 4345 1558 4393 Ρ.
1582 4328 1682 4380 553
1706 4323 2059 4395 Wesseling.)
2092 4334 2148 4379 et
2180 4329 2458 4379 Plutarch.
2505 4331 2589 4381 De

1504 4399 1719 4452 virtutt.
1763 4398 1999 4452 mulierr.
2037 4414 2091 4462 p.
2117 4396 2221 4449 246
2242 4401 2309 4449 A.
