3109 5092
399 903 479 963 57

492 420 611 482 118

1362 415 1895 477 HERODOTI

492 592 568 664 ἐν
606 597 876 684 Πίνδῳ,
921 586 1292 660 Μακεδνὸν
1330 588 1762 677 καλεόμενον.
1820 584 2147 658 ἐνθεῦτεν
2188 587 2265 656 δὲ
2306 577 2497 667 αὖτις
2540 583 2609 666 ἐς
2649 583 2772 674 τὴν

491 700 852 783 Δρυοπίδα
888 696 1166 782 μετέβη,
1210 693 1323 761 καὶ
1368 689 1442 761 ἐκ
1485 697 1602 781 τῆς
1642 698 2031 779 Δρυοπίδος
2072 687 2284 771 οὕτως
2325 687 2394 770 ἐς
2421 688 2766 759 Πελοπόν-

494 819 704 888 νησον
739 793 978 881 ἐλθὸν,
1020 792 1340 882 Δωρικὸν
1381 793 1660 887 ἐκλήθη.

629 896 760 968 ‘'Hv
803 926 955 968 τινα
1001 897 1079 967 δὲ
1117 903 1429 985 γλῶσσαν
1464 905 1659 970 ἵεσαν
1697 904 1766 967 os
1803 896 2179 983 Πελασγοὶ,
2235 892 2361 962 οὐκ
2401 900 2529 982 ἔχω
2573 892 2766 980 ἀτρε-

491 1006 659 1082 κέως
688 1000 891 1071 εἶπαι.
950 1007 1012 1070 εἰ
1051 1001 1127 1070 δὲ
1164 1000 1380 1090 χρεῶν
1419 999 1558 1072 εστι
1605 999 2130 1089 τεκμαιρόμενον
2170 1001 2393 1085 λέγειν
2432 1012 2603 1066 τοῖσι
2641 1002 2772 1065 νῦν

491 1112 587 1176 ἔτι
643 1101 828 1174 ἐοῦσι
869 1110 1276 1191 Πελασγῶν,
1330 1111 1467 1175 τῶν
1513 1099 1688 1193 ὑπὲρ
1739 1107 2106 1191 Τυρσηνῶν
2144 1106 2521 1191 Κρηστῶνα
2574 1099 2773 1169 πόλιν

490 1288 621 1339 pag.
659 1269 729 1321 98
765 1285 878 1335 seq.
936 1271 1126 1335 Neque
1164 1271 1307 1320 enim
1336 1271 1577 1321 dubitari

490 1356 656 1408 posse
692 1338 950 1400 ostendit,
986 1339 1117 1403 quin
1151 1339 1497 1403 Macedones,
1534 1341 1572 1390 i.

494 1426 543 1461 e.
581 1413 637 1459 et
673 1422 851 1474 reges,
891 1412 946 1456 et
991 1411 1140 1457 certa
1180 1409 1449 1471 quaedam
1484 1425 1578 1473 po-

494 1478 611 1545 puli
662 1476 838 1541 portio
883 1477 1032 1540 ipsa,
1080 1475 1151 1524 ad
1195 1478 1369 1527 Dores
1414 1478 1579 1543 perti-

495 1546 729 1597 nuerint.
769 1545 960 1609 Neque
994 1543 1154 1593 aliter
1191 1545 1368 1595 visum
1404 1553 1488 1596 est
1514 1547 1576 1598 C.

494 1618 566 1666 H.
580 1615 958 1666 Lachmanno:
982 1613 1354 1677 DieSpartan.
1368 1615 1583 1666 Staats·

494 1686 821 1749 versassung
867 1687 971 1733 etc.
1018 1698 1148 1747 pag.
1186 1682 1295 1744 96„
1332 1684 1423 1748 qui
1461 1685 1585 1733 inde

493 1771 527 1806 a
561 1771 692 1820 pag.
728 1752 797 1805 89
834 1753 890 1802 in
920 1752 1189 1802 Herodoti
1214 1752 1584 1802 narrationem

494 1825 563 1875 de
597 1823 1013 1888 migrationibus
1036 1821 1273 1872 Doricae
1299 1821 1478 1885 gentis
1506 1822 1585 1870 in-

493 1894 737 1959 quisivit.
776 1892 917 1942 Add.
954 1890 1140 1941 Plass:
1174 1891 1308 1939 Vor-
1342 1891 1452 1940 und
1480 1890 1583 1941 Ur-

494 1962 677 2029 gesch.
718 1961 772 2013 d.
812 1959 957 2012 Hell.
993 1976 1122 2039 pag.
1162 1958 1247 2011 33.

566 2022 838 2080 ἐνθεῦτεν
867 2023 931 2078 δὲ
966 2015 1128 2085 αὖτις
1164 2020 1220 2085 ἐς
1254 2019 1360 2091 τὴν
1394 2028 1580 2091 Δρυο-

494 2096 639 2149 πίδα
673 2095 895 2165 μετέβη]
934 2099 1137 2159 Dores,
1174 2098 1270 2147 ubi
1315 2098 1581 2146 frustrata

495 2168 856 2233 expeditione,
885 2181 1048 2230 quam
1072 2166 1127 2215 in
1143 2165 1583 2231 Peloponnesum

494 2236 664 2301 Hyllo
718 2237 855 2287 duee
911 2238 1292 2298 susceperant,
1347 2235 1586 2299 regressi

496 2310 670 2367 erant,
698 2310 899 2355 terram
929 2319 1083 2352 suam
1120 2304 1346 2354 tradunt
1378 2305 1450 2353 ab
1476 2305 1585 2354 He-

497 2375 686 2424 stiaeis
730 2373 1144 2424 Euboeensibus
1205 2373 1320 2422 sive
1373 2389 1407 2422 a
1458 2374 1587 2423 Per-

495 2444 711 2494 rhaebis
735 2447 1058 2507 occupatam
1082 2442 1384 2503 invenisse3
1417 2457 1587 2507 quare

494 2513 623 2564 hinc
656 2513 932 2579 profectos
958 2512 1029 2562 ad
1059 2511 1409 2577 Dryopidem,
1448 2527 1587 2575 quae

497 2584 566 2633 ab
590 2585 732 2634 Oeta
765 2581 1041 2633 meridiem
1075 2597 1265 2632 versus
1301 2582 1409 2631 sita
1447 2585 1584 2642 erat,

495 2669 555 2703 se
591 2654 926 2704 convertisse
960 2652 1225 2716 sedesque
1253 2666 1425 2701 novas
1459 2666 1587 2701 con-

495 2722 699 2773 didisse
734 2722 980 2787 adeoque
1028 2721 1136 2786 ipsi
1178 2722 1388 2783 regioni
1432 2721 1584 2771 Dori-

494 2793 576 2842 dis
610 2807 805 2844 nomen
834 2791 1175 2856 imposuisse.
1211 2790 1382 2840 Plura
1405 2790 1472 2840 de
1497 2789 1583 2839 his

492 2862 660 2912 Beck.
709 2860 910 2912 Anleit.
962 2877 1010 2909 z.
1059 2858 1390 2923 Weltgesch.
1440 2859 1485 2909 Ι.
1526 2875 1579 2923 p.

495 2930 618 2980 826.
658 2930 742 2979 De
767 2931 887 2993 ipsa
913 2929 1019 2978 hac
1055 2932 1217 2991 terra,
1256 2942 1395 2992 quae
1431 2928 1582 2992 prius

494 2999 746 3063 Dryope-e,
797 3003 991 3061 postea
1034 2998 1189 3046 Doris
1234 3000 1317 3045 est
1363 3001 1582 3058 vocata,

493 3067 782 3131 primarius
814 3066 1003 3115 Nostri
1029 3064 1228 3126 legitur
1252 3064 1406 3114 locus
1424 3065 1583 3127 VIII,

495 3136 583 3187 31.
633 3133 754 3185 coll.
805 3135 891 3184 43.
955 3135 1134 3198 Atque
1185 3134 1348 3183 etiam
1402 3134 1464 3185 C.
1514 3135 1581 3184 Ο.

492 3200 740 3253 Mueller.
781 3200 962 3265 (Dorr.
997 3203 1041 3252 1.
1066 3218 1117 3267 p.
1157 3201 1387 3267 35—41)
1414 3202 1586 3253 multa

494 3272 757 3338 disputat,
796 3272 991 3337 quibus
1029 3277 1454 3321 commonstrare
1472 3277 1587 3323 stu-

493 3343 646 3404 deat,
692 3344 868 3392 Dores
914 3341 1117 3391 sensim
1161 3341 1470 3405 sensimque
1517 3358 1583 3392 ex

490 3412 855 3464 Histiaeotide
867 3412 1059 3462 Oetam
1082 3424 1272 3460 versus
1293 3411 1580 3475 migrasse,

492 3484 549 3532 in
599 3483 752 3532 cuius
795 3482 1049 3532 extremis
1098 3478 1437 3530 convallibus
1475 3482 1582 3545 pri-

493 3566 638 3602 mum
697 3551 852 3603 sedes
916 3550 1185 3617 ceperint,
1237 3549 1363 3600 dein
1405 3551 1580 3616 magis

493 3621 822 3671 maritimam
874 3637 1023 3671 oram
1067 3633 1258 3669 versus
1305 3620 1583 3684 progressi

491 3689 580 3740 vel
618 3705 785 3755 supra
800 3688 1158 3754 Dryopidem3
1197 3688 1278 3739 ita
1310 3693 1372 3739 ut
1408 3689 1582 3746 omnis

494 3773 628 3822 gens
663 3760 864 3809 sensim
911 3759 981 3808 ad
1027 3773 1119 3808 eas
1162 3758 1412 3824 regiones
1460 3774 1582 3823 per-

492 3827 722 3887 venerit,
752 3843 980 3890 quarum
1003 3831 1187 3892 partes
1220 3826 1465 3892 singulas
1495 3825 1583 3877 vel

494 3896 658 3945 antea
690 3896 982 3955 tenuerint.
1031 3896 1171 3945 Utut
1217 3896 1443 3959 statuis,
1478 3895 1584 3946 hoc

495 3968 700 4013 certum
738 3963 972 4024 videtur,
1012 3963 1346 4027 Dryopidem
1381 3969 1585 4015 terram

493 4032 668 4082 Dores
714 4030 1050 4096 aliquamdiu
1109 4033 1349 4083 tenuisse
1408 4038 1463 4083 et
1516 4049 1583 4084 ex

495 4115 564 4151 ea
593 4100 650 4150 in
684 4099 1121 4165 Peloponnesum
1154 4099 1395 4152 irruisse.
1453 4102 1582 4153 vid.

493 4169 664 4221 Beck.
701 4168 739 4219 1.
774 4167 968 4234 ιρις.
1004 4168 1128 4220 828.
1160 4194 1227 4203 -
1212 4170 1361 4246 Pro
1400 4184 1583 4227 ουτως

493 4238 726 4289 Βτοᾶον.
748 4254 799 4302 p.
824 4237 924 4289 112
948 4225 1338 4288 mavultovtto.
1364 4238 1450 4290 ef.
1466 4241 1511 4302 1,
1526 4242 1580 4291 5.

860 4356 993 4408 ou».
1027 4355 1209 4427 nvn.

565 4428 673 4491 οὐκ
721 4435 828 4506 ἔχω
863 4472 935 4482 --
968 4433 1193 4509 εἶπαι]
1243 4441 1469 4495 Plurimi
1513 4443 1579 4494 li-

1679 1271 1763 1321 bri
1801 1271 1994 1335 scripti
2028 1262 2231 1319 εἰπεῖν.
2274 1267 2399 1319 Vid.
2438 1271 2578 1317 nott.
2620 1265 2692 1316 ad
2720 1266 2769 1328 1,

1679 1339 1765 1391 49.
1811 1344 1867 1389 et
1914 1340 2002 1402 11,
2049 1337 2119 1391 89
2159 1337 2283 1390 coll.
2322 1337 2576 1388 Creuzeri
2613 1336 2768 1386 Com-

1680 1413 1872 1460 mentt.
1899 1407 2141 1459 Herodd.
2174 1423 2302 1474 pag.
2339 1408 2428 1459 81.
2457 1437 2526 1448 —-
2558 1407 2644 1456 De
2681 1404 2775 1454 da-

1681 1481 1816 1540 tivo,
1855 1479 1948 1544 qui
1985 1477 2151 1529 verbo
2186 1473 2590 1538 τεκμαίρεσθαι
2637 1474 2773 1525 adii·

1682 1549 1840 1609 citur,
1874 1547 2018 1599 conf.
2057 1551 2196 1598 nott.
2236 1546 2305 1596 ad
2342 1546 2419 1608 11,
2462 1547 2513 1596 2.

1750 1618 1898 1668 τοισι
1945 1614 2053 1665 νῦν
2109 1610 2188 1667 ἔτι
2244 1582 2419 1665 ἐοῦσι
2445 1609 2770 1677 Πελασγῶν,

1686 1683 1799 1736 τῶν
1867 1676 2010 1749 ὑπὲρ
2077 1682 2393 1749 Τυρσηνῶν
2456 1678 2773 1747 Κρηστῶνα

1686 1748 1856 1803 πόλιν
1904 1749 2213 1808 οἰκεόντων
2262 1769 2314 1803 κ.
2379 1768 2426 1801 τ.
2483 1751 2552 1820 λ.]
2598 1750 2774 1802 Valde

1685 1822 2023 1885 disceptatur
2062 1828 2205 1876 inter
2258 1824 2407 1873 viros
2463 1824 2657 1874 doctos
2702 1820 2770 1870 de

1686 1890 1979 1955 Tyrrhenis
2014 1900 2179 1959 atque
2206 1896 2464 1955 arestone,
2496 1909 2561 1943 ac
2597 1905 2768 1955 nuper

1684 1975 1916 2024 quoque,
1955 1959 2092 2011 alios
2129 1967 2188 2011 ut
2225 1968 2453 2023 taceam,
2511 1962 2579 2013 de
2623 1959 2769 2012 omni

1681 2029 1841 2078 huius
1882 2027 1992 2079 loci
2033 2036 2352 2095 argumento
2375 2030 2677 2095 disputavit
2695 2031 2765 2081 Η.

1684 2097 1873 2148 Riedel
1908 2098 1991 2147 in:
2028 2098 2247 2150 Archiv.
2302 2101 2339 2147 f.
2391 2099 2662 2163 Philolog.
2711 2114 2767 2148 u.

1683 2167 1999 2232 Paedagog.
2073 2166 2327 2230 (Jahrbb.
2395 2169 2434 2218 f.
2505 2168 2646 2217 Phil.
2710 2184 2767 2218 u.

1684 2235 1926 2299 Paedag.
1962 2234 2179 2301 Suppl.)
2225 2236 2322 2286 IV.
2367 2252 2419 2300 p.
2470 2236 2569 2286 587
2617 2250 2770 2301 seqq.

1685 2306 1825 2355 Nam
1845 2306 2099 2370 Dionysii
2120 2304 2494 2355 Halicarnass.
2520 2304 2770 2367 (Antiqq.

1687 2376 1895 2424 Romm.
1934 2374 1991 2436 I,
2029 2374 2113 2425 26.
2166 2390 2218 2438 p.
2258 2374 2327 2425 69
2370 2373 2583 2434 Reisk.)
2622 2373 2774 2421 testi-

1686 2443 1868 2492 monio
1903 2444 2152 2505 permoti,
2197 2442 2489 2508 Tyrrhenos
2523 2442 2580 2490 in
2613 2442 2776 2491 Etru-

1687 2512 1768 2561 ria
1805 2511 2100 2577 urbemque
2129 2513 2393 2564 Cortonam
2420 2511 2510 2561 hic
2545 2509 2775 2572 intelligi

1689 2580 1908 2646 quidam
1974 2586 2243 2632 statuunt.
2325 2581 2451 2633 Vid.
2529 2580 2776 2644 inprimis

1686 2649 1947 2701 Niebuhr.
2016 2652 2073 2700 in
2130 2651 2277 2701 Hist.
2337 2652 2493 2701 Rom.
2546 2650 2593 2700 1.
2643 2664 2771 2714 pag.

1688 2722 1756 2770 70
1834 2720 1921 2771 ed.
1993 2737 2075 2786 pr.
2144 2720 2224 2785 (p.
2301 2718 2368 2770 37
2439 2719 2524 2770 ed.
2615 2717 2771 2781 sem).

1690 2790 1814 2851 Qui,
1845 2790 1892 2838 si
1928 2790 1984 2838 in
2029 2790 2311 2840 Herodoto
2359 2790 2439 2839 ita
2482 2789 2772 2853 legeretur,

1687 2858 2137 2924 quemadmodum
2164 2859 2310 2923 apud
2333 2859 2658 2922 Dionysium
2687 2873 2777 2908 ex-

1687 2934 1818 2990 stat,
1856 2944 1889 2978 a
1921 2928 2134 2979 nemine
2180 2927 2419 2978 dubitari
2463 2942 2625 2992 posse
2663 2928 2775 2977 exi-

1687 2999 1892 3058 stimat,
1948 2998 2078 3063 quin
2137 3002 2366 3063 uterque
2419 3012 2596 3047 rerum
2644 2996 2776 3047 scri-

1686 3072 1833 3132 ptor,
1888 3070 1942 3115 et
1986 3066 2300 3117 Herodotus
2353 3073 2410 3116 et
2455 3065 2776 3116 Hellanicus

1691 3134 1817 3201 (quo
1874 3139 2017 3186 teste
2069 3137 2243 3186 utitur
2301 3134 2650 3200 Dionysius),
2709 3136 2776 3185 de

1687 3221 1797 3255 una
1833 3205 2129 3270 eademque
2168 3205 2300 3254 urbe
2327 3204 2582 3255 dixerint.
2620 3205 2777 3265 Quae

1688 3274 1798 3324 alia
1834 3274 2009 3337 addit,
2053 3269 2168 3324 tum
2215 3275 2462 3325 convicia
2508 3274 2564 3323 in
2608 3273 2777 3324 libros

1687 3343 1956 3393 Herodoti
1992 3358 2156 3393 manu
2192 3344 2427 3409 scriptos
2465 3359 2634 3408 prave
2662 3358 2777 3392 cor-

1685 3417 1904 3477 ruptos,
1960 3417 2076 3462 tum
2131 3417 2453 3477 argumenta
2504 3410 2778 3478 subtiliter

1687 3482 2016 3546 excogitata,
2038 3481 2233 3545 quibus
2257 3482 2574 3532 Crestonem
2601 3481 2777 3531 Hero-

1688 3551 1905 3602 doteam
1976 3550 2204 3601 eandem
2274 3556 2438 3616 atque
2512 3551 2779 3600 Cortonam

1687 3620 1961 3685 Dionysii,
1984 3620 2240 3670 Etruriae
2261 3621 2464 3682 urbem,
2488 3634 2610 3669 esse
2634 3634 2777 3669 com-

1687 3690 1906 3753 probet,
1953 3704 2018 3739 ea
2065 3689 2200 3739 talia
2251 3693 2402 3751 sunt,
2455 3693 2519 3737 ut
2563 3688 2657 3736 vix
2705 3689 2776 3747 ei,

1688 3760 1779 3822 qui
1823 3759 1940 3808 sine
1995 3763 2394 3822 praeoccupato
2451 3757 2654 3808 iudicio
2703 3756 2776 3807 ad

1685 3827 1830 3878 hunc
1863 3827 2043 3877 locum
2073 3828 2387 3889 accesserit,
2410 3826 2627 3891 plaeere
2649 3841 2776 3890 pos-

1685 3896 1815 3947 sint.
1856 3897 1970 3946 Nee
1995 3912 2126 3946 sane
2150 3895 2473 3960 placuerunt
2492 3893 2773 3958 Muellem,

1685 3964 1934 4016 Riedelio
1972 3962 2107 4025 (1.1.
2186 3964 2341 4016 ,590
2376 3964 2536 4030 seq.),
2574 3965 2774 4030 Lepsio

1687 4032 1760 4095 (U
1762 4035 1889 4084 eber
1933 4032 2021 4084 die
2082 3982 2346 4100 Typrrhen.
2393 4032 2656 4100 Pelasger
2717 4034 2776 4083 in

1684 4103 1870 4153 Etrur.
1924 4118 1975 4167 p.
2030 4100 2137 4166 18),
2181 4102 2321 4155 Gen.
2374 4102 2773 4168 (Topography

1685 4172 1745 4221 of
1787 4173 1956 4223 Rome
2002 4171 2111 4222 and
2161 4172 2235 4221 its
2299 4172 2528 4236 vicinity
2573 4173 2648 4222 11.
2702 4188 2754 4236 p.

1690 4240 1851 4305 150.),
1885 4240 2279 4293 Middendorfio
2313 4241 2352 4294 l.
2374 4256 2542 4305 supra
2572 4241 2612 4292 l.
2642 4257 2768 4305 pag.

1683 4310 1753 4361 20
1798 4325 1971 4375 seqq..
2021 4310 2162 4361 aliis.
2233 4311 2314 4361 Ac
2356 4310 2551 4360 mirum
2597 4309 2772 4360 videri

1682 4383 1865 4443 queat,
1886 4379 1981 4444 qui
2018 4378 2243 4443 iactum,
2278 4383 2340 4430 ut
2372 4379 2478 4429 hoc
2511 4377 2655 4439 loco,
2677 4379 2772 4428 ubi

1684 4446 1752 4497 de
1788 4448 2053 4500 Graeciae
2086 4448 2340 4515 gentibus
2367 4448 2569 4499 Noster
2604 4446 2772 4498 disse·
