<?xml version="1.0" encoding="UTF-8"?>
<!DOCTYPE html PUBLIC "-//W3C//DTD XHTML 1.0 Transitional//EN"
    "http://www.w3.org/TR/xhtml1/DTD/xhtml1-transitional.dtd">
<html xmlns="http://www.w3.org/1999/xhtml" xml:lang="en" lang="en">
 <head>
  <title>
</title>
<meta http-equiv="Content-Type" content="text/html;charset=utf-8" />
  <meta name='ocr-system' content='tesseract 3.04.00' />
  <meta name='ocr-capabilities' content='ocr_page ocr_carea ocr_par ocr_line ocrx_word'/>
</head>
<body>
  <div class='ocr_page' id='page_1' title='image "./herodotihalicar02unkngoog_0742.png"; bbox 0 0 3109 5092; ppageno 0'>
   <div class='ocr_carea' id='block_1_1' title="bbox 351 492 890 557">
    <p class='ocr_par' dir='ltr' id='par_1_1' title="bbox 351 492 890 557">
     <span class='ocr_line' id='line_1_1' title="bbox 351 492 890 557; baseline -0.007 -1"><span class='ocrx_word' id='word_1_1' title='bbox 351 495 468 556; x_wconf 86' lang='lat'>128</span> <span class='ocrx_word' id='word_1_2' title='bbox 481 513 686 557; x_wconf 83' lang='grc' dir='ltr'><strong><em>κοντα</em></strong></span> <span class='ocrx_word' id='word_1_3' title='bbox 720 492 890 554; x_wconf 83' lang='grc' dir='ltr'><strong><em>ἔτεα.</em></strong></span> 
     </span>
    </p>
   </div>
   <div class='ocr_carea' id='block_1_2' title="bbox 481 312 605 375">
    <p class='ocr_par' dir='ltr' id='par_1_2' title="bbox 481 312 605 375">
     <span class='ocr_line' id='line_1_2' title="bbox 481 312 605 375; baseline 0.008 -2"><span class='ocrx_word' id='word_1_4' title='bbox 481 312 605 375; x_wconf 83' lang='lat'>722</span> 
     </span>
    </p>
   </div>
   <div class='ocr_carea' id='block_1_3' title="bbox 1358 312 1887 374">
    <p class='ocr_par' dir='ltr' id='par_1_3' title="bbox 1358 312 1887 374">
     <span class='ocr_line' id='line_1_3' title="bbox 1358 312 1887 374; baseline 0 -2"><span class='ocrx_word' id='word_1_5' title='bbox 1358 312 1887 374; x_wconf 83' lang='lat' dir='ltr'>HERODOTI</span> 
     </span>
    </p>
   </div>
   <div class='ocr_carea' id='block_1_4' title="bbox 984 485 2765 572">
    <p class='ocr_par' dir='ltr' id='par_1_4' title="bbox 984 485 2765 572">
     <span class='ocr_line' id='line_1_4' title="bbox 984 485 2765 572; baseline 0 -19"><span class='ocrx_word' id='word_1_6' title='bbox 984 491 1207 554; x_wconf 84' lang='grc' dir='ltr'><strong><em>Ταῦτα</em></strong></span> <span class='ocrx_word' id='word_1_7' title='bbox 1240 488 1308 567; x_wconf 79' lang='grc' dir='ltr'>ἕξ</span> <span class='ocrx_word' id='word_1_8' title='bbox 1335 513 1407 554; x_wconf 86' lang='grc' dir='ltr'><strong><em>τε</em></strong></span> <span class='ocrx_word' id='word_1_9' title='bbox 1437 488 1549 555; x_wconf 86' lang='grc' dir='ltr'>καὶ</span> <span class='ocrx_word' id='word_1_10' title='bbox 1585 485 1824 555; x_wconf 79' lang='grc' dir='ltr'><strong><em>ἑκατὸν</em></strong></span> <span class='ocrx_word' id='word_1_11' title='bbox 1851 492 2223 572; x_wconf 60' lang='grc' dir='ltr'><strong><em>λογίζονται</em></strong></span> <span class='ocrx_word' id='word_1_12' title='bbox 2252 490 2404 555; x_wconf 78' lang='grc' dir='ltr'><strong><em>ἔτεα</em></strong></span> <span class='ocrx_word' id='word_1_13' title='bbox 2421 537 2439 570; x_wconf 85' lang='grc'>,</span> <span class='ocrx_word' id='word_1_14' title='bbox 2482 488 2557 554; x_wconf 79' lang='grc' dir='ltr'>ἐν</span> <span class='ocrx_word' id='word_1_15' title='bbox 2590 499 2765 554; x_wconf 81' lang='grc' dir='ltr'><strong><em>τοῖσι</em></strong></span> 
     </span>
    </p>
   </div>
   <div class='ocr_carea' id='block_1_5' title="bbox 481 586 2766 781">
    <p class='ocr_par' dir='ltr' id='par_1_5' title="bbox 481 586 2766 781">
     <span class='ocr_line' id='line_1_5' title="bbox 484 586 2761 678; baseline -0.001 -18"><span class='ocrx_word' id='word_1_16' title='bbox 484 596 921 677; x_wconf 75' lang='grc' dir='ltr'><strong><em>Αἰγυπτίοισί</em></strong></span> <span class='ocrx_word' id='word_1_17' title='bbox 953 615 1025 656; x_wconf 85' lang='grc' dir='ltr'><strong><em>τε</em></strong></span> <span class='ocrx_word' id='word_1_18' title='bbox 1055 595 1279 658; x_wconf 79' lang='grc' dir='ltr'><strong><em>πᾶσαν</em></strong></span> <span class='ocrx_word' id='word_1_19' title='bbox 1310 589 1483 658; x_wconf 84' lang='grc' dir='ltr'><strong><em>εἶναι</em></strong></span> <span class='ocrx_word' id='word_1_20' title='bbox 1518 590 1881 678; x_wconf 82' lang='grc' dir='ltr'><strong><em>κακότητα,</em></strong></span> <span class='ocrx_word' id='word_1_21' title='bbox 1924 591 2038 658; x_wconf 84' lang='grc' dir='ltr'>καὶ</span> <span class='ocrx_word' id='word_1_22' title='bbox 2079 587 2161 657; x_wconf 78' lang='grc' dir='ltr'><strong><em>τὰ</em></strong></span> <span class='ocrx_word' id='word_1_23' title='bbox 2205 586 2320 676; x_wconf 73' lang='grc' dir='ltr'>ἱρὰ</span> <span class='ocrx_word' id='word_1_24' title='bbox 2359 588 2609 676; x_wconf 79' lang='grc' dir='ltr'><strong><em>χρόνον</em></strong></span> <span class='ocrx_word' id='word_1_25' title='bbox 2648 616 2761 658; x_wconf 85' lang='grc' dir='ltr'><strong><em>το-</em></strong></span> 
     </span>
     <span class='ocr_line' id='line_1_6' title="bbox 481 689 2766 781; baseline -0.001 -19"><span class='ocrx_word' id='word_1_26' title='bbox 481 695 726 764; x_wconf 86' lang='grc' dir='ltr'><strong><em>σούτου</em></strong></span> <span class='ocrx_word' id='word_1_27' title='bbox 765 695 1346 780; x_wconf 74' lang='grc' dir='ltr'><strong><em>κατακλητσθέντα</em></strong></span> <span class='ocrx_word' id='word_1_28' title='bbox 1391 691 1515 762; x_wconf 80' lang='grc' dir='ltr'>οὐκ</span> <span class='ocrx_word' id='word_1_29' title='bbox 1560 691 1985 781; x_wconf 79' lang='grc' dir='ltr'><strong><em>ἀνοιχθῆναι.</em></strong></span> <span class='ocrx_word' id='word_1_30' title='bbox 2064 691 2345 772; x_wconf 80' lang='grc' dir='ltr'><strong><em>τούτους</em></strong></span> <span class='ocrx_word' id='word_1_31' title='bbox 2372 689 2506 761; x_wconf 78' lang='grc' dir='ltr'>ὑπὸ</span> <span class='ocrx_word' id='word_1_32' title='bbox 2534 699 2766 780; x_wconf 83' lang='grc' dir='ltr'><strong><em>μίσεος</em></strong></span> 
     </span>
    </p>
   </div>
   <div class='ocr_carea' id='block_1_6' title="bbox 407 894 1572 4421">
    <p class='ocr_par' dir='ltr' id='par_1_6' title="bbox 407 894 1572 4421">
     <span class='ocr_line' id='line_1_7' title="bbox 480 894 1563 962; baseline -0.001 -17"><span class='ocrx_word' id='word_1_33' title='bbox 480 895 645 962; x_wconf 90' lang='lat' dir='ltr'>pedes</span> <span class='ocrx_word' id='word_1_34' title='bbox 692 910 920 960; x_wconf 89' lang='lat' dir='ltr'>eumque</span> <span class='ocrx_word' id='word_1_35' title='bbox 965 894 1231 944; x_wconf 88' lang='lat' dir='ltr'>ducentos</span> <span class='ocrx_word' id='word_1_36' title='bbox 1273 894 1444 960; x_wconf 87' lang='lat' dir='ltr'>pedes</span> <span class='ocrx_word' id='word_1_37' title='bbox 1476 911 1563 944; x_wconf 88' lang='lat' dir='ltr'>su-</span> 
     </span>
     <span class='ocr_line' id='line_1_8' title="bbox 482 964 1569 1031; baseline -0.001 -16"><span class='ocrx_word' id='word_1_38' title='bbox 482 982 580 1031; x_wconf 89' lang='lat' dir='ltr'>pra</span> <span class='ocrx_word' id='word_1_39' title='bbox 635 964 746 1015; x_wconf 86' lang='lat' dir='ltr'>Nili</span> <span class='ocrx_word' id='word_1_40' title='bbox 807 966 952 1029; x_wconf 88' lang='lat' dir='ltr'>ripas</span> <span class='ocrx_word' id='word_1_41' title='bbox 1008 965 1242 1013; x_wconf 88' lang='lat' dir='ltr'>eminere</span> <span class='ocrx_word' id='word_1_42' title='bbox 1292 965 1569 1014; x_wconf 82' lang='lat' dir='ltr'>existimat</span> 
     </span>
     <span class='ocr_line' id='line_1_9' title="bbox 482 1033 1564 1100; baseline 0 -16"><span class='ocrx_word' id='word_1_43' title='bbox 482 1035 648 1100; x_wconf 83' lang='lat' dir='ltr'>(conf.</span> <span class='ocrx_word' id='word_1_44' title='bbox 675 1035 859 1099; x_wconf 85' lang='lat' dir='ltr'>Zoega</span> <span class='ocrx_word' id='word_1_45' title='bbox 891 1033 956 1082; x_wconf 90' lang='lat' dir='ltr'>de</span> <span class='ocrx_word' id='word_1_46' title='bbox 994 1033 1249 1083; x_wconf 88' lang='lat' dir='ltr'>obeliscc.</span> <span class='ocrx_word' id='word_1_47' title='bbox 1287 1049 1414 1099; x_wconf 81' lang='lat' dir='ltr'>pag.</span> <span class='ocrx_word' id='word_1_48' title='bbox 1442 1035 1564 1085; x_wconf 80' lang='lat'>400.</span> 
     </span>
     <span class='ocr_line' id='line_1_10' title="bbox 479 1101 1568 1168; baseline 0 -15"><span class='ocrx_word' id='word_1_49' title='bbox 479 1109 594 1154; x_wconf 86' lang='lat' dir='ltr'>not.</span> <span class='ocrx_word' id='word_1_50' title='bbox 638 1101 770 1166; x_wconf 83' lang='lat'>19.).</span> <span class='ocrx_word' id='word_1_51' title='bbox 841 1103 948 1166; x_wconf 84' lang='lat' dir='ltr'>Qui</span> <span class='ocrx_word' id='word_1_52' title='bbox 984 1102 1126 1153; x_wconf 86' lang='lat' dir='ltr'>idem</span> <span class='ocrx_word' id='word_1_53' title='bbox 1158 1102 1298 1152; x_wconf 86' lang='lat' dir='ltr'>hanc</span> <span class='ocrx_word' id='word_1_54' title='bbox 1334 1105 1568 1168; x_wconf 89' lang='lat' dir='ltr'>pyrami·</span> 
     </span>
     <span class='ocr_line' id='line_1_11' title="bbox 481 1172 1569 1238; baseline -0.001 -14"><span class='ocrx_word' id='word_1_55' title='bbox 481 1175 603 1224; x_wconf 87' lang='lat' dir='ltr'>dem</span> <span class='ocrx_word' id='word_1_56' title='bbox 655 1172 931 1222; x_wconf 84' lang='lat' dir='ltr'>conditam</span> <span class='ocrx_word' id='word_1_57' title='bbox 987 1188 1106 1222; x_wconf 87' lang='lat' dir='ltr'>esse</span> <span class='ocrx_word' id='word_1_58' title='bbox 1160 1173 1351 1222; x_wconf 85' lang='lat' dir='ltr'>scribit</span> <span class='ocrx_word' id='word_1_59' title='bbox 1407 1188 1569 1238; x_wconf 85' lang='lat' dir='ltr'>super</span> 
     </span>
     <span class='ocr_line' id='line_1_12' title="bbox 480 1244 1568 1306; baseline -0.001 -13"><span class='ocrx_word' id='word_1_60' title='bbox 480 1244 669 1293; x_wconf 89' lang='lat' dir='ltr'>tubere</span> <span class='ocrx_word' id='word_1_61' title='bbox 708 1247 1032 1305; x_wconf 73' lang='lat' dir='ltr'>exsurgente</span> <span class='ocrx_word' id='word_1_62' title='bbox 1083 1257 1112 1292; x_wconf 88' lang='lat' dir='ltr'>e</span> <span class='ocrx_word' id='word_1_63' title='bbox 1147 1257 1341 1306; x_wconf 84' lang='lat' dir='ltr'>campo</span> <span class='ocrx_word' id='word_1_64' title='bbox 1379 1257 1568 1305; x_wconf 77' lang='lat' dir='ltr'>saxon,</span> 
     </span>
     <span class='ocr_line' id='line_1_13' title="bbox 481 1310 1571 1376; baseline 0 -14"><span class='ocrx_word' id='word_1_65' title='bbox 481 1318 600 1362; x_wconf 88' lang='lat' dir='ltr'>arte</span> <span class='ocrx_word' id='word_1_66' title='bbox 644 1317 793 1361; x_wconf 85' lang='lat' dir='ltr'>secto</span> <span class='ocrx_word' id='word_1_67' title='bbox 842 1318 1004 1375; x_wconf 89' lang='lat' dir='ltr'>atque</span> <span class='ocrx_word' id='word_1_68' title='bbox 1047 1310 1422 1376; x_wconf 84' lang='lat' dir='ltr'>complanato,</span> <span class='ocrx_word' id='word_1_69' title='bbox 1478 1327 1571 1376; x_wconf 88' lang='lat' dir='ltr'>pe-</span> 
     </span>
     <span class='ocr_line' id='line_1_14' title="bbox 480 1380 1569 1445; baseline 0.002 -15"><span class='ocrx_word' id='word_1_70' title='bbox 480 1381 747 1445; x_wconf 75' lang='lat' dir='ltr'>dibusque</span> <span class='ocrx_word' id='word_1_71' title='bbox 789 1380 1018 1444; x_wconf 80' lang='lat' dir='ltr'>triginta</span> <span class='ocrx_word' id='word_1_72' title='bbox 1062 1387 1297 1445; x_wconf 89' lang='lat' dir='ltr'>quatuor</span> <span class='ocrx_word' id='word_1_73' title='bbox 1341 1382 1569 1432; x_wconf 83' lang='lat' dir='ltr'>editiore</span> 
     </span>
     <span class='ocr_line' id='line_1_15' title="bbox 480 1449 1567 1516; baseline 0.002 -17"><span class='ocrx_word' id='word_1_74' title='bbox 480 1465 641 1516; x_wconf 83' lang='lat' dir='ltr'>qnam</span> <span class='ocrx_word' id='word_1_75' title='bbox 679 1451 750 1498; x_wconf 87' lang='lat' dir='ltr'>sit</span> <span class='ocrx_word' id='word_1_76' title='bbox 798 1449 973 1499; x_wconf 87' lang='lat' dir='ltr'>solum</span> <span class='ocrx_word' id='word_1_77' title='bbox 1009 1450 1205 1514; x_wconf 83' lang='lat' dir='ltr'>prioris</span> <span class='ocrx_word' id='word_1_78' title='bbox 1250 1452 1567 1514; x_wconf 77' lang='lat' dir='ltr'><strong>pyramidis.</strong></span> 
     </span>
     <span class='ocr_line' id='line_1_16' title="bbox 479 1518 1567 1585; baseline 0 -15"><span class='ocrx_word' id='word_1_79' title='bbox 479 1518 699 1582; x_wconf 86' lang='lat' dir='ltr'>Reliqui</span> <span class='ocrx_word' id='word_1_80' title='bbox 735 1519 1029 1583; x_wconf 77' lang='lat' dir='ltr'>scriptores</span> <span class='ocrx_word' id='word_1_81' title='bbox 1065 1525 1219 1585; x_wconf 80' lang='lat' dir='ltr'>(nam</span> <span class='ocrx_word' id='word_1_82' title='bbox 1256 1521 1405 1570; x_wconf 86' lang='lat' dir='ltr'>solus</span> <span class='ocrx_word' id='word_1_83' title='bbox 1439 1521 1567 1570; x_wconf 90' lang='lat' dir='ltr'>Nie-</span> 
     </span>
     <span class='ocr_line' id='line_1_17' title="bbox 407 1585 1570 1653; baseline 0.002 -15"><span class='ocrx_word' id='word_1_84' title='bbox 407 1585 414 1588; x_wconf 75' lang='grc'><em>“</em></span> <span class='ocrx_word' id='word_1_85' title='bbox 481 1588 705 1638; x_wconf 85' lang='lat' dir='ltr'>buhrius</span> <span class='ocrx_word' id='word_1_86' title='bbox 723 1588 1067 1638; x_wconf 76' lang='lat' dir='ltr'>altitudinem</span> <span class='ocrx_word' id='word_1_87' title='bbox 1087 1603 1304 1638; x_wconf 86' lang='lat' dir='ltr'>mensus</span> <span class='ocrx_word' id='word_1_88' title='bbox 1328 1591 1431 1653; x_wconf 81' lang='lat' dir='ltr'>est)</span> <span class='ocrx_word' id='word_1_89' title='bbox 1450 1596 1570 1640; x_wconf 88' lang='lat' dir='ltr'>tan-</span> 
     </span>
     <span class='ocr_line' id='line_1_18' title="bbox 479 1657 1566 1723; baseline 0.002 -16"><span class='ocrx_word' id='word_1_90' title='bbox 479 1664 595 1708; x_wconf 86' lang='lat' dir='ltr'>tum</span> <span class='ocrx_word' id='word_1_91' title='bbox 642 1658 1003 1720; x_wconf 76' lang='lat' dir='ltr'>adnotarunt,</span> <span class='ocrx_word' id='word_1_92' title='bbox 1054 1657 1196 1707; x_wconf 86' lang='lat' dir='ltr'>hanc</span> <span class='ocrx_word' id='word_1_93' title='bbox 1231 1660 1566 1723; x_wconf 80' lang='lat' dir='ltr'>pyramidem</span> 
     </span>
     <span class='ocr_line' id='line_1_19' title="bbox 477 1726 1566 1793; baseline 0.002 -17"><span class='ocrx_word' id='word_1_94' title='bbox 477 1729 655 1793; x_wconf 89' lang='lat' dir='ltr'>priore</span> <span class='ocrx_word' id='word_1_95' title='bbox 688 1726 937 1777; x_wconf 86' lang='lat' dir='ltr'>altiorem</span> <span class='ocrx_word' id='word_1_96' title='bbox 972 1742 1261 1791; x_wconf 84' lang='lat' dir='ltr'>apparere,</span> <span class='ocrx_word' id='word_1_97' title='bbox 1314 1745 1378 1778; x_wconf 90' lang='lat' dir='ltr'>eo</span> <span class='ocrx_word' id='word_1_98' title='bbox 1421 1729 1566 1793; x_wconf 89' lang='lat' dir='ltr'>quod</span> 
     </span>
     <span class='ocr_line' id='line_1_20' title="bbox 477 1797 1567 1861; baseline 0.001 -15"><span class='ocrx_word' id='word_1_99' title='bbox 477 1799 600 1848; x_wconf 89' lang='lat' dir='ltr'>saxi</span> <span class='ocrx_word' id='word_1_100' title='bbox 645 1797 824 1846; x_wconf 85' lang='lat' dir='ltr'>tuberi</span> <span class='ocrx_word' id='word_1_101' title='bbox 869 1797 1124 1860; x_wconf 89' lang='lat' dir='ltr'>imposita</span> <span class='ocrx_word' id='word_1_102' title='bbox 1161 1801 1332 1859; x_wconf 88' lang='lat' dir='ltr'>esset,</span> <span class='ocrx_word' id='word_1_103' title='bbox 1381 1812 1567 1861; x_wconf 88' lang='lat' dir='ltr'>quam-</span> 
     </span>
     <span class='ocr_line' id='line_1_21' title="bbox 478 1864 1568 1932; baseline -0.001 -16"><span class='ocrx_word' id='word_1_104' title='bbox 478 1882 640 1932; x_wconf 87' lang='lat' dir='ltr'>quam</span> <span class='ocrx_word' id='word_1_105' title='bbox 690 1866 866 1930; x_wconf 85' lang='lat' dir='ltr'>ipsum</span> <span class='ocrx_word' id='word_1_106' title='bbox 913 1864 1224 1915; x_wconf 82' lang='lat' dir='ltr'>aedificium</span> <span class='ocrx_word' id='word_1_107' title='bbox 1267 1866 1428 1931; x_wconf 89' lang='lat' dir='ltr'>paulo</span> <span class='ocrx_word' id='word_1_108' title='bbox 1467 1868 1568 1915; x_wconf 91' lang='lat' dir='ltr'>mi-</span> 
     </span>
     <span class='ocr_line' id='line_1_22' title="bbox 478 1934 1565 2000; baseline 0.001 -15"><span class='ocrx_word' id='word_1_109' title='bbox 478 1952 580 1986; x_wconf 83' lang='lat' dir='ltr'>nus</span> <span class='ocrx_word' id='word_1_110' title='bbox 608 1936 700 1986; x_wconf 82' lang='lat' dir='ltr'>sit.</span> <span class='ocrx_word' id='word_1_111' title='bbox 764 1936 918 1985; x_wconf 87' lang='lat' dir='ltr'>Haec</span> <span class='ocrx_word' id='word_1_112' title='bbox 942 1937 1125 2000; x_wconf 81' lang='lat' dir='ltr'>Zoega</span> <span class='ocrx_word' id='word_1_113' title='bbox 1154 1935 1190 1985; x_wconf 91' lang='lat' dir='ltr'>l.</span> <span class='ocrx_word' id='word_1_114' title='bbox 1221 1934 1256 1984; x_wconf 91' lang='lat' dir='ltr'>l.</span> <span class='ocrx_word' id='word_1_115' title='bbox 1285 1951 1410 2000; x_wconf 80' lang='lat' dir='ltr'>pag.</span> <span class='ocrx_word' id='word_1_116' title='bbox 1441 1936 1565 1987; x_wconf 77' lang='lat'>409.</span> 
     </span>
     <span class='ocr_line' id='line_1_23' title="bbox 478 2004 1568 2070; baseline 0 -15"><span class='ocrx_word' id='word_1_117' title='bbox 478 2011 592 2057; x_wconf 88' lang='lat' dir='ltr'>not.</span> <span class='ocrx_word' id='word_1_118' title='bbox 638 2006 733 2065; x_wconf 75' lang='lat'>153</span> <span class='ocrx_word' id='word_1_119' title='bbox 788 2011 969 2069; x_wconf 86' lang='lat' dir='ltr'>e&#39;quo</span> <span class='ocrx_word' id='word_1_120' title='bbox 1011 2004 1199 2054; x_wconf 89' lang='lat' dir='ltr'>eodem</span> <span class='ocrx_word' id='word_1_121' title='bbox 1250 2004 1360 2054; x_wconf 86' lang='lat' dir='ltr'>alia</span> <span class='ocrx_word' id='word_1_122' title='bbox 1405 2021 1568 2070; x_wconf 79' lang='lat' dir='ltr'>quae·</span> 
     </span>
     <span class='ocr_line' id='line_1_24' title="bbox 480 2072 1569 2125; baseline 0 0"><span class='ocrx_word' id='word_1_123' title='bbox 480 2075 604 2125; x_wconf 87' lang='lat' dir='ltr'>dam</span> <span class='ocrx_word' id='word_1_124' title='bbox 637 2074 872 2123; x_wconf 88' lang='lat' dir='ltr'>adiicere</span> <span class='ocrx_word' id='word_1_125' title='bbox 895 2072 1045 2123; x_wconf 87' lang='lat' dir='ltr'>lubet</span> <span class='ocrx_word' id='word_1_126' title='bbox 1075 2073 1141 2124; x_wconf 88' lang='lat' dir='ltr'>de</span> <span class='ocrx_word' id='word_1_127' title='bbox 1172 2074 1281 2123; x_wconf 87' lang='lat' dir='ltr'>situ</span> <span class='ocrx_word' id='word_1_128' title='bbox 1306 2073 1466 2124; x_wconf 86' lang='lat' dir='ltr'>huius</span> <span class='ocrx_word' id='word_1_129' title='bbox 1492 2076 1569 2125; x_wconf 88' lang='lat' dir='ltr'>al-</span> 
     </span>
     <span class='ocr_line' id='line_1_25' title="bbox 479 2142 1566 2206; baseline 0.001 -13"><span class='ocrx_word' id='word_1_130' title='bbox 479 2145 650 2194; x_wconf 88' lang='lat' dir='ltr'>terius</span> <span class='ocrx_word' id='word_1_131' title='bbox 686 2142 984 2206; x_wconf 78' lang='lat' dir='ltr'>pyramidis</span> <span class='ocrx_word' id='word_1_132' title='bbox 1013 2147 1069 2191; x_wconf 86' lang='lat' dir='ltr'>et</span> <span class='ocrx_word' id='word_1_133' title='bbox 1103 2142 1360 2192; x_wconf 88' lang='lat' dir='ltr'>hodierno</span> <span class='ocrx_word' id='word_1_134' title='bbox 1396 2149 1566 2195; x_wconf 87' lang='lat' dir='ltr'>statu.</span> 
     </span>
     <span class='ocr_line' id='line_1_26' title="bbox 479 2211 1568 2276; baseline 0.001 -14"><span class='ocrx_word' id='word_1_135' title='bbox 479 2213 590 2262; x_wconf 85' lang='lat' dir='ltr'>Ubi</span> <span class='ocrx_word' id='word_1_136' title='bbox 627 2211 768 2261; x_wconf 91' lang='lat' dir='ltr'>enim</span> <span class='ocrx_word' id='word_1_137' title='bbox 806 2226 840 2261; x_wconf 89' lang='lat' dir='ltr'>a</span> <span class='ocrx_word' id='word_1_138' title='bbox 874 2225 1103 2275; x_wconf 79' lang='lat' dir='ltr'>magnae</span> <span class='ocrx_word' id='word_1_139' title='bbox 1139 2213 1438 2276; x_wconf 81' lang='lat' dir='ltr'>pyramidis</span> <span class='ocrx_word' id='word_1_140' title='bbox 1474 2229 1568 2263; x_wconf 84' lang='lat' dir='ltr'>an-</span> 
     </span>
     <span class='ocr_line' id='line_1_27' title="bbox 481 2280 1570 2347; baseline 0.004 -18"><span class='ocrx_word' id='word_1_141' title='bbox 481 2281 609 2346; x_wconf 78' lang='lat' dir='ltr'>gulo</span> <span class='ocrx_word' id='word_1_142' title='bbox 655 2294 851 2345; x_wconf 83' lang='lat' dir='ltr'>passus</span> <span class='ocrx_word' id='word_1_143' title='bbox 887 2281 1104 2330; x_wconf 75' lang='lat' dir='ltr'>circiter</span> <span class='ocrx_word' id='word_1_144' title='bbox 1148 2281 1412 2331; x_wconf 89' lang='lat' dir='ltr'>ducentos</span> <span class='ocrx_word' id='word_1_145' title='bbox 1447 2280 1570 2347; x_wconf 87' lang='lat' dir='ltr'>pro-</span> 
     </span>
     <span class='ocr_line' id='line_1_28' title="bbox 479 2348 1569 2414; baseline 0.004 -16"><span class='ocrx_word' id='word_1_146' title='bbox 479 2349 719 2414; x_wconf 84' lang='lat' dir='ltr'>grederis</span> <span class='ocrx_word' id='word_1_147' title='bbox 746 2350 817 2399; x_wconf 82' lang='lat' dir='ltr'>ad</span> <span class='ocrx_word' id='word_1_148' title='bbox 840 2348 1144 2410; x_wconf 82' lang='lat' dir='ltr'>meridiem,</span> <span class='ocrx_word' id='word_1_149' title='bbox 1179 2351 1333 2399; x_wconf 81' lang='lat' dir='ltr'>venis</span> <span class='ocrx_word' id='word_1_150' title='bbox 1370 2351 1438 2400; x_wconf 90' lang='lat' dir='ltr'>ad</span> <span class='ocrx_word' id='word_1_151' title='bbox 1476 2368 1569 2402; x_wconf 85' lang='lat' dir='ltr'>an-</span> 
     </span>
     <span class='ocr_line' id='line_1_29' title="bbox 480 2417 1569 2485; baseline 0.003 -18"><span class='ocrx_word' id='word_1_152' title='bbox 480 2417 664 2484; x_wconf 81' lang='lat' dir='ltr'>gulum</span> <span class='ocrx_word' id='word_1_153' title='bbox 724 2419 995 2467; x_wconf 86' lang='lat' dir='ltr'>secundae</span> <span class='ocrx_word' id='word_1_154' title='bbox 1050 2417 1209 2468; x_wconf 87' lang='lat' dir='ltr'>huius</span> <span class='ocrx_word' id='word_1_155' title='bbox 1270 2420 1569 2485; x_wconf 75' lang='lat' dir='ltr'>pyramidis</span> 
     </span>
     <span class='ocr_line' id='line_1_30' title="bbox 481 2488 1569 2554; baseline 0.005 -17"><span class='ocrx_word' id='word_1_156' title='bbox 481 2502 713 2554; x_wconf 79' lang='lat' dir='ltr'>magnae</span> <span class='ocrx_word' id='word_1_157' title='bbox 768 2489 911 2537; x_wconf 91' lang='lat' dir='ltr'>ortui</span> <span class='ocrx_word' id='word_1_158' title='bbox 960 2488 1170 2537; x_wconf 78' lang='lat' dir='ltr'>aestivo</span> <span class='ocrx_word' id='word_1_159' title='bbox 1206 2489 1569 2542; x_wconf 70' lang='lat' dir='ltr'>obiacentem.</span> 
     </span>
     <span class='ocr_line' id='line_1_31' title="bbox 481 2558 1567 2621; baseline 0.002 -13"><span class='ocrx_word' id='word_1_160' title='bbox 481 2558 716 2608; x_wconf 86' lang='lat' dir='ltr'>Condita</span> <span class='ocrx_word' id='word_1_161' title='bbox 775 2562 859 2606; x_wconf 89' lang='lat' dir='ltr'>est</span> <span class='ocrx_word' id='word_1_162' title='bbox 920 2571 1082 2621; x_wconf 86' lang='lat' dir='ltr'>super</span> <span class='ocrx_word' id='word_1_163' title='bbox 1134 2559 1325 2608; x_wconf 90' lang='lat' dir='ltr'>tubere</span> <span class='ocrx_word' id='word_1_164' title='bbox 1383 2575 1567 2610; x_wconf 85' lang='lat' dir='ltr'>exsur-</span> 
     </span>
     <span class='ocr_line' id='line_1_32' title="bbox 479 2625 1566 2693; baseline 0.002 -16"><span class='ocrx_word' id='word_1_165' title='bbox 479 2633 666 2693; x_wconf 74' lang='lat' dir='ltr'>gent03</span> <span class='ocrx_word' id='word_1_166' title='bbox 703 2626 775 2676; x_wconf 90' lang='lat' dir='ltr'>ad</span> <span class='ocrx_word' id='word_1_167' title='bbox 799 2625 1135 2676; x_wconf 85' lang='lat' dir='ltr'>occidentem</span> <span class='ocrx_word' id='word_1_168' title='bbox 1158 2639 1214 2677; x_wconf 81' lang='lat' dir='ltr'>et</span> <span class='ocrx_word' id='word_1_169' title='bbox 1244 2630 1566 2693; x_wconf 79' lang='lat' dir='ltr'>septentrio-</span> 
     </span>
     <span class='ocr_line' id='line_1_33' title="bbox 480 2695 1567 2762; baseline 0.002 -15"><span class='ocrx_word' id='word_1_170' title='bbox 480 2712 603 2747; x_wconf 89' lang='lat' dir='ltr'>nem</span> <span class='ocrx_word' id='word_1_171' title='bbox 637 2698 788 2746; x_wconf 77' lang='lat' dir='ltr'>fossa</span> <span class='ocrx_word' id='word_1_172' title='bbox 831 2696 1069 2758; x_wconf 66' lang='lat' dir='ltr'>&lt;fingitur</span> <span class='ocrx_word' id='word_1_173' title='bbox 1104 2695 1220 2746; x_wconf 85' lang='lat' dir='ltr'>lata</span> <span class='ocrx_word' id='word_1_174' title='bbox 1266 2698 1433 2762; x_wconf 86' lang='lat' dir='ltr'>pedes</span> <span class='ocrx_word' id='word_1_175' title='bbox 1472 2699 1567 2749; x_wconf 83' lang='lat' dir='ltr'>XC</span> 
     </span>
     <span class='ocr_line' id='line_1_34' title="bbox 482 2765 1571 2831; baseline 0 -15"><span class='ocrx_word' id='word_1_176' title='bbox 482 2782 548 2816; x_wconf 88' lang='lat' dir='ltr'>ac</span> <span class='ocrx_word' id='word_1_177' title='bbox 583 2781 718 2831; x_wconf 88' lang='lat' dir='ltr'>rupe</span> <span class='ocrx_word' id='word_1_178' title='bbox 769 2765 838 2814; x_wconf 87' lang='lat' dir='ltr'>ad</span> <span class='ocrx_word' id='word_1_179' title='bbox 883 2766 1113 2829; x_wconf 80' lang='lat' dir='ltr'>triginta</span> <span class='ocrx_word' id='word_1_180' title='bbox 1148 2765 1344 2830; x_wconf 89' lang='lat' dir='ltr'>pedum</span> <span class='ocrx_word' id='word_1_181' title='bbox 1381 2768 1571 2816; x_wconf 88' lang='lat' dir='ltr'>altitu-</span> 
     </span>
     <span class='ocr_line' id='line_1_35' title="bbox 484 2834 1572 2896; baseline 0.003 -13"><span class='ocrx_word' id='word_1_182' title='bbox 484 2836 664 2884; x_wconf 88' lang='lat' dir='ltr'>dinem</span> <span class='ocrx_word' id='word_1_183' title='bbox 688 2839 858 2896; x_wconf 83' lang='lat' dir='ltr'>secta,</span> <span class='ocrx_word' id='word_1_184' title='bbox 895 2834 950 2883; x_wconf 89' lang='lat' dir='ltr'>in</span> <span class='ocrx_word' id='word_1_185' title='bbox 984 2835 1139 2884; x_wconf 88' lang='lat' dir='ltr'>cuius</span> <span class='ocrx_word' id='word_1_186' title='bbox 1177 2836 1355 2885; x_wconf 85' lang='lat' dir='ltr'>fronte</span> <span class='ocrx_word' id='word_1_187' title='bbox 1386 2838 1572 2886; x_wconf 84' lang='lat' dir='ltr'>excisa</span> 
     </span>
     <span class='ocr_line' id='line_1_36' title="bbox 482 2902 1569 2968; baseline 0.003 -15"><span class='ocrx_word' id='word_1_188' title='bbox 482 2909 612 2953; x_wconf 79' lang='lat' dir='ltr'>sunt</span> <span class='ocrx_word' id='word_1_189' title='bbox 634 2908 796 2953; x_wconf 85' lang='lat' dir='ltr'>antra</span> <span class='ocrx_word' id='word_1_190' title='bbox 823 2902 1093 2968; x_wconf 79' lang='lat' dir='ltr'>quadrata</span> <span class='ocrx_word' id='word_1_191' title='bbox 1118 2906 1259 2958; x_wconf 79' lang='lat' dir='ltr'>serie</span> <span class='ocrx_word' id='word_1_192' title='bbox 1286 2907 1569 2957; x_wconf 86' lang='lat' dir='ltr'>continua.</span> 
     </span>
     <span class='ocr_line' id='line_1_37' title="bbox 482 2972 1571 3039; baseline 0.004 -18"><span class='ocrx_word' id='word_1_193' title='bbox 482 2973 700 3021; x_wconf 82' lang='lat' dir='ltr'>Paucae</span> <span class='ocrx_word' id='word_1_194' title='bbox 752 2973 807 3020; x_wconf 91' lang='lat' dir='ltr'>in</span> <span class='ocrx_word' id='word_1_195' title='bbox 859 2972 941 3020; x_wconf 86' lang='lat' dir='ltr'>bis</span> <span class='ocrx_word' id='word_1_196' title='bbox 995 2979 1158 3021; x_wconf 88' lang='lat' dir='ltr'>notae</span> <span class='ocrx_word' id='word_1_197' title='bbox 1209 2972 1571 3039; x_wconf 84' lang='lat' dir='ltr'>hieroglyphi-</span> 
     </span>
     <span class='ocr_line' id='line_1_38' title="bbox 484 3040 1568 3104; baseline 0.003 -13"><span class='ocrx_word' id='word_1_198' title='bbox 484 3053 578 3091; x_wconf 78' lang='lat' dir='ltr'>cae</span> <span class='ocrx_word' id='word_1_199' title='bbox 594 3077 607 3102; x_wconf 91' lang='lat'>,</span> <span class='ocrx_word' id='word_1_200' title='bbox 646 3040 844 3104; x_wconf 86' lang='lat' dir='ltr'>quibus</span> <span class='ocrx_word' id='word_1_201' title='bbox 870 3040 1157 3103; x_wconf 81' lang='lat' dir='ltr'>insigniter</span> <span class='ocrx_word' id='word_1_202' title='bbox 1182 3041 1411 3092; x_wconf 85' lang='lat' dir='ltr'>decorae</span> <span class='ocrx_word' id='word_1_203' title='bbox 1439 3050 1568 3094; x_wconf 88' lang='lat' dir='ltr'>sunt</span> 
     </span>
     <span class='ocr_line' id='line_1_39' title="bbox 483 3108 1570 3163; baseline 0.004 -4"><span class='ocrx_word' id='word_1_204' title='bbox 483 3109 626 3160; x_wconf 88' lang='lat' dir='ltr'>aliae</span> <span class='ocrx_word' id='word_1_205' title='bbox 677 3123 945 3158; x_wconf 84' lang='lat' dir='ltr'>cavernae</span> <span class='ocrx_word' id='word_1_206' title='bbox 997 3108 1069 3158; x_wconf 87' lang='lat' dir='ltr'>ad</span> <span class='ocrx_word' id='word_1_207' title='bbox 1122 3114 1298 3160; x_wconf 88' lang='lat' dir='ltr'>ortum</span> <span class='ocrx_word' id='word_1_208' title='bbox 1356 3112 1570 3163; x_wconf 89' lang='lat' dir='ltr'>bruma-</span> 
     </span>
     <span class='ocr_line' id='line_1_40' title="bbox 482 3177 1571 3232; baseline 0.005 -5"><span class='ocrx_word' id='word_1_209' title='bbox 482 3178 604 3229; x_wconf 87' lang='lat' dir='ltr'>lem.</span> <span class='ocrx_word' id='word_1_210' title='bbox 645 3179 787 3227; x_wconf 80' lang='lat' dir='ltr'>Ante</span> <span class='ocrx_word' id='word_1_211' title='bbox 811 3177 1076 3227; x_wconf 85' lang='lat' dir='ltr'>orientale</span> <span class='ocrx_word' id='word_1_212' title='bbox 1105 3178 1251 3230; x_wconf 87' lang='lat' dir='ltr'>latus</span> <span class='ocrx_word' id='word_1_213' title='bbox 1275 3188 1571 3232; x_wconf 87' lang='lat' dir='ltr'>cernuntur</span> 
     </span>
     <span class='ocr_line' id='line_1_41' title="bbox 483 3246 1569 3313; baseline 0.004 -16"><span class='ocrx_word' id='word_1_214' title='bbox 483 3246 738 3313; x_wconf 75' lang='lat' dir='ltr'>quadrati</span> <span class='ocrx_word' id='word_1_215' title='bbox 788 3246 976 3310; x_wconf 86' lang='lat' dir='ltr'>templi</span> <span class='ocrx_word' id='word_1_216' title='bbox 1021 3247 1137 3297; x_wconf 76' lang='lat' dir='ltr'>sive</span> <span class='ocrx_word' id='word_1_217' title='bbox 1181 3250 1439 3302; x_wconf 76' lang='lat' dir='ltr'>vestibuli</span> <span class='ocrx_word' id='word_1_218' title='bbox 1483 3268 1569 3301; x_wconf 91' lang='lat' dir='ltr'>ru-</span> 
     </span>
     <span class='ocr_line' id='line_1_42' title="bbox 482 3316 1569 3382; baseline 0.003 -15"><span class='ocrx_word' id='word_1_219' title='bbox 482 3317 614 3367; x_wconf 86' lang='lat' dir='ltr'>dera</span> <span class='ocrx_word' id='word_1_220' title='bbox 644 3317 1072 3382; x_wconf 79' lang='lat' dir='ltr'>praegrandibus</span> <span class='ocrx_word' id='word_1_221' title='bbox 1118 3316 1391 3382; x_wconf 84' lang='lat' dir='ltr'>lapidibus</span> <span class='ocrx_word' id='word_1_222' title='bbox 1429 3326 1569 3371; x_wconf 87' lang='lat' dir='ltr'>stru-</span> 
     </span>
     <span class='ocr_line' id='line_1_43' title="bbox 482 3386 1570 3452; baseline 0.004 -15"><span class='ocrx_word' id='word_1_223' title='bbox 482 3388 579 3437; x_wconf 85' lang='lat' dir='ltr'>cti.</span> <span class='ocrx_word' id='word_1_224' title='bbox 648 3387 779 3451; x_wconf 85' lang='lat' dir='ltr'>Ipsa</span> <span class='ocrx_word' id='word_1_225' title='bbox 812 3386 1187 3451; x_wconf 81' lang='lat' dir='ltr'>magnitudine</span> <span class='ocrx_word' id='word_1_226' title='bbox 1213 3403 1313 3452; x_wconf 90' lang='lat' dir='ltr'>par</span> <span class='ocrx_word' id='word_1_227' title='bbox 1338 3403 1459 3440; x_wconf 88' lang='lat' dir='ltr'>esse</span> <span class='ocrx_word' id='word_1_228' title='bbox 1489 3393 1570 3441; x_wconf 82' lang='lat' dir='ltr'>vi-</span> 
     </span>
     <span class='ocr_line' id='line_1_44' title="bbox 484 3456 1570 3522; baseline 0.003 -15"><span class='ocrx_word' id='word_1_229' title='bbox 484 3457 642 3507; x_wconf 84' lang='lat' dir='ltr'>detur</span> <span class='ocrx_word' id='word_1_230' title='bbox 656 3456 821 3522; x_wconf 89' lang='lat' dir='ltr'>priori</span> <span class='ocrx_word' id='word_1_231' title='bbox 835 3456 1125 3521; x_wconf 83' lang='lat' dir='ltr'>pyramidi:</span> <span class='ocrx_word' id='word_1_232' title='bbox 1145 3458 1472 3509; x_wconf 87' lang='lat' dir='ltr'>Niebuhrius</span> <span class='ocrx_word' id='word_1_233' title='bbox 1493 3462 1570 3510; x_wconf 84' lang='lat' dir='ltr'>al-</span> 
     </span>
     <span class='ocr_line' id='line_1_45' title="bbox 483 3525 1570 3589; baseline 0.003 -13"><span class='ocrx_word' id='word_1_234' title='bbox 483 3531 596 3576; x_wconf 85' lang='lat' dir='ltr'>tam</span> <span class='ocrx_word' id='word_1_235' title='bbox 622 3525 829 3577; x_wconf 84' lang='lat' dir='ltr'>invenit</span> <span class='ocrx_word' id='word_1_236' title='bbox 852 3526 1017 3589; x_wconf 89' lang='lat' dir='ltr'>pedes</span> <span class='ocrx_word' id='word_1_237' title='bbox 1045 3525 1432 3588; x_wconf 83' lang='lat' dir='ltr'>CCCCXLIII,</span> <span class='ocrx_word' id='word_1_238' title='bbox 1459 3544 1570 3579; x_wconf 90' lang='lat' dir='ltr'>am-</span> 
     </span>
     <span class='ocr_line' id='line_1_46' title="bbox 483 3595 1569 3661; baseline 0.005 -17"><span class='ocrx_word' id='word_1_239' title='bbox 483 3595 626 3661; x_wconf 90' lang='lat' dir='ltr'>plam</span> <span class='ocrx_word' id='word_1_240' title='bbox 659 3595 715 3645; x_wconf 86' lang='lat' dir='ltr'>iu</span> <span class='ocrx_word' id='word_1_241' title='bbox 742 3595 912 3645; x_wconf 89' lang='lat' dir='ltr'>latere</span> <span class='ocrx_word' id='word_1_242' title='bbox 935 3595 1139 3646; x_wconf 88' lang='lat' dir='ltr'>boreali</span> <span class='ocrx_word' id='word_1_243' title='bbox 1165 3596 1330 3661; x_wconf 89' lang='lat' dir='ltr'>pedes</span> <span class='ocrx_word' id='word_1_244' title='bbox 1354 3597 1569 3650; x_wconf 86' lang='lat' dir='ltr'>DCCV.</span> 
     </span>
     <span class='ocr_line' id='line_1_47' title="bbox 481 3666 1571 3718; baseline 0.002 -3"><span class='ocrx_word' id='word_1_245' title='bbox 481 3666 734 3715; x_wconf 80' lang='lat' dir='ltr'>Summus</span> <span class='ocrx_word' id='word_1_246' title='bbox 781 3669 968 3715; x_wconf 81' lang='lat' dir='ltr'>vertex</span> <span class='ocrx_word' id='word_1_247' title='bbox 1009 3670 1203 3716; x_wconf 88' lang='lat' dir='ltr'>acutus</span> <span class='ocrx_word' id='word_1_248' title='bbox 1250 3671 1335 3716; x_wconf 81' lang='lat' dir='ltr'>est</span> <span class='ocrx_word' id='word_1_249' title='bbox 1384 3673 1439 3716; x_wconf 89' lang='lat' dir='ltr'>et</span> <span class='ocrx_word' id='word_1_250' title='bbox 1488 3669 1571 3718; x_wconf 92' lang='lat' dir='ltr'>in-</span> 
     </span>
     <span class='ocr_line' id='line_1_48' title="bbox 482 3735 1568 3801; baseline 0.003 -17"><span class='ocrx_word' id='word_1_251' title='bbox 482 3739 659 3801; x_wconf 77' lang='lat' dir='ltr'>teger,</span> <span class='ocrx_word' id='word_1_252' title='bbox 714 3739 769 3784; x_wconf 86' lang='lat' dir='ltr'>et</span> <span class='ocrx_word' id='word_1_253' title='bbox 823 3735 1067 3799; x_wconf 82' lang='lat' dir='ltr'>superior</span> <span class='ocrx_word' id='word_1_254' title='bbox 1107 3735 1404 3799; x_wconf 75' lang='lat' dir='ltr'>pyramidis</span> <span class='ocrx_word' id='word_1_255' title='bbox 1441 3753 1568 3801; x_wconf 89' lang='lat' dir='ltr'>pars</span> 
     </span>
     <span class='ocr_line' id='line_1_49' title="bbox 482 3803 1569 3868; baseline 0.003 -15"><span class='ocrx_word' id='word_1_256' title='bbox 482 3819 653 3868; x_wconf 88' lang='lat' dir='ltr'>usque</span> <span class='ocrx_word' id='word_1_257' title='bbox 691 3803 760 3853; x_wconf 90' lang='lat' dir='ltr'>ad</span> <span class='ocrx_word' id='word_1_258' title='bbox 797 3804 961 3868; x_wconf 87' lang='lat' dir='ltr'>pedes</span> <span class='ocrx_word' id='word_1_259' title='bbox 988 3805 1034 3853; x_wconf 91' lang='lat' dir='ltr'>L</span> <span class='ocrx_word' id='word_1_260' title='bbox 1058 3805 1199 3854; x_wconf 85' lang='lat' dir='ltr'>infra</span> <span class='ocrx_word' id='word_1_261' title='bbox 1236 3806 1444 3868; x_wconf 88' lang='lat' dir='ltr'>apicem</span> <span class='ocrx_word' id='word_1_262' title='bbox 1477 3807 1569 3856; x_wconf 84' lang='lat' dir='ltr'>ad-</span> 
     </span>
     <span class='ocr_line' id='line_1_50' title="bbox 479 3873 1568 3938; baseline 0.004 -17"><span class='ocrx_word' id='word_1_263' title='bbox 479 3873 586 3922; x_wconf 88' lang='lat' dir='ltr'>huc</span> <span class='ocrx_word' id='word_1_264' title='bbox 612 3878 864 3922; x_wconf 87' lang='lat' dir='ltr'>contecta</span> <span class='ocrx_word' id='word_1_265' title='bbox 890 3879 973 3922; x_wconf 87' lang='lat' dir='ltr'>est</span> <span class='ocrx_word' id='word_1_266' title='bbox 1008 3873 1279 3938; x_wconf 84' lang='lat' dir='ltr'>lapidibus</span> <span class='ocrx_word' id='word_1_267' title='bbox 1310 3882 1568 3925; x_wconf 86' lang='lat' dir='ltr'>accurate</span> 
     </span>
     <span class='ocr_line' id='line_1_51' title="bbox 480 3940 1571 4008; baseline 0.005 -19"><span class='ocrx_word' id='word_1_268' title='bbox 480 3940 787 4006; x_wconf 74' lang='lat' dir='ltr'>laevigatis,</span> <span class='ocrx_word' id='word_1_269' title='bbox 818 3943 909 4007; x_wconf 89' lang='lat' dir='ltr'>qui</span> <span class='ocrx_word' id='word_1_270' title='bbox 934 3942 1005 3991; x_wconf 89' lang='lat' dir='ltr'>ad</span> <span class='ocrx_word' id='word_1_271' title='bbox 1028 3943 1158 3992; x_wconf 85' lang='lat' dir='ltr'>solis</span> <span class='ocrx_word' id='word_1_272' title='bbox 1183 3943 1365 3993; x_wconf 85' lang='lat' dir='ltr'>radios</span> <span class='ocrx_word' id='word_1_273' title='bbox 1390 3945 1571 4008; x_wconf 89' lang='lat' dir='ltr'>splen-</span> 
     </span>
     <span class='ocr_line' id='line_1_52' title="bbox 481 4010 1569 4079; baseline 0.005 -20"><span class='ocrx_word' id='word_1_274' title='bbox 481 4010 607 4060; x_wconf 88' lang='lat' dir='ltr'>dere</span> <span class='ocrx_word' id='word_1_275' title='bbox 653 4010 934 4070; x_wconf 83' lang='lat' dir='ltr'>dicuntur;</span> <span class='ocrx_word' id='word_1_276' title='bbox 985 4011 1195 4077; x_wconf 87' lang='lat' dir='ltr'>reliqua</span> <span class='ocrx_word' id='word_1_277' title='bbox 1228 4027 1353 4076; x_wconf 84' lang='lat' dir='ltr'>pars</span> <span class='ocrx_word' id='word_1_278' title='bbox 1394 4029 1569 4079; x_wconf 88' lang='lat' dir='ltr'>aeque</span> 
     </span>
     <span class='ocr_line' id='line_1_53' title="bbox 480 4079 1568 4144; baseline 0.006 -17"><span class='ocrx_word' id='word_1_279' title='bbox 480 4094 544 4128; x_wconf 85' lang='lat' dir='ltr'>ac</span> <span class='ocrx_word' id='word_1_280' title='bbox 581 4079 774 4143; x_wconf 88' lang='lat' dir='ltr'>prioris</span> <span class='ocrx_word' id='word_1_281' title='bbox 828 4080 1124 4144; x_wconf 81' lang='lat' dir='ltr'>pyramidis</span> <span class='ocrx_word' id='word_1_282' title='bbox 1156 4079 1360 4144; x_wconf 86' lang='lat' dir='ltr'>latera,</span> <span class='ocrx_word' id='word_1_283' title='bbox 1419 4084 1568 4133; x_wconf 85' lang='lat' dir='ltr'>abla-</span> 
     </span>
     <span class='ocr_line' id='line_1_54' title="bbox 478 4147 1567 4216; baseline 0.006 -19"><span class='ocrx_word' id='word_1_284' title='bbox 478 4149 551 4197; x_wconf 87' lang='lat' dir='ltr'>tis</span> <span class='ocrx_word' id='word_1_285' title='bbox 582 4147 796 4197; x_wconf 78' lang='lat' dir='ltr'>extimis</span> <span class='ocrx_word' id='word_1_286' title='bbox 821 4150 986 4209; x_wconf 86' lang='lat' dir='ltr'>saxis,</span> <span class='ocrx_word' id='word_1_287' title='bbox 1025 4149 1225 4213; x_wconf 84' lang='lat' dir='ltr'>gradus</span> <span class='ocrx_word' id='word_1_288' title='bbox 1260 4150 1431 4214; x_wconf 81' lang='lat' dir='ltr'>offert,</span> <span class='ocrx_word' id='word_1_289' title='bbox 1470 4168 1567 4216; x_wconf 89' lang='lat' dir='ltr'>per</span> 
     </span>
     <span class='ocr_line' id='line_1_55' title="bbox 480 4217 1566 4283; baseline 0.006 -17"><span class='ocrx_word' id='word_1_290' title='bbox 480 4231 613 4283; x_wconf 86' lang='lat' dir='ltr'>quos</span> <span class='ocrx_word' id='word_1_291' title='bbox 643 4217 866 4267; x_wconf 80' lang='lat' dir='ltr'>ascendi</span> <span class='ocrx_word' id='word_1_292' title='bbox 891 4222 1090 4282; x_wconf 86' lang='lat' dir='ltr'>potest.</span> <span class='ocrx_word' id='word_1_293' title='bbox 1131 4218 1349 4269; x_wconf 87' lang='lat' dir='ltr'>Nullum</span> <span class='ocrx_word' id='word_1_294' title='bbox 1378 4221 1432 4270; x_wconf 89' lang='lat' dir='ltr'>in</span> <span class='ocrx_word' id='word_1_295' title='bbox 1461 4220 1566 4272; x_wconf 87' lang='lat' dir='ltr'>hac</span> 
     </span>
     <span class='ocr_line' id='line_1_56' title="bbox 475 4285 1561 4352; baseline 0.005 -17"><span class='ocrx_word' id='word_1_296' title='bbox 475 4285 755 4352; x_wconf 84' lang='lat' dir='ltr'>pyramide</span> <span class='ocrx_word' id='word_1_297' title='bbox 806 4291 1033 4351; x_wconf 75' lang='lat' dir='ltr'>apparet</span> <span class='ocrx_word' id='word_1_298' title='bbox 1096 4289 1222 4337; x_wconf 85' lang='lat' dir='ltr'>ostii</span> <span class='ocrx_word' id='word_1_299' title='bbox 1283 4289 1561 4352; x_wconf 86' lang='lat' dir='ltr'>indicium,</span> 
     </span>
     <span class='ocr_line' id='line_1_57' title="bbox 475 4357 1564 4421; baseline 0.004 -15"><span class='ocrx_word' id='word_1_300' title='bbox 475 4372 576 4407; x_wconf 87' lang='lat' dir='ltr'>nec</span> <span class='ocrx_word' id='word_1_301' title='bbox 615 4370 852 4421; x_wconf 88' lang='lat' dir='ltr'>unquam</span> <span class='ocrx_word' id='word_1_302' title='bbox 897 4357 1114 4407; x_wconf 89' lang='lat' dir='ltr'>omnino</span> <span class='ocrx_word' id='word_1_303' title='bbox 1161 4357 1343 4408; x_wconf 87' lang='lat' dir='ltr'>aditus</span> <span class='ocrx_word' id='word_1_304' title='bbox 1392 4359 1449 4408; x_wconf 91' lang='lat' dir='ltr'>in</span> <span class='ocrx_word' id='word_1_305' title='bbox 1495 4375 1564 4411; x_wconf 87' lang='lat' dir='ltr'>ea</span> 
     </span>
    </p>
   </div>
   <div class='ocr_carea' id='block_1_7' title="bbox 1668 892 2765 2347">
    <p class='ocr_par' dir='ltr' id='par_1_7' title="bbox 1668 892 2765 2195">
     <span class='ocr_line' id='line_1_58' title="bbox 1668 892 2764 959; baseline -0.002 -15"><span class='ocrx_word' id='word_1_306' title='bbox 1668 894 1839 944; x_wconf 88' lang='lat' dir='ltr'>fuisse</span> <span class='ocrx_word' id='word_1_307' title='bbox 1869 894 2083 944; x_wconf 85' lang='lat' dir='ltr'>videtur</span> <span class='ocrx_word' id='word_1_308' title='bbox 2112 909 2278 959; x_wconf 87' lang='lat' dir='ltr'>supra</span> <span class='ocrx_word' id='word_1_309' title='bbox 2310 894 2502 957; x_wconf 88' lang='lat' dir='ltr'>solum,</span> <span class='ocrx_word' id='word_1_310' title='bbox 2541 892 2639 943; x_wconf 88' lang='lat' dir='ltr'>sed</span> <span class='ocrx_word' id='word_1_311' title='bbox 2667 908 2764 957; x_wconf 86' lang='lat' dir='ltr'>per</span> 
     </span>
     <span class='ocr_line' id='line_1_59' title="bbox 1669 963 2762 1030; baseline -0.002 -17"><span class='ocrx_word' id='word_1_312' title='bbox 1669 964 1953 1030; x_wconf 84' lang='lat' dir='ltr'>sphingem</span> <span class='ocrx_word' id='word_1_313' title='bbox 2016 963 2166 1013; x_wconf 83' lang='lat' dir='ltr'>illam</span> <span class='ocrx_word' id='word_1_314' title='bbox 2231 965 2547 1027; x_wconf 84' lang='lat' dir='ltr'>immanem,</span> <span class='ocrx_word' id='word_1_315' title='bbox 2622 977 2762 1028; x_wconf 85' lang='lat' dir='ltr'>quae</span> 
     </span>
     <span class='ocr_line' id='line_1_60' title="bbox 1669 1033 2762 1099; baseline -0.002 -16"><span class='ocrx_word' id='word_1_316' title='bbox 1669 1034 2005 1099; x_wconf 86' lang='lat' dir='ltr'>conspicitur</span> <span class='ocrx_word' id='word_1_317' title='bbox 2058 1039 2186 1083; x_wconf 86' lang='lat' dir='ltr'>ante</span> <span class='ocrx_word' id='word_1_318' title='bbox 2246 1033 2478 1083; x_wconf 87' lang='lat' dir='ltr'>mediam</span> <span class='ocrx_word' id='word_1_319' title='bbox 2523 1033 2762 1097; x_wconf 82' lang='lat' dir='ltr'>pyrami-</span> 
     </span>
     <span class='ocr_line' id='line_1_61' title="bbox 1671 1102 2761 1167; baseline -0.001 -15"><span class='ocrx_word' id='word_1_320' title='bbox 1671 1103 1867 1153; x_wconf 87' lang='lat' dir='ltr'>demin</span> <span class='ocrx_word' id='word_1_321' title='bbox 1891 1102 2062 1153; x_wconf 83' lang='lat' dir='ltr'>latere</span> <span class='ocrx_word' id='word_1_322' title='bbox 2088 1102 2341 1153; x_wconf 87' lang='lat' dir='ltr'>orientali</span> <span class='ocrx_word' id='word_1_323' title='bbox 2365 1103 2619 1167; x_wconf 83' lang='lat' dir='ltr'>passibus</span> <span class='ocrx_word' id='word_1_324' title='bbox 2644 1102 2761 1152; x_wconf 84' lang='lat' dir='ltr'>fere</span> 
     </span>
     <span class='ocr_line' id='line_1_62' title="bbox 1668 1173 2764 1233; baseline -0.002 -11"><span class='ocrx_word' id='word_1_325' title='bbox 1668 1174 1928 1223; x_wconf 83' lang='lat' dir='ltr'>trecentis</span> <span class='ocrx_word' id='word_1_326' title='bbox 1973 1174 2044 1222; x_wconf 93' lang='lat' dir='ltr'>ab</span> <span class='ocrx_word' id='word_1_327' title='bbox 2091 1188 2155 1223; x_wconf 89' lang='lat' dir='ltr'>ea</span> <span class='ocrx_word' id='word_1_328' title='bbox 2200 1178 2436 1233; x_wconf 79' lang='lat' dir='ltr'>remota3</span> <span class='ocrx_word' id='word_1_329' title='bbox 2489 1173 2764 1222; x_wconf 83' lang='lat' dir='ltr'>subterra-</span> 
     </span>
     <span class='ocr_line' id='line_1_63' title="bbox 1668 1243 2764 1293; baseline -0.001 -2"><span class='ocrx_word' id='word_1_330' title='bbox 1668 1258 1773 1292; x_wconf 88' lang='lat' dir='ltr'>neo</span> <span class='ocrx_word' id='word_1_331' title='bbox 1798 1248 1980 1293; x_wconf 84' lang='lat' dir='ltr'>meatu</span> <span class='ocrx_word' id='word_1_332' title='bbox 2002 1243 2073 1292; x_wconf 88' lang='lat' dir='ltr'>ad</span> <span class='ocrx_word' id='word_1_333' title='bbox 2108 1243 2328 1293; x_wconf 85' lang='lat' dir='ltr'>intimos</span> <span class='ocrx_word' id='word_1_334' title='bbox 2360 1257 2609 1292; x_wconf 82' lang='lat' dir='ltr'>recessus</span> <span class='ocrx_word' id='word_1_335' title='bbox 2634 1256 2764 1291; x_wconf 85' lang='lat' dir='ltr'>ven—</span> 
     </span>
     <span class='ocr_line' id='line_1_64' title="bbox 1670 1312 2763 1362; baseline -0.003 0"><span class='ocrx_word' id='word_1_336' title='bbox 1670 1318 1788 1362; x_wconf 87' lang='lat' dir='ltr'>tum</span> <span class='ocrx_word' id='word_1_337' title='bbox 1834 1327 1953 1362; x_wconf 83' lang='lat' dir='ltr'>esse</span> <span class='ocrx_word' id='word_1_338' title='bbox 2000 1312 2292 1362; x_wconf 86' lang='lat' dir='ltr'>verisimile</span> <span class='ocrx_word' id='word_1_339' title='bbox 2340 1319 2442 1362; x_wconf 89' lang='lat' dir='ltr'>est.</span> <span class='ocrx_word' id='word_1_340' title='bbox 2517 1312 2671 1362; x_wconf 84' lang='lat' dir='ltr'>Haec</span> <span class='ocrx_word' id='word_1_341' title='bbox 2707 1315 2763 1359; x_wconf 89' lang='lat' dir='ltr'>et</span> 
     </span>
     <span class='ocr_line' id='line_1_65' title="bbox 1670 1380 2763 1447; baseline -0.002 -16"><span class='ocrx_word' id='word_1_342' title='bbox 1670 1382 1779 1431; x_wconf 90' lang='lat' dir='ltr'>alia</span> <span class='ocrx_word' id='word_1_343' title='bbox 1823 1383 2032 1447; x_wconf 81' lang='lat' dir='ltr'>Zoega,</span> <span class='ocrx_word' id='word_1_344' title='bbox 2083 1397 2313 1447; x_wconf 88' lang='lat' dir='ltr'>quocum</span> <span class='ocrx_word' id='word_1_345' title='bbox 2362 1383 2527 1431; x_wconf 86' lang='lat' dir='ltr'>etiam</span> <span class='ocrx_word' id='word_1_346' title='bbox 2577 1380 2763 1430; x_wconf 84' lang='lat' dir='ltr'>confe-</span> 
     </span>
     <span class='ocr_line' id='line_1_66' title="bbox 1670 1450 2761 1516; baseline -0.003 -15"><span class='ocrx_word' id='word_1_347' title='bbox 1670 1457 1822 1501; x_wconf 86' lang='lat' dir='ltr'>ratur</span> <span class='ocrx_word' id='word_1_348' title='bbox 1856 1451 2025 1501; x_wconf 87' lang='lat' dir='ltr'>Beck.</span> <span class='ocrx_word' id='word_1_349' title='bbox 2065 1451 2101 1501; x_wconf 90' lang='grc'><strong>1.</strong></span> <span class='ocrx_word' id='word_1_350' title='bbox 2143 1451 2179 1501; x_wconf 95' lang='lat' dir='ltr'>l.</span> <span class='ocrx_word' id='word_1_351' title='bbox 2214 1467 2341 1516; x_wconf 79' lang='lat' dir='ltr'>pag.</span> <span class='ocrx_word' id='word_1_352' title='bbox 2385 1450 2504 1500; x_wconf 85' lang='lat'>713.</span> <span class='ocrx_word' id='word_1_353' title='bbox 2553 1450 2761 1500; x_wconf 81' lang='lat' dir='ltr'>additis</span> 
     </span>
     <span class='ocr_line' id='line_1_67' title="bbox 1669 1520 2762 1586; baseline -0.001 -17"><span class='ocrx_word' id='word_1_354' title='bbox 1669 1521 1767 1583; x_wconf 88' lang='lat' dir='ltr'>iis,</span> <span class='ocrx_word' id='word_1_355' title='bbox 1815 1536 1956 1586; x_wconf 88' lang='lat' dir='ltr'>quae</span> <span class='ocrx_word' id='word_1_356' title='bbox 1990 1525 2180 1570; x_wconf 85' lang='lat' dir='ltr'>nostra</span> <span class='ocrx_word' id='word_1_357' title='bbox 2217 1520 2625 1571; x_wconf 79' lang='lat' dir='ltr'>memoria-viri</span> <span class='ocrx_word' id='word_1_358' title='bbox 2668 1520 2762 1569; x_wconf 89' lang='lat' dir='ltr'>do-</span> 
     </span>
     <span class='ocr_line' id='line_1_68' title="bbox 1670 1588 2765 1656; baseline -0.002 -16"><span class='ocrx_word' id='word_1_359' title='bbox 1670 1592 1772 1652; x_wconf 85' lang='lat' dir='ltr'>cti,</span> <span class='ocrx_word' id='word_1_360' title='bbox 1821 1606 1957 1656; x_wconf 88' lang='lat' dir='ltr'>quos</span> <span class='ocrx_word' id='word_1_361' title='bbox 1991 1591 2102 1640; x_wconf 82' lang='lat' dir='ltr'>iam</span> <span class='ocrx_word' id='word_1_362' title='bbox 2136 1590 2206 1640; x_wconf 93' lang='lat' dir='ltr'>ad</span> <span class='ocrx_word' id='word_1_363' title='bbox 2245 1592 2329 1650; x_wconf 89' lang='lat'>11,</span> <span class='ocrx_word' id='word_1_364' title='bbox 2383 1591 2483 1640; x_wconf 80' lang='lat'>124</span> <span class='ocrx_word' id='word_1_365' title='bbox 2516 1588 2765 1639; x_wconf 82' lang='lat' dir='ltr'>laudavi-</span> 
     </span>
     <span class='ocr_line' id='line_1_69' title="bbox 1669 1659 2760 1725; baseline -0.002 -16"><span class='ocrx_word' id='word_1_366' title='bbox 1669 1674 1806 1722; x_wconf 86' lang='lat' dir='ltr'>mus,</span> <span class='ocrx_word' id='word_1_367' title='bbox 1846 1660 1912 1710; x_wconf 92' lang='lat' dir='ltr'>de</span> <span class='ocrx_word' id='word_1_368' title='bbox 1941 1659 2045 1709; x_wconf 88' lang='lat' dir='ltr'>hac</span> <span class='ocrx_word' id='word_1_369' title='bbox 2066 1660 2352 1725; x_wconf 64' lang='lat' dir='ltr'>‘pyramide</span> <span class='ocrx_word' id='word_1_370' title='bbox 2375 1664 2760 1724; x_wconf 86' lang='lat' dir='ltr'>exposuerunt,</span> 
     </span>
     <span class='ocr_line' id='line_1_70' title="bbox 1669 1727 2762 1794; baseline -0.001 -16"><span class='ocrx_word' id='word_1_371' title='bbox 1669 1744 1850 1792; x_wconf 87' lang='lat' dir='ltr'>quam,</span> <span class='ocrx_word' id='word_1_372' title='bbox 1888 1729 1967 1780; x_wconf 89' lang='lat' dir='ltr'>uti</span> <span class='ocrx_word' id='word_1_373' title='bbox 1995 1729 2129 1792; x_wconf 88' lang='lat' dir='ltr'>dixi,</span> <span class='ocrx_word' id='word_1_374' title='bbox 2167 1730 2372 1793; x_wconf 88' lang='lat' dir='ltr'>primus</span> <span class='ocrx_word' id='word_1_375' title='bbox 2402 1728 2617 1794; x_wconf 88' lang='lat' dir='ltr'>aperuit</span> <span class='ocrx_word' id='word_1_376' title='bbox 2641 1727 2762 1778; x_wconf 90' lang='lat' dir='ltr'>Bel-</span> 
     </span>
     <span class='ocr_line' id='line_1_71' title="bbox 1669 1797 2760 1862; baseline -0.001 -15"><span class='ocrx_word' id='word_1_377' title='bbox 1669 1799 1793 1847; x_wconf 82' lang='lat' dir='ltr'>zoni</span> <span class='ocrx_word' id='word_1_378' title='bbox 1824 1797 2071 1862; x_wconf 80' lang='lat' dir='ltr'>(Voyage</span> <span class='ocrx_word' id='word_1_379' title='bbox 2110 1803 2217 1848; x_wconf 86' lang='lat' dir='ltr'>etc.</span> <span class='ocrx_word' id='word_1_380' title='bbox 2257 1798 2305 1848; x_wconf 89' lang='lat'>1.</span> <span class='ocrx_word' id='word_1_381' title='bbox 2333 1814 2387 1862; x_wconf 91' lang='lat' dir='ltr'>p.</span> <span class='ocrx_word' id='word_1_382' title='bbox 2420 1797 2524 1848; x_wconf 73' lang='lat'>409</span> <span class='ocrx_word' id='word_1_383' title='bbox 2560 1799 2760 1862; x_wconf 87' lang='lat' dir='ltr'>seqq.),</span> 
     </span>
     <span class='ocr_line' id='line_1_72' title="bbox 1672 1867 2761 1932; baseline 0 -16"><span class='ocrx_word' id='word_1_384' title='bbox 1672 1867 1868 1917; x_wconf 89' lang='lat' dir='ltr'>deinde</span> <span class='ocrx_word' id='word_1_385' title='bbox 1903 1867 2230 1932; x_wconf 79' lang='lat' dir='ltr'>perquisivit</span> <span class='ocrx_word' id='word_1_386' title='bbox 2252 1867 2558 1917; x_wconf 80' lang='lat' dir='ltr'>Howardus</span> <span class='ocrx_word' id='word_1_387' title='bbox 2595 1867 2761 1931; x_wconf 84' lang='lat' dir='ltr'>Vyse,</span> 
     </span>
     <span class='ocr_line' id='line_1_73' title="bbox 1670 1936 2763 2003; baseline 0 -18"><span class='ocrx_word' id='word_1_388' title='bbox 1670 1937 1765 2003; x_wconf 90' lang='lat' dir='ltr'>qui</span> <span class='ocrx_word' id='word_1_389' title='bbox 1795 1938 2081 1987; x_wconf 86' lang='lat' dir='ltr'>introitum</span> <span class='ocrx_word' id='word_1_390' title='bbox 2111 1936 2406 2001; x_wconf 85' lang='lat' dir='ltr'>pyramidis</span> <span class='ocrx_word' id='word_1_391' title='bbox 2442 1936 2603 1985; x_wconf 87' lang='lat' dir='ltr'>huius</span> <span class='ocrx_word' id='word_1_392' title='bbox 2630 1936 2763 1985; x_wconf 85' lang='lat' dir='ltr'>ima-</span> 
     </span>
     <span class='ocr_line' id='line_1_74' title="bbox 1672 2006 2762 2071; baseline 0.001 -17"><span class='ocrx_word' id='word_1_393' title='bbox 1672 2006 1799 2069; x_wconf 84' lang='lat' dir='ltr'>gine</span> <span class='ocrx_word' id='word_1_394' title='bbox 1836 2021 2150 2071; x_wconf 87' lang='lat' dir='ltr'>expressum</span> <span class='ocrx_word' id='word_1_395' title='bbox 2185 2007 2469 2071; x_wconf 87' lang='lat' dir='ltr'>proposuit</span> <span class='ocrx_word' id='word_1_396' title='bbox 2503 2006 2547 2055; x_wconf 91' lang='lat'>1.</span> <span class='ocrx_word' id='word_1_397' title='bbox 2574 2022 2629 2070; x_wconf 92' lang='lat' dir='ltr'>p.</span> <span class='ocrx_word' id='word_1_398' title='bbox 2662 2006 2762 2056; x_wconf 80' lang='lat'>168</span> 
     </span>
     <span class='ocr_line' id='line_1_75' title="bbox 1670 2074 2763 2195; baseline -0.001 -71"><span class='ocrx_word' id='word_1_399' title='bbox 1670 2090 1822 2195; x_wconf 55' lang='lat' dir='ltr'>{³1qu.</span> <span class='ocrx_word' id='word_1_400' title='bbox 1896 2074 2513 2195; x_wconf 48' lang='lat' dir='ltr'><strong>Vfflffmmlffgchette</strong></span> <span class='ocrx_word' id='word_1_401' title='bbox 2530 2074 2763 2194; x_wconf 38' lang='lat' dir='ltr'>&amp;final</span> 
     </span>
    </p>

    <p class='ocr_par' dir='ltr' id='par_1_8' title="bbox 1670 2160 2765 2347">
     <span class='ocr_line' id='line_1_76' title="bbox 1710 2160 2764 2196; baseline -0.003 -1"><span class='ocrx_word' id='word_1_402' title='bbox 1710 2181 1724 2195; x_wconf 89' lang='lat'>.</span> <span class='ocrx_word' id='word_1_403' title='bbox 1808 2161 1897 2195; x_wconf 75' lang='lat' dir='ltr'>av,</span> <span class='ocrx_word' id='word_1_404' title='bbox 2082 2182 2094 2195; x_wconf 91' lang='lat'>.</span> <span class='ocrx_word' id='word_1_405' title='bbox 2176 2183 2188 2196; x_wconf 91' lang='lat'>.</span> <span class='ocrx_word' id='word_1_406' title='bbox 2355 2160 2415 2194; x_wconf 87' lang='lat' dir='ltr'>se</span> <span class='ocrx_word' id='word_1_407' title='bbox 2602 2161 2619 2192; x_wconf 84' lang='lat'>1</span> <span class='ocrx_word' id='word_1_408' title='bbox 2685 2160 2764 2193; x_wconf 77' lang='lat' dir='ltr'>in-</span> 
     </span>
     <span class='ocr_line' id='line_1_77' title="bbox 1670 2161 2761 2279; baseline 0.002 -17"><span class='ocrx_word' id='word_1_409' title='bbox 1670 2229 1789 2265; x_wconf 87' lang='lat' dir='ltr'>son.</span> <span class='ocrx_word' id='word_1_410' title='bbox 1830 2215 2043 2264; x_wconf 87' lang='lat' dir='ltr'>Thebes</span> <span class='ocrx_word' id='word_1_411' title='bbox 2082 2162 2190 2266; x_wconf 48' lang='lat' dir='ltr'>etz.</span> <span class='ocrx_word' id='word_1_412' title='bbox 2240 2230 2293 2279; x_wconf 88' lang='lat' dir='ltr'>p.</span> <span class='ocrx_word' id='word_1_413' title='bbox 2334 2161 2492 2276; x_wconf 32' lang='grc'>3233</span> <span class='ocrx_word' id='word_1_414' title='bbox 2520 2216 2761 2264; x_wconf 88' lang='lat' dir='ltr'>Bunsen.</span> 
     </span>
     <span class='ocr_line' id='line_1_78' title="bbox 1670 2282 2765 2347; baseline 0.002 -16"><span class='ocrx_word' id='word_1_415' title='bbox 1670 2283 1707 2333; x_wconf 92' lang='lat' dir='ltr'>l.</span> <span class='ocrx_word' id='word_1_416' title='bbox 1748 2282 1784 2333; x_wconf 92' lang='grc'><strong>1.</strong></span> <span class='ocrx_word' id='word_1_417' title='bbox 1825 2284 1902 2333; x_wconf 93' lang='lat'>11.</span> <span class='ocrx_word' id='word_1_418' title='bbox 1944 2299 2000 2347; x_wconf 87' lang='lat' dir='ltr'>p.</span> <span class='ocrx_word' id='word_1_419' title='bbox 2040 2284 2155 2347; x_wconf 77' lang='lat'>135,</span> <span class='ocrx_word' id='word_1_420' title='bbox 2195 2284 2498 2333; x_wconf 87' lang='lat' dir='ltr'>Prokesch:</span> <span class='ocrx_word' id='word_1_421' title='bbox 2536 2284 2765 2333; x_wconf 87' lang='lat' dir='ltr'>Erinne-</span> 
     </span>
    </p>
   </div>
   <div class='ocr_carea' id='block_1_8' title="bbox 1624 2353 2765 2417">
    <p class='ocr_par' dir='ltr' id='par_1_9' title="bbox 1624 2353 2765 2417">
     <span class='ocr_line' id='line_1_79' title="bbox 1624 2353 2765 2417; baseline 0.001 -16"><span class='ocrx_word' id='word_1_422' title='bbox 1624 2381 1632 2390; x_wconf 87' lang='lat'><strong>·</strong></span> <span class='ocrx_word' id='word_1_423' title='bbox 1669 2367 1864 2417; x_wconf 83' lang='lat' dir='ltr'>rungg.</span> <span class='ocrx_word' id='word_1_424' title='bbox 1892 2355 1940 2403; x_wconf 92' lang='lat'>1.</span> <span class='ocrx_word' id='word_1_425' title='bbox 1960 2369 2013 2416; x_wconf 91' lang='lat' dir='ltr'>p.</span> <span class='ocrx_word' id='word_1_426' title='bbox 2038 2353 2108 2402; x_wconf 87' lang='grc'>80</span> <span class='ocrx_word' id='word_1_427' title='bbox 2132 2367 2306 2416; x_wconf 67' lang='lat' dir='ltr'>seqq„</span> <span class='ocrx_word' id='word_1_428' title='bbox 2344 2353 2609 2417; x_wconf 82' lang='lat' dir='ltr'>Parthey:</span> <span class='ocrx_word' id='word_1_429' title='bbox 2648 2353 2765 2403; x_wconf 80' lang='lat' dir='ltr'>Nil-</span> 
     </span>
    </p>
   </div>
   <div class='ocr_carea' id='block_1_9' title="bbox 1668 2421 2763 2696">
    <p class='ocr_par' dir='ltr' id='par_1_10' title="bbox 1668 2421 2763 2696">
     <span class='ocr_line' id='line_1_80' title="bbox 1669 2421 2760 2487; baseline 0.003 -17"><span class='ocrx_word' id='word_1_430' title='bbox 1669 2421 1782 2471; x_wconf 83' lang='lat' dir='ltr'>thal</span> <span class='ocrx_word' id='word_1_431' title='bbox 1808 2437 1859 2486; x_wconf 93' lang='lat' dir='ltr'>p.</span> <span class='ocrx_word' id='word_1_432' title='bbox 1894 2422 1992 2473; x_wconf 86' lang='lat'>113</span> <span class='ocrx_word' id='word_1_433' title='bbox 2018 2437 2172 2487; x_wconf 88' lang='lat' dir='ltr'>seqq.</span> <span class='ocrx_word' id='word_1_434' title='bbox 2213 2423 2299 2472; x_wconf 88' lang='lat' dir='ltr'>De</span> <span class='ocrx_word' id='word_1_435' title='bbox 2322 2423 2587 2472; x_wconf 87' lang='lat' dir='ltr'>mensuris</span> <span class='ocrx_word' id='word_1_436' title='bbox 2611 2423 2760 2473; x_wconf 78' lang='lat' dir='ltr'>conf.</span> 
     </span>
     <span class='ocr_line' id='line_1_81' title="bbox 1670 2491 2761 2557; baseline 0.001 -17"><span class='ocrx_word' id='word_1_437' title='bbox 1670 2491 1816 2555; x_wconf 87' lang='lat' dir='ltr'>Vyse</span> <span class='ocrx_word' id='word_1_438' title='bbox 1831 2491 2159 2556; x_wconf 88' lang='lat' dir='ltr'>Operations</span> <span class='ocrx_word' id='word_1_439' title='bbox 2178 2495 2287 2542; x_wconf 83' lang='lat' dir='ltr'>etc.</span> <span class='ocrx_word' id='word_1_440' title='bbox 2302 2493 2447 2557; x_wconf 86' lang='lat' dir='ltr'>11.p.</span> <span class='ocrx_word' id='word_1_441' title='bbox 2472 2493 2569 2542; x_wconf 79' lang='lat'>114</span> <span class='ocrx_word' id='word_1_442' title='bbox 2586 2506 2761 2556; x_wconf 87' lang='lat' dir='ltr'>seqq.‚</span> 
     </span>
     <span class='ocr_line' id='line_1_82' title="bbox 1668 2560 2763 2626; baseline -0.001 -16"><span class='ocrx_word' id='word_1_443' title='bbox 1668 2562 1944 2610; x_wconf 87' lang='lat' dir='ltr'>Letronne</span> <span class='ocrx_word' id='word_1_444' title='bbox 1979 2560 2319 2611; x_wconf 85' lang='lat' dir='ltr'>Recherches</span> <span class='ocrx_word' id='word_1_445' title='bbox 2366 2577 2459 2611; x_wconf 88' lang='lat' dir='ltr'>sur</span> <span class='ocrx_word' id='word_1_446' title='bbox 2496 2562 2575 2610; x_wconf 89' lang='lat' dir='ltr'>les</span> <span class='ocrx_word' id='word_1_447' title='bbox 2616 2561 2763 2626; x_wconf 85' lang='lat' dir='ltr'>frag-</span> 
     </span>
     <span class='ocr_line' id='line_1_83' title="bbox 1668 2628 2492 2696; baseline 0.004 -18"><span class='ocrx_word' id='word_1_448' title='bbox 1668 2645 1819 2680; x_wconf 85' lang='lat' dir='ltr'>mens</span> <span class='ocrx_word' id='word_1_449' title='bbox 1852 2628 2115 2682; x_wconf 64' lang='lat' dir='ltr'>d&#39;Heron.</span> <span class='ocrx_word' id='word_1_450' title='bbox 2154 2647 2204 2696; x_wconf 88' lang='lat' dir='ltr'>p.</span> <span class='ocrx_word' id='word_1_451' title='bbox 2239 2630 2339 2680; x_wconf 82' lang='lat'>184</span> <span class='ocrx_word' id='word_1_452' title='bbox 2374 2646 2492 2696; x_wconf 86' lang='lat' dir='ltr'>seq.</span> 
     </span>
    </p>
   </div>
   <div class='ocr_carea' id='block_1_10' title="bbox 1973 2800 2454 2853">
    <p class='ocr_par' dir='ltr' id='par_1_11' title="bbox 1973 2800 2454 2853">
     <span class='ocr_line' id='line_1_84' title="bbox 1973 2800 2454 2853; baseline 0.004 -3"><span class='ocrx_word' id='word_1_453' title='bbox 1973 2800 2105 2853; x_wconf 62' lang='lat' dir='ltr'>Cas.</span> <span class='ocrx_word' id='word_1_454' title='bbox 2146 2800 2454 2852; x_wconf 80' lang='lat' dir='ltr'>cxxvnl.</span> 
     </span>
    </p>
   </div>
   <div class='ocr_carea' id='block_1_11' title="bbox 1667 2895 2763 3955">
    <p class='ocr_par' dir='ltr' id='par_1_12' title="bbox 1667 2895 2763 3940">
     <span class='ocr_line' id='line_1_85' title="bbox 1746 2895 2761 2968; baseline 0 -16"><span class='ocrx_word' id='word_1_455' title='bbox 1746 2900 1940 2953; x_wconf 85' lang='grc' dir='ltr'><strong><em>Ταῦτα</em></strong></span> <span class='ocrx_word' id='word_1_456' title='bbox 1964 2899 2022 2964; x_wconf 72' lang='grc' dir='ltr'>ἓξ</span> <span class='ocrx_word' id='word_1_457' title='bbox 2056 2918 2113 2953; x_wconf 78' lang='grc' dir='ltr'><strong><em>τε</em></strong></span> <span class='ocrx_word' id='word_1_458' title='bbox 2149 2900 2245 2953; x_wconf 75' lang='grc' dir='ltr'>καὶ</span> <span class='ocrx_word' id='word_1_459' title='bbox 2271 2895 2476 2955; x_wconf 69' lang='grc' dir='ltr'><strong><em>ἑκατὸν</em></strong></span> <span class='ocrx_word' id='word_1_460' title='bbox 2509 2901 2761 2968; x_wconf 75' lang='grc' dir='ltr'><strong><em>λογίζον-</em></strong></span> 
     </span>
     <span class='ocr_line' id='line_1_86' title="bbox 1667 2967 2759 3040; baseline 0.001 -19"><span class='ocrx_word' id='word_1_461' title='bbox 1667 2988 1760 3021; x_wconf 85' lang='grc' dir='ltr'>ται</span> <span class='ocrx_word' id='word_1_462' title='bbox 1809 2967 1934 3021; x_wconf 75' lang='grc' dir='ltr'><strong><em>ἔτεα</em></strong></span> <span class='ocrx_word' id='word_1_463' title='bbox 1987 2987 2037 3021; x_wconf 71' lang='grc' dir='ltr'>ιι.</span> <span class='ocrx_word' id='word_1_464' title='bbox 2090 2989 2137 3021; x_wconf 91' lang='grc' dir='ltr'><strong><em>τ.</em></strong></span> <span class='ocrx_word' id='word_1_465' title='bbox 2185 2972 2255 3040; x_wconf 82' lang='grc' dir='ltr'>λ.]</span> <span class='ocrx_word' id='word_1_466' title='bbox 2326 2976 2465 3025; x_wconf 81' lang='lat' dir='ltr'>Sunt</span> <span class='ocrx_word' id='word_1_467' title='bbox 2507 2974 2759 3023; x_wconf 88' lang='lat' dir='ltr'>nimirum</span> 
     </span>
     <span class='ocr_line' id='line_1_87' title="bbox 1668 3043 2759 3109; baseline 0 -17"><span class='ocrx_word' id='word_1_468' title='bbox 1668 3043 2066 3108; x_wconf 79' lang='lat' dir='ltr'>quinquaginta</span> <span class='ocrx_word' id='word_1_469' title='bbox 2088 3044 2233 3105; x_wconf 89' lang='lat' dir='ltr'>anni,</span> <span class='ocrx_word' id='word_1_470' title='bbox 2257 3058 2352 3107; x_wconf 89' lang='lat' dir='ltr'>per</span> <span class='ocrx_word' id='word_1_471' title='bbox 2376 3059 2511 3109; x_wconf 89' lang='lat' dir='ltr'>quos</span> <span class='ocrx_word' id='word_1_472' title='bbox 2527 3043 2759 3107; x_wconf 83' lang='lat' dir='ltr'>Cheops‚</span> 
     </span>
     <span class='ocr_line' id='line_1_88' title="bbox 1670 3112 2762 3177; baseline -0.001 -16"><span class='ocrx_word' id='word_1_473' title='bbox 1670 3117 1726 3161; x_wconf 91' lang='lat' dir='ltr'>et</span> <span class='ocrx_word' id='word_1_474' title='bbox 1764 3112 2159 3177; x_wconf 83' lang='lat' dir='ltr'>quinquaginta</span> <span class='ocrx_word' id='word_1_475' title='bbox 2182 3127 2296 3174; x_wconf 87' lang='lat' dir='ltr'>sex,</span> <span class='ocrx_word' id='word_1_476' title='bbox 2337 3127 2435 3176; x_wconf 81' lang='lat' dir='ltr'>per</span> <span class='ocrx_word' id='word_1_477' title='bbox 2473 3127 2607 3177; x_wconf 88' lang='lat' dir='ltr'>quos</span> <span class='ocrx_word' id='word_1_478' title='bbox 2628 3113 2762 3161; x_wconf 84' lang='lat' dir='ltr'>Che-</span> 
     </span>
     <span class='ocr_line' id='line_1_89' title="bbox 1671 3182 2762 3247; baseline 0 -17"><span class='ocrx_word' id='word_1_479' title='bbox 1671 3182 1840 3245; x_wconf 87' lang='lat' dir='ltr'>phren</span> <span class='ocrx_word' id='word_1_480' title='bbox 1865 3196 2091 3247; x_wconf 77' lang='lat' dir='ltr'>regnum</span> <span class='ocrx_word' id='word_1_481' title='bbox 2127 3183 2304 3231; x_wconf 86' lang='lat' dir='ltr'>tenuit</span> <span class='ocrx_word' id='word_1_482' title='bbox 2331 3183 2428 3244; x_wconf 87' lang='grc' dir='ltr'>(ΙΙ,</span> <span class='ocrx_word' id='word_1_483' title='bbox 2459 3182 2597 3247; x_wconf 81' lang='grc'><strong>127).</strong></span> <span class='ocrx_word' id='word_1_484' title='bbox 2641 3183 2762 3230; x_wconf 86' lang='lat' dir='ltr'>l-Ioc</span> 
     </span>
     <span class='ocr_line' id='line_1_90' title="bbox 1671 3251 2763 3315; baseline -0.001 -15"><span class='ocrx_word' id='word_1_485' title='bbox 1671 3265 1803 3300; x_wconf 86' lang='lat' dir='ltr'>sane</span> <span class='ocrx_word' id='word_1_486' title='bbox 1846 3255 2060 3315; x_wconf 84' lang='lat' dir='ltr'>tempus</span> <span class='ocrx_word' id='word_1_487' title='bbox 2108 3252 2395 3315; x_wconf 82' lang='lat' dir='ltr'>Aegyptiis</span> <span class='ocrx_word' id='word_1_488' title='bbox 2446 3251 2763 3300; x_wconf 77' lang='lat' dir='ltr'>molestissi-</span> 
     </span>
     <span class='ocr_line' id='line_1_91' title="bbox 1671 3320 2759 3384; baseline 0 -15"><span class='ocrx_word' id='word_1_489' title='bbox 1671 3335 1844 3382; x_wconf 88' lang='lat' dir='ltr'>mum,</span> <span class='ocrx_word' id='word_1_490' title='bbox 1907 3335 2003 3384; x_wconf 91' lang='lat' dir='ltr'>per</span> <span class='ocrx_word' id='word_1_491' title='bbox 2052 3320 2195 3384; x_wconf 88' lang='lat' dir='ltr'>quod</span> <span class='ocrx_word' id='word_1_492' title='bbox 2244 3321 2549 3370; x_wconf 87' lang='lat' dir='ltr'>Phoenices</span> <span class='ocrx_word' id='word_1_493' title='bbox 2602 3335 2759 3384; x_wconf 74' lang='lat' dir='ltr'>reges</span> 
     </span>
     <span class='ocr_line' id='line_1_92' title="bbox 1669 3389 2761 3509; baseline -0.001 -71"><span class='ocrx_word' id='word_1_494' title='bbox 1669 3389 2303 3509; x_wconf 42' lang='lat' dir='ltr'>itlnperiuanterffierigg,</span> <span class='ocrx_word' id='word_1_495' title='bbox 2354 3390 2531 3508; x_wconf 57' lang='grc' dir='ltr'>ίιιίἓεο</span> <span class='ocrx_word' id='word_1_496' title='bbox 2575 3389 2761 3508; x_wconf 49' lang='lat' dir='ltr'>l:wiclefi-i</span> 
     </span>
     <span class='ocr_line' id='line_1_93' title="bbox 1671 3473 2758 3509; baseline 0.002 -2"><span class='ocrx_word' id='word_1_497' title='bbox 1671 3474 1900 3508; x_wconf 81' lang='lat' dir='ltr'>oserva</span> <span class='ocrx_word' id='word_1_498' title='bbox 2007 3475 2160 3508; x_wconf 83' lang='lat' dir='ltr'>oe:</span> <span class='ocrx_word' id='word_1_499' title='bbox 2292 3473 2758 3509; x_wconf 84' lang='lat' dir='ltr'>sc..aen.</span> 
     </span>
     <span class='ocr_line' id='line_1_94' title="bbox 1671 3527 2759 3592; baseline -0.002 -14"><span class='ocrx_word' id='word_1_500' title='bbox 1671 3527 1987 3592; x_wconf 87' lang='lat' dir='ltr'>Philosoph.</span> <span class='ocrx_word' id='word_1_501' title='bbox 2025 3528 2072 3578; x_wconf 87' lang='lat'>1.</span> <span class='ocrx_word' id='word_1_502' title='bbox 2112 3545 2163 3592; x_wconf 92' lang='lat' dir='ltr'>p.</span> <span class='ocrx_word' id='word_1_503' title='bbox 2197 3530 2226 3578; x_wconf 84' lang='lat'><strong>7</strong></span> <span class='ocrx_word' id='word_1_504' title='bbox 2258 3533 2396 3582; x_wconf 88' lang='lat' dir='ltr'>nott.</span> <span class='ocrx_word' id='word_1_505' title='bbox 2453 3530 2606 3591; x_wconf 79' lang='lat' dir='ltr'>Quae</span> <span class='ocrx_word' id='word_1_506' title='bbox 2633 3542 2759 3577; x_wconf 88' lang='lat' dir='ltr'>con-</span> 
     </span>
     <span class='ocr_line' id='line_1_95' title="bbox 1673 3596 2762 3660; baseline -0.001 -14"><span class='ocrx_word' id='word_1_507' title='bbox 1673 3599 1861 3647; x_wconf 83' lang='lat' dir='ltr'>iuncta</span> <span class='ocrx_word' id='word_1_508' title='bbox 1898 3603 2025 3647; x_wconf 89' lang='lat' dir='ltr'>sunt</span> <span class='ocrx_word' id='word_1_509' title='bbox 2070 3613 2191 3648; x_wconf 86' lang='lat' dir='ltr'>cum</span> <span class='ocrx_word' id='word_1_510' title='bbox 2235 3613 2300 3647; x_wconf 76' lang='lat' dir='ltr'>ea</span> <span class='ocrx_word' id='word_1_511' title='bbox 2343 3599 2640 3660; x_wconf 86' lang='lat' dir='ltr'>sententia,</span> <span class='ocrx_word' id='word_1_512' title='bbox 2693 3596 2762 3646; x_wconf 87' lang='lat' dir='ltr'>de</span> 
     </span>
     <span class='ocr_line' id='line_1_96' title="bbox 1672 3666 2758 3732; baseline -0.002 -15"><span class='ocrx_word' id='word_1_513' title='bbox 1672 3682 1781 3732; x_wconf 88' lang='lat' dir='ltr'>qua</span> <span class='ocrx_word' id='word_1_514' title='bbox 1823 3666 2067 3731; x_wconf 88' lang='lat' dir='ltr'>pluribus</span> <span class='ocrx_word' id='word_1_515' title='bbox 2115 3666 2184 3716; x_wconf 87' lang='lat' dir='ltr'>ad</span> <span class='ocrx_word' id='word_1_516' title='bbox 2219 3666 2380 3717; x_wconf 89' lang='lat' dir='ltr'>finem</span> <span class='ocrx_word' id='word_1_517' title='bbox 2430 3667 2590 3717; x_wconf 89' lang='lat' dir='ltr'>huius</span> <span class='ocrx_word' id='word_1_518' title='bbox 2637 3681 2758 3731; x_wconf 84' lang='lat' dir='ltr'>cap.</span> 
     </span>
     <span class='ocr_line' id='line_1_97' title="bbox 1672 3729 2760 3801; baseline -0.001 -15"><span class='ocrx_word' id='word_1_519' title='bbox 1672 3737 1933 3787; x_wconf 88' lang='lat' dir='ltr'>dicemus.</span> <span class='ocrx_word' id='word_1_520' title='bbox 1957 3766 2026 3777; x_wconf 83' lang='lat'>—-</span> <span class='ocrx_word' id='word_1_521' title='bbox 2048 3736 2176 3785; x_wconf 85' lang='lat' dir='ltr'>Mox</span> <span class='ocrx_word' id='word_1_522' title='bbox 2199 3729 2484 3801; x_wconf 80' lang='grc' dir='ltr'><strong><em>κακότητα</em></strong></span> <span class='ocrx_word' id='word_1_523' title='bbox 2516 3734 2760 3800; x_wconf 81' lang='lat' dir='ltr'>intelligo</span> 
     </span>
     <span class='ocr_line' id='line_1_98' title="bbox 1671 3805 2759 3884; baseline 0 -30"><span class='ocrx_word' id='word_1_524' title='bbox 1671 3808 2028 3884; x_wconf 81' lang='lat' dir='ltr'>calamitatem,</span> <span class='ocrx_word' id='word_1_525' title='bbox 2076 3808 2241 3862; x_wconf 82' lang='lat' dir='ltr'>mala,-</span> <span class='ocrx_word' id='word_1_526' title='bbox 2294 3806 2438 3856; x_wconf 86' lang='lat' dir='ltr'>conf.</span> <span class='ocrx_word' id='word_1_527' title='bbox 2495 3807 2578 3868; x_wconf 89' lang='lat'>11,</span> <span class='ocrx_word' id='word_1_528' title='bbox 2638 3805 2759 3856; x_wconf 75' lang='lat'>124.</span> 
     </span>
     <span class='ocr_line' id='line_1_99' title="bbox 1670 3865 2762 3955; baseline 0 -32"><span class='ocrx_word' id='word_1_529' title='bbox 1670 3866 1949 3923; x_wconf 78' lang='grc' dir='ltr'><strong><em>τοσούτου</em></strong></span> <span class='ocrx_word' id='word_1_530' title='bbox 1975 3865 2189 3937; x_wconf 78' lang='grc' dir='ltr'><strong><em>χρόνου</em></strong></span> <span class='ocrx_word' id='word_1_531' title='bbox 2216 3874 2360 3925; x_wconf 85' lang='lat' dir='ltr'>haud</span> <span class='ocrx_word' id='word_1_532' title='bbox 2398 3873 2558 3926; x_wconf 88' lang='lat' dir='ltr'>aliter</span> <span class='ocrx_word' id='word_1_533' title='bbox 2594 3873 2762 3955; x_wconf 82' lang='lat' dir='ltr'>expli-</span> 
     </span>
    </p>
   </div>
   <div class='ocr_carea' id='block_1_12' title="bbox 1654 3935 2760 4009">
    <p class='ocr_par' dir='ltr' id='par_1_13' title="bbox 1654 3935 2760 4009">
     <span class='ocr_line' id='line_1_100' title="bbox 1654 3935 2760 4009; baseline -0.001 -15"><span class='ocrx_word' id='word_1_534' title='bbox 1654 3945 1903 4004; x_wconf 66' lang='lat' dir='ltr'>,candum</span> <span class='ocrx_word' id='word_1_535' title='bbox 1942 3948 2109 4009; x_wconf 85' lang='lat' dir='ltr'>atque</span> <span class='ocrx_word' id='word_1_536' title='bbox 2145 3943 2236 4006; x_wconf 89' lang='lat'>11,</span> <span class='ocrx_word' id='word_1_537' title='bbox 2280 3945 2377 3995; x_wconf 87' lang='lat'>115</span> <span class='ocrx_word' id='word_1_538' title='bbox 2418 3943 2592 4009; x_wconf 70' lang='grc' dir='ltr'><strong><em>τριῶν</em></strong></span> <span class='ocrx_word' id='word_1_539' title='bbox 2624 3935 2760 4009; x_wconf 79' lang='grc' dir='ltr'><em>ἡμε-</em></span> 
     </span>
    </p>
   </div>
   <div class='ocr_carea' id='block_1_13' title="bbox 1667 4011 2766 4425">
    <p class='ocr_par' dir='ltr' id='par_1_14' title="bbox 1673 4011 2289 4094">
     <span class='ocr_line' id='line_1_101' title="bbox 1673 4011 2289 4094; baseline 0 -31"><span class='ocrx_word' id='word_1_540' title='bbox 1673 4011 1847 4094; x_wconf 59' lang='lat' dir='ltr'>oscor,</span> <span class='ocrx_word' id='word_1_541' title='bbox 1886 4013 1981 4064; x_wconf 90' lang='lat' dir='ltr'>ubi</span> <span class='ocrx_word' id='word_1_542' title='bbox 2015 4012 2128 4062; x_wconf 75' lang='lat' dir='ltr'>vid.</span> <span class='ocrx_word' id='word_1_543' title='bbox 2174 4019 2289 4063; x_wconf 90' lang='lat' dir='ltr'>not.</span> 
     </span>
    </p>

    <p class='ocr_par' dir='ltr' id='par_1_15' title="bbox 1667 4071 2766 4425">
     <span class='ocr_line' id='line_1_102' title="bbox 1738 4071 2763 4160; baseline -0.001 -30"><span class='ocrx_word' id='word_1_544' title='bbox 1738 4078 1978 4139; x_wconf 81' lang='grc' dir='ltr'><strong><em>τούτους</em></strong></span> <span class='ocrx_word' id='word_1_545' title='bbox 2030 4071 2147 4132; x_wconf 73' lang='grc' dir='ltr'>ὑπὸ</span> <span class='ocrx_word' id='word_1_546' title='bbox 2204 4081 2399 4160; x_wconf 80' lang='grc' dir='ltr'><strong><em>μίσεος</em></strong></span> <span class='ocrx_word' id='word_1_547' title='bbox 2459 4073 2529 4130; x_wconf 79' lang='grc' dir='ltr'>οὗ</span> <span class='ocrx_word' id='word_1_548' title='bbox 2582 4073 2763 4146; x_wconf 74' lang='grc' dir='ltr'><strong><em>κάρτα</em></strong></span> 
     </span>
     <span class='ocr_line' id='line_1_103' title="bbox 1670 4148 2762 4217; baseline 0.002 -18"><span class='ocrx_word' id='word_1_549' title='bbox 1670 4148 1906 4200; x_wconf 78' lang='grc' dir='ltr'><strong><em>θέλουσι</em></strong></span> <span class='ocrx_word' id='word_1_550' title='bbox 1943 4167 1994 4200; x_wconf 82' lang='grc' dir='ltr'>κ.</span> <span class='ocrx_word' id='word_1_551' title='bbox 2030 4167 2076 4199; x_wconf 86' lang='grc' dir='ltr'><strong><em>τ.</em></strong></span> <span class='ocrx_word' id='word_1_552' title='bbox 2115 4150 2191 4217; x_wconf 60' lang='lat' dir='ltr'>L]</span> <span class='ocrx_word' id='word_1_553' title='bbox 2236 4145 2477 4208; x_wconf 73' lang='grc' dir='ltr'><strong><em>τούτους</em></strong></span> <span class='ocrx_word' id='word_1_554' title='bbox 2514 4151 2762 4216; x_wconf 87' lang='lat' dir='ltr'>equidem</span> 
     </span>
     <span class='ocr_line' id='line_1_104' title="bbox 1669 4221 2762 4285; baseline 0.002 -16"><span class='ocrx_word' id='word_1_555' title='bbox 1669 4222 1844 4271; x_wconf 82' lang='lat' dir='ltr'>refero</span> <span class='ocrx_word' id='word_1_556' title='bbox 1882 4221 1952 4270; x_wconf 91' lang='lat' dir='ltr'>ad</span> <span class='ocrx_word' id='word_1_557' title='bbox 1986 4221 2136 4285; x_wconf 87' lang='lat' dir='ltr'>ipsos</span> <span class='ocrx_word' id='word_1_558' title='bbox 2176 4221 2341 4271; x_wconf 87' lang='lat' dir='ltr'>hosce</span> <span class='ocrx_word' id='word_1_559' title='bbox 2377 4235 2552 4285; x_wconf 80' lang='lat' dir='ltr'>reges,</span> <span class='ocrx_word' id='word_1_560' title='bbox 2591 4221 2762 4271; x_wconf 87' lang='lat' dir='ltr'>Cheo·</span> 
     </span>
     <span class='ocr_line' id='line_1_105' title="bbox 1668 4290 2762 4355; baseline 0.001 -16"><span class='ocrx_word' id='word_1_561' title='bbox 1668 4305 1787 4354; x_wconf 88' lang='lat' dir='ltr'>pem</span> <span class='ocrx_word' id='word_1_562' title='bbox 1835 4294 1889 4339; x_wconf 86' lang='lat' dir='ltr'>et</span> <span class='ocrx_word' id='word_1_563' title='bbox 1924 4290 2324 4354; x_wconf 85' lang='lat' dir='ltr'>Chephrenem,</span> <span class='ocrx_word' id='word_1_564' title='bbox 2372 4290 2466 4355; x_wconf 89' lang='lat' dir='ltr'>qni</span> <span class='ocrx_word' id='word_1_565' title='bbox 2503 4291 2762 4355; x_wconf 88' lang='lat' dir='ltr'>populum</span> 
     </span>
     <span class='ocr_line' id='line_1_106' title="bbox 1667 4359 2766 4425; baseline 0 -16"><span class='ocrx_word' id='word_1_566' title='bbox 1667 4361 2006 4409; x_wconf 86' lang='lat' dir='ltr'>exstruendis</span> <span class='ocrx_word' id='word_1_567' title='bbox 2055 4359 2431 4425; x_wconf 86' lang='lat' dir='ltr'>pyramidibus</span> <span class='ocrx_word' id='word_1_568' title='bbox 2474 4363 2766 4424; x_wconf 84' lang='lat' dir='ltr'>tantopere</span> 
     </span>
    </p>
   </div>
  </div>
 </body>
</html>
