3109 5092
2515 397 2591 443 IX

294 551 482 617 unde
546 551 694 637 ipsa
756 548 1092 635 scriptoris
1147 548 1437 613 narratio
1493 546 1672 613 haud
1710 569 1858 614 raro
1902 546 2256 636 plurimum
2312 550 2594 637 accipiat

296 669 497 735 lucis.
590 667 773 749 Quas
816 663 1005 730 multi
1049 666 1386 754 requirent
1429 666 1910 753 disputationes
1955 667 2036 733 de
2067 665 2386 733 Herodoti
2429 668 2591 751 vita,

298 785 585 854 consilio
600 834 620 869 ,
706 783 1087 867 itineribus,
1134 784 1465 850 scribendi
1506 806 1784 871 genere,
1829 785 2014 871 aliis,
2060 807 2177 851 eae
2216 785 2304 851 ad
2347 786 2594 851 calcem

302 905 531 993 operis
587 924 722 969 una
776 925 926 969 cum
974 901 1305 968 indicibus
1359 903 1778 969 adiicientur.
1891 903 2018 970 Est
2062 925 2220 970 vero
2267 926 2346 970 ea
2400 902 2595 970 huius

302 1023 624 1091 editionis
679 1031 953 1088 externa
996 1020 1284 1086 conditio
1303 1069 1319 1096 ,
1381 1031 1454 1087 ut
1505 1021 1783 1087 honesta
1827 1023 2046 1111 specie
2089 1044 2234 1088 sese
2275 1044 2597 1089 commen·

304 1143 430 1209 det
472 1142 768 1229 aliasque
798 1140 1157 1221 editiones,
1205 1160 1371 1224 quae
1400 1139 1610 1226 vulgo
1639 1142 1710 1206 in
1738 1141 1953 1206 lucem
1993 1141 2352 1230 prodeunt,
2399 1140 2597 1208 facile

307 1269 608 1349 superet.
710 1257 850 1324 Nec
906 1256 1260 1345 quidquam
1311 1259 1755 1347 impensarum
1808 1284 1938 1327 non
1997 1260 2157 1327 fecit
2198 1260 2596 1344 Halmius,

302 1382 422 1448 vir
465 1378 1000 1459 honestissimus,
1036 1398 1166 1463 quo
1209 1376 1400 1443 iustis
1443 1378 1758 1445 lectorum
1794 1381 2139 1447 desideriis
2183 1381 2362 1446 omni
2404 1378 2596 1445 modo

309 1497 764 1579 satisfaceret,
808 1493 1243 1583 foliorumque
1289 1495 1697 1582 singulorum
1745 1502 2106 1588 specimina
2157 1500 2218 1565 ei
2274 1500 2417 1563 viro
2467 1505 2596 1562 tra·

308 1619 489 1686 didit
540 1615 960 1702 corrigenda,
1013 1615 1129 1702 qui
1185 1623 1252 1679 et
1304 1615 1788 1684 oculatissimus
1847 1627 1912 1685 et
1964 1618 2401 1708 peritissimus
2459 1616 2597 1680 exi-

310 1742 519 1807 miam
586 1736 770 1825 operi
828 1732 1237 1820 impenderet
1296 1754 1539 1799 curam.
1653 1736 1882 1823 Itaque
1935 1735 2197 1824 publice
2253 1732 2376 1799 hoc
2453 1733 2596 1799 loco

224 1863 237 1871 ‘
313 1879 608 1927 summas
675 1873 948 1940 agamus
1013 1852 1267 1938 gratias
1318 1857 1568 1920 Aemilio
1622 1860 1952 1934 Pinzqero,
2016 1854 2129 1941 qui
2193 1862 2383 1919 tanta
2451 1875 2598 1917 cum

314 1973 671 2061 diligentia
734 1970 1031 2057 singulas
1094 1944 1399 2058 plagulas
1461 1994 1504 2036 a
1560 1974 1742 2061 prelo
1806 1972 2144 2038 madentes
2200 1969 2599 2059 perlustrare

314 2092 623 2161 voluerit.
715 2087 1098 2155 Scribebam
1140 2088 1631 2180 Heidelbergac
1669 2093 1896 2160 Idibus
1937 2091 2131 2156 Maiis
2188 2105 2597 2155 Mncccxxx.
