3109 5092
1264 334 1517 395 OLIO.
1562 336 1614 394 1.
1658 344 1747 399 24.

2549 341 2636 402 49

356 506 663 594 μάσαντα
690 506 803 575 καὶ
839 504 1202 586 διδάξαντα
1235 509 1312 575 ἐν
1341 515 1692 600 Κορίνθῳ.
1771 512 2026 578 Τοῦτον
2056 508 2173 580 τὸν
2209 507 2473 600 Ἀρίονα
2518 514 2628 581 λέ·
2645 523 2727 585 24

356 629 553 697 γουσι
568 660 587 692 ,
632 606 755 678 τὸν
793 606 1045 678 πολλὸν
1087 614 1210 677 τοῦ
1241 608 1486 698 χρόνου
1522 616 1955 701 διατρίβοντα
1991 611 2172 704 παρὰ
2203 613 2630 708 Περιάνδρῳ,
2801 630 2810 639 ‘

355 715 775 800 ἐπιθυμῆσαι
804 716 1066 781 πλῶσαι
1096 714 1162 792 ἐς
1198 708 1487 801 Ἰταλίην
1525 740 1599 785 τε
1635 716 1750 784 καὶ
1769 722 2131 803 Σικελίην·
2180 716 2637 806 ἐργασάμενον

355 916 468 961 ster
503 916 589 961 est
624 927 777 975 usus,
813 912 927 962 vid.
957 912 1193 964 Bredov.
1229 928 1284 979 p.
1325 914 1444 966 100.

424 1041 793 1114 διθύραμβον
818 1080 891 1089 —-
913 1040 1236 1130 ποιῄσαντιὶ
1267 1064 1326 1099 τε
1348 1045 1446 1099 καὶ

352 1110 755 1182 οὖνομάσαντα
788 1113 884 1167 καὶ
907 1115 1219 1179 διδαξαντα
1247 1110 1308 1167 ἐν
1330 1119 1446 1169 Ko-

355 1185 566 1255 ρίνθῳ]
615 1189 796 1237 Locus
842 1186 1109 1238 classicus
1156 1189 1220 1238 de
1267 1188 1445 1254 dithy-

352 1258 595 1306 rambica
617 1257 949 1307 Graecorum
982 1258 1153 1323 poesi,
1175 1258 1331 1308 cuius
1363 1259 1445 1307 in-

351 1327 661 1376 ventionem
724 1327 943 1377 disertis
1009 1328 1193 1377 verbis
1247 1327 1443 1378 Arioni

350 1396 556 1445 Noster
592 1391 1083 1461 tribuit3'quocum
1119 1396 1266 1446 conf.
1315 1398 1443 1447 Pin-

350 1465 473 1514 dari
520 1465 701 1515 Schol.
750 1466 823 1515 ad
868 1465 1084 1530 Olymp.
1138 1466 1302 1527 XIII,
1351 1467 1439 1516 25.

350 1535 459 1596 Qui
504 1535 709 1584 Lasum
758 1535 948 1584 dicunt
991 1535 1327 1600 dithyrambi
1362 1536 1441 1583 in-

348 1608 655 1666 ventorem,
701 1605 961 1669 temporis
1009 1606 1276 1655 rationem
1324 1620 1443 1669 per-

347 1678 594 1733 vertunt3
632 1688 761 1722 nam
811 1673 983 1723 multo
1028 1678 1156 1738 post
1203 1672 1296 1723 ille
1342 1674 1441 1723 flo-

346 1743 482 1805 ruit,
543 1743 691 1793 circa
735 1742 953 1808 Olymp.
995 1743 1218 1803 LVIII,
1264 1744 1435 1793 Dario

343 1816 636 1876 regnante,
691 1827 814 1861 cum
864 1812 1082 1863 Arionis
1143 1817 1300 1863 aetas
1363 1812 1447 1862 ad-

345 1879 564 1945 Olymp.
614 1881 917 1931 XXXVIII
968 1882 1261 1944 ascendat,
1315 1880 1435 1930 illa-

345 1965 449 2015 que
482 1953 667 2015 poesis
711 1949 940 2000 multum
985 1955 1170 2001 aetate
1216 1954 1435 2015 superet

344 2020 597 2069 Lasum.‘
617 2018 728 2069 Alii
776 2035 991 2086 quoque
1048 2020 1176 2070 aliis
1222 2021 1435 2070 inventi

344 2088 679 2153 dithyrambi
713 2085 949 2154 gloriam
984 2090 1331 2150 adscribunt;
1367 2089 1434 2139 de

345 2158 542 2221 quibus
589 2159 777 2208 videre
836 2174 983 2208 nunc
1050 2159 1275 2224 longum
1329 2163 1432 2208 est.

344 2227 551 2276 Nostra
585 2232 769 2278 aetate
801 2243 913 2277 non
958 2228 1237 2279 invenisse
1279 2228 1434 2278 Ario·

344 2310 499 2358 nem,
534 2297 628 2347 sed
678 2295 985 2348 excoluisse
1031 2298 1193 2347 modo
1256 2296 1433 2360 dithy-

342 2366 591 2415 rambum
643 2366 1006 2429 contendunt,
1068 2367 1264 2432 quippe
1326 2365 1431 2415 sal-

340 2434 501 2484 tandi
536 2435 712 2485 forma
748 2440 988 2498 mutata,
1020 2437 1321 2485 carminum
1346 2450 1431 2484 ra-

340 2505 495 2554 tione
550 2503 741 2554 melius
798 2504 1045 2569 exculta,
1090 2504 1217 2555 aliis
1267 2505 1428 2554 huius

340 2574 559 2639 generis
597 2574 893 2637 institutis,
943 2589 1081 2639 quae
1127 2574 1429 2624 inventoris

264 2656 279 2673 ³
340 2658 540 2692 nomen
608 2642 693 2692 illi
755 2643 1192 2695 conciliaverint.
1268 2641 1431 2693 Conf-

339 2711 535 2763 Plehn.
592 2713 652 2762 in
697 2713 984 2763 Lesbiaco.
1040 2713 1165 2763 libr.
1210 2729 1264 2778 p.
1307 2710 1427 2763 168.

340 2781 458 2830 Nec
492 2786 676 2831 tamen
710 2781 848 2832 haec
896 2797 1019 2832 cum
1067 2781 1286 2833 disertis
1322 2782 1432 2831 He-

340 2850 525 2900 rodoti
569 2851 776 2914 verbis,
832 2852 890 2901 in
936 2851 1131 2916 quibus
1182 2866 1285 2919 ego
1341 2866 1431 2901 ac-

341 2920 729 2984 quiescendum
822 2935 1044 2983 censeo,
1138 2920 1430 2970 convenire

339 3004 529 3053 posse,
585 3005 741 3039 nemo
806 3005 919 3041 non
979 2989 1268 3056 intelligit,
1329 3005 1430 3039 nec

338 3057 475 3107 mihi
508 3059 777 3109 Herodoti
810 3059 1208 3122 narrationem,
1239 3062 1302 3108 ut
1336 3058 1430 3124 qui

338 3128 545 3191 optime
580 3127 928 3193 inquisiterit
955 3143 1188 3194 vereque
1222 3133 1279 3178 et
1302 3142 1430 3177 can-

340 3197 471 3247 dide
527 3196 802 3260 retulerit,
861 3198 1038 3247 minus
1093 3196 1430 3263 probabilem

339 3266 630 3330 quisquam
664 3260 982 3317 reddiderit.
1022 3267 1106 3316 De
1135 3266 1430 3331 dithyram-

338 3335 466 3384 bica
532 3337 683 3400 poesi
728 3336 821 3401 qui
880 3340 1274 3401 exposuerunt,
1334 3348 1429 3384 eos

336 3402 564 3454 laudavi
596 3405 656 3454 in
672 3403 870 3469 Pauly.
902 3403 1427 3470 Realencyclopaed.

340 3474 419 3523 11.
462 3489 513 3538 p.
545 3474 672 3524 1111
711 3490 858 3539 seq.‚
896 3474 1091 3538 quibus
1127 3488 1271 3523 nunc
1297 3472 1429 3523 addi

340 3540 504 3592 velim
541 3542 684 3594 Guil.
722 3544 900 3593 Maur.
940 3543 1187 3593 Schmidt
1221 3541 1257 3593 1.
1297 3542 1333 3592 l.
1371 3558 1425 3607 p.

342 3612 442 3662 155
478 3627 592 3676 seq.
631 3613 792 3675 Quod
834 3627 962 3662 vero
1003 3612 1189 3673 Arion,
1226 3610 1427 3677 Methy-

335 3696 539 3731 mam
575 3698 619 3732 s.
658 3680 876 3731 Lesbius
914 3681 1091 3744 homo,
1132 3680 1427 3745 dithyram-

340 3750 392 3799 bi
427 3750 680 3800 inventor
714 3749 1051 3814 perhibetur,
1095 3749 1153 3800 id
1189 3750 1423 3800 reseren-

341 3820 468 3869 dum
499 3820 573 3869 ad
606 3820 787 3884 prisca
827 3818 1032 3869 Bacchi
1079 3833 1241 3870 sacra
1276 3817 1424 3883 apud

337 3888 749 3955 Methymnaeus
797 3904 843 3938 s.
892 3888 1152 3950 Lesbios3
1189 3903 1318 3939 nam
1350 3886 1423 3937 ad

340 3957 641 4020 Bacchum,
678 3962 743 4007 ut
783 3959 926 4007 inter
964 3973 1148 4008 omnes
1185 3959 1422 4018 constat,

339 4025 741 4096 dithyrambica
777 4027 958 4091 poesis
1010 4027 1184 4076 omnis
1225 4027 1424 4076 refere-

338 4095 524 4156 batur3
563 4098 628 4147 de
666 4110 773 4161 quo
811 4095 1064 4146 Creuzer.
1098 4097 1156 4145 in
1189 4095 1422 4159 Dionys.

338 4179 390 4227 p.
431 4165 555 4217 249.
600 4162 921 4217 Excelluere
978 4180 1194 4230 quoque
1235 4163 1425 4214 Lesbii

338 4233 391 4283 in
448 4236 599 4301 poesi
649 4250 717 4284 ac
762 4234 974 4284 musica
1018 4236 1129 4283 iam
1174 4234 1300 4284 inde
1352 4232 1423 4282 ab

336 4306 715 4370 antiquissimo
750 4317 916 4362 aevo,
951 4307 1014 4352 ut
1034 4304 1173 4353 bene
1210 4302 1423 4352 monuit

338 4371 521 4424 Plehn.
558 4371 597 4424 1.
631 4371 672 4424 1.
712 4387 836 4437 cap.
878 4371 947 4423 V.
983 4387 1110 4438 pag.
1136 4369 1238 4423 132
1267 4386 1418 4435 seqq.

416 4473 757 4516 BERODO'I'·
810 4473 854 4513 1.

1622 916 1782 980 Quod
1833 921 2031 981 restat,
2087 918 2254 968 verbo
2311 918 2634 969 monendum

1550 984 1621 1035 de
1654 1002 1791 1036 voce
1825 979 2137 1051 διδάσκειν,
2167 988 2314 1053 quod
2340 986 2444 1038 hoc
2471 1003 2633 1038 sensu

1549 1055 1619 1104 de
1644 1056 1822 1120 poetis
1866 1055 2181 1122 plerumque
2232 1056 2434 1107 dicitur
2465 1058 2636 1123 tragi-

1548 1125 1630 1174 cis
1674 1129 1773 1176 ant
1810 1126 2062 1190 comicis,
2109 1127 2203 1191 qui
2248 1125 2469 1177 fabulas
2504 1142 2634 1177 suas

1546 1209 1592 1243 s.
1656 1196 1904 1245 dramata
1951 1196 2133 1246 docent
2200 1194 2302 1263 (cf.
2364 1197 2630 1247 Herodot.
2703 1191 2723 1202 ⁶

1546 1263 1643 1326 v1,
1672 1261 1787 1328 21).
1823 1264 1981 1315 Unde
2004 1270 2156 1330 patet
2187 1266 2633 1330 interpretamen-

1543 1337 1660 1382 tum
1684 1349 1823 1396 esse,
1857 1335 2004 1399 quod
2064 1351 2124 1385 ro
2153 1326 2471 1395 διδάξαντα
2491 1350 2631 1385 unus

1542 1401 1681 1453 liber
1724 1402 1883 1454 offert
1924 1399 2018 1453 δεί
2048 1419 2210 1454 αντα.
2276 1405 2417 1455 Nam
2454 1404 2631 1469 dithy-

1543 1472 1772 1522 rambici
1806 1478 1998 1538 poetae
2044 1489 2160 1527 non.
2189 1471 2302 1524 alia
2335 1475 2453 1524 fere
2485 1474 2628 1524 ratio

1542 1546 1711 1607 atque
1743 1543 1944 1607 tragici
1989 1547 2088 1592 aut
2130 1543 2353 1606 comici,
2398 1548 2463 1593 nt
2505 1558 2628 1593 eum

1542 1626 1756 1676 quoque
1791 1603 2138 1661 διδάσκαλον
2185 1612 2373 1663 vocari
2415 1611 2493 1661 nil
2531 1612 2627 1661 mi-

1540 1695 1660 1730 rum
1705 1681 1795 1731 sit.
1871 1681 2092 1731 Laudat
2141 1683 2238 1732 Gr.
2293 1682 2626 1746 Harpocrat.

1540 1765 1588 1800 s.
1622 1749 1678 1801 h.
1714 1766 1770 1800 V.
1817 1764 1942 1815 pag.
1994 1751 2078 1801 51.
2131 1749 2271 1800 Add.
2317 1749 2624 1800 Blomfield.

1538 1819 1784 1869 Praefat.
1810 1820 1883 1869 ad
1905 1818 2161 1885 Aeschyl.
2181 1820 2334 1869 Pers.
2363 1834 2417 1883 p.
2431 1818 2626 1869 xvnl

1538 1888 1694 1953 (pag.
1732 1888 1898 1938 XVII
1934 1889 2020 1939 ed.
2058 1888 2256 1952 Lips.).
2295 1886 2437 1937 Add.
2464 1888 2624 1937 Boet-

1538 1957 1700 2021 tiger.
1722 1957 1958 2021 Opuscc.
1986 1973 2038 2021 p.
2057 1957 2161 2007 285
2196 1971 2348 2022 seqq.
2388 1955 2474 2007 ed.
2502 1955 2622 2007 Sin.

1899 2127 2031 2179 Car.
2069 2128 2273 2180 XXIV.

1605 2226 1814 2279 τοῦτον
1837 2221 1940 2281 τὸν
1951 2220 2176 2296 Ἀρίονα
2185 2229 2432 2298 λέγουσι]
2445 2232 2624 2295 Quam

1533 2298 1623 2348 hic
1658 2298 1935 2350 desiderat
1960 2300 2152 2366 Steger
2176 2301 2503 2366 particulam
2525 2294 2620 2365 δὴ,

1532 2384 1599 2417 ea
1645 2368 1802 2418 nobis
1847 2368 1994 2419 haud
2042 2371 2350 2421 necessaria
2384 2371 2621 2422 videtur.

1534 2437 1601 2487 In
1636 2453 1786 2503 seqq.
1819 2439 1893 2488 ad
1927 2439 2175 2489 Ionicam
2204 2439 2438 2489 formam
2469 2437 2620 2488 πλῶ-

1533 2518 1626 2555 σαι
1660 2507 1842 2557 omnia
1879 2507 2033 2558 dabit
2068 2509 2305 2559 Bredov.
2346 2524 2400 2572 p.
2432 2509 2556 2559 171.

1601 2566 1987 2641 ἐργασάμενον
2042 2569 2106 2641 δὲ
2151 2569 2432 2642 χρήματα]
2479 2577 2519 2626 i.
2569 2591 2618 2625 e.

1530 2653 1829 2709 „postquam
1873 2659 2083 2708 magnas
2127 2659 2253 2709 opes
2299 2660 2345 2694 s.
2381 2647 2622 2707 poemiae

1528 2713 1629 2763 sibi
1675 2712 2126 2776 comparaverat.“
2204 2703 2620 2777 ἐργάζεσθαι

1530 2782 1636 2831 hoc
1663 2796 1828 2831 sensu
1849 2779 2204 2843 illustratum,
2237 2786 2466 2831 notante
2499 2782 2620 2842 Or„

1530 2852 1643 2901 iam
1679 2850 1882 2900 dudum
1906 2866 1940 2901 a
1963 2850 2197 2901 Graevio
2221 2851 2278 2900 in
2300 2852 2480 2901 Lectt.
2512 2850 2621 2900 He-

1534 2920 1714 2970 siodd.
1764 2935 1887 2984 cap.
1938 2919 1986 2970 1.
2030 2935 2084 2984 p.
2132 2919 2186 2971 9.
2222 2919 2293 2969 ad
2337 2934 2480 2970 vers.
2528 2917 2622 2970 43.

1531 2989 1695 3053 Hinc,
1730 2990 1920 3039 eodem
1956 2989 2051 3039 Cr.
2089 2993 2361 3052 monento,
2396 2979 2620 3053 ἐργαζό-

1530 3072 1692 3121 μενοι
1727 3058 1985 3123 leguntur
2006 3059 2064 3107 in
2088 3073 2353 3110 marmore
2392 3059 2620 3122 antiquo

1531 3128 1711 3177 Musei
1743 3127 2005 3177 Academ.
2042 3128 2296 3193 Lug-dun.
2341 3127 2490 3190 Bat.,
2525 3125 2621 3175 ubi

1530 3197 1610 3246 Te
1645 3197 1854 3246 Water.
1892 3197 2061 3247 vertit
2092 3200 2454 3262 neqotiaiooes,
2491 3210 2621 3246 mer-

1529 3273 1750 3328 catores,
1790 3267 1935 3315 sicut
1970 3256 2232 3330 ἔργασται
2264 3266 2323 3315 in
2354 3265 2617 3315 Marmor.

1532 3333 1830 3385 Oxouieus.
1867 3350 1920 3398 p.
1958 3334 2080 3387 300.
2121 3334 2249 3384 Vid.
2286 3334 2369 3383 Te
2405 3331 2618 3384 Wateri

1529 3403 1774 3467 Append.
1796 3404 1868 3453 ad
1886 3404 2108 3454 Narrat.
2136 3403 2204 3452 de
2226 3401 2377 3451 rebb.
2402 3400 2615 3451 Acadd.

1529 3473 1709 3537 Lugd.
1747 3474 1872 3523 Bat.
1911 3487 1964 3536 p.
2005 3471 2125 3522 160.
2164 3500 2223 3509 —
2277 3470 2363 3518 De
2396 3483 2456 3518 re
2492 3469 2614 3539 ipsa

1528 3541 1622 3590 vix
1658 3545 1742 3591 est
1777 3540 1923 3605 quod
1959 3539 2026 3589 de
2051 3537 2157 3587 hoc
2189 3537 2313 3586 loco
2345 3551 2613 3597 moneam,

1530 3625 1597 3659 ex
1643 3624 1750 3675 quo
1796 3623 1915 3658 sors
1949 3602 2136 3670 itque
2180 3605 2423 3655 conditio
2473 3605 2616 3661 anti·

1530 3693 1760 3743 quorum
1803 3676 2071 3728 Graeciae
2107 3678 2296 3724 vatum
2327 3674 2464 3723 bene
2498 3688 2614 3739 per-

1527 3747 1920 3813 spici‘potest‚
1962 3745 2063 3809 qui'
2089 3745 2148 3793 in
2192 3742 2320 3793 aula
2355 3747 2614 3809 tyranno·

1525 3832 1645 3865 rum
1693 3829 1987 3880 regumque
2034 3813 2423 3863 ditissimorum
2469 3828 2612 3865 com-

1525 3888 1803 3936 morantes
1879 3887 2047 3934 cantu
2123 3883 2244 3948 ipso
2325 3888 2612 3949 quaestum

1525 3956 1773 4020 adeoque
1826 3952 2037 4004 lucrum
2088 3953 2196 4003 sibi
2255 3952 2610 4018 quaerebant.

1528 4023 1661 4077 Noti
1697 4027 1850 4087 sunt,
1887 4029 1948 4074 ut
1983 4023 2088 4073 hoc
2122 4027 2274 4084 utar,
2313 4022 2611 4086 Syracusa·

1527 4108 1718 4145 norum
1779 4108 1961 4158 reges,
2020 4091 2232 4141 artibus
2291 4088 2608 4140 liberalibus

1526 4164 1699 4213 dediti
1723 4166 2023 4228 poetasque
2043 4161 2317 4222 iuvantes,
2343 4159 2462 4207 noti
2481 4161 2612 4207 sunt

1520 4233 1630 4297 ipsi
1665 4236 1861 4297 poetae
1901 4229 2125 4292 Graeci,
2174 4228 2476 4289 Pindarus,
2527 4225 2612 4275 Si-

1523 4301 1798 4363 monides,
1843 4298 1966 4363 alii,
2024 4298 2275 4348 mercede
2334 4295 2609 4345 conducta

1523 4370 1849 4435 praemiisve
1878 4382 2032 4419 snam
2064 4372 2238 4417 artem
2276 4366 2609 4415 exercentes.

2149 4450 2188 4506 4
