3109 5092
420 291 544 355 264
1282 280 1825 346 HERODOTI

421 460 730 547 εσκεύαζε
789 458 877 541 ὥς
931 458 1281 549 δεξόμενος
1332 465 1470 528 τῶν
1512 457 1837 548 Περσέων
1876 452 1998 525 τὸν
2036 452 2353 543 στρατὸν,
2401 453 2568 546 πρὸς
2610 457 2687 527 δὲ

418 579 582 661 οἴνῳ
626 592 700 634 τε
738 566 851 633 καὶ
892 570 1159 633 σιτίοισι
1203 558 1291 642 ὥς
1333 559 1939 650 ἐπιτηδεωτοὲτοισι.
2012 556 2460 646 ἀπικομένους
2502 560 2576 629 δὲ
2604 566 2686 649 τῇ

416 666 736 758 ὑστεραίῃ
764 664 919 746 τούς
946 669 1211 753 Πέρσας
1238 672 1642 745 κατακλίνας
1672 666 1737 744 ἐς
1764 667 2057 752 λειμῶνα
2099 659 2367 749 εὐοόχεε.
2438 666 2593 732 ἐπεί
2612 692 2683 733 τε

419 774 493 843 δὲ
537 767 668 840 ἀπὸ
710 776 991 840 δείπνου
1034 762 1240 857 ἦσαν,
1297 768 1511 856 εἴρετό
1566 789 1777 854 σφεας
1818 763 1854 835 ὁ
1895 770 2153 854 Κῦρος,
2205 765 2445 852 κότερα
2486 764 2567 834 τὰ
2603 772 2684 857 τῇ

418 880 778 964 προτεραίῃ
822 872 1036 959 εἶχον,
1084 867 1126 957 ἢ
1179 868 1260 939 τὰ
1300 869 1633 958 παρεόντα
1676 890 1798 956 σφι
1853 880 1956 956 εἴη
1996 868 2419 956 αἱρετώτερα.
2499 875 2567 938 οί
2605 871 2679 939 δὲ

418 986 712 1065 ἔφασαν,
755 972 1006 1045 πολλὸν
1052 973 1224 1042 εἶναι
1253 969 1479 1041 αὐτῶν
1506 969 1582 1041 τὸ
1609 973 1830 1057 μέσον.
1889 969 2015 1059 τὴν
2040 971 2165 1060 μὲν
2194 970 2319 1058 γὰρ
2350 975 2681 1061 προτέρην

415 1078 672 1172 ἡμέρην
700 1078 916 1149 πάντα
946 1098 1069 1163 σφι
1108 1073 1279 1144 κακὰ
1318 1080 1530 1162 ἔχειν,
1584 1072 1708 1160 τὴν
1746 1072 1821 1140 δὲ
1861 1072 2005 1141 τότε
2051 1080 2435 1161 παρεοῦσαν
2466 1075 2684 1145 πάντα

418 1181 664 1270 ἀγαθά.
753 1176 1185 1268 Παραλαβεὸν
1230 1177 1306 1245 δὲ
1349 1182 1547 1246 τοῦτο
1586 1173 1660 1244 τὸ
1701 1179 1859 1253 ἔπος
1904 1170 1940 1243 ὁ
1984 1180 2204 1261 Κῦρος
2247 1177 2683 1266 παρεγύμνου

419 1284 539 1355 τὸν
579 1282 797 1354 πάντα
841 1282 1077 1368 λόγον,
1132 1282 1380 1367 λέγων·
1431 1277 1713 1367 ’Ἄνδρες
1754 1278 2047 1364 Πέρσαι,
2102 1274 2277 1346 οὕτω
2318 1275 2482 1367 ὑμῖν
2526 1287 2680 1368 ἔχει.

420 1389 888 1476 βουλομένοισι
915 1384 1039 1473 μὲν
1069 1385 1218 1472 ἐμέο
1246 1387 1611 1451 πείθεσθαι
1629 1433 1647 1465 ,
1692 1385 1827 1448 ἔστι
1857 1378 2018 1448 τάδε
2045 1406 2115 1447 τε
2146 1382 2255 1448 καὶ
2284 1378 2452 1449 ἄλλα
2479 1391 2686 1472 μυρία

419 1486 678 1578 ἀγαθὰ,
721 1485 971 1556 οὐδένα
1012 1485 1223 1556 πόνον
1265 1486 1730 1572 δουλοπρεπέα
1773 1488 2030 1570 ἔχουσι·
2087 1479 2176 1570 μὴ
2220 1487 2687 1570 βουλομένοισι

422 1594 497 1662 δὲ
539 1594 690 1679 ἐμέο
731 1598 1125 1674 πείθεσθαι,
1199 1589 1329 1656 εἰσὶ
1382 1583 1546 1676 ὑμῖν
1599 1585 1792 1655 πόνοι
1832 1591 1925 1678 τῷ
1979 1591 2184 1677 χθιζῷ
2236 1584 2687 1674 παραπλήσιοι

418 1693 888 1783 ἀναρίθμητοι.
977 1696 1107 1761 νῦν
1148 1682 1246 1760 ὧν
1294 1693 1445 1779 ἐμέο
1499 1687 1927 1776 πειθόμενοι,
1981 1694 2257 1773 γίνεσθε
2316 1687 2686 1775 ἐλεύθεροι.

419 1795 620 1877 αὐτός
657 1825 728 1866 τε
773 1794 902 1885 γὰρ
957 1796 1171 1864 δοκέω
1213 1801 1370 1882 θείῃ
1415 1791 1581 1882 τύχῃ
1626 1788 1921 1880 γεγονώς
1959 1792 2117 1858 τάδε
2162 1792 2227 1869 ἐς
2268 1807 2490 1879 χεῖρας
2530 1789 2688 1879 ἄγε-

419 1978 590 2028 μενος
636 1960 752 2012 τῶν
792 1956 1060 2025 Περσέων
1110 1952 1213 2009 τὸν
1246 1951 1507 2025 στρατόν]
1612 1958 1814 2019 Basil.,
1852 1958 1922 2007 ad
1956 1973 2113 2022 quem
2142 1956 2320 2007 locum
2356 1957 2513 2021 plura
2539 1958 2693 2007 dabit

420 2026 592 2082 θύειν
639 2032 728 2080 hic
773 2030 1094 2095 simpliciter
1144 2034 1228 2079 est
1263 2038 1507 2092 mactare,
1615 2029 1912 2077 Creuzerus
1939 2026 2194 2094 (Annott.
2223 2028 2288 2075 Τ.
2316 2027 2422 2077 111.
2462 2045 2516 2092 p.
2547 2027 2689 2092 107).

421 2106 478 2151 et
522 2104 734 2164 spectat
779 2099 850 2148 ad
885 2100 1053 2149 verba
1098 2098 1507 2149 antecedentia:

420 2161 489 2218 τά
520 2182 577 2217 τε
613 2159 846 2216 αἰπόλια
881 2162 976 2216 καὶ
1012 2161 1111 2224 τὰς
1131 2167 1379 2230 ποίμνας
1415 2163 1510 2215 καὶ

419 2232 488 2288 τὰ
525 2228 795 2303 βουκόλια
833 2233 897 2299 (ἰ.
934 2253 979 2286 e.
1017 2251 1314 2298 caprarum,
1352 2241 1510 2288 ovium

421 2314 470 2357 et
505 2305 646 2355 boum
676 2305 904 2372 ,qv-eyes).
951 2297 1395 2368 παρασκευάζειν
1425 2311 1509 2355 est

413 2390 631 2441 parare,
667 2377 918 2425 instruere
942 2377 1137 2437 epulas,
1163 2374 1357 2439 quibus
1381 2376 1509 2424 Per-

420 2460 602 2495 sarum
649 2443 944 2494 exercitum
1003 2449 1330 2508 excepturus
1390 2450 1508 2494 erat

420 2515 615 2580 Cyrus.
694 2514 815 2563 Hoc
863 2514 1004 2563 enim
1052 2512 1156 2562 sibi
1200 2513 1320 2563 vult
1363 2513 1416 2563 h.
1467 2513 1504 2568 1.

420 2578 718 2648 δέχεσθαι,
771 2583 958 2633 eodem
991 2582 1150 2632 modo
1185 2583 1252 2632 de
1285 2582 1509 2647 hospiti-

418 2652 520 2703 bus
557 2667 727 2703 coena
760 2652 910 2702 laute
937 2653 1208 2701 instructa
1240 2652 1509 2716 excipien-

419 2722 501 2770 dis
539 2721 839 2771 adhibitum
868 2723 934 2783 V,
962 2722 1049 2772 18.
1073 2721 1200 2782 VII,
1230 2720 1346 2770 119.
1398 2721 1508 2770 Da-

417 2791 521 2840 timi
552 2792 644 2855 qui
681 2796 980 2856 sequuntur
1017 2786 1156 2856 οἴνῳ
1191 2794 1248 2838 et
1281 2787 1506 2837 σιτίοισι

417 2860 691 2924 pertinent
728 2860 798 2908 ad
831 2850 1153 2920 δεξόμενος.
1217 2858 1358 2907 Nam
1394 2862 1506 2906 tum

418 2927 687 2992 pecudum
736 2933 1100 2976 mactatarum
1143 2941 1333 2987 carne,
1393 2931 1508 2975 tum

417 2996 545 3045 vino
582 3010 648 3043 ac
693 3010 834 3058 pane
867 2997 1067 3045 Persas
1110 2995 1167 3043 in
1203 2994 1380 3059 epulis
1419 3010 1508 3043 ex-

419 3067 673 3127 cepturus
722 3069 841 3113 erat
883 3065 1076 3128 Cyrus.
1159 3064 1289 3114 Mox
1335 3079 1504 3112 κατα-

417 3130 614 3189 κλίνας
651 3136 760 3181 est:
797 3148 903 3181 cum
935 3131 1219 3183 recumbere
1253 3136 1501 3186 iussisset.

417 3231 487 3241 —
526 3201 592 3249 In
627 3215 775 3264 seqq.
817 3191 930 3249 ἀπὸ
969 3198 1211 3249 δείπνου
1248 3193 1423 3262 εἶναι,
1470 3219 1505 3251 α

415 3285 574 3321 coena
610 3270 899 3332 discedere,
945 3285 1102 3319 coena
1144 3278 1304 3320 sumta
1340 3270 1502 3328 abire,

418 3340 552 3390 satis
583 3343 791 3391 notum.
843 3338 929 3400 Cf.
960 3338 1128 3387 allata
1164 3339 1233 3388 ad
1257 3339 1353 3400 VI,
1380 3339 1499 3390 129.

415 3410 546 3459 Mox
594 3408 818 3458 verbum
861 3404 950 3470 εἴη
1003 3408 1126 3457 eiici
1168 3408 1288 3458 vult
1334 3410 1504 3458 Bene-

418 3479 548 3529 dict.
595 3478 652 3527 in
693 3478 841 3527 Actt.
890 3491 1024 3526 sem.
1072 3493 1184 3542 reg.
1232 3478 1383 3542 Lips.
1421 3478 1499 3527 11.

415 3563 470 3612 p.
496 3546 617 3610 283,
656 3562 776 3597 cum
809 3546 1020 3597 librarii
1051 3547 1125 3595 sit
1169 3546 1504 3596 additamen-

416 3621 533 3667 tum
588 3631 655 3665 ex
697 3616 966 3665 vocabulo
1027 3616 1376 3666 antecedenti
1421 3630 1503 3665 οι·-

415 3690 548 3736 tum.
619 3685 885 3749 Equidem
933 3700 1054 3734 cum
1109 3685 1332 3749 reliquis
1378 3683 1498 3735 edd.

416 3752 754 3804 retinendum
793 3753 941 3802 duxi.

484 3812 699 3868 πολλὸν
736 3814 883 3870 εἶναι
929 3812 1157 3870 αὐτῶν
1191 3812 1257 3868 τὸ
1300 3816 1499 3884 μέσον]

416 3890 454 3939 i.
472 3906 521 3939 e.
543 3892 738 3938 multum
755 3892 892 3939 inter
908 3891 1000 3939 illa
1024 3889 1187 3953 (quae
1207 3888 1316 3938 illis
1337 3889 1496 3939 modo

415 3957 695 4022 proposita
714 3964 887 4018 erant,
907 3958 1048 4007 inter
1069 3958 1308 4020 inopiam
1330 3963 1385 4007 et
1405 3958 1498 4007 bo-

414 4040 605 4076 norum
653 4025 1013 4090 affluentiam)
1067 4030 1331 4077 interesse.
1408 4025 1492 4076 Cf.

414 4096 511 4157 IX,
540 4094 608 4144 82
632 4093 817 4157 ibique
843 4098 982 4144 nott.
1040 4093 1107 4143 In
1130 4109 1281 4158 seqq.
1315 4108 1495 4156 παρα-

415 4159 671 4228 γυμνοῦν
719 4154 842 4225 (τὸν
888 4153 1085 4224 λόγον)
1143 4166 1226 4222 est
1277 4162 1504 4228 nudare,-

409 4232 743 4298 pacel’acere,
797 4232 1039 4293 aperirae
1100 4231 1173 4280 cf.
1227 4230 1494 4281 Herodot.

411 4302 579 4368 VIII,
618 4299 682 4356 19
717 4305 770 4356 et
798 4300 1072 4356 Plotinum
1107 4315 1162 4368 p.
1198 4299 1295 4350 162
1318 4300 1363 4350 Β
1405 4300 1489 4351 ed.

1684 2093 2078 2160 βουλομένοισι
2125 2090 2229 2158 μὲν
2288 2086 2441 2156 ἐμέο
2494 2096 2692 2145 πείθε-

1615 2163 1777 2229 σθαι]
1816 2166 2009 2215 Rarior
2033 2165 2185 2214 verbi
2210 2163 2527 2214 πείθεσθαι
2552 2171 2692 2215 stru-

1613 2240 1768 2285 ctura
1812 2250 1932 2284 cum
1969 2235 2212 2298 genitivo
2258 2234 2376 2284 loco
2415 2235 2590 2284 dativi
2624 2251 2693 2284 ne

1613 2320 1770 2369 quem
1806 2303 2062 2353 offendat.
2136 2304 2394 2353 Laudant
2439 2305 2581 2353 enim
2619 2305 2691 2352 si-

1612 2374 1762 2422 milia
1798 2388 1828 2422 e
1855 2377 2043 2422 nostro
2077 2373 2341 2436 scriptore
2374 2374 2440 2434 V,
2475 2373 2562 2424 29.
2603 2373 2690 2424 33.

1611 2444 1717 2504 VI,
1760 2443 1840 2492 12.
1890 2442 2139 2506 Thucyd.
2166 2442 2303 2503 VII,
2330 2441 2415 2492 73.
2470 2442 2691 2506 Scymni

1612 2511 1734 2562 Chii
1782 2512 1996 2592 Pffieg·
2052 2511 2138 2562 51.
2229 2511 2312 2559 Ad
2360 2515 2691 2561 structuram

1609 2581 1762 2631 verbi
1806 2594 2041 2630 ακουειν
2096 2584 2151 2630 et
2198 2580 2454 2630 similium
2504 2580 2691 2630 retulit

1608 2649 1865 2700 Kuehner
1900 2651 1994 2701 Gr.
2033 2649 2127 2700 Gr.
2166 2652 2216 2712 9.
2248 2650 2368 2700 528.
2415 2654 2530 2700 not.
2564 2653 2615 2698 4.

1680 2716 1861 2768 δοκέω
1931 2716 2095 2783 θείῃ
2169 2709 2343 2781 τύχῃ
2414 2710 2687 2784 γεγονώς]

1611 2786 1748 2853 θείῃ
1795 2779 1937 2852 τύχῃ
1977 2790 2063 2838 est
2105 2785 2340 2837 formula
2374 2803 2485 2837 non
2530 2787 2690 2837 valde

1612 2858 1796 2921 dispar
1829 2857 1900 2906 ab
1932 2872 2022 2917 ea,
2069 2871 2209 2920 quae
2248 2856 2305 2916 1,
2351 2855 2447 2906 111
2488 2855 2690 2921 legitur

1608 2919 1752 2974 κατὰ
1788 2923 2054 2988 δαίμονα,
2084 2932 2139 2974 et
2166 2925 2235 2974 ab
2264 2924 2385 2974 aliis
2411 2925 2572 2976 huius
2600 2941 2691 2990 ge-

1607 2996 1782 3056 neris,
1830 3010 1969 3058 quae
2004 2995 2208 3044 excitat
2241 2993 2568 3045 Valckenar.
2619 2995 2688 3044 ad

1606 3063 1813 3114 Herod.
1850 3063 1959 3124 111,
1999 3063 2126 3126 153,
2163 3055 2307 3111 κατὰ
2340 3055 2510 3122 θεὸν,
2549 3056 2692 3111 κατὰ

1606 3126 1788 3197 τύχην
1833 3147 1885 3181 κ.
1926 3147 1973 3180 τ.
2011 3131 2057 3181 λ.
2143 3133 2388 3197 Namque
2434 3148 2501 3183 ex
2543 3137 2690 3182 vete·

1606 3218 1726 3252 rum
1761 3202 2058 3263 sententia,
2095 3205 2157 3252 ut
2195 3203 2275 3252 ait
2294 3200 2689 3251 Valckenarius

1608 3272 1643 3321 l.
1693 3270 1763 3333 1.,
1820 3270 2080 3335 providae
2126 3271 2216 3320 dei
2253 3286 2417 3320 curae
2466 3271 2690 3321 suberat

1609 3341 1805 3400 etiam,
1867 3355 2007 3404 quae
2062 3341 2195 3390 Fors
2240 3340 2524 3390 dicebatur
2572 3341 2689 3389 sive

1608 3410 1861 3468 Fortuna,
1911 3401 2071 3472 τύχη.
2145 3407 2304 3458 Conf.
2348 3408 2552 3459 Herod.
2590 3409 2685 3470 IV,

1606 3477 1658 3528 8.
1696 3479 1763 3538 V,
1790 3477 1877 3527 92.
1917 3476 1966 3538 §-
1992 3477 2042 3538 3,
2083 3482 2136 3527 et
2155 3478 2372 3527 Livium
2395 3478 2441 3536 I,
2465 3479 2498 3526 4
2525 3477 2689 3539 (forte

1606 3546 1823 3613 quadam
1876 3539 2159 3611 divinitus),
2218 3546 2312 3595 ubi
2362 3546 2477 3598 vid.
2527 3548 2575 3597 1.
2621 3547 2684 3595 F.

1606 3614 1959 3665 Gronovium.
2014 3646 2072 3654 ——
2142 3616 2322 3665 Verba
2372 3616 2682 3680 sequentia:

1604 3676 1738 3732 τάδε
1787 3673 1843 3739 ἐς
1895 3685 2086 3746 χεῖρας
2122 3674 2368 3747 ἄγεσθαι
2403 3690 2586 3734 verte:
2634 3690 2688 3732 ut

1601 3752 1725 3801 haec
1774 3753 2052 3816 agyrecliar
2090 3761 2242 3818 atque
2284 3755 2578 3815 suscipiam,
2636 3769 2681 3801 s.

1603 3821 1777 3885 magis
1818 3820 1886 3869 ad
1919 3822 2170 3871 verbum:
2208 3829 2263 3871 ut
2281 3822 2406 3871 haec
2440 3825 2489 3872 in
2515 3835 2687 3869 manus

1600 3904 1737 3939 meas·
1781 3888 2054 3952 abduc-ani,
2104 3891 2141 3939 i.
2190 3906 2238 3940 e.
2288 3892 2337 3938 in
2384 3897 2685 3952 potestatem

1598 3974 1754 4007 meam
1788 3958 2021 4022 redfyere
2054 3974 2225 4010 coner.
2279 3957 2564 4007 Invenitur
2598 3973 2685 4007 ea-

1600 4026 1718 4076 dem
1757 4026 1924 4075 dictio
1960 4027 2055 4084 IV,
2097 4028 2182 4077 79.
2237 4028 2373 4084 VII,
2417 4027 2471 4077 8.

1670 4092 1764 4143 καὶ
1812 4087 1989 4152 ὖιιέας
2038 4085 2294 4160 ἥγημαι
2358 4086 2575 4159 ἄνδρας
2629 4111 2679 4142 κ.

1600 4179 1644 4211 τ.
1696 4163 1773 4229 λ.]
1828 4158 2093 4228 ἥγημαι
2143 4165 2443 4228 perfectum
2495 4162 2681 4213 eodem

1598 4233 1785 4295 modo,
1829 4248 1935 4297 quo
1971 4232 2028 4294 1,
2062 4235 2112 4296 4,
2153 4234 2247 4282 ubi
2283 4233 2395 4284 vid.
2432 4237 2574 4283 nott.
2610 4262 2681 4270 —-

1597 4301 1907 4352 Formulam
1933 4291 2009 4359 ὡς
2026 4289 2108 4351 ὦν
2131 4293 2377 4368 ἐχόντων
2393 4289 2503 4349 ὦδε
2528 4301 2681 4368 (quae
