3109 5092
520 359 644 441 &4
1391 356 1921 419 HERODOTI

519 533 767 623 λέουσι.
787 527 1120 619 μυστήρια
1163 527 1548 615 Αἰγύπτιοι.
1611 531 1767 618 περὶ
1806 531 1933 617 μέν
1972 556 2106 597 νυν
2144 525 2407 596 τούτων
2438 525 2642 596 εἰδότι
2686 551 2809 613 μοι

519 635 628 702 ἐπὶ
671 635 878 702 πλέον
922 627 1011 711 ὥς
1053 635 1297 700 ἕκαστα
1341 628 1571 699 αὐτῶν
1613 638 1786 718 ἔχει,
1834 628 2125 718 εὔστομα
2170 638 2446 700 κείσθω.
2531 631 2643 697 καὶ
2681 633 2810 715 τῆς

517 735 873 826 Δήμητρος
898 740 1164 823 τελετῆς
1195 736 1367 825 πέρι,
1393 732 1516 821 τὴν
1546 740 1617 803 οἱ
1630 730 1947 823 Ἕλληνες
1975 733 2398 822 θεσμοφόρια
2428 736 2767 815 καλέουσι,
2791 742 2903 797 187

517 840 630 907 καὶ
656 838 901 927 ταύτης
933 837 1144 907 εἰδότι
1170 864 1282 925 μοι
1315 841 1466 925 πέρι
1496 833 1783 927 εὔστομα
1832 844 2125 920 κείσθω,
2174 835 2352 925 πλὴν
2391 832 2550 905 ὅσον
2589 830 2804 921 αὐτῆς

517 937 666 1028 ὁσίη
709 943 846 1010 ἐστὶ
888 943 1132 1028 λέγειν.
1197 945 1274 1008 αἰ
1300 945 1582 1008 Δαναοῦ
1625 943 1998 1030 θυγατέρες
2045 931 2217 1029 ἦσαν
2257 944 2334 1007 αἰ
2364 937 2492 1028 τὴν
2517 933 2800 1023 τελετὴν

516 1043 770 1132 ταύτην
798 1047 864 1125 ἐξ
893 1043 1244 1130 Αἰγύπτου
1275 1046 1715 1128 ἐξαγαγοῦσαι
1746 1045 1858 1113 καὶ
1887 1042 2238 1126 διδάξασαι
2263 1037 2379 1121 τὰς
2394 1038 2793 1126 Πελασγιώ-

515 1153 705 1228 τιδας
741 1162 1086 1234 γυναῖκας.
1159 1143 1328 1233 μετὰ
1366 1145 1474 1231 δὲ,
1526 1146 1970 1236 ἐξαναστάσης
2009 1144 2221 1233 πάσης
2260 1142 2797 1232 Πελοποννήσου

515 1364 570 1413 p.
593 1347 714 1409 664,
743 1345 1342 1395 Wilkinson.Manners
1368 1348 1474 1394 etc.
1492 1358 1602 1393 sec.

517 1432 622 1468 ser.
658 1416 736 1466 ΙΙ.
772 1431 828 1480 p.
866 1414 967 1466 305
1005 1429 1117 1479 seq.

585 1508 678 1567 ἐπὶ
715 1514 910 1582 πλέον]
950 1517 987 1566 1.
1029 1533 1075 1567 e.
1108 1518 1254 1580 plus,
1293 1518 1596 1565 accuratius.

517 1587 678 1638 Conf.
728 1586 1015 1637 Heindorf.
1065 1586 1135 1636 ad
1169 1585 1386 1635 Platon.
1434 1585 1599 1649 Gorg.

514 1673 569 1721 p.
608 1657 704 1719 23,
752 1657 822 1706 ad
855 1656 1130 1706 Phaedon.
1168 1671 1224 1720 p.
1267 1656 1383 1705 161.
1459 1652 1599 1703 Add.

514 1728 636 1776 Act.
671 1725 878 1790 philoll.
920 1726 1168 1775 Monacc.
1215 1724 1261 1774 Ι.
1311 1739 1438 1789 pag.
1476 1723 1597 1773 280.

586 1818 832 1891 εὔστομα
878 1827 1117 1893 κείσθω]
1173 1827 1210 1878 1.
1258 1845 1305 1878 e.
1357 1830 1603 1878 silentium

514 1914 670 1963 were
703 1898 876 1947 debeo.
936 1897 1218 1962 Loquendi
1256 1897 1485 1947 formula
1519 1911 1603 1945 se-

513 1968 673 2017 rioris
697 1967 899 2016 aetatis
927 1968 1282 2031 scriptoribus
1311 1966 1473 2016 valde
1497 1966 1602 2015 fre-

514 2051 713 2101 quens,
751 2041 811 2085 ut
843 2036 902 2085 in
929 2036 1270 2099 proverbium
1306 2037 1418 2086 fere
1455 2035 1601 2084 abie-

513 2108 603 2155 rit.
697 2104 784 2154 Tu
838 2104 948 2154 vid.
1003 2103 1174 2153 schol.
1231 2104 1301 2154 ad
1341 2103 1597 2168 Sophocl.

513 2172 745 2224 Philoet.
797 2175 916 2223 201.
973 2172 1251 2223 Plutarch.
1297 2170 1491 2223 Moral.
1541 2188 1596 2237 p.

512 2244 636 2294 857.
702 2241 1031 2292 Theodoret.
1095 2242 1321 2292 Graece.
1375 2241 1597 2292 Affectt.

514 2310 639 2360 Cur.
694 2325 749 2373 p.
810 2311 904 2362 137
959 2310 1111 2375 Sylb.
1162 2327 1214 2375 p.
1268 2312 1373 2362 374
1419 2311 1598 2361 Gaisf.

513 2379 752 2429 Thomas
783 2380 935 2443 Mag.
970 2395 1024 2444 p.
1064 2379 1167 2430 395
1212 2384 1265 2430 et
1302 2379 1596 2444 Phrynich.

513 2463 641 2530 pag.
678 2447 782 2499 469
819 2449 902 2498 ed.
944 2449 1184 2499 Lobeck.
1271 2450 1426 2510 Quod
1467 2463 1597 2498 vero

512 2518 570 2566 in
593 2516 872 2568 Herodoto
900 2519 1137 2568 scribere
1171 2517 1352 2583 placet
1380 2518 1598 2569 Sturzio

513 2586 584 2636 ad
614 2585 883 2637 Hellanic.
921 2589 1132 2667 fragm.
1163 2604 1218 2653 p.
1253 2587 1321 2639 33
1367 2588 1454 2649 (ut
1485 2603 1599 2636 mo-

504 2660 607 2706 ·net
631 2655 700 2706 ad
731 2656 849 2708 1ι.1.
877 2655 1029 2721 Cn).
1068 2646 1132 2706 εὖ
1156 2650 1334 2721 στόμα
1357 2655 1595 2715 κει’,σθω

513 2726 551 2776 1.
583 2740 630 2776 e.
669 2729 894 2790 quiescat
926 2726 1038 2776 milti
1070 2742 1152 2789 os,
1203 2734 1424 2787 taceam,
1475 2740 1597 2775 cum

510 2785 757 2859 εὔστομα
803 2795 1063 2845 denotent.
1096 2796 1179 2845 ori
1211 2812 1274 2845 ac
1302 2798 1476 2858 palato
1522 2797 1599 2843 iu-

512 2864 710 2921 οιςιηᾱα
740 2863 795 2913 id
817 2865 884 2913 ab
900 2864 1164 2914 Herodoti
1196 2864 1349 2914 libris
1376 2864 1597 2929 scriptis

513 2947 687 2997 aeque
731 2932 937 2981 recedit
978 2938 1142 2997 atque
1186 2934 1257 2983 ab
1291 2948 1394 2983 usu
1431 2933 1596 2982 serio-

513 3016 631 3049 rum
654 3001 992 3064 scriptorum,
1015 3001 1106 3065 qui
1121 3002 1456 3052 Herodotum
1482 3002 1598 3050 imi-

513 3070 619 3119 tati
646 3074 793 3117 sunt.
854 3070 1011 3130 Quod
1047 3085 1175 3119 vero
1202 3071 1403 3120 Noster
1439 3076 1600 3119 tanta

514 3153 635 3188 cum
664 3137 919 3188 cautione
945 3139 1012 3188 de
1035 3138 1117 3187 his
1143 3139 1399 3221 loquitur,
1430 3155 1597 3204 quan-

512 3211 572 3257 ta
610 3207 937 3258 Graecorum
993 3208 1265 3272 mysteriis
1322 3209 1596 3257 initiatum

513 3276 662 3342 loqui
709 3277 794 3326 fas
841 3281 986 3337 erat,
1042 3276 1296 3327 credibile
1332 3281 1446 3340 est,
1498 3281 1596 3326 aut

512 3346 688 3411 ipsum
736 3346 818 3395 his
853 3345 1242 3409 Aegyptiorum
1289 3347 1461 3396 sacris
1495 3347 1596 3395 ini-

511 3416 708 3465 tiatum
734 3415 904 3465 fuisse
926 3416 1189 3465 Graecum
1217 3416 1465 3480 quamvis
1502 3416 1596 3466 ho-

511 3486 709 3535 minem
758 3500 822 3535 ac
869 3484 1240 3549 peregrinum,
1300 3490 1395 3535 aut
1447 3489 1598 3535 certe

512 3554 837 3615 admissum,
900 3554 992 3618 qui
1059 3552 1142 3603 his
1205 3554 1596 3619 Aegyptiorum

514 3624 683 3674 sacris
718 3638 827 3673 una
871 3638 991 3672 cum
1041 3624 1270 3673 caeteris
1306 3624 1595 3688 Aegyptiis

512 3692 730 3743 adesset
777 3707 843 3741 ac
877 3691 1095 3756 singula
1127 3706 1398 3756 quaeque,
1456 3708 1595 3756 quae

513 3761 581 3810 ad
629 3762 764 3812 haec
804 3776 962 3811 sacra
1010 3763 1319 3825 peragenda
1363 3762 1597 3825 pertine-

511 3835 648 3890 rent,
681 3829 795 3879 suis
823 3829 992 3879 oculis
1016 3830 1373 3893 conspiceret,
1405 3830 1593 3880 eadem

510 3897 728 3947 tacendi
763 3897 1058 3963 religione,
1081 3913 1206 3962 ·qua
1234 3898 1454 3963 reliqui,
1501 3898 1597 3948 ob-

511 3966 764 4024 strictus;
803 3966 916 4016 vid.
948 3965 1275 4018 Wilkinson.
1315 3966 1351 4016 1.
1388 3968 1425 4017 l.
1494 3969 1593 4017 At-

511 4049 614 4099 que
672 4035 757 4084 vel
810 4035 945 4084 haec
995 4050 1080 4084 res
1139 4036 1271 4085 mihi
1319 4036 1596 4086 declarare

508 4104 721 4153 videtur
774 4103 1183 4153 similitudinem
1228 4105 1500 4185 quandam
1540 4109 1596 4155 et

508 4171 972 4234 coniunctionem,
1022 4185 1181 4235 quam
1227 4174 1373 4223 inter
1419 4176 1595 4240 Aegy·

508 4243 737 4306 ptiorum
815 4246 979 4303 atque
1043 4239 1371 4291 Graecorum
1436 4258 1596 4292 sacra

508 4327 552 4361 s.
595 4309 854 4374 mysteria
899 4308 1236 4361 intercedere
1281 4310 1594 4362 Herodotus

509 4385 656 4433 certe
690 4377 1059 4429 existimabat.

1777 1335 1883 1408 τὴν
1917 1336 1977 1392 οἷ
1999 1331 2263 1405 Ελληνες
2297 1334 2663 1404 θεσμοφόρια
2694 1352 2800 1387 κα-

1703 1409 1914 1496 λέουσι]
1965 1413 2050 1461 De
2091 1413 2419 1463 Graecorum
2465 1407 2799 1469 Thesmopho·

1702 1485 1796 1600 ralis
1840 1486 2205 1598 exposluerunt
2230 1480 2324 1598 3?
2362 1479 2527 1599 groix
2561 1477 2798 1597 11οοὶιοῖ

1704 1567 1733 1601 c
1775 1567 1830 1600 es
1868 1567 1961 1602 sur
2018 1566 2075 1600 es
2107 1566 2225 1614 mys
2288 1565 2330 1598 r.
2450 1562 2633 1613 pagan

1704 1636 1758 1684 p.
1782 1618 1886 1670 110
1923 1620 2008 1669 ed.
2049 1634 2159 1669 sec.
2177 1617 2521 1680 ,.Wellauer
2562 1616 2629 1666 de
2648 1616 2799 1665 The·

1703 1690 2058 1754 smophoriis,
2113 1687 2410 1738 vratislav.
2468 1685 2626 1748 1820,
2675 1684 2795 1745 alii,

1704 1774 1840 1823 quos
1875 1758 2104 1808 laudant
2144 1758 2471 1817 Creuzerus,
2533 1756 2623 1820 qui
2672 1753 2796 1817 ipse

1701 1827 1767 1877 de
1802 1828 1886 1877 bis
1915 1826 2215 1892 disputavit
2247 1792 2489 1891 Symbol.
2520 1823 2568 1875 Ι.
2598 1840 2651 1887 p.
2689 1821 2795 1873 148

1701 1913 1815 1961 seq.
1845 1895 1961 1946 153.
1991 1897 2085 1946 lv.
2106 1912 2157 1960 p.
2175 1894 2272 1945 371
2306 1909 2458 1959 seqq.
2482 1894 2587 1944 429
2613 1906 2791 1955 seqq„

1701 1972 1756 2016 et
1791 1966 1852 2015 C.
1902 1966 1968 2016 F.
2012 1966 2320 2015 Hermann:
2371 1960 2793 2013 Gottesdienstl.

1700 2034 2023 2085 Alterthiim.
2073 2033 2123 2096 ἐ.
2161 2034 2248 2083 51.
2299 2037 2415 2082 not.
2461 2030 2549 2082 20.
2597 2033 2646 2093 §-
2696 2031 2791 2080 56.

1698 2108 1812 2154 not.
1869 2104 1933 2154 15
1978 2118 2125 2168 seqq.
2181 2101 2307 2153 coll.
2359 2105 2411 2165 ξ.
2460 2101 2511 2152 3.
2561 2105 2675 2149 not.
2735 2100 2791 2148 5.

1705 2173 1914 2234 Quibus
1954 2173 2080 2222 addi
2118 2187 2330 2237 quoque
2353 2174 2536 2235 potest
2558 2170 2628 2218 W
2631 2168 2795 2217 ilkin-

1701 2258 1816 2292 son.
1856 2244 2113 2291 Manners
2154 2246 2259 2291 etc.
2310 2256 2421 2291 sec.
2476 2254 2579 2289 ser.
2628 2238 2674 2288 1.
2729 2252 2790 2301 p.

1702 2311 1804 2363 328
1839 2326 1952 2375 seq.
2005 2311 2080 2360 11.
2120 2325 2248 2375 pag.
2301 2308 2405 2360 320
2444 2323 2595 2373 seqq.
2683 2307 2793 2355 Ne-

1700 2396 1805 2445 que
1831 2381 1971 2429 enim
1994 2380 2208 2441 desunt,
2240 2379 2334 2444 qui
2359 2375 2792 2439 Thesmophoria

1699 2449 1755 2498 in
1805 2449 2085 2500 Graeciam
2135 2417 2208 2498 ab,
2252 2450 2502 2512 Aegypto
2549 2444 2791 2495 deducta

1700 2532 1821 2568 esse
1854 2533 2074 2583 prorsus
2107 2522 2307 2599 negent
2342 2515 2789 2578 Herodotumqne

1699 2587 2075 2651 praeiudicata
2112 2587 2367 2652 opinione
2413 2589 2630 2648 captum
2674 2588 2788 2632 tur-

1699 2656 1841 2720 piter
1884 2654 2097 2720 lapsum
2150 2671 2270 2705 esse
2311 2654 2567 2704 clament.
2646 2651 2788 2701 Mihi

1700 2729 1882 2775 tamen
1917 2724 2187 2775 Herodoti
2230 2723 2299 2774 ad
2336 2723 2643 2787 Aegyptum
2694 2721 2792 2770 ho-

1698 2810 1815 2843 rum
1849 2810 2125 2844 sacrorum
2154 2792 2319 2858 (quae
2340 2807 2374 2841 a
2398 2791 2620 2843 Graecis
2658 2789 2788 2840 inde

1697 2865 1909 2914 varium
1944 2863 2001 2912 in
2036 2862 2251 2913 modum
2287 2861 2507 2911 exculta
2540 2860 2789 2924 adeoque

1696 2934 1863 2983 etiam
1896 2933 2181 2982 immutata
2212 2947 2332 2982 esse
2372 2931 2518 2981 haud
2546 2944 2787 2994 negave-

1696 3002 1820 3067 rim)
1883 3002 2177 3065 primordia
2231 3000 2543 3051 revocantis
2603 2999 2785 3064 potior

1698 3071 1911 3120 videtur
1940 3072 2258 3133 auctoritas,
2287 3070 2643 3120 recentiorum
2671 3082 2785 3116 ma-

1697 3140 1988 3204 gistrorum
2058 3140 2310 3191 doctrina
2372 3139 2518 3188 haud
2587 3135 2787 3186 sollici-

1695 3208 1885 3259 tanda.
1937 3211 2023 3259 Ex
2043 3210 2294 3275 Aegypto
2319 3214 2501 3258 autem
2527 3207 2787 3256 Thesmo-

1696 3278 2003 3342 phoriorum
2043 3279 2281 3343 origines
2310 3275 2630 3342 repetendas
2663 3289 2786 3324 esse

1696 3362 1854 3397 nemo
1877 3348 2189 3410 mirabitur,
2217 3348 2309 3413 qui
2331 3347 2658 3398 Graecorum
2686 3343 2786 3393 Ce-

1697 3432 1869 3466 rerem
1914 3415 2058 3466 haud
2103 3414 2263 3466 aliam
2308 3430 2429 3466 esse
2475 3419 2640 3479 atque
2683 3412 2786 3462 Isi-

1698 3484 1822 3535 dem
1868 3486 2229 3550 perspexerit,
2286 3499 2425 3549 quae
2470 3499 2591 3533 cum
2643 3481 2789 3545 agri-

1698 3554 1994 3615 culturam,
2043 3554 2200 3604 sedes
2239 3553 2402 3615 fixas,
2466 3552 2606 3612 alia,
2643 3565 2788 3615 quae

1694 3623 1802 3673 huc
1859 3627 2136 3687 spectant,
2196 3624 2372 3688 prima
2432 3621 2785 3681 instituisset,

1696 3692 2005 3742 istiusmodi
2040 3694 2185 3742 festa
2229 3692 2335 3742 sibi
2368 3690 2561 3740 habuit
2597 3704 2787 3739 conse—

1697 3766 1868 3811 crata.
1955 3761 2110 3811 Conf.
2150 3760 2352 3811 Herod.
2399 3760 2485 3821 11,
2533 3758 2619 3809 59.
2659 3758 2781 3808 158.

1695 3858 1766 3867 ——·
1800 3831 1885 3879 De
1913 3831 2099 3908 anao
2136 3829 2280 3879 conf.
2306 3833 2422 3879 not.
2449 3828 2519 3878 ad
2555 3827 2781 3889 11,107.

1765 3893 1859 3946 καὶ
1894 3890 2102 3962 ταύτης
2137 3888 2367 3947 εἰδότι
2401 3912 2500 3960 μοι
2534 3911 2584 3945 κ.
2623 3910 2671 3945 τ.
2701 3892 2776 3959 λ.]

1697 3958 1874 4016 εἰδότι
1912 3984 1942 4016 e
1973 3966 2245 4017 Sancrofti
2280 3965 2419 4016 libro
2457 3981 2578 4016 cum
2602 3963 2782 4016 Gaisf.

1695 4036 1897 4099 recepi,
1918 4051 2039 4086 cum
2065 4036 2230 4101 vulgo
2258 4035 2491 4086 abesset.
2531 4035 2783 4084 Recentt.

1699 4104 1818 4154 edd.
1857 4105 2032 4154 denuo
2072 4105 2387 4155 abiecerunt
2424 4103 2693 4153 voculam.
2716 4129 2785 4138 —-

1700 4173 1767 4222 In
1811 4189 1962 4239 seqq.
2001 4165 2206 4239 αὐτῆς,
2257 4177 2320 4223 ut
2356 4178 2522 4223 antea
2553 4163 2785 4234 ταύτης,

1697 4246 1911 4322 spectat
1947 4242 2016 4292 ad
2049 4240 2150 4305 τῆς
2185 4233 2490 4306 Δήμητρος
2534 4239 2782 4304 τελετῆςς

1696 4302 1826 4373 ὁσίη
1862 4308 2227 4375 (fas,p1‘elas]
2265 4310 2453 4361 eodem
2490 4309 2650 4358 modo
2685 4323 2788 4374 po·

1697 4380 1870 4440 nitur,
1909 4394 2015 4443 quo
2043 4380 2134 4441 11,
2161 4380 2249 4430 45.
2294 4381 2379 4429 Ex
2404 4380 2643 4429 Homero
2681 4377 2787 4428 uti·
