3109 5092
441 384 561 446 314

1302 373 1844 437 HERODOTI

441 557 568 648 μὲν
597 552 681 644 δὴ
719 551 930 622 ταῦτά
965 556 1037 621 οί
1070 548 1463 636 ὑπετίθετο,
1511 549 1916 640 αἱρετώτερα
1954 551 2163 616 ταῦτα
2205 546 2541 640 εὑρίσκων
2571 559 2713 621 Λυ-

448 669 622 732 δοῖσι
640 710 657 744 ,
701 652 743 746 ἢ
770 653 1441 746 ἀνδραποδισθέντας
1468 659 1815 746 πρηθῆναι
1842 652 2083 740 σφέας“
2130 647 2569 745 ἐπιστάμενος
2592 653 2716 743 ὅτι,

446 761 534 854 ἦν
565 761 656 852 μὴ
698 758 1062 851 ἀξιόχρεων
1102 759 1446 849 πρόφασιν
1482 766 1804 847 προτείνῃ
1826 809 1845 844 ,
1890 752 2016 826 όῦκ
2056 751 2405 830 ἀναπείσει
2444 790 2563 849 μιν
2599 789 2714 849 με-

447 864 1036 956 ταβουλεύσασθαι
1055 915 1073 948 ,
1103 863 1471 954 ἀρρωδέων
1498 865 1575 935 δὲ
1592 918 1610 950 ,
1642 861 1734 953 μὴ
1759 863 1873 931 καὶ
1902 855 2188 951 ὕστερόν
2215 892 2367 936 κοτε
2395 870 2464 936 οἱ
2485 867 2723 950 Λυδοὶ,

445 969 534 1060 ἢν
582 967 659 1039 τὸ
712 967 968 1058 παρεὸν
1016 963 1533 1058 ὑπεκδράμωσι,
1589 964 1998 1047 ἀποστάντες
2047 964 2180 1038 ἀπὸ
2218 973 2359 1039 ταῖν
2403 972 2726 1058 Περσέων

448 1073 855 1146 ἀπόλωνται.
926 1079 1154 1163 Κῦρος
1195 1073 1270 1142 δὲ
1311 1067 1548 1161 ἡσθεὶς
1593 1078 1676 1162 τῇ
1703 1067 2055 1162 ὑποθήκῃ,
2098 1075 2210 1142 καὶ
2237 1069 2433 1154 ὑπεὶς
2459 1078 2576 1162 τῆς
2605 1071 2720 1162 ὄρ-

451 1184 607 1268 γῆς,
650 1183 779 1266 ἔφη
822 1182 891 1247 οἱ
926 1184 1322 1276 πείθεσθαι..

1416 1180 1699 1257 καλέσας
1742 1176 1816 1245 δὲ
1846 1174 2168 1265 Μαζάρεα
2208 1175 2426 1267 ἄνδρα
2455 1184 2725 1266 Μῆδον,

451 1279 664 1353 ταῦτά
704 1285 773 1350 οί
807 1277 1181 1352 ἐνετείλατο
1227 1296 1579 1369 προειπεῖν
1608 1286 1926 1366 Λυδοῖσι,
1967 1278 2048 1349 τά
2085 1276 2122 1349 ὁ
2165 1290 2454 1370 Κροῖσος
2489 1278 2722 1352 ὑπετί-

453 1398 619 1456 θετο
638 1407 652 1421 ·
713 1386 826 1452 καὶ
880 1382 1043 1474 πρὸς
1085 1382 1788 1473 ἐξανδραποδίσασθαι
1836 1383 1995 1465 τούς
2037 1381 2281 1468 ἄλλους
2321 1386 2605 1473 πάντας,
2665 1393 2734 1455 οἳ

457 1484 623 1579 μετὰ
666 1492 919 1559 Λυδῶν
972 1485 1083 1559 ἐπὶ
1121 1487 1377 1576 Σάρδις
1422 1485 1985 1579 ἐστρατεύσαντο,
2039 1485 2247 1561 αὑτὸν
2287 1489 2363 1559 δὲ
2407 1489 2732 1577 Πακτύην

322 1601 440 1663 157
463 1592 731 1672 πάντως
770 1596 985 1675 ζῶντα
1024 1589 1304 1682 ἀγαγεῖν
1344 1591 1491 1682 παρ’
1528 1592 1802 1664 ἑωυτόν.
1863 1588 1935 1661 Ὁ
1968 1592 2095 1682 μὲν
2135 1592 2219 1684 δὴ
2259 1599 2467 1663 ταῦτα
2515 1591 2590 1662 ἐκ
2616 1598 2732 1680 τῆς

457 1693 623 1768 ὁδοῦ
679 1691 1141 1787 ἐντειλάμενος
1197 1694 1541 1785 ἀπήλαυνε
1594 1694 1661 1778 ἐς
1696 1694 1874 1786 ἤθεα
1908 1695 1990 1766 τὰ
2016 1700 2373 1783 Περσέων,
2416 1696 2733 1784 Πακτύης

460 1801 536 1872 δὲ
570 1798 959 1888 πυθόμενος
1005 1799 1216 1890 ἀγχοῦ
1261 1800 1435 1871 εἶναι
1471 1800 1758 1891 στρατὸν
1805 1798 1901 1870 ἐπ’
1942 1799 2193 1880 ἑωυτὸν
2234 1800 2458 1884 ἰόντα,
2511 1808 2736 1879 δείσας

459 1933 666 2000 ωχετο
712 1903 993 1992 φεύγων
1029 1909 1095 1987 ἐς
1138 1905 1402 1994 Κύμην.

1494 1905 1817 1995 Μαζάρης
1860 1901 2009 1974 δὲ’
1978 1934 2015 1975 ο
2060 1911 2301 1995 Μῆδος
2337 1903 2576 1985 ἐλάσας
2627 1905 2736 1974 ἐπὶ

457 2007 573 2089 τὰς
606 2008 899 2098 Σάρδις,
945 2015 1066 2078 τοῦ
1101 2009 1340 2098 Κύρου
1385 2014 1675 2110 στρατοῦ
1711 2024 1957 2098 μοῖραν
2008 2031 2175 2099 οσην
2220 2011 2304 2097 δή
2350 2037 2504 2078 κοτε
2544 2014 2737 2096 ἔχων,

462 2108 551 2192 ὥς
590 2109 716 2182 οὐκ
764 2101 921 2236 εὗρε
959 2118 1055 2182 ἔτι
1096 2113 1327 2194 ἐόντας
1363 2112 1519 2194 τούς
1546 2111 1721 2203 ἀμφὶ
1741 2112 2067 2201 Πακτύην
2096 2115 2171 2184 ἐν
2195 2112 2519 2198 Σάρδισι,
2552 2116 2736 2199 πρῶ-

462 2243 545 2284 τα
592 2215 717 2303 μὲν
760 2211 917 2292 τούς
972 2214 1241 2295 Λυδοὺς
1294 2214 1633 2303 ἠνάγκασε
1678 2215 1794 2297 τὰς
1840 2217 2079 2303 Κύρου
2126 2216 2397 2298 ἐντολὰς
2445 2216 2738 2286 ἐπιτελέ-

470 2340 604 2388 ειν·
675 2320 749 2386 ἐκ
790 2320 1032 2387 τούτου
1076 2320 1152 2388 δὲ
1198 2320 1739 2408 κελευσμοσύνης
1779 2322 1996 2389 Λυδοὶ
2042 2318 2168 2409 τὴν
2208 2325 2432 2390 πᾶσαν
2475 2327 2740 2390 δίαιταν

464 2425 582 2510 τῆς
631 2421 780 2512 ζόης
820 2426 1225 2510 μετέβαλον(
1302 2425 1625 2515 Μαζάρης
1667 2425 1741 2494 δὲ
1779 2423 1944 2511 μετὰ
1977 2429 2176 2492 τοῦτο
2215 2430 2469 2513 ἔπεμπε
2515 2427 2581 2504 ἐς
2618 2421 2740 2511 τὴν

470 2524 713 2616 Κύμην
759 2522 1116 2614 ἀγγέλους,
1174 2526 1518 2599 ἐκδιδόναι
1566 2526 1869 2599 κελεύων
1922 2526 2280 2617 Πακτύην·
2356 2533 2426 2598 οἰ
2470 2529 2545 2597 δὲ
2595 2535 2742 2597 Κυ-
2763 2525 2831 2581 76

470 2647 655 2720 μαῖοι
694 2627 1023 2718 ἔγνωᾶαν,
1061 2638 1452 2722 συμβουλῆς
1486 2635 1638 2723 πέρι
1668 2636 1734 2713 ἐς
1763 2629 1935 2702 θεὸν
1969 2629 2226 2726 ἀνῷσαι
2260 2630 2381 2701 τὸν
2413 2634 2488 2701 ἐν
2517 2639 2741 2722 Βραγ·

470 2815 689 2883 τίθετο]
738 2817 1072 2869 Particulam
1128 2834 1184 2868 τε
1233 2818 1377 2869 male
1430 2823 1556 2885 post

475 2885 581 2937 ταῦ
584 2902 651 2934 τα
684 2903 717 2936 a
740 2887 1014 2938 Gronovio
1039 2889 1299 2939 insertam
1329 2906 1450 2941 eum
1477 2906 1558 2940 re-

474 2960 642 3007 eentt.
659 2956 783 3007 edd.
800 2956 1097 3008 delevimus
1116 2959 1377 3009 librorum
1396 2959 1561 3024 pluri-

475 3040 685 3075 morum
724 3027 892 3076 iussu.
967 3029 1051 3078 De
1081 3028 1247 3078 verbo
1282 3018 1560 3078 ὑποτί-θε

476 3093 617 3145 σθάι
645 3094 717 3144 ef.
738 3100 877 3145 nott.
905 3096 974 3146 ad
1003 3098 1048 3160 Ι,
1093 3098 1212 3148 107.
1230 3128 1301 3137 —--
1324 3099 1390 3149 In
1409 3114 1561 3163 seqq.

476 3163 622 3216 haud
680 3167 1046 3216 necessarium
1099 3166 1318 3217 videtur
1365 3167 1564 3219 πειθε-

480 3232 654 3294 σθαι,
704 3239 765 3284 ut
797 3235 1059 3287 Heroldio
1097 3236 1308 3302 placet,
1354 3243 1564 3289 mutare

475 3306 531 3356 in
567 3302 897 3369 πεισεσθαι,
951 3323 1057 3371 neq
1061 3322 1128 3357 ue
1161 3303 1366 3366 ζῶντα,
1420 3306 1566 3374 quod

478 3388 664 3427 omnes
709 3374 868 3427 oodd.
918 3376 1173 3440 afferunt,
1226 3377 1283 3426 in
1328 3369 1563 3437 ζώοντα

478 3451 541 3497 ut
579 3451 835 3496 monente
868 3447 1103 3499 Bredov,
1142 3463 1195 3512 p.
1239 3447 1360 3498 170.
1395 3447 1568 3498 edidit

478 3516 728 3567 Dietseh.
764 3545 834 3553 —
876 3512 971 3566 καὶ
1006 3509 1153 3578 πρὸς
1203 3515 1283 3582 (ἰιι
1324 3516 1430 3567 fine
1479 3534 1568 3569 ea-

479 3585 653 3651 pitis),
693 3587 923 3647 insuper,
957 3595 1252 3650 praeterea,
1290 3587 1569 3637 nonnullis

483 3655 740 3720 exemplis
786 3655 1082 3707 illustravit
1123 3658 1450 3720 wesseling.
1498 3657 1568 3707 ad

483 3726 536 3776 h.-
576 3724 614 3775 l.
653 3727 739 3774 Tu
784 3726 894 3776 vid.
940 3728 1134 3794 Viget.
1191 3727 1260 3777 de
1306 3728 1568 3778 idiotism.

482 3811 611 3872 pag.
656 3794 769 3844 175.
807 3795 929 3848 662.

551 3854 622 3911 τὰ
660 3853 690 3912 ὁ
718 3863 969 3926 Κροῖσος
1004 3856 1335 3945 ὑπετίθετο]
1361 3867 1572 3929 Legen-

485 3933 612 3982 dum
648 3937 870 3984 auctore
898 3935 1098 3985 Cobet·
1138 3927 1205 3985 τά
1233 3928 1294 3984 οῖ
1319 3935 1571 3994 Κροῖσος

482 3993 808 4052 ὑπετίθετο.
880 4003 1042 4054 Cous.
1077 4009 1218 4055 nott.
1253 4005 1325 4056 ad
1363 4006 1408 4069 Ι,
1450 4006 1569 4058 107.

830 4138 963 4190 ΟΜ».
1002 4138 1219 4192 CLVII

554 4230 850 4303 ἀπήλαυνε
880 4231 935 4296 ἐς
952 4231 1130 4307 ἤθεα]
1156 4245 1237 4293 De
1261 4260 1396 4296 voce
1396 4236 1572 4328 ἤθεα

487 4309 652 4445 gtioadd
674 4310 1354 4432 {elli-‘ingllssigfflizgddeliz'lnli
1377 4307 1573 4451 {giga

488 4450 688 4505 mutari
725 4449 843 4503 vult
876 4452 1107 4505 Bredov.
1148 4469 1201 4520 p.
1239 4452 1359 4504 312.

1729 2818 1939 2880 μοῖραν
1994 2831 2177 2900 οσην
2193 2810 2312 2894 δή
2372 2831 2530 2867 κοτε
2579 2811 2747 2881 ἔχων]

1658 2890 1743 2940 De
1778 2903 1880 2937 usu
1918 2887 2150 2937 nominis
2187 2900 2323 2942 οσος
2357 2888 2411 2938 ἰιι
2448 2887 2602 2937 hisce
2637 2903 2747 2936 mo-

1661 2959 1781 3010 nuit
1815 2958 2087 3007 Matthiae
2137 2956 2231 3008 Gr.
2270 2958 2365 3008 Gr.
2404 2960 2454 3018 §-
2495 2955 2598 3008 486
2636 2959 2747 3006 not.

1667 3031 1718 3079 1.
1756 3043 1882 3091 pag.
1918 3027 2039 3088 909,
2076 3026 2128 3077 h.
2157 3025 2195 3076 l.
2221 3027 2300 3076 sie
2320 3031 2564 3077 vertenst
2603 3028 2753 3084 „eine

1666 3098 1998 3162 Abdeeiluny,
2045 3098 2136 3146 mie
2176 3112 2327 3157 ,qr-oss
2372 3099 2447 3147 sie
2484 3096 2610 3146 auch
2644 3098 2754 3146 sein

1664 3167 1912 3218 mochte.“
1983 3166 2122 3217 Add.
2153 3167 2408 3217 Kuehner
2445 3166 2536 3216 Gr.
2570 3166 2662 3218 Gr.
2701 3167 2753 3224 §-

1666 3236 1789 3288 788.
1861 3237 1975 3286 Nec
2032 3235 2191 3286 aliter
2243 3226 2378 3291 ὅσος
2428 3228 2500 3299 δὴ
2538 3236 2584 3290 Ῐ,
2638 3235 2753 3285 160.

1664 3307 1741 3371 ΙΙ,
1782 3305 1901 3358 103.
1951 3307 2049 3364 IV,
2100 3307 2221 3357 151.
2272 3311 2327 3355 et
2372 3305 2482 3366 ΙΙΙ,
2521 3307 2605 3356 52.
2655 3302 2756 3354 159

1669 3377 1736 3427 de
1781 3375 2160 3436 multitudine,
2212 3391 2353 3440 quae
2405 3380 2615 3438 quanta
2664 3373 2757 3433 sit,

1668 3445 1879 3496 definiri
1924 3462 2032 3496 non
2079 3442 2755 3502 notest.A‹1d.Siobel.

1668 3517 1740 3568 ad
1771 3517 2011 3567 Pausan.
2027 3515 2179 3578 VII,
2218 3515 2269 3566 3.
2307 3518 2359 3578 §-
2396 3517 2449 3565 4.

1760 3593 1836 3660 ὥς
1868 3593 1975 3651 οὐκ
2007 3588 2136 3661 εὗρε
2157 3633 2228 3642 —-
2249 3594 2386 3654 τοὺς
2418 3592 2569 3681 ἀμφὶ
2603 3598 2758 3649 Πακ-

1670 3668 1816 3732 τύην
1861 3662 1922 3720 ἐν
1965 3664 2236 3736 Σάρδισι]
2273 3663 2410 3728 τοίς
2449 3664 2598 3734 ἀμφὶ
2637 3669 2754 3719 Πα-

1672 3740 1854 3825 κτύην
1891 3740 2140 3804 intellige
2177 3744 2442 3806 Pactyam
2476 3756 2599 3792 eum
2643 3740 2758 3789 suis

1673 3813 1873 3878 copiis,
1908 3812 2108 3863 Sardes
2141 3811 2563 3872 occupantibus,
2608 3824 2760 3858 exee-

1672 3889 1770 3947 ραι,
1805 3898 1959 3940 arce
1988 3878 2065 3931 'in
2102 3898 2212 3946 qua
2245 3879 2512 3931 Tubulum
2550 3879 2760 3939 regium

1675 3954 1864 4004 ducem
1887 3920 2053 4003 fidum
2077 3954 2368 4002 tenuerun't
2392 3949 2660 3999 inclusum
2686 3945 2760 4010 (1,

1677 4023 1777 4075 154
1809 4021 1949 4084 fin.).
2021 4022 2106 4072 De
2141 4037 2279 4073 voce
2315 4008 2765 4082 κελευσμοσυνης

1673 4109 1849 4158 aeque
1900 4099 2066 4157 atque
2131 4092 2198 4142 de
2260 4089 2558 4148 κέλευσαα,
2620 4086 2765 4152 quod

1672 4163 1851 4226 ipsum
1886 4162 2175 4228 aliquoties
2234 4160 2420 4226 apud
2426 4157 2763 4209 Herodotum

1676 4233 1927 4293 obvium,
1979 4231 2125 4281 conf.
2175 4230 2412 4281 BredoV.
2457 4245 2511 4293 p.
2561 4229 2662 4279 347
2712 4230 2767 4277 et

1676 4303 1824 4352 infra
1888 4305 2027 4351 nott.
2094 4301 2164 4351 ad
2218 4298 2426 4351 Herod.
2484 4298 2581 4361 IV,
2644 4295 2762 4348 141.

1774 4449 2054 4519 ἔγνωσαν,
2124 4449 2444 4517 συμβουλῆς
2514 4447 2644 4514 πὲρι
2713 4439 2769 4507 ἐς
