3109 5092
1080 379 1576 440 EUTERPE.
1621 382 1707 441 Π.
1753 393 1878 446 112.

2434 380 2451 393 ’
2490 383 2617 447 673

336 577 483 634 ναι,
523 545 648 618 τοῦ
685 554 818 619 νῦν
860 550 1133 638 τέμενός
1177 553 1316 622 ἐστι
1363 555 1439 622 ἐν
1488 558 1731 644 Μέμφι
1773 555 1982 644 κάρτα
2014 554 2224 625 καλόν
2268 583 2340 625 τε
2381 559 2493 626 καὶ
2535 549 2614 626 εὖ

338 656 864 742 ἐσκευασμένον,
917 659 1040 722 τοῦ
1074 650 1507 742 Ἡφαιστείου
1547 656 1715 748 πρὸς
1740 658 1940 728 νότον
1979 656 2232 748 ἄνεμον
2276 666 2610 749 κείμενον.

337 760 790 847 περιοικέουσι
832 755 906 825 δὲ
947 754 1022 826 τὸ
1061 760 1334 847 τέμενος
1373 765 1572 829 τοῦτο
1614 769 1927 842 Φοίνικες
1985 761 2250 851 Τύριοι,
2304 766 2613 832 καλέεται

339 860 415 929 δὲ
469 856 506 929 ὃ
548 865 761 951 χῶρος
803 848 999 940 οὗτος
1038 856 1074 929 ὁ
1110 862 1415 943 συνάπας
1460 871 1729 953 Τυρίων
1767 864 2241 957 στρατόπεδον.

339 1025 408 1076 ad
479 1041 567 1076 res
626 1028 927 1092 Aegyptias
990 1032 1273 1093 spectante
1344 1030 1423 1079 sa·

336 1095 589 1162 bulisque
623 1096 898 1147 celebrato
923 1102 1090 1164 atque
1114 1097 1240 1148 inde
1260 1099 1424 1149 Grae·

337 1165 418 1214 cis
455 1166 646 1215 melius
683 1167 906 1231 cognito
944 1167 1268 1232 significarit
1293 1170 1423 1218 Pro·

336 1245 566 1301 tenmque
604 1235 821 1287 dixerit.
892 1239 972 1287 Ac
1009 1238 1284 1301 pertinent
1316 1237 1422 1288 huc

337 1320 430 1366 ea,
479 1320 617 1369 quae
664 1305 734 1355 ad
769 1306 844 1367 11,
885 1307 983 1357 115
1017 1307 1419 1358 adnotavimus.

339 1373 601 1424 Rosellini
634 1376 786 1428 Mon.
832 1377 1020 1426 storic.
1061 1377 1138 1428 11.
1183 1392 1235 1441 p.
1282 1378 1423 1426 24-

338 1444 407 1493 29
449 1442 576 1494 coll.
636 1445 733 1495 IV.
789 1459 918 1510 pag.
973 1446 1074 1497 124
1123 1461 1238 1510 seq.
1285 1444 1422 1496 nihil

340 1512 632 1577 quidquam
661 1514 734 1563 ad
759 1515 894 1564 haec
918 1514 1242 1565 illustranda
1263 1531 1292 1565 e
1312 1532 1421 1565 mo-

336 1583 604 1633 numentis
671 1585 960 1650 Aegyptiis
1015 1584 1195 1635 afferri
1258 1600 1420 1666 posse

337 1652 535 1701 asserit
571 1668 745 1717 neque
787 1655 1007 1704 omnino
1055 1653 1225 1704 ullum
1273 1656 1421 1704 inve-

337 1722 442 1769 niri
459 1737 640 1787 regem
668 1723 941 1783 Thuorin‚
978 1722 1264 1789 Polybum,
1292 1725 1423 1774 Pro-

336 1795 512 1842 teum·
565 1793 625 1841 in
677 1807 790 1842 una
847 1792 1008 1843 modo
1063 1794 1420 1858 inscriptione

336 1861 481 1926 regis
524 1862 666 1925 eius,
724 1863 815 1927 qui
860 1861 1084 1912 ultimus
1130 1862 1420 1927 dynastiae

333 1930 773 1982 undevicesimae
795 1931 919 1994 fuit,
951 1931 1279 1982 mentionem
1305 1931 1421 1982 fieri

336 1999 519 2061 addit3
570 2000 724 2051 cuius
761 2016 983 2064 nomeu,
1033 2000 1177 2066 quod
1213 2002 1423 2052 Ramses

339 2070 533 2133 fuerit,
583 2070 688 2121 sibi
723 2085 938 2136 quoque
974 2071 1241 2135 reperisse
1276 2070 1424 2120 vide·

335 2144 427 2188 tur
460 2139 798 2205 eundemque
842 2140 988 2190 haud
1032 2139 1248 2191 differre
1285 2140 1426 2190 arbi-

338 2213 516 2259 tratur
552 2209 623 2259 ab
659 2224 754 2274 eo,
792 2210 886 2274 qui
915 2209 1149 2260 Thuoris
1185 2226 1220 2261 a
1240 2210 1426 2259 Mane-

337 2278 501 2328 thone
557 2282 812 2329 vocatur:
874 2294 1105 2344 quocum
1171 2279 1425 2330 convenit

337 2346 504 2397 Plinii
550 2348 719 2411 (Hist.
771 2350 901 2399 Nat.
952 2350 1201 2411 XXXVI,
1237 2350 1271 2401 8
1306 2350 1423 2398 sive

341 2418 423 2479 14,
457 2417 543 2481 2.)
568 2418 969 2481 testimonium,
1009 2434 1042 2468 a
1077 2433 1183 2483 quo
1216 2420 1425 2468 liamses

338 2486 385 2536 is
421 2488 623 2537 dicitur
657 2503 779 2550 rex,
816 2504 921 2553 quo
965 2492 1230 2553 regnante
1263 2487 1423 2537 Ilium

337 2562 555 2620 captum
594 2563 705 2617 est;
742 2558 886 2608 conf.
921 2557 1067 2607 infra
1101 2558 1172 2608 ad
1208 2557 1284 2613 11,
1329 2558 1418 2607 121

338 2625 458 2676 init.
498 2630 636 2676 nott.

403 2693 510 2743 τοῦ
554 2693 663 2745 νῦν
705 2686 938 2760 τέμενός
989 2685 1104 2744 ἐστι
1151 2708 1204 2743 κ.
1250 2709 1297 2742 τ.
1348 2690 1423 2757 1.]

336 2762 566 2828 τέμενος
599 2765 668 2816 de
692 2765 885 2831 quovis
920 2779 1054 2829 agro
1085 2763 1194 2813 dici
1216 2762 1425 2824 locove,

341 2835 432 2898 qui
455 2849 560 2884 usu
579 2835 794 2900 vulgari
823 2839 1067 2885 exemtus
1092 2838 1148 2883 et
1168 2832 1429 2897 religione

337 2908 688 2955 consecratus
709 2910 810 2966 est,
837 2905 973 2954 satis
994 2906 1234 2954 constat.
1268 2902 1426 2953 Conf.

340 2973 440 3033 IX,
484 2973 584 3024 116
635 2975 820 3038 ibique
862 2978 1004 3024 nott.
1046 2978 1101 3022 et
1147 2987 1316 3036 supra
1350 2972 1425 3034 ΙΙ,

343 3042 1069 3105 155.178.111‚142.vl‚
1118 3041 1185 3092 76
1222 3040 1429 3107 (ibique

339 3113 502 3177 nott.)
550 3113 707 3175 VIII,
771 3114 887 3165 1:.÷5
971 3114 1037 3163 Iu
1093 3127 1241 3193 seqq.
1304 3126 1426 3162 cum

339 3183 577 3233 Bredov.
636 3198 763 3264 pag.
823 3182 915 3232 181
980 3182 1175 3247 scripsi
1222 3173 1428 3245 Ἡφαι-

340 3250 529 3300 στείου
547 3268 644 3317 pro
656 3243 1059 3315 ’,Ηφαιστηΐου
1084 3252 1263 3317 quod
1249 3266 1426 3317 ipsum

337 3325 486 3370 recte
543 3322 745 3387 legitur
803 3320 1424 3381 11,110.121.176.

337 3391 422 3440 Ad
456 3392 760 3452 genitivum
779 3389 1159 3453 explicandum
1194 3391 1426 3451 faciunt,

339 3474 479 3522 quae
527 3460 737 3509 monuit
783 3457 1038 3509 Kuehner
1082 3459 1177 3509 Gr.
1228 3461 1320 3510 Gr.
1373 3458 1424 3519 §-

339 3528 461 3578 512.
509 3530 554 3588 13
589 3527 739 3577 valet
776 3526 943 3576 enim.
989 3544 1022 3576 a
1067 3528 1285 3579 Vulcani
1310 3537 1429 3578 tem-

336 3599 423 3659 plo
456 3599 706 3649 meridiem
743 3612 921 3647 versus
955 3599 1118 3647 situm.

409 3661 882 3731 περιοικέουσι-
815 3662 1167 3721 -Φοίνικες
1197 3656 1428 3729 Τύριοι]

340 3734 476 3786 Cum
535 3737 604 3787 ab
651 3738 904 3801 Aegypto
960 3734 1177 3784 omuino
1224 3733 1431 3784 exclusi

342 3811 527 3857 essent
560 3805 860 3871 peregrini,
898 3819 1000 3854 nec
1020 3802 1190 3852 ullum
1221 3803 1278 3853 in
1306 3819 1430 3854 con-

341 3872 487 3925 finiis
524 3875 904 3937 commercium
939 3889 1062 3924 cum
1108 3872 1301 3923 iisdem
1350 3888 1432 3924 es-

342 3949 429 3993 set
468 3947 819 4009 permissum,
878 3958 1011 3994 sane
1056 3943 1288 3992 maxime
1332 3959 1431 3993 no-

341 4013 595 4076 tandum,
649 4015 704 4064 in
761 4014 884 4077 ipsa
928 4013 1062 4063 urbe
1105 4012 1330 4076 capitali
1376 4016 1431 4062 et

344 4081 402 4130 in
444 4083 624 4133 media
662 4084 912 4147 Aegypto
948 4082 1314 4132 Phoenicibus
1351 4096 1433 4131 se-

343 4149 463 4200 dem
489 4152 661 4201 fuisse
684 4165 1001 4201 concessam
1027 4151 1318 4216 vicumque
1340 4166 1432 4215 pe-

344 4219 601 4270 culiarem
638 4222 708 4270 iis
748 4221 1032 4271 tributum.
1106 4220 1265 4281 Quod
1312 4236 1434 4285 pro-

344 4288 433 4338 cul
479 4289 645 4340 dubio
694 4289 1002 4340 commercii
1049 4304 1221 4339 causa
1277 4289 1435 4339 insti-

343 4363 522 4409 tutum
565 4359 700 4423 fuit,
752 4359 833 4409 ita
878 4363 940 4409 ut
974 4358 1275 4409 Phoenices
1323 4373 1433 4408 ιιοιι

346 4428 522 4480 solum
566 4428 848 4481 commode
901 4443 1022 4479 cum
1067 4428 1202 4493 ipsis
1255 4429 1435 4493 Aegy-

429 4530 764 4575 BBRODOT.
815 4532 859 4573 1.

2351 872 2489 935 ἔστι
2536 867 2609 935 δὲ

1521 1031 1686 1095 ptiis,
1724 1047 1912 1083 verum
1951 1033 2118 1083 etiam
2155 1032 2281 1083 inde
2318 1049 2439 1083 cum
2474 1035 2611 1084 inte-

1521 1101 1757 1152 rioribus
1780 1103 2000 1153 Africae
2025 1103 2338 1167 regionibus
2355 1118 2613 1153 commer-

1523 1171 1665 1220 cium
1701 1187 1864 1236 agere
1912 1172 2216 1236 potuerint;
2263 1172 2335 1223 cf.
2375 1173 2610 1222 Heeren.

1524 1239 1692 1290 Ideen
1728 1241 1774 1303 1,
1812 1244 1864 1291 2.
1903 1256 2029 1306 pag.
2068 1241 2157 1291 41.
2195 1242 2313 1292 120.
2356 1242 2431 1303 11,
2464 1245 2517 1291 2.
2555 1257 2611 1306 p.

1523 1308 1653 1371 384,
1702 1311 1980 1361 Letronne
2018 1311 2203 1360 Revue
2240 1310 2294 1361 d.
2340 1311 2395 1362 d.
2429 1311 2613 1362 mend.

1524 1380 1718 1444 (1845)
1754 1381 1822 1432 Τ.
1860 1381 1959 1430 lx.
1996 1394 2123 1445 pag.
2158 1380 2281 1441 530,
2318 1380 2613 1431 Rosellini=

1521 1449 1672 1498 Mon.
1725 1449 1872 1500 civil.
1922 1450 2026 1500 111.
2074 1465 2202 1515 pag.
2255 1451 2375 1501 175.
2452 1451 2613 1499 Hanc

1520 1533 1653 1567 vero
1704 1518 1886 1569 sedem
1930 1519 2114 1584 Tyriis
2166 1533 2481 1570 concessam
2517 1534 2614 1584 pu-

1520 1592 1606 1637 tat
1639 1588 2063 1654 Hengstenberg
2085 1587 2193 1652 (De
2214 1589 2504 1652 Tyriorum
2530 1604 2613 1638 re-

1519 1658 1624 1707 bus
1661 1672 1789 1723 pag.
1828 1658 1898 1708 68
1933 1656 2100 1723 seq.),
2137 1658 2231 1723 qui
2257 1658 2407 1722 Tyro
2444 1673 2478 1708 a
2504 1658 2611 1708 Ne-

1519 1726 1899 1777 bucadnezare
1939 1732 2104 1791 capta
2138 1727 2267 1776 inde
2297 1726 2517 1791 profugi
2538 1727 2610 1776 ab

1519 1796 1838 1860 Aegyptiis,
1890 1796 1982 1860 qui
2036 1812 2072 1845 a
2123 1796 2393 1845 communi
2454 1795 2613 1845 hoste

1522 1865 1629 1914 sibi
1666 1866 1947 1928 timerent,
1987 1864 2223 1929 benigne
2259 1865 2462 1929 recepti
2498 1864 2613 1914 fue-

1521 1935 1651 1984 rint.
1712 1934 1820 1985 Sed
1842 1934 1951 1984 iam
1972 1935 2135 1997 longe
2160 1938 2289 1983 aute
2319 1933 2455 1983 haec
2479 1937 2613 1982 tem-

1522 2018 1661 2067 pora
1706 2003 1904 2068 Tyrios
1951 2003 2009 2053 in
2058 2005 2367 2067 Aegyptum
2408 2002 2613 2067 ipsam-

1523 2088 1630 2137 que
1675 2072 1969 2137 Memphim
2013 2071 2282 2122 admissos
2319 2086 2467 2133 esse,
2522 2070 2613 2120 hic

1528 2143 1646 2207 ipse
1680 2142 1948 2192 Herodoti
1978 2142 2164 2204 locus,
2206 2141 2265 2191 in
2310 2156 2417 2206 quo
2452 2140 2613 2191 huius

1526 2212 1820 2294 Tyriorum
1852 2211 1997 2262 sedis
2034 2178 2236 2261 men’tio
2271 2226 2392 2261 cum
2426 2209 2615 2261 Protei

1526 2288 1599 2343 (s.
1617 2272 1880 2345 Thuoris)
1896 2282 2166 2332 mentione
2190 2280 2462 2345 rebusque
2474 2280 2613 2330 adeo

1526 2352 1782 2400 Troianis
1818 2352 2111 2401 coniuncta
2149 2354 2259 2412 est,
2306 2354 2614 2400 monstrare

1524 2425 1766 2484 poterat,
1807 2420 1917 2470 alia
1949 2425 2012 2470 ut
2046 2424 2284 2480 taceam,
2332 2434 2470 2484 quae
2509 2419 2617 2468 dis·

1525 2491 1742 2554 putavit
1786 2491 2031 2541 Movet-st
2080 2489 2187 2538 Die
2231 2488 2494 2539 Phoeniz.
2534 2488 2613 2550 ῙΙ,

1528 2560 1577 2609 1.
1597 2575 1725 2623 pag.
1757 2559 1857 2609 187
1890 2574 2042 2624 seqq.
2068 2563 2216 2608 recte
2234 2572 2444 2622 negans
2472 2557 2615 2607 hanc

1526 2628 1818 2692 Tyriorum
1854 2627 2038 2677 sedem
2071 2626 2143 2676 ad
2186 2626 2424 2675 militare
2459 2640 2616 2690 prae—

1529 2696 1725 2745 sidium
1742 2696 1935 2746 referri
1964 2694 2197 2760 indeque
2214 2709 2336 2744 cum
2356 2695 2444 2755 iis,
2473 2710 2616 2758 quae

1527 2764 1948 2816 Psammitichns
2000 2764 2232 2814 Caribus
2290 2768 2345 2814 et
2388 2764 2614 2813 Ionibus

1527 2836 1584 2885 in
1652 2836 1902 2899 Aegypto
1968 2833 2299 2898 assignavit,
2364 2832 2618 2897 componi

1492 2922 1502 2931 ·
1527 2918 1715 2969 posse:
1765 2903 1821 2953 id
1848 2903 1994 2968 quod
2026 2904 2190 2953 etiam
2221 2902 2615 2952 secisse.video

1528 2973 1742 3038 Hitzig.
1789 2973 1858 3023 ad
1890 2973 2057 3024 Iesai.
2107 2988 2235 3037 pag.
2283 2972 2385 3023 277
2422 2976 2615 3022 contra

1527 3043 1965 3108 Hengstenberg.
2004 3042 2381 3092 disserentem.
2437 3043 2616 3106 Atque

1529 3113 1677 3164 conf.
1715 3114 1947 3163 eundem
1982 3113 2229 3163 Movere:
2299 3111 2405 3162 Die
2445 3111 2619 3162 Phoe-

1529 3183 1641 3234 niz.
1694 3182 1772 3233 11.
1832 3197 1956 3247 pag.
2010 3183 2097 3232 20.
2160 3181 2404 3245 pluribus
2453 3196 2618 3246 expo-

1528 3257 1746 3303 nentem
1797 3252 1865 3303 de
1903 3251 2268 3302 Phoenicibus
2302 3250 2618 3301 mercatori·

1527 3323 1650 3384 bus,
1687 3323 1779 3387 qui
1808 3322 1865 3371 in
1895 3321 2140 3386 pluribus
2167 3321 2509 3384 reperiuntur
2531 3333 2621 3368 ur·

1529 3392 1691 3441 bibus
1737 3391 2060 3441 commercio
2100 3389 2420 3439 florentibus
2467 3386 2619 3436 habi·

1529 3465 1714 3510 tantes
1735 3460 1865 3510 etin
1889 3459 2175 3523 collegium
2200 3455 2469 3521 quoddam
2492 3470 2620 3504 con-

1529 3529 1704 3580 iuncti
1752 3528 2026 3591 certisque
2079 3525 2290 3576 iuribus
2346 3525 2463 3573 sive
2510 3523 2620 3587 pri-

1532 3597 1751 3662 vilegiis
1799 3597 2071 3656 fruentes,
2118 3593 2305 3644 addita
2350 3592 2511 3655 aede,
2562 3592 2619 3640 in

1532 3682 1642 3732 qua
1691 3680 1819 3715 suos
1870 3666 2001 3716 deos
2037 3663 2318 3723 colebant,
2364 3661 2620 3725 quemad-

1531 3735 1749 3786 modum
1796 3734 1901 3783 hoc
1948 3733 2113 3783 etiam
2159 3731 2216 3780 in
2254 3733 2503 3795 Aegypto
2539 3730 2621 3779 fa-

1531 3810 1680 3856 ctum
1717 3819 1837 3854 esse
1871 3803 1960 3852 hic
1993 3801 2147 3851 locus
2181 3798 2445 3849 declarat.

1604 3870 1836 3936 Τυρίων
1860 3862 2272 3935 στρατόπεδον]
2288 3868 2493 3918 Eodem
2508 3868 2620 3917 fere

1531 3943 1694 3995 modo
1730 3941 1854 3991 loca
1888 3955 1921 3990 a
1956 3937 2347 3990 Psammiticho
2394 3937 2620 3987 Ionibus

1534 4018 1591 4065 et
1614 4011 1841 4063 Caribus
1862 4023 2123 4059 concessa
2139 4007 2391 4057 dicuntur
2411 4004 2467 4055 Σ
2472 4022 2546 4070 τρ
2559 4020 2620 4054 α

1527 4074 1795 4132 τόπεδα
1869 4078 1954 4140 ΙΙ,
2023 4078 2145 4129 154.
2250 4076 2343 4126 Sic
2408 4089 2622 4142 quoque

1534 4116 2017 4214 στρατόπεδον
2055 4137 2412 4195 Ἰουδαίων
2447 4161 2512 4194 ex
2538 4144 2623 4193 Io·

1533 4220 1686 4284 seph.
1713 4218 1935 4282 Antiqq.
1960 4216 2107 4277 XIV,
2140 4216 2192 4277 8,
2217 4217 2250 4265 2
2284 4219 2444 4264 notat
2466 4215 2622 4264 Wes-

1533 4289 1752 4353 seling„
1777 4291 1833 4337 et
1854 4285 2158 4336 ludaeorum
2184 4291 2380 4345 castra,
2404 4297 2544 4348 quae
2564 4282 2622 4330 in

1533 4355 1965 4423 Augustamnica
1976 4353 2214 4436 Aegypti
2236 4352 2520 4417 provincia
2535 4366 2622 4399 ec·

1536 4431 1761 4477 currunt
1797 4425 1853 4474 in
1889 4423 2065 4476 Notit.
2094 4423 2225 4485 imp.
2267 4421 2461 4472 orient.
2492 4434 2619 4484 pag.

2114 4501 2195 4563 43
