3109 5092
1263 358 1517 421 OLIO.
1564 361 1614 420 Ι.
1659 370 1784 424 202.

2540 365 2664 425 405

385 534 551 614 νεῖν,
580 525 753 599 ὅθεν
781 556 908 620 περ
936 526 973 600 ὅ
1001 530 1301 620 Γύνδης,
1344 529 1463 602 τὸν
1489 536 1556 614 ἐς
1582 532 1698 614 τὰς
1729 533 2063 623 διώρυχας
2101 533 2219 618 τὰς
2244 539 2563 630 ἑξήκοντά
2590 576 2662 618 τε

388 746 601 797 quoque
637 747 934 785 sermonem
970 749 1092 785 esse
1125 735 1222 796 IV,
1252 735 1347 797 11,
1380 736 1476 785 ubi

386 801 624 865 Scythae
661 803 848 852 Asiam
893 803 1020 854 olim
1064 804 1392 867 incolentes,
1441 821 1475 854 a

383 872 714 935 Massagetis
737 871 896 937 pulsi,
923 874 1155 924 traiecto
1174 874 1362 925 Araxe
1381 876 1475 924 flu-

384 942 474 991 vio
521 943 579 989 in
622 940 760 992 fines
809 942 1215 994 Cimmeriorum
1269 944 1476 995 abiisse

385 1010 664 1072 dicuntur,
702 1011 1246 1077 Schweighaeuserus
1270 1014 1475 1078 aliique

383 1079 678 1131 affirmant.
740 1081 940 1131 Verum
984 1082 1177 1133 iisdem
1214 1083 1347 1134 viris
1384 1083 1474 1132 do-

384 1150 490 1200 ctis
520 1150 836 1200 auctoribus
870 1157 1053 1201 nostro
1091 1152 1148 1201 in
1173 1152 1292 1202 loco
1315 1152 1476 1202 aliter

382 1220 735 1270 statuendum
782 1225 891 1281 est,
947 1236 1066 1270 cum
1100 1222 1318 1272 minime
1354 1237 1472 1287 pro·

381 1286 564 1339 babile
600 1290 699 1350 sit,
736 1289 809 1339 ad
843 1289 1074 1355 Volgum
1108 1307 1278 1356 usque
1313 1307 1473 1357 pene-

381 1365 558 1409 trasse
579 1357 794 1422 Cyrum.
827 1360 1045 1410 Laudat
1061 1361 1471 1426 Schweighaeu-

382 1443 535 1478 serus
555 1428 716 1478 trium
736 1428 1178 1480 Academicorum
1200 1430 1471 1481 Parisieu·

381 1498 522 1548 sium
560 1496 954 1561 disputationes
1002 1497 1081 1561 (in
1117 1497 1363 1550 Memoir.
1404 1500 1471 1550 de

377 1566 593 1617 l'Acad.
631 1566 683 1616 d.
714 1567 968 1632 Inscript.
1008 1573 1049 1618 t.
1076 1569 1227 1620 XVI.
1257 1585 1382 1634 pag.
1402 1570 1471 1620 69

379 1636 568 1700 -85),
610 1652 833 1701 quorum
867 1653 1031 1699 unus,
1072 1638 1139 1688 de
1172 1638 1225 1688 la
1263 1639 1468 1702 Nauae,

381 1705 648 1756 Herodoti
671 1710 905 1756 Araxem
928 1705 1134 1757 nullum
1156 1708 1322 1758 alium
1350 1723 1470 1759 esse

379 1775 527 1836 vult,
568 1774 674 1825 nisi
715 1776 1001 1827 Armeniae
1037 1776 1187 1827 illum
1231 1777 1469 1840 fluvium,

382 1845 473 1910 qui
495 1843 659 1908 vulgo
685 1845 784 1895 sub
805 1846 1009 1896 Araxis
1037 1847 1252 1897 nomine
1278 1847 1351 1896 sit
1377 1863 1470 1897 no-

379 1920 467 1964 tus
483 1951 496 1976 ,
526 1914 722 1979 quique
739 1914 809 1964 ab
834 1916 1114 1966 occidente
1139 1916 1197 1965 in
1214 1916 1469 1981 Caspium

381 1998 529 2033 mare
575 1983 788 2035 influat.
856 1984 1056 2035 Contra
1096 2001 1251 2050 quem
1299 1992 1353 2035 et
1399 1986 1466 2035 de

381 2053 622 2118 Guignes
657 2051 805 2119 (pag.
828 2054 895 2105 76
921 2053 1099 2121 seqq.)
1139 2060 1193 2104 et
1209 2055 1465 2105 Danville

380 2125 533 2188 (pag.
554 2122 622 2173 79
642 2122 817 2188 seqq.)
848 2129 961 2173 tum
986 2124 1098 2174 alia
1128 2130 1465 2188 monuerunt,

379 2202 492 2242 tum
513 2190 650 2241 illud
678 2193 841 2242 etiam
869 2193 1165 2255 evicerunt,
1196 2194 1338 2243 hunc
1357 2195 1467 2244 He-

379 2261 556 2311 rodoti
591 2261 824 2311 Araxem
869 2262 942 2313 ad
985 2263 1246 2314 orientem
1280 2263 1466 2328 Caspii

380 2331 542 2381 maris
562 2346 680 2381 esse
701 2332 1078 2396 quaerendum.
1111 2333 1292 2394 Quare
1305 2332 1468 2382 Oxum

380 2416 498 2452 esse
513 2403 845 2460 statuerunt;
869 2402 921 2450 in
940 2419 1042 2467 quo
1060 2401 1240 2466 plures
1259 2402 1364 2452 sibi
1381 2419 1467 2453 as·

379 2470 675 2522 sentientes
697 2472 846 2520 nacti
868 2478 1022 2534 sunt,
1055 2487 1275 2536 quorum
1303 2488 1468 2522 unum

377 2544 588 2589 tantum
622 2555 917 2590 memorare
941 2542 1121 2602 iuvat,
1153 2541 1468 2606 Breigerum

381 2609 699 2668 (Comment.
752 2608 820 2659 de
865 2609 1467 2675 difficill..quibusdam

378 2679 544 2729 Asiae
577 2678 838 2729 Herodot.
876 2695 1003 2744 pag.
1031 2676 1266 2743 58—66)
1302 2678 1467 2744 longa

379 2747 746 2813 disputatione
789 2748 929 2798 idem
964 2750 1212 2799 evincere
1249 2749 1468 2799 studen-

378 2822 504 2870 tem.
594 2817 867 2869 Assensus
915 2824 999 2869 est
1050 2817 1131 2867 illi
1175 2819 1362 2882 Heyse
1408 2819 1465 2868 in

379 2886 800 2950 Quaestionibus
823 2888 1109 2938 Herodott.
1125 2888 1168 2938 1.
1193 2903 1318 2953 pag.
1346 2889 1463 2951 102,

376 2960 543 3022 atque
568 2956 710 3006 idem
748 2972 960 3023 quoque
997 2956 1277 3008 contendit
1304 2958 1464 3009 Eich-

377 3025 518 3076 wald
539 3026 578 3076 l.
600 3024 637 3076 l.
675 3042 800 3091 pag.
831 3027 913 3088 15,
949 3027 1185 3093 itemque
1211 3026 1271 3076 C.
1297 3028 1463 3078 Menn

377 3095 587 3146 Melett.
634 3096 822 3147 histor.
867 3094 1064 3159 (Bonn.
1105 3096 1283 3161 1839.)
1333 3113 1460 3160 pag.

377 3167 429 3217 6.
477 3164 774 3215 Rennelius
830 3163 1160 3231 (Geograph.
1198 3167 1462 3234 Herodqt.

377 3251 503 3299 pag.
525 3233 626 3284 467
662 3249 813 3300 seqq.
844 3235 929 3285 ed.
955 3235 1254 3300 vernacnl.)
1289 3236 1459 3285 Hero-

378 3304 490 3354 doti
506 3304 871 3354 narrationem
891 3304 956 3354 de
976 3305 1155 3355 Araxe
1179 3304 1460 3356 confusam

376 3373 539 3435 dicit,
576 3377 637 3422 ut
664 3372 720 3422 in
753 3389 856 3438 qua
885 3374 1011 3424 bina
1041 3375 1260 3424 flumina
1285 3374 1460 3424 diver-

376 3459 466 3504 sa,
505 3442 778 3493 Iaxartem
815 3449 870 3493 et
898 3443 1104 3506 Oxum,
1145 3444 1370 3494 confusa
1407 3449 1461 3494 et

373 3512 636 3576 permixta
664 3527 784 3562 esse
807 3518 1089 3577 appareat.
1137 3515 1290 3577 Quae
1319 3513 1462 3563 enim

373 3580 589 3646 singula
636 3581 702 3630 de
746 3587 974 3646 utroque
1017 3582 1320 3648 accepisset
1353 3583 1463 3632 He-

373 3650 623 3713 rodotus,
677 3666 741 3700 ea
793 3652 850 3700 in
895 3667 1059 3701 unum
1110 3668 1143 3702 a
1196 3652 1460 3716 scriptore

372 3720 641 3770 translata
681 3725 736 3769 et
781 3721 995 3786 quidem
1040 3721 1096 3770 in
1143 3721 1199 3770 id
1243 3721 1459 3783 flumen,

378 3790 519 3855 quod
566 3789 903 3839 notissimum
955 3795 1120 3856 atque
1175 3790 1455 3840 celeberri-

375 3874 545 3919 mum,
586 3858 714 3923 Cyri
748 3860 1026 3924 imperium
1060 3876 1093 3909 a
1129 3860 1459 3925 Massagetis

374 3928 723 3978 seiunxisset.
765 3929 925 3979 Unde
954 3929 1252 3991 concludit,
1285 3930 1459 3979 Oxum

376 3998 590 4062 quidem
639 3997 994 4062 probabiliter
1041 4014 1293 4064 magnum
1338 4014 1460 4049 esse

373 4065 523 4116 illum
547 4066 793 4129 fluvium,
832 4068 922 4133 qui
949 4068 1002 4117 in
1034 4068 1288 4132 Caspium
1311 4084 1458 4119 mare

377 4153 437 4187 se
487 4135 773 4196 infundat3
826 4137 1059 4199 insulas,
1115 4138 1340 4202 paludes
1393 4154 1461 4188 ac

374 4211 573 4269 stagna
604 4206 834 4257 forsitan
861 4207 1054 4256 referri
1088 4223 1245 4272 posse
1282 4208 1352 4258 ad
1381 4208 1460 4257 la-

375 4291 496 4325 cum
530 4274 688 4326 hodie
724 4276 824 4326 sub
861 4276 1073 4326 nomine
1105 4277 1242 4326 Ara!
1276 4283 1460 4328 notum

375 4349 431 4393 et
451 4343 520 4392 ad
546 4345 766 4395 fluvium
784 4343 964 4410 (quem
990 4346 1219 4396 seriores
1240 4345 1460 4412 vocant)

373 4413 662 4481 Iaxartem,
681 4431 907 4484 quocum
925 4415 1051 4467 olim
1072 4416 1302 4468 forsitan
1314 4416 1464 4468 Oxus

1577 737 1793 788 iunctus
1835 734 2018 802 aliquo
2058 736 2215 787 modo
2249 738 2431 791 fuerit.
2494 743 2561 794 In
2597 761 2661 796 eo

1574 811 1757 856 autem
1782 811 1971 871 aperte
1995 805 2181 870 lapsus
2200 807 2399 859 Noster
2426 813 2502 877 (si
2519 814 2661 864 Ren-

1576 875 1777 926 nelium
1801 875 1960 926 audis
1983 874 2132 940 l.1.),
2162 877 2303 941 quod
2322 881 2517 933 Araxis
2543 883 2661 934 sou-

1576 951 1659 995 tes
1687 946 1745 994 in
1771 945 2031 995 Matienis
2062 943 2225 1010 (quae
2248 948 2367 1012 ipsa
2399 955 2481 1001 est
2514 957 2658 1004 terra

1576 1014 1893 1074 Kar-discam
1930 1015 2074 1064 intra
2107 1015 2544 1086 Mediam'atque
2564 1025 2660 1073 Ar—

1576 1083 1830 1148 meniam)
1853 1083 2109 1146 collocat,
2144 1084 2303 1151 eique
2327 1102 2540 1141 cursum
2568 1093 2661 1142 tri-

1574 1153 1694 1203 buit
1713 1153 2046 1203 orientalem.
2074 1154 2307 1206 Araxem
2328 1159 2471 1209 enim
2488 1160 2656 1225 illum,

1575 1223 1666 1288 qui
1703 1238 1769 1273 ex
1789 1223 2041 1273 Armenia
2076 1227 2325 1288 provenit
2349 1242 2414 1278 ac
2451 1228 2517 1279 de
2554 1247 2658 1296 quo

1573 1292 1804 1343 obscura
1835 1297 2047 1342 tantum
2075 1293 2325 1359 scriptori
2350 1303 2534 1349 nostro
2562 1315 2659 1351 no-

1572 1363 1717 1425 titia,
1757 1377 1878 1412 cum
1913 1378 1976 1412 eo
1999 1362 2209 1427 Araxe,
2248 1366 2338 1430 qui
2373 1367 2444 1416 ab
2485 1369 2659 1420 orien-

1572 1438 1627 1482 te
1646 1432 1810 1482 maris
1829 1431 2013 1496 Caspii
2034 1432 2152 1482 fluit
2166 1469 2179 1495 ‚
2202 1435 2464 1487 confudit.
2503 1440 2658 1490 Haec

1570 1500 1864 1552 Rennelius
1880 1537 1893 1562 ,
1919 1501 2183 1552 adversus
2207 1519 2362 1568 quem
2381 1507 2658 1560 Herodoto

1573 1572 1946 1636 patrocinatur
1989 1570 2221 1622 BredOV.
2267 1573 2323 1623 in
2359 1575 2654 1644 Uranolog.

1571 1640 1836 1691 Herodot.
1895 1639 2200 1704 Specimine
2247 1658 2374 1708 pag·-
2416 1646 2657 1697 XXVIII

1573 1721 1787 1760 cursum
1815 1709 2009 1758 Araxis
2032 1724 2361 1776 persequens
2397 1719 2451 1763 et
2474 1717 2658 1767 varios

1571 1779 1639 1828 de
1659 1796 1721 1828 eo
1733 1778 1994 1828 Herodoti
2015 1777 2160 1828 locos
2179 1796 2487 1833 recensens.
2514 1784 2657 1835 Fon-

1570 1855 1654 1898 tes
1674 1847 1869 1898 Araxis
1908 1862 2028 1896 esse
2065 1847 2198 1897 dicit
2232 1850 2525 1902 secuudum
2549 1855 2659 1904 He-

1570 1917 1817 1967 rodotum
1860 1917 1919 1965 in
1955 1917 2175 1981 regione
2220 1933 2253 1966 a
2290 1921 2425 1968 mari
2459 1921 2657 1988 Caspio

1568 2002 1675 2037 non
1694 1986 1854 2050 longe
1870 1991 2074 2035 remota
2095 1987 2323 2036 australi
2335 2004 2551 2055 unaque
2570 2008 2658 2042 oc-

1570 2055 1846 2108 cidentali.
1897 2054 2163 2105 Herodoti
2186 2071 2314 2107 vero
2338 2073 2486 2109 error
2511 2060 2657 2112 haud

1571 2125 1810 2176 difficilis
1835 2123 2109 2188 explicatu
2131 2125 2211 2174 illi
2238 2126 2469 2179 videtur.
2502 2129 2654 2182 Alios

1570 2195 1712 2246 enim
1767 2210 2048 2256 narrasse,
2109 2195 2329 2245 fluvium
2382 2215 2654 2265 magnum,

1571 2280 1726 2330 quem
1762 2264 1987 2329 antiqua
2033 2279 2169 2314 voce
2204 2265 2491 2318 Tartarica
2526 2270 2653 2335 Rus,

1568 2335 1715 2384 Aras
1762 2334 2039 2394 vocarint,
2090 2335 2362 2386 montibus
2398 2338 2655 2389 Matienis

1570 2404 1795 2454 effusum
1828 2404 1961 2452 mari
2001 2403 2199 2468 Caspio
2235 2404 2480 2470 misceri,
2517 2408 2656 2459 alios

1570 2479 1758 2524 contra
1804 2472 2006 2522 dixisse
2043 2473 2209 2522 fluere
2256 2490 2352 2538 per
2386 2481 2585 2527 terram
2621 2494 2656 2528 a

1571 2543 1769 2606 Caspio
1796 2542 1932 2591 mari
1966 2542 2228 2591 orientem
2263 2559 2453 2595 versus
2492 2547 2655 2597 sitam

1569 2613 1625 2661 in
1652 2612 2085 2675 Massagetarum
2119 2612 2363 2662 terminis
2401 2630 2654 2679 mag-num

1570 2681 1825 2741 fluvium,
1863 2695 2017 2745 quem
2055 2679 2242 2729 eodem
2276 2682 2491 2733 nomine
2509 2685 2655 2734 Aras

1568 2749 1845 2810 vocarint,
1894 2749 2337 2813 quemadmodum
2373 2751 2429 2801 in
2467 2753 2654 2803 Africa

1571 2818 1797 2886 quodvis
1830 2819 2027 2868 flumen
2054 2819 2227 2868 maius
2261 2819 2474 2871 dicatur
2493 2822 2651 2887 Nilus,

1565 2891 1621 2938 in
1660 2888 1854 2937 Suecia
1888 2887 2036 2937 Elem.
2095 2889 2331 2939 Graecos
2366 2891 2495 2941 inde
2531 2908 2654 2943 con-

1567 2958 1736 3008 cludit
1768 2956 2079 3008 confudisse
2107 2962 2392 3024 utrumque
2429 2962 2651 3012 fluvium

1564 3034 1619 3079 et
1644 3043 1740 3092 pro
1761 3042 1867 3076 uno
1897 3026 2189 3092 eodemque
2212 3027 2487 3081 habuisse.
2516 3033 2653 3083 Post

1563 3097 1790 3149 Reunel.
1840 3096 1911 3146 ad
1956 3096 2310 3162 Wesselingii
2356 3107 2540 3165 partes
2590 3117 2651 3152 se

1562 3165 1941 3232 applicuerunt
1976 3167 2310 3229 Larcherus,
2348 3170 2471 3232 alii,
2515 3186 2648 3237 quos

1562 3238 1700 3288 citat
1722 3236 1907 3301 Heyse
1937 3234 1974 3286 l.
1997 3235 2033 3285 l.
2058 3252 2185 3301 pag.
2217 3239 2333 3288 102.
2372 3244 2486 3290 not.
2527 3240 2646 3291 106.

1564 3305 1777 3358 Gallum
1813 3307 2028 3355 doctum
2074 3305 2140 3354 de
2173 3304 2226 3354 la
2263 3306 2452 3358 Nauae
2497 3324 2649 3358 secu-

1560 3382 1649 3426 tus
1687 3379 1772 3424 est
1804 3375 2073 3423 Mannert.
2120 3374 2176 3423 in
2220 3375 2416 3440 Geogr.
2461 3377 2554 3428 Gr.
2592 3382 2647 3426 et

1562 3443 1878 3496 Romm.IV.
1900 3458 2023 3507 pag.
2039 3443 2127 3492 87.
2142 3442 2228 3492 90.
2252 3445 2315 3506 V,
2330 3447 2381 3495 2.
2402 3461 2529 3510 pag.
2544 3445 2649 3495 209

1562 3529 1676 3579 seq.
1703 3512 2018 3575 Disputavit
2042 3512 2204 3561 etiam
2240 3513 2499 3564 nonnulla
2520 3514 2647 3564 Nie-

1564 3583 1720 3634 buhr.
1745 3581 1783 3630 l.
1803 3580 1840 3630 l.
1868 3596 1920 3644 p.
1943 3581 2070 3641 222,
2115 3596 2253 3645 quae
2286 3582 2415 3646 quid
2450 3581 2520 3632 ad
2537 3584 2647 3633 He-

1562 3651 1735 3703 rodoti
1783 3650 1960 3699 locum
2000 3648 2376 3701 illustrandum
2421 3652 2646 3715 faciant,

1558 3737 1665 3772 non
1694 3720 1830 3769 satis
1854 3718 2160 3783 perspicere
2181 3735 2416 3783 possum.
2457 3721 2645 3771 Malim
2710 3723 2718 3734 ⁰

1560 3789 1805 3855 equidem
1849 3787 1918 3837 ab
1962 3804 2143 3838 eorum
2186 3790 2430 3853 partibus
2478 3795 2644 3854 stare,

1560 3861 1653 3927 qui
1694 3858 1953 3919 Araaeem,
2001 3858 2154 3908 cuius
2201 3859 2281 3908 leic
2326 3860 2526 3910 mentio
2563 3860 2642 3923 fit,

1560 3929 1702 3979 haud
1736 3927 1900 3977 alium
1925 3942 2046 3977 esse
2079 3932 2327 3979 statuunt
2360 3935 2528 3995 atque
2552 3930 2642 3978 Ia·

1556 4006 1761 4049 martem
1799 3995 1856 4060 (i.
1891 4012 1937 4046 e.
1972 3997 2285 4061 Sir-Dam'a)
2303 4036 2316 4061 ,
2353 4014 2474 4049 cum
2499 3998 2645 4050 ooeus

1565 4070 1628 4134 (i.
1655 4083 1702 4118 e.
1734 4063 2090 4130 Ama-Darja)
2133 4067 2277 4132 apud
2308 4069 2644 4120 Herodotum

1565 4139 1687 4188 Acis
1718 4137 1932 4185 nomine
1966 4136 2304 4201 designetur,
2351 4145 2406 4188 et
2435 4139 2646 4203 reliqua

1562 4207 1749 4258 Nostri
1790 4206 1960 4256 verba
2004 4206 2073 4257 ad
2108 4207 2380 4257 Iaxartem
2422 4207 2643 4272 potissi-

1562 4293 1705 4327 mum
1726 4291 1824 4326 nos
1853 4275 2049 4327 ducere
2068 4277 2367 4328 videantur.
2420 4278 2502 4327 Tu
2526 4276 2639 4327 vid.

1561 4345 1916 4412 Kephalidem
1952 4347 2019 4396 de
2051 4348 2240 4397 histor.
2279 4346 2441 4411 Casp.
2477 4346 2641 4396 maris

1563 4433 1687 4486 pag.
1716 4416 1817 4468 357
1845 4431 1997 4484 seqq.
2032 4415 2274 4484 inprimis
2302 4431 2355 4485 p.
2382 4414 2481 4466 371
2524 4431 2641 4486 seq.
