3109 5092
1263 377 1519 439 CLIO.
1568 379 1619 437 Ι.
1672 388 1788 442 104.
2494 399 2499 406 '
2554 388 2676 451 229

384 549 497 616 καὶ
535 550 601 627 ἐς
633 546 938 635 Κόλχους
985 548 1344 639 τριήκοντα
1397 546 1703 640 ἡμερέων
1751 550 2017 646 εὐζώνω
2066 550 2241 636 ὁδός.
2313 561 2386 626 ἐκ
2442 560 2516 628 δὲ
2559 567 2674 651 τῆς

381 656 712 738 Κολχίδος
747 647 830 722 οὐ
871 650 1121 722 πολλὸν
1153 648 1532 743 ὑπερβῆναι
1582 658 1648 735 ἐς
1684 652 1811 745 τὴν
1846 656 2206 748 Μηδικὴν,
2265 656 2433 730 ἄλλά
2477 667 2553 732 ἓν
2596 663 2670 733 τὸ

386 752 498 823 διὰ
542 757 750 843 μέσου
796 761 998 836 ἔθνος
1037 753 1266 826 αὐτῶν
1306 759 1479 844 ἐστὶ,
1525 758 1937 849 Σάσπειρες·
1986 767 2183 831 τοῦτο
2219 762 2295 832 δὲ
2338 791 2666 855 παραμει-

773 955 905 1007 Cu».
944 956 1090 1010 CIV.

421 1049 760 1136 τριήκοντα
783 1050 1034 1124 ἡμερέων
1061 1052 1284 1127 εὐζώνῳ
1310 1051 1471 1127 ὁδός]

381 1116 625 1187 ευζωνος
659 1128 847 1180 eodem
883 1146 1046 1182 sensu
1077 1131 1120 1192 Ι,
1147 1132 1233 1181 72.
1287 1131 1473 1195 Ipsam

382 1213 688 1248 mensuram
732 1200 801 1249 ab
848 1201 1130 1251 Herodoto
1174 1200 1472 1251 indicatam

381 1266 474 1316 vix
512 1273 824 1318 accuratam
869 1271 1070 1332 videri,
1119 1286 1220 1320 nec
1274 1285 1338 1319 eo
1373 1286 1470 1321 va-

384 1335 514 1398 lere,
550 1340 628 1398 ut,
669 1338 797 1403 quid
822 1339 944 1388 aliis
969 1340 1104 1390 locis
1140 1339 1302 1389 simili
1327 1355 1473 1390 men-

381 1421 540 1455 surae
577 1408 736 1459 modo
773 1409 1074 1472 indicatur,
1124 1409 1250 1458 inde
1296 1409 1470 1459 deme-

379 1476 581 1525 tiamur
616 1492 682 1526 ac
718 1477 1061 1540 definiamus,
1118 1494 1272 1528 nemo
1308 1495 1472 1541 nega-

379 1546 481 1596 bit.
553 1546 692 1596 Nam
730 1548 846 1611 ipse
869 1549 1180 1599 Herodotus
1212 1548 1269 1596 in
1305 1548 1472 1599 hasce

379 1615 629 1678 regiones
651 1619 932 1680 pervenire
957 1634 1066 1668 non
1088 1618 1282 1683 potuit.
1311 1617 1469 1669 Conf.

380 1684 711 1736 Dahlmann.
731 1687 936 1737 Herod.
959 1703 1085 1752 pag.
1110 1687 1176 1737 07
1201 1691 1316 1737 not.
1354 1688 1470 1737 Μο-

379 1759 476 1803 net
517 1753 820 1820 Schweigh.
865 1757 1011 1807 infra
1059 1757 1165 1818 IV,
1209 1757 1337 1816 101,
1377 1757 1471 1806 ubi

380 1823 448 1874 de
510 1824 700 1874 iisdem
755 1841 930 1875 sermo
1002 1831 1088 1876 est
1139 1825 1472 1889 regionibus,

379 1893 628 1943 diurnum
653 1894 760 1943 iter
787 1894 1037 1945 ducentis
1065 1895 1261 1945 stadiis
1285 1896 1472 1959 aequi-

378 1963 580 2027 parari.
652 1964 798 2014 Hinc
842 1966 1099 2029 quoniam
1148 1963 1241 2013 ille
1288 1979 1471 2014 nume-

380 2048 471 2082 rus
507 2033 737 2098 triginta
764 2034 969 2084 dierum
1004 2035 1150 2084 iusto
1184 2033 1356 2083 maior
1391 2035 1469 2083 vi-

379 2102 495 2152 deri
532 2103 731 2167 possit,
778 2105 1101 2167 praesertim
1136 2119 1259 2152 cum
1294 2103 1359 2164 ‚1‚
1401 2104 1466 2153 72

379 2173 618 2237 quinque
664 2176 876 2222 tantum
919 2174 1126 2224 dierum
1173 2173 1277 2222 iter
1319 2172 1469 2222 dicat

379 2241 630 2305 expedito
689 2242 808 2291 viro
877 2258 996 2292 eum
1058 2247 1293 2292 tractum
1352 2258 1468 2306 per·

377 2311 609 2374 meanti,
659 2313 751 2376 qui
802 2327 835 2362 a
883 2312 1017 2362 mari
1073 2311 1467 2361 mediterraneo

375 2395 549 2444 usque
606 2381 678 2431 ad
733 2382 968 2431 Pontum
1033 2382 1306 2431 Euxinum
1371 2396 1468 2444 per

378 2450 566 2508 Asiam
627 2449 886 2501 minorem
944 2450 1148 2512 tendit,
1212 2450 1462 2515 Schwgh.

380 2519 717 2570 Herodotum
763 2521 852 2570 hic
886 2519 1036 2586 loqui
1081 2525 1247 2584 negat
1295 2519 1361 2568 de
1401 2535 1466 2568 ea

379 2589 671 2639 Maeotidis
709 2589 923 2655 paludis
960 2596 1139 2655 parte,
1178 2605 1317 2655 quae
1346 2588 1466 2636 Col-

380 2659 524 2709 chidi
558 2664 641 2708 est
674 2661 949 2725 proxima,
996 2675 1185 2710 verum
1220 2658 1286 2708 de
1324 2658 1465 2707 ostio

378 2729 698 2792 Maeotidis,
749 2734 804 2780 et
852 2730 1070 2796 quidem
1108 2729 1175 2778 de
1211 2726 1467 2777 ulteriore

380 2814 478 2847 ora
520 2798 666 2849 illius
713 2799 868 2860 ostii,
926 2800 1017 2850 ubi
1059 2796 1466 2848 Cimmeriorum

381 2867 509 2918 olim
539 2869 686 2919 fuere
719 2869 904 2930 sedes;
941 2867 1085 2920 conf.
1125 2867 1221 2928 IV,
1252 2866 1311 2915 11
1346 2879 1460 2928 seq.

452 2960 521 3018 οὗ
583 2962 798 3020 πολλὸν
865 2961 1183 3035 ὑπερβῆναι
1253 2957 1309 3024 ἐς
1363 2958 1470 3031 τὴν

381 3032 683 3105 Μηδικὴν]
705 3040 788 3090 Ad
808 3045 1139 3090 structuram
1162 3037 1270 3086 loci
1293 3052 1468 3100 gram-

381 3109 636 3159 maticam
688 3110 877 3175 supple
927 3100 1070 3166 ἐστὶ,
1124 3122 1222 3156 non
1276 3108 1468 3154 multum

383 3175 485 3240 (sc.
502 3179 714 3229 itineris
736 3179 863 3257 est),
882 3177 1306 3227 transscendere
1287 3191 1338 3224 m
1353 3175 1467 3224 lle-

379 3247 524 3297 diam
574 3248 712 3300 Nam
743 3239 1127 3313 ὑπερβαίνειν,
1157 3243 1466 3308 transm-edi,

379 3317 633 3382 frequens
669 3317 736 3368 de
772 3316 1075 3370 montibus,
1114 3312 1314 3362 fluviis.
1381 3312 1465 3361 De

379 3388 504 3450 ipsa
538 3388 656 3450 via,
707 3401 814 3451 qua
856 3401 964 3435 non
1000 3381 1160 3432 valde
1203 3382 1370 3446 longa
1408 3381 1464 3429 in

379 3456 618 3506 Mediam
649 3471 678 3505 e
703 3453 960 3505 Colchide
996 3452 1265 3516 perveniri
1301 3465 1464 3516 posse

379 3524 468 3575 hic
506 3528 693 3575 narrat
727 3522 1066 3584 Herodotus,
1115 3521 1326 3571 monuit
1353 3520 1468 3571 Rit-

380 3599 480 3644 ter.
533 3592 830 3643 Erdkunde
874 3592 949 3641 11.
998 3607 1052 3655 p.
1102 3591 1235 3652 011,
1300 3589 1468 3641 Plinii

385 3678 599 3728 quoque
666 3660 978 3711 testimonio
1043 3660 1222 3710 accito
1290 3659 1464 3720 (Hist.

383 3734 511 3783 Nat.
550 3731 659 3792 VI,
699 3727 820 3791 19),
860 3730 952 3794 qui
986 3729 1205 3779 Indicas
1241 3744 1467 3790 merces,

381 3802 436 3850 in
475 3801 673 3864 Cyrum
710 3800 934 3849 fluvium
984 3814 1050 3848 ex
1095 3797 1230 3848 mari
1269 3798 1469 3861 Caspio

381 3870 670 3920 subvectas
687 3907 700 3931 ,
736 3871 950 3933 quinque
987 3883 1083 3917 non
1119 3869 1329 3929 amplius
1365 3867 1473 3916 die-

383 3955 491 3987 rum
547 3947 751 3989 terreno
805 3940 986 3988 itinere
1038 3936 1108 3986 ad
1155 3937 1359 3987 Phasin
1413 3935 1471 3984 in

379 4010 616 4059 Pontum
653 4007 847 4057 devehi
881 4021 1043 4071 posse
1077 4006 1285 4056 scribit.
1352 4005 1471 4067 Quo

382 4079 438 4126 in
475 4077 672 4128 itinere
710 4092 744 4127 a
771 4077 940 4127 Phasi
975 4090 1148 4141 usque
1174 4075 1246 4125 ad
1273 4075 1473 4138 Cyrum

386 4146 632 4197 curribus
693 4163 759 4196 ac
814 4146 1077 4211 plaustris
1139 4145 1211 4195 ad
1269 4159 1474 4194 merces

386 4216 661 4267 vehendas
705 4221 921 4267 veteres
969 4230 1098 4265 usos
1157 4230 1277 4265 esse
1332 4213 1474 4263 idem

388 4290 574 4335 monet
617 4285 860 4336 Ritterus
914 4285 1150 4348 indeque
1207 4285 1474 4348 insignem

391 4355 587 4418 repetit
642 4356 963 4405 Bactrorum
1034 4360 1089 4405 et
1153 4353 1473 4404 Colchorum

388 4429 776 4490 mercaturam,
835 4440 978 4493 quae
1029 4425 1153 4490 ipsa
1203 4423 1274 4473 ad
1324 4421 1474 4473 illius

1578 961 1818 1024 regionis
1851 977 1917 1012 ac
1950 963 2187 1014 fluminis
2221 964 2421 1016 famam
2460 971 2545 1018 tot
2590 968 2670 1019 fa-

1577 1030 1759 1151 pulist
1790 1032 2119 1084 celebratam
2174 1049 2505 1101 magnopere
2575 1053 2669 1089 va-

1600 1116 1715 1151 uer1

1646 1193 1829 1251 ἀλλὰ
1820 1217 1882 1252 εν
1916 1195 1978 1252 τὸ
2018 1195 2116 1254 διὰ
2145 1199 2322 1269 έμσου
2358 1201 2536 1265 ἔθνος
2564 1199 2667 1259 αὖ-

1576 1269 1689 1320 ufir
1735 1262 1876 1332 ἐστὶ,
1930 1220 2268 1340 Σάσπειρες]
2317 1276 2425 1326 Pro
2476 1268 2668 1327 αὐτων

1575 1340 1931 1403 Quatremere
1977 1341 2169 1407 (Mem.
2210 1344 2277 1394 de
2312 1343 2521 1397 l’Acad.
2569 1347 2665 1397 des

1573 1410 1748 1461 Inscr.
1798 1412 1960 1472 XIX,
2019 1413 2065 1462 l.
2123 1428 2250 1478 pag.
2308 1412 2439 1477 441)
2499 1416 2666 1466 scribi

1572 1479 1692 1530 vult
1723 1474 2026 1529 Σκυθέων.
2109 1482 2376 1547 Equidem
2413 1483 2483 1533 ad
2521 1476 2664 1533 Κόλ-

1572 1563 1712 1612 χους
1747 1551 1948 1600 reserre
1995 1549 2206 1613 malim,
2261 1557 2324 1602 ut
2368 1567 2506 1602 unus
2546 1558 2665 1603 tan-

1573 1621 1689 1668 tum
1735 1618 1966 1683 populus
2020 1589 2229 1670 mediu's
2275 1626 2409 1671 inter
2455 1623 2665 1673 Colchos

1577 1695 1627 1736 ee
1672 1688 1897 1738 Mediam
1938 1689 2256 1740 interiectus
2302 1691 2662 1742 existimetur.

1575 1755 1641 1805 In
1677 1756 1913 1807 lectione
1936 1749 2251 1820 Σάσπειρες
2286 1758 2411 1808 libri
2434 1775 2663 1811 consen-

1574 1825 1744 1887 tiunt,
1799 1826 1881 1875 ita
1916 1830 1977 1875 ut
2026 1826 2158 1875 nihil
2203 1827 2277 1876 sit
2323 1828 2661 1880 mutandum.

1573 1893 1746 1945 Paulo
1783 1896 2010 1944 inferius
2047 1896 2101 1956 1,
2145 1896 2244 1946 110
2287 1895 2446 1945 huius
2483 1898 2662 1960 gentis

1573 1968 1774 2014 terram
1812 1964 1946 2013 dicit
1990 1964 2150 2013 valde
2197 1969 2530 2028 montosam,
2587 1966 2664 2016 al-

1574 2038 1686 2083 tam
1740 2032 2001 2097 silvisque
2056 2048 2300 2097 opacam.
2386 2031 2460 2084 Et
2512 2036 2659 2085 conf.

1572 2107 1854 2166 praeterea
1907 2102 1975 2151 de
2030 2103 2141 2151 situ
2204 2102 2363 2151 huius
2418 2105 2661 2154 nationis

1572 2173 1833 2223 Nostrum
1871 2171 1979 2232 111,
2018 2170 2104 2222 94.
2152 2170 2247 2232 IV,
2287 2171 2374 2222 37.
2411 2173 2552 2232 VII',
2592 2175 2662 2224 79

1571 2257 1637 2291 ac
1672 2240 1828 2305 plura
1866 2240 2216 2290 disserentem
2238 2241 2567 2292 Larcherum
2604 2243 2661 2292 in

1569 2311 1682 2360 tab.
1731 2309 2099 2374 geographica
2154 2310 2312 2359 VIII.
2375 2326 2503 2376 pag.
2557 2313 2661 2362 482

1570 2396 1711 2444 seq.‚
1758 2378 1979 2430 Rennel.
2038 2377 2346 2443 Geograph.
2390 2380 2658 2431 Herodot.

1567 2466 1620 2514 p.
1661 2448 1781 2500 503.
1853 2447 1991 2498 Add.
2031 2448 2207 2498 Ukert
2239 2449 2435 2513 Geogr.
2476 2450 2530 2500 (1.
2563 2450 2657 2501 Gr.

1567 2535 1622 2569 u.
1663 2518 1817 2567 R‘dm.
1856 2517 1962 2578 ΙΙΙ,
1991 2519 2040 2567 2.
2079 2531 2206 2581 pag.
2238 2518 2358 2570 520.
2418 2519 2660 2579 Quorum

1568 2605 1596 2638 e
1620 2586 2082 2649 disputationibus
2098 2622 2110 2645 ‚
2146 2586 2461 2648 praesertim
2490 2587 2537 2635 si
2561 2587 2656 2637 ad-

1568 2654 1790 2715 ieceris,
1846 2669 1986 2718 quae
2035 2654 2279 2703 Ritterus
2333 2656 2551 2704 notavit
2601 2656 2659 2704 in

1568 2722 1866 2775 Erdkunde
1896 2722 1974 2772 ΙΙ.
2013 2738 2138 2785 pag.
2169 2724 2291 2782 922,
2327 2722 2459 2772 illud
2493 2723 2662 2774 effici-

1568 2799 1684 2854 tur,
1725 2792 1973 2856 Saspires
2008 2791 2287 2840 habitasse
2317 2792 2464 2842 circa
2505 2808 2660 2859 supe-

1567 2863 1761 2913 riorem
1806 2860 2005 2924 Cyrum
2052 2860 2274 2910 fluvium
2324 2860 2392 2910 iis
2440 2862 2552 2912 fere
2602 2864 2659 2913 in

1570 2929 1885 2994 regionibus
1907 2929 2192 2994 Georgiae‚
2215 2931 2271 2979 in
2294 2930 2490 2995 quibus
2515 2947 2659 2983 nunc

1574 3001 1717 3066 Tillis
1766 3000 1874 3049 sita
1915 3003 2023 3061 est,
2071 3015 2318 3065 quaeque
2363 3001 2658 3052 etiamnum

1568 3074 1839 3120 vocantur
1892 3068 2341 3120 Tsehin-Karmez
2390 3076 2444 3121 et
2499 3071 2658 3137 plura

1570 3140 1855 3190 continent
1890 3138 2041 3200 loca,
2082 3155 2310 3204 quorum
2334 3142 2556 3191 nomina
2579 3142 2658 3191 in·
2705 3148 2712 3154 '

1570 3209 1779 3272 cipiunt
1816 3224 1849 3257 a
1884 3208 2098 3271 syllaba
2141 3208 2355 3268 Tschin;
2394 3211 2536 3260 unde
2571 3226 2659 3260 ve-

1569 3278 1795 3328 risimile
1842 3279 2059 3327 videtur
2110 3279 2349 3340 Rittero,
2407 3279 2659 3344 Saspires

1570 3363 1689 3398 esse
1725 3347 1944 3397 eosdem
1991 3350 2158 3412 atque
2192 3348 2381 3397 Iberos
2428 3350 2661 3398 orienta-

1568 3417 1676 3478 les,
1726 3416 1943 3467 nomine
1979 3416 2099 3480 ipso
2135 3416 2262 3466 inde
2299 3417 2658 3478 conformato,

1570 3487 1637 3536 de
1672 3486 1868 3551 quibus
1903 3490 2030 3550 post
2065 3485 2261 3536 Graeci
2308 3488 2392 3533 tot
2446 3485 2659 3539 fabulas

1571 3556 1842 3606 finxerint.
1927 3554 2087 3604 Conf.
2132 3552 2460 3604 Billerbeck.
2508 3554 2660 3605 Diss.

1572 3626 1638 3674 de
1694 3624 1860 3675 Asiae
1915 3621 2180 3675 Herodot.
2237 3620 2471 3673 difficill.
2533 3639 2660 3688 pag.

1573 3695 1632 3744 21
1676 3698 1791 3743 not.
1856 3689 1995 3741 Add.
2024 3690 2219 3740 Vivien
2244 3691 2308 3740 de
2336 3692 2496 3741 Saint
2519 3693 2661 3742 Mar·

1576 3763 1656 3812 tin
1701 3763 1759 3811 in
1793 3758 2024 3812 Journal
2070 3761 2165 3811 des
2211 3760 2466 3824 voyages
2531 3762 2659 3811 1847

1575 3831 1732 3883 Juill.
1769 3846 1892 3894 pag.
1934 3829 1966 3878 8
2009 3830 2247 3896 etnconf.
2294 3845 2435 3893 quae
2481 3831 2662 3880 obser-

1573 3904 1671 3950 vat
1696 3897 2047 3962 Quatremere
2077 3900 2133 3947 in
2164 3900 2327 3949 Mem.
2359 3899 2425 3950 de
2446 3897 2659 3951 l'Acad.

1577 3971 1672 4020 des
1711 3970 1994 4035 Inscriptt.
2031 3969 2099 4019 Τ.
2137 3969 2287 4032 XIX,
2333 3969 2379 4020 1.
2416 3985 2470 4034 p.
2497 3969 2617 4020 440.

1647 4070 1818 4121 τοῦτο
1866 4065 1930 4122 δὲ
1972 4069 2536 4138 παραμειβομένοισι,
2583 4066 2660 4122 εἷ

1580 4158 1672 4191 ναι
1710 4132 1770 4191 ἐν
1804 4141 1875 4207 τῇ
1912 4139 2179 4206 Μηδικῇ]
2218 4141 2302 4193 Ad
2335 4142 2661 4192 infinitivum

1575 4205 1722 4261 εἶναι
1759 4212 2013 4278 supplent
2047 4206 2255 4272 ἔξεστι,
2300 4210 2443 4275 quod
2480 4212 2660 4275 aptius

1577 4282 1821 4343 videtur,
1872 4297 2034 4346 quam
2072 4281 2120 4330 si
2149 4276 2371 4343 λέγουσι
2405 4281 2661 4329 omissum

1577 4355 1809 4401 statuas.
1893 4351 2139 4413 Namque
2180 4348 2507 4398 infinitivum
2538 4362 2659 4426 “quo

1577 4421 1753 4472 minus
1819 4435 1885 4470 ex
1943 4418 2142 4470 omissa
2199 4416 2470 4484 particula
2523 4407 2663 4466 ὥστε
