<?xml version="1.0" encoding="UTF-8"?>
<!DOCTYPE html PUBLIC "-//W3C//DTD XHTML 1.0 Transitional//EN"
    "http://www.w3.org/TR/xhtml1/DTD/xhtml1-transitional.dtd">
<html xmlns="http://www.w3.org/1999/xhtml" xml:lang="en" lang="en">
 <head>
  <title>
</title>
<meta http-equiv="Content-Type" content="text/html;charset=utf-8" />
  <meta name='ocr-system' content='tesseract 3.04.00' />
  <meta name='ocr-capabilities' content='ocr_page ocr_carea ocr_par ocr_line ocrx_word'/>
</head>
<body>
  <div class='ocr_page' id='page_1' title='image "./herodotihalicar02unkngoog_0255.png"; bbox 0 0 3109 5092; ppageno 0'>
   <div class='ocr_carea' id='block_1_1' title="bbox 1286 355 1808 420">
    <p class='ocr_par' dir='ltr' id='par_1_1' title="bbox 1286 355 1808 420">
     <span class='ocr_line' id='line_1_1' title="bbox 1286 355 1808 420; baseline -0.002 -4"><span class='ocrx_word' id='word_1_1' title='bbox 1286 355 1540 416; x_wconf 82' lang='lat' dir='ltr'><strong>CLIO.</strong></span> <span class='ocrx_word' id='word_1_2' title='bbox 1586 358 1637 417; x_wconf 84' lang='lat'><strong>1.</strong></span> <span class='ocrx_word' id='word_1_3' title='bbox 1690 365 1808 420; x_wconf 86' lang='lat'><strong>106.</strong></span> 
     </span>
    </p>
   </div>
   <div class='ocr_carea' id='block_1_2' title="bbox 2564 349 2687 412">
    <p class='ocr_par' dir='ltr' id='par_1_2' title="bbox 2564 349 2687 412">
     <span class='ocr_line' id='line_1_2' title="bbox 2564 349 2687 412; baseline 0.024 -3"><span class='ocrx_word' id='word_1_4' title='bbox 2564 349 2687 412; x_wconf 80' lang='lat'><strong>235</strong></span> 
     </span>
    </p>
   </div>
   <div class='ocr_carea' id='block_1_3' title="bbox 310 526 2685 1136">
    <p class='ocr_par' dir='ltr' id='par_1_3' title="bbox 310 526 2685 1136">
     <span class='ocr_line' id='line_1_3' title="bbox 400 526 2681 620; baseline -0.001 -20"><span class='ocrx_word' id='word_1_5' title='bbox 400 530 743 614; x_wconf 75' lang='grc' dir='ltr'><strong><em>ἑκάστων,</em></strong></span> <span class='ocrx_word' id='word_1_6' title='bbox 796 526 872 599; x_wconf 82' lang='grc' dir='ltr'><strong><em>τὸ</em></strong></span> <span class='ocrx_word' id='word_1_7' title='bbox 911 527 1242 598; x_wconf 75' lang='grc' dir='ltr'><em>ἑκάστοισι</em></span> <span class='ocrx_word' id='word_1_8' title='bbox 1278 531 1679 617; x_wconf 79' lang='grc' dir='ltr'><strong><em>ἐπέβαλλον·</em></strong></span> <span class='ocrx_word' id='word_1_9' title='bbox 1738 531 1939 619; x_wconf 82' lang='grc' dir='ltr'><strong><em>χωρὶς</em></strong></span> <span class='ocrx_word' id='word_1_10' title='bbox 1981 528 2055 597; x_wconf 73' lang='grc' dir='ltr'><strong>δὲ</strong></span> <span class='ocrx_word' id='word_1_11' title='bbox 2090 533 2212 597; x_wconf 88' lang='grc' dir='ltr'><strong><em>τοῦ</em></strong></span> <span class='ocrx_word' id='word_1_12' title='bbox 2247 527 2504 616; x_wconf 82' lang='grc' dir='ltr'><strong><em>φόρου,</em></strong></span> <span class='ocrx_word' id='word_1_13' title='bbox 2562 527 2681 620; x_wconf 79' lang='grc' dir='ltr'><strong>ἦρ-</strong></span> 
     </span>
     <span class='ocr_line' id='line_1_4' title="bbox 401 630 2683 722; baseline -0 -18"><span class='ocrx_word' id='word_1_14' title='bbox 401 642 610 718; x_wconf 80' lang='grc' dir='ltr'><strong><em>παζον</em></strong></span> <span class='ocrx_word' id='word_1_15' title='bbox 648 632 1203 722; x_wconf 78' lang='grc' dir='ltr'><strong><em>περιελαύνοντες</em></strong></span> <span class='ocrx_word' id='word_1_16' title='bbox 1232 638 1465 719; x_wconf 84' lang='grc' dir='ltr'><strong><em>τοῦτο,</em></strong></span> <span class='ocrx_word' id='word_1_17' title='bbox 1508 630 1546 702; x_wconf 78' lang='grc' dir='ltr'>ὅ</span> <span class='ocrx_word' id='word_1_18' title='bbox 1575 661 1638 703; x_wconf 92' lang='grc' dir='ltr'><strong>τι</strong></span> <span class='ocrx_word' id='word_1_19' title='bbox 1674 639 1891 722; x_wconf 82' lang='grc' dir='ltr'><strong><em>ἔχοιεν</em></strong></span> <span class='ocrx_word' id='word_1_20' title='bbox 1931 635 2215 701; x_wconf 78' lang='grc' dir='ltr'><strong><em>ἔκαστοι.</em></strong></span> <span class='ocrx_word' id='word_1_21' title='bbox 2273 634 2384 700; x_wconf 83' lang='grc' dir='ltr'><strong>καὶ</strong></span> <span class='ocrx_word' id='word_1_22' title='bbox 2420 632 2683 703; x_wconf 81' lang='grc' dir='ltr'><strong><em>τούτων</em></strong></span> 
     </span>
     <span class='ocr_line' id='line_1_5' title="bbox 397 734 2683 827; baseline -0.001 -21"><span class='ocrx_word' id='word_1_23' title='bbox 397 739 526 827; x_wconf 74' lang='grc' dir='ltr'><strong>μὲν</strong></span> <span class='ocrx_word' id='word_1_24' title='bbox 577 735 734 817; x_wconf 82' lang='grc' dir='ltr'><strong><em>τούς</em></strong></span> <span class='ocrx_word' id='word_1_25' title='bbox 780 742 1073 818; x_wconf 81' lang='grc' dir='ltr'><strong><em>πλεῦνας</em></strong></span> <span class='ocrx_word' id='word_1_26' title='bbox 1118 734 1472 826; x_wconf 76' lang='grc' dir='ltr'><strong><em>Κυαξάρης</em></strong></span> <span class='ocrx_word' id='word_1_27' title='bbox 1530 765 1602 806; x_wconf 95' lang='grc' dir='ltr'><strong>τε</strong></span> <span class='ocrx_word' id='word_1_28' title='bbox 1661 738 1771 807; x_wconf 78' lang='grc' dir='ltr'><strong>καὶ</strong></span> <span class='ocrx_word' id='word_1_29' title='bbox 1820 741 2050 823; x_wconf 80' lang='grc' dir='ltr'><strong><em>Μῆδοι</em></strong></span> <span class='ocrx_word' id='word_1_30' title='bbox 2110 739 2518 818; x_wconf 81' lang='grc' dir='ltr'><strong><em>ξεινίσαντες</em></strong></span> <span class='ocrx_word' id='word_1_31' title='bbox 2572 738 2683 806; x_wconf 84' lang='grc' dir='ltr'><strong>καὶ</strong></span> 
     </span>
     <span class='ocr_line' id='line_1_6' title="bbox 400 835 2685 929; baseline -0 -19"><span class='ocrx_word' id='word_1_32' title='bbox 400 839 987 929; x_wconf 80' lang='grc' dir='ltr'><strong><em>καταμεθύσαντες</em></strong></span> <span class='ocrx_word' id='word_1_33' title='bbox 1046 841 1588 928; x_wconf 81' lang='grc' dir='ltr'><strong><em>κατεφόνευσαν,</em></strong></span> <span class='ocrx_word' id='word_1_34' title='bbox 1651 842 1761 909; x_wconf 81' lang='grc' dir='ltr'><strong>καὶ</strong></span> <span class='ocrx_word' id='word_1_35' title='bbox 1827 835 2004 908; x_wconf 80' lang='grc' dir='ltr'><strong><em>οὕτω</em></strong></span> <span class='ocrx_word' id='word_1_36' title='bbox 2066 835 2491 908; x_wconf 72' lang='grc' dir='ltr'><strong><em>ἀνεσώσαντο</em></strong></span> <span class='ocrx_word' id='word_1_37' title='bbox 2556 837 2685 928; x_wconf 84' lang='grc' dir='ltr'><strong>τὴν</strong></span> 
     </span>
     <span class='ocr_line' id='line_1_7' title="bbox 310 940 2680 1033; baseline -0.001 -19"><span class='ocrx_word' id='word_1_38' title='bbox 310 942 618 1032; x_wconf 62' lang='grc' dir='ltr'><strong><em>ωᾶρχὴν</em></strong></span> <span class='ocrx_word' id='word_1_39' title='bbox 665 948 929 1032; x_wconf 80' lang='grc' dir='ltr'><strong><em>Μῆδοι,</em></strong></span> <span class='ocrx_word' id='word_1_40' title='bbox 975 945 1086 1011; x_wconf 86' lang='grc' dir='ltr'><strong>καὶ</strong></span> <span class='ocrx_word' id='word_1_41' title='bbox 1133 944 1574 1033; x_wconf 76' lang='grc' dir='ltr'><strong><em>ἐπεκράτεον,</em></strong></span> <span class='ocrx_word' id='word_1_42' title='bbox 1637 949 1776 1012; x_wconf 73' lang='grc' dir='ltr'><strong>τῶν</strong></span> <span class='ocrx_word' id='word_1_43' title='bbox 1818 969 1944 1031; x_wconf 78' lang='grc' dir='ltr'><strong><em>περ</em></strong></span> <span class='ocrx_word' id='word_1_44' title='bbox 1991 944 2101 1010; x_wconf 83' lang='grc' dir='ltr'><strong>καὶ</strong></span> <span class='ocrx_word' id='word_1_45' title='bbox 2150 940 2496 1031; x_wconf 85' lang='grc' dir='ltr'><strong><em>πρότερον.</em></strong></span> <span class='ocrx_word' id='word_1_46' title='bbox 2571 946 2680 1012; x_wconf 87' lang='grc' dir='ltr'><strong>καὶ</strong></span> 
     </span>
     <span class='ocr_line' id='line_1_8' title="bbox 399 1041 2680 1136; baseline -0 -20"><span class='ocrx_word' id='word_1_47' title='bbox 399 1048 526 1136; x_wconf 86' lang='grc' dir='ltr'><strong>τήν</strong></span> <span class='ocrx_word' id='word_1_48' title='bbox 581 1074 653 1115; x_wconf 91' lang='grc' dir='ltr'><strong>τε</strong></span> <span class='ocrx_word' id='word_1_49' title='bbox 697 1055 911 1116; x_wconf 87' lang='grc' dir='ltr'><strong><em>Νῖνον</em></strong></span> <span class='ocrx_word' id='word_1_50' title='bbox 959 1041 1142 1115; x_wconf 85' lang='grc' dir='ltr'><strong><em>εἷλον</em></strong></span> <span class='ocrx_word' id='word_1_51' title='bbox 1208 1043 1328 1127; x_wconf 72' lang='grc' dir='ltr'><strong><em>(ὡς</em></strong></span> <span class='ocrx_word' id='word_1_52' title='bbox 1383 1047 1458 1116; x_wconf 71' lang='grc' dir='ltr'><strong>δὲ</strong></span> <span class='ocrx_word' id='word_1_53' title='bbox 1510 1042 1721 1130; x_wconf 81' lang='grc' dir='ltr'><strong><em>εἷλον,</em></strong></span> <span class='ocrx_word' id='word_1_54' title='bbox 1795 1049 1870 1115; x_wconf 82' lang='grc' dir='ltr'><strong>ἐν</strong></span> <span class='ocrx_word' id='word_1_55' title='bbox 1915 1047 2195 1134; x_wconf 75' lang='grc' dir='ltr'><strong><em>ἑτέροισι</em></strong></span> <span class='ocrx_word' id='word_1_56' title='bbox 2251 1044 2503 1132; x_wconf 80' lang='grc' dir='ltr'><strong><em>λόγοισι</em></strong></span> <span class='ocrx_word' id='word_1_57' title='bbox 2560 1052 2680 1134; x_wconf 80' lang='grc' dir='ltr'><strong>δη-</strong></span> 
     </span>
    </p>
   </div>
   <div class='ocr_carea' id='block_1_4' title="bbox 391 1213 1491 4469">
    <p class='ocr_par' dir='ltr' id='par_1_4' title="bbox 400 1213 1491 1487">
     <span class='ocr_line' id='line_1_9' title="bbox 403 1213 1491 1294; baseline -0.001 -29"><span class='ocrx_word' id='word_1_58' title='bbox 403 1214 771 1279; x_wconf 82' lang='lat' dir='ltr'><strong>trumplacet:</strong></span> <span class='ocrx_word' id='word_1_59' title='bbox 795 1229 897 1264; x_wconf 87' lang='lat' dir='ltr'><strong>nec</strong></span> <span class='ocrx_word' id='word_1_60' title='bbox 923 1214 1098 1278; x_wconf 77' lang='lat' dir='ltr'><strong>magis</strong></span> <span class='ocrx_word' id='word_1_61' title='bbox 1119 1213 1319 1294; x_wconf 60' lang='lat' dir='ltr'><strong>placet,</strong></span> <span class='ocrx_word' id='word_1_62' title='bbox 1348 1215 1491 1293; x_wconf 86' lang='lat' dir='ltr'><strong>quod</strong></span> 
     </span>
     <span class='ocr_line' id='line_1_10' title="bbox 403 1277 1490 1348; baseline -0.001 -13"><span class='ocrx_word' id='word_1_63' title='bbox 403 1284 641 1335; x_wconf 82' lang='lat' dir='ltr'><strong>Dindorf</strong></span> <span class='ocrx_word' id='word_1_64' title='bbox 660 1283 890 1348; x_wconf 89' lang='lat' dir='ltr'><strong>recepit.</strong></span> <span class='ocrx_word' id='word_1_65' title='bbox 928 1299 1007 1347; x_wconf 82' lang='grc' dir='ltr'><strong>χω</strong></span> <span class='ocrx_word' id='word_1_66' title='bbox 1049 1279 1101 1340; x_wconf 70' lang='lat' dir='ltr'><strong>lc</strong></span> <span class='ocrx_word' id='word_1_67' title='bbox 1129 1278 1233 1346; x_wconf 66' lang='grc' dir='ltr'><strong><em>μὲν</em></strong></span> <span class='ocrx_word' id='word_1_68' title='bbox 1253 1279 1359 1348; x_wconf 77' lang='grc' dir='ltr'><strong>γὰρ</strong></span> <span class='ocrx_word' id='word_1_69' title='bbox 1386 1277 1490 1348; x_wconf 88' lang='grc' dir='ltr'><strong>φό-</strong></span> 
     </span>
     <span class='ocr_line' id='line_1_11' title="bbox 402 1299 1290 1416; baseline 0 -13"><span class='ocrx_word' id='word_1_70' title='bbox 402 1367 520 1403; x_wconf 86' lang='grc' dir='ltr'><strong>νων</strong></span> <span class='ocrx_word' id='word_1_71' title='bbox 564 1351 798 1416; x_wconf 77' lang='lat' dir='ltr'><strong>(praeter</strong></span> <span class='ocrx_word' id='word_1_72' title='bbox 842 1299 1080 1414; x_wconf 38' lang='lat' dir='ltr'><strong>caede&amp;</strong></span> <span class='ocrx_word' id='word_1_73' title='bbox 1134 1353 1290 1404; x_wconf 89' lang='lat' dir='ltr'><strong>libris</strong></span> 
     </span>
     <span class='ocr_line' id='line_1_12' title="bbox 400 1421 1153 1487; baseline -0.003 -14"><span class='ocrx_word' id='word_1_74' title='bbox 400 1424 620 1487; x_wconf 82' lang='lat' dir='ltr'><strong>scriptis</strong></span> <span class='ocrx_word' id='word_1_75' title='bbox 657 1422 906 1473; x_wconf 85' lang='lat' dir='ltr'><strong>omnibus</strong></span> <span class='ocrx_word' id='word_1_76' title='bbox 943 1421 1153 1472; x_wconf 76' lang='lat' dir='ltr'><strong>invitis.</strong></span> 
     </span>
    </p>

    <p class='ocr_par' dir='ltr' id='par_1_5' title="bbox 396 1483 1488 1904">
     <span class='ocr_line' id='line_1_13' title="bbox 469 1483 1488 1556; baseline 0.001 -16"><span class='ocrx_word' id='word_1_77' title='bbox 469 1483 776 1556; x_wconf 76' lang='grc' dir='ltr'><strong><em>Κυαξάρης</em></strong></span> <span class='ocrx_word' id='word_1_78' title='bbox 820 1505 877 1540; x_wconf 89' lang='grc' dir='ltr'><strong>τε</strong></span> <span class='ocrx_word' id='word_1_79' title='bbox 924 1487 1018 1540; x_wconf 77' lang='grc' dir='ltr'><strong>καὶ</strong></span> <span class='ocrx_word' id='word_1_80' title='bbox 1069 1490 1172 1555; x_wconf 82' lang='grc' dir='ltr'><strong>Μη</strong></span> <span class='ocrx_word' id='word_1_81' title='bbox 1153 1490 1270 1540; x_wconf 73' lang='lat' dir='ltr'><strong>dot</strong></span> <span class='ocrx_word' id='word_1_82' title='bbox 1319 1489 1488 1554; x_wconf 78' lang='grc' dir='ltr'><strong><em>ξεινί-</em></strong></span> 
     </span>
     <span class='ocr_line' id='line_1_14' title="bbox 399 1557 1488 1626; baseline 0 -15"><span class='ocrx_word' id='word_1_83' title='bbox 399 1558 619 1626; x_wconf 79' lang='grc' dir='ltr'><strong><em>σαντες]</em></strong></span> <span class='ocrx_word' id='word_1_84' title='bbox 673 1557 1049 1622; x_wconf 78' lang='grc' dir='ltr'><strong><em>ξεινίσαντες</em></strong></span> <span class='ocrx_word' id='word_1_85' title='bbox 1089 1576 1187 1625; x_wconf 91' lang='lat' dir='ltr'><strong>pro</strong></span> <span class='ocrx_word' id='word_1_86' title='bbox 1234 1557 1488 1621; x_wconf 77' lang='grc' dir='ltr'><strong><em>ξενί-σαν</em></strong></span> 
     </span>
     <span class='ocr_line' id='line_1_15' title="bbox 396 1629 1486 1688; baseline 0.001 -8"><span class='ocrx_word' id='word_1_87' title='bbox 396 1645 487 1688; x_wconf 82' lang='grc' dir='ltr'><strong>τες</strong></span> <span class='ocrx_word' id='word_1_88' title='bbox 532 1646 676 1680; x_wconf 89' lang='lat' dir='ltr'><strong>nunc</strong></span> <span class='ocrx_word' id='word_1_89' title='bbox 724 1630 838 1680; x_wconf 90' lang='lat' dir='ltr'><strong>iure</strong></span> <span class='ocrx_word' id='word_1_90' title='bbox 889 1645 919 1679; x_wconf 90' lang='lat' dir='ltr'><strong>e</strong></span> <span class='ocrx_word' id='word_1_91' title='bbox 968 1629 1486 1681; x_wconf 84' lang='lat' dir='ltr'><strong>Schellershemiano</strong></span> 
     </span>
     <span class='ocr_line' id='line_1_16' title="bbox 396 1699 1486 1765; baseline 0.001 -15"><span class='ocrx_word' id='word_1_92' title='bbox 396 1701 538 1750; x_wconf 90' lang='lat' dir='ltr'><strong>libro</strong></span> <span class='ocrx_word' id='word_1_93' title='bbox 563 1700 783 1765; x_wconf 90' lang='lat' dir='ltr'><strong>alioque</strong></span> <span class='ocrx_word' id='word_1_94' title='bbox 808 1699 1058 1750; x_wconf 79' lang='lat' dir='ltr'>Parisino</span> <span class='ocrx_word' id='word_1_95' title='bbox 1094 1700 1297 1750; x_wconf 85' lang='lat' dir='ltr'><strong>editum</strong></span> <span class='ocrx_word' id='word_1_96' title='bbox 1315 1739 1328 1762; x_wconf 93' lang='lat'><strong>,</strong></span> <span class='ocrx_word' id='word_1_97' title='bbox 1366 1717 1486 1751; x_wconf 85' lang='lat' dir='ltr'><strong>cum</strong></span> 
     </span>
     <span class='ocr_line' id='line_1_17' title="bbox 397 1768 1488 1821; baseline -0.003 0"><span class='ocrx_word' id='word_1_98' title='bbox 397 1772 598 1821; x_wconf 78' lang='lat' dir='ltr'><strong>Noster</strong></span> <span class='ocrx_word' id='word_1_99' title='bbox 648 1774 965 1820; x_wconf 75' lang='lat' dir='ltr'><strong>constanter</strong></span> <span class='ocrx_word' id='word_1_100' title='bbox 1015 1768 1118 1820; x_wconf 89' lang='lat' dir='ltr'><strong>hac</strong></span> <span class='ocrx_word' id='word_1_101' title='bbox 1182 1771 1355 1821; x_wconf 87' lang='lat' dir='ltr'><strong>forma</strong></span> <span class='ocrx_word' id='word_1_102' title='bbox 1415 1771 1488 1819; x_wconf 85' lang='lat' dir='ltr'><strong>sit</strong></span> 
     </span>
     <span class='ocr_line' id='line_1_18' title="bbox 397 1838 1243 1904; baseline -0.005 -14"><span class='ocrx_word' id='word_1_103' title='bbox 397 1854 561 1890; x_wconf 89' lang='lat' dir='ltr'><strong>usus:</strong></span> <span class='ocrx_word' id='word_1_104' title='bbox 599 1839 711 1890; x_wconf 81' lang='lat' dir='ltr'><strong>vid.</strong></span> <span class='ocrx_word' id='word_1_105' title='bbox 749 1838 983 1890; x_wconf 70' lang='lat' dir='ltr'><strong>BredoV.</strong></span> <span class='ocrx_word' id='word_1_106' title='bbox 1029 1856 1081 1904; x_wconf 87' lang='lat' dir='ltr'><strong>p.</strong></span> <span class='ocrx_word' id='word_1_107' title='bbox 1125 1840 1243 1891; x_wconf 76' lang='lat'><strong>149.</strong></span> 
     </span>
    </p>

    <p class='ocr_par' dir='ltr' id='par_1_6' title="bbox 395 1902 1490 3779">
     <span class='ocr_line' id='line_1_19' title="bbox 468 1902 1483 1973; baseline 0.001 -16"><span class='ocrx_word' id='word_1_108' title='bbox 468 1905 563 1957; x_wconf 77' lang='grc' dir='ltr'><strong>καὶ</strong></span> <span class='ocrx_word' id='word_1_109' title='bbox 609 1906 715 1973; x_wconf 86' lang='grc' dir='ltr'><strong>τήν</strong></span> <span class='ocrx_word' id='word_1_110' title='bbox 759 1922 816 1957; x_wconf 84' lang='grc' dir='ltr'><strong>τε</strong></span> <span class='ocrx_word' id='word_1_111' title='bbox 861 1906 1052 1957; x_wconf 90' lang='grc' dir='ltr'><strong><em>Νινον</em></strong></span> <span class='ocrx_word' id='word_1_112' title='bbox 1096 1902 1269 1972; x_wconf 79' lang='grc' dir='ltr'><strong><em>εἶλον]</em></strong></span> <span class='ocrx_word' id='word_1_113' title='bbox 1327 1908 1483 1960; x_wconf 87' lang='lat' dir='ltr'><strong>Conf.</strong></span> 
     </span>
     <span class='ocr_line' id='line_1_20' title="bbox 398 1970 1486 2039; baseline -0.001 -11"><span class='ocrx_word' id='word_1_114' title='bbox 398 1993 521 2028; x_wconf 84' lang='lat' dir='ltr'><strong>cum</strong></span> <span class='ocrx_word' id='word_1_115' title='bbox 557 1978 640 2028; x_wconf 85' lang='lat' dir='ltr'><strong>his</strong></span> <span class='ocrx_word' id='word_1_116' title='bbox 677 1970 879 2028; x_wconf 84' lang='lat' dir='ltr'><strong>Herod.</strong></span> <span class='ocrx_word' id='word_1_117' title='bbox 917 1977 965 2039; x_wconf 94' lang='lat'><strong>1,</strong></span> <span class='ocrx_word' id='word_1_118' title='bbox 1006 1976 1125 2029; x_wconf 89' lang='grc'><strong>178.</strong></span> <span class='ocrx_word' id='word_1_119' title='bbox 1170 1978 1284 2030; x_wconf 82' lang='grc'><strong>183.</strong></span> <span class='ocrx_word' id='word_1_120' title='bbox 1356 1978 1486 2027; x_wconf 84' lang='lat' dir='ltr'><strong>Hie·</strong></span> 
     </span>
     <span class='ocr_line' id='line_1_21' title="bbox 397 2015 1490 2168; baseline 0 -2"><span class='ocrx_word' id='word_1_121' title='bbox 397 2048 806 2168; x_wconf 54' lang='grc' dir='ltr'><strong>Ψὲἲῗῗῑῃῗω</strong></span> <span class='ocrx_word' id='word_1_122' title='bbox 826 2015 1490 2167; x_wconf 52' lang='grc' dir='ltr'><strong>Οέἶὲζέᾦξῗιηθωῖζᾞ</strong></span> 
     </span>
     <span class='ocr_line' id='line_1_22' title="bbox 400 2179 1490 2248; baseline -0.001 -13"><span class='ocrx_word' id='word_1_123' title='bbox 400 2187 617 2248; x_wconf 80' lang='lat' dir='ltr'>scribit,</span> <span class='ocrx_word' id='word_1_124' title='bbox 661 2187 924 2237; x_wconf 88' lang='lat' dir='ltr'><strong>Graecum</strong></span> <span class='ocrx_word' id='word_1_125' title='bbox 978 2184 1302 2236; x_wconf 85' lang='lat' dir='ltr'><strong>vocabulum</strong></span> <span class='ocrx_word' id='word_1_126' title='bbox 1344 2179 1490 2235; x_wconf 76' lang='grc' dir='ltr'><strong><em>εἷλεν</em></strong></span> 
     </span>
     <span class='ocr_line' id='line_1_23' title="bbox 400 2253 1489 2319; baseline 0.002 -16"><span class='ocrx_word' id='word_1_127' title='bbox 400 2254 460 2318; x_wconf 87' lang='lat' dir='ltr'><strong>(i.</strong></span> <span class='ocrx_word' id='word_1_128' title='bbox 502 2271 548 2306; x_wconf 92' lang='lat' dir='ltr'><strong>e.</strong></span> <span class='ocrx_word' id='word_1_129' title='bbox 587 2253 759 2319; x_wconf 72' lang='lat' dir='ltr'><strong>cepit)</strong></span> <span class='ocrx_word' id='word_1_130' title='bbox 796 2256 984 2306; x_wconf 87' lang='lat' dir='ltr'><strong>forsan</strong></span> <span class='ocrx_word' id='word_1_131' title='bbox 1024 2255 1128 2306; x_wconf 90' lang='lat' dir='ltr'><strong>hoc</strong></span> <span class='ocrx_word' id='word_1_132' title='bbox 1177 2255 1335 2307; x_wconf 89' lang='lat' dir='ltr'><strong>modo</strong></span> <span class='ocrx_word' id='word_1_133' title='bbox 1373 2256 1489 2306; x_wconf 90' lang='lat' dir='ltr'><strong>red-</strong></span> 
     </span>
     <span class='ocr_line' id='line_1_24' title="bbox 398 2325 1488 2390; baseline 0 -16"><span class='ocrx_word' id='word_1_134' title='bbox 398 2325 557 2375; x_wconf 84' lang='lat' dir='ltr'><strong>didit.</strong></span> <span class='ocrx_word' id='word_1_135' title='bbox 640 2326 877 2390; x_wconf 77' lang='lat' dir='ltr'>Tempus</span> <span class='ocrx_word' id='word_1_136' title='bbox 933 2341 1091 2386; x_wconf 83' lang='lat' dir='ltr'><strong>vero,</strong></span> <span class='ocrx_word' id='word_1_137' title='bbox 1150 2341 1256 2390; x_wconf 90' lang='lat' dir='ltr'><strong>quo</strong></span> <span class='ocrx_word' id='word_1_138' title='bbox 1313 2326 1488 2376; x_wconf 89' lang='lat' dir='ltr'><strong>Ninus</strong></span> 
     </span>
     <span class='ocr_line' id='line_1_25' title="bbox 399 2394 1486 2460; baseline 0.001 -15"><span class='ocrx_word' id='word_1_139' title='bbox 399 2401 560 2459; x_wconf 87' lang='lat' dir='ltr'><strong>capta</strong></span> <span class='ocrx_word' id='word_1_140' title='bbox 598 2395 769 2444; x_wconf 85' lang='lat' dir='ltr'><strong>fuisse</strong></span> <span class='ocrx_word' id='word_1_141' title='bbox 807 2394 1147 2460; x_wconf 77' lang='lat' dir='ltr'><strong>perhibetur,</strong></span> <span class='ocrx_word' id='word_1_142' title='bbox 1183 2395 1486 2446; x_wconf 87' lang='lat' dir='ltr'><strong>Larcherus</strong></span> 
     </span>
     <span class='ocr_line' id='line_1_26' title="bbox 398 2463 1487 2527; baseline 0.002 -14"><span class='ocrx_word' id='word_1_143' title='bbox 398 2465 596 2514; x_wconf 86' lang='lat' dir='ltr'><strong>statuit</strong></span> <span class='ocrx_word' id='word_1_144' title='bbox 641 2479 766 2515; x_wconf 90' lang='lat' dir='ltr'><strong>ann.</strong></span> <span class='ocrx_word' id='word_1_145' title='bbox 812 2463 914 2515; x_wconf 83' lang='grc'><strong>603</strong></span> <span class='ocrx_word' id='word_1_146' title='bbox 958 2479 1009 2515; x_wconf 84' lang='lat' dir='ltr'><strong>a.</strong></span> <span class='ocrx_word' id='word_1_147' title='bbox 1061 2464 1188 2515; x_wconf 86' lang='lat' dir='ltr'>Chr.</span> <span class='ocrx_word' id='word_1_148' title='bbox 1236 2481 1320 2527; x_wconf 89' lang='lat' dir='ltr'><strong>n.,</strong></span> <span class='ocrx_word' id='word_1_149' title='bbox 1361 2465 1487 2515; x_wconf 91' lang='lat' dir='ltr'><strong>Vol-</strong></span> 
     </span>
     <span class='ocr_line' id='line_1_27' title="bbox 398 2533 1486 2599; baseline 0.002 -16"><span class='ocrx_word' id='word_1_150' title='bbox 398 2535 554 2584; x_wconf 88' lang='lat' dir='ltr'><strong>neius</strong></span> <span class='ocrx_word' id='word_1_151' title='bbox 609 2535 708 2584; x_wconf 74' lang='lat'><strong>597</strong></span> <span class='ocrx_word' id='word_1_152' title='bbox 760 2549 810 2583; x_wconf 87' lang='lat' dir='ltr'><strong>a.</strong></span> <span class='ocrx_word' id='word_1_153' title='bbox 851 2533 975 2584; x_wconf 79' lang='lat' dir='ltr'><strong>chr.</strong></span> <span class='ocrx_word' id='word_1_154' title='bbox 1025 2550 1080 2584; x_wconf 90' lang='lat' dir='ltr'><strong>n.</strong></span> <span class='ocrx_word' id='word_1_155' title='bbox 1163 2534 1348 2599; x_wconf 86' lang='lat' dir='ltr'><strong>Nuper</strong></span> <span class='ocrx_word' id='word_1_156' title='bbox 1395 2535 1486 2585; x_wconf 88' lang='lat' dir='ltr'><strong>ad-</strong></span> 
     </span>
     <span class='ocr_line' id='line_1_28' title="bbox 396 2602 1487 2669; baseline 0.002 -16"><span class='ocrx_word' id='word_1_157' title='bbox 396 2603 613 2653; x_wconf 85' lang='lat' dir='ltr'><strong>modum</strong></span> <span class='ocrx_word' id='word_1_158' title='bbox 649 2603 895 2668; x_wconf 90' lang='lat' dir='ltr'><strong>pluribus</strong></span> <span class='ocrx_word' id='word_1_159' title='bbox 942 2603 997 2652; x_wconf 90' lang='lat' dir='ltr'><strong>in</strong></span> <span class='ocrx_word' id='word_1_160' title='bbox 1032 2602 1168 2660; x_wconf 79' lang='lat' dir='ltr'><strong>haec</strong></span> <span class='ocrx_word' id='word_1_161' title='bbox 1202 2604 1487 2669; x_wconf 76' lang='lat' dir='ltr'>inquisivit</span> 
     </span>
     <span class='ocr_line' id='line_1_29' title="bbox 399 2672 1486 2739; baseline 0.001 -16"><span class='ocrx_word' id='word_1_162' title='bbox 399 2672 567 2723; x_wconf 80' lang='lat' dir='ltr'><strong>Graff.</strong></span> <span class='ocrx_word' id='word_1_163' title='bbox 620 2673 676 2722; x_wconf 88' lang='lat' dir='ltr'><strong>in</strong></span> <span class='ocrx_word' id='word_1_164' title='bbox 711 2679 1136 2738; x_wconf 78' lang='lat' dir='ltr'><strong>programmate,</strong></span> <span class='ocrx_word' id='word_1_165' title='bbox 1186 2674 1330 2738; x_wconf 88' lang='lat' dir='ltr'><strong>quod</strong></span> <span class='ocrx_word' id='word_1_166' title='bbox 1367 2690 1486 2739; x_wconf 92' lang='lat' dir='ltr'><strong>pro-</strong></span> 
     </span>
     <span class='ocr_line' id='line_1_30' title="bbox 398 2741 1481 2808; baseline 0.002 -17"><span class='ocrx_word' id='word_1_167' title='bbox 398 2741 500 2792; x_wconf 91' lang='lat' dir='ltr'><strong>diit</strong></span> <span class='ocrx_word' id='word_1_168' title='bbox 536 2741 797 2792; x_wconf 85' lang='lat' dir='ltr'><strong>Wetzlar.</strong></span> <span class='ocrx_word' id='word_1_169' title='bbox 841 2742 998 2792; x_wconf 77' lang='lat'><strong>1828.</strong></span> <span class='ocrx_word' id='word_1_170' title='bbox 1036 2759 1163 2807; x_wconf 79' lang='lat' dir='ltr'><strong>pag.</strong></span> <span class='ocrx_word' id='word_1_171' title='bbox 1207 2744 1264 2793; x_wconf 93' lang='grc'><strong>11</strong></span> <span class='ocrx_word' id='word_1_172' title='bbox 1306 2759 1481 2808; x_wconf 89' lang='lat' dir='ltr'><strong>seqq.‚</strong></span> 
     </span>
     <span class='ocr_line' id='line_1_31' title="bbox 396 2811 1482 2876; baseline 0.002 -15"><span class='ocrx_word' id='word_1_173' title='bbox 396 2812 597 2861; x_wconf 83' lang='lat' dir='ltr'>Ninum</span> <span class='ocrx_word' id='word_1_174' title='bbox 620 2827 653 2861; x_wconf 91' lang='lat' dir='ltr'><strong>a</strong></span> <span class='ocrx_word' id='word_1_175' title='bbox 679 2811 927 2876; x_wconf 79' lang='lat' dir='ltr'><strong>Cyaxare</strong></span> <span class='ocrx_word' id='word_1_176' title='bbox 946 2827 1191 2862; x_wconf 80' lang='lat' dir='ltr'><strong>eversam</strong></span> <span class='ocrx_word' id='word_1_177' title='bbox 1216 2828 1336 2862; x_wconf 89' lang='lat' dir='ltr'><strong>esse</strong></span> <span class='ocrx_word' id='word_1_178' title='bbox 1357 2829 1482 2863; x_wconf 91' lang='lat' dir='ltr'><strong>con-</strong></span> 
     </span>
     <span class='ocr_line' id='line_1_32' title="bbox 395 2880 1485 2933; baseline 0.002 -4"><span class='ocrx_word' id='word_1_179' title='bbox 395 2880 575 2930; x_wconf 86' lang='lat' dir='ltr'><strong>tendit</strong></span> <span class='ocrx_word' id='word_1_180' title='bbox 637 2896 781 2930; x_wconf 90' lang='lat' dir='ltr'><strong>anno</strong></span> <span class='ocrx_word' id='word_1_181' title='bbox 838 2880 943 2932; x_wconf 92' lang='grc'><strong>606</strong></span> <span class='ocrx_word' id='word_1_182' title='bbox 1002 2897 1051 2931; x_wconf 85' lang='lat' dir='ltr'><strong>a.</strong></span> <span class='ocrx_word' id='word_1_183' title='bbox 1104 2881 1232 2933; x_wconf 86' lang='lat' dir='ltr'><strong>Chr.</strong></span> <span class='ocrx_word' id='word_1_184' title='bbox 1280 2898 1333 2931; x_wconf 91' lang='lat' dir='ltr'><strong>n.</strong></span> <span class='ocrx_word' id='word_1_185' title='bbox 1418 2883 1485 2932; x_wconf 90' lang='lat' dir='ltr'><strong>In</strong></span> 
     </span>
     <span class='ocr_line' id='line_1_33' title="bbox 395 2949 1482 3003; baseline 0.002 -3"><span class='ocrx_word' id='word_1_186' title='bbox 395 2950 626 3000; x_wconf 89' lang='lat' dir='ltr'><strong>eundem</strong></span> <span class='ocrx_word' id='word_1_187' title='bbox 663 2966 861 3000; x_wconf 89' lang='lat' dir='ltr'><strong>annum</strong></span> <span class='ocrx_word' id='word_1_188' title='bbox 905 2950 1209 3000; x_wconf 87' lang='lat' dir='ltr'><strong>inciderunt</strong></span> <span class='ocrx_word' id='word_1_189' title='bbox 1246 2949 1482 3003; x_wconf 87' lang='lat' dir='ltr'><strong>Clinton.</strong></span> 
     </span>
     <span class='ocr_line' id='line_1_34' title="bbox 395 3017 1483 3084; baseline 0.004 -17"><span class='ocrx_word' id='word_1_190' title='bbox 395 3017 436 3067; x_wconf 94' lang='lat' dir='ltr'><strong>l.</strong></span> <span class='ocrx_word' id='word_1_191' title='bbox 473 3019 512 3069; x_wconf 91' lang='lat' dir='ltr'><strong>l.</strong></span> <span class='ocrx_word' id='word_1_192' title='bbox 551 3035 602 3084; x_wconf 92' lang='lat' dir='ltr'><strong>p.</strong></span> <span class='ocrx_word' id='word_1_193' title='bbox 642 3019 775 3081; x_wconf 82' lang='lat'><strong>269,</strong></span> <span class='ocrx_word' id='word_1_194' title='bbox 827 3019 1070 3070; x_wconf 83' lang='lat' dir='ltr'><strong>Fischer.</strong></span> <span class='ocrx_word' id='word_1_195' title='bbox 1114 3018 1151 3069; x_wconf 91' lang='lat' dir='ltr'><strong>l.</strong></span> <span class='ocrx_word' id='word_1_196' title='bbox 1191 3020 1224 3070; x_wconf 89' lang='grc' dir='ltr'><strong>Ι.</strong></span> <span class='ocrx_word' id='word_1_197' title='bbox 1274 3037 1323 3084; x_wconf 90' lang='lat' dir='ltr'><strong>p.</strong></span> <span class='ocrx_word' id='word_1_198' title='bbox 1368 3021 1483 3083; x_wconf 87' lang='lat'>108,</span> 
     </span>
     <span class='ocr_line' id='line_1_35' title="bbox 396 3088 1487 3154; baseline 0.003 -17"><span class='ocrx_word' id='word_1_199' title='bbox 396 3088 657 3154; x_wconf 82' lang='lat' dir='ltr'><strong>Hupfeld.</strong></span> <span class='ocrx_word' id='word_1_200' title='bbox 696 3090 751 3138; x_wconf 92' lang='lat' dir='ltr'><strong>in</strong></span> <span class='ocrx_word' id='word_1_201' title='bbox 777 3089 1069 3140; x_wconf 83' lang='lat' dir='ltr'><strong>Dissertat.</strong></span> <span class='ocrx_word' id='word_1_202' title='bbox 1101 3088 1168 3138; x_wconf 90' lang='lat' dir='ltr'><strong>de</strong></span> <span class='ocrx_word' id='word_1_203' title='bbox 1198 3089 1359 3140; x_wconf 90' lang='lat' dir='ltr'><strong>rebus</strong></span> <span class='ocrx_word' id='word_1_204' title='bbox 1389 3091 1487 3140; x_wconf 90' lang='lat' dir='ltr'><strong>As-</strong></span> 
     </span>
     <span class='ocr_line' id='line_1_36' title="bbox 398 3156 1484 3223; baseline 0.004 -17"><span class='ocrx_word' id='word_1_205' title='bbox 398 3173 508 3222; x_wconf 81' lang='lat' dir='ltr'><strong>syr.</strong></span> <span class='ocrx_word' id='word_1_206' title='bbox 555 3175 607 3223; x_wconf 90' lang='lat' dir='ltr'><strong>p.</strong></span> <span class='ocrx_word' id='word_1_207' title='bbox 647 3159 681 3209; x_wconf 94' lang='grc'><strong>8</strong></span> <span class='ocrx_word' id='word_1_208' title='bbox 740 3156 921 3222; x_wconf 84' lang='lat' dir='ltr'><strong>(Spec.</strong></span> <span class='ocrx_word' id='word_1_209' title='bbox 967 3157 1040 3223; x_wconf 91' lang='lat' dir='ltr'><strong>I.)</strong></span> <span class='ocrx_word' id='word_1_210' title='bbox 1086 3162 1143 3208; x_wconf 90' lang='lat' dir='ltr'><strong>et</strong></span> <span class='ocrx_word' id='word_1_211' title='bbox 1197 3159 1353 3223; x_wconf 83' lang='lat' dir='ltr'><strong>Spec.</strong></span> <span class='ocrx_word' id='word_1_212' title='bbox 1406 3157 1484 3210; x_wconf 87' lang='lat'><strong>11.</strong></span> 
     </span>
     <span class='ocr_line' id='line_1_37' title="bbox 397 3227 1488 3291; baseline 0.001 -14"><span class='ocrx_word' id='word_1_213' title='bbox 397 3242 451 3291; x_wconf 89' lang='lat' dir='ltr'><strong>p.</strong></span> <span class='ocrx_word' id='word_1_214' title='bbox 490 3230 585 3289; x_wconf 72' lang='lat'><strong>45,</strong></span> <span class='ocrx_word' id='word_1_215' title='bbox 642 3227 977 3278; x_wconf 84' lang='lat' dir='ltr'><strong>Rawlinson.</strong></span> <span class='ocrx_word' id='word_1_216' title='bbox 1024 3228 1235 3278; x_wconf 82' lang='lat' dir='ltr'><strong>Abriss.</strong></span> <span class='ocrx_word' id='word_1_217' title='bbox 1297 3230 1351 3279; x_wconf 88' lang='lat' dir='ltr'><strong>d.</strong></span> <span class='ocrx_word' id='word_1_218' title='bbox 1389 3230 1488 3278; x_wconf 81' lang='lat' dir='ltr'><strong>As-</strong></span> 
     </span>
     <span class='ocr_line' id='line_1_38' title="bbox 397 3296 1488 3361; baseline 0.001 -14"><span class='ocrx_word' id='word_1_219' title='bbox 397 3311 510 3360; x_wconf 77' lang='lat' dir='ltr'><strong>syr.</strong></span> <span class='ocrx_word' id='word_1_220' title='bbox 549 3296 746 3348; x_wconf 84' lang='lat' dir='ltr'><strong>Gesch.</strong></span> <span class='ocrx_word' id='word_1_221' title='bbox 785 3313 836 3361; x_wconf 91' lang='lat' dir='ltr'><strong>p.</strong></span> <span class='ocrx_word' id='word_1_222' title='bbox 875 3297 942 3348; x_wconf 89' lang='grc'><strong>38</strong></span> <span class='ocrx_word' id='word_1_223' title='bbox 980 3313 1010 3347; x_wconf 91' lang='lat' dir='ltr'><strong>e</strong></span> <span class='ocrx_word' id='word_1_224' title='bbox 1047 3298 1292 3348; x_wconf 84' lang='lat' dir='ltr'><strong>versione</strong></span> <span class='ocrx_word' id='word_1_225' title='bbox 1329 3298 1488 3348; x_wconf 86' lang='lat' dir='ltr'><strong>Ioan-</strong></span> 
     </span>
     <span class='ocr_line' id='line_1_39' title="bbox 395 3365 1483 3431; baseline 0.005 -17"><span class='ocrx_word' id='word_1_226' title='bbox 395 3366 482 3414; x_wconf 89' lang='lat' dir='ltr'><strong>nis</strong></span> <span class='ocrx_word' id='word_1_227' title='bbox 521 3382 555 3415; x_wconf 86' lang='lat' dir='ltr'><strong>a</strong></span> <span class='ocrx_word' id='word_1_228' title='bbox 591 3365 902 3431; x_wconf 82' lang='lat' dir='ltr'><strong>Gumpach,</strong></span> <span class='ocrx_word' id='word_1_229' title='bbox 959 3382 1118 3431; x_wconf 89' lang='lat' dir='ltr'><strong>quem</strong></span> <span class='ocrx_word' id='word_1_230' title='bbox 1167 3368 1311 3418; x_wconf 87' lang='lat' dir='ltr'><strong>conf.</strong></span> <span class='ocrx_word' id='word_1_231' title='bbox 1350 3367 1483 3419; x_wconf 85' lang='lat' dir='ltr'>ibid.</span> 
     </span>
     <span class='ocr_line' id='line_1_40' title="bbox 396 3434 1486 3500; baseline 0.002 -17"><span class='ocrx_word' id='word_1_232' title='bbox 396 3450 451 3499; x_wconf 88' lang='lat' dir='ltr'><strong>p.</strong></span> <span class='ocrx_word' id='word_1_233' title='bbox 498 3434 568 3484; x_wconf 82' lang='lat'><strong>94</strong></span> <span class='ocrx_word' id='word_1_234' title='bbox 614 3451 727 3500; x_wconf 89' lang='lat' dir='ltr'><strong>seq.</strong></span> <span class='ocrx_word' id='word_1_235' title='bbox 789 3441 843 3485; x_wconf 87' lang='lat' dir='ltr'><strong>et</strong></span> <span class='ocrx_word' id='word_1_236' title='bbox 884 3452 936 3500; x_wconf 90' lang='lat' dir='ltr'><strong>p.</strong></span> <span class='ocrx_word' id='word_1_237' title='bbox 989 3434 1107 3485; x_wconf 88' lang='lat'><strong>118.</strong></span> <span class='ocrx_word' id='word_1_238' title='bbox 1193 3437 1301 3487; x_wconf 85' lang='lat' dir='ltr'><strong>Hic</strong></span> <span class='ocrx_word' id='word_1_239' title='bbox 1346 3438 1486 3486; x_wconf 88' lang='lat' dir='ltr'><strong>enim</strong></span> 
     </span>
     <span class='ocr_line' id='line_1_41' title="bbox 396 3504 1486 3570; baseline 0.003 -17"><span class='ocrx_word' id='word_1_240' title='bbox 396 3504 628 3569; x_wconf 76' lang='lat' dir='ltr'><strong>probare</strong></span> <span class='ocrx_word' id='word_1_241' title='bbox 652 3504 880 3568; x_wconf 75' lang='lat' dir='ltr'>studuit,</span> <span class='ocrx_word' id='word_1_242' title='bbox 906 3504 1104 3554; x_wconf 85' lang='lat' dir='ltr'>Ninum</span> <span class='ocrx_word' id='word_1_243' title='bbox 1125 3511 1338 3570; x_wconf 88' lang='lat' dir='ltr'><strong>captam</strong></span> <span class='ocrx_word' id='word_1_244' title='bbox 1366 3522 1486 3556; x_wconf 88' lang='lat' dir='ltr'><strong>esse</strong></span> 
     </span>
     <span class='ocr_line' id='line_1_42' title="bbox 397 3573 1486 3626; baseline 0.003 -4"><span class='ocrx_word' id='word_1_245' title='bbox 397 3588 540 3624; x_wconf 90' lang='lat' dir='ltr'><strong>anuo</strong></span> <span class='ocrx_word' id='word_1_246' title='bbox 571 3573 673 3625; x_wconf 87' lang='grc'><strong>607</strong></span> <span class='ocrx_word' id='word_1_247' title='bbox 707 3589 753 3624; x_wconf 86' lang='lat' dir='ltr'><strong>a.</strong></span> <span class='ocrx_word' id='word_1_248' title='bbox 785 3574 907 3624; x_wconf 85' lang='lat' dir='ltr'><strong>Chr.</strong></span> <span class='ocrx_word' id='word_1_249' title='bbox 938 3589 991 3624; x_wconf 90' lang='lat' dir='ltr'><strong>n.</strong></span> <span class='ocrx_word' id='word_1_250' title='bbox 1065 3575 1266 3625; x_wconf 79' lang='lat' dir='ltr'><strong>Martio</strong></span> <span class='ocrx_word' id='word_1_251' title='bbox 1305 3591 1486 3626; x_wconf 90' lang='lat' dir='ltr'><strong>mense</strong></span> 
     </span>
     <span class='ocr_line' id='line_1_43' title="bbox 399 3642 1483 3708; baseline 0.002 -15"><span class='ocrx_word' id='word_1_252' title='bbox 399 3647 628 3693; x_wconf 79' lang='lat' dir='ltr'><strong>exeunte</strong></span> <span class='ocrx_word' id='word_1_253' title='bbox 681 3649 776 3694; x_wconf 86' lang='lat' dir='ltr'><strong>aut</strong></span> <span class='ocrx_word' id='word_1_254' title='bbox 823 3642 996 3708; x_wconf 84' lang='lat' dir='ltr'><strong>Aprili</strong></span> <span class='ocrx_word' id='word_1_255' title='bbox 1057 3644 1304 3695; x_wconf 86' lang='lat' dir='ltr'><strong>ineunte.</strong></span> <span class='ocrx_word' id='word_1_256' title='bbox 1365 3645 1483 3697; x_wconf 78' lang='lat' dir='ltr'><strong>vid.</strong></span> 
     </span>
     <span class='ocr_line' id='line_1_44' title="bbox 396 3712 1485 3794; baseline 0.003 -32"><span class='ocrx_word' id='word_1_257' title='bbox 396 3712 860 3794; x_wconf 83' lang='lat' dir='ltr'><strong>Zeitrechnungd.</strong></span> <span class='ocrx_word' id='word_1_258' title='bbox 877 3712 1140 3790; x_wconf 78' lang='lat' dir='ltr'><strong>Babylon.</strong></span> <span class='ocrx_word' id='word_1_259' title='bbox 1156 3730 1208 3778; x_wconf 92' lang='lat' dir='ltr'><strong>p.</strong></span> <span class='ocrx_word' id='word_1_260' title='bbox 1223 3716 1342 3764; x_wconf 80' lang='lat'><strong>95-</strong></span> <span class='ocrx_word' id='word_1_261' title='bbox 1351 3715 1485 3766; x_wconf 74' lang='grc'><strong>-148,</strong></span> 
     </span>
    </p>

    <p class='ocr_par' dir='ltr' id='par_1_7' title="bbox 394 3772 1488 4469">
     <span class='ocr_line' id='line_1_45' title="bbox 470 3772 1488 3850; baseline 0.005 -21"><span class='ocrx_word' id='word_1_262' title='bbox 470 3772 531 3829; x_wconf 73' lang='grc' dir='ltr'><strong>ἐν</strong></span> <span class='ocrx_word' id='word_1_263' title='bbox 563 3772 798 3843; x_wconf 69' lang='grc' dir='ltr'><strong><em>ἑτέροισι</em></strong></span> <span class='ocrx_word' id='word_1_264' title='bbox 838 3774 1054 3846; x_wconf 79' lang='grc' dir='ltr'><strong><em>λόγοισι</em></strong></span> <span class='ocrx_word' id='word_1_265' title='bbox 1082 3775 1339 3850; x_wconf 72' lang='grc' dir='ltr'><strong><em>δηλώσω]</em></strong></span> <span class='ocrx_word' id='word_1_266' title='bbox 1379 3785 1488 3834; x_wconf 84' lang='lat' dir='ltr'><strong>Ite-</strong></span> 
     </span>
     <span class='ocr_line' id='line_1_46' title="bbox 395 3851 1486 3918; baseline 0.004 -18"><span class='ocrx_word' id='word_1_267' title='bbox 395 3866 515 3901; x_wconf 86' lang='lat' dir='ltr'><strong>rum</strong></span> <span class='ocrx_word' id='word_1_268' title='bbox 550 3852 598 3913; x_wconf 89' lang='lat'><strong>1,</strong></span> <span class='ocrx_word' id='word_1_269' title='bbox 639 3851 738 3902; x_wconf 66' lang='lat'><strong>184</strong></span> <span class='ocrx_word' id='word_1_270' title='bbox 786 3851 921 3901; x_wconf 87' lang='lat' dir='ltr'><strong>dicit</strong></span> <span class='ocrx_word' id='word_1_271' title='bbox 969 3866 1028 3902; x_wconf 89' lang='lat' dir='ltr'><strong>se</strong></span> <span class='ocrx_word' id='word_1_272' title='bbox 1062 3851 1486 3918; x_wconf 79' lang='lat' dir='ltr'><strong>Babyloniorum</strong></span> 
     </span>
     <span class='ocr_line' id='line_1_47' title="bbox 391 3913 1485 4000; baseline 0.003 -31.008"><span class='ocrx_word' id='word_1_273' title='bbox 391 3935 582 4000; x_wconf 78' lang='lat' dir='ltr'><strong>regum</strong></span> <span class='ocrx_word' id='word_1_274' title='bbox 608 3921 933 3971; x_wconf 82' lang='lat' dir='ltr'><strong>mentionem</strong></span> <span class='ocrx_word' id='word_1_275' title='bbox 957 3921 1230 3972; x_wconf 83' lang='lat' dir='ltr'><strong>facturum</strong></span> <span class='ocrx_word' id='word_1_276' title='bbox 1254 3913 1313 3971; x_wconf 73' lang='grc' dir='ltr'><strong>ἔν</strong></span> <span class='ocrx_word' id='word_1_277' title='bbox 1336 3924 1485 3972; x_wconf 83' lang='grc' dir='ltr'><strong><em>τοῖσι</em></strong></span> 
     </span>
     <span class='ocr_line' id='line_1_48' title="bbox 391 3980 1487 4056; baseline 0.005 -19.047"><span class='ocrx_word' id='word_1_278' title='bbox 391 3980 726 4050; x_wconf 82' lang='grc' dir='ltr'><strong><em>Ἀσσυρίοισι</em></strong></span> <span class='ocrx_word' id='word_1_279' title='bbox 762 3982 999 4054; x_wconf 80' lang='grc' dir='ltr'><strong><em>λόγοισι.</em></strong></span> <span class='ocrx_word' id='word_1_280' title='bbox 1073 3992 1254 4056; x_wconf 82' lang='lat' dir='ltr'><strong>Atque</strong></span> <span class='ocrx_word' id='word_1_281' title='bbox 1278 3992 1487 4042; x_wconf 90' lang='lat' dir='ltr'><strong>Aristo-</strong></span> 
     </span>
     <span class='ocr_line' id='line_1_49' title="bbox 396 4056 1488 4127; baseline 0.004 -19"><span class='ocrx_word' id='word_1_282' title='bbox 396 4056 533 4108; x_wconf 82' lang='lat' dir='ltr'><strong>teles</strong></span> <span class='ocrx_word' id='word_1_283' title='bbox 577 4059 723 4108; x_wconf 86' lang='lat' dir='ltr'><strong>Hist.</strong></span> <span class='ocrx_word' id='word_1_284' title='bbox 769 4058 1001 4109; x_wconf 85' lang='lat' dir='ltr'><strong>Animal.</strong></span> <span class='ocrx_word' id='word_1_285' title='bbox 1055 4061 1224 4124; x_wconf 89' lang='lat' dir='ltr'><strong>VIII,</strong></span> <span class='ocrx_word' id='word_1_286' title='bbox 1274 4063 1344 4113; x_wconf 81' lang='lat'><strong>20</strong></span> <span class='ocrx_word' id='word_1_287' title='bbox 1389 4061 1488 4127; x_wconf 87' lang='grc'><strong>(18</strong></span> 
     </span>
     <span class='ocr_line' id='line_1_50' title="bbox 397 4127 1486 4195; baseline 0.003 -18"><span class='ocrx_word' id='word_1_288' title='bbox 397 4127 481 4177; x_wconf 88' lang='lat' dir='ltr'><strong>ed.</strong></span> <span class='ocrx_word' id='word_1_289' title='bbox 517 4128 796 4191; x_wconf 82' lang='lat' dir='ltr'><strong>Schneid.)</strong></span> <span class='ocrx_word' id='word_1_290' title='bbox 834 4128 1077 4180; x_wconf 86' lang='lat' dir='ltr'><strong>eiusdem</strong></span> <span class='ocrx_word' id='word_1_291' title='bbox 1110 4131 1371 4195; x_wconf 75' lang='lat' dir='ltr'><strong>Assyriae</strong></span> <span class='ocrx_word' id='word_1_292' title='bbox 1406 4131 1486 4179; x_wconf 90' lang='lat' dir='ltr'><strong>hi-</strong></span> 
     </span>
     <span class='ocr_line' id='line_1_51' title="bbox 395 4196 1484 4265; baseline 0.004 -19"><span class='ocrx_word' id='word_1_293' title='bbox 395 4196 598 4246; x_wconf 86' lang='lat' dir='ltr'><strong>storiae</strong></span> <span class='ocrx_word' id='word_1_294' title='bbox 659 4196 728 4246; x_wconf 89' lang='lat' dir='ltr'><strong>ab</strong></span> <span class='ocrx_word' id='word_1_295' title='bbox 786 4197 1066 4250; x_wconf 80' lang='lat' dir='ltr'><strong>Herodoto</strong></span> <span class='ocrx_word' id='word_1_296' title='bbox 1139 4201 1484 4265; x_wconf 77' lang='lat' dir='ltr'><strong>conscriptae</strong></span> 
     </span>
     <span class='ocr_line' id='line_1_52' title="bbox 396 4265 1483 4331; baseline 0.005 -17"><span class='ocrx_word' id='word_1_297' title='bbox 396 4265 641 4315; x_wconf 82' lang='lat' dir='ltr'><strong>meminit</strong></span> <span class='ocrx_word' id='word_1_298' title='bbox 674 4270 728 4315; x_wconf 88' lang='lat' dir='ltr'><strong>et</strong></span> <span class='ocrx_word' id='word_1_299' title='bbox 759 4267 976 4331; x_wconf 88' lang='lat' dir='ltr'><strong>quidem</strong></span> <span class='ocrx_word' id='word_1_300' title='bbox 1006 4285 1070 4318; x_wconf 90' lang='lat' dir='ltr'><strong>eo</strong></span> <span class='ocrx_word' id='word_1_301' title='bbox 1103 4268 1252 4331; x_wconf 88' lang='lat' dir='ltr'><strong>loco,</strong></span> <span class='ocrx_word' id='word_1_302' title='bbox 1290 4268 1385 4319; x_wconf 88' lang='lat' dir='ltr'><strong>ubi</strong></span> <span class='ocrx_word' id='word_1_303' title='bbox 1417 4270 1483 4319; x_wconf 91' lang='lat' dir='ltr'><strong>de</strong></span> 
     </span>
     <span class='ocr_line' id='line_1_53' title="bbox 395 4334 1480 4388; baseline 0.004 -4"><span class='ocrx_word' id='word_1_304' title='bbox 395 4334 524 4384; x_wconf 83' lang='lat' dir='ltr'><strong>Nini</strong></span> <span class='ocrx_word' id='word_1_305' title='bbox 569 4334 852 4386; x_wconf 75' lang='lat' dir='ltr'><strong>obsidione</strong></span> <span class='ocrx_word' id='word_1_306' title='bbox 903 4334 995 4385; x_wconf 90' lang='lat' dir='ltr'><strong>ille</strong></span> <span class='ocrx_word' id='word_1_307' title='bbox 1039 4337 1256 4388; x_wconf 85' lang='lat' dir='ltr'><strong>loeutus</strong></span> <span class='ocrx_word' id='word_1_308' title='bbox 1293 4338 1480 4388; x_wconf 81' lang='lat' dir='ltr'><strong>fuerit.</strong></span> 
     </span>
     <span class='ocr_line' id='line_1_54' title="bbox 395 4403 1482 4469; baseline 0.002 -13"><span class='ocrx_word' id='word_1_309' title='bbox 395 4403 506 4456; x_wconf 82' lang='lat' dir='ltr'><strong>Sed</strong></span> <span class='ocrx_word' id='word_1_310' title='bbox 539 4404 597 4452; x_wconf 89' lang='lat' dir='ltr'><strong>in</strong></span> <span class='ocrx_word' id='word_1_311' title='bbox 642 4403 763 4469; x_wconf 90' lang='lat' dir='ltr'><strong>ipso</strong></span> <span class='ocrx_word' id='word_1_312' title='bbox 799 4404 1128 4458; x_wconf 82' lang='lat' dir='ltr'><strong>Aristoteleo</strong></span> <span class='ocrx_word' id='word_1_313' title='bbox 1177 4406 1301 4457; x_wconf 88' lang='lat' dir='ltr'><strong>loco</strong></span> <span class='ocrx_word' id='word_1_314' title='bbox 1335 4423 1482 4458; x_wconf 87' lang='lat' dir='ltr'><strong>nunc</strong></span> 
     </span>
    </p>
   </div>
   <div class='ocr_carea' id='block_1_5' title="bbox 1344 1359 1491 1405">
    <p class='ocr_par' dir='ltr' id='par_1_8' title="bbox 1344 1359 1491 1405">
     <span class='ocr_line' id='line_1_55' title="bbox 1344 1359 1491 1405; baseline 0.007 -1"><span class='ocrx_word' id='word_1_315' title='bbox 1344 1359 1491 1405; x_wconf 89' lang='lat' dir='ltr'><strong>certe</strong></span> 
     </span>
    </p>
   </div>
   <div class='ocr_carea' id='block_1_6' title="bbox 1586 1212 2686 4474">
    <p class='ocr_par' dir='ltr' id='par_1_9' title="bbox 1586 1212 2686 4474">
     <span class='ocr_line' id='line_1_56' title="bbox 1597 1212 2685 1291; baseline -0.002 -27"><span class='ocrx_word' id='word_1_316' title='bbox 1597 1230 1627 1264; x_wconf 89' lang='lat' dir='ltr'><strong>e</strong></span> <span class='ocrx_word' id='word_1_317' title='bbox 1662 1213 1822 1264; x_wconf 88' lang='lat' dir='ltr'><strong>codd.</strong></span> <span class='ocrx_word' id='word_1_318' title='bbox 1860 1228 1925 1262; x_wconf 86' lang='lat' dir='ltr'><strong>ac</strong></span> <span class='ocrx_word' id='word_1_319' title='bbox 1963 1212 2305 1262; x_wconf 81' lang='lat' dir='ltr'><strong>versionibus</strong></span> <span class='ocrx_word' id='word_1_320' title='bbox 2340 1213 2579 1291; x_wconf 83' lang='lat' dir='ltr'><strong>antiquis</strong></span> <span class='ocrx_word' id='word_1_321' title='bbox 2605 1228 2685 1262; x_wconf 87' lang='lat' dir='ltr'><strong>re-</strong></span> 
     </span>
     <span class='ocr_line' id='line_1_57' title="bbox 1594 1272 2682 1348; baseline -0.003 -15"><span class='ocrx_word' id='word_1_322' title='bbox 1594 1283 1832 1348; x_wconf 86' lang='lat' dir='ltr'><strong>positum</strong></span> <span class='ocrx_word' id='word_1_323' title='bbox 1849 1282 2095 1332; x_wconf 81' lang='lat' dir='ltr'><strong>videmus</strong></span> <span class='ocrx_word' id='word_1_324' title='bbox 2112 1273 2384 1339; x_wconf 84' lang='grc' dir='ltr'><strong><em>Ησίοδος</em></strong></span> <span class='ocrx_word' id='word_1_325' title='bbox 2403 1298 2500 1346; x_wconf 89' lang='lat' dir='ltr'><strong>pro</strong></span> <span class='ocrx_word' id='word_1_326' title='bbox 2515 1272 2682 1346; x_wconf 83' lang='grc' dir='ltr'><strong><em>Ηρό-</em></strong></span> 
     </span>
     <span class='ocr_line' id='line_1_58' title="bbox 1594 1350 2682 1416; baseline -0.001 -15"><span class='ocrx_word' id='word_1_327' title='bbox 1594 1350 1781 1409; x_wconf 82' lang='grc' dir='ltr'><strong><em>δοτος.</em></strong></span> <span class='ocrx_word' id='word_1_328' title='bbox 1843 1353 1927 1402; x_wconf 88' lang='lat' dir='ltr'><strong>De</strong></span> <span class='ocrx_word' id='word_1_329' title='bbox 1952 1367 2058 1416; x_wconf 92' lang='lat' dir='ltr'><strong>quo</strong></span> <span class='ocrx_word' id='word_1_330' title='bbox 2102 1351 2349 1401; x_wconf 79' lang='lat' dir='ltr'><strong>videatur</strong></span> <span class='ocrx_word' id='word_1_331' title='bbox 2369 1351 2682 1402; x_wconf 83' lang='lat' dir='ltr'><strong>Schneideri</strong></span> 
     </span>
     <span class='ocr_line' id='line_1_59' title="bbox 1594 1420 2681 1485; baseline -0.003 -12"><span class='ocrx_word' id='word_1_332' title='bbox 1594 1423 1879 1485; x_wconf 78' lang='lat' dir='ltr'><strong>adnotatio</strong></span> <span class='ocrx_word' id='word_1_333' title='bbox 1914 1425 1969 1472; x_wconf 89' lang='lat' dir='ltr'><strong>et</strong></span> <span class='ocrx_word' id='word_1_334' title='bbox 2003 1420 2262 1471; x_wconf 86' lang='lat' dir='ltr'><strong>Schoellii</strong></span> <span class='ocrx_word' id='word_1_335' title='bbox 2301 1422 2352 1470; x_wconf 86' lang='lat' dir='ltr'><strong>in</strong></span> <span class='ocrx_word' id='word_1_336' title='bbox 2390 1421 2681 1472; x_wconf 86' lang='lat' dir='ltr'><strong>Schneide-</strong></span> 
     </span>
     <span class='ocr_line' id='line_1_60' title="bbox 1594 1490 2683 1555; baseline -0.001 -14"><span class='ocrx_word' id='word_1_337' title='bbox 1594 1492 1719 1541; x_wconf 92' lang='lat' dir='ltr'><strong>win.</strong></span> <span class='ocrx_word' id='word_1_338' title='bbox 1759 1491 2025 1555; x_wconf 79' lang='lat' dir='ltr'><strong>Philolog.</strong></span> <span class='ocrx_word' id='word_1_339' title='bbox 2068 1492 2165 1541; x_wconf 86' lang='lat' dir='ltr'><strong>IX.</strong></span> <span class='ocrx_word' id='word_1_340' title='bbox 2203 1506 2257 1555; x_wconf 89' lang='lat' dir='ltr'><strong>p.</strong></span> <span class='ocrx_word' id='word_1_341' title='bbox 2289 1490 2407 1555; x_wconf 81' lang='lat'><strong>209,</strong></span> <span class='ocrx_word' id='word_1_342' title='bbox 2449 1492 2542 1555; x_wconf 91' lang='lat' dir='ltr'><strong>qui</strong></span> <span class='ocrx_word' id='word_1_343' title='bbox 2570 1493 2683 1541; x_wconf 83' lang='lat' dir='ltr'><strong>Cte-</strong></span> 
     </span>
     <span class='ocr_line' id='line_1_61' title="bbox 1592 1560 2686 1625; baseline -0.003 -14"><span class='ocrx_word' id='word_1_344' title='bbox 1592 1564 1703 1611; x_wconf 69' lang='lat' dir='ltr'><strong>sias</strong></span> <span class='ocrx_word' id='word_1_345' title='bbox 1747 1561 1916 1611; x_wconf 89' lang='lat' dir='ltr'><strong>libros</strong></span> <span class='ocrx_word' id='word_1_346' title='bbox 1963 1562 2031 1610; x_wconf 87' lang='lat' dir='ltr'><strong>de</strong></span> <span class='ocrx_word' id='word_1_347' title='bbox 2063 1560 2409 1625; x_wconf 80' lang='lat' dir='ltr'><strong>Assyriorum</strong></span> <span class='ocrx_word' id='word_1_348' title='bbox 2454 1560 2686 1610; x_wconf 85' lang='lat' dir='ltr'><strong>historia</strong></span> 
     </span>
     <span class='ocr_line' id='line_1_62' title="bbox 1591 1629 2679 1696; baseline -0.003 -14"><span class='ocrx_word' id='word_1_349' title='bbox 1591 1632 1735 1696; x_wconf 89' lang='lat' dir='ltr'><strong>apud</strong></span> <span class='ocrx_word' id='word_1_350' title='bbox 1752 1629 2100 1682; x_wconf 84' lang='lat' dir='ltr'><strong>Aristotelem</strong></span> <span class='ocrx_word' id='word_1_351' title='bbox 2125 1629 2429 1694; x_wconf 85' lang='lat' dir='ltr'><strong>intelligere</strong></span> <span class='ocrx_word' id='word_1_352' title='bbox 2455 1630 2679 1680; x_wconf 86' lang='lat' dir='ltr'><strong>mavult.</strong></span> 
     </span>
     <span class='ocr_line' id='line_1_63' title="bbox 1590 1699 2681 1765; baseline -0.001 -15"><span class='ocrx_word' id='word_1_353' title='bbox 1590 1702 1675 1750; x_wconf 88' lang='lat' dir='ltr'><strong>De</strong></span> <span class='ocrx_word' id='word_1_354' title='bbox 1738 1701 1859 1764; x_wconf 85' lang='lat' dir='ltr'><strong>ipsa</strong></span> <span class='ocrx_word' id='word_1_355' title='bbox 1910 1699 2140 1764; x_wconf 84' lang='lat' dir='ltr'><strong>Assyria</strong></span> <span class='ocrx_word' id='word_1_356' title='bbox 2194 1699 2452 1759; x_wconf 86' lang='lat' dir='ltr'><strong>historia,</strong></span> <span class='ocrx_word' id='word_1_357' title='bbox 2519 1715 2681 1765; x_wconf 88' lang='lat' dir='ltr'><strong>quam</strong></span> 
     </span>
     <span class='ocr_line' id='line_1_64' title="bbox 1590 1767 2681 1832; baseline -0.003 -13"><span class='ocrx_word' id='word_1_358' title='bbox 1590 1770 1790 1819; x_wconf 87' lang='lat' dir='ltr'><strong>Noster</strong></span> <span class='ocrx_word' id='word_1_359' title='bbox 1818 1769 1973 1820; x_wconf 79' lang='lat' dir='ltr'><strong>&#39;binis</strong></span> <span class='ocrx_word' id='word_1_360' title='bbox 2020 1767 2169 1818; x_wconf 86' lang='lat' dir='ltr'><strong>hisce</strong></span> <span class='ocrx_word' id='word_1_361' title='bbox 2205 1768 2340 1818; x_wconf 86' lang='lat' dir='ltr'><strong>locis</strong></span> <span class='ocrx_word' id='word_1_362' title='bbox 2378 1767 2681 1832; x_wconf 87' lang='lat' dir='ltr'><strong>pollicetur,</strong></span> 
     </span>
     <span class='ocr_line' id='line_1_65' title="bbox 1590 1837 2682 1902; baseline -0.002 -14"><span class='ocrx_word' id='word_1_363' title='bbox 1590 1839 1900 1889; x_wconf 75' lang='lat' dir='ltr'><strong>accuratius</strong></span> <span class='ocrx_word' id='word_1_364' title='bbox 1957 1838 2244 1902; x_wconf 87' lang='lat' dir='ltr'><strong>inquisivit</strong></span> <span class='ocrx_word' id='word_1_365' title='bbox 2286 1837 2682 1902; x_wconf 81' lang='lat' dir='ltr'><strong>Wesselingius</strong></span> 
     </span>
     <span class='ocr_line' id='line_1_66' title="bbox 1590 1906 2678 1971; baseline 0 -14"><span class='ocrx_word' id='word_1_366' title='bbox 1590 1909 1908 1958; x_wconf 86' lang='lat' dir='ltr'><strong>Dissertatt.</strong></span> <span class='ocrx_word' id='word_1_367' title='bbox 1948 1906 2235 1957; x_wconf 87' lang='lat' dir='ltr'><strong>Herodott.</strong></span> <span class='ocrx_word' id='word_1_368' title='bbox 2294 1922 2410 1971; x_wconf 86' lang='lat' dir='ltr'><strong>cap.</strong></span> <span class='ocrx_word' id='word_1_369' title='bbox 2453 1907 2500 1956; x_wconf 92' lang='lat'><strong>1.</strong></span> <span class='ocrx_word' id='word_1_370' title='bbox 2538 1923 2591 1971; x_wconf 94' lang='lat' dir='ltr'><strong>p.</strong></span> <span class='ocrx_word' id='word_1_371' title='bbox 2628 1907 2678 1957; x_wconf 78' lang='lat'><strong>9.</strong></span> 
     </span>
     <span class='ocr_line' id='line_1_67' title="bbox 1591 1975 2683 2041; baseline -0.002 -13"><span class='ocrx_word' id='word_1_372' title='bbox 1591 1978 1728 2028; x_wconf 86' lang='lat' dir='ltr'><strong>Sunt</strong></span> <span class='ocrx_word' id='word_1_373' title='bbox 1756 1978 1895 2028; x_wconf 89' lang='lat' dir='ltr'><strong>enim</strong></span> <span class='ocrx_word' id='word_1_374' title='bbox 1917 1976 2008 2041; x_wconf 92' lang='lat' dir='ltr'><strong>qui</strong></span> <span class='ocrx_word' id='word_1_375' title='bbox 2035 1975 2305 2040; x_wconf 75' lang='lat' dir='ltr'><strong>peculiare</strong></span> <span class='ocrx_word' id='word_1_376' title='bbox 2316 1975 2501 2026; x_wconf 86' lang='lat' dir='ltr'><strong>Nostri</strong></span> <span class='ocrx_word' id='word_1_377' title='bbox 2525 1991 2683 2041; x_wconf 89' lang='lat' dir='ltr'><strong>opus-</strong></span> 
     </span>
     <span class='ocr_line' id='line_1_68' title="bbox 1593 2045 2681 2109; baseline -0.003 -12"><span class='ocrx_word' id='word_1_378' title='bbox 1593 2047 1771 2097; x_wconf 88' lang='lat' dir='ltr'><strong>culum</strong></span> <span class='ocrx_word' id='word_1_379' title='bbox 1820 2048 1887 2097; x_wconf 89' lang='lat' dir='ltr'><strong>de</strong></span> <span class='ocrx_word' id='word_1_380' title='bbox 1926 2046 2273 2109; x_wconf 80' lang='lat' dir='ltr'><strong>Assyriorum</strong></span> <span class='ocrx_word' id='word_1_381' title='bbox 2317 2045 2546 2095; x_wconf 87' lang='lat' dir='ltr'><strong>historia</strong></span> <span class='ocrx_word' id='word_1_382' title='bbox 2595 2062 2681 2095; x_wconf 82' lang='lat' dir='ltr'><strong>ex-</strong></span> 
     </span>
     <span class='ocr_line' id='line_1_69' title="bbox 1593 2114 2683 2181; baseline -0.001 -15"><span class='ocrx_word' id='word_1_383' title='bbox 1593 2117 1805 2167; x_wconf 83' lang='lat' dir='ltr'><strong>stitisse</strong></span> <span class='ocrx_word' id='word_1_384' title='bbox 1824 2116 1950 2165; x_wconf 85' lang='lat' dir='ltr'><strong>inde</strong></span> <span class='ocrx_word' id='word_1_385' title='bbox 1973 2114 2325 2176; x_wconf 83' lang='lat' dir='ltr'><strong>concludant3</strong></span> <span class='ocrx_word' id='word_1_386' title='bbox 2352 2130 2683 2181; x_wconf 85' lang='lat' dir='ltr'><strong>quamquam</strong></span> 
     </span>
     <span class='ocr_line' id='line_1_70' title="bbox 1592 2185 2681 2250; baseline 0.001 -15"><span class='ocrx_word' id='word_1_387' title='bbox 1592 2187 1783 2235; x_wconf 89' lang='lat' dir='ltr'><strong>mirum</strong></span> <span class='ocrx_word' id='word_1_388' title='bbox 1820 2185 2063 2250; x_wconf 81' lang='lat' dir='ltr'><strong>profecto</strong></span> <span class='ocrx_word' id='word_1_389' title='bbox 2102 2191 2213 2248; x_wconf 90' lang='lat' dir='ltr'><strong>est,</strong></span> <span class='ocrx_word' id='word_1_390' title='bbox 2252 2200 2286 2234; x_wconf 91' lang='lat' dir='ltr'><strong>a</strong></span> <span class='ocrx_word' id='word_1_391' title='bbox 2322 2185 2537 2235; x_wconf 90' lang='lat' dir='ltr'><strong>nemine</strong></span> <span class='ocrx_word' id='word_1_392' title='bbox 2571 2185 2681 2236; x_wconf 90' lang='lat' dir='ltr'><strong>alio</strong></span> 
     </span>
     <span class='ocr_line' id='line_1_71' title="bbox 1592 2253 2680 2322; baseline 0 -17"><span class='ocrx_word' id='word_1_393' title='bbox 1592 2256 1858 2320; x_wconf 84' lang='lat' dir='ltr'><strong>scriptore</strong></span> <span class='ocrx_word' id='word_1_394' title='bbox 1892 2253 2208 2319; x_wconf 84' lang='lat' dir='ltr'><strong>posterioris</strong></span> <span class='ocrx_word' id='word_1_395' title='bbox 2254 2255 2452 2304; x_wconf 84' lang='lat' dir='ltr'><strong>aetatis</strong></span> <span class='ocrx_word' id='word_1_396' title='bbox 2499 2256 2573 2322; x_wconf 88' lang='lat' dir='ltr'><strong>(si</strong></span> <span class='ocrx_word' id='word_1_397' title='bbox 2611 2255 2680 2305; x_wconf 92' lang='lat' dir='ltr'><strong>ab</strong></span> 
     </span>
     <span class='ocr_line' id='line_1_72' title="bbox 1591 2324 2681 2375; baseline -0.002 0"><span class='ocrx_word' id='word_1_398' title='bbox 1591 2341 1698 2375; x_wconf 91' lang='lat' dir='ltr'><strong>uno</strong></span> <span class='ocrx_word' id='word_1_399' title='bbox 1721 2324 2034 2375; x_wconf 86' lang='lat' dir='ltr'><strong>Aristotelis</strong></span> <span class='ocrx_word' id='word_1_400' title='bbox 2071 2324 2192 2374; x_wconf 88' lang='lat' dir='ltr'><strong>loco</strong></span> <span class='ocrx_word' id='word_1_401' title='bbox 2229 2325 2469 2375; x_wconf 80' lang='lat' dir='ltr'><strong>incertae</strong></span> <span class='ocrx_word' id='word_1_402' title='bbox 2494 2324 2681 2375; x_wconf 88' lang='lat' dir='ltr'><strong>lectio-</strong></span> 
     </span>
     <span class='ocr_line' id='line_1_73' title="bbox 1591 2393 2681 2458; baseline -0.002 -14"><span class='ocrx_word' id='word_1_403' title='bbox 1591 2396 1676 2444; x_wconf 89' lang='lat' dir='ltr'><strong>nis</strong></span> <span class='ocrx_word' id='word_1_404' title='bbox 1728 2393 2065 2458; x_wconf 83' lang='lat' dir='ltr'><strong>discesseris)</strong></span> <span class='ocrx_word' id='word_1_405' title='bbox 2113 2394 2255 2444; x_wconf 87' lang='lat' dir='ltr'><strong>hanc</strong></span> <span class='ocrx_word' id='word_1_406' title='bbox 2290 2395 2557 2444; x_wconf 87' lang='lat' dir='ltr'><strong>Herodoti</strong></span> <span class='ocrx_word' id='word_1_407' title='bbox 2601 2394 2681 2443; x_wconf 90' lang='lat' dir='ltr'><strong>hi-</strong></span> 
     </span>
     <span class='ocr_line' id='line_1_74' title="bbox 1590 2462 2681 2529; baseline -0.001 -14"><span class='ocrx_word' id='word_1_408' title='bbox 1590 2465 1816 2515; x_wconf 85' lang='lat' dir='ltr'><strong>storiam</strong></span> <span class='ocrx_word' id='word_1_409' title='bbox 1868 2464 2148 2529; x_wconf 80' lang='lat' dir='ltr'><strong>Assyriam</strong></span> <span class='ocrx_word' id='word_1_410' title='bbox 2205 2463 2438 2515; x_wconf 86' lang='lat' dir='ltr'><strong>laudari.</strong></span> <span class='ocrx_word' id='word_1_411' title='bbox 2521 2462 2681 2514; x_wconf 89' lang='lat' dir='ltr'><strong>Unde</strong></span> 
     </span>
     <span class='ocr_line' id='line_1_75' title="bbox 1588 2531 2678 2595; baseline -0.002 -12"><span class='ocrx_word' id='word_1_412' title='bbox 1588 2534 1718 2584; x_wconf 85' lang='lat' dir='ltr'><strong>mihi</strong></span> <span class='ocrx_word' id='word_1_413' title='bbox 1764 2538 1911 2583; x_wconf 83' lang='lat' dir='ltr'><strong>certe</strong></span> <span class='ocrx_word' id='word_1_414' title='bbox 1958 2533 2117 2583; x_wconf 76' lang='lat' dir='ltr'><strong>valde</strong></span> <span class='ocrx_word' id='word_1_415' title='bbox 2174 2532 2395 2582; x_wconf 89' lang='lat' dir='ltr'><strong>dubium</strong></span> <span class='ocrx_word' id='word_1_416' title='bbox 2443 2531 2678 2595; x_wconf 82' lang='lat' dir='ltr'><strong>videtur,</strong></span> 
     </span>
     <span class='ocr_line' id='line_1_76' title="bbox 1586 2601 2677 2666; baseline -0.001 -13"><span class='ocrx_word' id='word_1_417' title='bbox 1586 2603 1926 2653; x_wconf 88' lang='lat' dir='ltr'><strong>Herodotum</strong></span> <span class='ocrx_word' id='word_1_418' title='bbox 1961 2617 2199 2666; x_wconf 89' lang='lat' dir='ltr'><strong>unquam</strong></span> <span class='ocrx_word' id='word_1_419' title='bbox 2226 2601 2336 2651; x_wconf 85' lang='lat' dir='ltr'><strong>tale</strong></span> <span class='ocrx_word' id='word_1_420' title='bbox 2363 2615 2498 2666; x_wconf 89' lang='lat' dir='ltr'><strong>opus</strong></span> <span class='ocrx_word' id='word_1_421' title='bbox 2523 2617 2677 2666; x_wconf 86' lang='lat' dir='ltr'><strong>prae-</strong></span> 
     </span>
     <span class='ocr_line' id='line_1_77' title="bbox 1588 2670 2680 2736; baseline -0.004 -14"><span class='ocrx_word' id='word_1_422' title='bbox 1588 2677 1671 2722; x_wconf 91' lang='lat' dir='ltr'><strong>ter</strong></span> <span class='ocrx_word' id='word_1_423' title='bbox 1696 2673 1914 2733; x_wconf 87' lang='lat' dir='ltr'><strong>Musas,</strong></span> <span class='ocrx_word' id='word_1_424' title='bbox 1953 2687 2089 2736; x_wconf 87' lang='lat' dir='ltr'><strong>quas</strong></span> <span class='ocrx_word' id='word_1_425' title='bbox 2122 2670 2408 2732; x_wconf 90' lang='lat' dir='ltr'><strong>habemus,</strong></span> <span class='ocrx_word' id='word_1_426' title='bbox 2446 2670 2680 2720; x_wconf 86' lang='lat' dir='ltr'><strong>conscri-</strong></span> 
     </span>
     <span class='ocr_line' id='line_1_78' title="bbox 1586 2739 2680 2806; baseline -0.001 -16"><span class='ocrx_word' id='word_1_427' title='bbox 1586 2743 1790 2806; x_wconf 83' lang='lat' dir='ltr'><strong>psisse3</strong></span> <span class='ocrx_word' id='word_1_428' title='bbox 1852 2741 1943 2806; x_wconf 91' lang='lat' dir='ltr'><strong>qui</strong></span> <span class='ocrx_word' id='word_1_429' title='bbox 2003 2757 2123 2790; x_wconf 88' lang='lat' dir='ltr'><strong>cum</strong></span> <span class='ocrx_word' id='word_1_430' title='bbox 2170 2740 2387 2804; x_wconf 85' lang='lat' dir='ltr'><strong>saepius</strong></span> <span class='ocrx_word' id='word_1_431' title='bbox 2444 2739 2548 2789; x_wconf 88' lang='lat' dir='ltr'><strong>hoc</strong></span> <span class='ocrx_word' id='word_1_432' title='bbox 2606 2740 2680 2789; x_wconf 89' lang='lat' dir='ltr'><strong>ci-</strong></span> 
     </span>
     <span class='ocr_line' id='line_1_79' title="bbox 1589 2801 2679 2873; baseline -0.003 -12"><span class='ocrx_word' id='word_1_433' title='bbox 1589 2811 1742 2861; x_wconf 87' lang='lat' dir='ltr'><strong>tandi</strong></span> <span class='ocrx_word' id='word_1_434' title='bbox 1780 2810 1939 2860; x_wconf 89' lang='lat' dir='ltr'><strong>modo</strong></span> <span class='ocrx_word' id='word_1_435' title='bbox 1985 2813 2203 2872; x_wconf 90' lang='lat' dir='ltr'><strong>utatur,</strong></span> <span class='ocrx_word' id='word_1_436' title='bbox 2258 2814 2319 2859; x_wconf 89' lang='lat' dir='ltr'><strong>ut</strong></span> <span class='ocrx_word' id='word_1_437' title='bbox 2369 2807 2436 2858; x_wconf 88' lang='lat' dir='ltr'><strong>ad</strong></span> <span class='ocrx_word' id='word_1_438' title='bbox 2475 2801 2679 2873; x_wconf 77' lang='grc' dir='ltr'><strong><em>λόγους</em></strong></span> 
     </span>
     <span class='ocr_line' id='line_1_80' title="bbox 1587 2879 2679 2945; baseline -0.002 -14"><span class='ocrx_word' id='word_1_439' title='bbox 1587 2881 1671 2931; x_wconf 78' lang='lat' dir='ltr'><strong>vel</strong></span> <span class='ocrx_word' id='word_1_440' title='bbox 1695 2894 2046 2945; x_wconf 86' lang='lat' dir='ltr'><strong>praegressos</strong></span> <span class='ocrx_word' id='word_1_441' title='bbox 2074 2879 2159 2930; x_wconf 81' lang='lat' dir='ltr'><strong>vel</strong></span> <span class='ocrx_word' id='word_1_442' title='bbox 2182 2883 2472 2944; x_wconf 87' lang='lat' dir='ltr'><strong>sequentes</strong></span> <span class='ocrx_word' id='word_1_443' title='bbox 2493 2895 2679 2929; x_wconf 90' lang='lat' dir='ltr'><strong>aman-</strong></span> 
     </span>
     <span class='ocr_line' id='line_1_81' title="bbox 1589 2947 2678 3012; baseline -0.001 -12"><span class='ocrx_word' id='word_1_444' title='bbox 1589 2951 1680 3002; x_wconf 90' lang='lat' dir='ltr'><strong>det</strong></span> <span class='ocrx_word' id='word_1_445' title='bbox 1727 2948 1990 3012; x_wconf 88' lang='lat' dir='ltr'><strong>lectores,</strong></span> <span class='ocrx_word' id='word_1_446' title='bbox 2040 2949 2186 3000; x_wconf 90' lang='lat' dir='ltr'><strong>binis</strong></span> <span class='ocrx_word' id='word_1_447' title='bbox 2235 2947 2344 2998; x_wconf 91' lang='lat' dir='ltr'><strong>illis</strong></span> <span class='ocrx_word' id='word_1_448' title='bbox 2383 2948 2518 2999; x_wconf 89' lang='lat' dir='ltr'><strong>locis</strong></span> <span class='ocrx_word' id='word_1_449' title='bbox 2558 2965 2678 2999; x_wconf 88' lang='lat' dir='ltr'><strong>eam</strong></span> 
     </span>
     <span class='ocr_line' id='line_1_82' title="bbox 1588 3019 2679 3086; baseline -0.002 -15"><span class='ocrx_word' id='word_1_450' title='bbox 1588 3021 1767 3086; x_wconf 88' lang='lat' dir='ltr'><strong>operis</strong></span> <span class='ocrx_word' id='word_1_451' title='bbox 1804 3020 1889 3069; x_wconf 88' lang='lat' dir='ltr'><strong>sui</strong></span> <span class='ocrx_word' id='word_1_452' title='bbox 1927 3025 2136 3084; x_wconf 90' lang='lat' dir='ltr'><strong>partem</strong></span> <span class='ocrx_word' id='word_1_453' title='bbox 2182 3036 2227 3070; x_wconf 87' lang='lat' dir='ltr'><strong>s.</strong></span> <span class='ocrx_word' id='word_1_454' title='bbox 2266 3023 2434 3084; x_wconf 83' lang='lat' dir='ltr'><strong>caput</strong></span> <span class='ocrx_word' id='word_1_455' title='bbox 2472 3019 2679 3070; x_wconf 86' lang='lat' dir='ltr'><strong>intelle-</strong></span> 
     </span>
     <span class='ocr_line' id='line_1_83' title="bbox 1588 3089 2679 3155; baseline -0.001 -15"><span class='ocrx_word' id='word_1_456' title='bbox 1588 3092 1734 3140; x_wconf 85' lang='lat' dir='ltr'><strong>xisse</strong></span> <span class='ocrx_word' id='word_1_457' title='bbox 1760 3090 2001 3152; x_wconf 84' lang='lat' dir='ltr'><strong>videtur,</strong></span> <span class='ocrx_word' id='word_1_458' title='bbox 2038 3105 2144 3155; x_wconf 90' lang='lat' dir='ltr'><strong>quo</strong></span> <span class='ocrx_word' id='word_1_459' title='bbox 2168 3089 2546 3154; x_wconf 88' lang='lat' dir='ltr'><strong>peculiariter,</strong></span> <span class='ocrx_word' id='word_1_460' title='bbox 2583 3104 2679 3154; x_wconf 90' lang='lat' dir='ltr'><strong>per</strong></span> 
     </span>
     <span class='ocr_line' id='line_1_84' title="bbox 1590 3158 2680 3225; baseline 0 -16"><span class='ocrx_word' id='word_1_461' title='bbox 1590 3159 1892 3225; x_wconf 87' lang='lat' dir='ltr'><strong>episodium</strong></span> <span class='ocrx_word' id='word_1_462' title='bbox 1941 3159 2159 3225; x_wconf 89' lang='lat' dir='ltr'><strong>opinor,</strong></span> <span class='ocrx_word' id='word_1_463' title='bbox 2220 3163 2556 3209; x_wconf 83' lang='lat' dir='ltr'><strong>tractaverat</strong></span> <span class='ocrx_word' id='word_1_464' title='bbox 2614 3158 2680 3209; x_wconf 90' lang='lat' dir='ltr'><strong>de</strong></span> 
     </span>
     <span class='ocr_line' id='line_1_85' title="bbox 1589 3227 2679 3294; baseline -0.002 -14"><span class='ocrx_word' id='word_1_465' title='bbox 1589 3230 1935 3294; x_wconf 63' lang='lat' dir='ltr'><strong>Assyriorum</strong></span> <span class='ocrx_word' id='word_1_466' title='bbox 1963 3229 2209 3280; x_wconf 88' lang='lat' dir='ltr'><strong>historia.</strong></span> <span class='ocrx_word' id='word_1_467' title='bbox 2270 3230 2341 3279; x_wconf 88' lang='lat' dir='ltr'><strong>At</strong></span> <span class='ocrx_word' id='word_1_468' title='bbox 2371 3229 2480 3279; x_wconf 90' lang='lat' dir='ltr'><strong>tale</strong></span> <span class='ocrx_word' id='word_1_469' title='bbox 2507 3227 2679 3293; x_wconf 87' lang='lat' dir='ltr'><strong>episo-</strong></span> 
     </span>
     <span class='ocr_line' id='line_1_86' title="bbox 1589 3298 2676 3363; baseline -0.003 -14"><span class='ocrx_word' id='word_1_470' title='bbox 1589 3299 1736 3349; x_wconf 88' lang='lat' dir='ltr'><strong>dium</strong></span> <span class='ocrx_word' id='word_1_471' title='bbox 1783 3314 1925 3348; x_wconf 88' lang='lat' dir='ltr'><strong>nunc</strong></span> <span class='ocrx_word' id='word_1_472' title='bbox 1971 3298 2174 3348; x_wconf 79' lang='lat' dir='ltr'><strong>frustra</strong></span> <span class='ocrx_word' id='word_1_473' title='bbox 2218 3313 2450 3363; x_wconf 82' lang='lat' dir='ltr'><strong>quaeras</strong></span> <span class='ocrx_word' id='word_1_474' title='bbox 2491 3298 2546 3346; x_wconf 87' lang='lat' dir='ltr'><strong>iu</strong></span> <span class='ocrx_word' id='word_1_475' title='bbox 2590 3298 2676 3359; x_wconf 89' lang='lat' dir='ltr'><strong>iis,</strong></span> 
     </span>
     <span class='ocr_line' id='line_1_87' title="bbox 1589 3366 2677 3434; baseline -0.003 -17"><span class='ocrx_word' id='word_1_476' title='bbox 1589 3384 1729 3434; x_wconf 88' lang='lat' dir='ltr'><strong>quae</strong></span> <span class='ocrx_word' id='word_1_477' title='bbox 1765 3368 1832 3417; x_wconf 83' lang='lat' dir='ltr'><strong>de</strong></span> <span class='ocrx_word' id='word_1_478' title='bbox 1858 3368 2174 3418; x_wconf 85' lang='lat' dir='ltr'><strong>Herodoteo</strong></span> <span class='ocrx_word' id='word_1_479' title='bbox 2210 3382 2372 3430; x_wconf 86' lang='lat' dir='ltr'><strong>opere</strong></span> <span class='ocrx_word' id='word_1_480' title='bbox 2399 3367 2570 3416; x_wconf 87' lang='lat' dir='ltr'><strong>Musis</strong></span> <span class='ocrx_word' id='word_1_481' title='bbox 2599 3366 2677 3414; x_wconf 89' lang='lat' dir='ltr'><strong>in-</strong></span> 
     </span>
     <span class='ocr_line' id='line_1_88' title="bbox 1588 3435 2679 3503; baseline -0.003 -16"><span class='ocrx_word' id='word_1_482' title='bbox 1588 3438 1794 3503; x_wconf 84' lang='lat' dir='ltr'><strong>scripto</strong></span> <span class='ocrx_word' id='word_1_483' title='bbox 1859 3436 2036 3486; x_wconf 89' lang='lat' dir='ltr'><strong>adhuc</strong></span> <span class='ocrx_word' id='word_1_484' title='bbox 2093 3439 2403 3499; x_wconf 88' lang='lat' dir='ltr'><strong>supersunt.</strong></span> <span class='ocrx_word' id='word_1_485' title='bbox 2490 3435 2679 3498; x_wconf 89' lang='lat' dir='ltr'><strong>Neque</strong></span> 
     </span>
     <span class='ocr_line' id='line_1_89' title="bbox 1588 3503 2678 3556; baseline -0.004 0"><span class='ocrx_word' id='word_1_486' title='bbox 1588 3506 1691 3556; x_wconf 90' lang='lat' dir='ltr'><strong>hoc</strong></span> <span class='ocrx_word' id='word_1_487' title='bbox 1727 3506 1936 3554; x_wconf 87' lang='lat' dir='ltr'><strong>mirum.</strong></span> <span class='ocrx_word' id='word_1_488' title='bbox 2012 3504 2224 3554; x_wconf 84' lang='lat' dir='ltr'><strong>Scimus</strong></span> <span class='ocrx_word' id='word_1_489' title='bbox 2264 3504 2406 3553; x_wconf 90' lang='lat' dir='ltr'><strong>enim</strong></span> <span class='ocrx_word' id='word_1_490' title='bbox 2434 3503 2678 3552; x_wconf 90' lang='lat' dir='ltr'><strong>Herodo-</strong></span> 
     </span>
     <span class='ocr_line' id='line_1_90' title="bbox 1589 3570 2678 3637; baseline -0.003 -11"><span class='ocrx_word' id='word_1_491' title='bbox 1589 3580 1702 3626; x_wconf 89' lang='lat' dir='ltr'><strong>tum</strong></span> <span class='ocrx_word' id='word_1_492' title='bbox 1746 3574 1945 3624; x_wconf 86' lang='lat' dir='ltr'><strong>multos</strong></span> <span class='ocrx_word' id='word_1_493' title='bbox 1991 3588 2085 3637; x_wconf 93' lang='lat' dir='ltr'><strong>per</strong></span> <span class='ocrx_word' id='word_1_494' title='bbox 2141 3587 2312 3622; x_wconf 88' lang='lat' dir='ltr'><strong>annos</strong></span> <span class='ocrx_word' id='word_1_495' title='bbox 2369 3570 2678 3623; x_wconf 88' lang='lat' dir='ltr'><strong>elaborasse</strong></span> 
     </span>
     <span class='ocr_line' id='line_1_91' title="bbox 1587 3640 2677 3708; baseline -0.002 -14"><span class='ocrx_word' id='word_1_496' title='bbox 1587 3645 1642 3694; x_wconf 90' lang='lat' dir='ltr'><strong>in</strong></span> <span class='ocrx_word' id='word_1_497' title='bbox 1681 3660 1843 3708; x_wconf 88' lang='lat' dir='ltr'><strong>opere</strong></span> <span class='ocrx_word' id='word_1_498' title='bbox 1881 3641 2270 3691; x_wconf 88' lang='lat' dir='ltr'><strong>conscribendo</strong></span> <span class='ocrx_word' id='word_1_499' title='bbox 2306 3656 2401 3705; x_wconf 86' lang='lat' dir='ltr'><strong>per</strong></span> <span class='ocrx_word' id='word_1_500' title='bbox 2432 3640 2677 3706; x_wconf 87' lang='lat' dir='ltr'><strong>singulas</strong></span> 
     </span>
     <span class='ocr_line' id='line_1_92' title="bbox 1589 3710 2676 3779; baseline -0.001 -17"><span class='ocrx_word' id='word_1_501' title='bbox 1589 3717 1802 3779; x_wconf 87' lang='lat' dir='ltr'><strong>partes,</strong></span> <span class='ocrx_word' id='word_1_502' title='bbox 1875 3713 2092 3776; x_wconf 86' lang='lat' dir='ltr'><strong>saepius</strong></span> <span class='ocrx_word' id='word_1_503' title='bbox 2162 3715 2490 3761; x_wconf 88' lang='lat' dir='ltr'><strong>retractatas</strong></span> <span class='ocrx_word' id='word_1_504' title='bbox 2552 3710 2676 3762; x_wconf 88' lang='lat' dir='ltr'><strong>illas</strong></span> 
     </span>
     <span class='ocr_line' id='line_1_93' title="bbox 1591 3779 2675 3848; baseline -0.001 -16"><span class='ocrx_word' id='word_1_505' title='bbox 1591 3783 1836 3848; x_wconf 85' lang='lat' dir='ltr'><strong>quidem,</strong></span> <span class='ocrx_word' id='word_1_506' title='bbox 1876 3781 1997 3830; x_wconf 78' lang='lat' dir='ltr'><strong>aliis</strong></span> <span class='ocrx_word' id='word_1_507' title='bbox 2022 3779 2251 3842; x_wconf 79' lang='lat' dir='ltr'><strong>additis,</strong></span> <span class='ocrx_word' id='word_1_508' title='bbox 2282 3779 2406 3830; x_wconf 88' lang='lat' dir='ltr'><strong>aliis</strong></span> <span class='ocrx_word' id='word_1_509' title='bbox 2432 3782 2675 3844; x_wconf 87' lang='lat' dir='ltr'><strong>resectis,</strong></span> 
     </span>
     <span class='ocr_line' id='line_1_94' title="bbox 1588 3850 2677 3916; baseline 0 -14"><span class='ocrx_word' id='word_1_510' title='bbox 1588 3868 1762 3916; x_wconf 85' lang='lat' dir='ltr'><strong>usque</strong></span> <span class='ocrx_word' id='word_1_511' title='bbox 1808 3851 1933 3900; x_wconf 90' lang='lat' dir='ltr'><strong>dum</strong></span> <span class='ocrx_word' id='word_1_512' title='bbox 1952 3850 2196 3900; x_wconf 43' lang='lat' dir='ltr'><strong>*Thuriis</strong></span> <span class='ocrx_word' id='word_1_513' title='bbox 2240 3853 2551 3901; x_wconf 77' lang='lat' dir='ltr'><strong>versantem</strong></span> <span class='ocrx_word' id='word_1_514' title='bbox 2597 3868 2677 3902; x_wconf 91' lang='lat' dir='ltr'><strong>se-</strong></span> 
     </span>
     <span class='ocr_line' id='line_1_95' title="bbox 1589 3920 2677 3985; baseline 0 -14"><span class='ocrx_word' id='word_1_515' title='bbox 1589 3938 1711 3971; x_wconf 88' lang='lat' dir='ltr'><strong>nem</strong></span> <span class='ocrx_word' id='word_1_516' title='bbox 1747 3920 1804 3969; x_wconf 91' lang='lat' dir='ltr'><strong>in</strong></span> <span class='ocrx_word' id='word_1_517' title='bbox 1841 3920 2173 3970; x_wconf 77' lang='lat' dir='ltr'><strong>absolvendo</strong></span> <span class='ocrx_word' id='word_1_518' title='bbox 2211 3936 2370 3985; x_wconf 83' lang='lat' dir='ltr'><strong>opere</strong></span> <span class='ocrx_word' id='word_1_519' title='bbox 2406 3936 2550 3970; x_wconf 89' lang='lat' dir='ltr'><strong>mors</strong></span> <span class='ocrx_word' id='word_1_520' title='bbox 2588 3938 2677 3972; x_wconf 87' lang='lat' dir='ltr'><strong>oc-</strong></span> 
     </span>
     <span class='ocr_line' id='line_1_96' title="bbox 1589 3991 2675 4055; baseline 0 -14"><span class='ocrx_word' id='word_1_521' title='bbox 1589 3994 1833 4055; x_wconf 88' lang='lat' dir='ltr'><strong>cuparet.</strong></span> <span class='ocrx_word' id='word_1_522' title='bbox 1905 3991 2012 4052; x_wconf 82' lang='lat' dir='ltr'><strong>Qui</strong></span> <span class='ocrx_word' id='word_1_523' title='bbox 2042 3991 2210 4054; x_wconf 75' lang='lat' dir='ltr'><strong>igitur</strong></span> <span class='ocrx_word' id='word_1_524' title='bbox 2242 3991 2307 4041; x_wconf 87' lang='lat' dir='ltr'><strong>de</strong></span> <span class='ocrx_word' id='word_1_525' title='bbox 2332 3991 2675 4055; x_wconf 77' lang='lat' dir='ltr'><strong>Assyriorum</strong></span> 
     </span>
     <span class='ocr_line' id='line_1_97' title="bbox 1586 4059 2676 4127; baseline 0.001 -17"><span class='ocrx_word' id='word_1_526' title='bbox 1586 4060 1819 4111; x_wconf 88' lang='lat' dir='ltr'><strong>historia</strong></span> <span class='ocrx_word' id='word_1_527' title='bbox 1838 4060 2184 4127; x_wconf 84' lang='lat' dir='ltr'><strong>peculiariter</strong></span> <span class='ocrx_word' id='word_1_528' title='bbox 2204 4061 2258 4109; x_wconf 90' lang='lat' dir='ltr'><strong>in</strong></span> <span class='ocrx_word' id='word_1_529' title='bbox 2282 4059 2526 4126; x_wconf 91' lang='lat' dir='ltr'><strong>episodio</strong></span> <span class='ocrx_word' id='word_1_530' title='bbox 2547 4077 2676 4126; x_wconf 88' lang='lat' dir='ltr'><strong>quo-</strong></span> 
     </span>
     <span class='ocr_line' id='line_1_98' title="bbox 1590 4129 2673 4195; baseline 0 -15"><span class='ocrx_word' id='word_1_531' title='bbox 1590 4130 1714 4180; x_wconf 87' lang='lat' dir='ltr'><strong>dam</strong></span> <span class='ocrx_word' id='word_1_532' title='bbox 1752 4131 1837 4191; x_wconf 83' lang='lat' dir='ltr'><strong>(ut</strong></span> <span class='ocrx_word' id='word_1_533' title='bbox 1870 4147 1922 4181; x_wconf 82' lang='lat' dir='ltr'><strong>v.</strong></span> <span class='ocrx_word' id='word_1_534' title='bbox 1963 4147 2009 4180; x_wconf 86' lang='lat' dir='ltr'><strong>c.</strong></span> <span class='ocrx_word' id='word_1_535' title='bbox 2054 4129 2119 4178; x_wconf 82' lang='lat' dir='ltr'><strong>de</strong></span> <span class='ocrx_word' id='word_1_536' title='bbox 2147 4129 2340 4195; x_wconf 78' lang='lat' dir='ltr'><strong>Lydis,</strong></span> <span class='ocrx_word' id='word_1_537' title='bbox 2381 4130 2447 4180; x_wconf 89' lang='lat' dir='ltr'><strong>de</strong></span> <span class='ocrx_word' id='word_1_538' title='bbox 2471 4131 2673 4193; x_wconf 89' lang='lat' dir='ltr'><strong>Persis,</strong></span> 
     </span>
     <span class='ocr_line' id='line_1_99' title="bbox 1586 4198 2675 4265; baseline -0.001 -15"><span class='ocrx_word' id='word_1_539' title='bbox 1586 4200 1709 4250; x_wconf 86' lang='lat' dir='ltr'><strong>aliis</strong></span> <span class='ocrx_word' id='word_1_540' title='bbox 1749 4200 1938 4251; x_wconf 91' lang='lat' dir='ltr'><strong>eodem</strong></span> <span class='ocrx_word' id='word_1_541' title='bbox 1989 4198 2148 4249; x_wconf 90' lang='lat' dir='ltr'><strong>modo</strong></span> <span class='ocrx_word' id='word_1_542' title='bbox 2184 4198 2454 4265; x_wconf 89' lang='lat' dir='ltr'><strong>loquitur,</strong></span> <span class='ocrx_word' id='word_1_543' title='bbox 2507 4200 2675 4249; x_wconf 85' lang='lat' dir='ltr'><strong>histo-</strong></span> 
     </span>
     <span class='ocr_line' id='line_1_100' title="bbox 1587 4267 2676 4334; baseline 0 -16"><span class='ocrx_word' id='word_1_544' title='bbox 1587 4269 1723 4320; x_wconf 90' lang='lat' dir='ltr'><strong>riam</strong></span> <span class='ocrx_word' id='word_1_545' title='bbox 1748 4267 2088 4334; x_wconf 86' lang='lat' dir='ltr'><strong>persecutus)</strong></span> <span class='ocrx_word' id='word_1_546' title='bbox 2128 4268 2431 4319; x_wconf 73' lang='lat' dir='ltr'><strong>tractanda·</strong></span> <span class='ocrx_word' id='word_1_547' title='bbox 2457 4269 2561 4317; x_wconf 91' lang='lat' dir='ltr'><strong>sibi</strong></span> <span class='ocrx_word' id='word_1_548' title='bbox 2596 4270 2676 4318; x_wconf 88' lang='lat' dir='ltr'><strong>ita</strong></span> 
     </span>
     <span class='ocr_line' id='line_1_101' title="bbox 1586 4337 2673 4402; baseline -0.001 -15"><span class='ocrx_word' id='word_1_549' title='bbox 1586 4343 1970 4402; x_wconf 84' lang='lat' dir='ltr'><strong>proposuerat,</strong></span> <span class='ocrx_word' id='word_1_550' title='bbox 2008 4342 2070 4386; x_wconf 91' lang='lat' dir='ltr'><strong>ut</strong></span> <span class='ocrx_word' id='word_1_551' title='bbox 2106 4337 2265 4387; x_wconf 89' lang='lat' dir='ltr'><strong>initio</strong></span> <span class='ocrx_word' id='word_1_552' title='bbox 2297 4337 2423 4387; x_wconf 87' lang='lat' dir='ltr'><strong>libri</strong></span> <span class='ocrx_word' id='word_1_553' title='bbox 2454 4338 2563 4386; x_wconf 92' lang='lat' dir='ltr'><strong>iam</strong></span> <span class='ocrx_word' id='word_1_554' title='bbox 2598 4337 2673 4387; x_wconf 89' lang='lat' dir='ltr'><strong>le-</strong></span> 
     </span>
     <span class='ocr_line' id='line_1_102' title="bbox 1586 4406 2673 4474; baseline -0.002 -16"><span class='ocrx_word' id='word_1_555' title='bbox 1586 4412 1762 4458; x_wconf 86' lang='lat' dir='ltr'><strong>ctores</strong></span> <span class='ocrx_word' id='word_1_556' title='bbox 1796 4422 1859 4458; x_wconf 92' lang='lat' dir='ltr'><strong>eo</strong></span> <span class='ocrx_word' id='word_1_557' title='bbox 1897 4406 2205 4474; x_wconf 82' lang='lat' dir='ltr'><strong>ablegaret,</strong></span> <span class='ocrx_word' id='word_1_558' title='bbox 2252 4407 2299 4456; x_wconf 88' lang='lat' dir='ltr'><strong>is</strong></span> <span class='ocrx_word' id='word_1_559' title='bbox 2346 4422 2465 4457; x_wconf 86' lang='lat' dir='ltr'><strong>eam</strong></span> <span class='ocrx_word' id='word_1_560' title='bbox 2498 4407 2673 4472; x_wconf 86' lang='lat' dir='ltr'><strong>ipsam</strong></span> 
     </span>
    </p>
   </div>
  </div>
 </body>
</html>
