3109 5092
489 362 613 423 434

1350 356 1898 420 HERODOTI

490 543 704 625 σφίσι,
734 533 1038 624 πρώτους
1057 538 1471 618 Αἰγυπτίους
1500 529 1891 621 ἀνθρώπων
1911 525 2231 599 ἁπάντων
2247 531 2582 618 ἐξευρέειν
2610 525 2729 597 τὸν
2752 545 2852 598 105

492 635 835 721 ἐνιαυτὸν,
891 635 1201 705 δυώδεκα
1246 639 1449 723 μέρεα
1498 638 1918 723 δασαμένους
1960 639 2100 702 τῶν
2138 628 2372 720 ὡρέων
2417 635 2483 712 ἐς
2530 630 2759 702 αὐτόν.

490 748 699 810 ταῦτα
728 740 802 808 δὲ
836 742 1169 826 ἐξευρέειν
1220 741 1292 806 ἐκ
1333 744 1470 806 τῶν
1506 736 1773 823 ἄστρων
1821 744 2073 824 ἔλεγον.
2133 734 2373 822 ἄγουσι
2406 736 2479 804 δὲ
2508 740 2764 828 τοσῷδε

490 843 881 932 σοφώτερον
901 839 1273 930 Ἑλλήνων,
1316 844 1458 929 ἐμοὶ
1489 845 1786 925 δοκέειν,
1824 837 1959 932 ὅσῳ
1972 837 2292 927 ’Έλληνες
2322 839 2447 928 μὲν
2477 837 2589 906 διὰ
2615 845 2759 926 τρί-

489 976 611 1016 του
643 953 823 1026 ἔτεος
852 943 1215 1033 ἐμβόλιμον
1247 946 1737 1032 ἐπεμβάλλουσι
1775 949 1915 1012 τῶν
1956 938 2187 1034 ὁρέων
2218 948 2511 1027 εἵνεκεν,
2546 940 2759 1029 Αἰγύ-

491 1078 667 1120 πτιοι
704 1050 778 1119 δὲ
812 1051 1416 1138 τριηκοντημέρους
1450 1047 1730 1135 ἄγοντες
1769 1043 1925 1125 τούς
1961 1046 2273 1115 δυώδεκα
2303 1051 2549 1134 μῆνας,
2599 1044 2759 1115 ἐπᾶ-

489 1174 685 1241 γουσι
719 1151 848 1221 ἀνὰ
879 1158 1015 1221 πᾶν
1042 1158 1186 1231 ἔτος
1222 1155 1420 1220 πέντε
1459 1148 1706 1242 ἡμέρας
1742 1150 1946 1238 πάρεξ
1979 1155 2099 1218 τοῦ
2126 1147 2461 1238 ἀριθμοῦ,
2500 1156 2620 1216 καί
2641 1169 2763 1234 σφι

492 1351 732 1400 curatius
798 1351 1228 1413 consideremuS,
1307 1366 1428 1400 cum
1504 1349 1575 1400 ad

490 1421 623 1469 haec
669 1421 791 1483 ipsa
838 1420 1122 1470 duodecim
1169 1421 1380 1469 zodiaci
1417 1419 1574 1484 signa

490 1495 738 1554 spectent
781 1489 1016 1552 indeque
1060 1489 1455 1553 quodammodo
1498 1490 1576 1538 ef-

488 1561 619 1608 ficta
654 1559 961 1610 videantur.

559 1619 822 1676 δυώδεκα
878 1620 1050 1691 μέρεα
1102 1619 1459 1691 δασαμένους
1503 1657 1573 1665 -

490 1688 545 1754 ἐς
577 1712 651 1745 av
637 1689 782 1776 ’τόν]
827 1698 894 1746 Ῑιι
937 1698 1019 1746 his
1067 1699 1248 1746 verbis
1280 1697 1573 1774 genitivus

489 1765 602 1815 τῶν
635 1757 831 1829 ὡρέων
858 1769 1094 1830 pertinet
1119 1767 1188 1817 ad
1223 1760 1412 1829 μέρεα,
1451 1782 1573 1815 cum

486 1836 623 1885 haec
671 1837 744 1884 sit
799 1836 989 1886 Nostri
1045 1837 1343 1886 sententia.
1404 1837 1575 1898 „anni

491 1910 873 1969 tempestatum
921 1906 1201 1956 duodecim
1245 1910 1428 1970 partes
1467 1906 1575 1954 dis-

491 1974 800 2024 tribuerunt
849 1976 904 2024 in
957 1992 1155 2025 annum
1195 1991 1239 2025 s.
1282 1991 1480 2025 annum
1517 1975 1575 2023 in

490 2043 772 2093 duodecim
816 2050 998 2107 partes
1043 2045 1373 2106 diviserunt,
1429 2045 1576 2092 intra

489 2128 626 2177 quas
638 2114 766 2161 anni
779 2116 1132 2178 tempestates
1145 2114 1404 2163 circulum
1418 2129 1572 2163 suum

490 2181 876 2231 (¹,oniice1·ent.‘⁴
947 2183 1031 2231 De
1079 2189 1356 2232 structura
1387 2183 1579 2231 verbo-

489 2265 608 2300 rum
656 2250 936 2299 dividendi
984 2253 1131 2303 conf.
1183 2253 1228 2313 1,
1275 2253 1342 2302 94
1391 2253 1576 2316 ibique

490 2324 629 2369 nott.
669 2349 738 2358 —-
783 2308 924 2382 ὧραι
969 2326 1096 2370 sunt
1149 2323 1270 2369 armi
1312 2330 1577 2383 tempesta·

491 2398 592 2450 tes,
646 2403 782 2452 quas
834 2389 1019 2438 eodem
1072 2391 1232 2439 modo
1282 2390 1438 2439 horas
1484 2405 1577 2453 ap-

490 2426 658 2523 pellat
694 2457 905 2507 Plinius
956 2461 1028 2510 H.
1078 2461 1145 2509 N.
1200 2460 1297 2521 IX,
1348 2461 1432 2538 35,
1487 2462 1573 2508 54.

489 2527 618 2588 XII,
643 2528 692 2590 3,
717 2530 765 2577 7.
786 2528 942 2577 ——In
964 2544 1116 2593 seqq.
1129 2529 1330 2578 retinui
1355 2519 1578 2592 ἄστρων

490 2613 610 2646 cum
625 2597 780 2647 codd.
797 2598 1059 2658 Medioeo,
1077 2598 1409 2660 Florentino,
1431 2599 1575 2648 aliis.

491 2667 769 2716 Sancrofti
791 2667 926 2716 liber
950 2684 1070 2717 cum
1101 2668 1224 2717 aliis
1252 2668 1576 2732 quibusdam

491 2736 646 2786 affert
682 2728 952 2799 ἀστέρων,
993 2743 1054 2787 ιιι
1087 2739 1248 2800 VIII,
1289 2739 1409 2787 122.
1469 2737 1575 2787 Sed

489 2806 598 2856 vid.
625 2806 978 2856 Doederlein.
1004 2808 1128 2856 Lat.
1153 2809 1448 2872 Synonym.
1476 2807 1572 2856 IV.

490 2892 541 2938 p.
583 2876 686 2925 410
720 2891 834 2952 seq.

562 2956 676 3008 οσῳ
745 2935 1003 3019 Ἐλληνες
1062 2936 1165 3005 μὲν
1225 2936 1322 2992 δια
1377 2943 1573 3020 τριτον

491 3007 642 3067 ἔτεος
643 2959 1003 3088 ἐὲμβόλιμονῆς
1015 3001 1439 3076 ἕπεμβαλλουσι]
1477 3006 1576 3061 διὰ

489 3079 684 3144 τρίτου
720 3075 871 3135 ἔτεος
909 3084 993 3128 est
1018 3084 1168 3129 tertio
1204 3098 1395 3145 quoque
1422 3099 1572 3141 armo,

491 3155 552 3199 ut
585 3148 737 3197 reddi
783 3148 900 3198 vult
941 3149 1197 3199 Kuehner
1237 3150 1328 3200 Gr.
1379 3151 1473 3202 Gr.
1520 3155 1571 3213 §-

491 3220 612 3279 605,
649 3218 736 3267 vel
769 3220 965 3267 ineunte
1014 3221 1160 3268 terlio
1204 3236 1352 3275 anno,
1393 3236 1574 3283 quem-

491 3287 778 3337 admodum
848 3288 1110 3337 Petavius
1187 3289 1575 3353 interpretatur

490 3360 714 3408 Auctar.
768 3357 913 3406 doct.
976 3362 1139 3421 temp.
1200 3359 1307 3419 IV,
1355 3359 1405 3409 3.
1487 3359 1573 3409 Ad

492 3418 795 3491 ἐμβόλιμον
843 3426 1119 3488 intelligas
1166 3425 1347 3490 μῆνα,
1410 3443 1571 3492 quam

489 3512 679 3545 vocem
714 3496 909 3544 Noster
961 3496 1174 3545 addidit
1226 3498 1270 3556 Ι,
1322 3497 1408 3548 32.
1488 3500 1575 3549 De

490 3567 574 3615 his
624 3566 897 3614 mensibus
947 3535 1360 3615 intercalaribus
1411 3567 1576 3617 Grae-

490 3650 674 3684 corum
719 3634 948 3685 solarem
996 3640 1052 3684 ct
1096 3635 1338 3684 lunarem
1374 3653 1575 3686 annum

490 3705 592 3753 hoc
628 3704 787 3753 modo
833 3706 890 3752 in
936 3704 1278 3753 concordiam
1324 3706 1574 3770 redigere

489 3775 823 3823 studentium
872 3773 983 3823 vid.
1033 3774 1090 3822 (5.
1145 3775 1208 3823 F.
1265 3776 1571 3824 Hermann:

490 3843 703 3892 Griech.
748 3842 1154 3892 Staatsalterth.
1204 3847 1253 3906 g.
1308 3845 1404 3893 127
1455 3850 1571 3894 not.

489 3910 539 3960 6.
595 3912 1008 3962 Gottesdienstl.
1043 3912 1272 3962 Alterth.
1295 3911 1343 3972 §-
1368 3914 1436 3962 45
1454 3918 1568 3963 not.

492 3979 575 4027 12.
648 3981 1006 4045 Praecipuum
1045 3980 1328 4030 Censorini
1367 3983 1572 4032 adscri-

489 4047 611 4096 bam
659 4047 834 4097 locum
883 4050 949 4098 de
987 4050 1071 4098 die
1109 4050 1280 4099 natali
1324 4067 1443 4114 cap.
1482 4050 1567 4102 18.

488 4117 535 4176 ς.
588 4118 645 4165 2:
698 4117 929 4180 „Itaque
979 4117 1263 4181 (Graeciae
1316 4121 1569 4170 civitates

399 4237 411 4252 ,
489 4183 635 4248 scil.)
679 4200 852 4234 annos
892 4186 1078 4236 civiles
1118 4189 1197 4238 sic
1240 4193 1569 4252 statuerunt,

489 4259 549 4302 ut
595 4255 967 4304 intercalando
1028 4257 1269 4306 facerent
1332 4258 1569 4321 alternos

487 4324 596 4373 XII
616 4339 898 4387 mensium
921 4324 1159 4374 alternos
1179 4326 1336 4387 XIII,
1362 4335 1569 4377 utrum-

488 4407 592 4458 que
633 4407 832 4443 annum
890 4393 1182 4458 separatim
1241 4401 1569 4458 vertentem3

1676 1349 1893 1400 iunctos
1929 1350 2118 1400 ambos
2153 1366 2353 1400 annum
2386 1365 2642 1415 magnum
2670 1364 2762 1398 vo-

1678 1425 1894 1480 canteS,
1949 1420 2110 1484 idque
2165 1427 2377 1484 tempus
2436 1416 2762 1483 τριετηρίδα

1677 1490 2056 1554 appellabant,
2117 1491 2263 1554 quod
2319 1491 2482 1538 tertio
2547 1503 2759 1554 quoque

1675 1574 1819 1608 anno
1843 1559 2297 1622 intercalabatur,
2335 1559 2582 1623 quamvis
2611 1558 2762 1607 bien·

1676 1629 1753 1677 nii
1802 1629 2089 1689 circuitus,
2140 1635 2194 1677 et
2240 1644 2298 1677 re
2344 1644 2475 1678 vera
2511 1623 2760 1690 διετηρὶς

1677 1703 1850 1760 esset,
1885 1698 2029 1747 unde
2064 1698 2351 1761 mysteria,
2388 1713 2529 1762 quae
2561 1697 2759 1746 Libero

1676 1769 1821 1832 patri
1858 1767 2081 1816 alternis
2103 1767 2239 1817 fiunt
2265 1768 2443 1828 annia,
2482 1767 2761 1816 trieterica

1676 1853 1709 1885 a
1746 1838 1923 1900 poetis
1973 1837 2285 1888 dicuntur.“
2358 1837 2639 1901 Adscripsi
2677 1841 2761 1885 to-

1678 1913 1790 1955 tum
1816 1906 2010 1968 locum,
2039 1922 2105 1955 ex
2129 1922 2234 1971 quo
2258 1907 2491 1956 forsitan
2509 1906 2601 1954 lux
2626 1921 2761 1955 non-

1676 1975 1834 2025 nulla.
1861 1976 2049 2025 afferri
2088 1976 2291 2040 poterit
2334 1975 2633 2036 Herodoto,
2679 1991 2761 2024 se-

1676 2062 1799 2096 cum
1844 2049 1905 2093 ut
1950 2046 2144 2096 volunt
2201 2045 2347 2094 haud
2393 2044 2761 2106 concordanti,

1680 2116 1726 2176 1,
1764 2114 1849 2175 32,
1889 2115 1985 2163 ubi
2021 2115 2237 2164 scribit.
2278 2110 2331 2163 εἰ
2363 2107 2425 2164 δὲ
2460 2109 2534 2177 δὴ
2563 2106 2761 2177 ἐθελή-

1679 2197 1761 2232 σει
1769 2174 2072 2260 τοῦτερον
2107 2199 2221 2233 των
2261 2175 2435 2233 ἐτέων
2475 2180 2616 2264 μηνὶ
2634 2197 2761 2263 pa-

1676 2244 1949 2316 πρότερον
1982 2251 2264 2316 γίνεσθαι,
2301 2251 2400 2301 ἵνα
2424 2248 2496 2316 δὴ
2529 2239 2653 2302 αἱ
2614 2267 2755 2330 ωραι

1678 2318 2025 2398 συμβαίνωσι
2082 2315 2533 2386 παραγινόμεναι
2593 2313 2647 2378 ἐς
2693 2314 2757 2370 τὸ

1678 2384 1814 2440 δέον
1851 2406 1902 2439 κ.
1940 2407 1988 2440 τ.
2023 2390 2093 2453 λ.,
2137 2391 2228 2441 trbi
2264 2391 2374 2442 vid.
2412 2395 2526 2441 not.

1748 2451 2022 2537 ἐπάγουσι
2077 2429 2189 2510 ἀνὰ
2240 2458 2358 2510 πᾶν
2411 2454 2536 2516 ἔτος
2591 2450 2757 2508 πέντε

1680 2520 1896 2593 ἡμέρας
1942 2520 2118 2590 πάρεξ
2173 2528 2277 2579 τοῦ
2320 2520 2598 2607 ἀριθμοῦ]
2647 2529 2756 2580 Βὶο

1680 2599 1833 2649 Cass,
1894 2599 2099 2661 XLIII,
2149 2601 2241 2649 26:
2299 2592 2599 2678 Αἰγύπτιοι
2653 2590 2759 2661 μὲν

1676 2637 2208 2732 τριακονθημέρους
2240 2660 2376 2725 τούς
2398 2666 2582 2732 μῆνας
2609 2665 2757 2730 λογί-

1675 2736 1893 2796 ζονται,
1944 2732 2135 2786 ἔπειτα
2170 2728 2263 2786 ἐπὶ
2307 2735 2477 2786 παντὶ
2523 2733 2603 2803 τῷ
2650 2730 2759 2784 ἔτει

1676 2799 1777 2862 τὰς
1823 2802 1991 2856 πέντε
2032 2797 2246 2870 ἡμέρας
2290 2787 2616 2870 ἐπάγουσιν.
2692 2806 2759 2855 In

1677 2891 1887 2925 summa
1918 2876 2031 2924 fere
2069 2877 2344 2926 consentit
2362 2876 2638 2925 Diodorus
2673 2875 2760 2926 si-

1677 2944 1830 2994 culus
1894 2944 1940 3006 I,
2000 2944 2066 2994 50
2128 2945 2252 2996 coll.
2315 2945 2522 2996 Gemin.
2584 2945 2754 2994 Elem.

1675 3015 1896 3064 Astron.
1943 3015 2043 3062 Vl.
2093 3031 2219 3079 pag.
2281 3015 2346 3066 19
2401 3019 2455 3064 et
2500 3013 2754 3064 Strabon.

1676 3084 1853 3133 XVII.
1890 3100 1943 3147 p.
1992 3083 2095 3133 806
2130 3103 2175 3135 s.
2222 3084 2358 3134 1160
2404 3085 2469 3145 A,
2520 3083 2613 3133 ubi
2660 3099 2757 3132 an-

1675 3168 1801 3202 num
1838 3153 1940 3204 365
1975 3152 2183 3203 dierum
2224 3153 2293 3202 ab
2342 3154 2628 3217 Aegyptiis
2673 3168 2758 3202 sa-

1676 3222 1987 3271 cerdotibus
2021 3223 2302 3272 inventum
2340 3238 2459 3272 esse
2482 3227 2686 3284 narrat,
2724 3238 2758 3271 a

1676 3291 1871 3355 quibus
1907 3296 2033 3354 post
2050 3292 2376 3361 acceperint
2401 3293 2613 3342 Graeci.
2673 3260 2759 3341 'Ac

1675 3361 1791 3409 dies
1839 3360 1960 3410 filos
2004 3361 2241 3425 quinque
2290 3361 2643 3412 intercalatos
2686 3361 2759 3409 ad

1676 3428 1807 3479 deos
1844 3431 1923 3479 ita
1962 3430 2125 3494 vulgo
2160 3430 2457 3480 retulerunt
2480 3431 2758 3496 Aegyptii,

1676 3505 1738 3548 ut
1775 3515 1959 3548 eorum
2004 3515 2328 3564 unoquoque
2376 3499 2554 3549 editus
2592 3501 2759 3549 suerit

1678 3567 1810 3618 deus
1858 3585 1924 3618 ex
1970 3569 2100 3618 Iove
2148 3574 2203 3618 et
2242 3569 2452 3618 Iunone
2497 3571 2641 3629 sive,
2695 3575 2758 3618 ut

1678 3637 1772 3686 alii
1784 3637 2092 3698 tradebant,
2109 3654 2142 3688 a
2152 3639 2387 3688 Saturno
2400 3643 2567 3702 atque
2580 3638 2755 3687 Rhea:

1678 3707 1874 3768 OsiriS,
1905 3708 2144 3768 Ameria,
2173 3707 2421 3771 Typhon,
2440 3707 2566 3768 Isia,
2583 3708 2758 3770 Neph-

1676 3776 1821 3840 thys.
1867 3776 1992 3826 vid.
2018 3776 2243 3826 Diodor.
2271 3775 2439 3827 Sicul.
2459 3776 2505 3837 1,
2535 3776 2599 3827 13
2624 3777 2755 3840 ibiq.

1675 3845 2021 3909 WVesseling„
2056 3845 2334 3896 Plutarch.
2355 3846 2494 3909 Opp.
2526 3847 2601 3895 11.
2629 3861 2755 3910 pag.

1675 3915 1778 3965 355
1815 3915 1885 3963 D.
1926 3915 1993 3963 de
2028 3915 2161 3964 Isid.
2198 3921 2254 3964 et
2286 3915 2487 3964 Osirid.
2520 3917 2581 3964 12
2620 3915 2755 3978 ibiq.

1674 3983 2063 4047 Wyttenbach.
2102 3985 2158 4033 in
2195 3983 2596 4033 Animadversa.
2626 3999 2755 4047 pag.

1674 4053 1794 4102 186.
1868 4054 1952 4102 De
1987 4053 2211 4103 oracull.
2247 4053 2449 4102 defect.
2475 4069 2529 4117 p.
2564 4053 2758 4103 429F.

1670 4120 1795 4170 Alia
1849 4122 2055 4171 dabunt
2099 4122 2348 4172 Creuzer.
2417 4122 2474 4171 in
2515 4121 2759 4186 Symbol.

1672 4191 1745 4240 11.
1798 4207 1849 4254 p.
1902 4191 1971 4241 26
2015 4206 2169 4256 seqq.
2216 4193 2301 4242 50.
2343 4190 2464 4241 294.
2546 4190 2756 4241 Roeth:

1673 4260 1868 4309 Gesch.
1901 4261 1954 4310 d.
1984 4260 2301 4325 Philosoph.
2332 4260 2376 4309 I.
2404 4277 2459 4324 p.
2490 4261 2590 4310 216
2618 4265 2756 4310 ιιοιι.

1671 4328 1796 4379 οοΙΙ.
1823 4346 1874 4393 p.
1906 4329 2020 4380 150.
2094 4331 2178 4379 De
2198 4331 2587 4394 Aegyptiorum
2614 4344 2756 4379 anno

1670 4396 1837 4448 solari
1894 4399 2119 4463 eiusque
2175 4399 2454 4450 mensibus
2512 4398 2757 4463 disputat
