3109 5092
1211 378 1462 440 CLIO.
1509 380 1561 438 I.
1607 387 1697 441 32.

2506 387 2584 444 75

295 550 633 621 ἐκτελέσαι
677 553 789 619 καὶ
823 549 992 641 ἄτην
1030 552 1330 643 μεγάλην
1360 559 1876 642 προσπεσοῦσαν
1911 552 2164 654 ἐνεῖκαι
2201 558 2570 629 δυνατοίτε·

295 684 440 746 ρος,
494 652 530 725 ὁ
580 655 657 725 δὲ
706 661 958 725 τοισίδε
999 662 1265 745 προέχει
1309 654 1610 727 ἐκείνου·
1682 654 1849 746 ἄτην
1893 659 2020 746 μὲν
2054 662 2166 729 καὶ
2210 658 2587 752 ἐπιθυμίην

290 758 416 830 οὐκ
456 755 702 846 ὁμοίως
749 758 1037 840 δυνατὸς
1081 758 1321 855 ἐκείνῳ
1373 758 1667 847 ἐνεῖκαι,
1730 766 1941 831 ταῦτα
1990 765 2066 833 δὲ
2114 760 2155 852 ἡ
2209 763 2480 855 εὐτυχίη
2521 772 2592 837 οἰ

285 862 642 952 ἀπερύκει·
694 861 950 953 ἄπηρος
991 868 1073 933 δέ
1105 862 1277 949 ἐστι,
1322 861 1641 947 ἄνουσος,
1689 862 1959 955 ἀπαθὴς
1999 872 2263 953 κακῶν,
2320 866 2581 955 εὔπαις,

289 963 572 1055 εὐειδής.
635 972 699 1036 εἰ
733 967 811 1036 δὲ
848 966 1013 1058 πρὸς
1047 967 1340 1038 τούτοισι
1385 976 1483 1038 ἔτι
1519 968 1903 1057 τελευτήσει
1943 969 2063 1040 τὸν
2106 978 2262 1059 βίον
2294 964 2404 1057 εὖ,
2461 964 2580 1044 οὗ-

284 1100 398 1151 τος
437 1068 726 1153 ἐκεῖνος,
767 1067 888 1140 τὸν
912 1069 999 1141 σύ
1030 1080 1273 1160 ζητεῖς,
1310 1070 1547 1161 ,ὄλβιος
1589 1078 1962 1161 κεκλῆσθαι
1993 1072 2170 1157 ἄξιός
2207 1071 2368 1157 ἐστι.
2419 1080 2584 1165 πρὶν

204 1171 354 1244 17ὃ’
408 1170 495 1243 ἄν
549 1174 952 1264 τελευτήσῃ,
1013 1171 1351 1265 ἐπισχεῖν,
1411 1175 1584 1265 μηδὲ
1641 1179 1910 1247 καλέειν
1949 1204 2051 1246 κω
2093 1175 2361 1267 ὄλβιον,
2422 1178 2576 1250 ἀλλ’

287 1275 590 1364 εὐτυχέα.
637 1275 719 1347 τὰ
754 1278 972 1347 πάντα
1002 1283 1128 1367 μέν
1156 1307 1289 1349 νυν
1323 1284 1535 1349 ταῦτα
1571 1288 1940 1369 συλλαβεῖν
1968 1278 2341 1371 ἄνθρωπον
2383 1279 2581 1355 ἐόντα

283 1379 626 1452 ἀδύνατόν
662 1377 839 1466 ἐστι,
892 1379 1120 1472 ὥσπερ
1162 1383 1345 1473 χώρη
1380 1379 1667 1471 οὐδεμία
1709 1388 2060 1474 καταρκέει
2104 1386 2323 1456 πάντα
2360 1389 2581 1476 ἑωυτῇ

284 1486 701 1575 παρέχουσα,
733 1481 905 1555 ἀλλὰ
939 1483 1104 1556 ἄλλο
1140 1487 1266 1575 μὲν
1301 1493 1470 1574 ἔχει,
1519 1489 1751 1575 ἑτέρου
1786 1488 1860 1557 δὲ
1892 1485 2257 1559 ἐπιδέεται·
2316 1485 2358 1579 ἣ
2386 1490 2460 1560 δὲ
2491 1486 2579 1561 ἄν

281 1587 363 1659 τὰ
406 1597 687 1659 πλεῖστα
727 1594 878 1678 ἔχῃ,
932 1587 1170 1681 ἀρίστη
1207 1586 1399 1680 αὕτη.
1462 1586 1551 1673 ὥς
1585 1591 1661 1661 δὲ
1708 1593 1821 1660 καὶ
1856 1589 2232 1684 ἀνθρώπου
2269 1598 2459 1684 σῶμα
2499 1599 2576 1664 ἓν

278 1808 362 1841 vs,
405 1790 559 1842 1228.
601 1791 685 1842 Ad
724 1791 956 1843 formam
998 1793 1175 1858 ipsam
1209 1783 1375 1841 ἆνόλ-

280 1858 406 1926 βιος
471 1861 606 1927 (non
660 1851 932 1929 ἄνολβος)
997 1863 1068 1913 cf.
1136 1862 1371 1914 Bredov.

282 1948 333 1996 p.
371 1930 464 1981 68.
556 1932 561 1936 ’

347 1989 577 2064 ἄπηρος
631 1996 697 2048 δέ
750 1988 886 2066 ἔστι]
942 1990 1166 2065 ἄπηρος
1210 2002 1271 2065 (i.
1324 2017 1373 2052 e.

278 2069 506 2121 membris
548 2069 770 2120 erunibus
809 2067 1035 2134 integer)
1083 2070 1207 2120 dedi
1253 2087 1375 2120 cum

283 2144 510 2190 recentt.
581 2155 679 2204 pro
751 2139 978 2204 vulgato
1052 2130 1373 2205 ἄπειρος,

281 2210 425 2275 quod
475 2224 661 2260 omnes
711 2210 977 2273 praebent
1020 2209 1174 2272 libri,
1224 2225 1378 2260 exce-

282 2281 386 2344 ptis
434 2279 648 2329 duobus
696 2278 1010 2343 Vaticanis,
1053 2279 1145 2344 qui
1199 2280 1376 2329 conie-

282 2356 493 2399 cturam
513 2348 731 2398 Heinsii
769 2349 988 2414 egregie
1025 2348 1267 2409 firmant3
1298 2348 1374 2399 cf.

282 2419 669 2485 Iungertnann.
713 2416 785 2467 ad
818 2417 1027 2468 Polluc.
1065 2418 1141 2477 11,
1191 2419 1279 2469 61.
1318 2422 1375 2468 et

283 2489 386 2538 vid.
427 2486 763 2551 Weeseling.
811 2487 960 2537 Dias,
1010 2487 1215 2538 Herod.
1269 2488 1368 2538 IX.

280 2575 332 2622 p.
363 2559 432 2610 92
473 2572 589 2621 seq.
633 2556 788 2607 Infra
836 2556 880 2618 1,
929 2556 1050 2609 167.
1099 2552 1369 2623 ἔμπηρος,

281 2628 371 2707 ubi
436 2626 554 2679 vid.
631 2630 774 2678 nott.
842 2626 996 2677 Unus
1068 2626 1208 2677 liber
1278 2627 1373 2677 dat

280 2711 521 2760 απορος.

347 2757 598 2831 εὐειδής]
649 2755 907 2830 εὐειδὴς,
958 2763 1103 2829 quod
1151 2764 1372 2829 quidam

281 2837 463 2887 dixere
507 2827 791 2897 ἀδόκιμον
827 2826 974 2884 εἶναι
1010 2825 1213 2897 ὄνομα,
1244 2834 1373 2885 hinc

280 2907 412 2957 bene
452 2908 638 2958 tuetur
674 2905 1027 2955 Grammatic.
1077 2905 1270 2955 Graec.
1315 2906 1373 2954 in

282 2976 517 3027 Bekker.
559 2973 802 3025 Anecdd.
840 2975 889 3025 I.
932 2990 984 3037 p.
1025 2973 1112 3036 92,
1152 2974 1237 3023 26.
1278 2975 1365 3027 Cr.

282 3046 429 3095 addit
476 3043 732 3097 Eustath.
792 3043 861 3093 ad
916 3044 1076 3093 Iliad.
1123 3043 1228 3103 ΠΙ,
1278 3043 1366 3096 48.

283 3115 401 3166 coll.
454 3117 526 3166 ad
575 3113 776 3178 Odyss.
812 3112 913 3174 VI,
956 3113 1073 3165 187.
1154 3150 1167 3162 .
1207 3114 1329 3164 257.

346 3180 484 3243 πρὶν
518 3173 579 3232 δ’
618 3177 693 3231 ἄν
727 3173 1056 3248 τελευτήσῃ,
1120 3183 1364 3246 πισχεῖν,

286 3247 417 3314 μηδὲ
452 3249 689 3302 καλέειν
711 3267 792 3299 κω
843 3240 1056 3315 ὄλβιον,
1102 3242 1224 3301 ἀλλ’
1273 3242 1364 3300 εὐ-

288 3315 953 3451 ’Ἶὼέἒῖιῧᾶέἱΰέῗιοὴ
989 3320 1073 3369 ¹¹³⁸
1101 3335 1364 3441 i²3÷¹³⁰⁰¹¹z

290 3400 347 3434 su
374 3424 386 3435 .
504 3406 539 3441 a
633 3427 647 3440 .
738 3427 751 3441 .
918 3427 931 3441 .
1029 3427 1042 3440 .
1242 3425 1255 3438 .
1309 3405 1338 3439 e

290 3455 535 3507 Kuehner
560 3459 652 3508 Gr.
677 3459 769 3509 Gr.
809 3462 861 3522 §-
900 3406 1022 3520 64AE
1065 3476 1134 3523 c.‚
1175 3459 1268 3524 qui
1302 3459 1358 3509 h.

290 3521 322 3571 l.
358 3525 614 3575 reddunt:
655 3543 819 3583 „mnes-
854 3544 967 3577 man
1009 3533 1118 3579 sein
1169 3529 1369 3580 Urelzeic

288 3593 467 3643 zur-1201:
525 3593 756 3644 halten“.
834 3598 1120 3648 Caeterum
1166 3598 1369 3649 haecce

291 3664 447 3713 verba
482 3661 704 3727 egregie
741 3663 808 3712 iis
840 3669 1189 3731 respondent,
1229 3683 1367 3732 quae

292 3730 343 3779 in
374 3732 476 3782 fine
514 3731 714 3797 Oedipi
750 3736 893 3799 regia
929 3736 1075 3801 apud
1111 3736 1365 3803 Sophocl.

291 3797 560 3865 leguntur:
675 3809 679 3814 '

483 3864 627 3922 ὥστε
664 3863 890 3936 θνητὸν
927 3860 1067 3935 ὄντ’,
1104 3864 1331 3938 ἐκείνην

609 3931 717 4003 τὴν
750 3939 1077 3990 τελευταίαν
1115 3938 1263 3992 ἰδεῖν

483 4001 732 4127 ἡμέραι·
751 3999 1219 4142 ἔὲῑὲξῑῑῑοῦιῑῖι
1259 4027 1365 4130 ει·

485 4144 660 4212 τέρμα
693 4145 796 4197 τοῦ
830 4144 960 4212 βίου
997 4116 1233 4215 περάσῃ,
1262 4166 1365 4215 μη-

606 4209 707 4265 δὲν
739 4207 1005 4281 ἀλγεινὸν
1040 4214 1271 4270 παθών,

297 4277 422 4333 Add.
466 4285 724 4336 Trachin.
780 4287 904 4338 init.
971 4286 1156 4353 ibique
1201 4291 1365 4339 inter-

296 4354 476 4409 pretes.
517 4355 625 4405 Sed
663 4355 730 4406 de
759 4356 1027 4421 Sophocle
1061 4359 1364 4409 monuimus

298 4417 358 4467 ad
390 4421 432 4485 1,
467 4426 520 4475 2.
593 4425 724 4490 Ipsa
758 4441 889 4476 vero
927 4429 1200 4478 sententia
1236 4444 1364 4494 quo-

1480 1793 1585 1843 ties
1614 1808 1649 1842 a
1684 1793 1960 1843 veteribus
1992 1795 2228 1858 repetita
2261 1796 2353 1855 sit,
2394 1796 2576 1846 dicere

1477 1860 1838 1925 longum‘eet.
1874 1862 1961 1913 Gr.
1997 1863 2190 1914 laudat
2226 1864 2576 1915 Aristotelem

1478 1932 1739 1981 inEthic.
1761 1933 2078 1984 Nicomach.
2113 1934 2159 1996 1,
2201 1934 2266 1983 10
2297 1934 2383 1983 ed.
2420 1934 2573 1997 Zell.,

1479 2001 1576 2052 ubi
1613 2002 2057 2051 eom.Muretum
2094 2010 2148 2052 et
2184 2003 2574 2066 camerarium,

1480 2070 1608 2122 coll.
1655 2070 1839 2125 Ethic.
1879 2070 2108 2122 Eadem.
2160 2073 2236 2133 11,
2288 2073 2365 2131 1.;
2417 2075 2574 2124 Euri-

1481 2141 1596 2205 pid.
1639 2140 2002 2191 Andromach.
2054 2158 2136 2193 ve.
2190 2143 2310 2193 100.
2349 2142 2479 2208 ibiq.
2523 2144 2569 2193 1.

1479 2212 1706 2261 Barnea.
1762 2225 1828 2260 ac
1875 2210 2109 2275 denique
2166 2212 2454 2263 Platonem
2505 2213 2573 2263 de

1478 2281 1652 2346 Legg.
1699 2280 1830 2330 VII.
1879 2296 1934 2345 p.
1992 2280 2095 2331 802
2141 2280 2208 2331 Α.
2276 2282 2416 2332 Add.
2465 2283 2572 2333 La-

1478 2349 1634 2399 saulx
1682 2350 1738 2399 in
1784 2349 2086 2400 Comment.
2141 2350 2206 2400 de
2250 2352 2441 2401 mortis
2479 2353 2572 2401 do·
2663 2368 2684 2379 τ

1476 2420 1688 2469 minatu
1723 2420 1780 2468 in
1815 2425 1952 2469 vett.
1992 2437 2046 2485 p.
2086 2421 2172 2471 51.
2213 2421 2331 2471 eive
2366 2437 2421 2485 p.
2468 2422 2571 2471 487

1478 2487 1731 2552 (Studien
1757 2489 1809 2538 d.
1840 2489 2002 2539 class.
2023 2488 2302 2554 Alterum),
2334 2492 2426 2554 qui
2455 2490 2572 2555 plu-

1474 2559 1640 2608 rimos
1677 2563 1923 2608 veterum
1967 2558 2116 2608 locos
2163 2557 2378 2619 attulit,
2429 2560 2576 2608 inter

1478 2643 1614 2692 quos
1632 2642 1798 2676 unum
1816 2628 1905 2678 hic
1924 2629 2200 2677 excitasse
2217 2626 2460 2677 sufficiat
2472 2629 2574 2677 Ec-

1477 2696 1880 2757 clesiasticiXI,
1898 2698 1993 2747 29:
2018 2701 2185 2759 „ante
2205 2700 2432 2745 mortem
2445 2697 2572 2746 bea-

1477 2772 1592 2816 tum
1629 2780 1699 2819 ne
1729 2765 2013 2832 praedices
2047 2766 2416 2882 guemquam“
2464 2769 2570 2817 etc.

1545 2824 1737 2899 ὥσπερ
1771 2831 1925 2900 χαίρῃ
1973 2825 2041 2884 οὐ
2085 2834 2214 2899 εμία
2258 2831 2583 2901 καταρκέειῘ

1474 2905 1700 2957 Retinui
1737 2921 1859 2955 cum
1887 2905 2065 2957 Gaisf.
2104 2896 2363 2969 οὐδεμία,
2387 2920 2573 2970 quam-

1474 2977 1560 3026 vis
1619 2975 1784 3037 vulgo
1842 2965 2102 3038 οὐδεμίη.
2187 2974 2324 3025 Cum
2382 2975 2572 3025 eodem

1475 3062 1600 3096 mox
1640 3045 1763 3094 dedi
1800 3035 1993 3093 αὐτῶν
2014 3059 2114 3109 pro
2139 3045 2291 3110 vulg.
2330 3036 2568 3095 αὐτέων.

1472 3114 1559 3165 Cf.
1601 3115 1646 3176 1,
1685 3114 1773 3165 26.
1811 3114 1898 3163 29.

1541 3172 1619 3239 ὥς
1663 3176 1728 3231 δὲ
1770 3179 1866 3231 καὶ
1920 3173 2244 3245 ἀνθρώπου
2290 3179 2450 3247 σῶμα
2503 3175 2570 3231 ’ἓν

1470 3242 1644 3301 οὐδὲν
1670 3242 1947 3315 αὔταρκές
1969 3243 2104 3315 ἐστι]
2128 3253 2164 3302 i.
2191 3268 2240 3306 e.
2269 3255 2386 3314 „ica
2422 3256 2572 3304 etiam

1466 3322 1676 3372 hominis
1722 3336 1907 3385 corpus
1949 3337 2094 3371 unm
2135 3324 2327 3373 ndnirne
2378 3321 2477 3371 eibi
2519 3324 2570 3370 in

1465 3390 1686 3443 omnibus
1729 3392 1969 3455 sufficere
2027 3394 2286 3455 omniaque
2330 3390 2570 3451 suppedi-

1470 3470 1588 3511 tare
1620 3458 1849 3525 νοέειν(
1921 3460 2198 3522 megerae,
2238 3459 2333 3522 qui
2375 3458 2568 3506 vertit:

1469 3522 1585 3587 ,ἓν
1631 3521 1846 3578 οὐδὲν
1891 3530 2075 3577 nullum
2109 3530 2302 3576 omnino
2344 3528 2568 3588 corpu-5⁶⁴

1472 3598 1958 3662 Thucydidemque
2003 3594 2208 3660 allegat
2244 3595 2326 3656 ΙΙ,
2366 3594 2459 3644 51:
2509 3588 2572 3642 ἓν

1468 3682 1527 3717 τε
1567 3661 1705 3715 οὐδὲ
1726 3660 1792 3715 *ἐν
1815 3661 2051 3726 κατέστη
2082 3660 2249 3727 ἴαμα,
2289 3663 2434 3728 apud
2461 3664 2569 3713 He-

1468 3736 1722 3787 rodotum
1772 3733 1898 3783 inde
1958 3732 2300 3783 scribendum
2351 3737 2566 3784 censet:

1466 3799 1533 3856 ἳν
1572 3797 1711 3853 οὐδὲ
1743 3796 1833 3865 ἓν,
1873 3819 1978 3868 quo
2016 3803 2189 3853 maior
2223 3803 2458 3854 addatur
2480 3803 2567 3851 vis

1470 3875 1679 3935 verbis,
1728 3879 1784 3923 et
1830 3873 1943 3934 111,
1991 3872 2120 3936 108,
2178 3873 2273 3923 ubi
2321 3862 2459 3922 οὐδὲ
2500 3866 2568 3921 ἓν

1470 3944 1738 4007 (Praefat.
1767 3959 1823 4007 p.
1863 3942 1956 4009 X).
2011 3944 2132 4005 Qua
2168 3948 2351 3994 tamen
2387 3957 2566 3992 emen-

1470 4014 1693 4063 datione
1727 4013 1907 4063 locum
1937 4019 2183 4063 nostrum
2218 4012 2367 4063 haud
2405 4026 2566 4077 egere

1467 4083 1688 4132 vixerit
1725 4098 1957 4145 monere,
2000 4084 2047 4132 si
2084 4083 2302 4147 quidem
2343 4097 2561 4132 sensum

1468 4153 1584 4202 eius
1630 4153 1801 4217 probe
1851 4153 2218 4218 perspexeris.
2287 4151 2563 4201 Laudavit

1465 4222 1644 4272 locum
1689 4223 1968 4273 Weiskius
2024 4222 2083 4270 in
2137 4221 2278 4271 libro
2326 4220 2393 4270 de
2453 4219 2563 4283 ple-

1469 4293 1709 4341 onasmis
1755 4293 1820 4341 L.
1869 4292 1961 4342 Gr.
2010 4306 2135 4355 pag.
2185 4292 2280 4351 54,
2331 4304 2561 4354 eumque

1468 4362 1548 4410 sic
1585 4362 1778 4411 vertit:
1819 4364 1933 4424 „ita
1957 4376 2077 4410 vero
2098 4361 2245 4409 etiam
2276 4358 2414 4407 homo
2435 4373 2562 4407 unus

1467 4434 1660 4482 omnino
1698 4446 1797 4481 non
1830 4430 1931 4481 sibi
1962 4429 2179 4491 sufficie,
2218 4444 2270 4492 q.
2310 4441 2359 4476 e.
2396 4429 2560 4477 nullus

2595 364 2624 391 Ο
