3109 5092
1111 338 1615 399 EUTERPE.
1660 339 1746 398 H.
1785 346 1876 403 57.

2509 339 2633 399 559

355 507 555 594 Διὸς,
585 514 759 578 ἔνθα
785 504 1061 579 ἀπίκετο
1079 560 1097 594 ,
1134 513 1435 580 ἐνθαῦτα
1460 511 1731 599 μνήμην
1765 507 1975 579 αὐτοῦ
2002 516 2200 597 ἔχειν.
2267 516 2342 581 ἐκ
2370 513 2443 582 δὲ
2471 510 2630 583 τού-

354 640 479 681 του
527 609 929 703 χρηστήριον
975 612 1425 702 κατηγήσατο,
1485 615 1640 683 ἐπεί
1673 640 1746 683 τε
1797 615 2128 701 συνέλαβε
2179 611 2307 703 τὴν
2349 610 2633 685 Ἑλλάδα

356 721 687 803 γλῶσσαν.
746 714 956 803 φάναι
989 720 1068 785 δέ
1101 721 1171 785 os
1192 714 1533 804 ἀδελφεὴν
1560 722 1637 786 ἐν
1661 716 1885 805 Λιβύῃ
1913 720 2299 805 πεπρῆσθαι
2328 713 2464 789 ὑπὸ
2492 724 2632 789 τῶν

356 816 585 889 αὐτῶν
615 826 994 906 Φοινίκων,
1038 814 1159 889 ὑπ’
1193 809 1292 889 ὧν
1317 821 1431 889 καὶ
1460 817 1633 911 αὐτὴ
1662 819 1950 910 ἐπρήθη.
2020 821 2389 902 Πελειάδες
2415 824 2496 891 δέ
2515 850 2627 911 μοι
2642 835 2722 894 57

357 926 668 992 δοκέουσι
709 928 1046 1011 κληθῆναι
1097 920 1262 1014 πρὸς
1302 928 1744 994 Δωδωναίων
1786 924 1898 992 ἐπὶ
1943 927 2146 992 τοῦδε
2183 929 2259 994 αί
2290 941 2629 1013 γυναῖκες,

356 1123 686 1188 incolebant,
722 1124 926 1174 victum
953 1122 1334 1188 suppeditasse
1365 1123 1442 1173 di-

356 1199 566 1244 cuntur.
659 1193 804 1243 Hinc
848 1208 1008 1242 sacra
1058 1194 1244 1256 arbor,
1306 1209 1444 1259 quae

355 1265 528 1328 prima
600 1262 729 1312 olim
804 1262 1065 1312 alimenta
1135 1262 1442 1313 hominibus

355 1333 693 1397 praebuerit,
760 1331 884 1382 hinc
947 1332 1124 1396 ipsum
1178 1333 1294 1383 eius
1347 1349 1442 1382 no-

356 1418 496 1465 men,
530 1402 675 1467 quod
706 1402 774 1451 ab
809 1401 1018 1451 edendo
1056 1401 1114 1464 (a
1141 1403 1306 1452 verbo
1333 1416 1441 1466 ‹pa-

355 1472 497 1537 γεῖν)
546 1471 767 1521 ductum
810 1472 905 1521 vix
942 1471 1192 1521 dubitare
1237 1471 1440 1534 licebit,

357 1541 482 1591 hinc
510 1556 576 1591 ex
613 1541 797 1592 sonitu
829 1540 1107 1603 foliorum,
1146 1557 1213 1591 ex
1246 1541 1443 1592 avibus

358 1609 891 1673 circumvolantibus,
930 1610 1051 1659 aliis
1077 1610 1342 1661 eiusmodi
1363 1627 1443 1661 re-

356 1681 458 1730 bus
494 1678 719 1730 oracula
750 1681 941 1744 petita,
980 1678 1162 1744 qualia
1184 1681 1272 1731 vel
1295 1681 1443 1745 apud

356 1753 573 1799 nostros
609 1749 844 1799 maiores
879 1749 937 1798 in
966 1749 1354 1800 Germanorum
1385 1755 1442 1800 et

358 1818 635 1869 Celtarum
658 1818 794 1868 lucis
820 1815 1128 1869 occurrunt.
1187 1819 1310 1870 Vid.
1335 1819 1441 1869 La-

356 1887 515 1938 saulx
548 1887 584 1938 l.
618 1886 653 1937 Ι.
690 1904 743 1953 p.
769 1889 803 1938 9
828 1902 945 1953 seq.
987 1884 1054 1950 (s.
1083 1904 1137 1953 p.
1158 1888 1261 1940 298
1298 1888 1436 1953 seq.)

356 1956 484 2010 coll.
523 1957 777 2008 Creuzer.
825 1956 1068 2022 Symbol.
1121 1958 1198 2009 11.
1245 1974 1297 2023 p.
1349 1959 1435 2008 84.

355 2028 575 2077 Wiener
621 2027 851 2077 Jahrbb.
914 2026 1064 2076 LXI.
1124 2043 1178 2091 p.
1229 2028 1330 2078 180
1384 2035 1440 2077 et
1465 2047 1486 2062 ³

355 2097 534 2146 Kruse
581 2091 770 2146 Hellas
821 2097 866 2146 I.
915 2111 967 2160 p.
1011 2096 1136 2148 443.
1218 2096 1287 2146 In
1321 2112 1441 2161 pro-

356 2166 602 2216 verbium
660 2166 797 2216 adeo
853 2165 1023 2215 cessit
1064 2166 1214 2216 Iovis
1258 2166 1441 2216 Dodo-

359 2235 485 2285 naei
522 2235 710 2296 arbon
760 2236 833 2285 cs.
861 2235 1004 2285 Plat.
1040 2234 1272 2285 Phaedr.
1309 2250 1437 2301 pag.

355 2306 458 2356 275
492 2306 550 2355 B.
576 2304 760 2371 ibique
793 2304 1081 2355 Heindorf.
1121 2320 1176 2371 p.
1216 2305 1340 2356 342.
1370 2332 1439 2341 ·-—

357 2375 422 2423 In
456 2389 607 2439 seqq.
634 2390 733 2440 pro
757 2365 1264 2439 ἀμφιπολεύουσαν
1298 2373 1444 2441 quod

358 2443 522 2493 scribi
557 2443 678 2493 vult
721 2436 1229 2509 ἀμφιπολεύσασαν
1265 2445 1442 2495 Cobet

357 2514 591 2580 itemque
633 2515 803 2565 Ebert
840 2513 1166 2565 Commentt.
1207 2514 1351 2566 Sicc.
1391 2516 1438 2565 I.

357 2599 412 2647 p.
463 2583 562 2634 118
609 2598 790 2649 seqq.,
845 2584 1013 2633 haud·
1044 2599 1268 2635 neeesse
1320 2600 1441 2635 esse

355 2653 557 2704 iudico.
617 2654 732 2705 Nec
764 2654 940 2718 magis
967 2655 1333 2705 necessarium
1363 2655 1442 2703 vi-

357 2722 650 2802 detur,'in
684 2723 868 2774 verbis
908 2739 1059 2789 seqq.
1094 2715 1439 2789 χρηστήριον

356 2807 497 2913 ’1:313
501 2792 943 2928 ⁷233&ss
941 2792 1443 2914 ἭᾝἭᾞῗ.

357 2931 434 2993 11,
472 2933 557 2982 49.
594 2932 701 2994 ΠΙ,
743 2933 862 2985 134.
901 2931 1029 2994 VII,
1065 2932 1117 2983 8.
1156 2936 1207 2997 §-
1249 2932 1298 2983 l.

423 2991 711 3066 ἀδελφεὴν
759 2992 821 3051 ἐν
856 3001 926 3050 Aa
965 2992 1039 3066 ύῃ
1075 2999 1438 3070 πεπρῆσθαι]

358 3069 486 3120 Noli
520 3071 758 3122 scribere
794 3060 860 3127 ἐς
946 3064 1134 3137 ιβύην.
1188 3072 1440 3124 Iudicate

358 3140 501 3189 enim
534 3139 710 3190 voluit
743 3139 966 3203 mulier,
1005 3156 1245 3192 sororem
1282 3158 1438 3194 suam

359 3209 415 3258 in
450 3209 657 3274 Libya,
707 3210 765 3259 in
801 3225 961 3276 quam
1008 3209 1153 3276 (scil.
1200 3226 1235 3262 a
1267 3213 1441 3263 Phoe-

357 3277 599 3345 nicibus)
663 3279 901 3330 abducta
959 3286 1103 3344 erat,
1162 3282 1441 3332 venditam

357 3348 526 3399 fuisse
552 3364 588 3399 a
619 3349 1010 3414 Phoenicibus,
1055 3366 1163 3415 qua
1204 3352 1261 3401 in
1295 3357 1443 3402 terra

358 3418 482 3468 dein
535 3423 975 3470 commoraretur.
1067 3420 1230 3471 Haud
1278 3422 1444 3472 infre-

357 3501 526 3552 quens
548 3490 773 3540 Graecis
794 3489 1150 3554 scriptoribus
1168 3490 1305 3541 haec
1324 3506 1442 3541 ora-

356 3559 524 3607 tionis
557 3557 1016 3623 breviloquentia,
1071 3573 1181 3623 qua
1226 3567 1443 3625 praeter

357 3633 533 3677 motus
577 3627 1034 3692 significationem
1081 3630 1245 3679 etiam
1303 3646 1443 3680 com·

358 3697 589 3748 motatio
641 3698 702 3747 in
756 3696 938 3763 aliquo
993 3696 1113 3747 loco
1170 3700 1443 3750 indicatur

357 3767 759 3832 praepositione
777 3758 855 3817 ἐν.
914 3767 1261 3818 consimilem
1285 3784 1442 3819 usum

355 3838 775 3961 P‘3⁰¹'x{'i{‘³33¹⁸
792 3827 926 3958 5²3¹
930 3841 1024 3958 ‘133¹
1023 3851 1200 3956 231,
1237 3837 1443 3974 ifyflfi‘

356 3918 418 3954 ro
459 3941 474 3956 .
616 3944 629 3970 ,
758 3923 788 3957 e
838 3922 872 3967 a
1008 3922 1043 3956 u
1136 3922 1166 3957 c
1208 3944 1222 3959 .
1330 3924 1384 3957 rr
1427 3946 1439 3958 .

727 4147 861 4199 Car.
898 4147 1072 4198 LVII.

430 4241 733 4307 Πελειάδες
777 4247 844 4300 δέ
878 4264 976 4314 μοι
1012 4278 1083 4288 —-
1132 4240 1224 4299 ἐπὶ
1273 4247 1444 4301 τοῦδε

356 4310 422 4366 αἰ
454 4316 739 4382 γυναῖκες]
779 4319 861 4368 De
889 4333 992 4370 usu
1027 4320 1447 4385 praepositionis

356 4376 450 4435 bul
497 4386 798 4440 monuimus
845 4388 914 4438 ad
961 4387 1018 4451 1,
1057 4389 1141 4439 14.
1213 4387 1300 4439 Ad
1336 4402 1447 4439 rem

1544 1124 1720 1189 ipsam
1752 1124 1894 1191 quod
1924 1126 2156 1189 attinet,
2188 1128 2316 1174 sunt
2351 1125 2441 1189 qui
2479 1124 2631 1174 fabu-

1545 1194 1632 1244 lae
1652 1195 1891 1259 origines
1908 1195 2036 1244 inde
2057 1195 2227 1259 repeti
2247 1193 2437 1258 velint,
2467 1193 2629 1259 quod,

1544 1278 1666 1313 cum
1704 1263 1848 1329 apud
1873 1264 2131 1328 Epirotas
2155 1262 2418 1320 πελείους
2453 1264 2628 1313 dictos

1542 1333 1714 1383 fuisse
1751 1348 1907 1383 senes
1937 1334 2248 1399 Hesychius
2280 1339 2483 1396 narret,
2520 1333 2630 1383 Do-

1542 1402 1871 1453 donaeorum
1913 1419 2125 1468 quoque
2168 1418 2443 1453 sacrorum
2490 1403 2631 1452 anti-

1545 1473 1706 1523 stites
1726 1472 1945 1522 vetulae
1971 1472 2078 1522 diei
2097 1473 2375 1539 potuerint
2394 1470 2629 1535 πέλειαι,

1548 1542 1692 1607 quod
1728 1558 2011 1592 commune
2041 1543 2179 1593 alias
2214 1543 2322 1593 fuit
2358 1541 2632 1593 columba-

1546 1627 1666 1661 rum
1703 1610 2044 1663 vocabulum.
2090 1614 2164 1663 Et
2188 1612 2381 1663 scribit
2408 1611 2631 1662 Servius

1545 1681 1617 1730 ad
1639 1680 1832 1746 Virgil.
1857 1681 2048 1747 Eclog.
2068 1682 2166 1744 lx,
2201 1681 2284 1743 13,
2311 1679 2632 1732 Thessalica

1541 1749 1732 1816 lingua
1781 1752 2014 1814 peliades
2075 1750 2183 1800 dici
2240 1756 2296 1801 et
2349 1749 2629 1801 columbas

1543 1825 1602 1870 et
1648 1819 1904 1869 fatidicas
1952 1819 2226 1870 mulieres.
2302 1818 2445 1871 Add.
2491 1821 2632 1869 Pau-

1542 1903 1664 1939 san.
1703 1889 1783 1951 X,
1828 1890 1912 1940 12.
1959 1893 2008 1953 s.
2056 1891 2090 1940 5
2137 1894 2193 1939 et
2243 1904 2385 1955 quae
2431 1888 2499 1939 de
2546 1889 2631 1938 his

1543 1957 1923 2009 sacerdotibus
1954 1959 2384 2010 vaticinantibus
2408 1960 2519 2010 iam
2544 1973 2633 2008 su-

1541 2043 1644 2093 pra
1677 2026 1747 2077 ad
1798 2028 1886 2091 11,
1935 2030 2005 2078 55
2045 2030 2351 2093 posuimus,
2403 2043 2632 2095 quarum

1544 2097 1614 2148 de
1649 2097 1881 2147 nomine-
1906 2098 2178 2163 quaesivit
2211 2113 2427 2164 quoque
2462 2099 2524 2149 C.
2562 2098 2628 2149 F.

1541 2167 1839 2217 Hermann.
1862 2167 2280 2219 Gottesdienstl.
2305 2167 2540 2220 AJterth.
2575 2166 2627 2227 ἓ.

1543 2237 1629 2288 39.
1668 2241 1782 2287 not.
1821 2239 1909 2289 23.
1991 2237 2072 2287 Ac
2119 2253 2253 2288 sane
2297 2236 2462 2288 altius
2501 2236 2630 2303 quid

1540 2306 1600 2354 in
1643 2305 1746 2355 hac
1788 2310 1909 2357 tota
1964 2306 2153 2357 fabula
2203 2309 2443 2373 spectari
2495 2305 2629 2357 nihil

1543 2371 1792 2426 dubium:
1851 2377 1993 2442 quod
2050 2378 2228 2441 ipsum
2272 2377 2399 2428 inde
2443 2390 2630 2427 eruere

1543 2446 1731 2495 conati
1752 2451 1879 2496 sunt
1901 2446 2005 2495 viri
2032 2446 2198 2497 docti.
2256 2448 2500 2512 Namque
2519 2446 2629 2496 Do-

1542 2514 1720 2566 donae
1768 2516 1826 2565 in
1871 2515 2225 2580 religionibus
2270 2518 2391 2567 Iovi
2439 2516 2630 2567 addita

1542 2590 1662 2634 erat
1690 2586 1851 2635 Dione
1882 2586 2070 2644 Venus,
2106 2587 2195 2634 cui
2229 2585 2480 2636 columba
2511 2589 2630 2635 erat

1542 2659 1891 2716 consecrata,
1952 2669 2090 2718 quae
2134 2655 2192 2704 in
2239 2655 2389 2705 Iovis
2436 2655 2630 2704 arbore

1542 2723 1737 2774 sedens
1785 2724 1969 2773 futura
2013 2727 2265 2788 caueret,
2312 2724 2526 2789 qualem
2571 2724 2628 2772 in

1542 2794 1721 2843 numis
1743 2793 2015 2857 hodieque
2035 2795 2266 2844 servatis
2289 2809 2481 2844 revera
2502 2809 2629 2844 con-

1542 2863 1819 2928 spicimus.
1890 2862 2213 2914 Habebatur
2246 2862 2344 2915 illa
2379 2864 2527 2915 vitae
2550 2864 2630 2913 vi-

1541 2932 1669 2983 talis
1710 2932 1869 2999 quasi
1920 2933 2221 2998 symbolum
2275 2938 2331 2985 et
2381 2933 2629 2985 alimenti

1540 3002 1698 3068 primi
1733 3001 2013 3053 indicium.
2089 3005 2269 3065 Quare
2304 3019 2426 3054 cum
2463 3005 2627 3069 Nym-

1539 3072 1662 3137 phis
1696 3071 2001 3123 nutricibus
2030 3073 2150 3124 sive
2176 3074 2463 3138 Hyadibus
2500 3090 2627 3125 con-

1538 3142 1727 3193 venire
1762 3140 1988 3199 πελείας
2031 3142 2150 3193 vult
2184 3144 2246 3195 C.
2273 3144 2339 3196 Ο.
2378 3144 2624 3195 Mueller.

1541 3211 1797 3278 Prolegg.
1836 3227 1884 3260 z.
1912 3212 2218 3279 Mytholog.
2255 3229 2310 3278 p.
2344 3214 2466 3266 320.
2523 3215 2629 3266 Ne-

1542 3296 1646 3346 que
1680 3282 1786 3331 huc
1820 3281 2009 3331 referri
2045 3298 2154 3332 non
2191 3284 2394 3347 poterit
2429 3283 2628 3335 colum-

1542 3350 1641 3413 ba,
1679 3366 1816 3416 quae
1840 3358 1965 3414 post
1997 3351 2260 3403 diluvium
2294 3367 2416 3402 cum
2452 3353 2629 3402 olivae

1542 3418 1677 3470 folio
1723 3421 2050 3484 comparuit,
2096 3422 2292 3472 Genes.
2332 3421 2495 3483 VIII,
2534 3423 2627 3471 il.

1542 3489 1757 3539 Dionae
1790 3489 1957 3553 igitur
2002 3504 2125 3540 cum
2160 3504 2318 3539 sacra
2358 3497 2504 3540 esset
2540 3506 2628 3539 co-

1543 3556 1759 3620 lumba,
1798 3556 1878 3606 nil
1910 3560 2104 3608 mirum
2143 3559 2278 3608 deae
2312 3559 2626 3609 sacerdotes

1544 3626 1732 3677 eodem
1769 3627 1987 3677 nomine
2012 3627 2380 3678 columbarum
2403 3629 2627 3693 insigni-

1545 3701 1632 3746 tas
1679 3697 1877 3759 fuisse,
1923 3695 2372 3761 quemadmodum
2416 3697 2626 3748 Cereris

1545 3781 1759 3831 quoque
1806 3765 2122 3817 sacerdotes
2167 3764 2431 3830 μελίσσας
2467 3781 2629 3818 voca·

1541 3841 1630 3887 tas
1669 3835 1837 3885 fuisse
1870 3839 2106 3886 constat.
2180 3836 2266 3885 Tu
2304 3835 2430 3886 vide
2463 3838 2630 3901 potis-

1544 3905 1740 3954 simum
1760 3905 2003 3955 Lasaulx
2023 3921 2075 3971 p.
2098 3906 2148 3955 7.
2173 3905 2255 3972 (p.
2277 3906 2430 3971 297),
2462 3906 2627 3957 Creu-

1544 3989 1656 4025 zer.
1694 3973 1936 4039 Symbol.
1974 3974 2072 4026 IV.
2129 3991 2184 4040 p.
2235 3976 2366 4039 284,
2421 3975 2628 4026 Ameth

1545 4059 1601 4108 p.
1645 4043 1708 4095 16
1738 4059 1854 4109 seq.
1891 4042 2017 4096 coll.
2042 4061 2096 4110 p.
2120 4043 2155 4094 8
2182 4058 2355 4110 seqq„
2395 4045 2488 4110 qui
2514 4046 2629 4110 ipse

1544 4128 1765 4163 numum
1812 4114 2157 4178 Epirotarum
2204 4112 2532 4178 publicavit,
2596 4128 2632 4163 a

1547 4182 1816 4233 Oreuzero
1851 4182 1887 4233 l.
1925 4182 1961 4233 1.
1986 4183 2093 4234 111.
2124 4198 2179 4249 p.
2209 4183 2332 4236 284.
2366 4184 2507 4234 Tab.
2532 4182 2630 4234 VI.

1546 4266 1630 4302 nr.
1669 4253 1738 4302 28
1772 4253 2085 4317 repetitum,
2125 4253 2279 4303 cuius
2304 4250 2482 4303 altera
2506 4266 2633 4317 pars

1549 4319 1769 4371 ethbet
1811 4321 2059 4373 arborem
2102 4321 2246 4372 foliis
2293 4328 2350 4371 et
2394 4320 2634 4372 brachiis

1549 4389 1887 4455 distinctam,
1899 4391 2097 4455 quibus
2112 4387 2419 4456 supersedit
2433 4386 2634 4440 colum·
