<?xml version="1.0" encoding="UTF-8"?>
<!DOCTYPE html PUBLIC "-//W3C//DTD XHTML 1.0 Transitional//EN"
    "http://www.w3.org/TR/xhtml1/DTD/xhtml1-transitional.dtd">
<html xmlns="http://www.w3.org/1999/xhtml" xml:lang="en" lang="en">
 <head>
  <title>
</title>
<meta http-equiv="Content-Type" content="text/html;charset=utf-8" />
  <meta name='ocr-system' content='tesseract 3.04.00' />
  <meta name='ocr-capabilities' content='ocr_page ocr_carea ocr_par ocr_line ocrx_word'/>
</head>
<body>
  <div class='ocr_page' id='page_1' title='image "./herodotihalicar02unkngoog_0651.png"; bbox 0 0 3109 5092; ppageno 0'>
   <div class='ocr_carea' id='block_1_1' title="bbox 1171 247 1937 312">
    <p class='ocr_par' dir='ltr' id='par_1_1' title="bbox 1171 247 1937 312">
     <span class='ocr_line' id='line_1_1' title="bbox 1171 247 1937 312; baseline -0.003 -3"><span class='ocrx_word' id='word_1_1' title='bbox 1171 247 1673 310; x_wconf 79' lang='lat' dir='ltr'><strong>EUTERPE.</strong></span> <span class='ocrx_word' id='word_1_2' title='bbox 1718 248 1803 309; x_wconf 92' lang='grc' dir='ltr'><strong>Π.</strong></span> <span class='ocrx_word' id='word_1_3' title='bbox 1848 256 1937 312; x_wconf 82' lang='grc'><strong>93.</strong></span> 
     </span>
    </p>
   </div>
   <div class='ocr_carea' id='block_1_2' title="bbox 2568 249 2685 311">
    <p class='ocr_par' dir='ltr' id='par_1_2' title="bbox 2568 249 2685 311">
     <span class='ocr_line' id='line_1_2' title="bbox 2568 249 2685 311; baseline -0.009 0"><span class='ocrx_word' id='word_1_4' title='bbox 2568 249 2685 311; x_wconf 85' lang='grc'><strong>631</strong></span> 
     </span>
    </p>
   </div>
   <div class='ocr_carea' id='block_1_3' title="bbox 409 415 2690 1230">
    <p class='ocr_par' dir='ltr' id='par_1_3' title="bbox 410 415 2690 1130">
     <span class='ocr_line' id='line_1_3' title="bbox 411 415 2690 512; baseline 0.001 -22"><span class='ocrx_word' id='word_1_5' title='bbox 411 440 623 510; x_wconf 84' lang='grc' dir='ltr'><em>σφεας</em></span> <span class='ocrx_word' id='word_1_6' title='bbox 658 420 806 508; x_wconf 76' lang='grc' dir='ltr'><em>ἐσίῃ</em></span> <span class='ocrx_word' id='word_1_7' title='bbox 841 415 1102 507; x_wconf 76' lang='grc' dir='ltr'><strong><em>οἶστρος</em></strong></span> <span class='ocrx_word' id='word_1_8' title='bbox 1138 425 1575 503; x_wconf 77' lang='grc' dir='ltr'><strong><em>κυΐσκεσθαι,</em></strong></span> <span class='ocrx_word' id='word_1_9' title='bbox 1630 417 1964 511; x_wconf 77' lang='grc' dir='ltr'><em>ἀγεληδὸν</em></span> <span class='ocrx_word' id='word_1_10' title='bbox 2013 419 2391 491; x_wconf 72' lang='grc' dir='ltr'><em>ἐκπλώουσι</em></span> <span class='ocrx_word' id='word_1_11' title='bbox 2444 424 2512 503; x_wconf 76' lang='grc' dir='ltr'><strong>ἐς</strong></span> <span class='ocrx_word' id='word_1_12' title='bbox 2564 421 2690 512; x_wconf 82' lang='grc' dir='ltr'><strong>τὴν</strong></span> 
     </span>
     <span class='ocr_line' id='line_1_4' title="bbox 410 516 2681 615; baseline 0.001 -22"><span class='ocrx_word' id='word_1_13' title='bbox 410 522 786 593; x_wconf 81' lang='grc' dir='ltr'><em>θάλασσαν.</em></span> <span class='ocrx_word' id='word_1_14' title='bbox 844 516 1156 611; x_wconf 77' lang='grc' dir='ltr'><em>ἡγέονται</em></span> <span class='ocrx_word' id='word_1_15' title='bbox 1187 523 1262 592; x_wconf 74' lang='grc' dir='ltr'><strong>δὲ</strong></span> <span class='ocrx_word' id='word_1_16' title='bbox 1291 529 1362 593; x_wconf 69' lang='lat' dir='ltr'><strong>oi</strong></span> <span class='ocrx_word' id='word_1_17' title='bbox 1382 529 1682 613; x_wconf 76' lang='grc' dir='ltr'><strong><em>ἔρσενες,</em></strong></span> <span class='ocrx_word' id='word_1_18' title='bbox 1720 520 2248 615; x_wconf 69' lang='grc' dir='ltr'><em>ἀπορραίνοντες</em></span> <span class='ocrx_word' id='word_1_19' title='bbox 2277 530 2400 595; x_wconf 82' lang='grc' dir='ltr'><em>τοῦ</em></span> <span class='ocrx_word' id='word_1_20' title='bbox 2430 531 2681 615; x_wconf 76' lang='grc' dir='ltr'><em>θοροῦ·</em></span> 
     </span>
     <span class='ocr_line' id='line_1_5' title="bbox 410 622 2687 714; baseline 0.002 -19"><span class='ocrx_word' id='word_1_21' title='bbox 410 632 488 695; x_wconf 73' lang='grc' dir='ltr'><strong>αἱ</strong></span> <span class='ocrx_word' id='word_1_22' title='bbox 507 627 582 695; x_wconf 72' lang='grc' dir='ltr'><strong>δὲ</strong></span> <span class='ocrx_word' id='word_1_23' title='bbox 611 625 933 714; x_wconf 77' lang='grc' dir='ltr'><em>ἑπόμεναι</em></span> <span class='ocrx_word' id='word_1_24' title='bbox 960 622 1456 711; x_wconf 75' lang='grc' dir='ltr'><em>ἀνακάπτουσι,</em></span> <span class='ocrx_word' id='word_1_25' title='bbox 1501 627 1615 694; x_wconf 85' lang='grc' dir='ltr'><strong>καὶ</strong></span> <span class='ocrx_word' id='word_1_26' title='bbox 1642 628 1708 708; x_wconf 77' lang='grc' dir='ltr'><strong>ἐξ</strong></span> <span class='ocrx_word' id='word_1_27' title='bbox 1736 624 1950 696; x_wconf 79' lang='grc' dir='ltr'><em>αὐτοῦ</em></span> <span class='ocrx_word' id='word_1_28' title='bbox 1983 633 2396 697; x_wconf 80' lang='grc' dir='ltr'><em>κυΐσκονται.</em></span> <span class='ocrx_word' id='word_1_29' title='bbox 2480 626 2687 699; x_wconf 75' lang='grc' dir='ltr'><em>ἐπεὰν</em></span> 
     </span>
     <span class='ocr_line' id='line_1_6' title="bbox 411 725 2685 821; baseline 0 -22"><span class='ocrx_word' id='word_1_30' title='bbox 411 730 487 799; x_wconf 73' lang='grc' dir='ltr'><strong>δὲ</strong></span> <span class='ocrx_word' id='word_1_31' title='bbox 526 727 810 818; x_wconf 80' lang='grc' dir='ltr'><strong><em>πλήρεες</em></strong></span> <span class='ocrx_word' id='word_1_32' title='bbox 860 729 1190 813; x_wconf 79' lang='grc' dir='ltr'><em>γένωνται</em></span> <span class='ocrx_word' id='word_1_33' title='bbox 1234 730 1311 797; x_wconf 76' lang='grc' dir='ltr'><strong>ἐν</strong></span> <span class='ocrx_word' id='word_1_34' title='bbox 1348 735 1428 821; x_wconf 81' lang='grc' dir='ltr'><em>τῇ</em></span> <span class='ocrx_word' id='word_1_35' title='bbox 1475 727 1822 819; x_wconf 75' lang='grc' dir='ltr'><strong>θαλάσσῃ,</strong></span> <span class='ocrx_word' id='word_1_36' title='bbox 1877 725 2312 800; x_wconf 73' lang='grc' dir='ltr'><em>ἀναπλώουσι</em></span> <span class='ocrx_word' id='word_1_37' title='bbox 2351 728 2564 801; x_wconf 80' lang='grc' dir='ltr'><strong><em>ὀπίσω</em></strong></span> <span class='ocrx_word' id='word_1_38' title='bbox 2618 733 2685 811; x_wconf 77' lang='grc' dir='ltr'><strong>ἐς</strong></span> 
     </span>
     <span class='ocr_line' id='line_1_7' title="bbox 410 827 2682 922; baseline 0.001 -23"><span class='ocrx_word' id='word_1_39' title='bbox 410 829 585 921; x_wconf 77' lang='grc' dir='ltr'><em>ἤθεα</em></span> <span class='ocrx_word' id='word_1_40' title='bbox 612 829 692 900; x_wconf 80' lang='grc' dir='ltr'><em>τὰ</em></span> <span class='ocrx_word' id='word_1_41' title='bbox 718 833 996 901; x_wconf 73' lang='grc' dir='ltr'><em>ἑωυτῶν</em></span> <span class='ocrx_word' id='word_1_42' title='bbox 1029 833 1316 900; x_wconf 80' lang='grc' dir='ltr'><em>ἕκαστοι.</em></span> <span class='ocrx_word' id='word_1_43' title='bbox 1398 827 1710 920; x_wconf 76' lang='grc' dir='ltr'><em>ἡγέονται</em></span> <span class='ocrx_word' id='word_1_44' title='bbox 1741 836 1971 922; x_wconf 77' lang='grc' dir='ltr'><em>μέντοι</em></span> <span class='ocrx_word' id='word_1_45' title='bbox 2004 860 2079 919; x_wconf 94' lang='grc' dir='ltr'><strong>γε</strong></span> <span class='ocrx_word' id='word_1_46' title='bbox 2108 830 2332 903; x_wconf 80' lang='grc' dir='ltr'><em>οὐκέτι</em></span> <span class='ocrx_word' id='word_1_47' title='bbox 2373 839 2445 903; x_wconf 79' lang='grc' dir='ltr'><strong>οῖ</strong></span> <span class='ocrx_word' id='word_1_48' title='bbox 2466 830 2682 919; x_wconf 79' lang='grc' dir='ltr'><em>αὐτοὶ,</em></span> 
     </span>
     <span class='ocr_line' id='line_1_8' title="bbox 410 930 2686 1026; baseline 0.001 -23"><span class='ocrx_word' id='word_1_49' title='bbox 410 931 582 1003; x_wconf 80' lang='grc' dir='ltr'><em>ἀλλὰ</em></span> <span class='ocrx_word' id='word_1_50' title='bbox 607 938 747 1003; x_wconf 73' lang='grc' dir='ltr'><strong>τῶν</strong></span> <span class='ocrx_word' id='word_1_51' title='bbox 776 935 1051 1021; x_wconf 77' lang='grc' dir='ltr'><em>θηλέων</em></span> <span class='ocrx_word' id='word_1_52' title='bbox 1078 942 1335 1020; x_wconf 87' lang='grc' dir='ltr'><em>γίνεται</em></span> <span class='ocrx_word' id='word_1_53' title='bbox 1363 930 1404 1023; x_wconf 84' lang='grc' dir='ltr'><strong><em>ἡ</em></strong></span> <span class='ocrx_word' id='word_1_54' title='bbox 1433 930 1777 1024; x_wconf 81' lang='grc' dir='ltr'><em>ἡγεμονίη.</em></span> <span class='ocrx_word' id='word_1_55' title='bbox 1829 931 2194 1025; x_wconf 82' lang='grc' dir='ltr'><em>ἡγεύμεναι</em></span> <span class='ocrx_word' id='word_1_56' title='bbox 2236 935 2313 1005; x_wconf 69' lang='grc' dir='ltr'><strong>δὲ</strong></span> <span class='ocrx_word' id='word_1_57' title='bbox 2350 933 2686 1026; x_wconf 79' lang='grc' dir='ltr'><em>ἀγεληδὸν</em></span> 
     </span>
     <span class='ocr_line' id='line_1_9' title="bbox 412 1031 2678 1135; baseline 0.001 -29"><span class='ocrx_word' id='word_1_58' title='bbox 412 1057 711 1121; x_wconf 87' lang='grc' dir='ltr'><em>ποιευσι,</em></span> <span class='ocrx_word' id='word_1_59' title='bbox 751 1031 899 1106; x_wconf 83' lang='grc' dir='ltr'><em>οἷόν</em></span> <span class='ocrx_word' id='word_1_60' title='bbox 925 1060 1054 1125; x_wconf 88' lang='grc' dir='ltr'><strong>περ</strong></span> <span class='ocrx_word' id='word_1_61' title='bbox 1080 1039 1357 1107; x_wconf 75' lang='grc' dir='ltr'><em>ἐποίευν</em></span> <span class='ocrx_word' id='word_1_62' title='bbox 1382 1042 1453 1107; x_wconf 74' lang='grc' dir='ltr'><strong>οἱ</strong></span> <span class='ocrx_word' id='word_1_63' title='bbox 1473 1043 1771 1126; x_wconf 80' lang='grc' dir='ltr'><strong>ἔρσενες·</strong></span> <span class='ocrx_word' id='word_1_64' title='bbox 1831 1043 1969 1107; x_wconf 73' lang='grc' dir='ltr'><strong>τῶν</strong></span> <span class='ocrx_word' id='word_1_65' title='bbox 1996 1066 2126 1128; x_wconf 91' lang='grc' dir='ltr'><strong>γαρ</strong></span> <span class='ocrx_word' id='word_1_66' title='bbox 2168 1034 2323 1131; x_wconf 68' lang='lat' dir='ltr'><strong>mdiv</strong></span> <span class='ocrx_word' id='word_1_67' title='bbox 2351 1036 2678 1135; x_wconf 69' lang='grc' dir='ltr'><em>ἀπορραί-</em></span> 
     </span>
    </p>

    <p class='ocr_par' dir='ltr' id='par_1_4' title="bbox 409 1134 2683 1230">
     <span class='ocr_line' id='line_1_10' title="bbox 409 1134 2683 1230; baseline 0 -21"><span class='ocrx_word' id='word_1_68' title='bbox 409 1160 607 1209; x_wconf 88' lang='grc' dir='ltr'><em>νουσι</em></span> <span class='ocrx_word' id='word_1_69' title='bbox 657 1136 804 1208; x_wconf 82' lang='grc' dir='ltr'><em>κατ’</em></span> <span class='ocrx_word' id='word_1_70' title='bbox 851 1134 1121 1224; x_wconf 78' lang='grc' dir='ltr'><em>ὀλίγους</em></span> <span class='ocrx_word' id='word_1_71' title='bbox 1159 1145 1297 1209; x_wconf 75' lang='grc' dir='ltr'><strong>τῶν</strong></span> <span class='ocrx_word' id='word_1_72' title='bbox 1333 1143 1668 1230; x_wconf 75' lang='grc' dir='ltr'><em>κέγχρων,</em></span> <span class='ocrx_word' id='word_1_73' title='bbox 1715 1146 1784 1210; x_wconf 75' lang='grc' dir='ltr'><strong>οἱ</strong></span> <span class='ocrx_word' id='word_1_74' title='bbox 1819 1140 1894 1210; x_wconf 77' lang='grc' dir='ltr'><strong>δὲ</strong></span> <span class='ocrx_word' id='word_1_75' title='bbox 1934 1147 2202 1228; x_wconf 80' lang='grc' dir='ltr'><em>ἔρσενες</em></span> <span class='ocrx_word' id='word_1_76' title='bbox 2238 1149 2683 1215; x_wconf 77' lang='grc' dir='ltr'><em>καταπίνουσι</em></span> 
     </span>
    </p>
   </div>
   <div class='ocr_carea' id='block_1_4' title="bbox 391 1304 1499 4337">
    <p class='ocr_par' dir='ltr' id='par_1_5' title="bbox 391 1304 1499 4337">
     <span class='ocr_line' id='line_1_11' title="bbox 412 1304 1499 1360; baseline -0.002 -2"><span class='ocrx_word' id='word_1_77' title='bbox 412 1306 666 1358; x_wconf 86' lang='lat' dir='ltr'><strong>Reiskius</strong></span> <span class='ocrx_word' id='word_1_78' title='bbox 718 1320 848 1360; x_wconf 85' lang='lat' dir='ltr'><strong>esse</strong></span> <span class='ocrx_word' id='word_1_79' title='bbox 893 1304 1110 1356; x_wconf 74' lang='lat' dir='ltr'><strong>canales</strong></span> <span class='ocrx_word' id='word_1_80' title='bbox 1158 1321 1187 1356; x_wconf 90' lang='lat' dir='ltr'><strong>e</strong></span> <span class='ocrx_word' id='word_1_81' title='bbox 1233 1304 1356 1357; x_wconf 83' lang='lat' dir='ltr'><strong>Nilo</strong></span> <span class='ocrx_word' id='word_1_82' title='bbox 1404 1305 1499 1356; x_wconf 89' lang='lat' dir='ltr'><strong>du-</strong></span> 
     </span>
     <span class='ocr_line' id='line_1_12' title="bbox 413 1367 1498 1440; baseline -0.003 -13"><span class='ocrx_word' id='word_1_83' title='bbox 413 1381 560 1438; x_wconf 89' lang='lat' dir='ltr'><strong>ctos,</strong></span> <span class='ocrx_word' id='word_1_84' title='bbox 611 1376 652 1428; x_wconf 91' lang='lat' dir='ltr'><strong>i.</strong></span> <span class='ocrx_word' id='word_1_85' title='bbox 703 1391 752 1427; x_wconf 89' lang='lat' dir='ltr'><strong>e.</strong></span> <span class='ocrx_word' id='word_1_86' title='bbox 803 1367 1095 1439; x_wconf 78' lang='grc' dir='ltr'><em>ποταμοὺς</em></span> <span class='ocrx_word' id='word_1_87' title='bbox 1142 1367 1498 1440; x_wconf 71' lang='grc' dir='ltr'><em>ὀρυχθέντας</em></span> 
     </span>
     <span class='ocr_line' id='line_1_13' title="bbox 413 1436 1496 1509; baseline 0 -14"><span class='ocrx_word' id='word_1_88' title='bbox 413 1446 532 1496; x_wconf 84' lang='lat' dir='ltr'><strong>sive</strong></span> <span class='ocrx_word' id='word_1_89' title='bbox 576 1436 884 1509; x_wconf 73' lang='grc' dir='ltr'><em>διώρυχαςε</em></span> <span class='ocrx_word' id='word_1_90' title='bbox 945 1459 1053 1509; x_wconf 89' lang='lat' dir='ltr'><strong>quo</strong></span> <span class='ocrx_word' id='word_1_91' title='bbox 1100 1444 1288 1495; x_wconf 87' lang='lat' dir='ltr'><strong>eodem</strong></span> <span class='ocrx_word' id='word_1_92' title='bbox 1334 1460 1496 1496; x_wconf 88' lang='lat' dir='ltr'><strong>sensu</strong></span> 
     </span>
     <span class='ocr_line' id='line_1_14' title="bbox 410 1511 1497 1577; baseline 0.001 -14"><span class='ocrx_word' id='word_1_93' title='bbox 410 1515 547 1564; x_wconf 80' lang='lat' dir='ltr'><strong>haec</strong></span> <span class='ocrx_word' id='word_1_94' title='bbox 581 1529 689 1564; x_wconf 80' lang='lat' dir='ltr'><strong>vox</strong></span> <span class='ocrx_word' id='word_1_95' title='bbox 722 1529 842 1577; x_wconf 77' lang='lat' dir='ltr'><strong>cap.</strong></span> <span class='ocrx_word' id='word_1_96' title='bbox 874 1511 943 1562; x_wconf 79' lang='lat'><strong>94</strong></span> <span class='ocrx_word' id='word_1_97' title='bbox 980 1514 1216 1563; x_wconf 87' lang='lat' dir='ltr'><strong>occurrit</strong></span> <span class='ocrx_word' id='word_1_98' title='bbox 1243 1518 1298 1564; x_wconf 88' lang='lat' dir='ltr'><strong>et</strong></span> <span class='ocrx_word' id='word_1_99' title='bbox 1326 1515 1383 1564; x_wconf 86' lang='lat' dir='ltr'><strong>in</strong></span> <span class='ocrx_word' id='word_1_100' title='bbox 1407 1515 1497 1564; x_wconf 87' lang='lat' dir='ltr'><strong>In·</strong></span> 
     </span>
     <span class='ocr_line' id='line_1_15' title="bbox 411 1574 1499 1665; baseline -0.003 -31"><span class='ocrx_word' id='word_1_101' title='bbox 411 1584 600 1665; x_wconf 89' lang='lat' dir='ltr'><strong>script.</strong></span> <span class='ocrx_word' id='word_1_102' title='bbox 649 1584 862 1632; x_wconf 87' lang='lat' dir='ltr'><strong>Rosett.</strong></span> <span class='ocrx_word' id='word_1_103' title='bbox 912 1581 1009 1632; x_wconf 85' lang='lat' dir='ltr'><strong>lin.</strong></span> <span class='ocrx_word' id='word_1_104' title='bbox 1051 1582 1119 1633; x_wconf 82' lang='lat'><strong>25</strong></span> <span class='ocrx_word' id='word_1_105' title='bbox 1182 1574 1499 1647; x_wconf 77' lang='grc' dir='ltr'><em>(ὀχυρωσας</em></span> 
     </span>
     <span class='ocr_line' id='line_1_16' title="bbox 410 1643 1496 1716; baseline -0.001 -14"><span class='ocrx_word' id='word_1_106' title='bbox 410 1647 478 1702; x_wconf 81' lang='grc' dir='ltr'><em>τὰ</em></span> <span class='ocrx_word' id='word_1_107' title='bbox 499 1643 746 1716; x_wconf 87' lang='grc' dir='ltr'><em>στόματα</em></span> <span class='ocrx_word' id='word_1_108' title='bbox 767 1664 881 1701; x_wconf 88' lang='grc' dir='ltr'><strong>των</strong></span> <span class='ocrx_word' id='word_1_109' title='bbox 899 1647 1214 1716; x_wconf 75' lang='grc' dir='ltr'><em>ποταμῶν),</em></span> <span class='ocrx_word' id='word_1_110' title='bbox 1230 1651 1324 1701; x_wconf 88' lang='lat' dir='ltr'><strong>ubi</strong></span> <span class='ocrx_word' id='word_1_111' title='bbox 1348 1651 1496 1703; x_wconf 88' lang='lat' dir='ltr'><strong>conf.</strong></span> 
     </span>
     <span class='ocr_line' id='line_1_17' title="bbox 409 1720 1494 1786; baseline -0.002 -14"><span class='ocrx_word' id='word_1_112' title='bbox 409 1723 673 1772; x_wconf 89' lang='lat' dir='ltr'><strong>Letronn.</strong></span> <span class='ocrx_word' id='word_1_113' title='bbox 711 1723 766 1770; x_wconf 88' lang='lat' dir='ltr'><strong>et</strong></span> <span class='ocrx_word' id='word_1_114' title='bbox 800 1721 1033 1783; x_wconf 77' lang='lat' dir='ltr'><strong>Peyron.</strong></span> <span class='ocrx_word' id='word_1_115' title='bbox 1070 1721 1208 1785; x_wconf 82' lang='lat' dir='ltr'><strong>Pap.</strong></span> <span class='ocrx_word' id='word_1_116' title='bbox 1235 1720 1326 1770; x_wconf 85' lang='lat' dir='ltr'><strong>Gr.</strong></span> <span class='ocrx_word' id='word_1_117' title='bbox 1358 1720 1404 1770; x_wconf 93' lang='grc' dir='ltr'><strong>Ι.</strong></span> <span class='ocrx_word' id='word_1_118' title='bbox 1439 1732 1494 1786; x_wconf 85' lang='lat' dir='ltr'><strong>p.</strong></span> 
     </span>
     <span class='ocr_line' id='line_1_18' title="bbox 409 1782 1498 1853; baseline -0.001 -14"><span class='ocrx_word' id='word_1_119' title='bbox 409 1790 497 1840; x_wconf 86' lang='lat'><strong>90.</strong></span> <span class='ocrx_word' id='word_1_120' title='bbox 557 1790 771 1851; x_wconf 84' lang='lat' dir='ltr'><strong>Pisces,</strong></span> <span class='ocrx_word' id='word_1_121' title='bbox 813 1788 907 1853; x_wconf 87' lang='lat' dir='ltr'><strong>qui</strong></span> <span class='ocrx_word' id='word_1_122' title='bbox 930 1782 992 1837; x_wconf 74' lang='grc' dir='ltr'><strong>οἱ</strong></span> <span class='ocrx_word' id='word_1_123' title='bbox 1020 1782 1264 1853; x_wconf 79' lang='grc' dir='ltr'><em>ἀγελαῖοι</em></span> <span class='ocrx_word' id='word_1_124' title='bbox 1297 1804 1498 1839; x_wconf 79' lang='lat' dir='ltr'><strong>vocan-</strong></span> 
     </span>
     <span class='ocr_line' id='line_1_19' title="bbox 410 1858 1495 1923; baseline -0.001 -14"><span class='ocrx_word' id='word_1_125' title='bbox 410 1863 528 1922; x_wconf 89' lang='lat' dir='ltr'><strong>tur,</strong></span> <span class='ocrx_word' id='word_1_126' title='bbox 578 1861 706 1908; x_wconf 86' lang='lat' dir='ltr'><strong>sunt</strong></span> <span class='ocrx_word' id='word_1_127' title='bbox 743 1859 999 1923; x_wconf 65' lang='lat' dir='ltr'><strong>arcuarii,</strong></span> <span class='ocrx_word' id='word_1_128' title='bbox 1058 1859 1152 1922; x_wconf 90' lang='lat' dir='ltr'><strong>qui</strong></span> <span class='ocrx_word' id='word_1_129' title='bbox 1203 1858 1495 1908; x_wconf 86' lang='lat' dir='ltr'><strong>coniuncto</strong></span> 
     </span>
     <span class='ocr_line' id='line_1_20' title="bbox 409 1924 1499 1992; baseline -0.002 -14"><span class='ocrx_word' id='word_1_130' title='bbox 409 1928 568 1992; x_wconf 73' lang='lat' dir='ltr'><strong>quasi</strong></span> <span class='ocrx_word' id='word_1_131' title='bbox 617 1942 782 1992; x_wconf 87' lang='lat' dir='ltr'><strong>grege</strong></span> <span class='ocrx_word' id='word_1_132' title='bbox 822 1924 977 1976; x_wconf 86' lang='lat' dir='ltr'><strong>multi</strong></span> <span class='ocrx_word' id='word_1_133' title='bbox 1022 1941 1132 1976; x_wconf 82' lang='lat' dir='ltr'><strong>una</strong></span> <span class='ocrx_word' id='word_1_134' title='bbox 1183 1931 1499 1991; x_wconf 80' lang='lat' dir='ltr'><strong>comparent</strong></span> 
     </span>
     <span class='ocr_line' id='line_1_21' title="bbox 409 1996 1498 2061; baseline -0.001 -15"><span class='ocrx_word' id='word_1_135' title='bbox 409 1997 467 2046; x_wconf 87' lang='lat' dir='ltr'><strong>iu</strong></span> <span class='ocrx_word' id='word_1_136' title='bbox 491 1996 648 2061; x_wconf 79' lang='lat' dir='ltr'><strong>aquis</strong></span> <span class='ocrx_word' id='word_1_137' title='bbox 674 2001 955 2057; x_wconf 77' lang='lat' dir='ltr'><strong>natantes,</strong></span> <span class='ocrx_word' id='word_1_138' title='bbox 992 2011 1098 2060; x_wconf 91' lang='lat' dir='ltr'><strong>quo</strong></span> <span class='ocrx_word' id='word_1_139' title='bbox 1124 2000 1364 2060; x_wconf 87' lang='lat' dir='ltr'><strong>tempore</strong></span> <span class='ocrx_word' id='word_1_140' title='bbox 1392 2011 1498 2046; x_wconf 77' lang='lat' dir='ltr'><strong>ova</strong></span> 
     </span>
     <span class='ocr_line' id='line_1_22' title="bbox 408 2063 1499 2131; baseline -0.001 -16"><span class='ocrx_word' id='word_1_141' title='bbox 408 2066 726 2131; x_wconf 85' lang='lat' dir='ltr'><strong>gignuntur.</strong></span> <span class='ocrx_word' id='word_1_142' title='bbox 818 2065 910 2114; x_wconf 84' lang='lat' dir='ltr'><strong>Sic</strong></span> <span class='ocrx_word' id='word_1_143' title='bbox 970 2064 1187 2114; x_wconf 90' lang='lat' dir='ltr'><strong>omnino</strong></span> <span class='ocrx_word' id='word_1_144' title='bbox 1240 2063 1499 2114; x_wconf 71' lang='lat' dir='ltr'><strong>animalia</strong></span> 
     </span>
     <span class='ocr_line' id='line_1_23' title="bbox 407 2133 1492 2200; baseline -0.002 -16"><span class='ocrx_word' id='word_1_145' title='bbox 407 2135 555 2200; x_wconf 76' lang='lat' dir='ltr'><strong>apud</strong></span> <span class='ocrx_word' id='word_1_146' title='bbox 612 2133 963 2184; x_wconf 79' lang='lat' dir='ltr'><strong>Aristotelem</strong></span> <span class='ocrx_word' id='word_1_147' title='bbox 1020 2134 1169 2185; x_wconf 89' lang='lat' dir='ltr'><strong>Hist.</strong></span> <span class='ocrx_word' id='word_1_148' title='bbox 1237 2133 1492 2185; x_wconf 78' lang='lat' dir='ltr'><strong>Animall.</strong></span> 
     </span>
     <span class='ocr_line' id='line_1_24' title="bbox 406 2193 1494 2266; baseline 0 -14"><span class='ocrx_word' id='word_1_149' title='bbox 406 2204 531 2256; x_wconf 86' lang='lat' dir='ltr'><strong>init.</strong></span> <span class='ocrx_word' id='word_1_150' title='bbox 550 2202 637 2253; x_wconf 80' lang='lat' dir='ltr'><strong>vel</strong></span> <span class='ocrx_word' id='word_1_151' title='bbox 656 2194 942 2263; x_wconf 81' lang='grc' dir='ltr'><em>μοναδικά</em></span> <span class='ocrx_word' id='word_1_152' title='bbox 958 2200 1046 2251; x_wconf 81' lang='lat' dir='ltr'><strong>vel</strong></span> <span class='ocrx_word' id='word_1_153' title='bbox 1068 2193 1319 2266; x_wconf 81' lang='grc' dir='ltr'><em>ἀγελαῖα,</em></span> <span class='ocrx_word' id='word_1_154' title='bbox 1343 2203 1494 2252; x_wconf 89' lang='lat' dir='ltr'><strong>item-</strong></span> 
     </span>
     <span class='ocr_line' id='line_1_25' title="bbox 407 2263 1492 2338; baseline -0.003 -15"><span class='ocrx_word' id='word_1_155' title='bbox 407 2288 512 2338; x_wconf 88' lang='lat' dir='ltr'><strong>que</strong></span> <span class='ocrx_word' id='word_1_156' title='bbox 547 2271 712 2323; x_wconf 85' lang='lat' dir='ltr'><strong>Polit.</strong></span> <span class='ocrx_word' id='word_1_157' title='bbox 762 2272 818 2333; x_wconf 97' lang='grc' dir='ltr'><strong>Ι,</strong></span> <span class='ocrx_word' id='word_1_158' title='bbox 864 2272 924 2334; x_wconf 83' lang='grc'><strong>3,</strong></span> <span class='ocrx_word' id='word_1_159' title='bbox 962 2268 996 2321; x_wconf 86' lang='grc'><strong>3</strong></span> <span class='ocrx_word' id='word_1_160' title='bbox 1043 2263 1364 2334; x_wconf 77' lang='grc' dir='ltr'><em>σποραδικά</em></span> <span class='ocrx_word' id='word_1_161' title='bbox 1404 2271 1492 2322; x_wconf 81' lang='lat' dir='ltr'><strong>vel</strong></span> 
     </span>
     <span class='ocr_line' id='line_1_26' title="bbox 402 2308 1489 2407; baseline -0.003 -14"><span class='ocrx_word' id='word_1_162' title='bbox 402 2340 637 2407; x_wconf 81' lang='grc' dir='ltr'><em>αγελαῑα</em></span> <span class='ocrx_word' id='word_1_163' title='bbox 682 2344 738 2391; x_wconf 82' lang='grc' dir='ltr'><strong>οι</strong></span> <span class='ocrx_word' id='word_1_164' title='bbox 773 2308 924 2404; x_wconf 61' lang='lat' dir='ltr'><strong>apud,</strong></span> <span class='ocrx_word' id='word_1_165' title='bbox 949 2338 1232 2390; x_wconf 78' lang='lat' dir='ltr'><strong>Platonem</strong></span> <span class='ocrx_word' id='word_1_166' title='bbox 1270 2341 1489 2391; x_wconf 89' lang='lat' dir='ltr'><strong>Politic.</strong></span> 
     </span>
     <span class='ocr_line' id='line_1_27' title="bbox 447 2408 1492 2474; baseline -0.003 -11.849"><span class='ocrx_word' id='word_1_167' title='bbox 447 2410 603 2462; x_wconf 80' lang='grc'><strong>,266</strong></span> <span class='ocrx_word' id='word_1_168' title='bbox 636 2410 705 2460; x_wconf 87' lang='lat' dir='ltr'><strong>A.</strong></span> <span class='ocrx_word' id='word_1_169' title='bbox 787 2408 946 2459; x_wconf 80' lang='lat' dir='ltr'><strong>Conf.</strong></span> <span class='ocrx_word' id='word_1_170' title='bbox 987 2408 1372 2474; x_wconf 78' lang='lat' dir='ltr'><strong>wyttenbach.</strong></span> <span class='ocrx_word' id='word_1_171' title='bbox 1422 2409 1492 2459; x_wconf 77' lang='lat' dir='ltr'><strong>ad</strong></span> 
     </span>
     <span class='ocr_line' id='line_1_28' title="bbox 402 2477 1488 2544; baseline -0.003 -13"><span class='ocrx_word' id='word_1_172' title='bbox 402 2429 1052 2532; x_wconf 73' lang='lat' dir='ltr'><strong>Plutaroh.Morall.1.</strong></span> <span class='ocrx_word' id='word_1_173' title='bbox 1110 2495 1164 2544; x_wconf 92' lang='lat' dir='ltr'><strong>p.</strong></span> <span class='ocrx_word' id='word_1_174' title='bbox 1224 2478 1326 2530; x_wconf 83' lang='grc'><strong>643</strong></span> <span class='ocrx_word' id='word_1_175' title='bbox 1374 2494 1488 2543; x_wconf 83' lang='lat' dir='ltr'><strong>seq.</strong></span> 
     </span>
     <span class='ocr_line' id='line_1_29' title="bbox 403 2547 1489 2613; baseline -0.003 -13"><span class='ocrx_word' id='word_1_176' title='bbox 403 2552 525 2601; x_wconf 86' lang='lat' dir='ltr'><strong>Hoc</strong></span> <span class='ocrx_word' id='word_1_177' title='bbox 558 2564 688 2599; x_wconf 84' lang='lat' dir='ltr'><strong>vero</strong></span> <span class='ocrx_word' id='word_1_178' title='bbox 734 2547 854 2599; x_wconf 87' lang='lat' dir='ltr'><strong>loeo</strong></span> <span class='ocrx_word' id='word_1_179' title='bbox 889 2547 1202 2598; x_wconf 86' lang='lat' dir='ltr'><strong>Herodoteo</strong></span> <span class='ocrx_word' id='word_1_180' title='bbox 1248 2548 1292 2597; x_wconf 82' lang='lat' dir='ltr'><strong>si</strong></span> <span class='ocrx_word' id='word_1_181' title='bbox 1327 2563 1489 2613; x_wconf 77' lang='lat' dir='ltr'><strong>quae-</strong></span> 
     </span>
     <span class='ocr_line' id='line_1_30' title="bbox 403 2616 1489 2768; baseline -0.004 -29"><span class='ocrx_word' id='word_1_182' title='bbox 403 2634 519 2739; x_wconf 66' lang='lat'><strong>§.22</strong></span> <span class='ocrx_word' id='word_1_183' title='bbox 529 2616 1073 2768; x_wconf 57' lang='grc' dir='ltr'><strong>Νἶῖῗέἒίἓῑςῗζῗέ</strong></span> <span class='ocrx_word' id='word_1_184' title='bbox 1086 2616 1351 2747; x_wconf 51' lang='grc' dir='ltr'><strong>νὲῗὲἓἏ-’ἲῗ</strong></span> <span class='ocrx_word' id='word_1_185' title='bbox 1379 2631 1489 2735; x_wconf 54' lang='lat'><strong>{31</strong></span> 
     </span>
     <span class='ocr_line' id='line_1_31' title="bbox 402 2752 1488 2836; baseline -0.005 -28"><span class='ocrx_word' id='word_1_186' title='bbox 402 2756 582 2809; x_wconf 83' lang='lat' dir='ltr'><strong>sellini</strong></span> <span class='ocrx_word' id='word_1_187' title='bbox 617 2757 885 2819; x_wconf 79' lang='lat' dir='ltr'><strong>(Monuni.</strong></span> <span class='ocrx_word' id='word_1_188' title='bbox 926 2755 1108 2805; x_wconf 78' lang='lat' dir='ltr'><strong>civ.1.</strong></span> <span class='ocrx_word' id='word_1_189' title='bbox 1135 2769 1187 2818; x_wconf 90' lang='lat' dir='ltr'><strong>p.</strong></span> <span class='ocrx_word' id='word_1_190' title='bbox 1216 2752 1488 2836; x_wconf 62' lang='lat' dir='ltr'><strong>22120q3)</strong></span> 
     </span>
     <span class='ocr_line' id='line_1_32' title="bbox 403 2823 1488 2890; baseline -0.004 -14"><span class='ocrx_word' id='word_1_191' title='bbox 403 2827 471 2877; x_wconf 88' lang='lat' dir='ltr'><strong>de</strong></span> <span class='ocrx_word' id='word_1_192' title='bbox 507 2840 572 2876; x_wconf 92' lang='lat' dir='ltr'><strong>eo</strong></span> <span class='ocrx_word' id='word_1_193' title='bbox 609 2825 839 2890; x_wconf 80' lang='lat' dir='ltr'><strong>piscium</strong></span> <span class='ocrx_word' id='word_1_194' title='bbox 873 2839 1071 2889; x_wconf 83' lang='lat' dir='ltr'><strong>genere</strong></span> <span class='ocrx_word' id='word_1_195' title='bbox 1106 2823 1342 2887; x_wconf 76' lang='lat' dir='ltr'><strong>cogitat,</strong></span> <span class='ocrx_word' id='word_1_196' title='bbox 1373 2824 1488 2887; x_wconf 90' lang='lat' dir='ltr'><strong>qui-</strong></span> 
     </span>
     <span class='ocr_line' id='line_1_33' title="bbox 401 2891 1486 2957; baseline -0.004 -11"><span class='ocrx_word' id='word_1_197' title='bbox 401 2897 505 2946; x_wconf 85' lang='lat' dir='ltr'><strong>bus</strong></span> <span class='ocrx_word' id='word_1_198' title='bbox 540 2893 718 2944; x_wconf 71' lang='lat' dir='ltr'><strong>adhuc</strong></span> <span class='ocrx_word' id='word_1_199' title='bbox 742 2908 939 2943; x_wconf 89' lang='lat' dir='ltr'><strong>nomen</strong></span> <span class='ocrx_word' id='word_1_200' title='bbox 960 2891 1051 2943; x_wconf 78' lang='lat' dir='ltr'><strong>Sir</strong></span> <span class='ocrx_word' id='word_1_201' title='bbox 1077 2893 1220 2957; x_wconf 78' lang='lat' dir='ltr'><strong>apud</strong></span> <span class='ocrx_word' id='word_1_202' title='bbox 1249 2891 1486 2942; x_wconf 75' lang='lat' dir='ltr'><strong>Arabes.</strong></span> 
     </span>
     <span class='ocr_line' id='line_1_34' title="bbox 402 2960 1487 3028; baseline -0.005 -13"><span class='ocrx_word' id='word_1_203' title='bbox 402 2966 470 3015; x_wconf 92' lang='lat' dir='ltr'><strong>de</strong></span> <span class='ocrx_word' id='word_1_204' title='bbox 515 2978 623 3028; x_wconf 87' lang='lat' dir='ltr'><strong>quo</strong></span> <span class='ocrx_word' id='word_1_205' title='bbox 686 2963 896 3014; x_wconf 83' lang='lat' dir='ltr'><strong>consuli</strong></span> <span class='ocrx_word' id='word_1_206' title='bbox 942 2960 1061 3011; x_wconf 81' lang='lat' dir='ltr'><strong>vult</strong></span> <span class='ocrx_word' id='word_1_207' title='bbox 1103 2960 1367 3027; x_wconf 80' lang='lat' dir='ltr'><strong>Sylvestr.</strong></span> <span class='ocrx_word' id='word_1_208' title='bbox 1420 2960 1487 3010; x_wconf 92' lang='lat' dir='ltr'><strong>de</strong></span> 
     </span>
     <span class='ocr_line' id='line_1_35' title="bbox 399 3029 1489 3097; baseline -0.005 -13"><span class='ocrx_word' id='word_1_209' title='bbox 399 3034 546 3097; x_wconf 78' lang='lat' dir='ltr'><strong>Sacy</strong></span> <span class='ocrx_word' id='word_1_210' title='bbox 592 3032 664 3082; x_wconf 75' lang='lat' dir='ltr'><strong>sd</strong></span> <span class='ocrx_word' id='word_1_211' title='bbox 698 3030 1007 3082; x_wconf 71' lang='lat' dir='ltr'><strong>Abdallatif</strong></span> <span class='ocrx_word' id='word_1_212' title='bbox 1035 3029 1214 3081; x_wconf 77' lang='lat' dir='ltr'><strong>Relat.</strong></span> <span class='ocrx_word' id='word_1_213' title='bbox 1269 3030 1337 3080; x_wconf 88' lang='lat' dir='ltr'><strong>de</strong></span> <span class='ocrx_word' id='word_1_214' title='bbox 1375 3029 1489 3080; x_wconf 71' lang='lat' dir='ltr'><strong>1¹-ss</strong></span> 
     </span>
     <span class='ocr_line' id='line_1_36' title="bbox 401 3099 1486 3168; baseline -0.003 -17"><span class='ocrx_word' id='word_1_215' title='bbox 401 3106 554 3168; x_wconf 79' lang='lat' dir='ltr'><strong>gypt.</strong></span> <span class='ocrx_word' id='word_1_216' title='bbox 600 3101 653 3163; x_wconf 85' lang='lat'><strong>1,</strong></span> <span class='ocrx_word' id='word_1_217' title='bbox 712 3102 764 3150; x_wconf 93' lang='grc'><strong>4.</strong></span> <span class='ocrx_word' id='word_1_218' title='bbox 809 3105 926 3151; x_wconf 89' lang='grc' dir='ltr'><em>ιιοι.</em></span> <span class='ocrx_word' id='word_1_219' title='bbox 975 3100 1094 3150; x_wconf 91' lang='grc'><strong>141.</strong></span> <span class='ocrx_word' id='word_1_220' title='bbox 1155 3099 1486 3150; x_wconf 84' lang='lat' dir='ltr'><strong>Wilkinsou.</strong></span> 
     </span>
     <span class='ocr_line' id='line_1_37' title="bbox 400 3167 1485 3237; baseline -0.002 -17"><span class='ocrx_word' id='word_1_221' title='bbox 400 3172 690 3237; x_wconf 71' lang='lat' dir='ltr'><strong>(Manners</strong></span> <span class='ocrx_word' id='word_1_222' title='bbox 731 3173 835 3220; x_wconf 87' lang='lat' dir='ltr'><strong>etc.</strong></span> <span class='ocrx_word' id='word_1_223' title='bbox 879 3169 986 3220; x_wconf 92' lang='lat'><strong>111.</strong></span> <span class='ocrx_word' id='word_1_224' title='bbox 1039 3184 1094 3232; x_wconf 89' lang='lat' dir='ltr'><strong>p.</strong></span> <span class='ocrx_word' id='word_1_225' title='bbox 1152 3167 1242 3232; x_wconf 93' lang='grc'><strong>63)</strong></span> <span class='ocrx_word' id='word_1_226' title='bbox 1300 3169 1367 3218; x_wconf 85' lang='lat' dir='ltr'><strong>de</strong></span> <span class='ocrx_word' id='word_1_227' title='bbox 1422 3183 1485 3218; x_wconf 91' lang='lat' dir='ltr'><strong>eo</strong></span> 
     </span>
     <span class='ocr_line' id='line_1_38' title="bbox 399 3237 1488 3371; baseline -0.006 -11"><span class='ocrx_word' id='word_1_228' title='bbox 399 3254 598 3360; x_wconf 56' lang='lat'><strong>{3353</strong></span> <span class='ocrx_word' id='word_1_229' title='bbox 642 3237 1363 3371; x_wconf 44' lang='grc' dir='ltr'><strong>’ἓῇῗῖἓῖἵὲιῖὼὲςέῗὲῗω</strong></span> <span class='ocrx_word' id='word_1_230' title='bbox 1397 3237 1488 3355; x_wconf 70' lang='grc' dir='ltr'><strong>ῖῖἒῗ</strong></span> 
     </span>
     <span class='ocr_line' id='line_1_39' title="bbox 401 3375 1486 3440; baseline -0.004 -12"><span class='ocrx_word' id='word_1_231' title='bbox 401 3378 724 3429; x_wconf 74' lang='lat' dir='ltr'><strong>discernam.</strong></span> <span class='ocrx_word' id='word_1_232' title='bbox 806 3375 1002 3426; x_wconf 75' lang='lat' dir='ltr'><strong>Varios</strong></span> <span class='ocrx_word' id='word_1_233' title='bbox 1047 3390 1144 3439; x_wconf 88' lang='lat' dir='ltr'><strong>per</strong></span> <span class='ocrx_word' id='word_1_234' title='bbox 1176 3375 1486 3440; x_wconf 81' lang='lat' dir='ltr'><strong>Aegyptum</strong></span> 
     </span>
     <span class='ocr_line' id='line_1_40' title="bbox 401 3444 1482 3510; baseline -0.005 -13"><span class='ocrx_word' id='word_1_235' title='bbox 401 3446 594 3498; x_wconf 82' lang='lat' dir='ltr'><strong>obvios</strong></span> <span class='ocrx_word' id='word_1_236' title='bbox 639 3444 818 3510; x_wconf 89' lang='lat' dir='ltr'><strong>pisces</strong></span> <span class='ocrx_word' id='word_1_237' title='bbox 865 3449 1113 3494; x_wconf 73' lang='lat' dir='ltr'><strong>recenset</strong></span> <span class='ocrx_word' id='word_1_238' title='bbox 1152 3444 1482 3494; x_wconf 85' lang='lat' dir='ltr'><strong>Wilkinson.</strong></span> 
     </span>
     <span class='ocr_line' id='line_1_41' title="bbox 399 3512 1481 3577; baseline -0.004 -12"><span class='ocrx_word' id='word_1_239' title='bbox 399 3516 658 3565; x_wconf 70' lang='lat' dir='ltr'><strong>Msnners</strong></span> <span class='ocrx_word' id='word_1_240' title='bbox 695 3517 801 3566; x_wconf 87' lang='lat' dir='ltr'><strong>etc.</strong></span> <span class='ocrx_word' id='word_1_241' title='bbox 849 3513 958 3563; x_wconf 92' lang='lat'><strong>111.</strong></span> <span class='ocrx_word' id='word_1_242' title='bbox 1001 3529 1054 3577; x_wconf 91' lang='lat' dir='ltr'><strong>p.</strong></span> <span class='ocrx_word' id='word_1_243' title='bbox 1095 3512 1180 3563; x_wconf 85' lang='lat'><strong>58.</strong></span> <span class='ocrx_word' id='word_1_244' title='bbox 1228 3527 1337 3562; x_wconf 84' lang='lat' dir='ltr'><strong>sec.</strong></span> <span class='ocrx_word' id='word_1_245' title='bbox 1378 3528 1481 3563; x_wconf 87' lang='lat' dir='ltr'><strong>ser.</strong></span> 
     </span>
     <span class='ocr_line' id='line_1_42' title="bbox 400 3581 1486 3647; baseline -0.004 -14"><span class='ocrx_word' id='word_1_246' title='bbox 400 3584 478 3633; x_wconf 93' lang='grc' dir='ltr'><strong><em>ΙΙ.</em></strong></span> <span class='ocrx_word' id='word_1_247' title='bbox 519 3598 573 3647; x_wconf 92' lang='lat' dir='ltr'><strong>p.</strong></span> <span class='ocrx_word' id='word_1_248' title='bbox 621 3584 738 3635; x_wconf 79' lang='lat'><strong>125.</strong></span> <span class='ocrx_word' id='word_1_249' title='bbox 824 3583 908 3632; x_wconf 89' lang='lat' dir='ltr'><strong>De</strong></span> <span class='ocrx_word' id='word_1_250' title='bbox 945 3581 1067 3631; x_wconf 68' lang='lat' dir='ltr'><strong>aliis</strong></span> <span class='ocrx_word' id='word_1_251' title='bbox 1115 3582 1354 3646; x_wconf 85' lang='lat' dir='ltr'><strong>piscibus</strong></span> <span class='ocrx_word' id='word_1_252' title='bbox 1400 3596 1486 3630; x_wconf 81' lang='lat' dir='ltr'><strong>ae-</strong></span> 
     </span>
     <span class='ocr_line' id='line_1_43' title="bbox 400 3650 1486 3719; baseline -0.005 -16"><span class='ocrx_word' id='word_1_253' title='bbox 400 3668 504 3719; x_wconf 87' lang='lat' dir='ltr'><strong>que</strong></span> <span class='ocrx_word' id='word_1_254' title='bbox 540 3653 598 3701; x_wconf 89' lang='lat' dir='ltr'><strong>in</strong></span> <span class='ocrx_word' id='word_1_255' title='bbox 639 3666 786 3701; x_wconf 70' lang='lat' dir='ltr'><strong>mare</strong></span> <span class='ocrx_word' id='word_1_256' title='bbox 822 3651 1078 3701; x_wconf 75' lang='lat' dir='ltr'><strong>nantibus</strong></span> <span class='ocrx_word' id='word_1_257' title='bbox 1126 3655 1182 3701; x_wconf 91' lang='lat' dir='ltr'><strong>et</strong></span> <span class='ocrx_word' id='word_1_258' title='bbox 1216 3650 1486 3700; x_wconf 83' lang='lat' dir='ltr'><strong>redeunti</strong></span> 
     </span>
     <span class='ocr_line' id='line_1_44' title="bbox 400 3719 1484 3785; baseline -0.003 -13"><span class='ocrx_word' id='word_1_259' title='bbox 400 3723 500 3772; x_wconf 84' lang='lat' dir='ltr'><strong>bus</strong></span> <span class='ocrx_word' id='word_1_260' title='bbox 512 3719 843 3785; x_wconf 84' lang='lat' dir='ltr'><strong>Wesseling.</strong></span> <span class='ocrx_word' id='word_1_261' title='bbox 865 3720 1127 3771; x_wconf 80' lang='lat' dir='ltr'><strong>excitavit</strong></span> <span class='ocrx_word' id='word_1_262' title='bbox 1144 3720 1340 3770; x_wconf 85' lang='lat' dir='ltr'><strong>Athen.</strong></span> <span class='ocrx_word' id='word_1_263' title='bbox 1354 3720 1484 3770; x_wconf 86' lang='lat' dir='ltr'><strong>VII.</strong></span> 
     </span>
     <span class='ocr_line' id='line_1_45' title="bbox 443 3788 1482 3841; baseline -0.004 -0.785"><span class='ocrx_word' id='word_1_264' title='bbox 443 3788 592 3841; x_wconf 86' lang='grc'><strong>,301</strong></span> <span class='ocrx_word' id='word_1_265' title='bbox 622 3790 669 3839; x_wconf 82' lang='lat' dir='ltr'><strong>F</strong></span> <span class='ocrx_word' id='word_1_266' title='bbox 705 3805 770 3839; x_wconf 86' lang='lat' dir='ltr'><strong>ex</strong></span> <span class='ocrx_word' id='word_1_267' title='bbox 795 3788 1106 3839; x_wconf 82' lang='lat' dir='ltr'><strong>Aristotelis</strong></span> <span class='ocrx_word' id='word_1_268' title='bbox 1132 3789 1280 3840; x_wconf 85' lang='lat' dir='ltr'><strong>Hist.</strong></span> <span class='ocrx_word' id='word_1_269' title='bbox 1303 3789 1482 3839; x_wconf 84' lang='lat' dir='ltr'><strong>Anim.</strong></span> 
     </span>
     <span class='ocr_line' id='line_1_46' title="bbox 465 3895 1481 3990; baseline -0.002 -14"><span class='ocrx_word' id='word_1_270' title='bbox 465 3895 923 3990; x_wconf 71' lang='grc' dir='ltr'><em>ἀποόᾶαίνοντες</em></span> <span class='ocrx_word' id='word_1_271' title='bbox 959 3922 1065 3974; x_wconf 83' lang='grc' dir='ltr'><em>τοῦ</em></span> <span class='ocrx_word' id='word_1_272' title='bbox 1102 3922 1315 3990; x_wconf 74' lang='grc' dir='ltr'><em>θοροῦ]</em></span> <span class='ocrx_word' id='word_1_273' title='bbox 1354 3925 1391 3973; x_wconf 90' lang='lat' dir='ltr'><strong>i.</strong></span> <span class='ocrx_word' id='word_1_274' title='bbox 1432 3939 1481 3974; x_wconf 90' lang='lat' dir='ltr'><strong>e.</strong></span> 
     </span>
     <span class='ocr_line' id='line_1_47' title="bbox 395 3991 1485 4061; baseline -0.002 -15"><span class='ocrx_word' id='word_1_275' title='bbox 395 4002 694 4061; x_wconf 64' lang='lat' dir='ltr'><strong>:paroentes</strong></span> <span class='ocrx_word' id='word_1_276' title='bbox 743 3995 941 4060; x_wconf 75' lang='lat' dir='ltr'><strong>aliquid</strong></span> <span class='ocrx_word' id='word_1_277' title='bbox 987 3991 1238 4059; x_wconf 75' lang='lat' dir='ltr'><strong>(partem)</strong></span> <span class='ocrx_word' id='word_1_278' title='bbox 1284 3995 1485 4044; x_wconf 75' lang='lat' dir='ltr'><strong>seminis</strong></span> 
     </span>
     <span class='ocr_line' id='line_1_48' title="bbox 391 4065 647 4147; baseline 0 -32"><span class='ocrx_word' id='word_1_279' title='bbox 391 4065 647 4147; x_wconf 65' lang='lat' dir='ltr'><strong>perticalis.</strong></span> 
     </span>
     <span class='ocr_line' id='line_1_49' title="bbox 453 4119 1482 4211; baseline 0 -30"><span class='ocrx_word' id='word_1_280' title='bbox 453 4123 979 4211; x_wconf 76' lang='grc' dir='ltr'><em>ἀνακάπτουσι]</em></span> <span class='ocrx_word' id='word_1_281' title='bbox 1031 4119 1381 4179; x_wconf 77' lang='grc' dir='ltr'><em>ἀνακάπτειν</em></span> <span class='ocrx_word' id='word_1_282' title='bbox 1426 4136 1482 4181; x_wconf 89' lang='lat' dir='ltr'><strong>et</strong></span> 
     </span>
     <span class='ocr_line' id='line_1_50' title="bbox 394 4193 1483 4266; baseline 0.002 -17"><span class='ocrx_word' id='word_1_283' title='bbox 394 4193 631 4250; x_wconf 76' lang='grc' dir='ltr'><em>κάπτειν</em></span> <span class='ocrx_word' id='word_1_284' title='bbox 668 4199 837 4266; x_wconf 88' lang='lat' dir='ltr'><strong>(quod</strong></span> <span class='ocrx_word' id='word_1_285' title='bbox 875 4197 1211 4249; x_wconf 82' lang='grc' dir='ltr'><em>καταπίνειν</em></span> <span class='ocrx_word' id='word_1_286' title='bbox 1246 4198 1483 4264; x_wconf 70' lang='lat' dir='ltr'><strong>explicat</strong></span> 
     </span>
     <span class='ocr_line' id='line_1_51' title="bbox 394 4268 1480 4337; baseline -0.001 -16"><span class='ocrx_word' id='word_1_287' title='bbox 394 4268 726 4337; x_wconf 75' lang='lat' dir='ltr'><strong>Hesychius)</strong></span> <span class='ocrx_word' id='word_1_288' title='bbox 770 4273 856 4320; x_wconf 88' lang='lat' dir='ltr'><strong>est</strong></span> <span class='ocrx_word' id='word_1_289' title='bbox 884 4269 1132 4335; x_wconf 66' lang='lat' dir='ltr'><strong>deglutire</strong></span> <span class='ocrx_word' id='word_1_290' title='bbox 1146 4304 1159 4329; x_wconf 90' lang='lat'>,</span> <span class='ocrx_word' id='word_1_291' title='bbox 1213 4269 1480 4335; x_wconf 78' lang='lat' dir='ltr'><strong>devorare,</strong></span> 
     </span>
    </p>
   </div>
   <div class='ocr_carea' id='block_1_5' title="bbox 1582 1266 2685 4338">
    <p class='ocr_par' dir='ltr' id='par_1_6' title="bbox 1582 1266 2682 4338">
     <span class='ocr_line' id='line_1_52' title="bbox 1599 1266 2682 1371; baseline 0.001 -15"><span class='ocrx_word' id='word_1_292' title='bbox 1599 1323 1665 1369; x_wconf 86' lang='lat' dir='ltr'><strong>s.‚</strong></span> <span class='ocrx_word' id='word_1_293' title='bbox 1690 1266 1751 1357; x_wconf 62' lang='lat' dir='ltr'><strong>u·t</strong></span> <span class='ocrx_word' id='word_1_294' title='bbox 1771 1305 2212 1357; x_wconf 83' lang='lat' dir='ltr'><strong>Hemsterhusius</strong></span> <span class='ocrx_word' id='word_1_295' title='bbox 2242 1305 2311 1356; x_wconf 81' lang='lat' dir='ltr'><strong>ad</strong></span> <span class='ocrx_word' id='word_1_296' title='bbox 2333 1305 2682 1371; x_wconf 79' lang='lat' dir='ltr'><strong>Aristophsn.</strong></span> 
     </span>
     <span class='ocr_line' id='line_1_53' title="bbox 1597 1375 2684 1440; baseline -0.002 -13"><span class='ocrx_word' id='word_1_297' title='bbox 1597 1376 1749 1427; x_wconf 88' lang='lat' dir='ltr'><strong>Plut.</strong></span> <span class='ocrx_word' id='word_1_298' title='bbox 1788 1391 1914 1440; x_wconf 78' lang='lat' dir='ltr'><strong>pag.</strong></span> <span class='ocrx_word' id='word_1_299' title='bbox 1947 1375 2050 1427; x_wconf 79' lang='lat'><strong>314</strong></span> <span class='ocrx_word' id='word_1_300' title='bbox 2085 1376 2500 1440; x_wconf 77' lang='lat' dir='ltr'><strong>interpretatur.</strong></span> <span class='ocrx_word' id='word_1_301' title='bbox 2537 1390 2684 1439; x_wconf 77' lang='lat' dir='ltr'><strong>repe-</strong></span> 
     </span>
     <span class='ocr_line' id='line_1_54' title="bbox 1595 1446 2685 1510; baseline -0.005 -12"><span class='ocrx_word' id='word_1_302' title='bbox 1595 1448 1701 1497; x_wconf 72' lang='lat' dir='ltr'><strong>titis</strong></span> <span class='ocrx_word' id='word_1_303' title='bbox 1737 1446 2001 1497; x_wconf 77' lang='lat' dir='ltr'><strong>identidem</strong></span> <span class='ocrx_word' id='word_1_304' title='bbox 2044 1446 2476 1510; x_wconf 72' lang='lat' dir='ltr'><strong>interpellatisque</strong></span> <span class='ocrx_word' id='word_1_305' title='bbox 2507 1447 2685 1495; x_wconf 76' lang='lat' dir='ltr'><strong>morsi—</strong></span> 
     </span>
     <span class='ocr_line' id='line_1_55' title="bbox 1598 1514 2685 1594; baseline -0.002 -29"><span class='ocrx_word' id='word_1_306' title='bbox 1598 1515 1689 1565; x_wconf 72' lang='lat' dir='ltr'><strong>bus</strong></span> <span class='ocrx_word' id='word_1_307' title='bbox 1722 1523 1967 1579; x_wconf 82' lang='lat' dir='ltr'><strong>appetere</strong></span> <span class='ocrx_word' id='word_1_308' title='bbox 2003 1521 2054 1564; x_wconf 84' lang='lat' dir='ltr'><strong>et</strong></span> <span class='ocrx_word' id='word_1_309' title='bbox 2081 1516 2340 1564; x_wconf 79' lang='lat' dir='ltr'><strong>vellicatim</strong></span> <span class='ocrx_word' id='word_1_310' title='bbox 2373 1521 2559 1594; x_wconf 74' lang='lat' dir='ltr'><strong>carpta</strong></span> <span class='ocrx_word' id='word_1_311' title='bbox 2595 1514 2685 1563; x_wconf 79' lang='lat' dir='ltr'><strong>de-</strong></span> 
     </span>
     <span class='ocr_line' id='line_1_56' title="bbox 1597 1575 2684 1635; baseline -0.003 -2"><span class='ocrx_word' id='word_1_312' title='bbox 1597 1587 1809 1635; x_wconf 78' lang='lat' dir='ltr'><strong>mittere.</strong></span> <span class='ocrx_word' id='word_1_313' title='bbox 1864 1583 2061 1634; x_wconf 79' lang='lat' dir='ltr'><strong>Glossa</strong></span> <span class='ocrx_word' id='word_1_314' title='bbox 2094 1582 2406 1633; x_wconf 73' lang='lat' dir='ltr'><strong>Herodotes</strong></span> <span class='ocrx_word' id='word_1_315' title='bbox 2440 1575 2684 1631; x_wconf 75' lang='grc' dir='ltr'><em>κάπτον-</em></span> 
     </span>
     <span class='ocr_line' id='line_1_57' title="bbox 1598 1643 2683 1717; baseline -0.001 -15"><span class='ocrx_word' id='word_1_316' title='bbox 1598 1666 1688 1709; x_wconf 85' lang='grc' dir='ltr'><strong>τες</strong></span> <span class='ocrx_word' id='word_1_317' title='bbox 1725 1653 1905 1703; x_wconf 77' lang='grc' dir='ltr'><em>ιοᾱᾶίι</em></span> <span class='ocrx_word' id='word_1_318' title='bbox 1937 1643 2371 1717; x_wconf 76' lang='grc' dir='ltr'><em>ἀποδεχόμενοι.</em></span> <span class='ocrx_word' id='word_1_319' title='bbox 2447 1651 2530 1701; x_wconf 83' lang='lat' dir='ltr'><strong>Tu</strong></span> <span class='ocrx_word' id='word_1_320' title='bbox 2569 1651 2683 1702; x_wconf 84' lang='lat' dir='ltr'><strong>vid.</strong></span> 
     </span>
     <span class='ocr_line' id='line_1_58' title="bbox 1599 1719 2682 1787; baseline -0.001 -17"><span class='ocrx_word' id='word_1_321' title='bbox 1599 1727 1814 1787; x_wconf 82' lang='lat' dir='ltr'><strong>praeter</strong></span> <span class='ocrx_word' id='word_1_322' title='bbox 1834 1721 2099 1771; x_wconf 79' lang='lat' dir='ltr'><strong>Valcken.</strong></span> <span class='ocrx_word' id='word_1_323' title='bbox 2138 1719 2208 1770; x_wconf 78' lang='lat' dir='ltr'><strong>ad</strong></span> <span class='ocrx_word' id='word_1_324' title='bbox 2232 1720 2284 1771; x_wconf 89' lang='lat' dir='ltr'><strong>h.</strong></span> <span class='ocrx_word' id='word_1_325' title='bbox 2309 1719 2346 1770; x_wconf 94' lang='lat' dir='ltr'><strong>l.</strong></span> <span class='ocrx_word' id='word_1_326' title='bbox 2374 1722 2682 1784; x_wconf 86' lang='lat' dir='ltr'><strong>interprett.</strong></span> 
     </span>
     <span class='ocr_line' id='line_1_59' title="bbox 1600 1788 2679 1856; baseline -0.002 -15"><span class='ocrx_word' id='word_1_327' title='bbox 1600 1790 1669 1841; x_wconf 76' lang='lat' dir='ltr'><strong>sd</strong></span> <span class='ocrx_word' id='word_1_328' title='bbox 1702 1790 1927 1856; x_wconf 83' lang='lat' dir='ltr'><strong>Gregor.</strong></span> <span class='ocrx_word' id='word_1_329' title='bbox 1975 1788 2223 1839; x_wconf 64' lang='lat' dir='ltr'><strong>Corinth.</strong></span> <span class='ocrx_word' id='word_1_330' title='bbox 2264 1789 2331 1838; x_wconf 89' lang='lat' dir='ltr'><strong>de</strong></span> <span class='ocrx_word' id='word_1_331' title='bbox 2376 1788 2505 1838; x_wconf 71' lang='lat' dir='ltr'><strong>dial.</strong></span> <span class='ocrx_word' id='word_1_332' title='bbox 2552 1804 2679 1854; x_wconf 74' lang='lat' dir='ltr'><strong>pag.</strong></span> 
     </span>
     <span class='ocr_line' id='line_1_60' title="bbox 1598 1858 2682 1921; baseline -0.004 -11"><span class='ocrx_word' id='word_1_333' title='bbox 1598 1859 1721 1911; x_wconf 80' lang='lat'><strong>520.</strong></span> <span class='ocrx_word' id='word_1_334' title='bbox 1793 1859 1879 1909; x_wconf 89' lang='lat' dir='ltr'><strong>Ad</strong></span> <span class='ocrx_word' id='word_1_335' title='bbox 1926 1874 2037 1908; x_wconf 88' lang='lat' dir='ltr'><strong>rem</strong></span> <span class='ocrx_word' id='word_1_336' title='bbox 2077 1872 2333 1921; x_wconf 71' lang='lat' dir='ltr'><strong>compara</strong></span> <span class='ocrx_word' id='word_1_337' title='bbox 2364 1858 2682 1908; x_wconf 83' lang='lat' dir='ltr'><strong>Aristotelis</strong></span> 
     </span>
     <span class='ocr_line' id='line_1_61' title="bbox 1594 1926 2678 1991; baseline -0.002 -14"><span class='ocrx_word' id='word_1_338' title='bbox 1594 1928 1775 1979; x_wconf 89' lang='lat' dir='ltr'><strong>locum</strong></span> <span class='ocrx_word' id='word_1_339' title='bbox 1820 1929 1877 1977; x_wconf 91' lang='lat' dir='ltr'><strong>in</strong></span> <span class='ocrx_word' id='word_1_340' title='bbox 1921 1928 2070 1977; x_wconf 84' lang='lat' dir='ltr'><strong>Hist.</strong></span> <span class='ocrx_word' id='word_1_341' title='bbox 2118 1926 2354 1976; x_wconf 72' lang='lat' dir='ltr'><strong>Animal.</strong></span> <span class='ocrx_word' id='word_1_342' title='bbox 2407 1927 2484 1989; x_wconf 87' lang='lat' dir='ltr'><strong>V,</strong></span> <span class='ocrx_word' id='word_1_343' title='bbox 2524 1928 2576 1977; x_wconf 87' lang='lat'><strong>5.</strong></span> <span class='ocrx_word' id='word_1_344' title='bbox 2622 1942 2678 1991; x_wconf 91' lang='lat' dir='ltr'><strong>p.</strong></span> 
     </span>
     <span class='ocr_line' id='line_1_62' title="bbox 1597 1963 2680 2062; baseline -0.004 -13"><span class='ocrx_word' id='word_1_345' title='bbox 1597 1997 1703 2049; x_wconf 82' lang='lat'><strong>836</strong></span> <span class='ocrx_word' id='word_1_346' title='bbox 1726 1998 1792 2047; x_wconf 88' lang='lat' dir='ltr'><strong>A.</strong></span> <span class='ocrx_word' id='word_1_347' title='bbox 1818 1997 1974 2062; x_wconf 87' lang='lat' dir='ltr'>B(V‚</span> <span class='ocrx_word' id='word_1_348' title='bbox 1997 1998 2107 2061; x_wconf 81' lang='lat' dir='ltr'><strong>4.p</strong></span> <span class='ocrx_word' id='word_1_349' title='bbox 2113 1996 2251 2047; x_wconf 81' lang='lat'><strong>.185</strong></span> <span class='ocrx_word' id='word_1_350' title='bbox 2271 1995 2357 2047; x_wconf 86' lang='lat' dir='ltr'><strong>ed.</strong></span> <span class='ocrx_word' id='word_1_351' title='bbox 2377 1963 2632 2046; x_wconf 63' lang='lat' dir='ltr'><strong>Seh&#39;neid.</strong></span> <span class='ocrx_word' id='word_1_352' title='bbox 2636 1994 2680 2059; x_wconf 91' lang='grc'><strong>).</strong></span> 
     </span>
     <span class='ocr_line' id='line_1_63' title="bbox 1598 2012 2681 2130; baseline -0.001 -13.886"><span class='ocrx_word' id='word_1_353' title='bbox 1598 2067 1772 2116; x_wconf 86' lang='lat' dir='ltr'><strong>—In</strong></span> <span class='ocrx_word' id='word_1_354' title='bbox 1804 2082 1954 2130; x_wconf 87' lang='lat' dir='ltr'><strong>seqq.</strong></span> <span class='ocrx_word' id='word_1_355' title='bbox 1995 2066 2064 2116; x_wconf 82' lang='lat' dir='ltr'><strong>ad</strong></span> <span class='ocrx_word' id='word_1_356' title='bbox 2072 2012 2265 2129; x_wconf 68' lang='grc' dir='ltr'><em>Ρῆθεα</em></span> <span class='ocrx_word' id='word_1_357' title='bbox 2303 2064 2544 2127; x_wconf 75' lang='lat' dir='ltr'><strong>cons.1‚</strong></span> <span class='ocrx_word' id='word_1_358' title='bbox 2585 2064 2681 2127; x_wconf 74' lang='grc' dir='ltr'><strong>15ς</strong></span> 
     </span>
     <span class='ocr_line' id='line_1_64' title="bbox 1597 2132 2174 2217; baseline 0.007 -35"><span class='ocrx_word' id='word_1_359' title='bbox 1597 2137 1669 2188; x_wconf 68' lang='lat' dir='ltr'><strong>ad</strong></span> <span class='ocrx_word' id='word_1_360' title='bbox 1708 2132 1937 2217; x_wconf 76' lang='grc' dir='ltr'><em>θηλέων</em></span> <span class='ocrx_word' id='word_1_361' title='bbox 1973 2135 2049 2216; x_wconf 89' lang='lat'><strong>11,</strong></span> <span class='ocrx_word' id='word_1_362' title='bbox 2086 2133 2174 2186; x_wconf 89' lang='grc'><strong>66.</strong></span> 
     </span>
     <span class='ocr_line' id='line_1_65' title="bbox 1662 2193 2678 2280; baseline -0.001 -27"><span class='ocrx_word' id='word_1_363' title='bbox 1662 2219 1778 2253; x_wconf 91' lang='grc' dir='ltr'><strong>των</strong></span> <span class='ocrx_word' id='word_1_364' title='bbox 1808 2197 1930 2280; x_wconf 82' lang='grc' dir='ltr'><strong>γὰρ</strong></span> <span class='ocrx_word' id='word_1_365' title='bbox 1946 2195 2078 2271; x_wconf 77' lang='grc' dir='ltr'><strong>ᾥων</strong></span> <span class='ocrx_word' id='word_1_366' title='bbox 2106 2195 2527 2267; x_wconf 72' lang='grc' dir='ltr'><em>ἀπορᾇίνουσι</em></span> <span class='ocrx_word' id='word_1_367' title='bbox 2559 2193 2678 2252; x_wconf 83' lang='grc' dir='ltr'><em>κατ’</em></span> 
     </span>
     <span class='ocr_line' id='line_1_66' title="bbox 1594 2264 2679 2337; baseline 0 -15"><span class='ocrx_word' id='word_1_368' title='bbox 1594 2264 1821 2337; x_wconf 77' lang='grc' dir='ltr'><em>ὀλίγους</em></span> <span class='ocrx_word' id='word_1_369' title='bbox 1850 2287 1968 2322; x_wconf 91' lang='grc' dir='ltr'><strong>των</strong></span> <span class='ocrx_word' id='word_1_370' title='bbox 2001 2269 2274 2337; x_wconf 78' lang='grc' dir='ltr'><em>κέγχρων]</em></span> <span class='ocrx_word' id='word_1_371' title='bbox 2305 2272 2555 2323; x_wconf 83' lang='lat' dir='ltr'><strong>Correxit</strong></span> <span class='ocrx_word' id='word_1_372' title='bbox 2577 2271 2679 2322; x_wconf 87' lang='lat' dir='ltr'><strong>Co-</strong></span> 
     </span>
     <span class='ocr_line' id='line_1_67' title="bbox 1593 2331 2679 2407; baseline -0.004 -14"><span class='ocrx_word' id='word_1_373' title='bbox 1593 2345 1718 2393; x_wconf 66' lang='lat' dir='ltr'><strong>rsiis</strong></span> <span class='ocrx_word' id='word_1_374' title='bbox 1749 2342 1833 2407; x_wconf 89' lang='lat' dir='ltr'><strong>(in</strong></span> <span class='ocrx_word' id='word_1_375' title='bbox 1857 2342 2117 2392; x_wconf 73' lang='lat' dir='ltr'><strong>Lsrcheri</strong></span> <span class='ocrx_word' id='word_1_376' title='bbox 2153 2341 2293 2406; x_wconf 86' lang='lat' dir='ltr'><strong>not.)</strong></span> <span class='ocrx_word' id='word_1_377' title='bbox 2329 2355 2470 2389; x_wconf 85' lang='grc' dir='ltr'><em>κατα</em></span> <span class='ocrx_word' id='word_1_378' title='bbox 2504 2331 2679 2405; x_wconf 82' lang='grc' dir='ltr'><em>λόγον</em></span> 
     </span>
     <span class='ocr_line' id='line_1_68' title="bbox 1595 2402 2679 2474; baseline -0.001 -13.936"><span class='ocrx_word' id='word_1_379' title='bbox 1595 2411 1841 2462; x_wconf 78' lang='lat' dir='ltr'><strong>everbis</strong></span> <span class='ocrx_word' id='word_1_380' title='bbox 1877 2402 2005 2459; x_wconf 88' lang='grc' dir='ltr'><em>κατ’</em></span> <span class='ocrx_word' id='word_1_381' title='bbox 2040 2402 2268 2473; x_wconf 85' lang='grc' dir='ltr'><em>ὀλίγους</em></span> <span class='ocrx_word' id='word_1_382' title='bbox 2319 2410 2552 2474; x_wconf 86' lang='lat' dir='ltr'><strong>indeque</strong></span> <span class='ocrx_word' id='word_1_383' title='bbox 2598 2410 2679 2459; x_wconf 89' lang='lat' dir='ltr'><strong>sic</strong></span> 
     </span>
     <span class='ocr_line' id='line_1_69' title="bbox 1591 2480 2679 2544; baseline -0.003 -15"><span class='ocrx_word' id='word_1_384' title='bbox 1591 2481 1784 2530; x_wconf 78' lang='lat' dir='ltr'><strong>vertit.</strong></span> <span class='ocrx_word' id='word_1_385' title='bbox 1823 2482 1951 2544; x_wconf 70' lang='lat' dir='ltr'><strong>„qni</strong></span> <span class='ocrx_word' id='word_1_386' title='bbox 1982 2487 2099 2529; x_wconf 77' lang='lat' dir='ltr'><strong>sont</strong></span> <span class='ocrx_word' id='word_1_387' title='bbox 2130 2480 2196 2529; x_wconf 83' lang='lat' dir='ltr'><strong>de</strong></span> <span class='ocrx_word' id='word_1_388' title='bbox 2225 2482 2278 2527; x_wconf 86' lang='lat' dir='ltr'><strong>la</strong></span> <span class='ocrx_word' id='word_1_389' title='bbox 2306 2493 2553 2544; x_wconf 67' lang='lat' dir='ltr'><strong>orassem·</strong></span> <span class='ocrx_word' id='word_1_390' title='bbox 2586 2480 2679 2528; x_wconf 74' lang='lat' dir='ltr'><strong>des</strong></span> 
     </span>
     <span class='ocr_line' id='line_1_70' title="bbox 1586 2547 2678 2625; baseline -0.003 -26"><span class='ocrx_word' id='word_1_391' title='bbox 1586 2553 1767 2614; x_wconf 65' lang='lat' dir='ltr'><strong>grains</strong></span> <span class='ocrx_word' id='word_1_392' title='bbox 1819 2549 1884 2598; x_wconf 83' lang='lat' dir='ltr'><strong>de</strong></span> <span class='ocrx_word' id='word_1_393' title='bbox 1897 2550 2143 2625; x_wconf 39' lang='lat' dir='ltr'><strong>millet?</strong></span> <span class='ocrx_word' id='word_1_394' title='bbox 2152 2547 2678 2625; x_wconf 79' lang='lat' dir='ltr'><strong>‘quemadmodum</strong></span> 
     </span>
     <span class='ocr_line' id='line_1_71' title="bbox 1591 2608 2675 2697; baseline -0.005 -30"><span class='ocrx_word' id='word_1_395' title='bbox 1591 2616 1854 2679; x_wconf 91' lang='lat'><strong>111‚100.</strong></span> <span class='ocrx_word' id='word_1_396' title='bbox 1892 2627 2034 2664; x_wconf 89' lang='grc' dir='ltr'><em>οσον</em></span> <span class='ocrx_word' id='word_1_397' title='bbox 2055 2613 2291 2697; x_wconf 78' lang='grc' dir='ltr'><em>κέγχρος</em></span> <span class='ocrx_word' id='word_1_398' title='bbox 2312 2608 2377 2664; x_wconf 86' lang='grc' dir='ltr'><em>τὸ</em></span> <span class='ocrx_word' id='word_1_399' title='bbox 2404 2613 2675 2679; x_wconf 71' lang='grc' dir='ltr'><em>μέγαθος.</em></span> 
     </span>
     <span class='ocr_line' id='line_1_72' title="bbox 1588 2683 2675 2749; baseline -0.005 -12"><span class='ocrx_word' id='word_1_400' title='bbox 1588 2685 1854 2737; x_wconf 74' lang='lat' dir='ltr'><strong>Probsvit</strong></span> <span class='ocrx_word' id='word_1_401' title='bbox 1872 2684 2170 2735; x_wconf 79' lang='lat' dir='ltr'><strong>Creuzerus</strong></span> <span class='ocrx_word' id='word_1_402' title='bbox 2202 2684 2258 2732; x_wconf 90' lang='lat' dir='ltr'><strong>in</strong></span> <span class='ocrx_word' id='word_1_403' title='bbox 2289 2685 2562 2749; x_wconf 74' lang='lat' dir='ltr'><strong>Frsgmm.</strong></span> <span class='ocrx_word' id='word_1_404' title='bbox 2596 2683 2675 2733; x_wconf 86' lang='lat' dir='ltr'><strong>hi·</strong></span> 
     </span>
     <span class='ocr_line' id='line_1_73' title="bbox 1590 2752 2676 2819; baseline -0.004 -14"><span class='ocrx_word' id='word_1_405' title='bbox 1590 2760 1749 2806; x_wconf 88' lang='lat' dir='ltr'><strong>storr.</strong></span> <span class='ocrx_word' id='word_1_406' title='bbox 1809 2769 1934 2819; x_wconf 68' lang='lat' dir='ltr'><strong>pag.</strong></span> <span class='ocrx_word' id='word_1_407' title='bbox 1976 2752 2049 2804; x_wconf 88' lang='grc'><strong>63</strong></span> <span class='ocrx_word' id='word_1_408' title='bbox 2099 2758 2154 2802; x_wconf 90' lang='lat' dir='ltr'><strong>et</strong></span> <span class='ocrx_word' id='word_1_409' title='bbox 2196 2752 2392 2803; x_wconf 84' lang='lat' dir='ltr'><strong>Ideler.</strong></span> <span class='ocrx_word' id='word_1_410' title='bbox 2441 2753 2512 2803; x_wconf 80' lang='lat' dir='ltr'><strong>ad</strong></span> <span class='ocrx_word' id='word_1_411' title='bbox 2557 2753 2676 2803; x_wconf 88' lang='lat' dir='ltr'><strong>Ari-</strong></span> 
     </span>
     <span class='ocr_line' id='line_1_74' title="bbox 1590 2771 2678 2887; baseline -0.003 -12"><span class='ocrx_word' id='word_1_412' title='bbox 1590 2823 1803 2875; x_wconf 85' lang='lat' dir='ltr'><strong>stotelis</strong></span> <span class='ocrx_word' id='word_1_413' title='bbox 1809 2771 2123 2873; x_wconf 76' lang='lat' dir='ltr'><strong>pMeteorol.</strong></span> <span class='ocrx_word' id='word_1_414' title='bbox 2171 2822 2294 2877; x_wconf 78' lang='lat' dir='ltr'><strong>Vol.</strong></span> <span class='ocrx_word' id='word_1_415' title='bbox 2334 2822 2410 2872; x_wconf 94' lang='lat'><strong>11.</strong></span> <span class='ocrx_word' id='word_1_416' title='bbox 2448 2838 2502 2887; x_wconf 89' lang='lat' dir='ltr'><strong>p.</strong></span> <span class='ocrx_word' id='word_1_417' title='bbox 2541 2824 2678 2882; x_wconf 80' lang='lat'><strong>584;</strong></span> 
     </span>
     <span class='ocr_line' id='line_1_75' title="bbox 1587 2890 2677 3027; baseline -0.001 -15"><span class='ocrx_word' id='word_1_418' title='bbox 1587 2893 1917 3044; x_wconf 54' lang='grc' dir='ltr'><strong>ἱῗρέέῖἶῖῗῗ</strong></span> <span class='ocrx_word' id='word_1_419' title='bbox 1951 2890 2496 3027; x_wconf 54' lang='lat' dir='ltr'><strong>&amp;gkgffihzzffffi</strong></span> <span class='ocrx_word' id='word_1_420' title='bbox 2510 2907 2677 3012; x_wconf 56' lang='lat' dir='ltr'><strong>voi?</strong></span> 
     </span>
     <span class='ocr_line' id='line_1_76' title="bbox 1589 3030 2676 3096; baseline -0.003 -14"><span class='ocrx_word' id='word_1_421' title='bbox 1589 3030 1702 3082; x_wconf 83' lang='lat' dir='ltr'><strong>buli</strong></span> <span class='ocrx_word' id='word_1_422' title='bbox 1738 3031 1962 3081; x_wconf 89' lang='lat' dir='ltr'><strong>notione</strong></span> <span class='ocrx_word' id='word_1_423' title='bbox 1987 3047 2156 3096; x_wconf 62' lang='lat' dir='ltr'><strong>grana</strong></span> <span class='ocrx_word' id='word_1_424' title='bbox 2191 3030 2300 3081; x_wconf 90' lang='lat' dir='ltr'><strong>dici</strong></span> <span class='ocrx_word' id='word_1_425' title='bbox 2334 3031 2589 3081; x_wconf 83' lang='lat' dir='ltr'><strong>videntur</strong></span> <span class='ocrx_word' id='word_1_426' title='bbox 2620 3036 2676 3080; x_wconf 88' lang='lat' dir='ltr'><strong>et</strong></span> 
     </span>
     <span class='ocr_line' id='line_1_77' title="bbox 1586 3091 2671 3168; baseline 0 -18"><span class='ocrx_word' id='word_1_427' title='bbox 1586 3115 1702 3150; x_wconf 91' lang='grc' dir='ltr'><strong>των</strong></span> <span class='ocrx_word' id='word_1_428' title='bbox 1729 3091 1860 3168; x_wconf 70' lang='grc' dir='ltr'><strong>ᾠῶν</strong></span> <span class='ocrx_word' id='word_1_429' title='bbox 1887 3093 1947 3148; x_wconf 82' lang='grc' dir='ltr'><strong>οἷ</strong></span> <span class='ocrx_word' id='word_1_430' title='bbox 1966 3099 2192 3165; x_wconf 78' lang='grc' dir='ltr'><em>κέγχροι</em></span> <span class='ocrx_word' id='word_1_431' title='bbox 2220 3101 2441 3164; x_wconf 70' lang='lat' dir='ltr'><strong>(ovorum</strong></span> <span class='ocrx_word' id='word_1_432' title='bbox 2455 3099 2671 3166; x_wconf 65' lang='lat' dir='ltr'><strong>grana),</strong></span> 
     </span>
     <span class='ocr_line' id='line_1_78' title="bbox 1586 3167 2672 3252; baseline 0 -33"><span class='ocrx_word' id='word_1_433' title='bbox 1586 3172 1707 3235; x_wconf 79' lang='lat' dir='ltr'><strong>ipsa</strong></span> <span class='ocrx_word' id='word_1_434' title='bbox 1744 3173 1942 3252; x_wconf 60' lang='lat' dir='ltr'><strong>sipyula</strong></span> <span class='ocrx_word' id='word_1_435' title='bbox 1975 3183 2071 3219; x_wconf 77' lang='lat' dir='ltr'><strong>ova</strong></span> <span class='ocrx_word' id='word_1_436' title='bbox 2106 3167 2190 3219; x_wconf 79' lang='lat' dir='ltr'><strong>vel</strong></span> <span class='ocrx_word' id='word_1_437' title='bbox 2227 3172 2411 3225; x_wconf 66' lang='lat' dir='ltr'><strong>ocula,-</strong></span> <span class='ocrx_word' id='word_1_438' title='bbox 2452 3175 2672 3220; x_wconf 71' lang='lat' dir='ltr'><strong>natura-</strong></span> 
     </span>
     <span class='ocr_line' id='line_1_79' title="bbox 1582 3238 2671 3289; baseline -0.002 -1"><span class='ocrx_word' id='word_1_439' title='bbox 1582 3238 1688 3289; x_wconf 83' lang='lat' dir='ltr'><strong>lem</strong></span> <span class='ocrx_word' id='word_1_440' title='bbox 1714 3239 1856 3289; x_wconf 88' lang='lat' dir='ltr'><strong>enim</strong></span> <span class='ocrx_word' id='word_1_441' title='bbox 1874 3238 2161 3288; x_wconf 84' lang='lat' dir='ltr'><strong>verborum</strong></span> <span class='ocrx_word' id='word_1_442' title='bbox 2181 3242 2511 3288; x_wconf 73' lang='lat' dir='ltr'><strong>structuram</strong></span> <span class='ocrx_word' id='word_1_443' title='bbox 2527 3239 2671 3287; x_wconf 88' lang='lat' dir='ltr'><strong>hunc</strong></span> 
     </span>
     <span class='ocr_line' id='line_1_80' title="bbox 1583 3297 2673 3387; baseline -0.006 -29"><span class='ocrx_word' id='word_1_444' title='bbox 1583 3310 1641 3358; x_wconf 85' lang='lat' dir='ltr'><strong>in</strong></span> <span class='ocrx_word' id='word_1_445' title='bbox 1663 3307 1879 3358; x_wconf 86' lang='lat' dir='ltr'><strong>modum</strong></span> <span class='ocrx_word' id='word_1_446' title='bbox 1896 3322 2020 3356; x_wconf 87' lang='lat' dir='ltr'><strong>esse</strong></span> <span class='ocrx_word' id='word_1_447' title='bbox 2038 3307 2472 3387; x_wconf 79' lang='lat' dir='ltr'><strong>concipiendam:</strong></span> <span class='ocrx_word' id='word_1_448' title='bbox 2493 3297 2673 3369; x_wconf 75' lang='grc' dir='ltr'><em>ἀποῤ-</em></span> 
     </span>
     <span class='ocr_line' id='line_1_81' title="bbox 1587 3366 2671 3442; baseline -0.004 -17"><span class='ocrx_word' id='word_1_449' title='bbox 1587 3371 1849 3440; x_wconf 73' lang='grc' dir='ltr'><em>ἆαίνουσι</em></span> <span class='ocrx_word' id='word_1_450' title='bbox 1902 3390 2018 3424; x_wconf 86' lang='grc' dir='ltr'><strong>των</strong></span> <span class='ocrx_word' id='word_1_451' title='bbox 2073 3366 2203 3442; x_wconf 77' lang='grc' dir='ltr'><strong>ᾥων</strong></span> <span class='ocrx_word' id='word_1_452' title='bbox 2247 3367 2377 3423; x_wconf 80' lang='grc' dir='ltr'><em>κατ’</em></span> <span class='ocrx_word' id='word_1_453' title='bbox 2426 3366 2671 3437; x_wconf 83' lang='grc' dir='ltr'><em>ὀλίγους.</em></span> 
     </span>
     <span class='ocr_line' id='line_1_82' title="bbox 1588 3424 2669 3524; baseline -0.004 -29"><span class='ocrx_word' id='word_1_454' title='bbox 1588 3449 1778 3524; x_wconf 78' lang='lat' dir='ltr'><strong>Quae</strong></span> <span class='ocrx_word' id='word_1_455' title='bbox 1794 3445 1839 3493; x_wconf 89' lang='lat' dir='ltr'><strong>si</strong></span> <span class='ocrx_word' id='word_1_456' title='bbox 1896 3448 2043 3493; x_wconf 86' lang='lat' dir='ltr'><strong>recte</strong></span> <span class='ocrx_word' id='word_1_457' title='bbox 2082 3424 2342 3520; x_wconf 48' lang='lat' dir='ltr'><strong>‘zpercepi</strong></span> <span class='ocrx_word' id='word_1_458' title='bbox 2393 3443 2669 3507; x_wconf 77' lang='lat' dir='ltr'><strong>genitivus</strong></span> 
     </span>
     <span class='ocr_line' id='line_1_83' title="bbox 1585 3504 2668 3578; baseline -0.005 -15"><span class='ocrx_word' id='word_1_459' title='bbox 1585 3528 1702 3563; x_wconf 88' lang='grc' dir='ltr'><strong>των</strong></span> <span class='ocrx_word' id='word_1_460' title='bbox 1735 3504 1865 3578; x_wconf 74' lang='grc' dir='ltr'><strong>ᾥων</strong></span> <span class='ocrx_word' id='word_1_461' title='bbox 1900 3512 2138 3576; x_wconf 85' lang='lat' dir='ltr'><strong>pertinet</strong></span> <span class='ocrx_word' id='word_1_462' title='bbox 2172 3511 2241 3560; x_wconf 81' lang='lat' dir='ltr'><strong>ad</strong></span> <span class='ocrx_word' id='word_1_463' title='bbox 2265 3526 2382 3560; x_wconf 86' lang='grc' dir='ltr'><strong>των</strong></span> <span class='ocrx_word' id='word_1_464' title='bbox 2399 3509 2668 3576; x_wconf 79' lang='grc' dir='ltr'><em>κέγχρων,</em></span> 
     </span>
     <span class='ocr_line' id='line_1_84' title="bbox 1587 3578 2669 3659; baseline -0.003 -28"><span class='ocrx_word' id='word_1_465' title='bbox 1587 3583 1677 3647; x_wconf 87' lang='lat' dir='ltr'><strong>qui</strong></span> <span class='ocrx_word' id='word_1_466' title='bbox 1713 3581 1989 3646; x_wconf 79' lang='lat' dir='ltr'><strong>genitivus</strong></span> <span class='ocrx_word' id='word_1_467' title='bbox 2036 3582 2154 3645; x_wconf 89' lang='lat' dir='ltr'><strong>ipse</strong></span> <span class='ocrx_word' id='word_1_468' title='bbox 2197 3579 2400 3644; x_wconf 89' lang='lat' dir='ltr'><strong>pendet</strong></span> <span class='ocrx_word' id='word_1_469' title='bbox 2446 3595 2480 3629; x_wconf 78' lang='lat' dir='ltr'><strong>a</strong></span> <span class='ocrx_word' id='word_1_470' title='bbox 2504 3578 2669 3659; x_wconf 59' lang='lat' dir='ltr'><strong>‚locu-</strong></span> 
     </span>
     <span class='ocr_line' id='line_1_85' title="bbox 1586 3638 2669 3700; baseline -0.003 0"><span class='ocrx_word' id='word_1_471' title='bbox 1586 3652 1736 3700; x_wconf 85' lang='lat' dir='ltr'><strong>tione</strong></span> <span class='ocrx_word' id='word_1_472' title='bbox 1770 3664 1962 3700; x_wconf 83' lang='lat' dir='ltr'><strong>sensus</strong></span> <span class='ocrx_word' id='word_1_473' title='bbox 1998 3648 2360 3699; x_wconf 78' lang='lat' dir='ltr'><strong>distributivi:</strong></span> <span class='ocrx_word' id='word_1_474' title='bbox 2402 3639 2520 3696; x_wconf 85' lang='grc' dir='ltr'><em>κατ’</em></span> <span class='ocrx_word' id='word_1_475' title='bbox 2553 3638 2669 3697; x_wconf 81' lang='grc' dir='ltr'><em>ὀλί-</em></span> 
     </span>
     <span class='ocr_line' id='line_1_86' title="bbox 1585 3710 2670 3784; baseline 0 -17"><span class='ocrx_word' id='word_1_476' title='bbox 1585 3733 1751 3784; x_wconf 84' lang='grc' dir='ltr'><em>γους,</em></span> <span class='ocrx_word' id='word_1_477' title='bbox 1806 3719 1842 3771; x_wconf 91' lang='lat' dir='ltr'><strong>i.</strong></span> <span class='ocrx_word' id='word_1_478' title='bbox 1885 3732 1933 3768; x_wconf 89' lang='lat' dir='ltr'><strong>e.</strong></span> <span class='ocrx_word' id='word_1_479' title='bbox 1969 3716 2270 3783; x_wconf 80' lang='grc' dir='ltr'><em>κέγχρους,</em></span> <span class='ocrx_word' id='word_1_480' title='bbox 2317 3733 2446 3768; x_wconf 88' lang='lat' dir='ltr'><strong>nos.</strong></span> <span class='ocrx_word' id='word_1_481' title='bbox 2486 3710 2670 3779; x_wconf 72' lang='lat' dir='ltr'><strong>jedes-</strong></span> 
     </span>
     <span class='ocr_line' id='line_1_87' title="bbox 1586 3785 2667 3852; baseline -0.003 -14"><span class='ocrx_word' id='word_1_482' title='bbox 1586 3791 1687 3838; x_wconf 80' lang='lat' dir='ltr'><strong>mal</strong></span> <span class='ocrx_word' id='word_1_483' title='bbox 1718 3803 1816 3836; x_wconf 68' lang='lat' dir='ltr'><strong>nur</strong></span> <span class='ocrx_word' id='word_1_484' title='bbox 1849 3790 2062 3852; x_wconf 65' lang='lat' dir='ltr'><strong>mentae,</strong></span> <span class='ocrx_word' id='word_1_485' title='bbox 2105 3789 2167 3835; x_wconf 89' lang='lat' dir='ltr'><strong>ut</strong></span> <span class='ocrx_word' id='word_1_486' title='bbox 2200 3785 2366 3848; x_wconf 89' lang='lat' dir='ltr'>VIII,</span> <span class='ocrx_word' id='word_1_487' title='bbox 2412 3786 2509 3837; x_wconf 85' lang='lat'><strong>113</strong></span> <span class='ocrx_word' id='word_1_488' title='bbox 2544 3786 2667 3849; x_wconf 91' lang='lat' dir='ltr'><strong>(ubi</strong></span> 
     </span>
     <span class='ocr_line' id='line_1_88' title="bbox 1588 3854 2670 3921; baseline 0 -14"><span class='ocrx_word' id='word_1_489' title='bbox 1588 3857 1702 3907; x_wconf 82' lang='lat' dir='ltr'><strong>vid.</strong></span> <span class='ocrx_word' id='word_1_490' title='bbox 1741 3857 1931 3911; x_wconf 83' lang='lat' dir='ltr'><strong>nott.).</strong></span> <span class='ocrx_word' id='word_1_491' title='bbox 1964 3857 2061 3919; x_wconf 85' lang='lat' dir='ltr'><strong>lx,</strong></span> <span class='ocrx_word' id='word_1_492' title='bbox 2100 3854 2221 3907; x_wconf 83' lang='lat'><strong>102.</strong></span> <span class='ocrx_word' id='word_1_493' title='bbox 2290 3858 2374 3905; x_wconf 89' lang='lat' dir='ltr'><strong>De</strong></span> <span class='ocrx_word' id='word_1_494' title='bbox 2409 3871 2519 3921; x_wconf 69' lang='lat' dir='ltr'><strong>qua</strong></span> <span class='ocrx_word' id='word_1_495' title='bbox 2548 3856 2670 3920; x_wconf 71' lang='lat' dir='ltr'><strong>ipsa</strong></span> 
     </span>
     <span class='ocr_line' id='line_1_89' title="bbox 1588 3923 2664 3990; baseline 0.001 -15"><span class='ocrx_word' id='word_1_496' title='bbox 1588 3940 1810 3976; x_wconf 89' lang='lat' dir='ltr'><strong>monens</strong></span> <span class='ocrx_word' id='word_1_497' title='bbox 1840 3923 1924 3990; x_wconf 87' lang='lat' dir='ltr'><strong>(ut</strong></span> <span class='ocrx_word' id='word_1_498' title='bbox 1960 3925 2030 3975; x_wconf 73' lang='lat' dir='ltr'><strong>ad</strong></span> <span class='ocrx_word' id='word_1_499' title='bbox 2066 3925 2120 3976; x_wconf 90' lang='lat' dir='ltr'><strong>h.</strong></span> <span class='ocrx_word' id='word_1_500' title='bbox 2149 3923 2187 3975; x_wconf 90' lang='lat' dir='ltr'><strong>l.</strong></span> <span class='ocrx_word' id='word_1_501' title='bbox 2227 3924 2522 3990; x_wconf 76' lang='lat' dir='ltr'><strong>adscripsit</strong></span> <span class='ocrx_word' id='word_1_502' title='bbox 2552 3924 2664 3989; x_wconf 84' lang='lat' dir='ltr'><strong>Cr.)</strong></span> 
     </span>
     <span class='ocr_line' id='line_1_90' title="bbox 1584 3994 2666 4060; baseline -0.004 -14"><span class='ocrx_word' id='word_1_503' title='bbox 1584 3995 1907 4047; x_wconf 75' lang='lat' dir='ltr'><strong>Schseferus</strong></span> <span class='ocrx_word' id='word_1_504' title='bbox 1943 3994 2014 4044; x_wconf 70' lang='lat' dir='ltr'><strong>ad</strong></span> <span class='ocrx_word' id='word_1_505' title='bbox 2041 3995 2270 4060; x_wconf 78' lang='lat' dir='ltr'><strong>Dionys.</strong></span> <span class='ocrx_word' id='word_1_506' title='bbox 2293 3994 2573 4049; x_wconf 70' lang='lat' dir='ltr'><strong>Halicarn.</strong></span> <span class='ocrx_word' id='word_1_507' title='bbox 2594 3994 2666 4044; x_wconf 69' lang='lat' dir='ltr'><strong>{e</strong></span> 
     </span>
     <span class='ocr_line' id='line_1_91' title="bbox 1583 4064 2665 4129; baseline -0.003 -14"><span class='ocrx_word' id='word_1_508' title='bbox 1583 4080 1823 4128; x_wconf 84' lang='lat' dir='ltr'><strong>compos.</strong></span> <span class='ocrx_word' id='word_1_509' title='bbox 1869 4064 2084 4114; x_wconf 80' lang='lat' dir='ltr'><strong>verbor.</strong></span> <span class='ocrx_word' id='word_1_510' title='bbox 2130 4080 2256 4129; x_wconf 83' lang='lat' dir='ltr'><strong>pag.</strong></span> <span class='ocrx_word' id='word_1_511' title='bbox 2306 4066 2374 4115; x_wconf 84' lang='lat'><strong>44</strong></span> <span class='ocrx_word' id='word_1_512' title='bbox 2420 4066 2665 4115; x_wconf 86' lang='lat' dir='ltr'><strong>nostrum</strong></span> 
     </span>
     <span class='ocr_line' id='line_1_92' title="bbox 1582 4133 2664 4197; baseline -0.004 -13"><span class='ocrx_word' id='word_1_513' title='bbox 1582 4133 1760 4184; x_wconf 88' lang='lat' dir='ltr'><strong>locum</strong></span> <span class='ocrx_word' id='word_1_514' title='bbox 1808 4133 1887 4183; x_wconf 87' lang='lat' dir='ltr'><strong>sic</strong></span> <span class='ocrx_word' id='word_1_515' title='bbox 1935 4134 2350 4197; x_wconf 76' lang='lat' dir='ltr'><strong>interpretatur.</strong></span> <span class='ocrx_word' id='word_1_516' title='bbox 2406 4148 2559 4195; x_wconf 75' lang='lat' dir='ltr'><strong>„nam</strong></span> <span class='ocrx_word' id='word_1_517' title='bbox 2593 4147 2664 4182; x_wconf 75' lang='lat' dir='ltr'><strong>ex</strong></span> 
     </span>
     <span class='ocr_line' id='line_1_93' title="bbox 1582 4201 2664 4267; baseline -0.004 -14"><span class='ocrx_word' id='word_1_518' title='bbox 1582 4204 1688 4252; x_wconf 74' lang='lat' dir='ltr'><strong>ovis</strong></span> <span class='ocrx_word' id='word_1_519' title='bbox 1728 4211 2005 4253; x_wconf 65' lang='lat' dir='ltr'><strong>est-cernunt</strong></span> <span class='ocrx_word' id='word_1_520' title='bbox 2042 4202 2282 4255; x_wconf 74' lang='lat' dir='ltr'><strong>cenchres</strong></span> <span class='ocrx_word' id='word_1_521' title='bbox 2324 4201 2482 4267; x_wconf 83' lang='lat' dir='ltr'><strong>(quos</strong></span> <span class='ocrx_word' id='word_1_522' title='bbox 2530 4201 2664 4251; x_wconf 88' lang='lat' dir='ltr'><strong>dici-</strong></span> 
     </span>
     <span class='ocr_line' id='line_1_94' title="bbox 1583 4261 2666 4338; baseline -0.003 -16"><span class='ocrx_word' id='word_1_523' title='bbox 1583 4270 1744 4338; x_wconf 84' lang='lat' dir='ltr'><strong>mus),</strong></span> <span class='ocrx_word' id='word_1_524' title='bbox 1766 4288 1925 4338; x_wconf 82' lang='lat' dir='ltr'><strong>neque</strong></span> <span class='ocrx_word' id='word_1_525' title='bbox 1944 4272 2034 4322; x_wconf 78' lang='lat' dir='ltr'><strong>hos</strong></span> <span class='ocrx_word' id='word_1_526' title='bbox 2054 4274 2309 4338; x_wconf 79' lang='lat' dir='ltr'><strong>consertos</strong></span> <span class='ocrx_word' id='word_1_527' title='bbox 2330 4265 2461 4338; x_wconf 75' lang='grc' dir='ltr'><strong>(οὐκ</strong></span> <span class='ocrx_word' id='word_1_528' title='bbox 2483 4261 2666 4336; x_wconf 75' lang='grc' dir='ltr'><em>ἀθρό-</em></span> 
     </span>
    </p>
   </div>
  </div>
 </body>
</html>
