3109 5092
502 352 621 414 126
1359 350 1903 414 HERODOTI

493 518 704 611 ἀγρὸν
745 520 1088 610 ἠθέλησαν
1125 520 1445 595 ἀπολέσαι
1489 530 1735 614 δῆθεν·
1791 520 2014 592 ἐδέετό
2052 550 2125 591 τε
2151 527 2271 592 τοῦ
2302 520 2520 612 δήμου
2550 532 2771 610 φυλα-

494 630 612 712 κῆς
652 652 828 703 τινος
874 625 1036 713 πρὸς
1077 623 1287 696 αὐτοῦ
1340 633 1662 718 κυρῆσαι,
1718 626 2043 714 πρότερον
2081 621 2527 715 εὐδοκιμήσας
2570 629 2643 696 ἐν
2689 630 2772 715 τῇ
2837 673 2842 679 -

493 725 657 817 πρὸς
700 732 1057 815 Μεγαρέας
1114 734 1443 819 γενομένῃ
1494 737 1894 819 στρατηγίῃ,
1961 727 2261 797 Νίσαιάν
2311 756 2385 797 τε
2437 724 2611 798 ἑλῶν
2659 730 2771 796 καὶ

492 827 661 899 ἄλλα
704 828 1195 919 ἀποδεξάμενος
1246 834 1503 922 μεγάλα
1546 839 1730 921 ἔργα.
1820 828 1890 900 Ὁ
1930 831 2005 900 δὲ
2048 835 2255 919 δῆμος
2295 826 2332 901 ὁ
2372 836 2511 900 τῶν
2563 827 2767 919 Ἀθη*

492 939 707 1001 ναίων
751 936 1188 1021 ἐξαπατηθεὶς
1242 939 1461 1006 ἔδωκέ
1515 940 1585 1005 οἱ
1640 938 1780 1004 τῶν
1831 931 2055 1002 ἀστῶν
2108 936 2467 1016 καταλέξας
2518 930 2771 1021 ἄνδρας

489 1034 797 1121 τούτους,
838 1043 906 1104 οἳ
930 1037 1295 1125 δορυφόροι
1335 1039 1462 1127 μὲν
1500 1034 1625 1107 οὐκ
1654 1038 1962 1122 ἐγένοντο
1988 1035 2478 1127 Πεισιστράτου
2497 1086 2514 1120 ,
2561 1062 2767 1124 κορυ-

490 1137 777 1226 νηφόροι
820 1141 915 1207 δέ.
992 1138 1215 1220 ξύλων
1257 1139 1386 1230 γὰρ
1428 1139 1715 1231 κορύνας
1768 1145 2028 1227 ἔχοντες
2072 1140 2339 1209 εἵποντό
2388 1144 2457 1208 οἱ
2501 1133 2768 1207 ὄπισθε.

490 1240 1113 1323 συνεπαναστάντες
1155 1242 1230 1311 δὲ
1275 1234 1460 1312 οὗτοι
1500 1239 1637 1331 ἅμα
1662 1240 2121 1333 Πεισιστράτῳ
2168 1247 2361 1329 ἔσχον
2400 1239 2524 1328 τὴν
2563 1238 2767 1329 ἀκρό-

492 1350 710 1411 πολιν.
775 1348 949 1410 ἔνθα
991 1342 1077 1433 δὴ
1114 1340 1151 1413 ὁ
1189 1353 1665 1432 Πεισίστρατος
1706 1335 1867 1432 ἦρχε
1902 1341 2320 1430 Ἀθ-ηναίων,
2382 1341 2536 1412 οὔτε
2577 1340 2769 1432 τιμὰς

490 1441 605 1524 τὰς
633 1442 1349 1535 ἐούσαςσυνταράξας,
1389 1444 1544 1543 οὔτε
1583 1449 1831 1536 θέσμια
1875 1445 2310 1534 μεταλλάξας·
2361 1449 2477 1515 ἐπί
2498 1472 2569 1514 τε
2596 1462 2767 1516 τοῖσι

562 1601 947 1675 εὐδοκιμήσας
985 1602 1045 1662 ἐν
1091 1610 1163 1679 τῇ
1202 1604 1348 1679 πρὸς
1382 1612 1579 1678 Μεγα-

492 1675 623 1745 ρέας
653 1678 931 1748 γενομένῃ
969 1681 1295 1749 στρατηγίῃ]
1332 1684 1581 1733 Pertinet

489 1749 594 1801 hoc
641 1751 886 1815 inprimis
931 1752 1003 1802 ad
1056 1752 1453 1817 expeditionem
1512 1752 1581 1801 de

493 1820 867 1886 recuperanda
911 1820 1213 1885 Salamine,
1261 1830 1423 1887 quam
1467 1823 1582 1873 Me-

491 1903 749 1954 garenses
792 1891 1080 1954 tenebant,
1129 1897 1471 1957 susceptam,
1521 1892 1580 1941 in

494 1974 601 2022 qua
618 1965 835 2025 praeter
845 1960 1097 2012 Solonem
1109 1960 1393 2011 Pisistrati
1415 1962 1581 2011 etiam
1600 1980 1621 2013 ι

492 2028 556 2077 fit
574 2030 791 2079 mentio
829 2030 973 2093 apud
1000 2030 1280 2081 Plutarch.
1330 2031 1439 2080 vit.
1481 2030 1578 2081 So-

491 2095 601 2146 lon.
635 2112 755 2162 cap.
789 2095 841 2146 8.
872 2113 999 2164 pag.
1037 2100 1125 2149 82.
1152 2099 1260 2149 Sed
1280 2100 1425 2149 hunc
1438 2100 1576 2149 Pisi-

492 2170 723 2215 stratum
756 2168 985 2235 tyranni
996 2182 1155 2216 avum
1183 2168 1374 2229 fuisse,
1398 2180 1576 2233 neque

492 2234 667 2298 ipsum
711 2230 1026 2298 tyrannum,
1073 2235 1303 2286 adnotat
1337 2238 1577 2286 Wester-

491 2317 721 2351 mannus
738 2303 1134 2369 chronologicis
1150 2305 1455 2354 rationibus
1478 2321 1576 2370 po·

492 2371 760 2421 tissimum
793 2377 1121 2435 commotus,
1161 2387 1325 2437 quum
1361 2374 1576 2439 expedi-

490 2441 570 2490 tio
607 2446 798 2491 contra
832 2443 1179 2506 Megarenses
1213 2450 1469 2508 suscepta
1505 2444 1579 2493 sit

491 2509 708 2575 Olymp.
755 2511 953 2573 XLIV,
1007 2512 1054 2562 l.
1108 2513 1224 2562 sive
1286 2512 1390 2563 604
1447 2517 1577 2562 ante

489 2579 615 2630 Chr.
665 2596 720 2630 ιι.
775 2581 909 2642 (vid.
956 2580 1182 2631 Fischer
1243 2581 1466 2633 Zeittaf.
1517 2597 1573 2645 p.

492 2648 645 2713 109):
697 2665 803 2715 quo
845 2656 1086 2715 tempore
1131 2651 1453 2702 Pisistratus
1491 2656 1575 2715 ty-

489 2732 712 2783 rannus,
749 2734 908 2784 quem
942 2724 1129 2771 natum
1162 2720 1328 2787 vulgo
1364 2723 1575 2785 ponunt

492 2786 707 2853 Olymp.
757 2789 965 2853 XLVI,
1017 2790 1065 2840 1.
1127 2790 1242 2839 sive
1298 2789 1401 2840 596
1443 2794 1574 2839 ante

491 2855 617 2905 Chr.
679 2872 733 2906 n.
793 2855 925 2920 (vid.
985 2858 1229 2908 Fischer.
1295 2874 1350 2921 p.
1409 2857 1575 2920 113.,)

491 2923 730 2974 nondum
782 2931 945 2975 natus
1001 2924 1184 2977 fuerit.
1258 2926 1368 2976 Sed
1409 2941 1574 2990 quum

490 2996 682 3056 postea
707 2993 1063 3043 Athenienses
1096 3009 1131 3043 a
1162 2994 1576 3059 Megarensibus

491 3061 628 3110 victi
665 3061 860 3111 iterum
899 3062 1155 3112 Nisaeam
1203 3064 1450 3113 amisisse
1495 3063 1576 3113 di-

491 3134 685 3179 cantur
719 3145 753 3179 a
788 3130 1080 3181 Plutarcho
1115 3131 1229 3182 Vit.
1286 3131 1400 3182 Sol.
1451 3147 1572 3196 cap.

495 3199 599 3262 12„
635 3203 892 3263 poterunt
912 3199 1190 3250 Pisistrati
1215 3201 1433 3264 tyranni
1466 3216 1573 3250 me-

490 3268 600 3318 rita
666 3267 737 3318 ad
795 3269 1032 3320 Nisaeae
1090 3270 1572 3334 recuperationem,

490 3353 631 3403 quae
679 3341 825 3389 certe
879 3342 1006 3404 post
1052 3354 1252 3388 annum
1297 3338 1400 3390 596
1446 3343 1574 3389 ante

491 3408 615 3458 Chr.
655 3424 709 3458 n.
748 3408 900 3459 facta
946 3413 1057 3471 est,
1101 3412 1575 3474 spectaresprae-

490 3478 677 3527 sertim
710 3478 759 3526 si
781 3479 1133 3529 Pisistratum
1166 3478 1253 3528 vel
1286 3482 1413 3528 ante
1431 3477 1575 3536 hunc

454 3546 665 3611 ipsum
711 3562 911 3599 annum
953 3553 1143 3599 natum
1192 3548 1363 3598 fuisse
1409 3562 1575 3612 pona-

487 3629 625 3666 mus.

556 3685 752 3736 Nisaea
786 3686 1045 3750 Megarae
1090 3690 1174 3735 est
1221 3690 1441 3750 portus,
1480 3684 1575 3748 qui

485 3748 664 3815 longis
701 3754 981 3804 moenibus
1018 3769 1141 3804 cum
1171 3754 1294 3817 ipsa
1328 3753 1461 3804 urbe
1490 3757 1576 3802 est

490 3819 826 3870 coniunctus.
865 3822 991 3872 vid.
1031 3822 1222 3887 Thucy
1225 3821 1337 3873 did.
1372 3823 1418 3883 Ι,
1455 3820 1570 3871 103.

489 3884 657 3936 Plura
689 3889 866 3939 Kruse
909 3889 1099 3939 Hellas
1147 3891 1223 3952 ΙΙ,
1272 3892 1319 3942 1.
1363 3906 1417 3954 Ρ.
1467 3889 1571 3940 385

492 3968 641 4019 seqq.
668 3955 791 4005 coll.
829 3956 948 4007 362.
981 3961 1035 4006 et
1052 3959 1419 4021 Reinganum:
1454 3958 1571 4006 Das

492 4020 602 4073 alte
636 4024 894 4105 Megaris.
929 4025 1182 4075 Berolin.
1211 4026 1363 4075 1825.
1408 4025 1573 4075 Vete-

488 4105 606 4140 rum
644 4092 969 4155 scriptorum
1004 4108 1069 4141 ac
1103 4093 1460 4142 recentiorum
1495 4093 1573 4142 lo-

488 4174 581 4209 cos
616 4160 770 4211 dabit
794 4160 1076 4224 Forbiger.
1124 4160 1342 4210 Handb.
1379 4160 1432 4210 d.
1471 4160 1570 4210 alt.

486 4228 687 4293 Geogr.
724 4229 832 4279 111.
862 4244 914 4293 p.
952 4227 1074 4279 959.
1111 4228 1368 4293 reliquias
1408 4244 1571 4293 quas-

487 4297 612 4347 dam
663 4297 812 4347 urbis
877 4296 1055 4348 adhuc
1118 4312 1401 4361 superesse
1459 4313 1571 4347 mo-

484 4380 619 4418 nens
656 4382 720 4417 eo
754 4365 895 4430 loco,
930 4368 1019 4418 cui
1053 4380 1199 4417 nunc
1224 4380 1420 4417 nomen
1461 4367 1568 4417 Do·

1683 1611 1817 1662 delta
1855 1612 2104 1664 Ecclesia.
2142 1640 2213 1652 —-
2235 1598 2457 1663 Retinni
2494 1610 2768 1671 Νίσαιαν,

1682 1696 1804 1731 cum
1841 1696 1980 1731 unus
2018 1682 2138 1732 cod.
2169 1682 2422 1732 exhibeat
2457 1679 2768 1741 Νίσσαιαν,

1684 1751 1828 1815 quod
1875 1750 2073 1801 falsum
2128 1766 2249 1801 esse
2301 1756 2484 1801 monet
2529 1751 2765 1800 Bredov.

1683 1835 1738 1884 p.
1774 1822 1869 1882 97,
1919 1820 2247 1871 Herodoteis
2300 1821 2436 1871 locis
2485 1817 2766 1881 111,106.

1683 1888 1808 1951 VII,
1847 1890 1931 1939 40.
1972 1890 2070 1940 IX.
2103 1891 2187 1941 20.
2230 1890 2433 1940 allatis.

1752 1927 1930 2007 ἔδωκε’
1962 1952 2022 2007 οἷ
2067 1956 2183 2007 τῶν
2226 1951 2415 2008 ἀστῶν
2462 1950 2770 2038 καταλέξας

1679 2016 1897 2090 ἄνδρας
1957 2018 2219 2092 τούτους]
2288 2029 2435 2089 Quos
2500 2025 2769 2091 quinqua-

1679 2097 1835 2160 ginta
1880 2109 2102 2148 numero
2150 2097 2382 2161 primum
2427 2096 2599 2147 fuisse
2645 2109 2768 2145 nar-

1677 2169 1766 2214 rat
1800 2164 2077 2218 Plutarch.
2115 2166 2227 2216 Vit.
2268 2165 2451 2216 Solon.
2500 2163 2596 2226 30,
2643 2164 2766 2213 dein

1679 2239 1870 2285 auctos
1915 2250 2039 2285 esse
2085 2252 2118 2285 a
2176 2235 2497 2297 PisistratO,
2550 2234 2768 2299 permit·

1679 2307 1828 2352 tente
1864 2309 1960 2352 aut
1996 2305 2320 2355 connivente
2355 2303 2574 2369 populo.
2633 2304 2768 2353 Tre-

1679 2376 1867 2421 centos
1904 2372 2076 2423 fuisse
2112 2378 2303 2424 auctor
2337 2378 2421 2423 est
2456 2371 2767 2436 Polyaenus

1635 2441 1757 2517 ‘in
1772 2441 2013 2506 Strateg.
2066 2442 2114 2505 1,
2160 2443 2244 2493 21.
2288 2442 2338 2503 §-
2394 2440 2445 2494 3.
2519 2455 2766 2504 κορυνη-

1680 2500 1855 2589 φόροι
1893 2510 2097 2561 diserte
2129 2511 2221 2560 hic
2252 2511 2662 2576 distinguuntur
2693 2509 2764 2559 ab

1676 2578 1769 2640 iis,
1852 2579 1945 2642 qui
2027 2579 2370 2645 appellantur
2441 2569 2766 2644 δορυφθροι

1677 2646 1853 2727 (hasta
1888 2651 2097 2705 armati,-
2121 2648 2318 2698 hastam
2346 2646 2632 2713 yestantes)
2671 2663 2767 2697 no-

1676 2716 1821 2765 mine
1857 2717 1923 2765 de
1969 2717 2134 2781 regiis
2178 2717 2506 2768 satellitibus
2553 2717 2762 2767 usitato

1677 2783 1908 2849 indeque
1945 2787 2089 2850 apud
2132 2786 2335 2837 liberas
2382 2787 2641 2837 civitates
2686 2786 2765 2834 in-

1678 2853 1919 2914 vidios03
1974 2855 2085 2904 vid.
2137 2855 2197 2919 Ι,
2248 2856 2303 2907 8.
2364 2846 2762 2919 κορυνηφόροι
2837 2860 2844 2870 ·

1675 2927 1943 2973 vocantur
1978 2940 2012 2973 a
2046 2923 2221 2988 clava,
2261 2939 2368 2989 qua
2402 2925 2598 2974 armati
2635 2925 2765 2974 sunt

1679 2996 1937 3056 tanquam
1974 2993 2193 3043 milites.
2254 2994 2405 3043 Alias
2451 2998 2580 3043 suat
2618 2993 2764 3042 servi

1675 3060 1872 3124 pedum
1907 3062 2182 3124 pastorale
2228 3077 2273 3112 s.
2313 3062 2566 3115 baculum
2600 3062 2763 3112 rusti-

1677 3143 1797 3178 cum
1832 3137 2130 3195 gestantes.
2179 3132 2263 3181 De
2311 3131 2506 3196 quibus
2545 3135 2764 3196 praeter

1673 3197 1869 3250 Athen.
1908 3200 2038 3251 XII.
2062 3216 2116 3264 p.
2145 3200 2263 3251 410.
2299 3202 2418 3251 504.
2456 3199 2760 3265 Schweigh.

1676 3268 1761 3317 Gr.
1810 3268 2019 3318 consuli
2064 3268 2181 3319 vult
2225 3269 2513 3321 Ruhnken.
2565 3268 2635 3319 ad
2670 3270 2762 3321 Ti-

1676 3336 1815 3385 maei
1860 3338 2047 3388 Lexic.
2092 3338 2310 3393 Platon.
2359 3353 2488 3403 pag.
2533 3340 2656 3388 214.
2705 3342 2762 3386 et

1675 3409 1813 3456 nott.
1855 3408 1926 3457 ad
1964 3407 2136 3457 Cicer.
2179 3408 2247 3458 de
2284 3408 2531 3458 Divinat.
2582 3407 2629 3469 1,
2675 3407 2758 3456 17.

1674 3474 1927 3596 paz-tl85
1892 3557 1950 3593 τε
2004 3545 2153 3593 τοῖσι
2216 3514 2550 3593 κατεσῗτεωσι
2600 3538 2760 3607 ἔνεμε

1675 3607 1794 3677 τὴν
1815 3604 1987 3662 πόλιν
2018 3628 2069 3661 κ.
2108 3627 2154 3661 τ.
2195 3610 2267 3678 λ.]
2307 3614 2462 3663 Haec
2489 3612 2659 3663 verba
2693 3627 2762 3662 ex

1679 3681 2125 3732 antecedentibus
2175 3681 2336 3732 facile
2374 3680 2632 3745 explicari
2668 3697 2762 3746 po-

1677 3756 1879 3801 terunt.
1934 3750 2075 3800 Nam
2113 3750 2439 3800 Pisistratus
2475 3751 2763 3813 magistra-

1676 3823 1766 3870 tus
1804 3825 1969 3884 atque
2003 3819 2236 3869 honores
2271 3819 2393 3884 lege
2428 3818 2777 3869 constitutos.

1675 3888 1853 3939 nullos
1874 3887 2214 3967 perturbavit
2238 3892 2334 3937 aut
2365 3886 2586 3937 sustulit
2606 3877 2763 3951 (οὔτε

1675 3949 1837 4018 τιμὰς
1872 3948 1971 4013 τὰς
2007 3946 2212 4013 ἐούσας
2259 3948 2633 4021 συνταράξας)
2670 3971 2763 4007 ne-

1677 4039 1780 4087 que
1812 4024 1951 4075 ullas
1988 4025 2222 4074 mutavit
2263 4023 2413 4089 leges
2462 4024 2579 4087 (eas
2616 4025 2758 4105 scil„

1658 4107 1813 4208 guae
1858 4109 1892 4143 a
1931 4092 2131 4143 Solone
2179 4093 2327 4143 latae
2384 4098 2571 4143 erant:
2629 4062 2762 4142 οὔτε

1721 4160 1882 4225 έσμια
1918 4150 2310 4226 μεταλλάξας),
2349 4160 2446 4211 sed
2480 4162 2581 4224 iis,
2617 4176 2761 4226 quae

1672 4230 1729 4278 in
1739 4245 1798 4279 re
1809 4230 2027 4294 publica
2046 4230 2348 4280 constituta
2361 4236 2536 4292 erant,
2554 4233 2760 4294 optime
2783 4266 2790 4273 -

1670 4299 1902 4349 servatis
1961 4299 2241 4349 civitatem
2299 4298 2610 4349 moderatus
2672 4306 2760 4351 est

1668 4368 2056 4433 imperiumque
2091 4366 2514 4421 administravit.
2575 4367 2759 4433 Atque
