3109 5092
328 942 408 1003 82

423 346 550 406 606

1295 352 1838 412 HERODOTI

425 522 799 608 λεομὲνοισι
846 524 956 590 καὶ
993 532 1415 611 Βακχικοῖσι,
1472 529 1657 593 ἐοῦσι
1706 525 1778 593 δὲ
1819 531 2249 613 Αἰγυπτίοισι
2300 527 2410 596 καὶ
2448 536 2696 596 Πυθα-

424 631 766 712 γορείοισι.
842 623 1000 694 οὐδὲ
1031 626 1159 714 γὰρ
1187 628 1446 696 τούτων
1482 634 1620 696 τῶν
1654 625 1907 716 ὀργίων
1946 634 2306 718 μετέχοντα
2336 627 2525 698 ὅσιόν
2558 634 2696 698 ἐστι

425 731 499 796 ἐν
533 731 876 816 εἰρινέοισι
919 734 1137 818 εἵμασι
1176 736 1493 819 ταφῆναι.

427 830 801 918 λεγόμενος.

1581 736 1719 799 ἔστι
1754 732 1827 800 δὲ
1861 735 2013 823 περὶ
2059 731 2288 802 αὐτῶν
2320 731 2460 820 ἱρὸς
2501 733 2697 819 λόγος

579 936 713 1003 Καὶ
742 934 900 1001 τάδε
938 930 1108 1002 ἄλλα
1137 940 1576 1019 Αἰγυπτίοισί
1609 938 1746 1004 ἐστι
1793 939 2232 1025 ἐξευρημένα,
2282 944 2429 1026 μείς
2470 964 2543 1006 τε
2583 940 2693 1006 καὶ

425 1032 635 1126 ἡμέρη
671 1036 910 1125 ἑκάστη
949 1042 1137 1105 θεῶν
1172 1033 1327 1105 ὅτευ
1366 1043 1537 1123 ἐστι’,
1575 1041 1687 1107 καὶ
1727 1044 1806 1127 τῇ
1847 1043 2122 1120 ἕκαστος
2157 1035 2369 1128 ἡμέρῃ
2412 1041 2690 1130 γενόμε-

425 1209 480 1255 et
514 1206 748 1254 certiora
784 1209 838 1253 et
884 1206 1227 1254 accuratiora
1260 1204 1512 1254 edocebit

423 1275 686 1324 Boethius
708 1274 880 1323 altero
916 1273 1223 1338 philosoph.
1249 1273 1508 1323 historiae

423 1344 715 1405 volumine,
735 1343 1042 1407 propediem
1067 1344 1122 1391 in
1151 1343 1321 1392 lucem
1348 1344 1510 1393 eden-

426 1413 524 1471 (1ος
565 1428 665 1461 nec
703 1414 877 1476 magis
911 1411 999 1460 hic
1030 1413 1256 1473 attinet,
1306 1412 1371 1461 de
1410 1416 1507 1462 Or-

421 1483 698 1546 phicorum
737 1483 829 1546 qui
846 1482 1100 1531 dicuntur
1119 1481 1368 1531 doctrina
1391 1483 1508 1532 sive

423 1551 699 1615 theologia
720 1552 1028 1600 accuratius
1049 1550 1377 1615 disquirere:
1417 1567 1507 1601 cu-

423 1622 508 1670 ius
541 1621 826 1685 utriusque
859 1620 1214 1670 fundamenta
1259 1621 1417 1684 quasi
1454 1626 1508 1670 et

421 1695 714 1755 praecepta
746 1690 1002 1755 primaria
1029 1705 1095 1739 ex
1122 1692 1374 1755 Aegypto
1412 1692 1506 1741 ad—

422 1767 602 1810 sumta
634 1775 782 1821 esse,
820 1759 908 1809 vel
942 1760 1046 1809 hoc
1065 1760 1332 1810 Herodoti
1368 1759 1507 1823 loce,

426 1829 536 1879 alia
572 1836 634 1880 ut
677 1835 917 1893 taceam,
970 1830 1190 1894 probari
1236 1830 1503 1882 existima

424 1902 578 1962 Quae
626 1915 748 1949 cum
797 1900 875 1949 ita
921 1900 1059 1960 sint,
1109 1915 1284 1964 neque
1332 1901 1507 1950 Lobe-

422 1970 548 2019 ckio
599 1968 979 2034 (Aglaopham.
1031 1969 1076 2018 I.
1126 1986 1178 2033 p.
1228 1969 1332 2020 694
1378 1968 1501 2019 coll.

423 2041 524 2089 244
572 2054 684 2102 seq.
736 2039 913 2103 1104.)
962 2038 1216 2087 assentiri
1264 2054 1501 2102 possum,

399 2107 557 2175 ‘haec
596 2108 777 2156 omnia
812 2108 882 2156 ad
918 2107 1324 2157 Onomacritum
1369 2109 1508 2157 eius-

425 2191 529 2240 que
553 2175 737 2224 studia
754 2191 821 2224 ac
848 2176 1065 2225 fraudes
1085 2179 1382 2239 revocanti,
1416 2193 1507 2227 ne-

425 2261 529 2310 que
573 2243 825 2293 Krischio
858 2245 980 2308 ¹(De
1016 2246 1299 2295 societatis
1336 2262 1368 2295 a
1401 2248 1505 2310 Py·

422 2314 654 2377 thagora
704 2314 760 2361 in
799 2313 934 2361 urbe
978 2313 1199 2364 Croton.
1249 2315 1503 2365 conditae

423 2398 589 2447 scopo
613 2382 837 2446 politico
876 2381 1175 2432 Comment.
1213 2399 1266 2448 p.
1295 2385 1368 2449 5),
1410 2384 1502 2448 qui

422 2452 563 2503 hanc
608 2451 963 2517 Orphicorum
1013 2456 1069 2501 et
1111 2452 1504 2517 Pythagorico-

420 2538 536 2572 rum
565 2523 940 2571 institutorum
977 2521 1383 2572 similitudinem
1419 2539 1504 2572 re-

422 2593 552 2643 ferri
563 2592 682 2642 vult
696 2593 768 2642 ad
786 2592 1221 2641 coniunctionem
1230 2593 1505 2658 Pythago-

417 2663 651 2712 ricorum
670 2658 998 2728 (hominum)
1012 2677 1134 2711 cum
1148 2662 1503 2727 Orphicorum

421 2738 591 2795 secta,
616 2748 754 2798 quae
782 2731 985 2782 eversis
1016 2732 1363 2797 Pythagorae
1397 2730 1504 2781 col-

419 2802 579 2867 legiis
599 2818 632 2852 a
655 2800 1037 2866 superstitibus
1064 2801 1343 2865 discipulis
1367 2802 1505 2850 inita

423 2872 513 2920 sit.
556 2870 838 2921 Caeterum
863 2868 1051 2919 confer
1075 2869 1325 2921 Creuzer.
1349 2870 1502 2934 Syrn-

420 2939 530 2988 bol.
556 2938 632 2990 11.
674 2955 726 3003 p.
766 2937 824 2989 13
852 2953 1000 3002 seqq.
1044 2938 1140 2988 IV.
1179 2955 1233 3004 p.
1257 2941 1325 2989 27
1347 2955 1500 3004 seqq.

424 3006 492 3057 30
524 3022 675 3071 seqq.
718 3007 801 3055 ed.
843 3011 984 3068 tert„
1040 3005 1099 3056 C.
1141 3008 1207 3058 Ο.
1247 3007 1501 3058 Mueller:

421 3075 678 3141 Prolegg.
725 3090 819 3124 zur
864 3074 1165 3140 Mytholog.
1214 3092 1339 3141 pag.
1380 3077 1502 3128 380.

421 3143 573 3195 Alios
609 3146 754 3193 viros
782 3144 991 3203 doctos,
1030 3144 1217 3207 quide
1253 3145 1336 3194 his
1373 3150 1503 3195 scri-

417 3218 671 3279 pserunt,
732 3213 996 3263 excitavit
1048 3213 1226 3263 Bode:
1274 3215 1357 3264 De
1406 3215 1505 3264 Or-

416 3283 556 3365 pheo
588 3300 658 3364 p.
697 3285 762 3333 27
799 3287 914 3332 not.

472 3343 634 3402 ὅσιόν
664 3344 778 3402 ἔστι
809 3382 879 3390 -
901 3342 1219 3415 λεγόμενος]
1269 3351 1395 3402 Vid.
1423 3352 1499 3414 11,

292 3429 312 3447 “
419 3423 503 3485 37,
546 3424 639 3474 ubi
670 3421 979 3488 primarium
1007 3419 1287 3470 Plutarchi
1323 3421 1501 3471 locum

420 3494 487 3543 de
507 3493 642 3543 Isid.
668 3497 724 3542 et
747 3492 949 3542 Osirid.
972 3506 1092 3555 cap.
1106 3489 1156 3541 3.
1186 3507 1238 3554 p.
1255 3490 1435 3542 3520.
1450 3493 1498 3540 D

417 3564 525 3613 iarn
552 3562 914 3613 laudavimuS.
978 3561 1084 3623 Qui
1118 3575 1304 3609 veram
1341 3560 1500 3609 huius

421 3634 586 3682 moris
610 3647 828 3681 causam
855 3646 974 3680 eam
1007 3645 1127 3679 esse
1149 3631 1321 3694 ponit,
1359 3629 1499 3694 quod

419 3718 608 3766 purum
646 3701 800 3767 tangi
836 3717 868 3750 a
905 3716 1014 3749 non
1044 3715 1177 3763 puro
1215 3699 1290 3749 sit
1323 3700 1495 3749 nefaS.

416 3773 571 3820 Lana
608 3771 749 3820 enim
780 3786 903 3819 cum
949 3786 1014 3819 ex
1064 3769 1374 3819 animalium
1411 3784 1500 3817 ex-

418 3840 707 3889 crementis
722 3840 999 3889 ‘nascatur
1025 3839 1350 3902 minimeque
1371 3837 1498 3886 inde

416 3909 485 3957 ad
511 3924 648 3971 pura
672 3909 956 3971 pertineat,
984 3908 1227 3970 profecto
1245 3922 1353 3956 non
1375 3922 1498 3956 con-

416 3980 752 4036 sentaneum,
781 3992 899 4025 eam
935 3976 1004 4024 ab
1040 3976 1106 4023 iis
1143 3976 1364 4040 gestari,
1405 3976 1497 4040 qui

417 4061 576 4110 quam
615 4046 845 4094 maxime
881 4045 1002 4110 puri
1040 4050 1202 4109 atque
1250 4046 1388 4093 casti
1418 4044 1496 4092 vi-

418 4115 532 4165 deri
580 4119 637 4163 et
669 4129 729 4162 re
767 4128 897 4163 vera
932 4112 1158 4177 puritati
1210 4118 1265 4163 et
1308 4128 1495 4176 corpo·

415 4185 489 4232 ris
518 4187 574 4233 et
606 4196 811 4231 morum
847 4181 1065 4232 studere
1098 4181 1355 4233 debeant
1405 4182 1494 4231 Li-

413 4268 539 4302 num
587 4266 745 4312 ver0‚
790 4249 933 4315 quod
980 4265 1008 4299 e
1055 4253 1200 4299 terra
1236 4254 1493 4300 nascatur

411 4319 727 4383 immortali,
775 4323 979 4369 vestem
1018 4318 1267 4368 exhibere
1303 4333 1492 4384 puram

411 4405 478 4442 ac
512 4393 757 4454 tenuem,
794 4386 1103 4439 annualium
1149 4387 1491 4439 immunditia

1612 1209 1670 1253 et
1705 1207 2061 1256 excrementis
2108 1206 2254 1257 haud
2298 1207 2558 1257 infectam
2594 1223 2695 1258 nec

1609 1274 1784 1337 ipsam
1811 1275 2070 1325 animalia
2090 1292 2223 1341 prae
2254 1276 2601 1326 immunditia
2618 1278 2696 1341 gi-

1610 1349 1884 1408 gnentem.
1936 1347 2089 1408 Quae
2108 1346 2314 1409 insigni
2337 1346 2550 1409 Apuleii
2574 1346 2695 1395 loco

1610 1414 1665 1461 in
1703 1414 1932 1480 Apolog.
1972 1431 2096 1480 pag.
2127 1414 2230 1465 495
2269 1417 2471 1478 optime
2506 1415 2695 1465 confir·

1608 1489 1846 1533 mantur.
1912 1485 2140 1545 Lanam,
2174 1486 2551 1549 segnissimum
2578 1501 2695 1534 cor-

1612 1554 1757 1615 poris
1805 1558 2231 1613 excrementum,
2282 1555 2463 1617 pecori
2518 1554 2696 1604 detra-

1612 1627 1783 1684 ctam,
1836 1624 1944 1672 iam
1992 1623 2117 1671 inde
2150 1623 2222 1672 ab
2261 1623 2465 1688 Orphei
2499 1630 2554 1673 et
2590 1625 2695 1687 Py-

1610 1690 1873 1754 thagorae
1898 1696 2081 1742 aetate
2104 1692 2238 1741 dicit
2260 1693 2547 1757 profanum
2571 1708 2691 1743 esse

1607 1761 1884 1811 vestitum.
1966 1761 2073 1811 Sed
2121 1761 2530 1812 mundissimam
2573 1776 2692 1812 esse

1607 1827 1703 1878 lini
1742 1835 2010 1895 segetem,
2060 1831 2202 1881 inter
2238 1832 2471 1895 optimas
2505 1832 2689 1897 fruges

1607 1904 1785 1949 terrae
1821 1906 2067 1950 exortam
2107 1906 2213 1951 etc.
2281 1901 2388 1949 Pro
2408 1899 2558 1966 vulg.
2580 1901 2691 1949 θα·

1606 1966 1863 2031 φθῆναι,
1906 1969 2050 2034 quod
2085 1970 2215 2019 mihi
2256 1970 2534 2019 serendum
2581 1985 2691 2020 non

1611 2037 1899 2087 videbatur
1938 2039 2038 2101 (cf.
2066 2044 2203 2089 nott.
2242 2039 2312 2088 ad
2348 2040 2393 2100 I,
2429 2038 2575 2103 130),
2612 2055 2693 2089 re-

1611 2107 1803 2170 scripsi
1826 2106 2080 2172 ταφῆναι
2110 2108 2321 2175 aliquot
2343 2109 2599 2158 librorum
2625 2124 2692 2158 ex

1608 2177 1937 2227 auctoritate
1973 2178 2252 2244 ipsiusque
2301 2177 2435 2228 adeo
2472 2178 2694 2228 Floren-

1604 2246 1708 2294 tini
1739 2245 1881 2308 libri,
1918 2249 2008 2312 qui
2033 2248 2251 2298 exhibet
2279 2245 2565 2311 θαφῆναι,
2596 2248 2691 2297 sed

1606 2330 1772 2379 supra
1807 2318 2067 2380 scriptam
2088 2317 2257 2368 habet
2286 2315 2500 2367 literam
2520 2332 2569 2367 τ.
2607 2318 2691 2366 Tu

1604 2384 1717 2435 vid.
1767 2385 1932 2434 etiam
1991 2386 2108 2448 111,
2170 2388 2254 2438 10.
2310 2388 2395 2437 55.
2456 2385 2554 2449 IX,
2602 2387 2690 2447 84,

1610 2468 1745 2517 quos
1788 2453 1939 2504 locos
2000 2455 2155 2505 affert
2210 2455 2512 2505 Bredovius
2563 2470 2688 2520 pag.

1607 2521 1711 2573 348
1748 2524 2043 2573 secundum
2092 2525 2352 2575 aoristum
2397 2526 2455 2574 in
2489 2524 2689 2573 talibus

1607 2592 1749 2655 apud
1778 2593 2112 2643 Herodotum
2138 2594 2547 2659 praeferendum
2571 2608 2692 2643 esse

1607 2660 1826 2711 docens.
1908 2662 2062 2712 Unus
2114 2664 2299 2714 obstat
2355 2663 2508 2713 locus
2562 2663 2688 2725 VII,

1605 2731 1708 2780 228
1754 2728 1867 2794 (ubi
1927 2730 2240 2798 θαφθεῖσι)
2291 2734 2529 2798 itemque
2583 2734 2692 2782 Eu·

1603 2799 1773 2919 gta3th.
1808 2800 1880 2850 ad
1915 2800 2074 2853 Iliad.
2113 2818 2166 2867 p.
2206 2804 2327 2865 519,
2366 2803 2429 2853 41
2469 2803 2586 2852 sive
2632 2818 2686 2865 p.

1637 2870 1686 2918 2·
1710 2906 1723 2930 ,
1760 2869 1847 2920 29.

1926 3041 2060 3092 Car.
2097 3041 2374 3093 LXXXII.

1674 3141 1798 3221 μείς
1826 3157 1884 3192 τε
1916 3140 2009 3192 καὶ
2049 3133 2228 3208 ἡμέρη
2264 3174 2336 3184 -
2372 3135 2512 3208 ἐστί]
2554 3144 2684 3196 Scil.

1607 3204 1723 3275 ἱρή
1760 3207 1883 3291 μεὶς
1915 3213 2196 3264 Aeolicam
2230 3213 2421 3264 dicunt
2455 3214 2687 3263 formam

1608 3280 1726 3345 (pro
1762 3274 1917 3347 μὴν),
1956 3283 2190 3333 Homero
2224 3281 2335 3347 (Ili.
2375 3283 2525 3345 XIX,
2564 3285 2684 3334 117

1605 3350 1804 3414 Hymn.
1833 3352 1889 3399 in
1909 3352 2077 3401 Merc.
2113 3348 2212 3412 11),
2249 3352 2491 3403 Hesiodo
2523 3352 2684 3417 (Opp-

1607 3423 1661 3469 et
1703 3420 1772 3469 D.
1820 3421 1952 3481 557,
1986 3421 2080 3469 ubi
2134 3422 2283 3470 conf.
2340 3420 2686 3486 Goettling.),

1603 3489 1728 3537 aliis
1792 3495 2193 3554 requentatam·
2242 3491 2355 3540 vid.
2404 3490 2569 3541 Thes.
2615 3491 2681 3539 L.

1606 3558 1696 3607 Gr.
1719 3488 1794 3607 Ἀ
1824 3573 1875 3621 p.
1898 3557 2003 3609 996
2023 3559 2277 3609 Dindorf.
2316 3559 2374 3609 Si
2400 3566 2548 3610 recte
2571 3560 2686 3609 dis—

1601 3627 1819 3690 putavit
1839 3627 2025 3689 Miot„
2083 3627 2271 3678 Gallus
2308 3628 2573 3679 Herodoti
2606 3629 2686 3677 in·

1603 3701 1839 3760 terpres,
1894 3697 2028 3747 haec
2076 3703 2289 3747 tantum
2346 3698 2413 3747 de
2456 3697 2685 3762 singulis

1602 3765 1865 3830 cuiusque
1882 3765 2236 3817 hebdomadis
2261 3772 2465 3832 septem
2492 3765 2683 3816 diebus

1600 3833 1977 3900 intelligenda,
2013 3851 2187 3900 neque
2220 3835 2287 3885 de
2321 3836 2582 3886 continua
2607 3835 2685 3884 di·-

1599 3919 1748 3953 erum
1786 3906 1927 3955 serie
1949 3920 2044 3968 per
2067 3910 2240 3956 totum
2267 3920 2485 3955 annum.
2547 3904 2687 3956 Sunt

1598 3988 1727 4024 vero
1763 3973 1899 4025 haec
1935 3979 2084 4024 arcte
2103 3975 2397 4025 coniuncta
2420 3988 2541 4024 cum
2564 3972 2686 4024 uni·—

1596 4058 1757 4093 versa
1778 4043 2170 4109 Aegyptiorum
2187 4041 2473 4108 religione,
2497 4043 2555 4092 in
2578 4057 2687 4108 qua

1597 4111 1832 4175 plurima
1867 4113 1937 4163 ad
1973 4113 2104 4163 deos
2141 4111 2458 4163 calendar-os
2505 4118 2561 4162 et
2596 4127 2682 4161 ra-

1595 4180 1773 4229 tiones
1798 4182 2191 4233 astronomicas
2214 4181 2582 4246 physicasque
2600 4196 2684 4231 re-

1595 4249 1711 4299 lata
1730 4249 1995 4300 videmus.
2051 4252 2135 4300 De
2154 4266 2259 4315 quo
2280 4264 2548 4314 exponere
2568 4250 2681 4300 lon-

1595 4333 1722 4382 gum
1759 4323 1861 4371 est.
1931 4319 2087 4370 Conf.
2137 4319 2389 4369 Creuzer.
2437 4318 2679 4385 Symbol.

1597 4387 1673 4438 11.
1710 4402 1838 4453 pag.
1884 4388 1982 4439 125
2020 4400 2195 4454 seqq„
2236 4389 2473 4440 Heeren.
2513 4388 2681 4440 Ideen
