3109 5092
1286 296 1541 358 OLIO.
1583 299 1635 358 Ι.
1678 308 1799 362 202.

2552 306 2677 368 407

404 464 813 556 σαράκοντα,
873 474 1012 538 τῶν
1051 467 1131 539 τὰ
1174 468 1394 539 πάντα
1434 470 1613 561 πλὴν
1653 468 1802 552 ἕνός
1842 475 1908 553 ές
1949 474 2106 544 ἕλεά
2143 504 2214 545 τε
2245 481 2359 547 καὶ
2391 479 2674 567 τενάγεα

405 576 678 642 ἐκδιδοῖ.

782 574 858 640 έν
916 587 1088 642 τοῖσι
1156 569 1564 663 ἀνθρώπους
1631 582 2070 666 κατοικῆσθαι
2137 583 2408 667 λέγουσι
2476 589 2676 672 ἰχθῦς

406 672 628 765 αἷμούς
676 678 1136 763 σιτεομένους,
1191 679 1425 766 ἐσθῆτι
1482 679 1556 748 δὲ
1612 686 2000 768 νομίζοντας
2042 688 2333 770 χρᾶσθαι
2385 690 2675 773 φωκέων

406 783 706 867 δέρμασι.
785 776 860 848 τὸ
891 778 966 847 δὲ
997 783 1072 848 ἓν
1108 784 1246 850 τῶν
1272 780 1622 870 στομάτων
1660 788 1782 852 τοῦ
1803 780 2087 872 Ἀράξεω
2116 788 2254 873 ρεἐι
2300 784 2412 857 διὰ
2453 801 2669 860 καθα-

404 887 529 970 ροῦ
567 886 634 962 ές
669 878 795 970 τὴν
834 888 1152 969 Κασπίην
1204 883 1574 954 θάλασσαν.
1669 881 1710 974 ἡ
1758 886 1832 955 δὲ
1872 895 2142 976 Κασπίη
2182 889 2495 961 θάλασσά
2534 897 2673 963 ἐστι

403 983 513 1055 ἐπ’
547 987 831 1074 ἑωυτῆς,
861 982 944 1054 οὐ
971 992 1439 1074 συμμίσγουσα
1475 994 1555 1077 τῇ
1587 990 1775 1079 ἑτέρῃ
1804 989 2136 1079 θαλάσσῃ.
2220 990 2345 1081 τὴν
2383 994 2508 1082 μὲν
2544 995 2673 1083 γὰρ

381 1086 700 1179 ’Έλληνες
741 1096 1212 1159 ναυτίλλονται
1257 1096 1509 1178 πᾶσαν,
1552 1093 1663 1160 καὶ
1708 1088 1751 1182 ἡ
1791 1095 1915 1175 ἔξω
1953 1098 2253 1182 στηλέων
2278 1096 2590 1168 θάλασσα
2633 1096 2676 1189 ἦ

402 1289 684 1343 Eichwald
703 1289 788 1340 l.l.
823 1307 947 1356 pag.
970 1292 1057 1350 25,
1093 1291 1252 1342 modo
1279 1299 1488 1357 repute-

403 1378 537 1422 mus,
572 1361 716 1410 hunc
745 1360 942 1420 lacum,
971 1361 1125 1411 cuius
1148 1362 1327 1412 tenuis
1352 1362 1487 1413 haec

400 1431 472 1482 ad
497 1430 832 1480 Herodotum
859 1432 1167 1494 pervenerit
1191 1432 1360 1492 notio,
1393 1430 1489 1482 illa

403 1506 587 1551 aetate
611 1515 784 1565 neque
809 1504 1018 1550 tantum
1046 1501 1230 1562 fuisse,
1254 1507 1488 1567 quantus

402 1587 545 1620 nune
579 1570 917 1631 inveniatur,
969 1585 1143 1634 neque
1179 1572 1488 1622 accuratius

403 1641 621 1691 omnino
656 1640 950 1703 cognitum.
1009 1639 1133 1689 Alia
1171 1640 1393 1690 eandem
1429 1642 1487 1690 in

402 1727 514 1761 rem
562 1708 720 1758 affert
758 1709 1023 1773 Forbiger
1053 1708 1090 1758 l.
1121 1709 1158 1760 1.
1198 1710 1271 1760 11.
1310 1727 1362 1775 p.
1398 1711 1483 1772 76,

403 1779 499 1830 sed
526 1779 741 1828 cautius
768 1779 1081 1843 pronuntiat
1101 1779 1276 1829 Ukert
1303 1779 1338 1830 l.
1361 1779 1398 1829 l.
1429 1796 1483 1844 p.

404 1851 534 1910 222,
582 1864 648 1898 ex
695 1848 958 1897 Herodoti
994 1848 1174 1898 verbis
1211 1849 1322 1899 tale
1357 1849 1486 1914 quid

402 1917 653 1970 concludi
689 1933 849 1980 posse
887 1932 1111 1982 negans.
1171 1919 1329 1980 Quod
1367 1919 1487 1968 bra-

402 1988 584 2038 chium
612 1988 672 2037 in
709 1986 964 2052 Caspium
995 2003 1145 2037 mare
1182 1986 1482 2050 delabatur,

400 2059 458 2108 id
491 2073 632 2107 nunc
659 2057 773 2106 fere
802 2057 1132 2107 exsiccatum
1153 2057 1326 2106 videri
1355 2058 1485 2108 scri-

401 2129 486 2178 bit
519 2125 830 2187 Eiehwald,
881 2126 960 2175 ita
995 2132 1057 2175 ut
1102 2126 1368 2192 hodieque
1401 2143 1490 2176 ve-

403 2197 572 2262 stigia
605 2196 751 2246 alvei
786 2196 1040 2260 cognosci
1076 2197 1320 2261 possint,
1368 2212 1489 2246 cum

401 2283 544 2317 nunc
572 2266 721 2318 Oxus
743 2263 808 2328 (s.
838 2265 966 2314 Arma
990 2266 1180 2326 Dacia,
1210 2282 1364 2329 quem
1390 2281 1487 2329 pro

403 2337 581 2387 Araxe
630 2333 816 2398 habet)
862 2339 1014 2384 recta
1062 2336 1156 2384 via
1204 2334 1260 2384 in
1311 2334 1487 2384 lacum

401 2403 534 2456 Aral
568 2421 627 2454 se
671 2403 940 2453 effundat:
987 2420 1092 2468 quo
1128 2403 1250 2454 loco
1291 2405 1486 2455 Araxis

401 2476 561 2525 huius
596 2473 723 2524 olim
758 2473 921 2523 suerit
952 2474 1179 2534 ostium,
1229 2473 1306 2523 ibi
1342 2489 1486 2523 nunc

402 2560 612 2610 quoque
649 2544 798 2594 cerni
837 2541 1073 2604 insulas,
1121 2542 1483 2604 Tschelekan,

404 2611 844 2678 Ogurtschinski,
866 2611 1006 2662 alias
1026 2617 1154 2662 ante
1174 2613 1358 2678 Caspii
1379 2629 1487 2662 ma-

401 2685 478 2734 ris
512 2684 688 2734 sinum
723 2681 1062 2732 Krasnowod
1097 2684 1252 2732 sitas.

473 2742 534 2801 ἐν
584 2754 732 2802 τοῖσι
789 2741 1143 2814 ἀνθρώπους
1197 2747 1489 2813 κατοικῆ·

406 2820 567 2887 σθαι]
605 2823 698 2873 Sic
722 2822 970 2871 meliores
994 2820 1139 2870 libri.
1187 2820 1363 2885 Vulgo
1388 2834 1488 2868 κα-

405 2894 613 2941 τοικεῖ
623 2890 781 2941 σθαι.
808 2917 881 2927 -
924 2888 1010 2939 Ad
1048 2887 1385 2955 νομίζοντας
1431 2890 1490 2939 in

403 2976 552 3040 seqq.
590 2962 665 3012 cf.
704 2962 749 3022 Ι,
783 2961 900 3013 130.

476 3025 592 3095 (isa
641 3023 739 3080 διὰ
787 3025 1078 3094 καθαροῦ]
1159 3025 1487 3090 wesseling.

404 3099 642 3168 suppleri
673 3100 827 3150 iubet
860 3091 1069 3160 τόπου,
1109 3100 1171 3146 ut
1201 3096 1350 3144 fluvii
1387 3095 1489 3146 hoc

405 3173 606 3223 ostium
643 3184 808 3219 unum
838 3166 1178 3232 intelligatur
1212 3180 1314 3228 per
1348 3167 1489 3215 mini·

403 3257 478 3291 me
500 3240 748 3292 turbidum
778 3245 830 3289 et
851 3240 1070 3289 limosum
1091 3235 1225 3294 labi,
1258 3250 1378 3284 eum
1408 3251 1488 3285 re-

401 3311 551 3377 liqua
581 3310 725 3360 ostia
745 3310 803 3358 in
825 3306 1053 3372 paludes
1081 3311 1382 3368 stagnaque
1410 3303 1488 3354 lu-

403 3385 529 3431 tosa
574 3379 913 3430 evolvantur.
980 3376 1073 3426 Sic
1116 3375 1262 3424 infra
1297 3373 1392 3436 IV,
1421 3374 1488 3424 53

405 3450 472 3500 de
509 3448 870 3513 Borysthene:
919 3437 1036 3509 ᾆέει
1075 3458 1132 3492 τε
1166 3434 1488 3506 καθαρὸς

404 3510 561 3582 παρὰ
585 3517 901 3579 θολεροῖσι.
952 3517 1132 3578 Quare
1156 3528 1262 3563 non
1287 3513 1485 3577 placet,

403 3588 568 3654 quod.
596 3585 902 3650 Schweigh.
930 3575 1027 3633 διὰ
1051 3580 1320 3646 καθαροῦ
1346 3599 1486 3632 com-

405 3658 613 3710 modius
642 3655 883 3721 intelligi
905 3658 1086 3720 putat:
1122 3669 1221 3715 per
1242 3654 1370 3713 loca,
1405 3651 1490 3700 nbi

402 3729 584 3778 nullum
600 3727 771 3778 obstat
788 3725 1170 3786 impedimenttme
1182 3759 1195 3778 ‚
1222 3721 1348 3771 coll.
1359 3722 1486 3782 vn,

408 3796 506 3848 183
541 3803 597 3846 et
628 3793 903 3860 Aristoph.
943 3792 1159 3843 Eccles.
1192 3790 1313 3841 320.

473 3856 510 3929 ἡ
557 3859 621 3916 δὲ
663 3862 893 3926 Κασπίη
946 3851 1209 3911 θάλασσά
1248 3851 1362 3908 ἐστι
1405 3848 1488 3908 ἐπ’

403 3926 618 3999 ἑωυτῆς
641 3950 691 3983 κ.
714 3949 760 3982 τ.
781 3931 850 3998 λ.]
882 3933 1032 3983 Satis
1057 3931 1190 3980 haec
1214 3931 1490 3990 evincunt,

405 4006 604 4056 eximia
637 4005 894 4054 Nostrum
929 4001 1087 4051 huius
1121 3999 1284 4050 maris
1319 4000 1490 4048 scien·

404 4076 486 4124 tia
521 4090 651 4139 prae
696 4073 895 4123 ceteris
931 4070 1101 4121 fuisse
1144 4070 1487 4119 instructum.

404 4145 545 4194 Nam
574 4143 767 4208 reliqui
805 4141 1097 4206 scriptores
1132 4139 1259 4188 inde
1294 4137 1364 4187 ab‘
1381 4138 1488 4188 l-Ie-

405 4218 598 4265 cataeo
633 4211 848 4263 Milesio
895 4210 1108 4273 (contra
1153 4223 1308 4273 quem
1353 4206 1490 4257 haec

403 4285 528 4345 ipsa
560 4283 632 4333 ab
667 4281 951 4332 Herodoto
998 4279 1203 4342 scripta
1237 4276 1492 4327 videntur

405 4352 704 4407 Klausenio
724 4351 796 4404 ad
814 4349 1082 4404 Hecataei
1109 4349 1304 4415 fragm.
1326 4362 1381 4414 p.
1398 4346 1488 4414 92)

1589 1310 1761 1360 usque
1796 1294 1865 1344 ad
1903 1301 2155 1360 posterae
2204 1299 2402 1350 aetatis
2446 1301 2673 1367 scripto-

1591 1379 1705 1426 res,
1747 1380 1854 1413 uno
1891 1370 2117 1431 excepto
2148 1366 2470 1432 Aristotele,
2507 1370 2672 1436 vulgo

1589 1433 1891 1496 tradidere,
1923 1451 1987 1485 ex
2022 1452 2225 1486 oceano
2261 1439 2674 1503 septentrionali

1591 1503 1845 1568 Caspium
1876 1520 2023 1554 mare
2049 1507 2301 1570 influere,
2340 1524 2447 1574 qua
2469 1509 2536 1559 de
2562 1511 2675 1575 opi-

1591 1573 1753 1621 nione
1788 1572 1944 1637 plura
1979 1575 2285 1626 Casaubon.
2325 1576 2396 1626 ad
2417 1579 2670 1630 Strabon.

1591 1642 1687 1691 XI.
1717 1657 1840 1706 pag.
1866 1644 1968 1692 507
1997 1660 2041 1695 s.
2074 1644 2193 1705 773,
2232 1647 2391 1696 Voss.
2421 1647 2491 1697 ad
2519 1649 2674 1698 Pom-

1587 1727 1712 1776 pon.
1765 1710 1891 1761 Mel.
1929 1712 2041 1773 ΙΙΙ,
2074 1715 2135 1775 5,
2167 1714 2259 1776 16,
2309 1731 2444 1780 quos
2485 1716 2675 1767 laudat

1588 1780 2002 1846 Wesselingius‚
2029 1789 2083 1831 et
2111 1799 2250 1848 quae
2278 1783 2389 1833 alia
2411 1784 2566 1849 plura
2593 1785 2672 1835 af-

1589 1852 1771 1901 ferunt
1793 1849 2112 1901 Tzschucke
2135 1852 2205 1901 ad
2225 1852 2405 1902 Melae
2429 1852 2467 1903 l.
2491 1853 2529 1905 l.
2544 1870 2669 1920 pag.

1592 1919 1691 1970 128
1709 1934 1858 1984 seqq.
1881 1925 2020 1969 nott.
2045 1937 2236 1986 exegg.
2251 1959 2264 1983 ,
2288 1922 2551 1988 Forbiger
2574 1924 2614 1976 l.
2632 1923 2669 1974 l.

1587 2006 1639 2053 p.
1660 1989 1723 2038 31
1765 1993 1821 2038 et
1848 1988 2023 2038 Ukert
2044 1989 2082 2040 l.
2110 1990 2147 2039 1.
2185 2007 2239 2056 p.
2274 1992 2394 2055 211,
2437 1995 2527 2057 qui
2562 2009 2672 2043 om-

1587 2059 1733 2108 nium
1784 2060 2193 2110 accuratissime
2246 2066 2489 2111 veterum
2542 2064 2673 2114 scri-

1591 2133 1800 2192 ptorum
1846 2129 2161 2179 testimonia
2197 2128 2264 2179 de
2298 2132 2435 2181 mari
2473 2131 2670 2198 Caspio

1590 2196 1797 2247 retulit.
1871 2198 2052 2262 Magis
2100 2197 2170 2249 ad
2218 2200 2551 2251 Herodotum
2595 2202 2673 2251 fa·

1589 2267 1741 2316 ciunt
1783 2266 2062 2318 Aristotel.
2112 2269 2395 2320 Meteorol.
2436 2271 2575 2333 11,1
2618 2276 2673 2320 et

1588 2336 1814 2386 Diodor.
1872 2336 2040 2387 Sicul.
2087 2338 2302 2401 XVIII,
2338 2341 2371 2391 5
2426 2345 2480 2389 et
2533 2355 2671 2405 quae

1589 2406 1918 2470 Kephalides
1940 2406 2242 2471 disputavit
2262 2408 2328 2457 de
2355 2408 2483 2460 hist.
2506 2409 2669 2474 Casp.

1588 2490 1722 2525 mar.
1767 2492 1818 2539 p.
1849 2475 1935 2525 65.
1992 2476 2136 2525 Hine
2174 2477 2518 2528 Ptolemaeus
2565 2480 2670 2543 pri-

1589 2559 1705 2592 mus
1734 2543 1905 2593 fertur
1925 2546 1984 2593 in
2012 2544 2211 2594 tabulis
2237 2551 2461 2596 notasse
2484 2563 2671 2597 verum

1587 2612 1845 2662 ambitum
1866 2611 2026 2663 huius
2050 2614 2233 2664 maris.
2260 2641 2331 2650 —
2357 2615 2514 2665 Cons.
2542 2617 2671 2666 Bre-

1588 2682 1711 2732 dov.
1765 2682 2064 2746 Uranolog.
2122 2699 2248 2748 pag.
2299 2684 2509 2734 XXVII
2555 2701 2671 2751 seq.

1590 2756 1646 2801 et
1669 2766 1805 2817 quae
1835 2766 2004 2814 nuper
2031 2752 2099 2801 de
2121 2752 2206 2802 his
2233 2752 2489 2803 disseruit
2508 2753 2660 2805 Alex.

1591 2822 1659 2871 ab
1697 2819 2019 2870 Humboldt:
2067 2822 2196 2872 Asie
2231 2823 2473 2872 centrale
2507 2822 2583 2873 II.
2613 2840 2668 2889 p.

1596 2892 1690 2941 164
1715 2905 1828 2953 seq.
1854 2917 1923 2925 —
1954 2889 2039 2939 Ad
2063 2889 2389 2942 locutionem
2416 2883 2506 2941 ἐπ’
2535 2881 2672 2941 ἑωυ-

1588 2958 1690 3023 τῆς
1716 2958 1860 3009 conf.
1886 2959 2089 3010 Herod.
2116 2960 2161 3022 Ι,
2190 2961 2289 3011 142
2322 2961 2507 3027 ibique
2529 2967 2668 3014 nott.

1660 3021 1765 3093 τὴν
1795 3022 1900 3093 μὲν
1925 3020 2031 3093 γὰρ
2048 3018 2320 3094 Ἕλληνες
2345 3031 2671 3080 ναυτίλλον-

1588 3113 1681 3147 ται
1711 3096 1922 3164 πᾶσαν]
1962 3097 2181 3149 Iudicat
2213 3116 2377 3161 mare,
2416 3100 2558 3166 quod
2591 3102 2673 3151 in-

1590 3174 1677 3218 tra
1711 3169 1988 3219 columnas
2022 3170 2323 3220 Herculeas
2361 3175 2471 3230 est,
2517 3172 2671 3220 medi-

1588 3246 1874 3288 terraneum
1907 3254 2081 3298 mare,
2123 3240 2265 3304 qnod
2301 3255 2467 3303 supra
2498 3240 2546 3297 1,
2572 3241 2671 3290 185

1590 3307 1874 3357 dicebatur
1909 3297 2017 3370 ἥδε
2055 3300 2090 3371 ἡ
2126 3300 2415 3371 θάλασσα,
2447 3310 2674 3359 Graecis

1590 3378 1821 3427 maxime
1848 3383 1977 3426 nota
2002 3381 2057 3426 et
2079 3377 2360 3443 navigata.
2419 3378 2674 3442 Sequitur

1588 3448 1696 3496 iam
1734 3444 1963 3495 Oceanus
2002 3445 2291 3496 Atlanticus
2339 3446 2457 3495 sive
2505 3461 2670 3507 mare,

1592 3514 1733 3581 quod
1777 3520 1933 3565 extra
1966 3515 2220 3565 Herculis
2257 3513 2535 3565 columnas
2568 3519 2670 3576 est,

1587 3602 1653 3635 ac
1691 3583 1921 3650 denique
1950 3581 2179 3633 oceanus
2199 3586 2443 3635 aze-stratis
2475 3600 2519 3632 s.
2564 3599 2672 3633 ma-

1589 3670 1752 3721 gnum
1796 3652 1945 3703 istud
1989 3669 2167 3714 mare,
2218 3652 2359 3718 quod
2405 3653 2591 3702 Asiam
2638 3669 2673 3702 a

1590 3723 1812 3774 meridie
1847 3720 2031 3784 alluit,
2069 3722 2309 3772 Africam
2332 3721 2403 3771 ab
2442 3724 2670 3784 oriente,

1591 3792 1839 3859 quodque
1868 3791 2090 3840 Indicum
2126 3791 2292 3856 vulgo
2327 3795 2555 3841 vocatur
2592 3797 2671 3840 at-

1590 3878 1693 3928 que
1726 3862 1797 3911 ab
1820 3860 2097 3911 Herodoto
2136 3861 2476 3911 orientalium
2508 3861 2673 3912 homi-

1588 3947 1716 3981 num
1744 3947 1809 3980 ex
1829 3947 1972 3982 more
2000 3930 2197 3981 dicitur
2222 3921 2257 3995 ἡ
2281 3921 2539 3995 Ἐρυθρὴ
2562 3931 2668 3994 (sc.

1594 3992 1875 4064 θάλασσα)
1913 4001 2031 4066 pari
2068 4001 2224 4051 modo
2260 4006 2421 4066 atque
2460 4000 2544 4063 ΙΙ,
2584 4000 2667 4051 11.

1594 4071 1721 4131 102,
1766 4075 1912 4120 recte
1948 4076 2196 4120 monente
2232 4069 2278 4121 I.
2315 4071 2580 4120 Seemann
2612 4071 2672 4118 in

1592 4141 1725 4190 diss.
1765 4139 1833 4188 de
1868 4139 2029 4189 rebus
2066 4140 2237 4205 gestis
2274 4140 2513 4189 Arabum
2547 4137 2669 4202 (Be-

1588 4208 1745 4259 rolin.
1774 4206 1934 4270 1835)
1975 4225 2028 4273 p.
2054 4211 2106 4260 4.
2160 4211 2235 4259 Et
2268 4208 2394 4260 vide
2431 4209 2508 4258 sis
2543 4224 2670 4274 quo-

1592 4295 1693 4343 que
1721 4278 1789 4327 ad
1824 4278 1868 4337 Ι,
1899 4278 1923 4328 1
1963 4283 2100 4329 nott.
2126 4284 2180 4328 et
2209 4278 2278 4328 ad
2307 4279 2353 4340 Ι,
2383 4278 2487 4328 180
2510 4280 2667 4337 nott„

1590 4348 1683 4400 ubi
1719 4347 1787 4399 de
1822 4347 1981 4400 huius
2018 4349 2182 4399 maris
2220 4351 2403 4416 parte,
2445 4346 2514 4398 de
2548 4346 2671 4399 sinu
