3109 5092
447 330 568 394 284

1298 329 1841 394 HERODOTI

446 535 530 596 ρα
571 506 647 576 δὲ
684 503 759 574 τὸ
785 502 1089 594 ὀφείλειν
1126 507 1350 593 χρέος,
1394 509 1666 576 πολλῶν
1701 504 1826 594 μὲν
1866 507 1980 575 καὶ
2023 503 2250 575 ἄλλων
2278 508 2541 588 εἵνεκα,
2580 500 2702 591 μά-
2725 519 2795 574 69

447 621 636 681 λιστα
674 609 750 679 δὲ
791 605 1166 696 ἀναγκαίην
1209 611 1374 697 φασὶ
1418 607 1623 695 εἶναι,
1665 607 1784 679 τὸν
1823 607 2185 699 ὀφείλοντα
2211 616 2332 677 καί
2368 634 2431 676 τι
2460 612 2712 691 ψεῦδος

447 717 688 801 λέγειν.
739 708 856 791 Ὃς
895 706 980 781 ἂν
1012 712 1088 781 δὲ
1125 717 1262 780 τῶν
1288 709 1513 781 ἀστῶν
1544 715 1799 801 λέπρην
1834 709 1876 803 ἢ
1917 712 2168 800 λεύκην
2210 718 2362 800 ἔχῃ,
2403 713 2470 790 ἐς
2512 709 2710 780 πόλιν

445 807 639 896 οὗτος
665 812 748 885 οὐ
777 818 1160 904 κατέρχεται
1178 865 1195 899 ,
1223 811 1384 885 οὐδὲ
1408 821 1853 904 συμμίσγεται
1878 830 2052 885 τοῖσι
2081 812 2343 885 ἄλλοισι
2372 816 2672 902 Πέρσῃσι
2690 833 2706 847 ·

446 921 613 1009 φασὶ
649 920 730 988 δέ
751 947 868 1008 μιν
894 921 961 999 ἐς
986 914 1105 989 τὸν
1139 914 1329 1006 ἥλιον
1357 913 1738 1007 ἁμαρτόντα
1767 946 1830 989 τι
1868 924 2078 988 ταῦτα
2120 924 2317 1006 ἔχειν.
2382 920 2603 998 ξεῖνον
2635 914 2711 984 δὲ

446 1023 695 1106 πάντα,
723 1020 844 1092 τὸν
878 1019 1389 1110 λαμβανόμενον
1415 1017 1549 1091 ὑπὸ
1575 1019 1865 1108 τούτων,
1910 1022 2146 1092 πολλοὶ
2174 1019 2609 1103 ἐξελαύνουσι
2635 1021 2711 1086 ἐκ

445 1131 561 1215 τῆς
584 1125 835 1216 χώρης,
877 1125 991 1193 καὶ
1028 1122 1143 1204 τὰς
1168 1123 1414 1205 λευκὰς
1447 1123 1874 1215 περιστερὰς,
1919 1123 2043 1213 τὴν
2072 1121 2286 1212 αὐτὴν
2313 1129 2537 1211 αἰτίην
2563 1124 2708 1192 ἐπι-

449 1330 706 1392 recteque
757 1324 913 1375 addit
958 1325 1044 1375 vir
1089 1325 1283 1376 doctus
1331 1341 1396 1375 ex
1443 1325 1528 1375 his

449 1401 617 1460 atque
675 1394 941 1445 similibus
999 1395 1216 1445 omnino
1272 1395 1531 1460 cog-nosci

449 1480 611 1530 posse
644 1465 757 1513 vim
793 1467 959 1529 atque
992 1465 1287 1529 puritatem
1333 1465 1531 1514 doctri-

448 1550 552 1585 nae
587 1534 982 1584 Zoroastricae.
1056 1535 1162 1584 Pro
1208 1525 1532 1598 ἀναγκαίην

448 1603 666 1653 minime
718 1617 852 1667 opus
910 1603 1147 1653 scribere
1193 1593 1528 1668 ἀναγκαῖον,

451 1677 512 1723 ut
536 1673 675 1724 bene
702 1673 1029 1722 monstravit
1061 1671 1387 1738 Wesseling.
1444 1671 1529 1723 Of.

446 1742 651 1793 Herod.
690 1742 778 1802 II,
824 1742 940 1793 182.
985 1742 1081 1805 IV,
1127 1742 1241 1793 180.

521 1800 587 1869 ὃς
620 1801 694 1860 ἂν
732 1806 796 1861 δὲ
840 1809 956 1860 τῶν
999 1803 1189 1860 ἀστῶν
1236 1807 1451 1876 λέπρην
1497 1798 1536 1874 ἢ

447 1874 659 1946 λεύκην
696 1875 795 1946 ἔχῃ
842 1896 892 1930 κ.
929 1896 978 1930 τ.
1017 1880 1087 1947 λ.]
1159 1882 1236 1931 Et
1278 1880 1429 1945 lepra
1477 1885 1533 1930 et

452 1951 610 2002 leuca
644 1951 713 2001 ad
751 1966 914 2000 unum
953 1951 1204 2015 idemque
1237 1950 1409 2000 morbi
1445 1965 1534 2015 ge-

449 2035 551 2070 nus
587 2020 860 2084 pertinere
894 2021 1137 2080 videtur,
1187 2020 1335 2084 quod
1368 2020 1532 2085 vulgo

450 2088 718 2140 communi
763 2088 949 2153 leprae
994 2088 1358 2153 appellatione
1398 2090 1534 2139 indi-

450 2162 627 2208 catur.
698 2158 877 2207 Huius
925 2158 1068 2207 enim
1115 2158 1326 2221 species
1373 2173 1534 2223 quae-

452 2228 576 2278 dam
613 2240 735 2277 esse
768 2226 983 2276 videtur
1017 2230 1160 2276 leuca
1194 2242 1239 2277 s.
1278 2219 1313 2291 ἡ
1343 2218 1532 2291 λεύκῃ,

451 2311 614 2361 quam
651 2296 792 2345 cutis
833 2285 1135 2359 ἔξανθημα
1172 2293 1231 2359 (i.
1263 2312 1311 2347 e.
1348 2300 1536 2360 pustu-

450 2365 534 2416 las
581 2366 638 2416 in
686 2370 838 2426 cute,
897 2364 1246 2431 vitiliginem)
1293 2365 1536 2416 declarat

450 2434 794 2497 Aristoteles,
819 2434 1185 2499 appellatione
1204 2434 1328 2485 inde
1350 2436 1532 2498 ducta,

452 2504 625 2571 quod,
665 2505 761 2569 qui
796 2504 899 2554 hoc
933 2504 1121 2555 morbo
1155 2503 1426 2566 laborant,
1465 2506 1534 2555 iis

452 2573 638 2639 capilli
674 2573 988 2634 albescant,
1023 2574 1174 2623 Hist.
1209 2574 1388 2625 Anim.
1425 2575 1533 2636 ΙΙΙ,

456 2643 539 2694 11.
579 2661 635 2709 p.
663 2644 767 2695 805
793 2643 855 2693 C.
928 2644 1038 2694 Ubi
1072 2642 1417 2694 orientalium
1443 2644 1537 2694 ho-

451 2714 655 2763 minum
690 2713 832 2764 ratio
867 2713 1120 2763 habenda
1159 2717 1268 2774 est,
1307 2728 1534 2778 quorum

453 2783 640 2846 capilli
658 2782 971 2846 plerumque
995 2786 1124 2833 sunt
1145 2783 1307 2847 nigri.
1355 2783 1536 2846 Atque

453 2852 669 2901 omnino
715 2843 751 2914 ἡ
788 2847 960 2915 λεύκη
1004 2852 1229 2902 Graecis
1264 2849 1356 2901 ille
1404 2852 1536 2902 dici-

452 2923 542 2969 tur
576 2920 825 2982 morbus,
863 2920 920 2968 in
949 2935 1057 2984 quo
1096 2920 1236 2969 cutis
1270 2920 1535 2985 quaedam

453 2986 515 3037 fit
561 2987 791 3038 mutatio
842 2988 913 3037 ad
961 2987 1225 3051 albidius,
1280 3003 1420 3051 quae
1468 3005 1534 3040 ex

452 3057 671 3107 viscosa
731 3055 1115 3121 glutinosaque
1161 3058 1363 3120 pituita
1410 3073 1535 3108 con-

452 3125 687 3175 trahitur
713 3131 768 3175 et
791 3124 1105 3190 plerumque
1134 3124 1190 3174 in
1223 3126 1535 3177 interiorem

454 3194 696 3259 corporis
722 3198 932 3259 partem
967 3210 1077 3244 non
1113 3199 1378 3258 penetrat.
1434 3197 1537 3246 Le-

452 3279 584 3329 prae
618 3263 850 3314 habetur
883 3278 1053 3328 genus
1090 3268 1146 3313 et
1172 3279 1292 3313 cum
1326 3279 1391 3314 ea
1413 3265 1537 3329 ipsa

452 3333 598 3383 haud
654 3349 780 3384 raro
840 3328 1194 3383 confunditur
1248 3348 1348 3384 nec
1397 3335 1534 3384 satis

454 3407 711 3454 accurate
770 3402 839 3452 ab
895 3418 962 3452 ea
1016 3402 1359 3453 discernitur.
1445 3405 1531 3455 Cr.

454 3472 665 3523 consuli
708 3472 859 3522 iubet
894 3470 1147 3523 Hensler.
1201 3471 1396 3522 Gesch.
1438 3472 1534 3523 des

453 3541 774 3593 abendland.
805 3542 1104 3592 Aussatzes
1132 3540 1315 3603 (1790)
1352 3556 1405 3604 p.
1436 3541 1531 3593 191

453 3616 509 3660 et
542 3610 821 3677 Sprengel.
857 3612 916 3660 in
940 3609 1174 3676 Apolog.
1211 3611 1533 3674 Hippocrat.

454 3679 500 3730 1.
538 3695 593 3744 p.
619 3681 724 3731 259
760 3696 911 3747 seqq.
986 3679 1111 3729 Alia
1145 3680 1261 3743 ipse
1299 3678 1426 3729 olim
1454 3685 1537 3729 at-

453 3747 556 3798 tuli
622 3750 693 3799 ad
751 3750 971 3799 Ctesias
1022 3749 1271 3814 fragmm.
1332 3763 1384 3811 p.
1436 3749 1530 3800 181

454 3817 715 3880 (Persice.
768 3821 818 3879 §-
858 3817 969 3882 41).
1041 3818 1122 3867 Ac
1166 3818 1303 3865 satis
1348 3821 1537 3867 notum

454 3888 566 3944 est,
618 3901 726 3935 non
773 3885 948 3936 solum
996 3886 1305 3946 Hebraeos,
1351 3901 1538 3935 verum

456 3967 639 4003 omnes
686 3953 849 4003 etiam
893 3953 1132 4017 reliquos
1181 3954 1407 4004 orientis
1442 3971 1537 4019 po-

452 4019 610 4085 pulos
643 4019 851 4084 lepram
888 4021 1049 4071 valde
1086 4026 1368 4072 aversatos
1394 4038 1533 4074 esse.

454 4091 652 4139 Persas
699 4087 931 4152 legimus
968 4090 1204 4140 maxima
1248 4105 1379 4140 cura
1426 4092 1538 4142 evi-

453 4163 606 4208 tasse
639 4156 912 4220 leprosos,
961 4158 1247 4222 ipsumque
1293 4161 1538 4210 morbum

457 4227 525 4277 ab
572 4225 896 4287 Ahrimano,
956 4226 1050 4291 qui
1093 4226 1266 4276 malus
1313 4231 1398 4276 est
1448 4244 1538 4292 ge-

455 4295 610 4356 nius,
644 4294 822 4360 infligi
856 4297 1108 4358 putass03
1153 4299 1219 4345 ut
1258 4294 1352 4346 illo
1388 4295 1539 4347 labo-

456 4368 640 4416 rantes
676 4364 746 4415 ab
770 4364 916 4415 omni
947 4363 1224 4415 hominum
1259 4365 1537 4416 consortio

1632 1331 1971 1389 arcerentur,
2024 1325 2097 1375 ad
2131 1339 2267 1390 quos
2301 1324 2558 1388 contagio
2598 1337 2714 1387 per-

1632 1396 1817 1446 venire
1859 1399 2066 1461 posset.
2139 1394 2281 1457 Quin
2324 1408 2512 1458 preces
2561 1407 2714 1456 repe-

1631 1466 1844 1516 riuntur
1878 1467 1935 1515 in
1968 1465 2139 1515 sacris
2167 1465 2458 1513 Persarum
2479 1461 2635 1511 libris
2657 1462 2715 1511 in

1635 1539 1933 1599 conspectu
1968 1534 2173 1598 leprosi
2208 1532 2499 1597 faciundae
2544 1535 2716 1581 recte-

1635 1619 1740 1670 que
1760 1604 1887 1654 inde
1922 1604 2117 1654 statuit
2138 1602 2328 1653 Rhode
2359 1602 2487 1668 (Die
2513 1599 2717 1665 heilige

1636 1675 1781 1737 Sag-e
1804 1674 1858 1724 d.
1883 1674 2037 1724 Pers.
2065 1688 2116 1736 p.
2143 1670 2246 1724 503
2265 1671 2428 1736 seq.),
2454 1686 2539 1732 ea,
2575 1685 2717 1734 quae

1634 1744 1950 1794 Herodotus
1983 1741 2196 1802 tradat,
2236 1757 2357 1791 cum
2391 1738 2547 1790 libris
2584 1741 2719 1789 Zen-

1636 1812 1773 1863 dicis
1819 1827 2039 1877 prorsus
2091 1811 2411 1873 convenire,
2473 1808 2717 1873 exceptis

1636 1882 1797 1932 unice
1832 1882 1929 1945 iis,
1978 1896 2119 1947 quae
2154 1879 2222 1930 de
2261 1878 2524 1930 columbis
2567 1878 2718 1928 addi-

1637 1951 1795 2002 derit.
1847 1951 2065 2002 Nostris
2090 1949 2425 2013 temporibus
2450 1947 2597 1997 haud
2624 1946 2719 1997 ali-

1639 2025 1721 2070 ter
1757 2026 2042 2085 separatos
2078 2020 2325 2084 adeoque
2347 2017 2588 2067 inclusos
2624 2032 2719 2081 per

1636 2090 1897 2140 orientem
1916 2089 2147 2140 inveniri
2159 2088 2399 2137 homines
2415 2087 2520 2137 hoc
2531 2086 2717 2138 morbo

1638 2164 1944 2223 correptos,
1998 2162 2213 2223 praeter
2270 2156 2406 2207 alios
2462 2156 2720 2206 observat

1637 2228 1898 2280 Niebuhr.
1938 2229 1992 2277 in
2015 2226 2180 2279 Arab.
2205 2226 2478 2290 Descript.
2515 2242 2570 2291 p.
2602 2226 2718 2277 120.

1639 2298 1796 2361 Quod
1851 2297 1966 2348 Soli
2012 2301 2108 2346 aut
2154 2296 2397 2361 peccatis
2439 2296 2498 2344 in
2541 2295 2720 2346 Solem

1638 2367 1940 2418 commissis
1986 2365 2229 2417 morbum
2284 2365 2579 2428 adscripsit
2632 2380 2722 2414 ve·

1638 2445 1813 2486 terum
1836 2436 2174 2502 quorundam
2190 2435 2528 2499 superstitio,
2558 2435 2723 2485 Grae-

1640 2521 1823 2556 corum
1866 2506 1971 2556 hoc
2015 2521 2114 2555 nos
2168 2504 2452 2565 admonet,
2509 2503 2601 2568 qui
2649 2504 2718 2552 ab

1638 2575 1890 2639 Apolline
1930 2573 1992 2639 (i.
2031 2590 2080 2624 e.
2114 2574 2260 2624 Solis
2299 2572 2539 2639 numine)
2576 2574 2721 2623 irato

1636 2643 1949 2695 istiusmodi
2002 2643 2220 2693 morbos
2271 2642 2491 2691 immitti
2538 2642 2723 2691 existi-

1638 2715 1880 2765 mabant.
1921 2713 2145 2778 Insigne
2166 2711 2395 2777 praebet
2421 2711 2719 2776 exemplum

1636 2783 1942 2844 Aeschinis,
1968 2797 2109 2846 quae
2129 2780 2461 2846 perhibetur,
2488 2780 2722 2845 epistola

1637 2854 1832 2918 prima.
1903 2851 2092 2902 Delios
2138 2849 2329 2900 scribit
2373 2848 2467 2900 ille
2503 2854 2721 2916 propter

1637 2920 1909 2986 Apollinis
1946 2922 2083 2971 iram
2114 2919 2343 2969 affectos
2379 2934 2497 2970 esse
2532 2920 2721 2970 morbo

1638 2991 1944 3056 pestilenti,
1981 2990 2040 3039 in
2075 3004 2181 3054 quo
2217 2981 2327 3052 ,,τὰ
2360 2981 2464 3053 μὲν
2498 2981 2721 3051 πρόσω-

1640 3075 1722 3109 πα
1755 3051 2106 3123 ἐπίμπλαντο
2133 3054 2336 3122 λεύκης
2357 3052 2452 3107 καὶ
2479 3049 2581 3115 τὰς
2603 3053 2721 3121 τρί-

1639 3143 1743 3194 χας
1778 3123 1969 3178 λευκοὶ
2003 3117 2326 3191 ἔγίνοντο.“

1707 3192 1804 3247 καὶ
1829 3189 1929 3254 τὰς
1953 3189 2154 3253 λευκὰς
2176 3187 2532 3262 περιστερὰς]
2567 3197 2723 3247 Haec

1641 3267 1803 3333 vulgo
1853 3268 1922 3317 de
1953 3266 2086 3330 albis
2120 3265 2433 3330 intelligunt
2470 3266 2719 3326 columbis,

1639 3329 1776 3400 quas
1817 3339 2038 3400 propter
2082 3334 2195 3385 albi
2240 3334 2437 3385 coloris
2474 3334 2724 3385 similitu-

1639 3406 1819 3456 dinem
1857 3420 1979 3455 cum
2012 3404 2288 3468 vitiligine
2323 3403 2719 3466 laborantibus,

1639 3490 1867 3540 quorum
1903 3472 2109 3538 pallida
2155 3473 2327 3523 facies
2373 3478 2535 3537 atque
2577 3473 2724 3523 albe-

1639 3559 1824 3604 scens,
1873 3544 2149 3594 eiecerint.
2220 3541 2414 3592 Album
2456 3543 2596 3592 enim
2634 3559 2723 3592 co-

1637 3612 1807 3663 lorem
1842 3612 2025 3662 Persis
2063 3611 2298 3661 invisum
2340 3611 2617 3662 dictitant.
2654 3639 2724 3647 —-

1640 3681 1749 3732 Sed
1796 3681 2033 3731 omnium
2079 3681 2487 3731 sanctissimum
2538 3681 2722 3731 Persis

1639 3750 1830 3800 haberi
1864 3749 2009 3800 hunc
2040 3749 2299 3810 colorem,
2339 3750 2432 3814 qui
2468 3749 2724 3799 innocen-

1638 3820 1780 3880 tiae,
1825 3819 2161 3884 integritatis
2212 3820 2458 3883 adeoque
2499 3818 2722 3881 pietatis

1640 3887 1901 3937 indicium
1947 3889 2049 3948 sit,
2099 3889 2300 3950 optime
2335 3893 2722 3937 commonstra-

1638 3956 1721 4006 vit
1739 3958 2018 4007 Hammer.
2042 3957 2336 4007 inWiener
2361 3955 2589 4007 Jahrbb.
2617 3957 2718 4006 lx.

1637 4041 1691 4090 p.
1732 4026 1815 4076 17.
1861 4024 1945 4076 18.
2028 4025 2189 4076 Unde
2232 4040 2570 4091 consequens
2618 4029 2722 4089 est,

1637 4093 1727 4144 hic
1747 4110 1856 4145 non
1883 4095 1951 4144 de
1979 4095 2109 4145 albis
2129 4094 2395 4146 columbis
2424 4110 2723 4145 sermonem

1638 4163 1881 4226 institui,
1919 4163 2013 4212 sed
2049 4163 2117 4213 de
2147 4164 2383 4215 columbis
2416 4172 2465 4213 et
2498 4166 2627 4226 ipsis
2653 4168 2725 4213 le-

1636 4236 1825 4296 prosis,
1863 4247 2000 4297 quas
2035 4233 2242 4296 pariter
2277 4237 2445 4296 atque
2480 4232 2725 4282 homines

1639 4299 1882 4365 leprosos
1908 4316 1942 4349 a
1962 4316 2021 4349 se
2042 4305 2278 4350 remotas
2307 4300 2581 4350 voluerint
2601 4302 2728 4351 Per-

1640 4383 1754 4420 sae.
1824 4368 1992 4419 Plura
2012 4369 2273 4421 Hammer
2307 4368 2345 4418 l.
2379 4368 2421 4420 l.
2459 4367 2652 4420 Rhode
2684 4370 2725 4421 l.
