3109 5092
1148 336 1652 399 EUTERPE.
1698 339 1782 398 II.
1822 343 1910 400 36.

2539 336 2662 398 505

386 516 740 603 κομέουσι,
797 514 872 582 έν
912 511 1237 604 Αἰγύπτῳ
1282 511 1359 581 δὲ
1403 514 1782 603 ξυρεῦνται.
1854 524 2025 580 τοῖσι
2077 509 2338 583 ἄλλοισι
2386 511 2661 605 ἀνθρώ-

387 637 571 690 ποισι
607 616 811 706 νόμος
850 611 986 704 ἅμα
1033 613 1232 703 κήδει·
1269 615 1598 704 κεκάρθαι
1643 613 1759 696 τὰς
1800 611 2097 703 κεφαλὰς
2113 668 2130 701 ,
2186 614 2342 697 τούς
2381 617 2664 706 μάλιστα

386 725 676 793 ἱκνέεται
693 742 707 756 ·
765 717 1127 807 Αἰγύπτιοι
1160 718 1236 789 δὲ
1275 714 1409 788 ὑπὸ
1434 716 1592 800 τούς
1626 716 1967 798 θανάτους
2004 716 2250 789 ἀνιεῖσι
2291 718 2407 801 τὰς
2436 732 2663 809 τρίχας

384 822 712 908 αὔξεσθαι
739 822 856 904 τοὶς
881 850 955 892 τε
983 825 1059 891 έν
1084 828 1168 914 τῇ
1194 828 1455 912 κεφαλῇ
1482 825 1595 892 καὶ
1627 828 1723 914 τῷ
1750 829 2027 914 γενείῳ,
2057 826 2221 902 τέως
2247 825 2658 914 ἐξυρημένοι.

384 944 555 999 τοῖσι
592 927 718 1017 μὲν
751 924 1011 996 ἄλλοισι
1040 922 1463 1016 ἀνθρώποισι
1497 927 1701 1014 χωρὶς
1738 932 2007 1015 θηρίων
2044 932 2266 996 δίαιτα
2300 923 2659 1015 ἀποκέκρι-

385 1061 523 1115 ται,
581 1038 1011 1118 Αἰγυπτίοισι
1046 1028 1121 1099 δὲ
1161 1024 1332 1118 ὁμοῦ
1367 1037 1671 1118 θηρίοισι
1700 1023 1741 1118 ἡ
1774 1026 1998 1098 δίαιτᾶ
2026 1032 2185 1098 ἐστι.
2259 1027 2390 1100 ἆπό
2423 1037 2662 1119 πυρῶν

386 1136 498 1205 καὶ
539 1137 839 1225 κριθέων
879 1123 1082 1201 ὧλλοι
1109 1129 1412 1216 ζώουσι,
1441 1139 1843 1220 Αἰγυπτίων
1877 1130 1953 1201 δὲ
1991 1137 2084 1226 τῷ
2124 1136 2503 1227 ποιευμένῳ
2528 1130 2660 1204 ἆπὸ

386 1237 648 1309 τούτων
685 1235 809 1327 τὴν
849 1234 1039 1324 ζόην,
1092 1232 1356 1317 ὄνειδος
1398 1234 1715 1325 μέγιστόν
1754 1237 1926 1321 ἐστι,
1969 1232 2140 1305 ἀλλὰ
2182 1233 2314 1307 ἀπὸ
2355 1234 2661 1325 ὀλυρέων

385 1410 451 1459 47
476 1423 590 1474 seq.
657 1406 818 1458 Conf.
849 1405 1222 1472 Olympiodor.
1256 1405 1326 1456 ad
1351 1406 1475 1456 Pla-

387 1483 500 1529 ton.
537 1477 715 1528 Alcib.
753 1491 807 1541 p.
849 1475 974 1527 18.“

455 1566 602 1614 τοῖσι
638 1552 858 1612 ἄλλοισι
893 1552 1259 1626 ἀνθρώποισι
1297 1552 1473 1625 νόμος

382 1650 432 1684 κ.
457 1650 502 1683 τ.
531 1630 603 1698 λ.]
635 1632 861 1683 Graecis
879 1631 1023 1683 hunc
1046 1647 1250 1682 morem
1281 1631 1470 1692 fuisse,

384 1708 579 1755 auctor
596 1706 683 1753 est
705 1701 985 1753 Plutarch.
1016 1701 1158 1766 Opp.
1184 1699 1314 1765 (11.)
1340 1716 1468 1766 pag.

383 1772 482 1824 367
516 1773 583 1823 Β.
654 1774 738 1822 Ex
771 1771 1160 1836 Aegyptiorum
1199 1786 1347 1821 more
1384 1785 1471 1819 ex-

381 1841 691 1908 plicandum
724 1857 941 1907 quoqne
977 1841 1110 1901 erit,
1150 1840 1294 1905 quod
1321 1840 1470 1890 Iose-

382 1913 536 1978 phus,
566 1911 712 1976 regis
735 1912 889 1962 iussu
921 1926 951 1961 e
979 1913 1195 1960 carcere
1218 1910 1468 1971 eductus,

382 1987 673 2046 antequam
710 1982 780 2032 ad
817 1980 1156 2031 Pharaonem
1204 1979 1466 2040 venisset,

381 2052 642 2102 abrasisse
685 2058 842 2114 capue
890 2055 946 2101 et
993 2054 1238 2099 mutasse
1287 2053 1469 2099 vestes

381 2119 581 2172 dicitur
615 2121 672 2170 in
710 2120 907 2171 Genea.
945 2119 1094 2182 XLI,
1130 2119 1212 2170 14.

449 2198 584 2263 τοὺς
616 2198 855 2270 μάλιστα
890 2196 1159 2269 ἴκνέεται]
1199 2203 1284 2255 Ad
1313 2203 1466 2265 haec,

379 2280 632 2328 monente
657 2275 1015 2335 Valckenar.‚
1055 2290 1120 2324 ex
1151 2272 1469 2323 anteceden-

380 2347 527 2396 tibus
563 2343 922 2410 supplendum
967 2339 1172 2407 κῆδος,
1211 2347 1271 2392 ιιι
1309 2342 1348 2390 ii
1386 2342 1470 2391 in-

377 2415 725 2479 telligantur,
785 2413 857 2462 ad
892 2427 1014 2478 quos
1048 2414 1352 2475 potissimum
1385 2426 1470 2460 ve-

377 2489 453 2535 m't
493 2486 685 2542 luctus,
741 2481 779 2532 i.
830 2497 875 2531 e.
926 2482 1020 2546 qui
1066 2480 1294 2546 proximi
1342 2485 1470 2530 sunt

375 2569 625 2678 Ξίῗὲἳς
660 2552 806 2677 :3:13
811 2551 1067 2684 2332.
1096 2550 1368 2680 2222&
1364 2550 1470 2668 ‘¹1¹2'ss

373 2693 471 2755 VI,
511 2693 577 2743 57
616 2689 846 2754 aliisque
894 2689 963 2739 ab
1009 2688 1129 2754 ipso
1171 2688 1354 2739 allatis
1390 2687 1467 2738 lo-

378 2762 485 2823 cis,
524 2776 588 2810 eo
624 2758 844 2810 minime
880 2773 1043 2824 opus,
1078 2763 1142 2809 nt
1174 2762 1324 2808 recte
1356 2773 1465 2807 mo-

375 2836 469 2882 net
505 2828 810 2910 Schweigh.
854 2827 1085 2878 laudans
1123 2827 1330 2879 Herod.
1365 2826 1463 2889 lx,

376 2901 465 2951 26.
505 2926 571 2936 —-
606 2888 723 2947 ὑπὸ
773 2890 909 2954 τούς
953 2889 1278 2958 θανάτους,
1335 2895 1373 2946 i.
1414 2911 1462 2946 e.

376 2969 575 3034 quando
612 2983 658 3017 s.
698 2982 794 3034 quo
829 2973 1048 3030 tempore
1086 2969 1197 3032 quis
1243 2963 1465 3032 (cogna-

377 3045 553 3090 torum
599 3053 644 3088 s.
695 3037 937 3100 suorum)
982 3044 1060 3086 ese
1109 3043 1354 3095 mortuus,
1402 3040 1464 3086 ut

378 3110 437 3170 1,
477 3108 571 3170 51,
609 3107 704 3157 ubi
738 3105 854 3156 vid.
891 3109 1033 3155 nott.
1103 3104 1189 3155 Ad
1232 3096 1372 3162 τέως
1407 3106 1463 3155 in

377 3193 529 3243 seqq.
572 3177 720 3227 conf.
754 3176 802 3239 Ι,
837 3174 907 3226 86
944 3174 1129 3239 ibique
1163 3179 1303 3225 nott.

447 3274 805 3344 Αἰγυπτίοισι
842 3271 907 3327 δὲ
943 3268 1093 3342 ὁμοῦ
1129 3274 1392 3340 θηρίοισι
1427 3268 1463 3340 ἡ

376 3296 569 3399 δίαιτα
614 3341 752 3414 ἐστι]
803 3337 997 3396 δίαιτα
1056 3348 1272 3396 omnino
1326 3350 1462 3397 vitae

376 3424 460 3471 est
494 3421 652 3474 ratio.
687 3417 885 3468 vivendi
915 3416 1087 3467 modus
1105 3429 1174 3466 ac
1209 3418 1364 3478 locus,
1400 3421 1463 3465 ιιι

374 3490 420 3550 Ι,
459 3489 546 3539 35.
587 3486 708 3537 157.
755 3487 829 3547 11,
866 3485 953 3546 68,
1005 3500 1141 3549 quos
1183 3484 1334 3535 locos
1382 3485 1459 3534 af-

377 3559 484 3608 fert
528 3555 833 3620 Schweigh.
886 3556 1034 3604 Voce
1089 3551 1319 3617 θηρίων
1364 3553 1458 3603 do—

376 3626 607 3677 mestica
660 3640 859 3689 pecora
912 3622 1060 3685 (nost
1124 3622 1457 3687 Hansfflere)

377 3695 716 3761 potissimum
769 3692 1034 3756 intelligi,
1092 3706 1309 3742 monere
1366 3693 1459 3741 vix

378 3779 534 3830 opus.
617 3763 799 3828 Atque
846 3761 1072 3814 eandem
1113 3775 1334 3825 prorsus
1376 3761 1458 3809 vi·

375 3833 539 3884 vendi
563 3832 831 3883 rationem
855 3831 1131 3882 hominum
1159 3845 1280 3879 cum
1301 3844 1459 3893 peco-

375 3903 525 3954 ribus
558 3901 873 3951 domesticis
907 3899 1179 3964 hodieque
1216 3898 1459 3949 advertit

374 3972 428 4021 in
474 3971 726 4034 Aegypto
771 3966 1030 4019 Minutoli
1072 3967 1260 4030 (Reise
1316 3966 1458 4016 nach

374 4040 495 4090 dem
542 4037 765 4102 Tempel
812 4037 941 4102 etc.)
986 4051 1040 4101 p.
1084 4036 1207 4088 243.
1255 4036 1340 4086 Cr.
1384 4034 1455 4085 ad

1099 4104 1226 4167 ,‚cf.
1269 4105 1455 4168 Zoiiga

371 4109 428 4159 h.
468 4106 505 4157 l.
547 4105 840 4171 adscripsit
876 4105 1039 4156 haec:

1081 4189 1196 4238 seq.
1237 4177 1293 4223 et
1324 4172 1452 4222 add.

373 4178 440 4228 de
476 4175 736 4226 obelisco.
771 4190 900 4240 pag.
940 4173 1043 4225 283

370 4244 645 4308 Descript.
681 4242 750 4293 de
789 4241 934 4308 l’Eg.
971 4241 1083 4293 vol.
1121 4243 1198 4293 11.
1239 4258 1293 4306 p.
1330 4240 1451 4302 331,

367 4314 466 4364 ubi
501 4310 761 4362 animalia
789 4315 1035 4361 veterum
1061 4310 1454 4376 Aegyptiorum

371 4382 670 4434 domestica
713 4385 1107 4439 memorantur3
1152 4380 1211 4429 in·
1256 4377 1451 4443 quibus

1578 1411 1761 1457 tamen
1809 1419 1919 1455 non
1966 1405 2187 1455 fuerunt
2239 1408 2293 1454 et
2342 1403 2561 1470 elephas
2607 1411 2663 1457 et

1580 1474 1880 1526 camelus-‘⁴
1952 1474 2111 1537 Quod
2146 1477 2432 1540 utrumque
2458 1475 2661 1526 animal

1577 1547 1632 1596 in
1668 1543 1994 1610 anaglyphis
2039 1560 2105 1594 ac
2154 1546 2515 1595 monumentis
2558 1546 2662 1597 Ae·

1577 1615 1784 1682 gyptiis
1853 1629 1974 1664 cum
2038 1613 2203 1679 vulgo
2258 1613 2448 1665 deesse
2501 1621 2662 1681 puta·

1575 1692 1751 1745 retur,
1804 1699 1838 1732 a
1892 1699 1951 1732 se
1995 1683 2272 1733 inventum
2331 1698 2451 1734 esse
2501 1689 2662 1736 notat

1575 1751 1829 1805 Minutoli
1882 1752 1921 1802 l.
1976 1751 2127 1803 laud.
2174 1768 2301 1818 pag.
2360 1752 2482 1804 203.
2575 1755 2660 1804 De

1574 1823 1861 1889 elephanto
1900 1823 1974 1872 cf.
2015 1827 2131 1872 not.
2168 1822 2240 1872 ad
2284 1822 2358 1883 11,
2409 1821 2497 1873 28.
2551 1823 2661 1874 Va·

1571 1894 1674 1944 luit
1713 1899 1893 1944 autem
1929 1891 2033 1943 hoc
2063 1892 2212 1942 vitae
2250 1893 2406 1957 quasi
2441 1907 2659 1943 consor-

1572 1964 1707 2014 tium
1742 1961 2054 2013 animalium
2090 1965 2254 2025 atque
2285 1959 2562 2011 hominum
2587 1961 2658 2012 ad

1572 2029 1941 2085 consecranda
1988 2036 2044 2081 et
2087 2030 2407 2080 medicanda
2452 2032 2659 2081 anima·

1572 2103 1703 2153 lium
1738 2115 1993 2165 corpora,
2040 2115 2146 2165 quo
2183 2104 2397 2166 spectat
2440 2102 2657 2167 zoegae

1571 2169 2657 2230 1..1Tuvid‚nott.a‹111‚67.-

1571 2241 1637 2291 In
1672 2256 1825 2305 seqq.
1879 2255 1909 2289 e
1942 2237 2256 2290 melioribus
2305 2239 2463 2290 codd.
2503 2256 2655 2291 revo-

1571 2312 1694 2361 cavi
1731 2323 1932 2373 πυρων
1954 2324 2052 2374 pro
2092 2305 2334 2370 πυρέων,
2371 2310 2554 2374 quod
2539 2326 2656 2361 iure

1571 2380 1851 2431 damnavit
1899 2377 2133 2428 Bredov.
2181 2394 2235 2443 p.
2275 2378 2405 2441 235,
2441 2380 2532 2445 qui
2571 2381 2652 2430 af-

1570 2451 1678 2500 fert
1699 2449 1807 2511 111,
1846 2449 1931 2499 22.
1968 2448 2065 2509 IV,
2091 2447 2176 2498 33.
2216 2448 2343 2508 VII,
2378 2416 2497 2499 1'87.
2536 2450 2652 2515 qui-

1569 2520 1672 2569 bus
1704 2520 1757 2568 in
1781 2518 1916 2568 locis
1941 2516 2059 2567 sine
2082 2517 2195 2566 ulla
2224 2517 2492 2567 varietate
2524 2519 2654 2568 scri-

1571 2594 1745 2669 ptum
1758 2591 1941 2638 exstat
1967 2584 2198 2664 πυρῶν.

1639 2648 1755 2706 ἀπὸ
1811 2646 2065 2717 ὀλυρέων
2122 2651 2421 2703 ποιεῦνται
2481 2654 2649 2713 σιτιᾜα

1568 2719 1669 2783 τὰς
1733 2716 1881 2785 ζειὰς
1918 2671 2291 2786 ε,μετεξέτεροι
2364 2722 2687 2791 καλέουσιῙ.

1566 2788 1714 2855 ζειάς
1759 2793 2058 2873 recepimus
2112 2807 2234 2842 cum
2277 2798 2504 2844 recentt.
2552 2810 2649 2859 pro

1567 2864 1717 2930 vulg.
1752 2855 1904 2926 ζεὰς,
1950 2861 2218 2927 probante
2265 2878 2479 2928 quoque
2524 2865 2652 2915 Bre-

1568 2935 1693 2984 dov.
1747 2948 1873 2998 pag.
1924 2930 2043 2982 160.
2139 2932 2316 2996 Atque
2365 2933 2649 2984 Buttman-

1568 3019 1696 3064 nus‚
1746 3007 2001 3053 monente
2040 3002 2146 3063 Cr„
2190 3001 2248 3051 in
2294 3002 2543 3069 Lexilog.
2592 3020 2646 3068 p.

1570 3072 1669 3124 108
1693 3071 1992 3132 contendit,
2021 3061 2197 3132 ολυρα
2217 3071 2649 3137 antiquissimam

1563 3143 1744 3193 hordei
1789 3140 2208 3206 appellationem
2255 3155 2373 3191 esse
2416 3141 2649 3208 indeque

1564 3211 1740 3262 simile
1794 3209 2051 3261 frumenti
2108 3225 2280 3275 genus
2342 3211 2647 3272 designare.

1564 3281 1665 3332 Cui
1700 3297 1812 3332 non
1848 3295 2239 3344 usquequaque
2262 3278 2352 3329 hic
2387 3280 2648 3347 suffraga-

1564 3356 1653 3401 tur
1686 3351 1862 3401 locus.
1934 3349 2077 3399 Nam
2128 3349 2197 3398 ab
2243 3347 2432 3399 hordeo
2474 3349 2649 3399 diver-

1562 3436 1681 3472 sum
1716 3434 1865 3480 esse,
1913 3434 1978 3469 ex
2013 3415 2461 3467 antecedentibus
2509 3420 2647 3468 satis

1562 3490 1916 3555 perspicitur-3
1966 3487 2036 3536 ad
2073 3499 2355 3536 commune
2390 3484 2506 3566 τῆς
2525 3484 2657 3546 {edis

1562 3574 1733 3624 genus
1797 3556 2124 3622 pertinuisse
2188 3553 2407 3605 videtur
2473 3545 2650 3614 ὅλυρα

1562 3633 1824 3692 tanquam
1870 3626 2097 3691 species.
2171 3622 2329 3686 Quod
2379 3624 2521 3673 enim
2570 3624 2650 3674 di-

1563 3698 1849 3760 stinguunt
1882 3700 1935 3745 et
1957 3696 2168 3744 vitiem
2193 3692 2369 3755 Spelta
2395 3691 2644 3756 (Dinkel)

1531 3771 1616 3816 ‘et
1673 3766 1781 3824 Zea
1837 3762 2064 3828 (Spelz),
2122 3766 2412 3825 utrumque
2481 3762 2647 3811 etiam

1560 3849 1819 3898 equorum
1866 3830 2123 3898 pabulum
2163 3830 2406 3895 (Homer.
2444 3829 2532 3881 Ili.

1560 3902 1683 3966 196)
1724 3906 1780 3952 et
1816 3901 2085 3952 communi
2114 3902 2248 3951 Zeas
2282 3898 2649 3964 appellatione

1560 3971 1886 4050 indicatum,
1936 3969 2069 4019 illud
2122 3970 2168 4018 si
2218 3969 2527 4019 accuratius
2570 3968 2650 4019 lo·

1559 4040 1774 4104 quatis,
1835 4008 2040 4102 ὄλυρα,
2090 4037 2194 4087 hoc
2240 4030 2333 4097 ζεά
2383 4036 2649 4102 appellari

1558 4109 1738 4159 debet.
1787 4106 1914 4156 Vid.
1954 4106 2234 4171 Sprengel.
2286 4106 2416 4156 hist.
2452 4106 2639 4157 botan.

1559 4177 1606 4227 Ῑ.
1642 4191 1768 4241 pag.
1820 4173 2051 4226 360011.
2090 4189 2220 4238 pag.
2269 4174 2357 4225 60.
2431 4175 2645 4225 ΙιιΗο-

1558 4244 1755 4295 merico
1791 4242 1913 4293 loco
1940 4242 2139 4307 Odyss.
2161 4242 2257 4304 IV,
2292 4243 2360 4292 42
2394 4242 2639 4294 Nitzsch.

1556 4331 1610 4378 p.
1631 4313 1736 4365 236
1752 4304 1899 4370 ζειὰς
1914 4310 2466 4375 interpretaturl'arra
2480 4311 2643 4376 (Din-

1556 4382 1672 4445 kel)
1735 4377 2031 4430 secundum
2085 4377 2280 4443 Virgil.
2341 4379 2539 4444 Georg.
2591 4379 2637 4441 1,
