3109 5092
1159 382 1657 444 EUTERPE.
1702 384 1787 443 II.
1837 393 1925 446 50.

2482 471 2489 480 Ι
2557 381 2680 444 547

410 552 706 646 ἐλήλυθε
732 556 799 636 ἐς
823 553 949 645 τὴν
969 550 1272 626 Ἑλλάδα.
1336 555 1506 626 διότι
1532 555 1657 644 μὲν
1687 553 1816 643 γὰρ
1848 560 1921 625 ἐκ
1948 560 2088 624 τῶν
2111 553 2478 644 βαρβάρων
2508 554 2678 647 ἥκει,

410 658 930 749 πυνθανόμενος
978 655 1155 729 οὕτω
1208 654 1499 749 εὑρίσκω
1537 659 1680 729 ἐόν·
1738 662 1951 730 δοκέω
1986 655 2052 727 δ’
2100 649 2199 728 ὧν
2225 657 2513 746 μάλιστα
2553 656 2675 729 ἀπ’

411 764 766 850 Αἰγύπτου
801 760 1108 851 ἀπῖχθαι.
1171 760 1272 832 ὅτι
1303 760 1430 852 γὰρ
1469 760 1553 851 δὴ
1581 760 1671 851 μὴ
1707 764 2171 842 Ποσειδέωνος
2198 764 2308 830 καὶ
2344 765 2679 832 Διοσκού-

411 894 586 953 ρων,
618 861 707 946 ὥς
735 868 849 937 καὶ
883 864 1209 957 πρότερόν
1234 895 1346 956 μοι
1378 872 1590 935 ταῦτα
1626 876 1917 955 εἴρηται,
1956 861 2290 954 καὶ“Ηρης
2317 867 2430 934 καὶ
2449 862 2685 954 Ἱστίης

410 972 523 1040 καὶ
556 974 798 1057 Θέμιος
834 970 946 1041 καὶ
972 977 1288 1059 Χαρίτων
1323 972 1434 1039 καὶ
1467 975 1876 1059 Νηρηΐδων,
1919 973 2057 1039 τῶν
2082 965 2311 1038 ἄλλων
2336 974 2525 1039 θεῶν
2556 974 2680 1037 Αί-

415 1170 595 1230 dotus,
635 1170 875 1221 Graecos
918 1170 988 1221 ab
1031 1171 1319 1236 Aegyptiis
1368 1169 1497 1221 deos

414 1255 542 1290 suos
556 1255 622 1289 ac
647 1239 937 1305 religiones
958 1240 1235 1305 accepisse
1249 1241 1302 1301 ;“
1330 1241 1500 1291 Hero-

415 1310 601 1360 dotum
631 1310 791 1371 enim,
821 1310 912 1374 qui
932 1310 1260 1361 Graecorum
1288 1310 1418 1360 deos
1444 1314 1500 1360 et

416 1386 575 1429 sacra
619 1394 685 1428 ex
732 1379 983 1444 Aegypto
1034 1379 1375 1444 repetiverit,
1422 1378 1500 1428 la-

413 1465 569 1514 psum
603 1448 660 1497 in
681 1446 766 1496 his
791 1463 911 1498 esse
948 1449 1254 1509 existimat,
1293 1449 1499 1513 specio-

413 1519 488 1568 sis
538 1518 722 1583 potius
773 1532 935 1583 quam
991 1519 1136 1568 veris
1184 1524 1239 1568 et
1287 1517 1497 1568 idoneis

414 1589 595 1638 causis
637 1587 877 1638 ductum.
949 1589 1035 1638 De
1077 1602 1184 1653 qua
1227 1588 1500 1638 sententia

417 1656 547 1722 quid
604 1657 721 1721 ipse
772 1657 1032 1720 sentiam,
1106 1656 1352 1721 pluribus
1411 1673 1499 1706 ex-

413 1727 569 1792 posui
606 1728 663 1775 in
700 1725 917 1777 Annali.
955 1725 1161 1791 philoll.
1186 1732 1241 1776 et
1265 1726 1494 1792 paedag.

413 1797 511 1847 VI.
534 1812 586 1860 p.
602 1795 705 1847 208
727 1811 899 1861 seqq„
919 1795 1165 1861 addeque
1179 1796 1494 1847 Rinckium:

415 1866 518 1915 Die
553 1865 731 1930 Belig.
763 1863 817 1915 d.
858 1865 1075 1916 Hellen.
1115 1881 1169 1931 p.
1209 1866 1306 1916 161
1344 1881 1494 1931 seqq.

413 1938 563 1985 recte
591 1934 657 1984 de
678 1934 762 1983 his
795 1939 1149 1997 statuentem,
1176 1941 1341 2000 atque
1367 1935 1495 1985 Ger-

414 2004 643 2054 hardum
667 2000 906 2066 (Griech.
950 2004 1254 2069 Mytholog.
1295 2006 1345 2067 §.
1385 2003 1494 2069 51),

416 2073 624 2133 omnia,
663 2087 801 2136 quae
845 2088 910 2123 ex
950 2073 1203 2139 Aegypto
1241 2074 1299 2123 in
1337 2073 1500 2123 Grae·

417 2157 600 2193 corum
619 2156 776 2192 sacra
793 2142 1107 2193 introducta
1136 2143 1278 2206 sint,
1318 2143 1386 2192 ad
1419 2158 1500 2192 se-

415 2213 560 2262 riora
607 2216 851 2276 tempora
897 2211 1230 2278 relegantem
1248 2250 1262 2274 ,
1310 2212 1499 2262 invitis

416 2281 700 2344 Herodoti,
735 2280 962 2332 aliorum
996 2282 1345 2333 testimoniis.
1388 2282 1502 2346 „At

415 2367 544 2400 vero
594 2350 696 2413 (ait
745 2350 1044 2416 Seyffarth:
1104 2352 1360 2417 Beitriige
1404 2366 1500 2400 zur

417 2420 717 2471 Kenntniss
744 2419 797 2470 d.
835 2421 965 2483 Lit.‚
1005 2422 1184 2471 Kunst
1209 2437 1261 2473 u.
1300 2421 1497 2472 Gesch.

419 2491 471 2541 d.
512 2489 607 2540 alt.
646 2490 879 2555 Aegypt.
927 2505 1053 2555 pag.
1100 2490 1190 2556 78)
1232 2491 1503 2556 principia

421 2558 789 2626 mythologiae
836 2560 1077 2610 Graecae
1125 2565 1288 2626 atque
1324 2560 1502 2625 Aegy-

417 2631 564 2694 ptiae
625 2629 816 2680 eadem
866 2629 1037 2679 fuisse
1092 2634 1241 2680 certo
1300 2631 1502 2680 certius

421 2705 505 2748 est
551 2702 715 2763 atque
761 2697 879 2749 solo
931 2714 997 2748 ex
1034 2699 1312 2750 Herodoto
1340 2698 1502 2749 facile

420 2767 775 2818 demonstrari
809 2767 1053 2833 potest.“

489 2825 639 2887 οὕτω
680 2827 924 2901 εὑρίσκω
973 2828 1089 2903 ἐόν]
1129 2838 1164 2887 i.
1202 2853 1249 2888 e.
1303 2838 1506 2899 „invem'

417 2906 508 2956 hoc
553 2908 628 2956 ita
675 2907 844 2957 esse.“
917 2906 1117 2956 Confer
1159 2906 1357 2956 Matth.
1407 2906 1503 2955 Gr.

420 2977 515 3027 Gr.
566 2990 691 3041 pag.
742 2975 895 3027 1077.
977 2976 1044 3025 In
1093 2990 1243 3041 seqq.
1297 2975 1367 3026 ad
1416 2964 1504 3024 ὅτι

419 3038 523 3165 μὴ3
543 3044 953 3165 (praeeat-quarn,
989 3044 1108 3112 m'rt')
1142 3045 1286 3096 conf.
1329 3046 1375 3108 Ι,
1416 3044 1503 3096 18.

490 3175 567 3241 ὡς
591 3152 686 3232 κᾶὶ
714 3175 997 3247 πρότερόν
1026 3198 1123 3248 μοι
1148 3180 1327 3233 ταῦτα
1351 3179 1505 3246 εἴρη-

419 3250 536 3319 ται]
573 3253 699 3304 Vid.
741 3268 908 3318 supra
938 3252 1017 3315 II,
1053 3252 1140 3304 43.
1207 3254 1536 3303 Dioscuros.

423 3324 662 3374 Graecos
689 3322 785 3373 ubi
808 3321 1120 3387 intelligunt
1141 3322 1386 3382 Cabimn,
1414 3321 1507 3387 qui

421 3392 810 3458 Aegyptiorum
840 3391 1088 3441 feruntur
1118 3391 1219 3454 dii,
1257 3390 1392 3440 illud
1429 3395 1506 3440 te-

423 3462 657 3513 nendum
707 3465 816 3524 est,
856 3460 1188 3512 Graecorum
1242 3460 1508 3525 Tyndari·

424 3531 543 3594 das,
571 3531 852 3582 Castorem
873 3534 1039 3594 atque
1055 3529 1347 3592 Pollucem,
1372 3543 1506 3594 quos

423 3600 613 3651 heroes
631 3600 844 3666 fingunt
866 3599 1104 3649 humana
1129 3599 1313 3664 specie
1342 3603 1508 3663 atque

424 3669 607 3720 indole
631 3669 928 3735 praeditos,
965 3667 1126 3733 longe
1157 3668 1372 3734 quidem
1397 3668 1507 3716 dis-

425 3739 618 3789 cedere
679 3739 750 3789 ab
813 3737 1097 3802 Aegyptiis
1165 3737 1504 3798 numinibus;

428 3823 654 3873 quorum
691 3812 874 3858 tamen
923 3822 1062 3872 quae
1112 3806 1274 3857 fuerit
1313 3806 1396 3855 vis
1440 3821 1506 3856 ac

427 3878 607 3940 notio,
643 3878 698 3927 in
734 3876 1003 3927 humanae
1038 3876 1263 3942 originis
1297 3875 1506 3939 heroes,

427 3947 614 4011 quales
639 3951 768 3998 sunt
790 3944 1164 4011 Tyndaridae,
1197 3960 1316 3995 eam
1339 3945 1511 3995 fuisse

427 4017 711 4082 postmodo
776 4015 1121 4066 translatam.
1207 4015 1508 4080 Aegyptios

429 4086 572 4135 enim
606 4086 858 4136 novimus
895 4085 1085 4136 heroes
1111 4085 1403 4151 agnovisse
1423 4089 1508 4134 at·

433 4170 538 4220 que
575 4155 809 4206 coluisse
841 4153 1036 4205 nullos.
1099 4154 1224 4205 Vid.
1257 4153 1508 4204 Creuzer.

430 4224 670 4290 Symbol.
719 4223 825 4275 111.
872 4238 925 4288 p.
962 4225 1029 4275 24
1077 4223 1163 4275 ed.
1212 4226 1338 4275 tert.
1377 4239 1511 4289 seq„

428 4294 523 4358 qui
558 4293 613 4344 h.
649 4293 689 4345 l.
726 4293 884 4343 addit
919 4293 979 4343 C.
1020 4292 1088 4344 Ο.
1125 4293 1376 4344 Mueller:
1416 4292 1514 4343 Or-

430 4362 676 4413 chomen.
714 4378 771 4427 p.
808 4361 915 4413 450
950 4376 1063 4427 seq.
1101 4359 1227 4412 coll.
1254 4360 1359 4413 459
1393 4367 1509 4412 not.

430 4431 489 4482 Is
501 4432 642 4483 enim
661 4429 795 4481 nihil
804 4443 1042 4497 unquam
1056 4430 1347 4496 quidquam
1356 4430 1516 4481 Dios-

1603 1172 1747 1222 curis
1782 1186 1907 1221 cum
1953 1169 2164 1220 Cabiris
2209 1170 2495 1235 Aegyptiis
2544 1185 2686 1220 com-

1602 1256 1762 1291 mune
1796 1240 1967 1290 fuisse
2012 1239 2321 1302 contendit,
2371 1256 2492 1289 cum
2528 1239 2687 1290 Dios-

1602 1311 1719 1359 curi
1751 1309 1821 1359 ad
1845 1309 2125 1359 Graeciam
2162 1309 2323 1358 unice
2359 1311 2685 1374 pertineant.

1603 1380 1688 1429 Tu
1711 1378 1821 1429 vid.
1853 1393 1996 1428 nunc
2020 1378 2225 1428 Roeth:
2261 1378 2456 1429 Gesch.
2484 1378 2538 1429 d.
2563 1378 2687 1428 Phi-

1601 1448 1703 1499 los.
1744 1449 1792 1499 Ι.
1830 1452 1969 1498 nott.
2018 1464 2071 1512 p.
2117 1447 2215 1499 118
2251 1462 2397 1512 seq.,
2444 1450 2535 1512 qui
2583 1462 2687 1512 quo

1603 1532 1766 1568 sensu
1802 1516 2013 1576 Cabiri,
2063 1517 2155 1582 qui
2192 1516 2474 1580 dicuntur,
2523 1517 2685 1567 Dios·

1603 1588 1718 1637 curi
1744 1602 1957 1652 quoque
1979 1586 2234 1652 Iovisque
2260 1585 2358 1636 filii
2381 1587 2569 1638 vocari
2596 1602 2687 1651 po-

1603 1658 1838 1717 tuerint,
1874 1657 2104 1721 aperuit.

1669 1721 1765 1775 καὶ
1793 1715 1980 1789 ”Ηρης
2026 1719 2122 1773 καὶ
2176 1714 2390 1788 Ἱστίης
2433 1717 2529 1772 καὶ
2582 1719 2688 1773 Θέ-

1600 1810 1730 1860 μιος
1764 1809 1815 1843 κ.
1860 1809 1908 1846 τ.
1949 1792 2024 1859 1.]
2072 1794 2266 1844 Iunoni
2314 1793 2457 1857 quod
2509 1793 2687 1857 Aegy-

1599 1867 1769 1930 ptiam
1836 1864 2096 1928 originem
2158 1864 2360 1913 Noster
2418 1863 2674 1927 denegat,

1598 1935 1789 1985 mirum
1824 1932 1998 1982 videri
2030 1937 2220 1996 queat,
2260 1948 2381 1982 cum
2417 1933 2681 1982 Iunonem

1603 2003 1926 2069 Aegyptiam
1977 2001 2074 2051 alii
2123 2003 2416 2067 scriptores
2457 2007 2555 2051 aut
2610 1999 2688 2050 di-

1603 2077 1747 2124 serte
1784 2076 2079 2122 memorent
2106 2076 2200 2122 aut
2234 2075 2380 2122 certe
2410 2070 2534 2121 aliis
2563 2069 2689 2119 dea-

1600 2143 1702 2193 bus
1740 2141 1887 2191 illam
1924 2146 2175 2206 aequent.
2248 2141 2436 2205 Neque
2471 2139 2689 2190 omnino

1602 2212 1791 2278 negari
1840 2211 2072 2276 poterit,
2129 2209 2275 2261 haud
2319 2226 2496 2275 pauca
2549 2224 2687 2271 esse,

1601 2283 1658 2332 in
1695 2281 1889 2347 quibus
1915 2281 2111 2331 Iunoni
2148 2281 2392 2332 Graecae
2428 2296 2546 2330 cum
2587 2279 2690 2328 Isi-

1603 2351 1667 2401 de
1717 2352 1989 2415 Aegyptia
2036 2351 2352 2411 conveniat3
2401 2349 2497 2400 sed
2543 2350 2691 2398 inve·

1602 2423 1825 2471 niuntur
1869 2420 2010 2482 alia,
2078 2436 2217 2487 quae
2271 2419 2489 2470 aliunde
2548 2419 2691 2468 hanc

1605 2490 1760 2540 deam
1807 2489 1877 2539 ad
1924 2490 2207 2541 Graeciam
2255 2488 2478 2539 allatam
2518 2488 2690 2538 fuisse

1603 2560 1760 2610 nobis
1785 2559 2164 2623 persuadeant.
2207 2559 2422 2610 Samum
2456 2559 2595 2608 enim
2621 2555 2692 2606 ad

1604 2627 1855 2690 insulam,
1886 2628 1981 2677 ubi
2013 2628 2449 2693 antiquissimum
2476 2628 2580 2676 suit
2603 2627 2691 2676 Iu-

1604 2698 1762 2747 nonis
1809 2697 2069 2761 templum
2115 2712 2210 2762 per
2261 2712 2472 2746 omnem
2523 2697 2691 2747 Grae·

1606 2769 1779 2829 ciam,
1826 2766 1985 2816 huius
2023 2768 2157 2817 deae
2190 2764 2391 2816 cultum
2426 2781 2455 2815 e
2490 2764 2693 2830 superi-

1607 2837 1790 2888 oribus
1826 2836 1989 2887 Asiae
2024 2836 2336 2901 regionibus
2380 2851 2502 2886 esse
2530 2836 2693 2886 adve-

1608 2910 1775 2968 ctum,
1812 2907 1928 2956 veri
1964 2905 2252 2956 admodum
2288 2910 2373 2955 est
2402 2905 2594 2963 simile,
2629 2909 2694 2954 ut

1606 2975 1734 3027 inde
1757 2976 2086 3027 Graecorum
2110 2976 2245 3025 Iuno
2278 2976 2346 3025 iis
2381 2975 2691 3026 numinibus

1608 3046 1886 3097 accenseri
1931 3044 2154 3108 debeat,
2205 3060 2341 3111 quae
2387 3046 2555 3096 variis
2591 3044 2692 3095 sub

1608 3114 1917 3166 nominibus
1970 3117 2246 3180 variisque
2305 3115 2362 3165 in
2413 3115 2549 3166 locis
2598 3129 2694 3180 per

1609 3185 1775 3236 Asiae
1810 3187 2059 3251 regiones
2090 3185 2239 3236 culta
2264 3186 2435 3235 fuisse
2460 3185 2567 3235 iam
2605 3199 2694 3234 su-

1609 3270 1708 3320 pra
1757 3256 2058 3306 monuimus
2117 3255 2187 3304 ad
2232 3254 2280 3316 1,
2326 3254 2448 3306 131.
2528 3252 2696 3304 Plura

1610 3323 1805 3375 Oreuz.
1825 3325 1881 3374 in
1917 3324 2100 3390 Symb.
2141 3324 2247 3374 111.
2284 3339 2338 3387 p.
2379 3325 2481 3374 214
2518 3339 2693 3387 seqq„

1610 3392 1703 3458 qui
1764 3408 1910 3443 nunc
1955 3393 2111 3444 addit
2165 3392 2461 3456 Inghirami
2505 3392 2695 3441 Monu-

1610 3462 1780 3511 menti
1815 3462 2071 3512 Etruscbi
2105 3462 2177 3510 ad
2222 3460 2394 3511 tabul.
2434 3461 2504 3511 X.
2545 3458 2690 3525 degli

1611 3530 1830 3595 specchi
1865 3531 2067 3580 mistici
2098 3546 2130 3593 p
2187 3528 2311 3579 ⁴234.
2380 3530 2464 3579 Ex
2501 3529 2695 3579 iisdem

1612 3600 1725 3649 fere
1761 3600 2053 3663 superioris
2090 3598 2254 3648 Asiae
2290 3597 2603 3663 regionibus
2639 3598 2695 3647 in

1613 3668 1897 3719 Graeciam
1942 3670 2135 3718 Vestae
2172 3664 2349 3717 cultus
2384 3668 2696 3730 pervenisse

1609 3736 1851 3799 videtur,
1893 3736 2078 3787 eodem
2110 3735 2333 3786 docente
2359 3735 2549 3786 Creuz.
2585 3735 2625 3787 1.
2655 3736 2694 3787 l.

1610 3808 1893 3872 pag.·292.
1968 3805 2125 3867 Quod
2178 3804 2249 3854 ad
2290 3802 2528 3871 reliquas
2565 3805 2696 3856 deas

1609 3875 1837 3938 attinet,
1875 3890 2017 3940 quae
2046 3874 2101 3927 h.
2125 3873 2165 3925 l.
2193 3879 2697 3939 commemorantur,

1610 3943 1761 3995 nulla
1796 3961 1979 3996 earum
2014 3943 2255 4010 vestigia
2278 3960 2399 3995 cum
2426 3947 2698 4010 reperian-

1611 4020 1702 4064 tur
1762 4015 1819 4063 in
1870 4014 2261 4079 Aegyptiorum
2319 4013 2696 4078 religionibus,

1612 4082 1757 4133 haud
1789 4084 1904 4133 scio
1942 4099 2013 4133 an
2047 4083 2240 4134 iisdem
2284 4099 2351 4133 ex
2385 4083 2699 4150 regionibus

1616 4152 1740 4202 illas
1759 4153 1816 4202 iu
1835 4152 2119 4204 Graeciam
2142 4152 2403 4204 deductas
2436 4168 2558 4204 esse
2588 4158 2699 4202 sta-

1615 4225 1768 4272 tuere
1801 4221 1985 4273 liceat.
2061 4221 2169 4273 Sed
2204 4220 2368 4273 nolim
2404 4223 2462 4272 in
2494 4238 2552 4273 re
2588 4226 2699 4271 tam

1617 4292 1850 4342 obscura
1908 4290 2201 4356 quidquam
2261 4306 2523 4342 asserere.
2615 4291 2700 4340 De

1619 4361 1811 4412 Gratiis
1845 4360 2017 4411 multa
2040 4360 2297 4410 disseruit
2335 4360 2397 4411 C.
2427 4360 2495 4411 O.
2522 4357 2699 4409 Muel-

1614 4430 1712 4481 ler.
1750 4430 1808 4480 in
1848 4428 2168 4480 Orchomen.
2206 4445 2259 4494 p.
2292 4430 2419 4490 1773
2455 4427 2566 4478 alia
2585 4429 2705 4492 ipse

2152 4507 2289 4571 35*
