3109 5092
901 1050 1988 1160 HPOAOTOF

523 1265 1525 1355 ιΣΤοΡΙΩΝ
1649 1270 2348 1360 ΠΡΩΤΗ.

1142 1647 1211 1713 Κ
1271 1649 1335 1713 Λ
1402 1646 1463 1712 Ε
1529 1648 1569 1713 Ι
1631 1648 1721 1717 Ω.
2275 1740 2279 1745 ᾗ

444 1780 559 1877 Η
553 1819 812 1881 ΡΟΔΟ
826 1821 1010 1882 ΤΟΥ
1065 1808 1619 1906 Ἁλικαρνησσέος
1675 1824 1968 1908 ἱστορίης
2037 1816 2351 1902 ἀπόδεξις
2417 1816 2578 1907 ἥδε·

352 1964 666 2040 Ἡροδότου
742 1971 1228 2050 Ἁλικαρνησσέος]
1297 1985 1382 2034 De

291 2047 564 2111 scriptura
588 2051 822 2101 nominis
847 2052 1007 2117 plura
1033 2058 1088 2104 et
1110 2052 1381 2119 Schweig-

290 2115 587 2199 haeuserns
647 2125 703 2170 et
757 2121 1105 2173 Gaissordius
1164 2140 1382 2174 monue-

290 2192 439 2249 runt,
459 2189 553 2252 qui
580 2189 1040 2257 Αλικαρνησσῆος
1068 2193 1379 2255 ediderunt3

293 2256 541 2321 equidem
570 2260 742 2323 exiis,
774 2276 912 2326 quae
941 2263 1140 2314 Struve
1173 2264 1382 2314 monuit

292 2326 533 2378 secundo
568 2345 719 2394 spec.
753 2332 981 2394 Quaest.
1021 2332 1089 2383 de
1113 2334 1382 2383 Herodoti

276 2395 528 2477 ‘dialect-o
554 2415 604 2465 p.
635 2401 659 2451 1
687 2403 839 2467 seqq.
866 2402 1233 2467 reponendum
1254 2403 1380 2453 duxi

291 2465 758 2535 Αλικαρνησσέος,
775 2486 952 2536 neque
976 2473 1136 2523 aliter
1152 2477 1377 2524 recentt.

291 2536 413 2588 edd.
450 2539 707 2602 Bekker„
746 2542 998 2592 Dindorf.
1050 2541 1230 2608 (quem
1267 2543 1377 2591 vid.

288 2606 347 2655 in
382 2608 546 2659 Thes.
584 2610 748 2675 Ling.
797 2612 993 2662 Graec.
1040 2613 1084 2662 1.
1126 2628 1181 2676 p.
1224 2612 1376 2674 1472)

292 2682 347 2724 et
395 2678 674 2742 Dietsch.,
722 2680 832 2729 nisi
879 2681 1023 2745 quod
1069 2681 1299 2730 alterum
1346 2683 1379 2736 ὃ

290 2745 571 2797 eiecerunt
600 2749 901 2798 scribentes
935 2739 1374 2813 Ἁλικαρνησέος.

290 2814 517 2865 Retinui
553 2822 609 2867 et
642 2817 745 2866 hoc
772 2817 893 2866 loco
919 2822 974 2866 et
1004 2818 1125 2867 aliis
1161 2816 1228 2879 (1,
1262 2818 1382 2867 144.

293 2884 416 2935 175.
454 2885 530 2945 11,
576 2885 690 2936 178.
730 2885 834 2947 ΙΙΙ,
868 2886 918 2935 7.
951 2887 1072 2949 VII,
1099 2886 1187 2936 99.
1222 2886 1381 2948 VIII,

298 2952 418 3018 104)
456 2955 785 3018 geminatam
812 2954 1043 3017 literam,
1082 2962 1136 3006 et
1163 2956 1383 3020 scriptis

288 3021 444 3072 libris
472 3024 753 3087 probatam
780 3030 834 3074 et
861 3025 997 3089 ipsis
1029 3026 1236 3075 numia:
1274 3040 1385 3090 qua

290 3091 360 3140 de
406 3107 464 3141 re
512 3094 652 3143 conf.
704 3094 904 3144 VVasse
950 3094 1020 3144 ad
1072 3094 1380 3161 Thucydid.

290 3160 446 3224 VIII,
478 3163 543 3212 42
580 3168 635 3212 et
662 3163 897 3216 Bredov.
930 3166 1289 3227 Quaestionn.
1319 3165 1385 3215 de

291 3229 511 3281 dialect.
546 3232 812 3282 Herodot.
855 3250 909 3298 p.
952 3234 1040 3285 96.
1112 3235 1198 3283 De
1236 3235 1384 3284 Hali-

288 3315 535 3350 carnasso
558 3302 824 3352 Herodoti
854 3303 1036 3367 patria
1063 3308 1271 3354 certum
1297 3319 1384 3354 ex-

289 3374 405 3419 stat
463 3370 749 3422 Strabonis
801 3372 1175 3423 testimoninm
1232 3373 1380 3423 XIV.

287 3455 344 3503 p.
403 3438 509 3491 656
565 3457 611 3491 s.
664 3440 796 3500 9703
858 3441 1016 3506 plura
1071 3443 1183 3493 vid.
1239 3442 1384 3508 apud

286 3508 474 3574 Heyse
500 3512 726 3574 Quaest.
759 3510 1001 3561 Herodd.
1038 3529 1090 3577 p.
1131 3513 1289 3563 7—8.
1330 3516 1384 3562 et

286 3594 431 3643 quae
462 3579 517 3629 in
555 3580 855 3630 Comment.
895 3581 1099 3632 Herod.
1141 3586 1191 3645 g.
1230 3584 1264 3632 2
1295 3598 1385 3632 ex·

284 3654 583 3713 ponentur3
643 3650 710 3699 de
782 3649 1036 3715 reliquiS,
1108 3667 1250 3716 quae
1312 3650 1382 3701 ad

288 3718 461 3768 vitam
486 3718 753 3770 Herodoti
795 3719 1020 3785 eiusque
1059 3721 1264 3786 scripta
1301 3726 1380 3772 at-

287 3803 396 3851 que
434 3789 580 3853 ipsas
618 3789 884 3854 imagines
922 3791 1225 3855 pertinent,
1263 3790 1374 3841 vid.

288 3856 425 3907 ibid.
466 3862 517 3921 §-
568 3858 747 3910 1—6.
820 3858 884 3909 Id
919 3874 1086 3910 unum
1124 3859 1227 3911 hoc
1260 3860 1382 3910 loco

287 3925 540 3989 afferam,
577 3928 930 3979 Aristotelem
967 3930 1023 3978 in
1081 3929 1164 3979 his
1215 3931 1386 3980 Hero·

289 3994 409 4051 doti
446 3996 626 4048 verbis
674 3997 963 4048 laudandis
1004 3998 1240 4049 Thur-ium
1274 3999 1387 4048 Ha-

288 4065 680 4117 licarnassensi
726 4068 1105 4119 substituisse:
1145 4058 1387 4131 Ἡροδό-

286 4147 393 4182 του
442 4132 755 4199 Θουρίου
801 4124 901 4200 ἥδ’
939 4130 1197 4201 ἱστορίης
1241 4128 1387 4186 ἀπό-

284 4200 448 4264 δεξις
484 4203 825 4268 (Rhett..lII‚
863 4204 949 4271 9):
994 4206 1140 4272 quod
1178 4214 1391 4257 mature

286 4274 401 4322 iam
438 4272 603 4325 talem
652 4274 904 4325 lectionis
940 4278 1263 4327 varietatem
1303 4292 1391 4326 ex-

285 4343 503 4393 stitisse
549 4343 824 4407 declarat,
872 4360 1039 4409 quum
1085 4346 1230 4411 apud
1265 4345 1391 4396 Plu-

284 4411 465 4464 tarch.
505 4411 573 4464 de
604 4411 783 4464 Exsil.
823 4411 889 4464 13
914 4413 1193 4481 legamus:
1229 4407 1293 4464 τὸ
1328 4407 1391 4463 δὲ

374 4513 713 4557 HERODO'I'.
766 4514 809 4555 1.

1476 1975 1799 2048 Ἡροδότου
1815 1976 2288 2052 Ἁλικαρνασσέως
2306 1974 2580 2045 ἀπόδεξις

1487 2043 1592 2118 ἥδε
1629 2050 1833 2105 πολλοὶ
1877 2047 2304 2121 μεταγράφουσι
2332 2044 2578 2117 Ἡροδό-

1486 2136 1593 2173 του
1630 2121 1904 2188 Θουρίου.
1948 2126 2034 2176 Tu
2071 2124 2216 2176 conf.
2256 2123 2493 2176 BredoV.
2537 2122 2575 2174 l.

1486 2193 1525 2244 l.
1605 2209 1638 2244 a
1680 2231 1694 2245 .
1735 2195 1824 2246 11.

1554 2209 1812 2330 ἕπτξρίης
1844 2255 2118 2324 ἀπόδεξις
2153 2251 2278 2326 ἥδε]
2309 2252 2582 2323 ἀπόδεξις

1486 2338 1635 2383 recte
1665 2333 1910 2384 redditur
1939 2349 1973 2383 a
2000 2332 2453 2398 Wyttenbachio:
2490 2331 2580 2382 de-

1485 2405 1797 2454 monstratio.
1870 2403 1946 2453 Ut
1984 2402 2127 2452 enim
2162 2393 2461 2451 δεικνύναι
2498 2408 2579 2450 est

1486 2472 1742 2535 artificis,
1775 2472 1868 2537 qni
1902 2488 2037 2537 opus
2066 2471 2292 2536 exponit
2326 2475 2578 2537 spectan-

1485 2541 1611 2592 dum
1629 2579 1642 2605 ,
1671 2546 1734 2592 ut
1761 2542 1989 2591 aliorum
2021 2546 2318 2606 cognoscat
2355 2540 2576 2602 iudicia,

1483 2626 1590 2675 quo
1655 2612 1777 2675 ipso
1842 2626 2007 2660 sensu
2064 2610 2378 2660 Herodotus
2443 2624 2579 2674 opus

1484 2694 1645 2729 suum
1704 2679 1972 2743 Olympiis
2044 2678 2171 2727 olim
2247 2682 2580 2727 monstrasse

1485 2743 1715 2813 (δεῖξαι)
1754 2746 1954 2797 dicitur
1988 2746 2044 2795 in
2080 2747 2284 2796 Lexico
2319 2746 2580 2798 Biblioth.

1486 2817 1716 2867 Coislin.
1753 2832 1882 2882 pag.
1931 2816 2034 2867 619
2080 2831 2163 2866 nr.
2204 2816 2255 2878 3,
2308 2816 2389 2865 ita
2433 2807 2579 2864 ἄπο-

1486 2877 1788 2935 δεικνύναι
1819 2885 2127 2936 absolutum
2164 2884 2410 2936 declarat
2444 2898 2580 2950 opus
2690 2924 2703 2934 .

1486 2962 1542 3007 et
1580 2957 1738 3022 quasi
1771 2957 2091 3022 perfectum.
2130 2956 2236 3017 Qui
2276 2955 2416 3005 enim
2445 2970 2580 3021 opus

1486 3042 1643 3077 sunm
1705 3027 1762 3076 in
1818 3025 2141 3091 Olympiaca
2211 3024 2581 3090 praelectione

1485 3096 1840 3162 spectandum
1891 3098 2278 3160 proposuerat,
2327 3109 2470 3145 nunc
2518 3098 2580 3144 ut

1485 3165 1795 3216 absolutum
1852 3164 1966 3215 edit
2029 3163 2349 3228 vulgatque.
2431 3163 2580 3214 Hinc

1482 3226 1815 3296 ἀπόδειξις,
1876 3239 1938 3283 ut
1986 3232 2398 3298 Wyttenbachii
2456 3238 2582 3282 utar

1484 3304 1665 3354 verbis
1715 3302 1941 3354 Selectt.
2000 3302 2297 3353 Historicc.
2349 3317 2402 3366 p.
2455 3300 2579 3363 339,

1485 3378 1569 3423 est
1652 3373 1930 3432 absolutio,
2011 3372 2219 3436 publica
2296 3373 2584 3436 propositio

1487 3445 1804 3508 ostensioque
1849 3441 2068 3492 absoluti
2123 3443 2313 3503 operi-s.
2387 3439 2582 3489 Confe-

1486 3517 1676 3562 rantur
1719 3511 1814 3561 alii
1849 3511 2130 3574 scriptoris
2169 3508 2344 3557 nostri
2389 3507 2495 3558 loci
2533 3507 2581 3569 Ι,

1485 3583 1587 3633 207
1635 3581 1729 3631 fin.
1779 3579 1866 3641 11,
1915 3579 2035 3628 101.
2089 3576 2206 3627 148.
2253 3576 2419 3639 VIII,
2461 3577 2580 3628 101.

1485 3651 1630 3700 Hinc
1679 3646 2044 3713 philosophis,
2099 3644 2286 3696 eodem
2331 3648 2583 3696 monente

1484 3715 1909 3783 wyttenbachio
1926 3753 1938 3776 ,
1977 3715 2360 3779 demonstratiO,
2399 3721 2584 3766 rectae

1486 3788 1751 3839 scientiae
1781 3785 2025 3837 effectrix
2043 3786 2460 3851 argumentatio,
2501 3790 2586 3836 est
2613 3788 2628 3804 ·

1483 3849 1784 3918 ἀπόδειξις
1809 3857 1943 3919 sive,
1971 3860 2032 3905 ut
2054 3856 2133 3905 ait
2156 3854 2346 3906 Cicero
2372 3854 2581 3906 Acadd.

1492 3928 1575 3978 ll.
1607 3926 1642 3977 0
1677 3928 1957 3992 argumenti
1990 3927 2263 3976 conclusio.
2326 3924 2412 3973 Cf.
2451 3924 2584 3974 Dio-

1488 4012 1612 4062 gen.
1674 3998 1860 4047 Laert.
1927 3995 2065 4055 VII,
2127 3995 2214 4045 45.
2300 3992 2581 4043 Aristotel.

1488 4067 1670 4117 Ethic.
1709 4066 1779 4116 ad
1800 4063 2116 4116 Nicomach.
2147 4061 2246 4124 VI,
2273 4062 2324 4119 5,
2353 4062 2405 4113 3.
2433 4061 2580 4113 Plat.

1490 4135 1708 4187 Politic.
1747 4152 1802 4220 p.
1841 4136 1944 4185 277
1979 4134 2044 4184 A.
2083 4132 2166 4183 Ne
2236 4131 2280 4179 ‘s
2318 4131 2583 4211 explicat:

1490 4217 1891 4268 κοινοποιησις
1974 4199 2088 4253 τῶν
2121 4257 2150 4279 η
2209 4197 2584 4265 ναζητησεων,

1491 4271 1948 4339 γνωστοποίησις
1972 4270 2087 4321 τῶν
2114 4283 2254 4320 οσον
2275 4260 2394 4334 μετ’
2425 4260 2590 4332 ἀκρι·

1492 4340 1651 4408 βείας
1705 4332 1974 4403 ἐξετάζων
2020 4334 2261 4403 ἔμαθον.
2334 4337 2443 4388 Sed
2487 4338 2586 4387 So·
2673 4380 2678 4381 ff

1493 4413 1796 4477 phistarum
1863 4415 1947 4460 est
2007 4398 2283 4468 ἐπίδειξις
2348 4408 2594 4469 ostensio,

2124 4491 2153 4548 1
