<?xml version="1.0" encoding="UTF-8"?>
<!DOCTYPE html PUBLIC "-//W3C//DTD XHTML 1.0 Transitional//EN"
    "http://www.w3.org/TR/xhtml1/DTD/xhtml1-transitional.dtd">
<html xmlns="http://www.w3.org/1999/xhtml" xml:lang="en" lang="en">
 <head>
  <title>
</title>
<meta http-equiv="Content-Type" content="text/html;charset=utf-8" />
  <meta name='ocr-system' content='tesseract 3.04.00' />
  <meta name='ocr-capabilities' content='ocr_page ocr_carea ocr_par ocr_line ocrx_word'/>
</head>
<body>
  <div class='ocr_page' id='page_1' title='image "./herodotihalicar02unkngoog_0358.png"; bbox 0 0 3109 5092; ppageno 0'>
   <div class='ocr_carea' id='block_1_1' title="bbox 461 318 581 381">
    <p class='ocr_par' dir='ltr' id='par_1_1' title="bbox 461 318 581 381">
     <span class='ocr_line' id='line_1_1' title="bbox 461 318 581 381; baseline 0 -1"><span class='ocrx_word' id='word_1_1' title='bbox 461 318 581 381; x_wconf 63' lang='lat' dir='ltr'><strong>3ae</strong></span> 
     </span>
    </p>
   </div>
   <div class='ocr_carea' id='block_1_2' title="bbox 1328 316 1869 379">
    <p class='ocr_par' dir='ltr' id='par_1_2' title="bbox 1328 316 1869 379">
     <span class='ocr_line' id='line_1_2' title="bbox 1328 316 1869 379; baseline -0.002 -2"><span class='ocrx_word' id='word_1_2' title='bbox 1328 316 1869 379; x_wconf 81' lang='lat' dir='ltr'><strong>HERODOTI</strong></span> 
     </span>
    </p>
   </div>
   <div class='ocr_carea' id='block_1_3' title="bbox 464 490 2745 888">
    <p class='ocr_par' dir='ltr' id='par_1_3' title="bbox 464 490 2745 888">
     <span class='ocr_line' id='line_1_3' title="bbox 464 490 2740 580; baseline -0.002 -18"><span class='ocrx_word' id='word_1_3' title='bbox 464 490 746 572; x_wconf 78' lang='grc' dir='ltr'><strong><em>ἀπέδοξε</em></strong></span> <span class='ocrx_word' id='word_1_4' title='bbox 813 490 1030 572; x_wconf 77' lang='grc' dir='ltr'><strong><em>(ἔδοξε</em></strong></span> <span class='ocrx_word' id='word_1_5' title='bbox 1085 490 1160 559; x_wconf 75' lang='grc' dir='ltr'><strong>δὲ</strong></span> <span class='ocrx_word' id='word_1_6' title='bbox 1200 506 1372 560; x_wconf 72' lang='grc' dir='ltr'><strong><em>τοῖσι</em></strong></span> <span class='ocrx_word' id='word_1_7' title='bbox 1422 497 1760 580; x_wconf 79' lang='grc' dir='ltr'><strong><em>πατρίοισι</em></strong></span> <span class='ocrx_word' id='word_1_8' title='bbox 1813 494 2072 579; x_wconf 86' lang='grc' dir='ltr'><strong><em>μοῦνον</em></strong></span> <span class='ocrx_word' id='word_1_9' title='bbox 2116 494 2410 578; x_wconf 73' lang='grc' dir='ltr'><strong><em>χρᾶσθαι</em></strong></span> <span class='ocrx_word' id='word_1_10' title='bbox 2462 493 2740 572; x_wconf 77' lang='grc' dir='ltr'><strong><em>θεοῖσι),</em></strong></span> 
     </span>
     <span class='ocr_line' id='line_1_4' title="bbox 467 588 2738 682; baseline -0.002 -18"><span class='ocrx_word' id='word_1_11' title='bbox 467 593 781 674; x_wconf 75' lang='grc' dir='ltr'><strong><em>ἐνδύντες</em></strong></span> <span class='ocrx_word' id='word_1_12' title='bbox 820 590 901 661; x_wconf 77' lang='grc' dir='ltr'><strong>τὰ</strong></span> <span class='ocrx_word' id='word_1_13' title='bbox 943 588 1116 663; x_wconf 79' lang='grc' dir='ltr'><strong><em>ὅπλα</em></strong></span> <span class='ocrx_word' id='word_1_14' title='bbox 1160 590 1450 675; x_wconf 82' lang='grc' dir='ltr'><strong><em>ἅπαντες</em></strong></span> <span class='ocrx_word' id='word_1_15' title='bbox 1490 593 1778 663; x_wconf 83' lang='grc' dir='ltr'><strong><em>Καύνιοι</em></strong></span> <span class='ocrx_word' id='word_1_16' title='bbox 1821 589 2114 682; x_wconf 80' lang='grc' dir='ltr'><strong><em>ἡβηδὸν,</em></strong></span> <span class='ocrx_word' id='word_1_17' title='bbox 2158 592 2521 674; x_wconf 79' lang='grc' dir='ltr'><strong><em>τύπτοντες</em></strong></span> <span class='ocrx_word' id='word_1_18' title='bbox 2577 591 2738 662; x_wconf 86' lang='grc' dir='ltr'><strong><em>δού-</em></strong></span> 
     </span>
     <span class='ocr_line' id='line_1_5' title="bbox 467 692 2739 788; baseline -0.001 -22"><span class='ocrx_word' id='word_1_19' title='bbox 467 720 622 788; x_wconf 90' lang='grc' dir='ltr'><strong><em>ρασι</em></strong></span> <span class='ocrx_word' id='word_1_20' title='bbox 646 694 764 766; x_wconf 85' lang='grc' dir='ltr'><strong>τὸν</strong></span> <span class='ocrx_word' id='word_1_21' title='bbox 789 692 979 785; x_wconf 80' lang='grc' dir='ltr'><strong><em>ἠέρα,</em></strong></span> <span class='ocrx_word' id='word_1_22' title='bbox 1007 700 1198 785; x_wconf 80' lang='grc' dir='ltr'><strong><em>μέχρι</em></strong></span> <span class='ocrx_word' id='word_1_23' title='bbox 1226 695 1454 787; x_wconf 79' lang='grc' dir='ltr'><strong><em>οὔρων</em></strong></span> <span class='ocrx_word' id='word_1_24' title='bbox 1474 702 1614 766; x_wconf 74' lang='grc' dir='ltr'><strong>τῶν</strong></span> <span class='ocrx_word' id='word_1_25' title='bbox 1625 702 2081 766; x_wconf 73' lang='grc' dir='ltr'><strong><em>Καλυνδικῶν</em></strong></span> <span class='ocrx_word' id='word_1_26' title='bbox 2110 701 2398 783; x_wconf 80' lang='grc' dir='ltr'><strong><em>εἵποντο,</em></strong></span> <span class='ocrx_word' id='word_1_27' title='bbox 2428 699 2541 767; x_wconf 73' lang='grc' dir='ltr'><strong>καὶ</strong></span> <span class='ocrx_word' id='word_1_28' title='bbox 2571 702 2739 782; x_wconf 82' lang='grc' dir='ltr'><strong><em>ἔφα-</em></strong></span> 
     </span>
     <span class='ocr_line' id='line_1_6' title="bbox 469 790 2745 888; baseline -0.002 -18"><span class='ocrx_word' id='word_1_29' title='bbox 469 824 597 870; x_wconf 83' lang='grc' dir='ltr'><strong>σαν</strong></span> <span class='ocrx_word' id='word_1_30' title='bbox 643 798 996 887; x_wconf 74' lang='grc' dir='ltr'><strong><em>ἐκβάλλειν</em></strong></span> <span class='ocrx_word' id='word_1_31' title='bbox 1034 797 1192 880; x_wconf 82' lang='grc' dir='ltr'><strong>τούς</strong></span> <span class='ocrx_word' id='word_1_32' title='bbox 1237 797 1570 883; x_wconf 77' lang='grc' dir='ltr'><strong><em>ξεινικοὺς</em></strong></span> <span class='ocrx_word' id='word_1_33' title='bbox 1613 800 1842 880; x_wconf 75' lang='grc' dir='ltr'><strong><em>θεούς.</em></strong></span> <span class='ocrx_word' id='word_1_34' title='bbox 1917 801 2032 868; x_wconf 82' lang='grc' dir='ltr'><strong>καὶ</strong></span> <span class='ocrx_word' id='word_1_35' title='bbox 2071 790 2258 869; x_wconf 82' lang='grc' dir='ltr'><strong><em>οὗτοι</em></strong></span> <span class='ocrx_word' id='word_1_36' title='bbox 2286 802 2413 888; x_wconf 74' lang='grc' dir='ltr'><strong>μὲν</strong></span> <span class='ocrx_word' id='word_1_37' title='bbox 2440 798 2745 888; x_wconf 80' lang='grc' dir='ltr'><strong><em>τρόποισι</em></strong></span> 
     </span>
    </p>
   </div>
   <div class='ocr_carea' id='block_1_4' title="bbox 337 900 2743 992">
    <p class='ocr_par' dir='ltr' id='par_1_4' title="bbox 337 900 2743 992">
     <span class='ocr_line' id='line_1_7' title="bbox 337 900 2743 992; baseline -0.002 -18"><span class='ocrx_word' id='word_1_38' title='bbox 337 914 454 975; x_wconf 83' lang='grc'><strong>173</strong></span> <span class='ocrx_word' id='word_1_39' title='bbox 469 902 825 974; x_wconf 81' lang='grc' dir='ltr'><strong><em>τοιούτοισι</em></strong></span> <span class='ocrx_word' id='word_1_40' title='bbox 853 904 1199 990; x_wconf 80' lang='grc' dir='ltr'><strong><em>χρέωνται.</em></strong></span> <span class='ocrx_word' id='word_1_41' title='bbox 1274 909 1368 972; x_wconf 77' lang='lat' dir='ltr'><strong>OC</strong></span> <span class='ocrx_word' id='word_1_42' title='bbox 1402 904 1476 973; x_wconf 73' lang='grc' dir='ltr'><strong>δὲ</strong></span> <span class='ocrx_word' id='word_1_43' title='bbox 1502 903 1746 973; x_wconf 84' lang='grc' dir='ltr'><strong><em>Λύκιοι</em></strong></span> <span class='ocrx_word' id='word_1_44' title='bbox 1791 905 1865 974; x_wconf 77' lang='grc' dir='ltr'><strong>ἐκ</strong></span> <span class='ocrx_word' id='word_1_45' title='bbox 1899 902 2167 992; x_wconf 83' lang='grc' dir='ltr'><strong><em>Κρήτης</em></strong></span> <span class='ocrx_word' id='word_1_46' title='bbox 2194 900 2522 992; x_wconf 76' lang='grc' dir='ltr'><strong><em>τώρχαῖον</em></strong></span> <span class='ocrx_word' id='word_1_47' title='bbox 2547 901 2743 990; x_wconf 77' lang='grc' dir='ltr'><strong><em>γεγό-</em></strong></span> 
     </span>
    </p>
   </div>
   <div class='ocr_carea' id='block_1_5' title="bbox 471 1003 2744 1097">
    <p class='ocr_par' dir='ltr' id='par_1_5' title="bbox 471 1003 2744 1097">
     <span class='ocr_line' id='line_1_8' title="bbox 471 1003 2744 1097; baseline -0.002 -20"><span class='ocrx_word' id='word_1_48' title='bbox 471 1028 649 1078; x_wconf 89' lang='grc' dir='ltr'><strong><em>νασι.</em></strong></span> <span class='ocrx_word' id='word_1_49' title='bbox 704 1003 829 1094; x_wconf 87' lang='grc' dir='ltr'><strong>τὴν</strong></span> <span class='ocrx_word' id='word_1_50' title='bbox 863 1003 993 1094; x_wconf 77' lang='grc' dir='ltr'><strong>γὰρ</strong></span> <span class='ocrx_word' id='word_1_51' title='bbox 1017 1006 1295 1095; x_wconf 86' lang='grc' dir='ltr'><strong><em>Κρήτην</em></strong></span> <span class='ocrx_word' id='word_1_52' title='bbox 1325 1006 1506 1094; x_wconf 82' lang='grc' dir='ltr'><strong><em>εἶχον</em></strong></span> <span class='ocrx_word' id='word_1_53' title='bbox 1530 1004 1606 1076; x_wconf 82' lang='grc' dir='ltr'><strong>τὰ</strong></span> <span class='ocrx_word' id='word_1_54' title='bbox 1635 1003 1925 1076; x_wconf 77' lang='grc' dir='ltr'><strong><em>παλαιὸν</em></strong></span> <span class='ocrx_word' id='word_1_55' title='bbox 1951 1011 2174 1076; x_wconf 80' lang='grc' dir='ltr'><strong><em>πᾶσαν</em></strong></span> <span class='ocrx_word' id='word_1_56' title='bbox 2201 1006 2554 1097; x_wconf 78' lang='grc' dir='ltr'><strong><em>βάρβαροι.</em></strong></span> <span class='ocrx_word' id='word_1_57' title='bbox 2604 1010 2744 1074; x_wconf 86' lang='grc' dir='ltr'><strong><em>διε-</em></strong></span> 
     </span>
    </p>
   </div>
   <div class='ocr_carea' id='block_1_6' title="bbox 469 1169 1570 4415">
    <p class='ocr_par' dir='ltr' id='par_1_6' title="bbox 469 1169 1570 4415">
     <span class='ocr_line' id='line_1_9' title="bbox 470 1169 1560 1236; baseline -0.003 -14"><span class='ocrx_word' id='word_1_58' title='bbox 470 1173 586 1223; x_wconf 86' lang='lat' dir='ltr'><strong>sive</strong></span> <span class='ocrx_word' id='word_1_59' title='bbox 618 1171 836 1236; x_wconf 89' lang='lat' dir='ltr'><strong>privata</strong></span> <span class='ocrx_word' id='word_1_60' title='bbox 874 1169 1209 1234; x_wconf 85' lang='lat' dir='ltr'><strong>singulorum</strong></span> <span class='ocrx_word' id='word_1_61' title='bbox 1248 1171 1465 1234; x_wconf 85' lang='lat' dir='ltr'><strong>civium,</strong></span> <span class='ocrx_word' id='word_1_62' title='bbox 1504 1175 1560 1220; x_wconf 90' lang='lat' dir='ltr'><strong>et</strong></span> 
     </span>
     <span class='ocr_line' id='line_1_10' title="bbox 471 1240 1558 1304; baseline -0.002 -12"><span class='ocrx_word' id='word_1_63' title='bbox 471 1244 592 1292; x_wconf 82' lang='lat' dir='ltr'><strong>deos</strong></span> <span class='ocrx_word' id='word_1_64' title='bbox 619 1241 944 1304; x_wconf 66' lang='lat' dir='ltr'><strong>peram-ireos,</strong></span> <span class='ocrx_word' id='word_1_65' title='bbox 995 1248 1262 1302; x_wconf 75' lang='lat' dir='ltr'><strong>externos,</strong></span> <span class='ocrx_word' id='word_1_66' title='bbox 1312 1240 1558 1304; x_wconf 89' lang='lat' dir='ltr'><strong>adeoque</strong></span> 
     </span>
     <span class='ocr_line' id='line_1_11' title="bbox 469 1307 1561 1372; baseline -0.002 -12"><span class='ocrx_word' id='word_1_67' title='bbox 469 1311 720 1372; x_wconf 68' lang='lat' dir='ltr'><strong>hospites,</strong></span> <span class='ocrx_word' id='word_1_68' title='bbox 772 1323 908 1372; x_wconf 90' lang='lat' dir='ltr'><strong>quos</strong></span> <span class='ocrx_word' id='word_1_69' title='bbox 952 1307 1165 1358; x_wconf 88' lang='lat' dir='ltr'><strong>scilicet</strong></span> <span class='ocrx_word' id='word_1_70' title='bbox 1212 1308 1431 1360; x_wconf 85' lang='lat' dir='ltr'><strong>aliunde</strong></span> <span class='ocrx_word' id='word_1_71' title='bbox 1464 1309 1561 1358; x_wconf 85' lang='lat' dir='ltr'><strong>ad-</strong></span> 
     </span>
     <span class='ocr_line' id='line_1_12' title="bbox 472 1376 1560 1444; baseline -0.001 -15"><span class='ocrx_word' id='word_1_72' title='bbox 472 1379 749 1429; x_wconf 86' lang='lat' dir='ltr'><strong>sciverant</strong></span> <span class='ocrx_word' id='word_1_73' title='bbox 760 1376 1080 1442; x_wconf 89' lang='lat' dir='ltr'><strong>publiceque</strong></span> <span class='ocrx_word' id='word_1_74' title='bbox 1098 1385 1433 1444; x_wconf 79' lang='lat' dir='ltr'>receperant.</span> <span class='ocrx_word' id='word_1_75' title='bbox 1454 1379 1560 1428; x_wconf 89' lang='lat' dir='ltr'><strong>Eo·</strong></span> 
     </span>
     <span class='ocr_line' id='line_1_13' title="bbox 472 1446 1560 1512; baseline -0.001 -14"><span class='ocrx_word' id='word_1_76' title='bbox 472 1463 590 1498; x_wconf 89' lang='lat' dir='ltr'><strong>rum</strong></span> <span class='ocrx_word' id='word_1_77' title='bbox 636 1462 849 1512; x_wconf 90' lang='lat' dir='ltr'><strong>quoque</strong></span> <span class='ocrx_word' id='word_1_78' title='bbox 894 1448 951 1496; x_wconf 90' lang='grc' dir='ltr'><strong>1ιι</strong></span> <span class='ocrx_word' id='word_1_79' title='bbox 1000 1446 1259 1498; x_wconf 81' lang='lat' dir='ltr'>honorem</span> <span class='ocrx_word' id='word_1_80' title='bbox 1301 1449 1560 1498; x_wconf 88' lang='lat' dir='ltr'><strong>instituta</strong></span> 
     </span>
     <span class='ocr_line' id='line_1_14' title="bbox 469 1508 1556 1580; baseline -0.001 -14"><span class='ocrx_word' id='word_1_81' title='bbox 469 1508 539 1566; x_wconf 82' lang='grc' dir='ltr'><strong>τὰ</strong></span> <span class='ocrx_word' id='word_1_82' title='bbox 587 1512 888 1578; x_wconf 81' lang='grc' dir='ltr'><strong><em>Θεοξένια,</em></strong></span> <span class='ocrx_word' id='word_1_83' title='bbox 947 1531 1087 1580; x_wconf 85' lang='lat' dir='ltr'><strong>quae</strong></span> <span class='ocrx_word' id='word_1_84' title='bbox 1131 1518 1277 1568; x_wconf 89' lang='lat' dir='ltr'><strong>haud</strong></span> <span class='ocrx_word' id='word_1_85' title='bbox 1332 1533 1456 1568; x_wconf 87' lang='lat' dir='ltr'><strong>raro</strong></span> <span class='ocrx_word' id='word_1_86' title='bbox 1500 1519 1556 1566; x_wconf 89' lang='lat' dir='ltr'><strong>in</strong></span> 
     </span>
     <span class='ocr_line' id='line_1_15' title="bbox 471 1585 1560 1648; baseline -0.002 -11"><span class='ocrx_word' id='word_1_87' title='bbox 471 1587 802 1638; x_wconf 83' lang='lat' dir='ltr'><strong>Graecorum</strong></span> <span class='ocrx_word' id='word_1_88' title='bbox 820 1585 1137 1636; x_wconf 88' lang='lat' dir='ltr'><strong>civitatibus</strong></span> <span class='ocrx_word' id='word_1_89' title='bbox 1160 1591 1468 1648; x_wconf 85' lang='lat' dir='ltr'><strong>occurrunt,</strong></span> <span class='ocrx_word' id='word_1_90' title='bbox 1496 1591 1560 1636; x_wconf 89' lang='lat' dir='ltr'><strong>ut</strong></span> 
     </span>
     <span class='ocr_line' id='line_1_16' title="bbox 472 1654 1554 1720; baseline 0.001 -14"><span class='ocrx_word' id='word_1_91' title='bbox 472 1659 632 1706; x_wconf 82' lang='lat' dir='ltr'><strong>notat</strong></span> <span class='ocrx_word' id='word_1_92' title='bbox 668 1654 975 1707; x_wconf 75' lang='lat' dir='ltr'><strong>casaubon.</strong></span> <span class='ocrx_word' id='word_1_93' title='bbox 1021 1655 1091 1705; x_wconf 87' lang='lat' dir='ltr'><strong>ad</strong></span> <span class='ocrx_word' id='word_1_94' title='bbox 1127 1656 1322 1707; x_wconf 84' lang='lat' dir='ltr'><strong>Athen.</strong></span> <span class='ocrx_word' id='word_1_95' title='bbox 1361 1658 1462 1707; x_wconf 81' lang='lat' dir='ltr'><strong>lx.</strong></span> <span class='ocrx_word' id='word_1_96' title='bbox 1500 1673 1554 1720; x_wconf 90' lang='lat' dir='ltr'><strong>p.</strong></span> 
     </span>
     <span class='ocr_line' id='line_1_17' title="bbox 473 1723 1554 1790; baseline 0 -12"><span class='ocrx_word' id='word_1_97' title='bbox 473 1727 575 1778; x_wconf 85' lang='grc'><strong>372</strong></span> <span class='ocrx_word' id='word_1_98' title='bbox 633 1726 682 1776; x_wconf 79' lang='grc' dir='ltr'><strong>Δ</strong></span> <span class='ocrx_word' id='word_1_99' title='bbox 732 1723 805 1790; x_wconf 89' lang='lat' dir='ltr'><strong>(p.</strong></span> <span class='ocrx_word' id='word_1_100' title='bbox 859 1723 927 1778; x_wconf 84' lang='lat'><strong>38</strong></span> <span class='ocrx_word' id='word_1_101' title='bbox 983 1729 1025 1776; x_wconf 88' lang='lat' dir='ltr'><strong>t.</strong></span> <span class='ocrx_word' id='word_1_102' title='bbox 1079 1727 1145 1776; x_wconf 89' lang='lat' dir='ltr'><strong>V.</strong></span> <span class='ocrx_word' id='word_1_103' title='bbox 1205 1726 1554 1779; x_wconf 84' lang='lat' dir='ltr'><strong>Animadvss.</strong></span> 
     </span>
     <span class='ocr_line' id='line_1_18' title="bbox 475 1794 1555 1860; baseline 0 -15"><span class='ocrx_word' id='word_1_104' title='bbox 475 1794 771 1860; x_wconf 83' lang='lat' dir='ltr'><strong>Schwgh..)</strong></span> <span class='ocrx_word' id='word_1_105' title='bbox 858 1794 1020 1846; x_wconf 85' lang='lat' dir='ltr'><strong>Conf.</strong></span> <span class='ocrx_word' id='word_1_106' title='bbox 1065 1800 1206 1846; x_wconf 89' lang='lat' dir='ltr'><strong>nott.</strong></span> <span class='ocrx_word' id='word_1_107' title='bbox 1257 1796 1328 1846; x_wconf 90' lang='lat' dir='ltr'><strong>ad</strong></span> <span class='ocrx_word' id='word_1_108' title='bbox 1373 1796 1419 1858; x_wconf 90' lang='grc' dir='ltr'><strong>Ι,</strong></span> <span class='ocrx_word' id='word_1_109' title='bbox 1468 1796 1555 1846; x_wconf 99' lang='grc'><strong>51.</strong></span> 
     </span>
     <span class='ocr_line' id='line_1_19' title="bbox 472 1864 1558 1931; baseline -0.003 -15"><span class='ocrx_word' id='word_1_110' title='bbox 472 1865 600 1916; x_wconf 89' lang='lat' dir='ltr'><strong>Vid.</strong></span> <span class='ocrx_word' id='word_1_111' title='bbox 636 1864 1013 1914; x_wconf 86' lang='lat' dir='ltr'><strong>Hemsterhus.</strong></span> <span class='ocrx_word' id='word_1_112' title='bbox 1052 1864 1124 1915; x_wconf 91' lang='lat' dir='ltr'><strong>ad</strong></span> <span class='ocrx_word' id='word_1_113' title='bbox 1158 1865 1401 1931; x_wconf 88' lang='lat' dir='ltr'><strong>Hesych.</strong></span> <span class='ocrx_word' id='word_1_114' title='bbox 1438 1870 1480 1915; x_wconf 89' lang='lat' dir='ltr'><strong>t.</strong></span> <span class='ocrx_word' id='word_1_115' title='bbox 1509 1864 1558 1915; x_wconf 91' lang='grc' dir='ltr'><strong>Ι.</strong></span> 
     </span>
     <span class='ocr_line' id='line_1_20' title="bbox 473 1925 1561 2051; baseline -0.001 -68"><span class='ocrx_word' id='word_1_116' title='bbox 473 1951 534 2051; x_wconf 59' lang='lat' dir='ltr'><strong>g.</strong></span> <span class='ocrx_word' id='word_1_117' title='bbox 572 1933 705 1985; x_wconf 82' lang='lat'>1694</span> <span class='ocrx_word' id='word_1_118' title='bbox 750 1934 837 1984; x_wconf 88' lang='lat' dir='ltr'><strong>ed.</strong></span> <span class='ocrx_word' id='word_1_119' title='bbox 878 1933 1125 1984; x_wconf 81' lang='lat' dir='ltr'><strong>Albert.“</strong></span> <span class='ocrx_word' id='word_1_120' title='bbox 1169 1936 1375 1986; x_wconf 55' lang='grc' dir='ltr'><strong>01η-</strong></span> <span class='ocrx_word' id='word_1_121' title='bbox 1420 1925 1561 2000; x_wconf 85' lang='grc' dir='ltr'>ἡβη-</span> 
     </span>
     <span class='ocr_line' id='line_1_21' title="bbox 513 1995 1563 2066; baseline -0.001 -13"><span class='ocrx_word' id='word_1_122' title='bbox 513 1995 581 2053; x_wconf 80' lang='grc' dir='ltr'><strong>ὸν</strong></span> <span class='ocrx_word' id='word_1_123' title='bbox 637 2003 710 2053; x_wconf 88' lang='lat' dir='ltr'><strong>ad</strong></span> <span class='ocrx_word' id='word_1_124' title='bbox 768 2017 953 2052; x_wconf 89' lang='lat' dir='ltr'><strong>omnes</strong></span> <span class='ocrx_word' id='word_1_125' title='bbox 994 2004 1219 2066; x_wconf 79' lang='lat' dir='ltr'><strong>puberes</strong></span> <span class='ocrx_word' id='word_1_126' title='bbox 1265 2021 1310 2057; x_wconf 91' lang='lat' dir='ltr'><strong>s.</strong></span> <span class='ocrx_word' id='word_1_127' title='bbox 1362 2007 1563 2054; x_wconf 72' lang='lat' dir='ltr'><strong>iuvenes</strong></span> 
     </span>
     <span class='ocr_line' id='line_1_22' title="bbox 472 2071 1562 2136; baseline 0 -13"><span class='ocrx_word' id='word_1_128' title='bbox 472 2075 706 2136; x_wconf 84' lang='lat' dir='ltr'><strong>spectat.</strong></span> <span class='ocrx_word' id='word_1_129' title='bbox 801 2071 959 2120; x_wconf 87' lang='lat' dir='ltr'><strong>Conf.</strong></span> <span class='ocrx_word' id='word_1_130' title='bbox 1017 2077 1133 2123; x_wconf 89' lang='lat' dir='ltr'><strong>not.</strong></span> <span class='ocrx_word' id='word_1_131' title='bbox 1190 2080 1435 2123; x_wconf 89' lang='lat' dir='ltr'><strong>nostram</strong></span> <span class='ocrx_word' id='word_1_132' title='bbox 1490 2074 1562 2123; x_wconf 86' lang='lat' dir='ltr'><strong>ad</strong></span> 
     </span>
     <span class='ocr_line' id='line_1_23' title="bbox 471 2139 1383 2219; baseline 0.001 -27"><span class='ocrx_word' id='word_1_133' title='bbox 471 2140 753 2192; x_wconf 79' lang='lat' dir='ltr'><strong>Plutarch.</strong></span> <span class='ocrx_word' id='word_1_134' title='bbox 792 2139 1062 2191; x_wconf 83' lang='lat' dir='ltr'><strong>Alcibiad.</strong></span> <span class='ocrx_word' id='word_1_135' title='bbox 1067 2156 1226 2219; x_wconf 84' lang='lat' dir='ltr'><strong>pag.</strong></span> <span class='ocrx_word' id='word_1_136' title='bbox 1265 2143 1383 2194; x_wconf 89' lang='lat'><strong>155.</strong></span> 
     </span>
     <span class='ocr_line' id='line_1_24' title="bbox 544 2206 1559 2291; baseline 0.002 -35"><span class='ocrx_word' id='word_1_137' title='bbox 544 2206 705 2274; x_wconf 78' lang='grc' dir='ltr'><strong><em>μέχρι</em></strong></span> <span class='ocrx_word' id='word_1_138' title='bbox 742 2222 865 2271; x_wconf 86' lang='grc' dir='ltr'><strong>ουρ</strong></span> <span class='ocrx_word' id='word_1_139' title='bbox 882 2224 925 2256; x_wconf 87' lang='grc' dir='ltr'><strong>ω</strong></span> <span class='ocrx_word' id='word_1_140' title='bbox 942 2223 975 2256; x_wconf 78' lang='grc' dir='ltr'><strong><em>ν</em></strong></span> <span class='ocrx_word' id='word_1_141' title='bbox 1001 2207 1133 2258; x_wconf 77' lang='grc' dir='ltr'><strong>τῶν</strong></span> <span class='ocrx_word' id='word_1_142' title='bbox 1160 2206 1559 2291; x_wconf 74' lang='grc' dir='ltr'><strong><em>Καλυνδικῶν]</em></strong></span> 
     </span>
     <span class='ocr_line' id='line_1_25' title="bbox 473 2273 1560 2343; baseline 0 -16"><span class='ocrx_word' id='word_1_143' title='bbox 473 2275 707 2327; x_wconf 71' lang='grc' dir='ltr'><strong><em>εἵποντο</em></strong></span> <span class='ocrx_word' id='word_1_144' title='bbox 752 2292 851 2341; x_wconf 89' lang='lat' dir='ltr'><strong>pro</strong></span> <span class='ocrx_word' id='word_1_145' title='bbox 903 2276 1050 2342; x_wconf 85' lang='lat' dir='ltr'><strong>vulg.</strong></span> <span class='ocrx_word' id='word_1_146' title='bbox 1097 2273 1304 2328; x_wconf 74' lang='grc' dir='ltr'><strong><em>ἕποντο</em></strong></span> <span class='ocrx_word' id='word_1_147' title='bbox 1364 2279 1560 2343; x_wconf 88' lang='lat' dir='ltr'><strong>scripsi</strong></span> 
     </span>
     <span class='ocr_line' id='line_1_26' title="bbox 478 2337 1560 2412; baseline 0.001 -15"><span class='ocrx_word' id='word_1_148' title='bbox 478 2362 600 2397; x_wconf 88' lang='lat' dir='ltr'><strong>oum</strong></span> <span class='ocrx_word' id='word_1_149' title='bbox 641 2345 877 2397; x_wconf 85' lang='lat' dir='ltr'><strong>Bredov.</strong></span> <span class='ocrx_word' id='word_1_150' title='bbox 920 2361 1046 2412; x_wconf 87' lang='lat' dir='ltr'><strong>pag.</strong></span> <span class='ocrx_word' id='word_1_151' title='bbox 1092 2347 1214 2398; x_wconf 87' lang='grc'><strong>303.</strong></span> <span class='ocrx_word' id='word_1_152' title='bbox 1253 2337 1445 2412; x_wconf 84' lang='grc' dir='ltr'><strong><em>οὔρων</em></strong></span> <span class='ocrx_word' id='word_1_153' title='bbox 1486 2349 1560 2398; x_wconf 88' lang='lat' dir='ltr'><strong>ab</strong></span> 
     </span>
     <span class='ocr_line' id='line_1_27' title="bbox 476 2403 1561 2484; baseline 0.005 -20"><span class='ocrx_word' id='word_1_154' title='bbox 476 2403 673 2479; x_wconf 79' lang='grc' dir='ltr'><strong><em>οὖρος,</em></strong></span> <span class='ocrx_word' id='word_1_155' title='bbox 692 2416 831 2479; x_wconf 77' lang='lat' dir='ltr'><strong>finis,</strong></span> <span class='ocrx_word' id='word_1_156' title='bbox 853 2431 957 2465; x_wconf 88' lang='lat' dir='ltr'><strong>nec</strong></span> <span class='ocrx_word' id='word_1_157' title='bbox 969 2417 1039 2465; x_wconf 92' lang='lat' dir='ltr'><strong>ab</strong></span> <span class='ocrx_word' id='word_1_158' title='bbox 1059 2404 1216 2479; x_wconf 84' lang='grc' dir='ltr'><strong><em>ὅρος,</em></strong></span> <span class='ocrx_word' id='word_1_159' title='bbox 1238 2432 1395 2473; x_wconf 80' lang='lat' dir='ltr'><strong>mons.-</strong></span> <span class='ocrx_word' id='word_1_160' title='bbox 1415 2418 1561 2484; x_wconf 89' lang='lat' dir='ltr'><strong>quod</strong></span> 
     </span>
     <span class='ocr_line' id='line_1_28' title="bbox 478 2483 1562 2551; baseline 0.001 -16"><span class='ocrx_word' id='word_1_161' title='bbox 478 2486 525 2535; x_wconf 86' lang='lat' dir='ltr'><strong>si</strong></span> <span class='ocrx_word' id='word_1_162' title='bbox 541 2489 690 2535; x_wconf 87' lang='lat' dir='ltr'><strong>esset</strong></span> <span class='ocrx_word' id='word_1_163' title='bbox 713 2487 837 2546; x_wconf 90' lang='lat' dir='ltr'><strong>(nec</strong></span> <span class='ocrx_word' id='word_1_164' title='bbox 861 2483 1019 2535; x_wconf 89' lang='lat' dir='ltr'><strong>aliter</strong></span> <span class='ocrx_word' id='word_1_165' title='bbox 1030 2501 1195 2551; x_wconf 85' lang='lat' dir='ltr'><strong>prave</strong></span> <span class='ocrx_word' id='word_1_166' title='bbox 1206 2487 1562 2538; x_wconf 90' lang='lat' dir='ltr'><strong>reddiderunt</strong></span> 
     </span>
     <span class='ocr_line' id='line_1_29' title="bbox 479 2554 1563 2622; baseline 0.003 -19"><span class='ocrx_word' id='word_1_167' title='bbox 479 2555 683 2620; x_wconf 83' lang='lat' dir='ltr'>priores</span> <span class='ocrx_word' id='word_1_168' title='bbox 711 2554 1077 2622; x_wconf 80' lang='lat' dir='ltr'><strong>interpretes),</strong></span> <span class='ocrx_word' id='word_1_169' title='bbox 1112 2558 1457 2608; x_wconf 89' lang='lat' dir='ltr'><strong>scribendum</strong></span> <span class='ocrx_word' id='word_1_170' title='bbox 1482 2559 1563 2607; x_wconf 87' lang='lat' dir='ltr'><strong>fo-</strong></span> 
     </span>
     <span class='ocr_line' id='line_1_30' title="bbox 477 2617 1563 2708; baseline 0 -33"><span class='ocrx_word' id='word_1_171' title='bbox 477 2629 581 2687; x_wconf 88' lang='lat' dir='ltr'><strong>ret,</strong></span> <span class='ocrx_word' id='word_1_172' title='bbox 605 2625 783 2675; x_wconf 89' lang='lat' dir='ltr'><strong>iudice</strong></span> <span class='ocrx_word' id='word_1_173' title='bbox 808 2624 1191 2689; x_wconf 79' lang='lat' dir='ltr'><strong>ValckenariO,</strong></span> <span class='ocrx_word' id='word_1_174' title='bbox 1228 2617 1466 2708; x_wconf 77' lang='grc' dir='ltr'><strong><em>οὐρέων,</em></strong></span> <span class='ocrx_word' id='word_1_175' title='bbox 1498 2631 1563 2675; x_wconf 87' lang='lat' dir='ltr'><strong>ut</strong></span> 
     </span>
     <span class='ocr_line' id='line_1_31' title="bbox 479 2687 1560 2760; baseline -0.001 -16"><span class='ocrx_word' id='word_1_176' title='bbox 479 2695 525 2757; x_wconf 90' lang='grc' dir='ltr'><strong>Ι,</strong></span> <span class='ocrx_word' id='word_1_177' title='bbox 580 2695 702 2745; x_wconf 93' lang='grc'><strong>110.</strong></span> <span class='ocrx_word' id='word_1_178' title='bbox 749 2695 825 2756; x_wconf 93' lang='grc' dir='ltr'><strong>ΙΙ,</strong></span> <span class='ocrx_word' id='word_1_179' title='bbox 862 2694 947 2757; x_wconf 87' lang='grc'><strong>28,</strong></span> <span class='ocrx_word' id='word_1_180' title='bbox 985 2695 1137 2746; x_wconf 87' lang='lat' dir='ltr'><strong>alibi.</strong></span> <span class='ocrx_word' id='word_1_181' title='bbox 1212 2695 1320 2746; x_wconf 89' lang='lat' dir='ltr'><strong>Sed</strong></span> <span class='ocrx_word' id='word_1_182' title='bbox 1366 2687 1560 2760; x_wconf 77' lang='grc' dir='ltr'><strong><em>οὔρων</em></strong></span> 
     </span>
     <span class='ocr_line' id='line_1_32' title="bbox 479 2732 1564 2828; baseline 0.001 -16"><span class='ocrx_word' id='word_1_183' title='bbox 479 2763 571 2826; x_wconf 90' lang='lat' dir='ltr'><strong>(ab</strong></span> <span class='ocrx_word' id='word_1_184' title='bbox 617 2732 825 2828; x_wconf 81' lang='grc' dir='ltr'><strong><em>οὖρος)</em></strong></span> <span class='ocrx_word' id='word_1_185' title='bbox 880 2764 974 2814; x_wconf 92' lang='lat' dir='ltr'><strong>IV.</strong></span> <span class='ocrx_word' id='word_1_186' title='bbox 1026 2764 1292 2816; x_wconf 83' lang='lat'><strong>99.125.</strong></span> <span class='ocrx_word' id='word_1_187' title='bbox 1377 2764 1564 2815; x_wconf 84' lang='lat' dir='ltr'>Simile</span> 
     </span>
     <span class='ocr_line' id='line_1_33' title="bbox 479 2831 1564 2897; baseline 0.001 -17"><span class='ocrx_word' id='word_1_188' title='bbox 479 2831 737 2897; x_wconf 79' lang='lat' dir='ltr'><strong>quiddam</strong></span> <span class='ocrx_word' id='word_1_189' title='bbox 794 2832 862 2882; x_wconf 89' lang='lat' dir='ltr'><strong>de</strong></span> <span class='ocrx_word' id='word_1_190' title='bbox 925 2833 1242 2897; x_wconf 77' lang='lat' dir='ltr'><strong>Segestanis</strong></span> <span class='ocrx_word' id='word_1_191' title='bbox 1297 2834 1564 2884; x_wconf 88' lang='lat' dir='ltr'><strong>matronis</strong></span> 
     </span>
     <span class='ocr_line' id='line_1_34' title="bbox 477 2900 1566 2965; baseline 0.004 -17"><span class='ocrx_word' id='word_1_192' title='bbox 477 2900 889 2965; x_wconf 83' lang='lat' dir='ltr'><strong>virginibusque</strong></span> <span class='ocrx_word' id='word_1_193' title='bbox 923 2901 1160 2952; x_wconf 83' lang='lat' dir='ltr'><strong>Dianam</strong></span> <span class='ocrx_word' id='word_1_194' title='bbox 1193 2917 1260 2951; x_wconf 84' lang='lat' dir='ltr'><strong>ex</strong></span> <span class='ocrx_word' id='word_1_195' title='bbox 1301 2903 1433 2952; x_wconf 88' lang='lat' dir='ltr'><strong>urbe</strong></span> <span class='ocrx_word' id='word_1_196' title='bbox 1476 2918 1566 2952; x_wconf 83' lang='lat' dir='ltr'><strong>ex-</strong></span> 
     </span>
     <span class='ocr_line' id='line_1_35' title="bbox 478 2969 1566 3034; baseline 0.002 -16"><span class='ocrx_word' id='word_1_197' title='bbox 478 2969 824 3032; x_wconf 80' lang='lat' dir='ltr'><strong>portantibus</strong></span> <span class='ocrx_word' id='word_1_198' title='bbox 860 2973 914 3017; x_wconf 90' lang='lat' dir='ltr'><strong>et</strong></span> <span class='ocrx_word' id='word_1_199' title='bbox 947 2984 1121 3034; x_wconf 89' lang='lat' dir='ltr'><strong>usque</strong></span> <span class='ocrx_word' id='word_1_200' title='bbox 1163 2971 1233 3019; x_wconf 86' lang='lat' dir='ltr'><strong>ad</strong></span> <span class='ocrx_word' id='word_1_201' title='bbox 1271 2972 1390 3034; x_wconf 85' lang='lat' dir='ltr'><strong>agri</strong></span> <span class='ocrx_word' id='word_1_202' title='bbox 1429 2970 1566 3021; x_wconf 84' lang='lat' dir='ltr'><strong>fines</strong></span> 
     </span>
     <span class='ocr_line' id='line_1_36' title="bbox 480 3037 1562 3101; baseline 0.005 -16"><span class='ocrx_word' id='word_1_203' title='bbox 480 3037 930 3101; x_wconf 83' lang='lat' dir='ltr'><strong>prosequentibus</strong></span> <span class='ocrx_word' id='word_1_204' title='bbox 940 3042 1128 3087; x_wconf 86' lang='lat' dir='ltr'><strong>narrat</strong></span> <span class='ocrx_word' id='word_1_205' title='bbox 1136 3039 1325 3088; x_wconf 91' lang='lat' dir='ltr'><strong>Cicero</strong></span> <span class='ocrx_word' id='word_1_206' title='bbox 1340 3040 1395 3088; x_wconf 95' lang='lat' dir='ltr'><strong>in</strong></span> <span class='ocrx_word' id='word_1_207' title='bbox 1406 3041 1562 3090; x_wconf 85' lang='lat' dir='ltr'><strong>Verr.</strong></span> 
     </span>
     <span class='ocr_line' id='line_1_37' title="bbox 480 3104 1567 3173; baseline 0.003 -17"><span class='ocrx_word' id='word_1_208' title='bbox 480 3106 577 3167; x_wconf 88' lang='lat' dir='ltr'><strong>IV,</strong></span> <span class='ocrx_word' id='word_1_209' title='bbox 616 3104 704 3157; x_wconf 83' lang='lat'><strong>35.</strong></span> <span class='ocrx_word' id='word_1_210' title='bbox 775 3105 901 3156; x_wconf 84' lang='lat' dir='ltr'><strong>Alia</strong></span> <span class='ocrx_word' id='word_1_211' title='bbox 941 3105 1103 3156; x_wconf 90' lang='lat' dir='ltr'><strong>huius</strong></span> <span class='ocrx_word' id='word_1_212' title='bbox 1148 3108 1362 3172; x_wconf 87' lang='lat' dir='ltr'><strong>generis</strong></span> <span class='ocrx_word' id='word_1_213' title='bbox 1408 3125 1567 3173; x_wconf 88' lang='lat' dir='ltr'><strong>prae-</strong></span> 
     </span>
     <span class='ocr_line' id='line_1_38' title="bbox 480 3173 1567 3228; baseline 0.003 -3"><span class='ocrx_word' id='word_1_214' title='bbox 480 3180 632 3225; x_wconf 83' lang='lat' dir='ltr'><strong>terea</strong></span> <span class='ocrx_word' id='word_1_215' title='bbox 672 3173 923 3225; x_wconf 84' lang='lat' dir='ltr'><strong>laudavit</strong></span> <span class='ocrx_word' id='word_1_216' title='bbox 970 3174 1383 3227; x_wconf 79' lang='lat' dir='ltr'><strong>Valckenarius.</strong></span> <span class='ocrx_word' id='word_1_217' title='bbox 1466 3179 1567 3228; x_wconf 84' lang='lat' dir='ltr'><strong>Ga·</strong></span> 
     </span>
     <span class='ocr_line' id='line_1_39' title="bbox 479 3244 1568 3311; baseline 0.004 -18"><span class='ocrx_word' id='word_1_218' title='bbox 479 3246 502 3293; x_wconf 83' lang='lat' dir='ltr'><strong>l</strong></span> <span class='ocrx_word' id='word_1_219' title='bbox 570 3244 639 3294; x_wconf 83' lang='lat' dir='ltr'><strong>da</strong></span> <span class='ocrx_word' id='word_1_220' title='bbox 672 3244 801 3294; x_wconf 87' lang='lat' dir='ltr'><strong>urbs</strong></span> <span class='ocrx_word' id='word_1_221' title='bbox 837 3244 897 3294; x_wconf 87' lang='lat' dir='ltr'><strong>in</strong></span> <span class='ocrx_word' id='word_1_222' title='bbox 931 3244 1135 3308; x_wconf 81' lang='lat' dir='ltr'><strong>Lyciae</strong></span> <span class='ocrx_word' id='word_1_223' title='bbox 1170 3250 1337 3311; x_wconf 89' lang='lat' dir='ltr'><strong>atque</strong></span> <span class='ocrx_word' id='word_1_224' title='bbox 1372 3247 1568 3297; x_wconf 85' lang='lat' dir='ltr'><strong>Cariae</strong></span> 
     </span>
     <span class='ocr_line' id='line_1_40' title="bbox 484 3261 1566 3379; baseline 0.003 -16"><span class='ocrx_word' id='word_1_225' title='bbox 484 3261 680 3363; x_wconf 51' lang='lat' dir='ltr'><strong>gibus</strong></span> <span class='ocrx_word' id='word_1_226' title='bbox 728 3313 800 3363; x_wconf 89' lang='lat' dir='ltr'><strong>ad</strong></span> <span class='ocrx_word' id='word_1_227' title='bbox 844 3329 993 3363; x_wconf 87' lang='lat' dir='ltr'><strong>mare</strong></span> <span class='ocrx_word' id='word_1_228' title='bbox 1054 3315 1163 3364; x_wconf 88' lang='lat' dir='ltr'><strong>sita</strong></span> <span class='ocrx_word' id='word_1_229' title='bbox 1218 3320 1362 3379; x_wconf 86' lang='lat' dir='ltr'><strong>erat,</strong></span> <span class='ocrx_word' id='word_1_230' title='bbox 1422 3318 1566 3368; x_wconf 88' lang='lat' dir='ltr'><strong>unde</strong></span> 
     </span>
     <span class='ocr_line' id='line_1_41' title="bbox 482 3382 1569 3448; baseline 0.004 -16"><span class='ocrx_word' id='word_1_231' title='bbox 482 3382 641 3433; x_wconf 91' lang='lat' dir='ltr'><strong>modo</strong></span> <span class='ocrx_word' id='word_1_232' title='bbox 677 3384 884 3448; x_wconf 81' lang='lat' dir='ltr'><strong>Lyciae</strong></span> <span class='ocrx_word' id='word_1_233' title='bbox 928 3383 1089 3434; x_wconf 90' lang='lat' dir='ltr'><strong>modo</strong></span> <span class='ocrx_word' id='word_1_234' title='bbox 1125 3384 1319 3435; x_wconf 87' lang='lat' dir='ltr'><strong>Cariae</strong></span> <span class='ocrx_word' id='word_1_235' title='bbox 1363 3385 1569 3436; x_wconf 88' lang='lat' dir='ltr'><strong>adscri-</strong></span> 
     </span>
     <span class='ocr_line' id='line_1_42' title="bbox 481 3452 1564 3520; baseline 0.004 -18"><span class='ocrx_word' id='word_1_236' title='bbox 481 3452 647 3503; x_wconf 88' lang='lat' dir='ltr'><strong>bitur.</strong></span> <span class='ocrx_word' id='word_1_237' title='bbox 721 3453 879 3504; x_wconf 85' lang='lat' dir='ltr'><strong>Conf.</strong></span> <span class='ocrx_word' id='word_1_238' title='bbox 915 3453 1171 3505; x_wconf 82' lang='lat' dir='ltr'><strong>Strabon.</strong></span> <span class='ocrx_word' id='word_1_239' title='bbox 1192 3454 1340 3506; x_wconf 87' lang='lat' dir='ltr'><strong>XIV.</strong></span> <span class='ocrx_word' id='word_1_240' title='bbox 1362 3471 1413 3520; x_wconf 89' lang='lat' dir='ltr'><strong>p.</strong></span> <span class='ocrx_word' id='word_1_241' title='bbox 1441 3455 1564 3506; x_wconf 92' lang='grc'><strong>651.</strong></span> 
     </span>
     <span class='ocr_line' id='line_1_43' title="bbox 481 3521 1568 3587; baseline 0.003 -16"><span class='ocrx_word' id='word_1_242' title='bbox 481 3538 528 3572; x_wconf 93' lang='lat' dir='ltr'><strong>s.</strong></span> <span class='ocrx_word' id='word_1_243' title='bbox 573 3538 624 3587; x_wconf 91' lang='lat' dir='ltr'><strong>p.</strong></span> <span class='ocrx_word' id='word_1_244' title='bbox 668 3521 792 3575; x_wconf 81' lang='lat'><strong>963.</strong></span> <span class='ocrx_word' id='word_1_245' title='bbox 835 3524 881 3573; x_wconf 94' lang='grc' dir='ltr'><strong>Β</strong></span> <span class='ocrx_word' id='word_1_246' title='bbox 918 3522 1102 3587; x_wconf 88' lang='lat' dir='ltr'><strong>ibique</strong></span> <span class='ocrx_word' id='word_1_247' title='bbox 1146 3524 1383 3574; x_wconf 87' lang='lat' dir='ltr'><strong>Casaub.</strong></span> <span class='ocrx_word' id='word_1_248' title='bbox 1424 3525 1568 3575; x_wconf 90' lang='lat' dir='ltr'><strong>Plin.</strong></span> 
     </span>
     <span class='ocr_line' id='line_1_44' title="bbox 480 3592 1568 3657; baseline 0.002 -16"><span class='ocrx_word' id='word_1_249' title='bbox 480 3592 552 3641; x_wconf 91' lang='lat' dir='ltr'><strong>H.</strong></span> <span class='ocrx_word' id='word_1_250' title='bbox 578 3592 649 3642; x_wconf 82' lang='lat' dir='ltr'><strong>N.</strong></span> <span class='ocrx_word' id='word_1_251' title='bbox 671 3592 736 3655; x_wconf 92' lang='lat' dir='ltr'><strong>V,</strong></span> <span class='ocrx_word' id='word_1_252' title='bbox 772 3593 858 3643; x_wconf 85' lang='lat'><strong>28.</strong></span> <span class='ocrx_word' id='word_1_253' title='bbox 918 3592 1046 3657; x_wconf 91' lang='lat' dir='ltr'><strong>Ipse</strong></span> <span class='ocrx_word' id='word_1_254' title='bbox 1073 3593 1384 3644; x_wconf 88' lang='lat' dir='ltr'><strong>Herodotus</strong></span> <span class='ocrx_word' id='word_1_255' title='bbox 1408 3594 1568 3657; x_wconf 88' lang='lat' dir='ltr'><strong>VIII,</strong></span> 
     </span>
     <span class='ocr_line' id='line_1_45' title="bbox 483 3659 1565 3726; baseline 0.004 -17"><span class='ocrx_word' id='word_1_256' title='bbox 483 3659 549 3709; x_wconf 89' lang='grc'><strong>87</strong></span> <span class='ocrx_word' id='word_1_257' title='bbox 612 3662 892 3712; x_wconf 88' lang='lat' dir='ltr'><strong>civitatem</strong></span> <span class='ocrx_word' id='word_1_258' title='bbox 958 3661 1099 3712; x_wconf 88' lang='lat' dir='ltr'><strong>hanc</strong></span> <span class='ocrx_word' id='word_1_259' title='bbox 1161 3667 1565 3726; x_wconf 86' lang='lat' dir='ltr'><strong>commemorat,</strong></span> 
     </span>
     <span class='ocr_line' id='line_1_46' title="bbox 480 3727 1568 3796; baseline 0.003 -17"><span class='ocrx_word' id='word_1_260' title='bbox 480 3727 683 3794; x_wconf 89' lang='lat' dir='ltr'><strong>aliique</strong></span> <span class='ocrx_word' id='word_1_261' title='bbox 729 3735 969 3792; x_wconf 84' lang='lat' dir='ltr'><strong>veteres,</strong></span> <span class='ocrx_word' id='word_1_262' title='bbox 1022 3747 1157 3796; x_wconf 88' lang='lat' dir='ltr'><strong>quos</strong></span> <span class='ocrx_word' id='word_1_263' title='bbox 1203 3732 1392 3782; x_wconf 83' lang='lat' dir='ltr'><strong>laudat</strong></span> <span class='ocrx_word' id='word_1_264' title='bbox 1435 3734 1568 3783; x_wconf 87' lang='lat' dir='ltr'><strong>For-</strong></span> 
     </span>
     <span class='ocr_line' id='line_1_47' title="bbox 478 3798 1566 3867; baseline 0.005 -21"><span class='ocrx_word' id='word_1_265' title='bbox 478 3798 659 3861; x_wconf 87' lang='lat' dir='ltr'><strong>biger:</strong></span> <span class='ocrx_word' id='word_1_266' title='bbox 714 3801 935 3851; x_wconf 87' lang='lat' dir='ltr'><strong>Handb.</strong></span> <span class='ocrx_word' id='word_1_267' title='bbox 986 3800 1039 3850; x_wconf 84' lang='lat' dir='ltr'><strong>d.</strong></span> <span class='ocrx_word' id='word_1_268' title='bbox 1093 3801 1188 3850; x_wconf 89' lang='lat' dir='ltr'><strong>alt.</strong></span> <span class='ocrx_word' id='word_1_269' title='bbox 1236 3801 1435 3867; x_wconf 81' lang='lat' dir='ltr'><strong>Geogr.</strong></span> <span class='ocrx_word' id='word_1_270' title='bbox 1485 3802 1566 3852; x_wconf 94' lang='lat'><strong>11.</strong></span> 
     </span>
     <span class='ocr_line' id='line_1_48' title="bbox 480 3869 1566 3930; baseline 0.005 -14"><span class='ocrx_word' id='word_1_271' title='bbox 480 3882 532 3930; x_wconf 90' lang='lat' dir='ltr'><strong>p.</strong></span> <span class='ocrx_word' id='word_1_272' title='bbox 582 3869 703 3918; x_wconf 88' lang='grc'><strong>225.</strong></span> <span class='ocrx_word' id='word_1_273' title='bbox 788 3869 869 3918; x_wconf 85' lang='lat' dir='ltr'><strong>Ac</strong></span> <span class='ocrx_word' id='word_1_274' title='bbox 924 3883 1145 3919; x_wconf 89' lang='lat' dir='ltr'><strong>numum</strong></span> <span class='ocrx_word' id='word_1_275' title='bbox 1199 3870 1357 3921; x_wconf 89' lang='lat' dir='ltr'><strong>huius</strong></span> <span class='ocrx_word' id='word_1_276' title='bbox 1415 3871 1566 3921; x_wconf 85' lang='lat' dir='ltr'><strong>urbis</strong></span> 
     </span>
     <span class='ocr_line' id='line_1_49' title="bbox 483 3932 1566 4004; baseline 0.008 -22"><span class='ocrx_word' id='word_1_277' title='bbox 483 3932 640 3984; x_wconf 85' lang='lat' dir='ltr'><strong>affert</strong></span> <span class='ocrx_word' id='word_1_278' title='bbox 692 3934 1004 4001; x_wconf 89' lang='lat' dir='ltr'><strong>Millingen:</strong></span> <span class='ocrx_word' id='word_1_279' title='bbox 1061 3937 1281 4004; x_wconf 78' lang='lat' dir='ltr'><strong>Sylloge</strong></span> <span class='ocrx_word' id='word_1_280' title='bbox 1343 3939 1404 3990; x_wconf 83' lang='lat' dir='ltr'><strong>of</strong></span> <span class='ocrx_word' id='word_1_281' title='bbox 1440 3955 1566 3992; x_wconf 91' lang='lat' dir='ltr'><strong>anc.</strong></span> 
     </span>
     <span class='ocr_line' id='line_1_50' title="bbox 480 4003 1563 4074; baseline 0.008 -22"><span class='ocrx_word' id='word_1_282' title='bbox 480 4004 739 4053; x_wconf 88' lang='lat' dir='ltr'><strong>unedited</strong></span> <span class='ocrx_word' id='word_1_283' title='bbox 784 4006 936 4055; x_wconf 89' lang='lat' dir='ltr'><strong>coins</strong></span> <span class='ocrx_word' id='word_1_284' title='bbox 983 4003 1252 4067; x_wconf 88' lang='lat' dir='ltr'><strong>(London.</strong></span> <span class='ocrx_word' id='word_1_285' title='bbox 1302 4007 1459 4074; x_wconf 87' lang='grc'><strong>1837)</strong></span> <span class='ocrx_word' id='word_1_286' title='bbox 1507 4025 1563 4074; x_wconf 87' lang='lat' dir='ltr'><strong>p.</strong></span> 
     </span>
     <span class='ocr_line' id='line_1_51' title="bbox 483 4071 1564 4130; baseline 0.005 -8"><span class='ocrx_word' id='word_1_287' title='bbox 483 4071 997 4124; x_wconf 81' lang='lat' dir='ltr'><strong>72.Ad‹1.Raou1</strong></span> <span class='ocrx_word' id='word_1_288' title='bbox 1038 4075 1337 4126; x_wconf 88' lang='lat' dir='ltr'><strong>Rochette:</strong></span> <span class='ocrx_word' id='word_1_289' title='bbox 1376 4079 1564 4130; x_wconf 89' lang='lat' dir='ltr'><strong>Iourn.</strong></span> 
     </span>
     <span class='ocr_line' id='line_1_52' title="bbox 484 4139 1564 4206; baseline 0.006 -16"><span class='ocrx_word' id='word_1_290' title='bbox 484 4139 535 4189; x_wconf 87' lang='lat' dir='ltr'><strong>d.</strong></span> <span class='ocrx_word' id='word_1_291' title='bbox 567 4140 696 4191; x_wconf 85' lang='lat' dir='ltr'><strong>Sav.</strong></span> <span class='ocrx_word' id='word_1_292' title='bbox 738 4140 892 4191; x_wconf 83' lang='grc'><strong>1842.</strong></span> <span class='ocrx_word' id='word_1_293' title='bbox 944 4159 996 4206; x_wconf 87' lang='lat' dir='ltr'><strong>p.</strong></span> <span class='ocrx_word' id='word_1_294' title='bbox 1037 4142 1158 4193; x_wconf 82' lang='grc'><strong>396.</strong></span> <span class='ocrx_word' id='word_1_295' title='bbox 1232 4145 1437 4195; x_wconf 90' lang='lat' dir='ltr'><strong>Locum</strong></span> <span class='ocrx_word' id='word_1_296' title='bbox 1474 4162 1564 4196; x_wconf 88' lang='lat' dir='ltr'><strong>ur·</strong></span> 
     </span>
     <span class='ocr_line' id='line_1_53' title="bbox 478 4209 1566 4274; baseline 0.005 -15"><span class='ocrx_word' id='word_1_297' title='bbox 478 4209 564 4259; x_wconf 87' lang='lat' dir='ltr'><strong>bis</strong></span> <span class='ocrx_word' id='word_1_298' title='bbox 600 4214 768 4274; x_wconf 87' lang='lat' dir='ltr'><strong>atque</strong></span> <span class='ocrx_word' id='word_1_299' title='bbox 804 4211 990 4260; x_wconf 88' lang='lat' dir='ltr'><strong>ruinas</strong></span> <span class='ocrx_word' id='word_1_300' title='bbox 1029 4211 1291 4274; x_wconf 86' lang='lat' dir='ltr'><strong>quasdam</strong></span> <span class='ocrx_word' id='word_1_301' title='bbox 1326 4214 1566 4265; x_wconf 86' lang='lat' dir='ltr'><strong>eiusdem</strong></span> 
     </span>
     <span class='ocr_line' id='line_1_54' title="bbox 480 4278 1570 4333; baseline 0.004 -7"><span class='ocrx_word' id='word_1_302' title='bbox 480 4279 585 4327; x_wconf 86' lang='lat' dir='ltr'><strong>sibi</strong></span> <span class='ocrx_word' id='word_1_303' title='bbox 618 4278 893 4330; x_wconf 89' lang='lat' dir='ltr'><strong>invenisse</strong></span> <span class='ocrx_word' id='word_1_304' title='bbox 927 4279 1144 4330; x_wconf 85' lang='lat' dir='ltr'><strong>videtur</strong></span> <span class='ocrx_word' id='word_1_305' title='bbox 1178 4280 1408 4331; x_wconf 82' lang='lat' dir='ltr'><strong>Fellows</strong></span> <span class='ocrx_word' id='word_1_306' title='bbox 1439 4284 1570 4333; x_wconf 83' lang='lat' dir='ltr'><strong>Dis.</strong></span> 
     </span>
     <span class='ocr_line' id='line_1_55' title="bbox 478 4348 1566 4415; baseline 0.004 -17"><span class='ocrx_word' id='word_1_307' title='bbox 478 4348 721 4399; x_wconf 88' lang='lat' dir='ltr'><strong>coveries</strong></span> <span class='ocrx_word' id='word_1_308' title='bbox 757 4349 811 4398; x_wconf 89' lang='lat' dir='ltr'><strong>in</strong></span> <span class='ocrx_word' id='word_1_309' title='bbox 846 4349 1020 4414; x_wconf 82' lang='lat' dir='ltr'><strong>Lycia</strong></span> <span class='ocrx_word' id='word_1_310' title='bbox 1055 4364 1108 4414; x_wconf 86' lang='lat' dir='ltr'><strong>p.</strong></span> <span class='ocrx_word' id='word_1_311' title='bbox 1134 4348 1252 4410; x_wconf 64' lang='lat'>‚105</span> <span class='ocrx_word' id='word_1_312' title='bbox 1277 4365 1417 4415; x_wconf 81' lang='lat' dir='ltr'><strong>seq.;</strong></span> <span class='ocrx_word' id='word_1_313' title='bbox 1458 4352 1566 4402; x_wconf 82' lang='lat' dir='ltr'><strong>fru-</strong></span> 
     </span>
    </p>
   </div>
   <div class='ocr_carea' id='block_1_7' title="bbox 1654 1171 2752 2070">
    <p class='ocr_par' dir='ltr' id='par_1_7' title="bbox 1654 1171 2752 2070">
     <span class='ocr_line' id='line_1_56' title="bbox 1659 1171 2750 1236; baseline -0.001 -16"><span class='ocrx_word' id='word_1_314' title='bbox 1659 1177 1776 1221; x_wconf 84' lang='lat' dir='ltr'><strong>stra</strong></span> <span class='ocrx_word' id='word_1_315' title='bbox 1800 1186 1858 1220; x_wconf 87' lang='lat' dir='ltr'><strong>se</strong></span> <span class='ocrx_word' id='word_1_316' title='bbox 1891 1171 2076 1219; x_wconf 87' lang='lat' dir='ltr'><strong>ruinas</strong></span> <span class='ocrx_word' id='word_1_317' title='bbox 2103 1171 2202 1221; x_wconf 90' lang='lat' dir='ltr'><strong>hos</strong></span> <span class='ocrx_word' id='word_1_318' title='bbox 2236 1171 2575 1236; x_wconf 83' lang='lat' dir='ltr'><strong>quaesivisse</strong></span> <span class='ocrx_word' id='word_1_319' title='bbox 2600 1186 2750 1220; x_wconf 87' lang='lat' dir='ltr'><strong>asse-</strong></span> 
     </span>
     <span class='ocr_line' id='line_1_57' title="bbox 1659 1238 2751 1290; baseline 0 -2"><span class='ocrx_word' id='word_1_320' title='bbox 1659 1241 1731 1288; x_wconf 86' lang='lat' dir='ltr'><strong>rit</strong></span> <span class='ocrx_word' id='word_1_321' title='bbox 1789 1241 1958 1290; x_wconf 87' lang='lat' dir='ltr'><strong>Ross:</strong></span> <span class='ocrx_word' id='word_1_322' title='bbox 2021 1239 2334 1290; x_wconf 88' lang='lat' dir='ltr'><strong>Kleinasien</strong></span> <span class='ocrx_word' id='word_1_323' title='bbox 2378 1256 2433 1290; x_wconf 89' lang='grc' dir='ltr'><strong>ιι.</strong></span> <span class='ocrx_word' id='word_1_324' title='bbox 2481 1238 2751 1290; x_wconf 86' lang='lat' dir='ltr'><strong>Deutsch-</strong></span> 
     </span>
     <span class='ocr_line' id='line_1_58' title="bbox 1654 1307 2752 1373; baseline 0 -15"><span class='ocrx_word' id='word_1_325' title='bbox 1654 1307 1786 1359; x_wconf 85' lang='lat' dir='ltr'><strong>land</strong></span> <span class='ocrx_word' id='word_1_326' title='bbox 1832 1324 1958 1373; x_wconf 86' lang='lat' dir='ltr'><strong>pag.</strong></span> <span class='ocrx_word' id='word_1_327' title='bbox 2010 1308 2128 1360; x_wconf 88' lang='lat'><strong>103.</strong></span> <span class='ocrx_word' id='word_1_328' title='bbox 2215 1310 2349 1360; x_wconf 91' lang='lat' dir='ltr'><strong>Cum</strong></span> <span class='ocrx_word' id='word_1_329' title='bbox 2395 1325 2524 1360; x_wconf 87' lang='lat' dir='ltr'><strong>vero</strong></span> <span class='ocrx_word' id='word_1_330' title='bbox 2580 1324 2752 1373; x_wconf 86' lang='lat' dir='ltr'><strong>nuper</strong></span> 
     </span>
     <span class='ocr_line' id='line_1_59' title="bbox 1657 1380 2752 1443; baseline 0 -16"><span class='ocrx_word' id='word_1_331' title='bbox 1657 1393 1824 1443; x_wconf 88' lang='lat' dir='ltr'><strong>prope</strong></span> <span class='ocrx_word' id='word_1_332' title='bbox 1861 1380 2069 1441; x_wconf 87' lang='lat' dir='ltr'><strong>vicum,</strong></span> <span class='ocrx_word' id='word_1_333' title='bbox 2123 1380 2212 1428; x_wconf 90' lang='lat' dir='ltr'><strong>cui</strong></span> <span class='ocrx_word' id='word_1_334' title='bbox 2248 1395 2442 1430; x_wconf 90' lang='lat' dir='ltr'><strong>nomen</strong></span> <span class='ocrx_word' id='word_1_335' title='bbox 2478 1381 2752 1431; x_wconf 82' lang='lat' dir='ltr'><strong>Hoozoom-</strong></span> 
     </span>
     <span class='ocr_line' id='line_1_60' title="bbox 1660 1448 2750 1513; baseline -0.001 -16"><span class='ocrx_word' id='word_1_336' title='bbox 1660 1451 1735 1497; x_wconf 85' lang='lat' dir='ltr'><strong>Iee</strong></span> <span class='ocrx_word' id='word_1_337' title='bbox 1781 1448 2057 1510; x_wconf 89' lang='lat' dir='ltr'><strong>tribuunt,</strong></span> <span class='ocrx_word' id='word_1_338' title='bbox 2106 1449 2296 1499; x_wconf 89' lang='lat' dir='ltr'><strong>ruinae</strong></span> <span class='ocrx_word' id='word_1_339' title='bbox 2340 1450 2478 1500; x_wconf 91' lang='lat' dir='ltr'><strong>satis</strong></span> <span class='ocrx_word' id='word_1_340' title='bbox 2536 1448 2750 1513; x_wconf 83' lang='lat' dir='ltr'><strong>amplae</strong></span> 
     </span>
     <span class='ocr_line' id='line_1_61' title="bbox 1657 1516 2751 1585; baseline 0 -20"><span class='ocrx_word' id='word_1_341' title='bbox 1657 1516 1815 1565; x_wconf 86' lang='lat' dir='ltr'><strong>urbis</strong></span> <span class='ocrx_word' id='word_1_342' title='bbox 1862 1517 2114 1567; x_wconf 86' lang='lat' dir='ltr'><strong>detectae</strong></span> <span class='ocrx_word' id='word_1_343' title='bbox 2163 1520 2300 1582; x_wconf 89' lang='lat' dir='ltr'><strong>sint,</strong></span> <span class='ocrx_word' id='word_1_344' title='bbox 2366 1535 2506 1585; x_wconf 90' lang='lat' dir='ltr'><strong>quae</strong></span> <span class='ocrx_word' id='word_1_345' title='bbox 2565 1520 2622 1568; x_wconf 92' lang='lat' dir='ltr'><strong>in</strong></span> <span class='ocrx_word' id='word_1_346' title='bbox 2671 1519 2751 1565; x_wconf 90' lang='lat' dir='ltr'><strong>in·</strong></span> 
     </span>
     <span class='ocr_line' id='line_1_62' title="bbox 1657 1586 2751 1654; baseline 0 -19"><span class='ocrx_word' id='word_1_347' title='bbox 1657 1586 2048 1650; x_wconf 84' lang='lat' dir='ltr'><strong>scriptionibus</strong></span> <span class='ocrx_word' id='word_1_348' title='bbox 2133 1587 2208 1636; x_wconf 88' lang='lat' dir='ltr'><strong>ibi</strong></span> <span class='ocrx_word' id='word_1_349' title='bbox 2288 1590 2518 1654; x_wconf 89' lang='lat' dir='ltr'><strong>repertis</strong></span> <span class='ocrx_word' id='word_1_350' title='bbox 2586 1602 2751 1637; x_wconf 86' lang='lat' dir='ltr'><strong>voca—</strong></span> 
     </span>
     <span class='ocr_line' id='line_1_63' title="bbox 1656 1657 2752 1722; baseline 0.001 -18"><span class='ocrx_word' id='word_1_351' title='bbox 1656 1660 1745 1704; x_wconf 88' lang='lat' dir='ltr'><strong>tur</strong></span> <span class='ocrx_word' id='word_1_352' title='bbox 1778 1657 2041 1722; x_wconf 81' lang='lat' dir='ltr'><strong>Calyanda</strong></span> <span class='ocrx_word' id='word_1_353' title='bbox 2076 1662 2243 1722; x_wconf 86' lang='lat' dir='ltr'><strong>atque</strong></span> <span class='ocrx_word' id='word_1_354' title='bbox 2278 1658 2577 1722; x_wconf 65' lang='lat' dir='ltr'><strong>Gadyanda,</strong></span> <span class='ocrx_word' id='word_1_355' title='bbox 2616 1657 2752 1706; x_wconf 89' lang='lat' dir='ltr'><strong>haec</strong></span> 
     </span>
     <span class='ocr_line' id='line_1_64' title="bbox 1659 1726 2751 1793; baseline -0.001 -17"><span class='ocrx_word' id='word_1_356' title='bbox 1659 1726 1842 1776; x_wconf 89' lang='lat' dir='ltr'><strong>omnia</strong></span> <span class='ocrx_word' id='word_1_357' title='bbox 1901 1726 1970 1776; x_wconf 86' lang='lat' dir='ltr'><strong>ad</strong></span> <span class='ocrx_word' id='word_1_358' title='bbox 2034 1742 2199 1776; x_wconf 90' lang='lat' dir='ltr'><strong>unam</strong></span> <span class='ocrx_word' id='word_1_359' title='bbox 2265 1729 2596 1793; x_wconf 84' lang='lat' dir='ltr'><strong>eandemque</strong></span> <span class='ocrx_word' id='word_1_360' title='bbox 2659 1742 2751 1775; x_wconf 87' lang='grc' dir='ltr'><strong><em>ιιι·-</em></strong></span> 
     </span>
     <span class='ocr_line' id='line_1_65' title="bbox 1659 1795 2750 1861; baseline 0.002 -18"><span class='ocrx_word' id='word_1_361' title='bbox 1659 1795 1782 1844; x_wconf 89' lang='lat' dir='ltr'><strong>bem</strong></span> <span class='ocrx_word' id='word_1_362' title='bbox 1842 1810 2033 1845; x_wconf 86' lang='lat' dir='ltr'><strong>revera</strong></span> <span class='ocrx_word' id='word_1_363' title='bbox 2085 1797 2357 1861; x_wconf 85' lang='lat' dir='ltr'><strong>pertinere</strong></span> <span class='ocrx_word' id='word_1_364' title='bbox 2414 1797 2750 1848; x_wconf 81' lang='lat' dir='ltr'><strong>contendunt</strong></span> 
     </span>
     <span class='ocr_line' id='line_1_66' title="bbox 1663 1863 2746 1929; baseline 0.001 -16"><span class='ocrx_word' id='word_1_365' title='bbox 1663 1863 1900 1914; x_wconf 83' lang='lat' dir='ltr'><strong>editores</strong></span> <span class='ocrx_word' id='word_1_366' title='bbox 1949 1865 2164 1929; x_wconf 86' lang='lat' dir='ltr'><strong>(Spratt</strong></span> <span class='ocrx_word' id='word_1_367' title='bbox 2211 1871 2269 1916; x_wconf 90' lang='lat' dir='ltr'><strong>et</strong></span> <span class='ocrx_word' id='word_1_368' title='bbox 2304 1867 2461 1918; x_wconf 79' lang='lat' dir='ltr'><strong>Edw.</strong></span> <span class='ocrx_word' id='word_1_369' title='bbox 2507 1863 2746 1928; x_wconf 84' lang='lat' dir='ltr'><strong>Forbes)</strong></span> 
     </span>
     <span class='ocr_line' id='line_1_67' title="bbox 1663 1935 2747 2001; baseline 0 -19"><span class='ocrx_word' id='word_1_370' title='bbox 1663 1935 1866 1999; x_wconf 88' lang='lat' dir='ltr'><strong>operis:</strong></span> <span class='ocrx_word' id='word_1_371' title='bbox 1919 1935 2147 1985; x_wconf 72' lang='lat' dir='ltr'><strong>Traveis</strong></span> <span class='ocrx_word' id='word_1_372' title='bbox 2195 1936 2256 1988; x_wconf 89' lang='lat' dir='ltr'><strong>in</strong></span> <span class='ocrx_word' id='word_1_373' title='bbox 2299 1937 2499 2001; x_wconf 87' lang='lat' dir='ltr'><strong>Lycia,</strong></span> <span class='ocrx_word' id='word_1_374' title='bbox 2547 1935 2747 1999; x_wconf 79' lang='lat' dir='ltr'><strong>Milyas</strong></span> 
     </span>
     <span class='ocr_line' id='line_1_68' title="bbox 1663 2003 2751 2070; baseline 0.001 -18"><span class='ocrx_word' id='word_1_375' title='bbox 1663 2004 1773 2052; x_wconf 89' lang='lat' dir='ltr'><strong>and</strong></span> <span class='ocrx_word' id='word_1_376' title='bbox 1812 2003 1899 2053; x_wconf 89' lang='lat' dir='ltr'><strong>the</strong></span> <span class='ocrx_word' id='word_1_377' title='bbox 1937 2004 2210 2069; x_wconf 81' lang='lat' dir='ltr'><strong>Cibyratis</strong></span> <span class='ocrx_word' id='word_1_378' title='bbox 2246 2006 2319 2070; x_wconf 91' lang='lat' dir='ltr'><strong>by</strong></span> <span class='ocrx_word' id='word_1_379' title='bbox 2343 2004 2560 2055; x_wconf 85' lang='lat' dir='ltr'><strong>Daniell</strong></span> <span class='ocrx_word' id='word_1_380' title='bbox 2586 2003 2751 2068; x_wconf 88' lang='lat' dir='ltr'><strong>(Lon-</strong></span> 
     </span>
    </p>
   </div>
   <div class='ocr_carea' id='block_1_8' title="bbox 1633 2067 2745 2141">
    <p class='ocr_par' dir='ltr' id='par_1_8' title="bbox 1633 2067 2745 2141">
     <span class='ocr_line' id='line_1_69' title="bbox 1633 2067 2745 2141; baseline 0 -19"><span class='ocrx_word' id='word_1_381' title='bbox 1633 2069 1790 2122; x_wconf 83' lang='lat' dir='ltr'><strong>&#39;don.</strong></span> <span class='ocrx_word' id='word_1_382' title='bbox 1822 2073 2067 2138; x_wconf 86' lang='lat'><strong>1847.)1.</strong></span> <span class='ocrx_word' id='word_1_383' title='bbox 2103 2090 2157 2139; x_wconf 89' lang='lat' dir='ltr'><strong>p.</strong></span> <span class='ocrx_word' id='word_1_384' title='bbox 2184 2067 2253 2124; x_wconf 86' lang='grc'><strong>42</strong></span> <span class='ocrx_word' id='word_1_385' title='bbox 2278 2090 2392 2141; x_wconf 88' lang='lat' dir='ltr'><strong>seq.</strong></span> <span class='ocrx_word' id='word_1_386' title='bbox 2432 2076 2508 2125; x_wconf 88' lang='lat'><strong>11.</strong></span> <span class='ocrx_word' id='word_1_387' title='bbox 2543 2090 2595 2140; x_wconf 92' lang='lat' dir='ltr'><strong>p.</strong></span> <span class='ocrx_word' id='word_1_388' title='bbox 2621 2073 2745 2125; x_wconf 85' lang='grc'><strong>268.</strong></span> 
     </span>
    </p>
   </div>
   <div class='ocr_carea' id='block_1_9' title="bbox 1663 2141 2750 2347">
    <p class='ocr_par' dir='ltr' id='par_1_9' title="bbox 1663 2141 2750 2347">
     <span class='ocr_line' id='line_1_70' title="bbox 1665 2141 2750 2207; baseline 0.002 -17"><span class='ocrx_word' id='word_1_389' title='bbox 1665 2141 1752 2191; x_wconf 89' lang='grc' dir='ltr'><strong>Τιι</strong></span> <span class='ocrx_word' id='word_1_390' title='bbox 1787 2141 1913 2192; x_wconf 85' lang='lat' dir='ltr'><strong>vide</strong></span> <span class='ocrx_word' id='word_1_391' title='bbox 1939 2157 2079 2207; x_wconf 84' lang='lat' dir='ltr'><strong>quae</strong></span> <span class='ocrx_word' id='word_1_392' title='bbox 2105 2143 2219 2193; x_wconf 83' lang='lat' dir='ltr'><strong>dixi</strong></span> <span class='ocrx_word' id='word_1_393' title='bbox 2254 2143 2310 2193; x_wconf 91' lang='lat' dir='ltr'><strong>in</strong></span> <span class='ocrx_word' id='word_1_394' title='bbox 2337 2144 2520 2194; x_wconf 88' lang='lat' dir='ltr'><strong>Iahrb.</strong></span> <span class='ocrx_word' id='word_1_395' title='bbox 2542 2144 2594 2193; x_wconf 90' lang='lat' dir='ltr'><strong>d.</strong></span> <span class='ocrx_word' id='word_1_396' title='bbox 2621 2142 2750 2193; x_wconf 89' lang='lat' dir='ltr'><strong>Phi-</strong></span> 
     </span>
     <span class='ocr_line' id='line_1_71' title="bbox 1663 2210 2744 2280; baseline 0.003 -21"><span class='ocrx_word' id='word_1_397' title='bbox 1663 2210 1866 2265; x_wconf 90' lang='grc' dir='ltr'><strong>101.ιι.</strong></span> <span class='ocrx_word' id='word_1_398' title='bbox 1919 2212 2161 2277; x_wconf 86' lang='lat' dir='ltr'><strong>Psedag.</strong></span> <span class='ocrx_word' id='word_1_399' title='bbox 2210 2213 2310 2265; x_wconf 90' lang='lat' dir='ltr'><strong>VI.</strong></span> <span class='ocrx_word' id='word_1_400' title='bbox 2365 2229 2491 2280; x_wconf 88' lang='lat' dir='ltr'><strong>pag.</strong></span> <span class='ocrx_word' id='word_1_401' title='bbox 2541 2212 2575 2264; x_wconf 90' lang='grc'><strong>6</strong></span> <span class='ocrx_word' id='word_1_402' title='bbox 2630 2228 2744 2278; x_wconf 89' lang='lat' dir='ltr'><strong>seq.</strong></span> 
     </span>
     <span class='ocr_line' id='line_1_72' title="bbox 1663 2280 2750 2347; baseline 0.003 -18"><span class='ocrx_word' id='word_1_403' title='bbox 1663 2280 2054 2346; x_wconf 87' lang='lat' dir='ltr'><strong>Inscriptiones</strong></span> <span class='ocrx_word' id='word_1_404' title='bbox 2072 2283 2309 2333; x_wconf 88' lang='lat' dir='ltr'><strong>Graecas</strong></span> <span class='ocrx_word' id='word_1_405' title='bbox 2332 2284 2484 2333; x_wconf 87' lang='lat' dir='ltr'><strong>urbis</strong></span> <span class='ocrx_word' id='word_1_406' title='bbox 2503 2282 2750 2347; x_wconf 89' lang='lat' dir='ltr'><strong>Cadyan-</strong></span> 
     </span>
    </p>
   </div>
   <div class='ocr_carea' id='block_1_10' title="bbox 1660 2349 2748 2472">
    <p class='ocr_par' dir='ltr' id='par_1_10' title="bbox 1660 2349 2748 2472">
     <span class='ocr_line' id='line_1_73' title="bbox 1662 2349 2748 2418; baseline 0.004 -20"><span class='ocrx_word' id='word_1_407' title='bbox 1662 2349 1846 2400; x_wconf 89' lang='lat' dir='ltr'><strong>densis</strong></span> <span class='ocrx_word' id='word_1_408' title='bbox 1887 2350 2105 2400; x_wconf 86' lang='lat' dir='ltr'><strong>exhibet</strong></span> <span class='ocrx_word' id='word_1_409' title='bbox 2140 2352 2300 2418; x_wconf 88' lang='lat' dir='ltr'><strong>Corp.</strong></span> <span class='ocrx_word' id='word_1_410' title='bbox 2339 2353 2514 2402; x_wconf 86' lang='lat' dir='ltr'><strong>Inscr.</strong></span> <span class='ocrx_word' id='word_1_411' title='bbox 2552 2352 2748 2403; x_wconf 87' lang='lat' dir='ltr'><strong>Graec.</strong></span> 
     </span>
     <span class='ocr_line' id='line_1_74' title="bbox 1660 2420 2336 2472; baseline 0.007 -4"><span class='ocrx_word' id='word_1_412' title='bbox 1660 2424 1704 2468; x_wconf 86' lang='lat' dir='ltr'><strong>t.</strong></span> <span class='ocrx_word' id='word_1_413' title='bbox 1744 2420 1854 2470; x_wconf 94' lang='lat' dir='ltr'><strong>III.</strong></span> <span class='ocrx_word' id='word_1_414' title='bbox 1896 2435 1978 2471; x_wconf 87' lang='lat' dir='ltr'><strong>nr.</strong></span> <span class='ocrx_word' id='word_1_415' title='bbox 2015 2422 2174 2472; x_wconf 79' lang='lat'><strong>4225.</strong></span> <span class='ocrx_word' id='word_1_416' title='bbox 2331 2438 2336 2444; x_wconf 89' lang='lat'>·</span> 
     </span>
    </p>
   </div>
   <div class='ocr_carea' id='block_1_11' title="bbox 1971 2562 2450 2645">
    <p class='ocr_par' dir='ltr' id='par_1_11' title="bbox 1971 2562 2450 2645">
     <span class='ocr_line' id='line_1_75' title="bbox 1971 2562 2450 2645; baseline 0.007 -3"><span class='ocrx_word' id='word_1_417' title='bbox 1971 2562 2101 2643; x_wconf 60' lang='grc'><strong>011».</strong></span> <span class='ocrx_word' id='word_1_418' title='bbox 2145 2594 2450 2645; x_wconf 79' lang='lat' dir='ltr'><strong>chxm.</strong></span> 
     </span>
    </p>
   </div>
   <div class='ocr_carea' id='block_1_12' title="bbox 1665 2687 2760 4284">
    <p class='ocr_par' dir='ltr' id='par_1_12' title="bbox 1665 2687 2760 4284">
     <span class='ocr_line' id='line_1_76' title="bbox 1731 2687 2752 2773; baseline 0 -29"><span class='ocrx_word' id='word_1_419' title='bbox 1731 2688 1840 2773; x_wconf 73' lang='grc' dir='ltr'><strong>τῂν</strong></span> <span class='ocrx_word' id='word_1_420' title='bbox 1883 2687 1988 2759; x_wconf 76' lang='grc' dir='ltr'><strong>γὰρ</strong></span> <span class='ocrx_word' id='word_1_421' title='bbox 2042 2687 2278 2761; x_wconf 82' lang='grc' dir='ltr'><strong><em>Κρήτην</em></strong></span> <span class='ocrx_word' id='word_1_422' title='bbox 2324 2689 2483 2762; x_wconf 79' lang='grc' dir='ltr'><strong><em>εἶχον</em></strong></span> <span class='ocrx_word' id='word_1_423' title='bbox 2528 2688 2592 2746; x_wconf 88' lang='grc' dir='ltr'><strong>τὸ</strong></span> <span class='ocrx_word' id='word_1_424' title='bbox 2642 2711 2752 2746; x_wconf 81' lang='grc' dir='ltr'><strong>πα-</strong></span> 
     </span>
     <span class='ocr_line' id='line_1_77' title="bbox 1665 2757 2754 2832; baseline 0.002 -19"><span class='ocrx_word' id='word_1_425' title='bbox 1665 2757 1828 2816; x_wconf 75' lang='grc' dir='ltr'><strong><em>λαιὸν</em></strong></span> <span class='ocrx_word' id='word_1_426' title='bbox 1864 2762 2054 2814; x_wconf 81' lang='grc' dir='ltr'><strong><em>πᾶσαν</em></strong></span> <span class='ocrx_word' id='word_1_427' title='bbox 2088 2762 2386 2832; x_wconf 77' lang='grc' dir='ltr'><strong><em>βάρβαροι]</em></strong></span> <span class='ocrx_word' id='word_1_428' title='bbox 2425 2767 2512 2817; x_wconf 87' lang='lat' dir='ltr'><strong>De</strong></span> <span class='ocrx_word' id='word_1_429' title='bbox 2540 2766 2754 2816; x_wconf 86' lang='lat' dir='ltr'><strong>insulae</strong></span> 
     </span>
     <span class='ocr_line' id='line_1_78' title="bbox 1665 2834 2748 2901; baseline 0.001 -18"><span class='ocrx_word' id='word_1_430' title='bbox 1665 2834 1860 2884; x_wconf 87' lang='lat' dir='ltr'><strong>Cretae</strong></span> <span class='ocrx_word' id='word_1_431' title='bbox 1922 2835 2114 2885; x_wconf 89' lang='lat' dir='ltr'><strong>incolis</strong></span> <span class='ocrx_word' id='word_1_432' title='bbox 2180 2837 2576 2901; x_wconf 85' lang='lat' dir='ltr'><strong>antiquissimis</strong></span> <span class='ocrx_word' id='word_1_433' title='bbox 2637 2836 2748 2884; x_wconf 86' lang='lat' dir='ltr'><strong>vid.</strong></span> 
     </span>
     <span class='ocr_line' id='line_1_79' title="bbox 1666 2902 2749 2966; baseline 0.001 -15"><span class='ocrx_word' id='word_1_434' title='bbox 1666 2902 1830 2954; x_wconf 87' lang='lat' dir='ltr'><strong>Diod.</strong></span> <span class='ocrx_word' id='word_1_435' title='bbox 1880 2903 2050 2955; x_wconf 86' lang='lat' dir='ltr'><strong>Sicul.</strong></span> <span class='ocrx_word' id='word_1_436' title='bbox 2087 2906 2154 2966; x_wconf 88' lang='lat' dir='ltr'><strong>V,</strong></span> <span class='ocrx_word' id='word_1_437' title='bbox 2192 2906 2277 2956; x_wconf 84' lang='lat'><strong>64.</strong></span> <span class='ocrx_word' id='word_1_438' title='bbox 2327 2906 2414 2958; x_wconf 89' lang='grc'><strong>80.</strong></span> <span class='ocrx_word' id='word_1_439' title='bbox 2486 2907 2749 2956; x_wconf 87' lang='lat' dir='ltr'><strong>Primitus</strong></span> 
     </span>
     <span class='ocr_line' id='line_1_80' title="bbox 1666 2972 2753 3038; baseline 0.003 -17"><span class='ocrx_word' id='word_1_440' title='bbox 1666 2973 1808 3022; x_wconf 89' lang='lat' dir='ltr'><strong>enim</strong></span> <span class='ocrx_word' id='word_1_441' title='bbox 1865 2972 2038 3023; x_wconf 82' lang='lat' dir='ltr'><strong>fuisse</strong></span> <span class='ocrx_word' id='word_1_442' title='bbox 2079 2976 2402 3029; x_wconf 78' lang='lat' dir='ltr'><strong>Eteocretas</strong></span> <span class='ocrx_word' id='word_1_443' title='bbox 2443 2991 2488 3024; x_wconf 90' lang='lat' dir='ltr'><strong>s.</strong></span> <span class='ocrx_word' id='word_1_444' title='bbox 2545 2975 2753 3038; x_wconf 82' lang='lat' dir='ltr'><strong>indige-</strong></span> 
     </span>
     <span class='ocr_line' id='line_1_81' title="bbox 1666 3042 2756 3106; baseline 0.003 -16"><span class='ocrx_word' id='word_1_445' title='bbox 1666 3055 1794 3102; x_wconf 85' lang='lat' dir='ltr'><strong>nas,</strong></span> <span class='ocrx_word' id='word_1_446' title='bbox 1832 3055 2058 3104; x_wconf 89' lang='lat' dir='ltr'><strong>quorum</strong></span> <span class='ocrx_word' id='word_1_447' title='bbox 2097 3059 2192 3095; x_wconf 82' lang='lat' dir='ltr'><strong>rex</strong></span> <span class='ocrx_word' id='word_1_448' title='bbox 2229 3045 2395 3095; x_wconf 74' lang='lat' dir='ltr'><strong>fuerit</strong></span> <span class='ocrx_word' id='word_1_449' title='bbox 2428 3045 2578 3106; x_wconf 90' lang='lat' dir='ltr'><strong>Cres,</strong></span> <span class='ocrx_word' id='word_1_450' title='bbox 2619 3042 2756 3093; x_wconf 90' lang='lat' dir='ltr'><strong>mul-</strong></span> 
     </span>
     <span class='ocr_line' id='line_1_82' title="bbox 1666 3112 2752 3164; baseline 0.003 -6"><span class='ocrx_word' id='word_1_451' title='bbox 1666 3117 1845 3159; x_wconf 87' lang='lat' dir='ltr'><strong>tarum</strong></span> <span class='ocrx_word' id='word_1_452' title='bbox 1881 3126 2058 3161; x_wconf 86' lang='lat' dir='ltr'><strong>rerum</strong></span> <span class='ocrx_word' id='word_1_453' title='bbox 2089 3114 2302 3164; x_wconf 89' lang='lat' dir='ltr'><strong>utilium</strong></span> <span class='ocrx_word' id='word_1_454' title='bbox 2319 3115 2586 3163; x_wconf 88' lang='lat' dir='ltr'><strong>inventor.</strong></span> <span class='ocrx_word' id='word_1_455' title='bbox 2647 3112 2752 3162; x_wconf 86' lang='lat' dir='ltr'><strong>His</strong></span> 
     </span>
     <span class='ocr_line' id='line_1_83' title="bbox 1669 3177 2752 3248; baseline 0.003 -20"><span class='ocrx_word' id='word_1_456' title='bbox 1669 3177 1840 3229; x_wconf 87' lang='lat' dir='ltr'><strong>multo</strong></span> <span class='ocrx_word' id='word_1_457' title='bbox 1875 3186 2002 3243; x_wconf 87' lang='lat' dir='ltr'><strong>post</strong></span> <span class='ocrx_word' id='word_1_458' title='bbox 2046 3182 2306 3248; x_wconf 85' lang='lat' dir='ltr'><strong>Pelasgos</strong></span> <span class='ocrx_word' id='word_1_459' title='bbox 2351 3181 2752 3247; x_wconf 82' lang='lat' dir='ltr'><strong>supervenisse,</strong></span> 
     </span>
     <span class='ocr_line' id='line_1_84' title="bbox 1667 3247 2753 3316; baseline 0.004 -20"><span class='ocrx_word' id='word_1_460' title='bbox 1667 3247 1878 3298; x_wconf 87' lang='lat' dir='ltr'><strong>insulae</strong></span> <span class='ocrx_word' id='word_1_461' title='bbox 1922 3255 2132 3313; x_wconf 87' lang='lat' dir='ltr'><strong>partem</strong></span> <span class='ocrx_word' id='word_1_462' title='bbox 2181 3252 2479 3316; x_wconf 85' lang='lat' dir='ltr'><strong>quandam,</strong></span> <span class='ocrx_word' id='word_1_463' title='bbox 2531 3252 2624 3301; x_wconf 87' lang='lat' dir='ltr'><strong>ubi</strong></span> <span class='ocrx_word' id='word_1_464' title='bbox 2659 3265 2753 3314; x_wconf 88' lang='lat' dir='ltr'><strong>ap-</strong></span> 
     </span>
     <span class='ocr_line' id='line_1_85' title="bbox 1669 3318 2756 3381; baseline 0.002 -15"><span class='ocrx_word' id='word_1_465' title='bbox 1669 3318 1948 3381; x_wconf 86' lang='lat' dir='ltr'><strong>pulerant,</strong></span> <span class='ocrx_word' id='word_1_466' title='bbox 1995 3320 2324 3371; x_wconf 83' lang='lat' dir='ltr'><strong>obtinentes.</strong></span> <span class='ocrx_word' id='word_1_467' title='bbox 2397 3322 2612 3372; x_wconf 81' lang='lat' dir='ltr'><strong>Tertios</strong></span> <span class='ocrx_word' id='word_1_468' title='bbox 2657 3320 2756 3368; x_wconf 87' lang='lat' dir='ltr'><strong>im-</strong></span> 
     </span>
     <span class='ocr_line' id='line_1_86' title="bbox 1669 3388 2754 3452; baseline 0.001 -16"><span class='ocrx_word' id='word_1_469' title='bbox 1669 3388 1935 3452; x_wconf 82' lang='lat' dir='ltr'><strong>migrasse</strong></span> <span class='ocrx_word' id='word_1_470' title='bbox 1955 3389 2160 3452; x_wconf 67' lang='grc'><strong>130108,</strong></span> <span class='ocrx_word' id='word_1_471' title='bbox 2189 3391 2450 3441; x_wconf 85' lang='lat' dir='ltr'><strong>Tectamo</strong></span> <span class='ocrx_word' id='word_1_472' title='bbox 2469 3390 2606 3440; x_wconf 90' lang='lat' dir='ltr'><strong>Dori</strong></span> <span class='ocrx_word' id='word_1_473' title='bbox 2638 3388 2754 3438; x_wconf 87' lang='lat' dir='ltr'><strong>filio</strong></span> 
     </span>
     <span class='ocr_line' id='line_1_87' title="bbox 1669 3456 2754 3525; baseline 0.003 -20"><span class='ocrx_word' id='word_1_474' title='bbox 1669 3456 1825 3508; x_wconf 90' lang='lat' dir='ltr'><strong>duce.</strong></span> <span class='ocrx_word' id='word_1_475' title='bbox 1899 3459 1974 3507; x_wconf 87' lang='lat' dir='ltr'><strong>Et</strong></span> <span class='ocrx_word' id='word_1_476' title='bbox 2022 3461 2322 3510; x_wconf 86' lang='lat' dir='ltr'><strong>accessisse</strong></span> <span class='ocrx_word' id='word_1_477' title='bbox 2364 3464 2616 3525; x_wconf 86' lang='lat' dir='ltr'><strong>quartum</strong></span> <span class='ocrx_word' id='word_1_478' title='bbox 2658 3458 2754 3508; x_wconf 91' lang='lat' dir='ltr'><strong>ho-</strong></span> 
     </span>
     <span class='ocr_line' id='line_1_88' title="bbox 1669 3527 2756 3594; baseline 0 -19"><span class='ocrx_word' id='word_1_479' title='bbox 1669 3527 1872 3575; x_wconf 89' lang='lat' dir='ltr'><strong>minum</strong></span> <span class='ocrx_word' id='word_1_480' title='bbox 1921 3542 2119 3592; x_wconf 83' lang='lat' dir='ltr'><strong>genus,</strong></span> <span class='ocrx_word' id='word_1_481' title='bbox 2165 3529 2307 3594; x_wconf 87' lang='lat' dir='ltr'><strong>qnod</strong></span> <span class='ocrx_word' id='word_1_482' title='bbox 2355 3544 2385 3579; x_wconf 85' lang='lat' dir='ltr'><strong>e</strong></span> <span class='ocrx_word' id='word_1_483' title='bbox 2429 3528 2756 3593; x_wconf 87' lang='lat' dir='ltr'><strong>promiscuis</strong></span> 
     </span>
     <span class='ocr_line' id='line_1_89' title="bbox 1669 3596 2758 3660; baseline 0.002 -16"><span class='ocrx_word' id='word_1_484' title='bbox 1669 3596 1912 3660; x_wconf 88' lang='lat' dir='ltr'><strong>undique</strong></span> <span class='ocrx_word' id='word_1_485' title='bbox 1959 3596 2206 3649; x_wconf 87' lang='lat' dir='ltr'><strong>barbaris</strong></span> <span class='ocrx_word' id='word_1_486' title='bbox 2261 3599 2317 3649; x_wconf 87' lang='lat' dir='ltr'><strong>in</strong></span> <span class='ocrx_word' id='word_1_487' title='bbox 2364 3599 2580 3649; x_wconf 88' lang='lat' dir='ltr'><strong>Cretam</strong></span> <span class='ocrx_word' id='word_1_488' title='bbox 2627 3611 2758 3647; x_wconf 89' lang='lat' dir='ltr'><strong>con-</strong></span> 
     </span>
     <span class='ocr_line' id='line_1_90' title="bbox 1665 3665 2756 3733; baseline 0.002 -20"><span class='ocrx_word' id='word_1_489' title='bbox 1665 3665 1885 3715; x_wconf 84' lang='lat' dir='ltr'><strong>fluxerit</strong></span> <span class='ocrx_word' id='word_1_490' title='bbox 1938 3668 2271 3733; x_wconf 87' lang='lat' dir='ltr'><strong>eandemque</strong></span> <span class='ocrx_word' id='word_1_491' title='bbox 2323 3667 2590 3732; x_wconf 84' lang='lat' dir='ltr'><strong>linguam,</strong></span> <span class='ocrx_word' id='word_1_492' title='bbox 2645 3680 2756 3731; x_wconf 88' lang='lat' dir='ltr'><strong>qua</strong></span> 
     </span>
     <span class='ocr_line' id='line_1_91' title="bbox 1665 3733 2758 3799; baseline 0.002 -16"><span class='ocrx_word' id='word_1_493' title='bbox 1665 3733 1863 3798; x_wconf 86' lang='lat' dir='ltr'><strong>reliqui</strong></span> <span class='ocrx_word' id='word_1_494' title='bbox 1884 3735 2171 3788; x_wconf 85' lang='lat' dir='ltr'><strong>Cretenses</strong></span> <span class='ocrx_word' id='word_1_495' title='bbox 2203 3740 2509 3799; x_wconf 88' lang='lat' dir='ltr'><strong>uterentur,</strong></span> <span class='ocrx_word' id='word_1_496' title='bbox 2548 3750 2758 3786; x_wconf 87' lang='lat' dir='ltr'><strong>assum-</strong></span> 
     </span>
     <span class='ocr_line' id='line_1_92' title="bbox 1667 3804 2755 3871; baseline 0 -18"><span class='ocrx_word' id='word_1_497' title='bbox 1667 3804 1821 3854; x_wconf 86' lang='lat' dir='ltr'><strong>serit.</strong></span> <span class='ocrx_word' id='word_1_498' title='bbox 1913 3806 2216 3868; x_wconf 85' lang='lat' dir='ltr'><strong>Asterium,</strong></span> <span class='ocrx_word' id='word_1_499' title='bbox 2276 3821 2437 3871; x_wconf 88' lang='lat' dir='ltr'><strong>porro</strong></span> <span class='ocrx_word' id='word_1_500' title='bbox 2506 3810 2755 3866; x_wconf 87' lang='lat' dir='ltr'><strong>narrant,</strong></span> 
     </span>
     <span class='ocr_line' id='line_1_93' title="bbox 1669 3873 2757 3940; baseline -0.001 -17"><span class='ocrx_word' id='word_1_501' title='bbox 1669 3873 1918 3924; x_wconf 85' lang='lat' dir='ltr'><strong>Tectami</strong></span> <span class='ocrx_word' id='word_1_502' title='bbox 1953 3873 2139 3939; x_wconf 87' lang='lat' dir='ltr'><strong>filium,</strong></span> <span class='ocrx_word' id='word_1_503' title='bbox 2176 3878 2452 3940; x_wconf 83' lang='lat' dir='ltr'><strong>Europam</strong></span> <span class='ocrx_word' id='word_1_504' title='bbox 2485 3875 2543 3924; x_wconf 88' lang='lat' dir='ltr'><strong>in</strong></span> <span class='ocrx_word' id='word_1_505' title='bbox 2569 3874 2757 3924; x_wconf 84' lang='lat' dir='ltr'><strong>matri-</strong></span> 
     </span>
     <span class='ocr_line' id='line_1_94' title="bbox 1668 3943 2758 4009; baseline 0.003 -18"><span class='ocrx_word' id='word_1_506' title='bbox 1668 3943 1908 3993; x_wconf 89' lang='lat' dir='ltr'><strong>monium</strong></span> <span class='ocrx_word' id='word_1_507' title='bbox 1955 3943 2176 3994; x_wconf 85' lang='lat' dir='ltr'><strong>duxisse</strong></span> <span class='ocrx_word' id='word_1_508' title='bbox 2216 3944 2491 4009; x_wconf 85' lang='lat' dir='ltr'><strong>filiosque,</strong></span> <span class='ocrx_word' id='word_1_509' title='bbox 2540 3958 2574 3992; x_wconf 90' lang='lat' dir='ltr'><strong>a</strong></span> <span class='ocrx_word' id='word_1_510' title='bbox 2621 3944 2758 3994; x_wconf 79' lang='lat' dir='ltr'><strong>Iove</strong></span> 
     </span>
     <span class='ocr_line' id='line_1_95' title="bbox 1671 4012 2758 4077; baseline 0.002 -17"><span class='ocrx_word' id='word_1_511' title='bbox 1671 4016 1801 4062; x_wconf 82' lang='lat' dir='ltr'><strong>ante</strong></span> <span class='ocrx_word' id='word_1_512' title='bbox 1826 4019 2129 4077; x_wconf 88' lang='lat' dir='ltr'><strong>susceptos,</strong></span> <span class='ocrx_word' id='word_1_513' title='bbox 2148 4013 2459 4077; x_wconf 85' lang='lat' dir='ltr'><strong>adoptasse,</strong></span> <span class='ocrx_word' id='word_1_514' title='bbox 2495 4012 2758 4074; x_wconf 82' lang='lat' dir='ltr'><strong>Minoem,</strong></span> 
     </span>
     <span class='ocr_line' id='line_1_96' title="bbox 1667 4080 2757 4147; baseline 0.001 -18"><span class='ocrx_word' id='word_1_515' title='bbox 1667 4080 2143 4132; x_wconf 83' lang='lat' dir='ltr'><strong>Rhadamanthum</strong></span> <span class='ocrx_word' id='word_1_516' title='bbox 2176 4087 2343 4147; x_wconf 88' lang='lat' dir='ltr'><strong>atque</strong></span> <span class='ocrx_word' id='word_1_517' title='bbox 2367 4080 2757 4146; x_wconf 84' lang='lat' dir='ltr'><strong>Sarpedonem.</strong></span> 
     </span>
     <span class='ocr_line' id='line_1_97' title="bbox 1670 4149 2758 4211; baseline 0.001 -13"><span class='ocrx_word' id='word_1_518' title='bbox 1670 4149 1778 4210; x_wconf 79' lang='lat' dir='ltr'><strong>Qui</strong></span> <span class='ocrx_word' id='word_1_519' title='bbox 1823 4151 2003 4201; x_wconf 85' lang='lat' dir='ltr'><strong>Minos</strong></span> <span class='ocrx_word' id='word_1_520' title='bbox 2060 4167 2197 4201; x_wconf 85' lang='lat' dir='ltr'><strong>avus</strong></span> <span class='ocrx_word' id='word_1_521' title='bbox 2240 4155 2326 4201; x_wconf 87' lang='lat' dir='ltr'><strong>est</strong></span> <span class='ocrx_word' id='word_1_522' title='bbox 2374 4152 2491 4200; x_wconf 87' lang='lat' dir='ltr'><strong>eius</strong></span> <span class='ocrx_word' id='word_1_523' title='bbox 2532 4150 2758 4211; x_wconf 86' lang='lat' dir='ltr'><strong>Minois,</strong></span> 
     </span>
     <span class='ocr_line' id='line_1_98' title="bbox 1668 4220 2760 4284; baseline 0 -17"><span class='ocrx_word' id='word_1_524' title='bbox 1668 4233 1826 4281; x_wconf 87' lang='lat' dir='ltr'><strong>quem</strong></span> <span class='ocrx_word' id='word_1_525' title='bbox 1878 4224 2004 4284; x_wconf 89' lang='lat' dir='ltr'><strong>post</strong></span> <span class='ocrx_word' id='word_1_526' title='bbox 2063 4220 2230 4270; x_wconf 85' lang='lat' dir='ltr'><strong>maris</strong></span> <span class='ocrx_word' id='word_1_527' title='bbox 2283 4220 2567 4284; x_wconf 88' lang='lat' dir='ltr'><strong>imperium</strong></span> <span class='ocrx_word' id='word_1_528' title='bbox 2619 4220 2760 4268; x_wconf 86' lang='lat' dir='ltr'><strong>obti-</strong></span> 
     </span>
    </p>
   </div>
   <div class='ocr_carea' id='block_1_13' title="bbox 1667 4288 2826 4340">
    <p class='ocr_par' dir='ltr' id='par_1_13' title="bbox 1667 4288 2826 4340">
     <span class='ocr_line' id='line_1_99' title="bbox 1667 4288 2826 4340; baseline 0.001 -4"><span class='ocrx_word' id='word_1_529' title='bbox 1667 4289 1853 4337; x_wconf 87' lang='lat' dir='ltr'><strong>nuisse</strong></span> <span class='ocrx_word' id='word_1_530' title='bbox 1883 4288 2104 4340; x_wconf 89' lang='lat' dir='ltr'><strong>scimus.</strong></span> <span class='ocrx_word' id='word_1_531' title='bbox 2177 4288 2591 4339; x_wconf 64' lang='lat' dir='ltr'><strong>Conflmodor.</strong></span> <span class='ocrx_word' id='word_1_532' title='bbox 2645 4289 2756 4338; x_wconf 88' lang='lat' dir='ltr'><strong>Sic.</strong></span> <span class='ocrx_word' id='word_1_533' title='bbox 2823 4301 2826 4302; x_wconf 69' lang='grc'>’</span> 
     </span>
    </p>
   </div>
   <div class='ocr_carea' id='block_1_14' title="bbox 1667 4354 2752 4421">
    <p class='ocr_par' dir='ltr' id='par_1_14' title="bbox 1667 4354 2752 4421">
     <span class='ocr_line' id='line_1_100' title="bbox 1667 4354 2752 4421; baseline 0 -16"><span class='ocrx_word' id='word_1_534' title='bbox 1667 4354 1761 4418; x_wconf 88' lang='lat' dir='ltr'><strong>IV,</strong></span> <span class='ocrx_word' id='word_1_535' title='bbox 1799 4356 1888 4408; x_wconf 89' lang='grc'><strong>60.</strong></span> <span class='ocrx_word' id='word_1_536' title='bbox 1928 4361 1985 4406; x_wconf 86' lang='lat' dir='ltr'><strong>et</strong></span> <span class='ocrx_word' id='word_1_537' title='bbox 2015 4355 2281 4408; x_wconf 80' lang='lat' dir='ltr'><strong>Herodot.</strong></span> <span class='ocrx_word' id='word_1_538' title='bbox 2316 4355 2444 4421; x_wconf 87' lang='lat' dir='ltr'><strong>V11,</strong></span> <span class='ocrx_word' id='word_1_539' title='bbox 2481 4355 2752 4409; x_wconf 80' lang='lat'>169—171</span> 
     </span>
    </p>
   </div>
  </div>
 </body>
</html>
