3109 5092
492 288 617 351 856
1271 281 1818 345 Excunsus
1854 237 1989 343 'vn

494 447 972 534 significationem,
1009 477 1170 530 quam
1192 460 1360 513 verbo
1383 461 1567 511 ποιεῖν
1589 456 1849 508 tributam
1874 454 2010 521 vult,
2043 455 2395 524 probandam,
2431 454 2571 507 alios
2594 473 2769 525 quos-

494 552 615 603 dam
642 548 795 600 locos
834 547 1100 617 (Diogen.
1123 546 1312 599 Laert.
1337 543 1583 595 Praefat.
1609 545 1660 606 S.
1686 545 1739 598 3.
1775 539 2046 593 Herodot.
2073 539 2178 605 ΙΙΙ,
2205 543 2293 598 38.
2332 538 2588 608 Sophocl.
2617 541 2769 610 apud

496 634 692 687 Athen.
715 630 871 684 xm.
895 649 951 700 p.
967 629 1153 688 604D.
1177 628 1324 680 xlv.
1346 647 1401 697 p.
1425 630 1528 687 627
1544 626 1614 678 D.
1650 624 1868 676 Platon.
1893 625 2088 692 Lysid.
2113 642 2169 694 p.
2193 630 2297 682 205
2321 622 2386 675 A.
2417 625 2502 676 De
2522 624 2763 694 Republ.

493 719 569 770 H.
596 735 653 788 p.
676 717 782 776 379
805 713 930 781 A.)‚
982 730 1215 784 quorum
1252 718 1428 766 tamen
1466 711 1609 764 ratio
1651 709 1831 762 aliena
1869 708 2091 761 videtur
2131 710 2199 760 ab
2238 724 2303 760 ea
2336 708 2763 778 significatione,

494 818 656 873 quam
687 800 809 869 ipse
844 799 900 851 in
935 797 1055 850 loco
1093 798 1411 850 Herodoteo
1447 794 1635 849 valere
1675 793 2028 846 existimavit.
2088 792 2271 863 Atque
2304 793 2496 845 afferri
2537 810 2765 865 quoque

491 886 697 957 poterit
734 882 873 936 alter
910 882 1106 935 Nostri
1139 881 1295 935 locus
1329 881 1424 947 IV,
1459 887 1558 940 35:
1602 871 1858 949 (ὕμνον)
1894 872 1995 932 τόν
2027 894 2127 946 σφι
2157 870 2338 947 Ὠλὴν
2373 870 2518 947 ἀνὴρ
2554 873 2767 943 Λύκιος

492 965 784 1039 ἐποίησε
801 1009 817 1037 ,
857 984 998 1038 quae
1020 968 1190 1020 verba
1218 966 1299 1019 sic
1321 965 1563 1019 reddidit
1581 964 1888 1016 Pausanias
1915 963 2008 1030 IX,
2039 965 2127 1028 27,
2151 970 2218 1022 2:
2248 957 2459 1024 Λύκιος
2485 958 2547 1017 δὲ
2564 956 2765 1037 Ὠλὴν,

488 1046 553 1119 ὃς
590 1051 688 1108 καὶ
709 1046 840 1113 τούς
870 1044 1084 1121 ὕμνους
1103 1046 1234 1113 τοὺς
1268 1042 1666 1120 ἀρχαιοτάτους
1697 1041 2030 1117 ἐποίησεν
2053 1039 2404 1117 Ἕλλησιν,
2443 1048 2565 1100 coll.
2608 1050 2763 1114 Vffl,

490 1147 577 1200 21.
604 1143 656 1205 S.
682 1144 746 1204 3,
795 1138 889 1189 ubi
923 1138 1064 1189 idem
1098 1135 1355 1189 laudatur
1377 1137 1607 1204 Δηλίοις
1640 1125 1853 1202 ὕμνους
1884 1129 1981 1185 καὶ
2014 1125 2216 1194 ἄλλους
2248 1149 2334 1186 πο
2353 1127 2427 1201 ιη’
2439 1149 2562 1194 σας
2582 1132 2681 1188 καὶ
2708 1129 2768 1196 ἐς

489 1222 816 1278 Εἰλείθυιαν
838 1240 891 1274 κ.
922 1241 970 1275 τ.
993 1224 1041 1273 1,.
1086 1220 1178 1272 Sic
1201 1220 1469 1285 Aristeas,
1507 1219 1602 1288 qui
1626 1212 1889 1279 ἐποποιὸς
1912 1218 2060 1286 apud
2081 1218 2303 1270 Suidam
2336 1226 2580 1286 vocatur,
2616 1219 2766 1288 apud

490 1307 830 1362 Herodotum
853 1305 949 1372 IV,
974 1310 1044 1363 13
1064 1304 1216 1375 (coll.
1249 1308 1330 1360 14.
1356 1306 1452 1370 16)
1475 1303 1679 1355 dicitur
1701 1298 1733 1356 ἔ
1739 1319 1819 1357 πε
1834 1322 1872 1355 α
1891 1306 2093 1372 ποιεῖν,
2128 1301 2361 1354 Alcaeus
2388 1320 2518 1355 vero
2539 1303 2636 1372 (V,
2660 1306 2765 1371 95)

494 1387 554 1447 ἐν
575 1389 724 1460 μέλεϊ
755 1393 957 1442 ποιεῖν.
1026 1389 1087 1439 In
1115 1388 1319 1458 quibus
1351 1387 1485 1440 locis
1513 1388 1737 1440 verbum
1764 1391 1951 1441 ποιεῖν
1986 1404 2091 1438 non
2129 1404 2245 1439 eam
2273 1386 2447 1438 solum
2477 1387 2637 1439 animi
2666 1388 2765 1441 de-
2832 1454 2848 1467 ·

493 1476 666 1528 clarat
709 1471 1056 1539 facultatem,
1118 1489 1258 1541 quae
1319 1473 1385 1524 ad
1422 1478 1700 1541 sormam,
1753 1479 1815 1525 ut
1858 1471 2162 1541 loquimur,
2217 1478 2463 1541 spectat,
2510 1489 2629 1524 cum
2672 1491 2765 1526 res

493 1559 671 1613 animo
712 1562 1005 1629 perceptae
1043 1574 1295 1609 sermone
1340 1556 1511 1625 ligato
1559 1562 1917 1625 exponuntur
1958 1562 2125 1625 atque
2163 1557 2242 1608 ita
2274 1555 2411 1607 artis
2458 1574 2626 1627 opera
2668 1557 2778 1609 ad-·

490 1644 662 1697 hibita
694 1647 1064 1710 exornantur,
1109 1642 1208 1694 sed
1239 1641 1308 1694 ad
1343 1641 1624 1695 materiam
1646 1657 1868 1710 quoque
1892 1642 2164 1706 refertur,
2209 1641 2329 1694 sive
2366 1641 2435 1692 ad
2469 1658 2763 1710 argumen-

491 1738 633 1797 tum,
687 1727 834 1798 quod
869 1732 1067 1796 poetae
1099 1726 1280 1796 ipsius
1326 1726 1552 1794 ingenio
1601 1725 1965 1792 excogitatum
2018 1732 2075 1777 et
2107 1725 2161 1776 in
2198 1725 2431 1777 medium
2465 1727 2759 1795 prolatum,

490 1814 720 1882 suisque
753 1810 971 1879 legibus
1008 1818 1065 1863 et
1105 1810 1353 1864 consiliis
1396 1817 1484 1863 est
1522 1810 1993 1862 accommodatum.
2058 1809 2219 1864 Unde
2255 1810 2393 1862 satis
2428 1810 2624 1880 opinor
2665 1829 2767 1880 pa·

489 1898 658 1966 tebit,
713 1896 857 1951 illam
889 1895 1250 1963 Wesselingii
1285 1895 1580 1962 rationem,
1640 1911 1751 1964 qua
1784 1894 1891 1946 vim
1930 1900 1986 1947 et
2024 1900 2349 1963 potestatem
2385 1896 2544 1948 verbi
2576 1901 2764 1950 ποιεῖν

489 1983 543 2035 in
571 1988 764 2034 nostro
800 1980 919 2032 loco
942 1980 1011 2033 ad
1027 1986 1273 2050 sormam
1301 1987 1512 2033 tantum
1546 1980 1881 2046 referamus,
1918 1978 2143 2031 exclusa
2172 1996 2406 2048 prorsus
2443 1980 2616 2033 altera
2648 1981 2762 2048 illa,

490 2083 631 2137 quae
667 2065 736 2118 ad
777 2065 950 2135 ipsam
986 2082 1207 2134 quoque
1242 2065 1522 2121 materiam
1567 2069 1812 2132 spectat,
1862 2063 2085 2131 probari
2122 2081 2230 2115 non
2261 2081 2458 2132 posse,
2511 2067 2763 2133 quamvis

491 2156 764 2220 receptam
788 2166 819 2201 a
841 2150 1138 2217 Larchero,
1172 2149 1598 2216 wyttenbachio
1631 2148 1729 2218 (ad
1750 2147 1968 2201 Platon.
1994 2148 2274 2199 Phaedon.
2302 2166 2358 2217 p.
2376 2153 2498 2213 129,
2529 2150 2623 2202 ubi
2645 2151 2697 2202 h.
2722 2150 2760 2202 l.

493 2235 573 2287 sic
602 2234 758 2286 reddi
795 2233 945 2285 vult:
991 2233 1087 2300 „hi
1124 2250 1256 2286 vero
1281 2239 1445 2300 sunt,
1490 2232 1588 2303 qui
1606 2232 1832 2285 deorum
1867 2232 2256 2299 generationes
2276 2233 2506 2286 Graecis
2528 2237 2767 2289 carmine

493 2316 913 2389 prodiderunt“)
932 2357 945 2383 ,
988 2317 1332 2385 Goettlingio
1367 2317 1710 2387 (adHesiod.
1736 2316 1980 2369 Praefat.
2016 2335 2072 2386 p.
2094 2316 2223 2369 XLI
2257 2316 2343 2369 ed.
2375 2318 2519 2386 sec.)
2553 2319 2767 2387 Negris

490 2407 628 2474 (quo
668 2406 922 2454 monente
945 2396 1004 2455 οἱ
1021 2394 1354 2471 ποιήσαντες
1383 2408 1516 2454 suut
1544 2397 1603 2454 οἱ
1628 2395 1947 2471 γράψαντες
1977 2398 2055 2462 εἰς
2082 2402 2326 2469 στίχους,
2366 2397 2426 2455 οἴ
2447 2399 2768 2473 στιχοποιή.

488 2491 735 2560 σαντες),
776 2484 919 2538 aliis.
979 2486 1196 2539 Etenim
1232 2486 1335 2539 iam
1372 2485 1577 2539 dudum
1612 2485 1700 2539 vel
1737 2493 1965 2555 propter
1998 2486 2239 2538 dativum
2277 2478 2553 2561 (Ἕλλησι)
2590 2490 2762 2542 verbo

486 2566 820 2642 ποιήσαντες
858 2570 1100 2624 additum
1144 2571 1212 2623 de
1247 2572 1347 2624 hac
1381 2570 1737 2638 Wesselingii
1778 2570 1995 2622 ratione
2033 2571 2309 2622 dubitavit
2346 2570 2581 2624 Wolfius
2621 2572 2761 2626 Pro-

487 2657 631 2725 legg.
668 2658 893 2709 Homer.
932 2675 988 2726 p.
1027 2655 1184 2723 LIV,
1240 2656 1578 2725 eandemque
1625 2671 1859 2724 prorsus
1906 2655 2229 2724 reprobavit
2261 2662 2532 2725 tamquam
2568 2656 2762 2711 falsam

487 2743 559 2794 G.
604 2741 902 2794 Hermann.
962 2740 1345 2811 (Homerische
1386 2739 1574 2792 Briefe
1621 2758 1676 2808 p.
1724 2745 1789 2798 11
1836 2756 1992 2808 seqq.
2040 2739 2251 2808 Opusc.
2293 2741 2368 2792 11.
2416 2758 2471 2809 p.
2496 2745 2595 2801 171
2634 2743 2759 2795 coll.

485 2826 715 2879 Wiener
734 2825 963 2878 Jahrbb.
988 2824 1134 2876 LIV.
1163 2842 1216 2892 p.
1245 2824 1407 2889 232),
1455 2824 1546 2875 cui
1584 2823 1902 2876 Creuzerus
1938 2823 2325 2894 (Homerische
2350 2825 2540 2879 Briefe
2572 2843 2629 2895 p.
2662 2827 2760 2893 27)

486 2908 857 2979 adstipulatus
881 2916 998 2976 est,
1037 2909 1272 2976 itemque
1298 2908 1448 2958 Cron
1475 2908 1587 2978 (De
1610 2907 1834 2976 Orpheo
1857 2925 1911 2976 p.
1938 2912 2008 2965 14
2028 2908 2246 2977 seqq.),
2282 2908 2420 2961 alios
2446 2919 2509 2962 ut
2529 2917 2756 2980 taceam,

484 3011 538 3045 v.
568 3010 616 3045 c.
656 2991 924 3044 Matthiae
948 2991 1289 3043 Vermischte
1312 2990 1539 3042 schrift.
1567 3008 1621 3059 p.
1652 2998 1782 3054 122,
1829 2990 2078 3061 Lennep.
2106 2994 2174 3045 ad
2201 2993 2433 3045 Hesiod.
2466 2994 2757 3063 Theogon.

483 3095 539 3145 p.
567 3075 692 3143 XII,
728 3092 791 3127 ac
822 3073 1119 3144 praecipue
1144 3074 1404 3126 Nitzsch:
1450 3075 1827 3143 Sagenpoesie
1851 3076 1885 3127 d
1934 3077 2211 3129 Griechen
2236 3096 2291 3147 p.
2316 3083 2421 3137 302
2444 3096 2602 3148 seqq.
2654 3084 2761 3139 544

484 3174 662 3229 seqq.,
705 3158 1165 3228 Schimmelpfeng
1186 3159 1242 3209 in
1269 3159 1722 3211 commentatione
1759 3159 1827 3211 de
1851 3159 1958 3212 diis
1993 3161 2049 3212 in
2087 3169 2441 3231 conspectum
2482 3163 2622 3215 hom.
2662 3183 2757 3217 ve-

484 3244 766 3296 nientibus
805 3242 951 3312 apud
985 3242 1280 3295 Homerum
1314 3242 1647 3314 (Marburg.
1687 3244 1864 3311 1845)
1902 3263 1957 3314 p.
1991 3249 2046 3304 8.
2133 3246 2331 3316 Itaque
2369 3248 2538 3300 verbo
2570 3255 2759 3303 ποιεῖν

484 3327 584 3382 hoc
624 3329 744 3381 loco
782 3333 974 3380 nostro
1013 3327 1212 3379 nullam
1256 3327 1496 3380 arbitror
1530 3326 1687 3380 aliam
1723 3327 1895 3380 tribui
1930 3347 2096 3398 posse
2138 3329 2598 3398 significationem
2644 3333 2758 3387 nisi

482 3430 629 3479 eam,
675 3430 784 3484 qua
822 3414 1105 3467 Hesiodum
1140 3422 1297 3481 atque
1324 3415 1650 3466 Herodotum
1685 3413 2057 3485 Theogoniam
2097 3417 2315 3470 Graecis
2341 3418 2633 3471 condidisse
2672 3418 2756 3470 di-

479 3515 685 3551 camus.
756 3497 868 3550 Sed
887 3497 1112 3566 gravior
1134 3498 1238 3549 iam
1264 3498 1513 3551 exoritur
1536 3497 1791 3566 quaestio
1811 3539 1825 3565 ,
1873 3515 1984 3568 quo
2014 3499 2137 3552 iure
2165 3506 2222 3552 et
2248 3517 2358 3570 quo
2395 3518 2566 3554 sensu
2604 3507 2756 3555 uter-

480 3600 589 3652 que
634 3587 799 3652 poeta
834 3588 890 3634 et
923 3583 1162 3637 conditor
1193 3587 1249 3634 et
1285 3584 1529 3636 inventor
1559 3582 1916 3650 Theogoniae
1949 3584 2198 3637 Graecae
2233 3584 2340 3637 dici
2372 3585 2581 3656 possit,
2633 3603 2752 3639 cum

479 3673 608 3719 ante
644 3672 936 3736 utrumque
971 3672 1185 3736 poetam
1222 3667 1359 3719 alios
1393 3684 1494 3736 per
1530 3666 1818 3719 Graeciam
1854 3668 2139 3721 exstitisse
2177 3674 2365 3737 vates,
2416 3671 2751 3737 sacerdotes,

478 3751 547 3803 de
570 3751 737 3804 rebus
763 3751 969 3803 divinis
993 3751 1278 3803 tradentes
1298 3791 1314 3817 ‚
1349 3750 1542 3819 negari
1568 3758 1835 3820 nequeat,
1874 3770 2055 3822 neque
2103 3754 2355 3823 profecto
2393 3771 2457 3807 ea
2479 3755 2752 3807 Herodoti

479 3834 757 3887 sententia
790 3852 916 3887 esse
952 3835 1161 3905 possit,
1214 3842 1277 3886 ut
1321 3835 1809 3907 (quemadmodum
1846 3837 2028 3888 sensit
2067 3837 2217 3889 Cron
2257 3857 2314 3908 p.
2356 3839 2462 3905 15)
2512 3840 2753 3891 nondum

476 3919 699 3986 cognita
719 3918 957 3989 indeque
993 3937 1227 3989 prorsus
1257 3937 1400 3973 nova
1433 3919 1764 3974 tradiderint
1794 3921 2068 3993 Homerus
2111 3927 2278 3992 atque
2300 3922 2612 3989 Hesiodus,
2653 3941 2750 3975 ne·

476 4019 584 4073 que
622 4002 916 4072 quidquam
960 4004 1163 4056 Graeci
1198 4002 1431 4056 fabulati
1479 4005 1692 4058 fuerint
1731 4011 1860 4057 ante
1896 4006 1997 4058 hos
2033 4012 2256 4074 poetas,
2312 4006 2408 4075 qui
2447 4007 2555 4076 ipsi
2588 4006 2751 4076 primi

478 4104 686 4140 omnem
707 4087 1048 4140 Graecorum
1084 4089 1150 4141 de
1184 4088 1290 4142 diis
1326 4088 1629 4141 doctrinam
1666 4089 1786 4142 sive
1821 4089 2141 4158 religionem
2179 4090 2547 4157 excogitarint
2579 4097 2748 4161 atque

474 4171 806 4243 repererint.
872 4172 994 4224 Hoc
1018 4174 1312 4233 omnbene
1347 4173 1685 4241 intelligeret
1712 4173 1911 4241 Heyne
1946 4175 2032 4244 (in
2071 4175 2454 4228 commentatt.
2494 4174 2745 4229 societat.

474 4257 728 4325 Gotting.
763 4260 922 4316 1779.
955 4255 1074 4307 Vol.
1103 4256 1174 4307 ΙΙ.
1198 4274 1252 4325 p.
1279 4258 1440 4324 133),
1485 4257 1755 4310 Herodoti
1789 4260 1960 4311 verba
1993 4258 2073 4310 ita
2113 4259 2287 4328 accipi
2323 4258 2532 4326 voluit,
2586 4264 2648 4311 ut
2689 4260 2745 4311 hi

465 4348 662 4411 poetae
700 4340 858 4411 primi
899 4340 1139 4407 fuerint,
1189 4340 1327 4411 „qui
1365 4358 1458 4409 ea,
1515 4359 1657 4412 quae
1691 4343 1890 4412 priscis
1926 4343 2260 4409 carminibus
2298 4349 2395 4395 aut
2428 4344 2745 4397 narratione
