3109 5092
417 225 542 287 680
1279 226 1813 289 ΗΕΒΟΒΟΤΙ

418 407 659 471 τοῦτον
714 401 1051 467 ἐπίσταιτο
1085 397 1205 468 τὸν
1236 399 1459 488 λόγον.
1547 407 1757 488 δῆλον
1785 402 1892 468 δέ·
1951 396 2120 467 κατὰ
2157 395 2285 485 γὰρ
2321 399 2589 484 ἐποίησε
2623 398 2703 463 ἐν

413 502 642 575 Ἰλιάδι
670 503 823 586 (καὶ
862 497 1127 594 οὐδαμῇ
1155 501 1324 594 ἄλλῃ
1353 501 1717 573 ἀνεπόδισε
1748 500 2032 588 ἑωυτὸν)
2063 501 2330 589 πλάνην
2363 496 2488 589 τὴν
2510 496 2699 569 Ἀλε-

422 668 872 740 quemadmodum
907 668 1120 719 Eltzius
1170 684 1384 735 quoque
1430 669 1509 717 in-

423 744 599 801 dicat3
646 739 720 790 cf.
757 738 835 800 11,
874 738 990 801 113,
1025 738 1122 787 ubi
1155 739 1344 789 itidem
1380 739 1509 788 reti-

422 811 661 863 nendum
688 808 877 859 censui
909 798 964 857 3.
989 805 1325 871 -μετιέναι
1362 810 1510 875 (reii-

423 897 567 941 cere,
604 877 850 942 omittere)
890 876 1079 927 eodem
1114 878 1228 929 sere
1260 893 1423 928 sensu
1461 877 1508 941 1,

424 950 513 1003 33.
549 949 636 999 78.
677 947 796 998 123.
834 947 928 1009 IV,
969 947 1058 997 98.

498 1010 776 1082 δηλώσας,
815 1006 893 1072 ὡς
927 1011 1023 1064 καὶ
1058 1012 1269 1065 τοῦτον
1288 1030 1341 1065 κ.
1362 1030 1408 1064 τ.
1435 1014 1509 1082 L]

424 1089 510 1141 Ad
546 1079 806 1205 &Tricas-
839 1086 1052 1149 Steger.
1080 1084 1320 1150 supplet:
1359 1074 1513 1149 ὅμως

425 1174 483 1224 γε
544 1172 580 1221 μ
615 1169 763 1217 mot,
827 1155 865 1204 i.
917 1170 964 1205 e.
1015 1153 1301 1204 declarans
1353 1162 1514 1204 tamen

427 1228 574 1278 illam
601 1226 988 1285 narrationem,
1013 1225 1069 1273 in
1094 1225 1333 1274 carmine
1362 1224 1516 1289 epico

426 1297 648 1363 quamvis
695 1293 1162 1358 praetermissam,
1223 1294 1362 1343 bene
1409 1293 1513 1344 sibi

427 1370 612 1417 notam
642 1363 833 1413 fuisse.
903 1362 1189 1412 Caeterum
1228 1362 1516 1412 attendant

428 1435 590 1486 velim
626 1432 679 1481 h.
727 1430 766 1484 l.
817 1431 875 1493 ii,
910 1432 1002 1496 qui
1038 1447 1251 1481 omnem
1287 1431 1514 1481 aliorum

430 1502 736 1569 mythorum
806 1500 1172 1566 cognitionem
1234 1507 1514 1565 artemque

431 1572 646 1638 mythos
696 1586 794 1636 pro
848 1571 1104 1620 carminis
1150 1570 1288 1635 epici
1335 1570 1515 1620 indole

430 1660 496 1694 ac
530 1642 744 1692 ratione
779 1640 1055 1689 tractandi
1092 1641 1328 1690 Homero
1368 1639 1518 1690 abiu-

430 1714 641 1771 dicant3
689 1725 848 1775 quem
897 1709 1014 1774 ipse
1060 1709 1320 1759 historiae
1363 1715 1518 1774 pater

429 1780 684 1833 hocloco
721 1779 929 1829 indicat
973 1778 1129 1843 plura
1172 1780 1517 1844 cognovisse,

431 1867 591 1918 quam
607 1849 820 1915 quaein
840 1849 1169 1898 carminibus
1190 1847 1521 1898 declaranda

431 1920 734 1987 putaverit,
773 1932 1036 1985 quemque
1072 1918 1300 1968 eundem
1337 1919 1394 1967 in
1427 1917 1520 1967 eli-

432 1990 622 2056 gendis
659 1989 756 2047 iis,
797 2003 934 2053 quae
969 1988 1223 2036 carminis
1259 1987 1402 2052 epici
1437 2002 1520 2036 ra·

433 2059 674 2110 tionibus
709 2061 842 2121 apta
873 2056 1148 2119 habuerit,
1186 2055 1324 2106 hanc
1347 2056 1520 2121 ipsam

433 2127 691 2180 carminis
746 2126 888 2190 epici
936 2130 1108 2174 artem
1161 2130 1521 2190 naturamque

433 2200 542 2248 iam
584 2200 895 2261 perceptam
933 2193 1192 2245 habuisse
1219 2209 1390 2260 eaque
1426 2194 1523 2243 du-

434 2272 580 2318 ctum
614 2265 809 2325 fuisse,
847 2264 954 2312 hoc
987 2263 1106 2328 ipso
1153 2279 1220 2313 ex
1255 2262 1376 2314 loco
1413 2264 1520 2313 col-

437 2336 536 2401 ligi
585 2333 816 2398 poterit,
881 2332 936 2381 in
983 2348 1089 2397 quo
1141 2347 1331 2383 vocem
1389 2324 1520 2381 ἕπο-

435 2399 657 2468 ποιΐην,
689 2403 756 2452 ab
777 2401 1057 2453 Herodoto
1083 2402 1327 2467 primum,
1355 2416 1522 2467 quan-

434 2482 549 2525 tum
588 2472 722 2533 scio,
757 2470 1060 2521 adhibitam
1099 2476 1248 2521 recte
1284 2470 1522 2522 advertit

435 2544 610 2597 Bode:
644 2542 841 2593 Gesch.
871 2540 923 2591 d.
947 2539 1161 2593 Hellen.
1186 2541 1523 2591 Dichtkunst

439 2617 488 2668 Ι.
524 2628 652 2678 pag.
693 2612 795 2663 317
830 2615 945 2661 not.

504 2680 684 2747 δῆλον
717 2678 799 2729 δέ·
844 2670 987 2729 κατὰ
1033 2670 1139 2743 γὰρ
1187 2668 1418 2742 ἐποίησε
1460 2671 1523 2727 ἐν

427 2746 647 2815 Ἰλιάδι]
675 2751 742 2800 In
768 2749 869 2811 his,
890 2763 1032 2814 quae
1055 2748 1334 2798 turbarum
1360 2748 1522 2813 plena

345 2837 358 2847 ·
438 2823 572 2873 dicit
611 2820 811 2870 Struve
838 2818 876 2868 l.
916 2818 952 2867 1.
989 2818 1037 2867 1.
1075 2834 1202 2882 pag.
1233 2819 1319 2879 34,
1356 2817 1520 2867 libro-

437 2905 555 2941 rum
600 2889 924 2951 scriptorum
969 2887 1352 2937 auctoritatem
1400 2902 1522 2936 cum

439 2957 753 3010 Gaisfordio
800 2960 1024 3005 secutus
1072 2971 1212 3005 snm.
1283 2957 1400 3005 Nec
1442 2971 1524 3005 re-

440 3029 547 3077 fert
560 3024 787 3074 aliorum
808 3024 1050 3088 proferre
1070 3029 1392 3085 commenta,
1411 3026 1525 3089 qui-

439 3098 542 3147 bus
576 3094 698 3144 loco
735 3093 937 3143 mederi
978 3093 1319 3143 studuerunt.
1390 3095 1527 3144 Post

439 3164 703 3226 Reizium,
715 3163 808 3228 qui
823 3162 972 3213 dedit
982 3154 1250 3225 κατάπερ,
1265 3168 1319 3212 et
1330 3162 1525 3213 Sebae-

442 3236 643 3297 semm,
699 3233 795 3298 qui
819 3230 997 3310 “dedit
1041 3231 1200 3281 modo
1244 3223 1387 3280 κατὰ
1436 3224 1524 3296 τὰ,

440 3304 600 3355 modo
646 3294 768 3353 κατ’
809 3317 847 3350 α
897 3292 1024 3365 γὰρ,
1072 3301 1354 3352 Bekkerus
1391 3302 1525 3351 scri-

441 3374 552 3439 psit
609 3364 754 3422 κατὰ
807 3369 1187 3435 παρεποίησε,
1258 3371 1527 3435 probante

438 3442 738 3504 Bredovio,
802 3441 896 3506 qui
951 3441 1018 3491 de
1079 3440 1181 3490 hoc
1235 3441 1402 3490 verbo
1454 3441 1525 3491 ad

439 3512 675 3564 Jacobs:
723 3509 1065 3561 Vermischte
1098 3510 1323 3562 Schrift.
1358 3510 1423 3560 V.
1469 3527 1523 3576 p.

441 3582 543 3632 582
596 3580 885 3643 amandat,
942 3583 999 3630 et
1055 3580 1355 3643 recipiente
1397 3581 1530 3630 Din-

442 3650 646 3712 dorfi03
686 3650 881 3716 quibus
919 3650 1167 3700 omuibus
1212 3649 1374 3714 longe
1408 3664 1530 3699 mea

442 3719 660 3784 quidem
711 3719 983 3770 sententia
1041 3723 1317 3784 praestat,
1386 3718 1529 3783 quod

444 3788 595 3839 dedit
629 3788 926 3839 Matthiae:
965 3784 1144 3851 δῆλον
1178 3786 1257 3837 δέ·
1297 3781 1529 3852 ἐποίησε

442 3849 548 3921 γὰρ
572 3847 631 3904 ἐν
649 3848 764 3919 Ἰλ.,
796 3857 998 3907 omissa
1022 3872 1155 3907 voce
1176 3851 1336 3920 κατὰ,
1366 3872 1529 3922 quam

442 3925 684 3976 retinens
712 3924 924 3991 Steger.
953 3927 1188 3990 praefat.
1224 3926 1296 3976 ad
1319 3927 1528 3978 Herod.

443 4010 572 4060 pag.
607 3993 737 4043 XII.
780 3995 862 4045 sic
895 3995 1002 4044 scri
1043 3999 1156 4044 tum
1192 3996 1336 4045 vult:
1384 3989 1528 4045 κατὰ

443 4055 548 4129 γὰρ
595 4054 700 4126 μὲν
739 4052 951 4111 Ἰλιάδα
1024 4061 1252 4126 nosnos!
1304 4066 1369 4114 In
1414 4065 1528 4115 vul-

443 4137 593 4199 gata,
622 4145 783 4196 quam
821 4130 1083 4193 dedimus,
1115 4131 1348 4184 lectione
1388 4127 1531 4183 κατὰ

443 4202 679 4268 positum
699 4215 795 4265 pro
813 4192 972 4250 καθὰ
991 4192 1151 4265 (καθ’
1170 4190 1250 4265 ἃ),
1271 4210 1341 4263 ut,
1357 4211 1527 4268 prout,

443 4270 869 4342 quemadmodum,
949 4274 1203 4323 monente
1259 4271 1532 4339 Schweig-

1610 671 1904 734 haeusero,
1938 671 2033 735 qui
2060 669 2254 721 laudat
2290 669 2336 731 1,
2366 667 2490 720 208.
2530 666 2608 728 11,
2649 668 2705 717 6.

1612 741 1721 804 ΙΙΙ,
1756 741 1845 792 86.
1905 740 2119 790 Malim:
2156 740 2423 790 semmdum
2460 754 2523 787 ea
2550 753 2595 787 s.
2633 752 2708 786 ex

1613 814 1704 869 iis,
1753 826 1915 877 quae,
1967 814 2029 859 ut
2073 809 2150 869 11,
2196 809 2285 859 99.
2369 804 2708 858 Particulam

1614 871 1748 945 γὰρ,
1804 879 2167 945 praecedente
2218 875 2397 941 δῆλον
2440 870 2532 933 δὲ,
2577 875 2706 925 illu-

1616 950 1869 1000 strabunt
1921 965 2014 1011 ea,
2077 963 2216 1013 quae
2266 950 2447 996 monet
2502 944 2706 995 Matth.

1618 1020 1711 1071 Gr.
1750 1020 1844 1069 Gr.
1882 1034 2009 1084 pag.
2058 1018 2185 1067 1244
2226 1015 2349 1066 coll.
2382 1015 2505 1066 806.
2564 1014 2708 1064 Con-

1617 1089 1698 1138 fer
1731 1088 1936 1139 Herod.
1977 1088 2052 1147 11,
2095 1088 2213 1137 134.
2288 1086 2366 1135 Ac
2404 1085 2450 1135 si
2486 1086 2578 1149 qni
2614 1084 2705 1133 vel

1614 1149 1756 1206 κατὰ
1788 1157 1874 1207 vel
1911 1150 2014 1222 γὰρ
2053 1155 2333 1206 abundare
2368 1153 2603 1219 indeque
2626 1152 2708 1203 al-

1614 1233 1880 1278 terutrum
1918 1225 2244 1277 eiiciendum
2285 1227 2506 1289 putent,
2556 1228 2708 1272 recte

1614 1297 1773 1348 nobis
1808 1301 2098 1360 utrumque
2132 1293 2338 1345 servari
2369 1309 2533 1358 posse
2557 1291 2709 1341 vide-

1615 1374 1734 1430 tur,
1788 1365 1946 1416 modo
1994 1365 2175 1415 locum
2227 1364 2307 1413 sic
2351 1361 2707 1428 explicemus:

1618 1435 1713 1498 „id
1746 1452 1877 1486 vero
1927 1436 2053 1485 inde
2103 1438 2356 1498 apparet3
2403 1432 2602 1482 etenim
2641 1447 2709 1481 ex

1616 1507 1713 1567 iis,
1764 1521 1907 1570 qnae
1943 1505 1999 1554 in
2038 1503 2214 1554 Iliade
2251 1503 2478 1562 cecinit,
2518 1502 2711 1565 (appa-
2813 1539 2819 1544 .

1616 1574 1721 1640 ret)
1760 1575 2014 1626 Paridem
2039 1599 2105 1610 —
2135 1571 2375 1623 delatum
2404 1571 2563 1621 esse“
2600 1576 2711 1621 etc.

1622 1646 1743 1706 Quo
1780 1644 1967 1695 eodem
2003 1643 2172 1693 ferme
2193 1643 2358 1693 etiam
2386 1639 2527 1691 redit
2561 1638 2711 1690 Eltz.

1618 1714 1659 1766 l.
1693 1713 1733 1764 l.
1770 1729 1899 1779 pag.
1941 1713 2061 1777 124,
2100 1712 2193 1777 qui
2226 1715 2377 1761 recte
2424 1708 2711 1775 vulgatam

1617 1782 1909 1834 lectionem
1944 1782 2116 1832 tuitus
2155 1786 2258 1831 est.

1689 1848 1786 1901 καὶ
1816 1845 2043 1915 οὐδαμῆ
2071 1844 2209 1914 ἄλλῃ
2235 1839 2541 1897 ἀνεπόδισε
2575 1836 2715 1896 {mv-

1622 1911 1685 1969 τὸ
1691 1920 1957 1987 vJProbat
1965 1919 2510 1985 Schweighaeuserus
2521 1916 2714 1968 Vallae

1622 1990 2153 2055 interpretationem:
2200 2004 2294 2039 nec
2336 2003 2544 2052 usquam
2593 1986 2721 2036 alibi

1623 2068 1875 2110 retractat
1888 2097 1901 2117 ‚
1944 2060 1991 2109 si
2025 2066 2317 2109 retractare
2340 2055 2617 2121 intelligas
2636 2057 2717 2105 di-

1623 2145 1814 2180 versum
1871 2128 1958 2179 vel
2009 2131 2314 2179 eontrarium
2362 2127 2534 2175 dfcere
2587 2127 2716 2183 eius,

1622 2199 1759 2263 quod
1783 2201 1934 2249 semel
1958 2199 2193 2248 divimus.
2266 2195 2522 2247 Budaeus
2546 2195 2717 2245 inter-

1623 2273 1869 2331 pretatus
1916 2274 2058 2318 erat:
2126 2275 2174 2317 et
2216 2281 2457 2330 nusquam
2496 2265 2621 2315 alibi
2661 2279 2720 2313 se

1623 2341 1781 2400 {petam
1816 2341 2096 2397 revocavit,
2136 2337 2190 2386 id
2228 2339 2342 2396 est,
2387 2349 2632 2398 nusquam
2665 2334 2723 2381 id

1620 2409 1797 2457 iterum
1834 2407 1997 2463 dixit:
2033 2421 2134 2455 nec
2162 2405 2323 2455 aliter
2348 2404 2462 2453 fere
2487 2404 2563 2453 H.
2590 2404 2712 2453 Ste-

1624 2475 1836 2540 phanus
1873 2476 1930 2525 in
1966 2474 2133 2526 Thes.
2171 2474 2209 2525 l.
2236 2474 2329 2525 Gr.
2360 2479 2403 2522 t.
2438 2473 2546 2522 111.
2585 2487 2715 2535 pag.

1626 2547 1757 2596 517:
1799 2560 1893 2605 „se
1913 2548 2071 2606 ipsum
2094 2545 2364 2609 revocavit,
2390 2557 2514 2607 pro:
2542 2544 2719 2591 ilerum

1626 2615 1755 2665 idem
1816 2613 2011 2665 amu·
2110 2612 2246 2663 Mihi
2302 2612 2480 2676 magis
2536 2610 2720 2676 placet

1626 2683 1932 2748 Schweigh.
1970 2684 2131 2733 rati0.
2208 2682 2365 2732 Conf.
2404 2680 2611 2730 Herod.
2649 2680 2718 2740 V,

1623 2751 1710 2814 92,
1762 2753 1917 2804 cuius
1954 2757 2135 2802 tamen
2182 2750 2291 2801 loci
2336 2750 2478 2801 ratio
2529 2749 2721 2799 nonni·

1623 2821 1697 2871 hil
1722 2821 1942 2871 diversa
1967 2827 2069 2872 est.
2136 2820 2286 2885 Pape
2316 2820 2372 2870 in
2402 2820 2588 2870 Lexic.
2621 2818 2717 2868 Gr.
2747 2854 2755 2864 .

1626 2906 1673 2941 s.
1712 2907 1765 2941 v,
1806 2893 2199 2955 interpretatus
2222 2895 2334 2939 est:
2362 2888 2501 2949 „das
2535 2887 2721 2936 friiher

1626 2961 1867 3026 Gesagte
1947 2960 2246 3021 aufheben‚
2327 2956 2718 3015 widerrufen“;

1627 3045 1769 3095 quae
1820 3029 2203 3093 interpretatio
2252 3027 2598 3092 ineptissima
2640 3026 2722 3075 vi-

1632 3099 1790 3149 detur
1826 3100 2099 3150 Bredovio
2145 3096 2184 3147 l.
2220 3095 2281 3155 l..
2332 3096 2424 3161 qui
2474 3096 2591 3161 ipse
2627 3095 2721 3143 vix

1628 3169 1766 3218 satis
1805 3169 1973 3231 facit,
2014 3184 2134 3219 cum
2170 3165 2340 3216 verba
2362 3165 2499 3216 haec
2528 3166 2611 3214 ita
2636 3165 2721 3213 in·-

1626 3237 1799 3301 telligi
1834 3236 1981 3287 vult:
2039 3251 2187 3300 „non
2216 3235 2413 3285 iterum
2449 3249 2509 3284 se
2543 3234 2720 3298 ipsum

1630 3307 2018 3371 interrogavit,
2071 3305 2127 3356 id
2160 3310 2246 3356 est
2275 3320 2384 3354 non
2413 3304 2610 3353 iterum
2647 3301 2721 3352 ad

1630 3378 1943 3427 memoriam
1994 3391 2148 3426 suam
2202 3373 2513 3434 revocavit,
2575 3371 2722 3436 quod

1629 3446 1749 3511 ipse
1789 3447 1929 3497 bene
1973 3444 2259 3511 cognovit,
2320 3457 2500 3506 neque
2546 3440 2723 3490 simile

1631 3515 1889 3581 quiddam
1939 3530 2003 3565 eo
2048 3517 2305 3578 spectans
2353 3511 2633 3571 adhibuit,
2678 3510 2719 3559 i.

1632 3602 1680 3636 e.
1730 3581 2151 3647 παρεποίησε.“
2201 3608 2270 3617 —-
2318 3583 2406 3631 Ex
2452 3580 2538 3630 his
2586 3578 2722 3643 ipsis

1630 3654 1811 3704 verbis
1846 3651 2076 3704 Nitzsch
2119 3650 2448 3715 (Indagand.
2482 3665 2577 3715 per
2610 3649 2726 3698 Ho-

1631 3724 1766 3773 meri
1803 3723 2007 3786 odyss.
2052 3719 2372 3785 interpolat.
2408 3722 2721 3784 praeparat.

1633 3793 1680 3844 1.
1709 3791 1818 3843 Kil.
1860 3790 2014 3843 1828.
2055 3806 2182 3855 pag.
2224 3789 2290 3840 18
2316 3788 2456 3853 not.)
2494 3786 2723 3852 colligit,

1633 3864 1741 3912 iam
1792 3860 2131 3911 Herodotum
2181 3858 2407 3910 Homeri
2457 3871 2598 3922 quae
2647 3855 2727 3904 fe-

1628 3934 1822 3981 mntur
1837 3929 2080 3982 carmina
2095 3930 2301 3992 scripta
2314 3926 2693 3991 pervolutasse
2708 3941 2721 3984 ς

1630 4006 1685 4050 et
1735 4000 1878 4062 iure,
1928 3998 1975 4048 si
2012 3997 2142 4063 quid
2190 3996 2381 4057 video,
2430 3994 2522 4044 hic
2566 3993 2723 4044 locus

1629 4068 1809 4119 afferri
1845 4072 2026 4133 potest
2073 4067 2142 4117 ad
2184 4068 2554 4129 integritatem
2602 4077 2722 4113 car-

1631 4138 1831 4188 minum
1867 4137 2278 4189 Homericorum
2317 4147 2608 4197 eorumque
2645 4131 2724 4181 di-

1628 4207 1893 4271 ligentem
1926 4207 2211 4257 lectionem
2257 4202 2528 4254 Herodoti
2574 4205 2724 4251 certe

1634 4280 1813 4327 aetate
1835 4273 2310 4344 comprobandam.
2353 4273 2594 4336 Quorum
2612 4284 2725 4321 ma·
2798 4325 2802 4329 ,
