3109 5092
503 296 626 361 882
1258 290 1794 354 EXOURSUS
1840 288 2008 349 XIII

506 482 741 540 prorsus
763 465 1022 517 traditum
1046 464 1255 535 reperit
1272 464 1522 532 Layard:
1553 464 1704 535 quod
1734 462 1948 515 mini'me
1970 460 2163 512 mirum
2192 459 2370 512 videri
2394 458 2616 529 poterit,
2654 475 2803 511 cum

507 549 816 606 huiusmodi
879 549 1334 620 inscriptionibus
1387 548 1707 619 plerumque
1759 547 1952 599 laudes
2004 562 2195 613 regum
2244 543 2634 597 contineantur
2684 550 2803 595 aut

508 635 789 708 praeclara
819 651 1006 689 eorum
1033 634 1279 687 facinora
1306 633 1673 687 celebrentur.
1751 634 1950 701 Neque
1983 647 2116 682 vero
2150 630 2278 681 inde
2309 629 2682 682 Herodoteam
2713 629 2796 680 de

508 720 860 789 Assyriorum
907 719 1058 772 clade
1103 718 1473 771 narrationem
1512 718 1858 770 sacerdotum
1890 715 2365 783 Memphiticorum
2407 714 2641 766 vanitati
2683 714 2795 765 ad—

510 806 766 875 scriptam
795 804 982 871 velim,
1026 805 1085 857 id
1115 804 1262 873 quod
1300 804 1432 856 fecit
1464 803 1789 855 Rawlinson
1819 801 1961 872 (vid.
1994 802 2047 854 J.
2074 817 2106 852 a
2132 799 2448 870 Gumpach:
2486 799 2688 850 Abriss
2722 798 2788 849 d.

508 889 704 957 Babyl.
738 890 935 956 Assyr.
969 888 1172 941 Gesch.
1205 906 1260 957 p.
1290 894 1357 948 31
1391 906 1510 958 seq.
1542 891 1612 946 87
1644 888 1826 956 seq.);
1869 900 2223 955 quamquam,
2263 893 2564 953 temporum
2608 883 2793 935 ratio-

512 994 612 1028 nes
657 974 706 1026 si
746 974 1140 1043 dispiciantur,
1194 973 1326 1025 haec
1364 973 1541 1025 omnia
1575 972 1842 1040 gravibus
1883 969 2305 1022 difficultatibus
2335 968 2537 1038 premi,
2580 967 2795 1036 negari

511 1060 606 1111 vix
651 1058 874 1128 poterit.
951 1057 1166 1120 Quodsi
1212 1057 1352 1110 enim
1398 1057 1604 1124 Anysis
1646 1073 1790 1109 anno
1831 1060 1943 1129 961·
1978 1071 2027 1106 a.
2066 1054 2200 1106 Chr.
2242 1072 2297 1106 n.
2341 1058 2435 1125 (ut
2463 1053 2795 1105 Larcherus

512 1143 669 1213 ponit
696 1150 737 1195 t.
756 1142 881 1194 VII.
913 1160 969 1212 p.
987 1144 1085 1209 92)
1117 1142 1172 1194 in
1205 1158 1434 1210 regnum
1466 1141 1633 1194 rediit
1661 1157 1918 1211 annoque
1947 1144 2052 1199 954
2080 1156 2131 1192 a.
2160 1138 2294 1191 Chr.
2328 1155 2383 1190 n.
2418 1137 2798 1207 probabiliter

513 1228 677 1295 obiit,
727 1227 819 1278 ubi
869 1227 1129 1278 continuo
1170 1227 1221 1278 ei
1265 1227 1541 1279 successit
1567 1227 1769 1293 setho,
1811 1225 2073 1277 Sethonis
2106 1224 2270 1276 huius
2312 1232 2465 1275 aetas
2495 1222 2795 1292 haudqua-

512 1328 672 1382 quam
702 1316 973 1378 congruet
1010 1327 1130 1362 cum
1161 1310 1516 1363 Sanacharibi
1549 1310 1919 1381 expeditione,
1952 1325 2093 1379 quae
2123 1310 2179 1361 in
2211 1309 2412 1361 annum
2441 1310 2546 1366 712
2574 1324 2624 1358 a.
2642 1306 2791 1358 Chr.

515 1392 802 1461 incidit*).
877 1396 1102 1447 Lacuna
1131 1395 1237 1448 erit
1273 1412 1538 1447 annorum
1578 1396 1938 1448 ducentorum
1977 1393 2344 1465 quadraginta
2384 1392 2531 1444 intra
2570 1390 2792 1459 Anysis

517 1488 740 1533 mortem
784 1488 840 1531 et
877 1496 1107 1548 regnum
1136 1480 1413 1532 Sethonis.
1476 1481 1656 1542 Quam
1688 1480 1931 1533 lacunam
1962 1487 2027 1531 ut
2054 1478 2339 1548 explerent
2365 1486 2792 1546 temporumque

517 1565 780 1618 rationem
811 1563 866 1616 in
899 1564 1140 1617 ordinem
1169 1563 1515 1632 redigerent,
1566 1565 1721 1618 vario
1759 1565 1916 1617 modo
1946 1569 2233 1616 tentarunt
2273 1562 2380 1615 viri
2421 1554 2598 1629 docti,
2641 1578 2793 1630 quo—

517 1666 635 1702 rum
665 1649 970 1702 sententias
1003 1651 1174 1703 refert
1201 1650 1366 1702 Beck.
1407 1650 1440 1701 l.
1473 1650 1509 1701 l.
1570 1649 1746 1717 Sunt,
1782 1650 1875 1719 qui
1906 1650 1962 1702 in
1997 1649 2118 1717 ipso
2147 1646 2416 1700 Herodoti
2447 1653 2601 1699 textu
2632 1644 2793 1697 lacu-

520 1751 640 1788 nam
671 1751 796 1787 esse
826 1740 1091 1801 statuant,
1131 1750 1292 1804 quam
1321 1734 1479 1786 initio
1508 1734 1707 1804 capitis
1738 1738 1842 1793 124
1871 1733 2028 1803 ponit
2060 1732 2357 1798 Buherius,
2394 1731 2552 1783 initio
2584 1729 2795 1799 capitis

519 1825 619 1879 141
653 1820 996 1883 Larcherus,
1043 1819 1138 1871 ubi
1167 1818 1523 1888 probabiliter
1554 1819 1815 1872 traditum
1858 1818 2030 1871 suerit
2058 1818 2127 1870 de
2156 1817 2415 1885 regibus,
2455 1814 2552 1886 qui
2580 1814 2666 1867 vel
2702 1814 2793 1867 in—

519 1911 606 1956 tra
640 1903 985 1970 Mycerinum
1014 1910 1069 1956 et
1092 1903 1333 1970 Asychin
1365 1903 1454 1956 vel
1481 1912 1612 1973 post
1637 1904 1876 1971 Asychin
1911 1902 1981 1955 ad
2008 1903 2299 1955 Sethonem
2331 1917 2509 1970 usque
2546 1898 2797 1968 Aegypti

521 2003 746 2057 regnum
774 1988 1076 2041 tenuerint.
1138 1987 1436 2056 Equidem,
1479 1989 1528 2041 si
1563 1988 1759 2040 lacuna
1786 1986 2083 2041 statuenda
2113 1992 2201 2040 est
2228 1987 2287 2039 in
2316 1984 2585 2038 Herodoti
2625 1984 2795 2047 libro,

521 2072 696 2125 malim
741 2072 948 2141 aliquid
991 2071 1341 2125 intercidisse
1372 2080 1499 2141 post
1538 2090 1659 2143 cap.
1696 2077 1829 2140 136,
1885 2088 2028 2142 quae
2056 2079 2144 2123 est
2173 2069 2454 2123 sententia
2482 2069 2590 2122 viri
2628 2067 2793 2121 nobi-

522 2156 744 2223 lissimi,
777 2156 967 2209 Liberi
997 2155 1234 2208 Batonis
1265 2156 1332 2208 de
1367 2156 1724 2210 Reizenstein
1743 2197 1759 2224 ,
1801 2156 2114 2208 accuratius
2164 2154 2416 2225 exposita
2456 2155 2515 2207 in
2548 2152 2795 2220 schedis,

524 2256 663 2309 quas
704 2240 794 2292 ille
837 2240 1121 2292 nobiscum
1163 2241 1560 2294 communicare
1594 2240 1789 2294 voluit.
1864 2241 1925 2292 In
1969 2241 2069 2292 hac
2115 2248 2293 2292 autem
2334 2238 2531 2291 lacuna
2570 2257 2663 2294 set
2693 2244 2801 2290 aut

524 2333 640 2379 octo
688 2339 878 2392 regum
909 2324 1191 2377 historiam
1226 2323 1567 2378 Herodotum
1608 2324 1967 2394 exposuisse,
2012 2324 2150 2377 satis
2184 2323 2551 2376 verisimiliter
2593 2321 2800 2375 statuit

522 2408 664 2461 idem
695 2408 781 2461 vir
810 2408 1179 2461 doctissimus.
1246 2408 1450 2461 Verum
1478 2411 1697 2478 quidem
1726 2418 1841 2475 est,
1880 2409 2119 2479 scriptos
2152 2407 2422 2460 Herodoti
2454 2408 2649 2474 libros,
2692 2405 2797 2476 qui

525 2493 594 2545 ad
637 2500 829 2546 nostra
858 2500 1236 2563 pervenerunt
1268 2498 1544 2563 tempora,
1594 2494 1745 2547 nulla
1786 2493 2016 2546 lacunae
2056 2492 2262 2546 indicia
2304 2500 2455 2545 certa
2494 2493 2796 2562 praebere;

528 2585 866 2648 quapropter
895 2579 953 2630 in
984 2595 1099 2631 eam
1131 2577 1256 2630 olim
1296 2579 1462 2631 incidi
1492 2578 1850 2645 sententiam,
1895 2583 1958 2630 ut
1985 2579 2043 2630 in
2072 2577 2343 2630 Herodoti
2374 2578 2593 2647 quidem
2633 2580 2793 2628 textu

527 2662 826 2732 quidquam
859 2662 1130 2716 excidisse
1158 2680 1447 2732 negarem,
1494 2681 1679 2717 verum
1710 2680 1898 2715 manca
1928 2681 2056 2716 esse
2086 2668 2415 2731 statuerem,
2460 2679 2601 2732 quae
2641 2660 2733 2712 ille
2761 2676 2799 2710 a

529 2746 909 2800 sacerdotibus
943 2748 1171 2800 edoctus
1204 2747 1258 2799 in
1299 2765 1440 2817 opus
1471 2765 1633 2802 suum
1665 2747 1949 2814 retulerit3
1989 2764 2132 2817 quae
2162 2747 2210 2799 si
2239 2748 2579 2816 probentur,
2610 2763 2797 2797 sacer-

529 2831 716 2884 dotum
746 2832 851 2884 erit
880 2831 1067 2902 culpa,
1107 2849 1217 2884 non
1246 2831 1535 2885 Herodoti.
1609 2833 1775 2884 Cous.
1806 2833 1956 2883 infra
1990 2832 2065 2899 ΙΙ,
2100 2833 2233 2899 177,
2276 2832 2368 2884 ubi
2401 2830 2598 2883 similia
2626 2846 2797 2900 quae-

529 2916 650 2967 dam
691 2915 975 2967 Herodoto
1021 2934 1129 2968 non
1176 2915 1416 2969 indicata
1452 2918 1633 2969 fuisse
1676 2933 1709 2969 a
1747 2915 2128 2969 sacerdotibus
2173 2916 2282 2969 viri
2324 2915 2470 2969 docti
2519 2920 2793 2967 statuunt.

531 2999 653 3051 Nec
684 2998 920 3067 denique
958 2998 1016 3050 in
1050 2999 1149 3050 hac
1178 3004 1295 3051 tota
1328 3017 1497 3053 causa
1526 3000 1664 3053 illud
1695 3001 1801 3052 erit
1836 3001 2406 3070 praetermittendum,
2451 2999 2519 3051 de
2554 3015 2664 3070 quo
2694 2998 2798 3050 iam

530 3082 589 3134 in
619 3081 972 3134 adnotatione
1002 3082 1070 3135 ad
1100 3082 1186 3149 11,
1223 3088 1326 3141 124
1367 3084 1634 3152 diximus,
1683 3085 1951 3137 Nostrum
1984 3086 2200 3138 minime
2229 3085 2284 3137 in
2317 3084 2496 3138 animo
2538 3084 2799 3136 habuisse

533 3173 838 3219 accuratam
871 3171 930 3218 et
960 3168 1029 3218 ab
1067 3167 1318 3219 omnibus
1361 3169 1616 3236 partibus
1645 3169 1941 3237 perfectam
1972 3169 2211 3239 Aegypti
2246 3170 2527 3223 historiam
2556 3168 2796 3236 tradere,

531 3251 773 3321 indeque
821 3250 982 3303 etiam
1012 3250 1162 3304 illum
1196 3251 1539 3319 singulorum
1585 3269 1795 3320 regum·
1815 3256 2223 3308 successionem
2268 3272 2375 3306 non
2408 3261 2517 3306 tam
2547 3257 2799 3305 accurate

534 3353 794 3393 servasse
824 3353 925 3388 nec
965 3337 1166 3389 iustam
1197 3342 1496 3407 temporum
1538 3337 1806 3391 rationem
1830 3338 2106 3393 'habuisse
2137 3338 2348 3392 videri:
2393 3338 2493 3391 sed
2527 3354 2620 3405 ea,
2658 3353 2801 3405 quae

536 3421 614 3477 ad
633 3421 915 3483 historiam
945 3422 1253 3492 pertinent,
1301 3421 1532 3492 reliquis
1563 3424 1758 3488 rebus,
1805 3439 1947 3493 quae
1972 3423 2035 3475 'in
2067 3422 2319 3493 Aegypto
2363 3422 2543 3492 ipsius
2571 3423 2802 3475 animum

534 3505 762 3565 maxime
791 3506 1171 3572 adverterant,
1206 3508 1533 3561 enarrandis
1564 3508 1644 3560 ita
1671 3507 2057 3575 admiscuisse,
2078 3512 2156 3560 ut
2186 3514 2279 3575 ea,
2319 3507 2607 3560 occasione
2641 3506 2799 3576 quasi

535 3591 697 3658 data,
730 3590 1054 3644 viderentur
1085 3590 1268 3645 allata.
1301 3624 1367 3632 —
1412 3588 1903 3645 Caeterum‘multa
1929 3593 1986 3646 in
2015 3593 2299 3645 Herodoto
2329 3610 2457 3645 esse
2484 3593 2798 3662 depravata,

680 3820 736 3886 *)
782 3824 872 3873 Ita
911 3823 1158 3890 plerique
1199 3828 1451 3875 statuunt
1483 3825 1594 3877 viri
1628 3825 1808 3887 docti,
1857 3840 1925 3876 ac
1972 3841 2144 3891 nuper
2183 3841 2395 3891 quoque
2430 3823 2657 3890 Schegg.
2690 3823 2726 3873 1.
2760 3821 2799 3873 1.

539 3905 591 3956 p.
616 3891 737 3941 262.
802 3892 959 3944 Conf.
998 3893 1168 3944 etiam
1201 3893 1422 3945 Ewald:
1462 3893 1788 3946 Geschichte
1823 3895 1919 3946 des
1942 3896 2147 3945 Volkes
2172 3894 2362 3945 Israel.
2400 3895 2508 3957 111,
2548 3895 2598 3943 1.
2636 3909 2688 3958 p.
2705 3892 2801 3944 337

544 3976 658 4024 seq.
694 3960 800 4011 478
835 3977 947 4026 seq.
1022 3964 1068 4013 A
1106 3963 1302 4027 quibus
1339 3964 1419 4013 ita
1455 3965 1690 4016 discedit
1724 3962 1943 4016 Boeckh
1983 3963 2063 4029 (in
2099 3962 2371 4014 Schmidt:
2408 3960 2725 4015 zeitschrift
2759 3960 2798 4010 f.

546 4028 1017 4081 Geschichtswiss.
1055 4031 1130 4082 11.
1170 4048 1222 4097 p.
1247 4032 1392 4097 714),
1428 4039 1489 4083 ut
1523 4050 1669 4085 anno
1708 4033 1811 4084 710
1846 4049 1898 4083 a.
1932 4032 2059 4083 Chr.
2097 4048 2151 4083 n.
2191 4032 2551 4084 Sanacharibi
2589 4031 2803 4096 expedi-

547 4101 754 4152 tionem
803 4099 1110 4160 adscribat3
1160 4100 1248 4152 vel
1295 4104 1470 4169 magis
1518 4103 1728 4156 recedit
1765 4103 2064 4155 Grotefend
2112 4101 2501 4167 (Erliiuterung
2534 4101 2684 4152 einer
2717 4101 2802 4150 In-

551 4170 749 4221 schrift
797 4169 893 4219 des
938 4169 1144 4220 letzten
1190 4184 1365 4234 assyr.
1418 4172 1603 4238 babyl.
1642 4174 1852 4238 Kanigs
1900 4189 2003 4223 aus
2041 4172 2289 4224 Nimrud.
2334 4173 2636 4222 Hannover
2674 4169 2803 4222 1853

551 4255 604 4303 p.
648 4238 767 4301 15),
818 4238 910 4303 qui
945 4238 1309 4288 Sanacharibi
1343 4239 1554 4291 cladem
1603 4242 1872 4293 accidisse
1907 4241 2028 4293 vult
2063 4257 2208 4291 anno
2247 4242 2350 4293 695
2399 4245 2528 4291 ante
2560 4237 2685 4289 Chr.
2721 4255 2802 4300 n.;

553 4324 753 4358 annum
789 4309 893 4361 689
926 4323 960 4357 a
1000 4307 1126 4357 Chr.
1164 4322 1218 4357 n.
1255 4310 1442 4373 posuit
1477 4311 1558 4359 Io.
1599 4327 1633 4360 a
1671 4310 1979 4377 Gumpnch3
2033 4311 2142 4362 vid.
2181 4311 2372 4361 Abi-iss
2409 4310 2461 4359 d.
2500 4307 2683 4373 babyl.
2717 4323 2798 4359 as-

555 4390 666 4441 syr.
699 4376 893 4429 Gesch.
930 4392 984 4443 p.
1023 4377 1108 4430 84.
1147 4376 1250 4428 114
1284 4392 1399 4445 seq.
1443 4380 1559 4430 157.
1633 4379 1906 4446 Equidem
1939 4379 2005 4430 de
2040 4378 2127 4431 his
2163 4379 2453 4432 decernere
2488 4372 2671 4430 nolim.
