3109 5092
424 342 550 406 360

1287 336 1827 400 HERODOTI

425 543 540 605 τη,
582 511 697 585 ἐὸν
723 510 1167 602 τετράγωνον.
1230 513 1306 581 ἐν
1331 512 1512 606 μέσω
1550 512 1627 582 δὲ
1654 515 1779 582 τοῦ
1820 515 1985 636 ἱροῦ
2009 509 2265 600 πύργος
2292 505 2562 598 στερεὸς
2597 513 2698 578 οἰ-

425 618 821 706 κοδόμηται,
859 620 1139 685 σταδίου
1164 616 1278 684 καὶ
1315 613 1391 685 τὸ
1421 620 1630 704 μῆκος
1655 616 1770 685 καὶ
1797 613 1873 684 τὸ
1908 605 2134 705 εὖρος·
2190 614 2305 681 καὶ
2339 613 2449 682 ἐπὶ
2486 612 2702 705 τούτῳ

424 727 518 816 τῷ
546 719 786 813 πύργῳ
824 716 1023 798 ἄλλος
1057 717 1310 806 πύργος
1345 722 1739 808 ἐπιβέβηκε,
1785 721 1979 788 καὶ“
1939 745 2161 805 ετερος
2198 715 2376 805 μάλα
2405 717 2515 785 ἐπὶ
2543 715 2697 786 τού-

426 853 559 918 τῳ,
612 826 804 913 μέχρι
849 811 931 891 οὗ
975 818 1151 890 exto)
1187 820 1488 911 πύργων.
1573 820 1897 910 ἀνάβασις
1935 820 2012 891 δὲ
2049 825 2118 902 ἐς
2151 816 2400 899 αὐτοὺς
2445 821 2704 901 ἔξωθεν

426 927 654 1020 κύκλῳ
685 927 839 1015 περὶ
870 951 1123 1006 παντας
1150 924 1308 1005 τούς
1348 924 1652 1013 πύργους
1681 932 1925 1014 ἔχουσα
1953 931 2328 1012 πεποίηται.
2384 928 2702 1010 μεσοῦντι

429 1034 511 1102 δέ
545 1057 669 1099 κου
704 1034 819 1117 τῆς
855 1025 1217 1116 ἀναβάσιος
1257 1033 1397 1098 ἔστι
1423 1029 1778 1119 καταγωγή
1813 1057 1886 1098 τε
1920 1031 2032 1097 καὶ
2059 1032 2277 1098 θῶκοι
2306 1023 2696 1117 ἀμπαυστή-

428 1204 647 1264 temque
693 1211 884 1248 versus
941 1194 1316 1260 tumulumque
1374 1195 1520 1246 exhi·

429 1269 529 1319 bet
564 1267 682 1317 sive
730 1265 922 1316 collem
968 1265 1205 1316 maxima
1240 1265 1517 1316 ruinarum

430 1343 633 1388 temere
665 1339 1050 1401 congestarum
1079 1335 1220 1385 mole
1250 1335 1517 1399 effectum,

432 1407 517 1457 bis
557 1405 706 1455 mille
735 1405 903 1454 ferme
936 1403 1103 1469 pedes
1136 1404 1193 1454 in
1229 1404 1520 1470 longitudi-

428 1491 551 1526 nem
572 1479 853 1525 extensum
872 1477 928 1523 et
944 1473 1214 1538 gradatim
1234 1475 1315 1524 ite
1334 1490 1520 1525 ascen-

432 1546 675 1606 dentem,
713 1548 775 1593 ut
807 1543 1052 1607 superior
1072 1558 1200 1608 pars
1231 1544 1288 1593 in
1324 1544 1521 1595 ducen-

430 1620 610 1666 torum
628 1614 742 1663 fere
760 1611 956 1678 pedum
971 1612 1315 1663 altitudinem
1331 1628 1520 1665 ascen·

432 1684 530 1734 dat
565 1689 731 1748 atque
763 1682 822 1731 iu
851 1697 1058 1732 summo
1086 1682 1310 1747 fastigio
1342 1683 1521 1734 media

434 1754 578 1805 inter
603 1753 802 1804 rudera
824 1752 990 1801 turris
1029 1752 1258 1816 triginta
1284 1753 1523 1819 quinque

432 1823 521 1875 vel
571 1825 695 1874 octo
748 1822 945 1887 pedum
998 1821 1176 1872 adhuc
1222 1823 1523 1887 conspicia-

431 1897 541 1944 tur.
589 1890 795 1942 Multas
826 1905 1099 1941 murorum
1131 1890 1411 1956 reliquiae,
1445 1892 1523 1943 la·

430 1967 576 2014 teres
592 1999 607 2024 ‚
657 1961 868 2026 lapides
916 1960 1105 2011 ordine
1147 1976 1370 2026 prorsus
1412 1966 1523 2012 tur-

433 2034 565 2083 bato
613 2031 899 2094 omniaque
941 2033 1144 2080 temere
1185 2030 1418 2081 disiecta
1468 2035 1527 2082 et

435 2100 668 2152 confusa
697 2100 974 2159 invenias3
1012 2103 1231 2149 exstant
1267 2099 1405 2150 adeo
1435 2115 1526 2151 ve·

436 2170 603 2235 stigio.
637 2169 874 2219 ambitus
918 2168 1169 2233 quadrati
1187 2206 1200 2230 ,
1249 2184 1358 2233 quo
1394 2175 1528 2220 tem-

434 2239 585 2305 plum
605 2238 753 2289 istud
772 2237 1109 2303 pyramidale
1126 2242 1338 2301 septum
1356 2239 1527 2289 fuisse

437 2309 657 2359 dicitur.
710 2307 983 2358 Accurate
1015 2306 1306 2371 descripsit
1326 2307 1463 2359 Rich
1483 2307 1522 2359 1.

436 2378 474 2430 1.
500 2394 554 2443 p.
577 2376 644 2428 32
670 2392 786 2443 seq.
820 2376 918 2427 165
943 2390 1118 2441 seqq„
1157 2391 1315 2441 quem
1347 2377 1526 2442 ipsum

438 2452 658 2500 secutus
696 2451 780 2497 est
814 2447 994 2497 Ritter
1029 2445 1068 2497 l.
1097 2445 1134 2496 l.
1160 2462 1216 2511 p.
1236 2444 1342 2497 876
1366 2462 1519 2512 seqq.

434 2516 505 2567 iis
545 2532 759 2582 quoque
794 2514 1079 2578 adhibitis,
1117 2531 1256 2581 quse
1289 2516 1361 2567 ab
1398 2516 1522 2568 aliis

438 2587 569 2637 viris
606 2586 783 2638 doctis
819 2589 875 2636 et
912 2586 1413 2651 peregrinatoribus
1449 2586 1524 2636 al-

436 2657 555 2707 lata
588 2661 773 2707 erant:
805 2655 953 2720 quod
990 2655 1132 2705 idem
1166 2655 1302 2706 fecit
1337 2657 1521 2706 Vaux:

437 2726 685 2777 Nineveh
721 2724 830 2776 and
850 2724 1161 2790 Persepolis
1188 2741 1244 2790 p.
1281 2725 1381 2776 175
1406 2741 1522 2792 seq.

439 2796 536 2847 181
580 2811 733 2860 seqq.
798 2794 902 2845 His
938 2793 1096 2855 adde,
1137 2809 1277 2860 quae
1302 2795 1525 2859 Layard

435 2864 530 2915 1.1.
556 2879 611 2928 p.
638 2865 743 2916 490
766 2878 917 2928 seqq.
955 2862 1145 2913 attulit
1179 2868 1344 2928 atque
1367 2865 1524 2915 Fres-

436 2933 527 2984 nel
565 2932 613 2983 Ι.
661 2948 716 2996 p.
753 2931 857 2984 533
895 2946 1047 2997 seqq.
1094 2933 1199 2983 540
1233 2947 1386 2999 seqq.
1441 2934 1520 2985 ΙΙ.

437 3018 494 3066 p.
541 3001 608 3051 12
654 3016 807 3066 seqq.
866 3000 935 3051 56
986 3015 1137 3065 seqq.
1222 3001 1525 3067 Imaginem

439 3069 595 3120 collis
620 3074 788 3135 atque
811 3070 976 3119 turris
1008 3070 1364 3121 exhibuerunt
1386 3072 1526 3122 Rich

437 3140 515 3205 (p.
537 3138 628 3203 93)
654 3145 823 3204 atque
842 3138 1061 3203 Layard
1093 3139 1173 3202 (p.
1198 3138 1348 3205 497),
1375 3140 1528 3191 item·

438 3224 544 3275 que
580 3208 830 3273 Chesney
876 3207 941 3273 (l.
979 3207 1016 3257 l.
1053 3207 1175 3258 Vol.
1215 3209 1294 3260 11.
1340 3226 1395 3275 p.
1428 3209 1526 3272 25)

438 3293 505 3330 ac
539 3278 775 3329 Flandin
820 3277 859 3327 l.
910 3276 949 3327 l.
994 3275 1069 3342 pl.
1107 3278 1229 3328 221.
1315 3280 1525 3342 Quodsi

437 3349 606 3414 igitur
640 3347 891 3399 Nimrodi
938 3363 1119 3397 arcem
1157 3349 1525 3400 existimemus

436 3418 557 3471 Beli
593 3417 877 3483 templum,
917 3416 989 3466 ad
1024 3417 1405 3483 antiquissima
1422 3420 1525 3469 Ba-

434 3487 652 3552 bylonis
677 3486 875 3538 rudera
894 3487 1165 3551 pertinere
1187 3487 1385 3539 haecce
1411 3489 1526 3539 iure

437 3557 565 3608 hinc
598 3557 756 3608 nobis
796 3555 1067 3622 colligere'
1086 3557 1302 3608 videtur
1325 3559 1526 3609 Heere·

436 3628 562 3677 nius
613 3627 673 3689 (l.
720 3626 758 3677 l.
809 3642 935 3692 pag.
976 3623 1124 3688 179).
1207 3628 1324 3677 Nec
1368 3628 1525 3693 quid-

438 3712 602 3762 quam
626 3696 870 3761 impedit,
906 3711 1014 3761 quo
1038 3696 1216 3747 minus
1237 3696 1380 3747 hanc
1402 3713 1525 3748 esse

437 3767 628 3816 turrim
676 3766 1047 3818 existimemus
1096 3770 1223 3831 post
1261 3766 1523 3817 diluvium

439 3835 509 3886 ab
547 3834 853 3886 homiuibus
886 3840 1020 3886 tuuc
1066 3836 1305 3886 nondum
1347 3837 1525 3887 seiun-

440 3905 545 3954 ctis
572 3909 904 3956 exstructam
922 3941 936 3966 ‚
972 3921 1073 3956 nec
1095 3904 1306 3956 finitam
1330 3907 1525 3956 summi

436 3973 673 4023 numinis
719 3974 965 4025 consilio.
1038 3975 1192 4037 Quae
1233 3974 1526 4041 probabili-

437 4046 524 4093 ter
558 4043 617 4091 in
665 4042 989 4093 occidentali
1032 4050 1191 4109 parte
1236 4046 1346 4095 sita
1399 4045 1522 4108 fuit,

438 4127 560 4162 cum
608 4110 734 4161 inde
778 4112 1040 4163 orientem
1091 4130 1281 4166 versus
1332 4119 1525 4181 gentes

436 4181 715 4246 profectas
752 4196 874 4231 esse
916 4197 1077 4233 sacra
1120 4185 1395 4250 scriptura
1433 4184 1526 4235 do-

438 4254 580 4302 ceat.
653 4251 769 4302 Nec
813 4252 1071 4312 materia,
1124 4269 1287 4319 quam
1334 4254 1525 4304 ruinae

438 4319 615 4371 adbuc
646 4321 966 4384 ostendunt,
1003 4322 1114 4374 alia
1136 4329 1299 4390 atque
1328 4339 1420 4386 ea,
1456 4339 1524 4373 ex

437 4405 548 4467 qua
590 4390 781 4450 turrim
826 4393 1130 4450 confectam
1177 4408 1297 4448 esse
1356 4392 1523 4446 tradit

1620 1212 1780 1248 sacra
1815 1197 2103 1262 scriptura.
2173 1196 2355 1257 Quare
2387 1194 2579 1244 turrim
2601 1196 2706 1245 Ba·

1621 1266 1928 1332 bylonicam
1959 1267 2064 1317 hoc
2099 1266 2218 1328 ipso
2253 1264 2405 1327 loco,
2439 1265 2532 1329 qui
2561 1279 2707 1314 nunc

1620 1341 1852 1387 vocatur
1900 1337 2024 1387 Birs
2067 1334 2321 1395 Nimrud‚
2379 1334 2566 1399 quaeri
2614 1333 2706 1383 de-

1621 1407 1776 1468 bere,
1838 1421 1983 1456 nunc
2037 1406 2151 1456 fere
2198 1404 2549 1454 consentiunt
2601 1403 2707 1452 viri

1623 1475 1797 1537 docti,
1835 1491 1972 1541 quos
2015 1474 2174 1525 modo
2208 1472 2457 1524 laudavi:
2511 1473 2706 1539 quibus

1621 1544 1822 1596 addere
1856 1545 1987 1595 licet
2012 1543 2219 1595 Bohlen
2250 1543 2503 1604 (Genesis
2522 1558 2583 1607 p.
2611 1542 2707 1594 143

1623 1617 1764 1680 seq.)
1809 1619 1977 1680 atque
2014 1615 2222 1678 Oppert
2265 1611 2608 1674 (Zeitsehrift
2651 1611 2705 1663 d.

1624 1683 1872 1735 deutsch.
1897 1682 2157 1750 morgenl.
2187 1681 2631 1744 Gesellsch.V11,
2654 1680 2705 1734 3.

1623 1770 1679 1820 p
1664 1753 2087 1873 ὃιό)σταὸίων
2120 1809 2335 1883 πάντη,
2386 1808 2482 1867 ἐὸν
2522 1808 2708 1882 τετρά-

1626 1907 1816 1957 γωνον
1849 1907 1900 1941 κ.
1924 1907 1970 1941 τ.
1990 1889 2061 1957 L]
2099 1888 2257 1953 Quod
2293 1889 2373 1939 ita
2406 1888 2712 1954 intelligen-

1625 1962 1751 2013 dum
1768 2000 1781 2024 ,
1827 1966 1889 2012 ut
2091 1973 2303 2010 aversus
2340 1957 2566 2009 duorum
2601 1963 2713 2008 sta-

1627 2031 1838 2082 diorum
1860 2030 2026 2081 fuerit
2049 2028 2236 2093 templi
2256 2028 2513 2080 ambitus.
2549 2028 2709 2078 Conf.

1629 2101 1706 2165 ΙΙ,
1750 2101 1864 2152 168.
1904 2100 2000 2161 IV,
2040 2099 2159 2152 195.
2231 2097 2433 2163 Attigit
2467 2096 2713 2147 Herodo-

1627 2175 1721 2221 tea
1766 2169 2050 2221 Choricius
2089 2169 2340 2219 Gasaeus
2384 2183 2436 2231 p.
2476 2167 2578 2218 105
2625 2166 2709 2218 ed.

1628 2239 1950 2291 Boissonad.
1990 2239 2144 2301 Quae
2164 2241 2463 2302 sequuntur
2492 2237 2559 2286 de
2581 2240 2714 2287 tem·

1628 2309 1704 2375 pli
1736 2309 2006 2370 turribus,
2054 2307 2138 2357 his
2175 2307 2331 2372 paria
2365 2306 2424 2355 iu
2467 2305 2590 2356 aliis
2626 2307 2714 2356 In·

1630 2380 1818 2430 dorum
1863 2376 2081 2442 templis
2133 2375 2528 2440 antiquissimis
2564 2391 2715 2441 repe·

1626 2449 1720 2498 riri
1756 2452 1940 2498 monet
1973 2448 2240 2497 Muenter.
2293 2444 2331 2495 1.
2381 2444 2420 2496 l.
2458 2460 2582 2513 pag.
2621 2446 2711 2496 50.

1625 2517 1964 2568 Herodotum
2001 2531 2129 2567 vero
2168 2517 2225 2566 in
2259 2515 2346 2564 his
2383 2515 2535 2580 ipsis,
2573 2530 2715 2580 quae

1628 2586 1695 2637 de
1728 2587 1847 2638 Beli
1883 2585 2086 2651 templo
2133 2602 2179 2637 s.
2225 2585 2362 2635 turri
2397 2589 2607 2646 narrat,
2655 2589 2713 2635 et

1626 2672 1754 2707 vere
1801 2660 1856 2706 et
1908 2660 2163 2707 accurate
2207 2654 2533 2718 tradidisse,
2590 2655 2710 2718 ipso

1626 2727 1904 2777 ruinarum
1951 2725 2215 2791 adspectu
2264 2724 2482 2788 probari
2516 2724 2714 2775 asserit

1625 2795 1850 2846 Fresnel
1880 2795 1918 2846 l.
1951 2793 1988 2846 1.
2018 2795 2064 2845 Ι.
2102 2812 2155 2860 p.
2183 2793 2303 2856 528,
2345 2809 2452 2859 quo
2487 2798 2713 2845 auctore

1626 2866 1683 2915 in
1717 2865 1821 2916 hoc
1853 2869 1973 2916 toto
2019 2880 2182 2930 opere
2228 2864 2425 2929 grandi
2464 2868 2519 2913 et
2551 2868 2712 2914 vasto

1627 2939 1842 3000 praeter
1888 2950 2046 2984 sacra
2105 2939 2161 2984 et
2207 2933 2495 2984 seientiam
2541 2937 2716 2984 asno-

1627 3004 1896 3055 nomicam
1921 3004 2046 3055 inde
2074 3002 2430 3055 exercendam
2450 3002 2560 3054 alia
2582 3018 2715 3067 quo-

1630 3089 1732 3138 que
1783 3079 2035 3139 spectata
2082 3074 2251 3124 fuisse
2290 3072 2483 3122 credas
2520 3073 2590 3123 ab
2629 3088 2713 3135 eo,

1631 3142 1725 3208 qui
1761 3147 1934 3194 totum
1969 3158 2105 3208 opus
2142 3142 2411 3193 exstruxit
2443 3142 2547 3192 sibi
2584 3158 2716 3208 quo-

1631 3227 1734 3278 que
1759 3218 2160 3278 prospecturus,
2200 3217 2262 3262 ut
2287 3213 2343 3261 in
2373 3210 2556 3263 altiori
2591 3211 2713 3262 loco

1628 3287 1976 3346 pernoctaret
2017 3283 2085 3332 ob
2122 3282 2355 3333 sanioris
2392 3287 2448 3332 et
2481 3282 2713 3346 purioris

1628 3352 1774 3401 aeris
1807 3367 1992 3403 usum:
2026 3351 2274 3417 idemque
2309 3351 2397 3400 vir
2425 3351 2618 3401 doctus
2650 3366 2715 3402 eo

1629 3436 1843 3486 quoque
1901 3421 2090 3471 referri
2145 3420 2264 3471 vult
2318 3420 2519 3471 lectum
2575 3422 2717 3471 bene

1628 3495 1889 3554 stratum,
1936 3491 2090 3542 cuius
2134 3491 2224 3542 hic
2256 3491 2460 3541 ment-io
2494 3489 2586 3553 fit3
2640 3491 2712 3541 cf.

1628 3577 1683 3626 p.
1720 3562 1822 3613 528
1860 3565 1915 3611 et
1952 3560 2073 3611 536.

1696 3627 1856 3694 μέχρι
1894 3616 1966 3679 οὗ
1987 3620 2132 3680 ὀκτώ
2157 3621 2416 3695 πύργων]
2448 3624 2610 3693 μέχρι
2645 3613 2715 3677 οὗ

1628 3714 1726 3762 pro
1789 3699 2024 3764 simplici
2074 3695 2268 3764 μέχρις
2326 3712 2528 3763 ponere
2575 3697 2717 3749 solet

1628 3769 1844 3831 Noster,
1881 3767 2714 3832 ut11,19.53.173.111‚10⁴.

1629 3838 1696 3888 In
1733 3838 1928 3904 quibus
1964 3837 2125 3901 locis,
2161 3854 2269 3889 uuo
2310 3841 2556 3902 excepto,
2594 3852 2717 3887 cum

1626 3905 1843 3972 legatur
1877 3905 2039 3973 μέχρι
2078 3893 2318 3970 οὖ,1ιοο
2354 3923 2460 3972 quo
2500 3923 2569 3957 ue
2594 3905 2715 3958 loco

1627 3992 1696 4027 ex
1738 3977 1979 4029 Ionismo
2019 3978 2224 4029 rectius
2276 3977 2390 4040 leg-i
2432 3993 2471 4040 μ
2502 3992 2594 4041 χρι
2646 3962 2718 4025 οῦ

1627 4046 1735 4097 viri
1780 4048 1927 4099 docti
1972 4051 2240 4099 statuunt.
2313 4047 2439 4098 Vid.
2474 4046 2712 4097 Bredov.

1625 4131 1679 4181 p.
1694 4182 2029 4250 μεσοῦντι
2082 4181 2148 4233 δέ
2200 4197 2308 4232 κου
2353 4180 2457 4249 τῆς
2500 4174 2714 4249 ἀναβα-

1627 4254 1771 4319 moe]
1820 4256 1904 4306 De
1941 4254 2117 4304 dativi
2156 4253 2567 4319 participiorum
2610 4268 2714 4303 usu

1625 4324 1697 4375 cf.
1718 4324 1789 4375 ad
1819 4326 1865 4387 Ι,
1887 4324 1981 4384 513
2020 4323 2087 4374 de
2123 4323 2386 4388 genitivo,
2424 4323 2520 4388 qui
2545 4323 2713 4373 verbo

1623 4391 1891 4458 μεσοῦντι
1938 4359 2184 4457 s'dditur,
2241 4392 2389 4447 conf.
2434 4392 2711 4449 Kuehner.
