3109 5092
394 333 517 397 588

1255 331 1789 393 HERODOTI

396 506 706 596 ποτάμιοι
755 513 940 602 νομῷ
977 508 1104 596 μὲν
1140 513 1234 600 τῷ
1260 515 1669 596 Παπρημίτῃ
1713 511 1854 591 ἱροί
1881 512 2046 590 εἰσι,
2086 519 2258 573 τοῖσι
2302 502 2376 572 δὲ
2412 500 2673 572 ἄλλοισι

397 617 831 699 Αἰγυπτίοισι
887 607 1015 682 οὐκ
1068 617 1221 702 ἱροί.
1297 611 1511 700 φύσιν
1561 611 1635 681 δὲ
1689 613 2089 699 παρέχονται
2139 610 2324 695 ἰδέης
2369 606 2671 695 τοιήνδε·

751 814 886 865 ΟΜ».
923 815 1125 865 LXXI.

470 913 547 968 Οἵ
574 912 637 968 δὲ
654 916 826 967 ἵπποι
863 910 924 967 οἱ
951 913 1220 983 ποτάμιοι
1254 933 1305 966 κ.
1331 933 1378 966 τ.
1411 915 1483 982 L]

396 992 481 1040 De
522 990 764 1053 Papremt'
795 987 941 1038 conf.
980 993 1123 1039 nott.
1166 986 1236 1038 ad
1271 987 1358 1050 11,
1395 987 1482 1039 63.

397 1059 481 1111 Ad
506 1062 882 1124 argumentum
904 1056 1013 1108 loci
1036 1058 1181 1109 conf.
1206 1056 1487 1110 Plutarch.

401 1131 469 1180 de
505 1130 578 1178 Is.
619 1134 673 1178 et
715 1128 862 1179 Osir.
902 1143 1021 1193 cap.
1061 1127 1149 1179 32.
1195 1143 1250 1192 p.
1290 1126 1393 1178 364
1417 1128 1485 1190 A,

401 1200 494 1264 qui
533 1214 648 1248 eam
677 1197 746 1248 ob
780 1211 1002 1247 causam
1034 1197 1138 1248 hoc
1175 1197 1377 1247 animal
1404 1212 1489 1247 sa·

402 1285 550 1319 crum
586 1266 774 1318 haberi
805 1272 1019 1329 narrat,
1067 1268 1214 1332 quod
1247 1282 1344 1331 per
1375 1268 1487 1317 vim

403 1354 524 1388 cum
561 1341 735 1387 matre
778 1337 926 1386 coire
976 1337 1127 1388 velit.
1200 1337 1490 1387 Caeterum

404 1413 459 1457 et
501 1407 661 1457 huius
707 1406 907 1471 capitis
952 1411 1008 1456 et
1054 1422 1176 1471 cap.
1216 1405 1283 1456 73
1325 1422 1489 1472 argu-

402 1480 641 1527 mentum
678 1476 960 1526 Hecataeo
990 1476 1202 1526 Milesio
1227 1476 1489 1528 Nostrum

403 1546 600 1597 debere
634 1545 779 1611 quod
814 1545 985 1594 tradit
1007 1545 1273 1611 Porphyr.
1301 1546 1355 1594 in
1383 1547 1491 1596 Eu-

401 1616 539 1668 sebii
563 1617 758 1679 Praep.
797 1630 993 1680 evang.
1022 1616 1090 1665 X.
1115 1632 1169 1680 p.
1193 1614 1297 1665 466
1335 1613 1484 1678 (coll.

403 1686 946 1750 Creuzcr.Fragmm.
973 1685 1184 1748 antiqq.
1206 1684 1333 1734 hist.
1363 1701 1489 1749 pag.

405 1756 470 1808 1¹.)
516 1756 695 1822 seqq.)
753 1754 1049 1805 accedente
1098 1754 1361 1806 Klausen.
1419 1755 1492 1808 ad

403 1826 673 1877 Hecataei
706 1826 983 1888 Fragmm.
1022 1840 1147 1889 pag.
1185 1824 1301 1884 128,
1337 1823 1395 1874 id
1430 1829 1492 1873 ut

405 1896 652 1954 credam,
698 1894 845 1944 haud
881 1894 1014 1944 mihi
1049 1894 1365 1959 persuaderi
1400 1910 1492 1958 pa-

402 1966 536 2015 tiar:
565 1965 680 2015 vid.
702 1960 1061 2015 commentat.
1081 1962 1345 2014 Herodot.
1368 1963 1417 2023 ἐ.
1439 1965 1492 2014 8.

404 2038 486 2086 De
533 2036 651 2098 ipso
696 2034 1043 2097 hippopotamo
1082 2033 1229 2083 conf.
1262 2032 1494 2082 Wilkin-

406 2106 796 2155 son.Manners
823 2108 929 2153 etc.
950 2119 1061 2154 sec.
1085 2118 1192 2153 ser.
1218 2102 1291 2153 11.
1316 2119 1369 2168 p.
1395 2104 1491 2153 177

405 2189 556 2237 seqq.
604 2172 796 2222 Adhuc
825 2187 919 2236 per
944 2174 1251 2237 Aegyptum
1275 2188 1383 2222 non
1413 2173 1494 2221 in-

405 2243 622 2293 venitur
641 2241 777 2291 haec
795 2241 995 2303 bestia,
1028 2256 1171 2306 quae
1197 2242 1253 2290 in
1275 2242 1496 2292 Aethio·

405 2314 529 2377 piae
582 2310 895 2376 regionibus
952 2310 1324 2376 superioribus
1376 2317 1496 2362 tan-

407 2388 520 2432 tum
552 2384 830 2445 comparet
865 2380 1101 2444 indeque
1123 2395 1246 2430 raro
1276 2380 1497 2432 descen-

406 2453 487 2502 dit
522 2466 694 2516 usque
728 2450 799 2500 ad
836 2450 948 2500 Nili
986 2454 1353 2501 catarractas:
1401 2466 1497 2500 an·

406 2522 635 2587 tiquitus
658 2536 786 2570 vero
825 2519 986 2570 aliter
1009 2519 1114 2570 hoc
1142 2535 1201 2570 se
1237 2520 1496 2571 habuisse

404 2596 621 2658 praeter
668 2590 993 2655 scriptorum
1045 2594 1288 2640 veterum
1343 2590 1499 2640 testi-

407 2662 589 2717 monia
630 2659 912 2711 declarant
961 2664 1312 2710 monumenta
1356 2661 1497 2710 The-

405 2734 577 2794 bana,
628 2731 684 2780 in
720 2731 917 2795 quibus
949 2731 1170 2781 venatio
1205 2729 1367 2779 huius
1405 2730 1497 2780 be·

406 2804 547 2853 stiae
584 2800 870 2850 exhibetur
906 2798 1091 2849 eodem
1132 2800 1299 2850 ferme
1334 2799 1493 2849 modo

406 2872 690 2932 instituta,
739 2885 844 2933 quo
889 2884 1032 2918 nunc
1079 2870 1133 2918 in
1181 2876 1328 2919 terra
1364 2870 1497 2919 Sen-

404 2955 541 2990 naar
556 2938 674 2988 fieri
691 2938 852 2998 solet3
876 2938 988 2988 vid.
1003 2938 1329 2989 Wilkinson.
1344 2939 1497 2987 Man-

407 3024 531 3059 ners
568 3012 673 3057 etc.
699 3006 806 3057 111.
837 3023 888 3071 p.
919 3006 989 3058 69
1022 3022 1173 3071 seqq.
1213 3008 1495 3072 ipsamque

406 3078 698 3142 imaginem
722 3092 751 3125 e
770 3076 1048 3125 Thebanis
1082 3075 1378 3140 sculpturis
1404 3077 1499 3126 du·

409 3152 549 3198 ctam
584 3144 653 3194 ad
679 3161 732 3209 p.
759 3146 844 3195 71.
903 3145 983 3194 Ac
1020 3146 1249 3194 mumias
1283 3161 1497 3210 quoque

407 3215 778 3282 hippopotami
823 3214 1025 3264 Thebis
1074 3214 1326 3264 inventas
1378 3230 1496 3265 esse

408 3300 679 3350 unamque
732 3300 798 3334 ex
849 3283 934 3333 his
980 3282 1120 3333 adeo
1189 3284 1497 3334 Londinum

405 3355 729 3407 translatam
768 3354 824 3403 in
846 3354 1095 3404 Museum
1122 3354 1498 3404 Britannicum

408 3427 547 3477 idem
571 3428 808 3475 testatur
832 3424 975 3490 (sec.
998 3438 1100 3473 ser.
1136 3423 1214 3473 11.
1240 3440 1293 3488 p.
1326 3423 1419 3474 181
1433 3421 1492 3486 .).

411 3497 571 3558 Quod
607 3510 738 3545 vero
776 3494 833 3543 in
867 3509 1009 3559 pago
1041 3493 1493 3557 Papremitarnm‚

409 3566 502 3631 qui
535 3566 767 3615 Martem
813 3563 1217 3614 venerabantur
1261 3562 1359 3624 (cf.
1409 3578 1495 3613 su-

409 3651 505 3698 pra
541 3635 622 3696 11,
661 3634 728 3686 63
762 3632 901 3696 seq.)
947 3632 1370 3698 hippopotamus
1409 3648 1496 3682 co-

406 3704 640 3766 lebatur,
679 3703 803 3753 inde
829 3702 994 3752 Marti
1018 3717 1229 3767 quoque
1254 3701 1357 3751 hoc
1383 3702 1497 3752 ani-

410 3772 517 3824 mal
553 3777 928 3823 consecratum
979 3772 1150 3822 fuisse
1197 3772 1495 3831 existimes,

410 3842 551 3907 quod
596 3841 848 3904 Typhonis
895 3842 1110 3906 signum
1160 3856 1280 3890 esse
1326 3839 1501 3891 tradit

408 3908 690 3961 Plutarch.
714 3909 866 3959 deIS.
892 3909 1164 3959 etOsirid.
1195 3911 1412 3974 cap.50.
1441 3925 1497 3974 p.

411 3980 508 4032 371
537 3978 659 4029 coll.
696 3978 782 4030 32.
810 3994 861 4042 p.
890 3978 1012 4031 364.
1050 3978 1348 4043 Seyffarth:
1378 3980 1500 4029 Bei-

407 4052 566 4114 triige
604 4052 709 4097 etc.
746 4047 821 4097 11.
857 4063 911 4109 p.
953 4048 1073 4098 147.
1155 4048 1261 4099 Sed
1300 4053 1502 4098 utrum·

411 4135 517 4186 que
563 4117 721 4167 deum
770 4115 976 4165 nullum
1018 4115 1181 4166 alium
1230 4133 1348 4168 esse
1391 4118 1500 4166 nisi

412 4204 560 4250 eum,
598 4185 692 4250 qui
726 4184 782 4234 in
810 4185 944 4250 ipsis
973 4185 1365 4249 Aegyptiorum
1390 4203 1501 4236 mo-

411 4255 685 4309 numentis
730 4258 959 4305 vocatur
1008 4253 1375 4306 Ombee-Sem-
1399 4256 1500 4321 Ty-

406 4328 569 4392 phon,
627 4324 909 4375 contendit
952 4322 1146 4375 Roeth.
1198 4325 1396 4376 Gesch.
1444 4325 1496 4374 d.

411 4394 617 4449 Philos.
652 4392 699 4444 1.
738 4397 878 4444 nott.
916 4407 969 4457 p.
1012 4392 1111 4450 164
1147 4408 1262 4459 seq.
1326 4395 1502 4444 Hora-

1584 780 1729 845 pollo
1762 776 2123 843 Hieroglyph.
2156 776 2243 841 11,
2278 778 2348 828 20
2391 765 2547 841 ὥραν
2584 777 2672 827 de-

1586 850 1785 902 clarari
1845 848 2231 913 hippopotamo
2294 848 2542 913 scripsit:
2613 852 2674 896 tu

1588 921 1732 976 conf.
1765 920 2034 969 Leemans
2067 933 2125 982 p.
2158 918 2282 970 317.

1658 980 1838 1055 φύσιν
1859 1017 1933 1027 —-
1950 984 2109 1050 ἰδέης
2129 979 2386 1053 τοιήνδε]
2423 981 2578 1036 ἰδέα
2604 986 2675 1037 ad

1588 1061 1822 1125 speciem
1864 1063 1920 1108 et
1962 1059 2189 1108 formam
2234 1057 2478 1121 corporis
2515 1057 2677 1122 perti·

1589 1136 1703 1181 net.
1775 1128 1901 1178 Vid.
1940 1133 2085 1179 nott.
2133 1125 2203 1175 ad
2239 1126 2518 1177 Plutarch.
2553 1126 2677 1176 Fla-

1592 1200 1723 1251 min.
1756 1214 1884 1264 pag.
1923 1200 1986 1248 77
2028 1201 2083 1247 et
2117 1196 2314 1245 Iacobs
2354 1195 2424 1245 ad
2462 1195 2675 1247 Aelian.

1591 1272 1660 1322 N.
1684 1271 1748 1319 A.
1773 1270 1840 1330 V,
1865 1266 1950 1318 56.
2017 1267 2176 1317 Conf.
2201 1266 2407 1317 Herod.
2430 1266 2526 1325 IV,
2558 1265 2675 1316 109.

1662 1330 1843 1404 φύσιν
1866 1332 1929 1385 δὲ
1949 1334 2295 1400 παρέχονται
2318 1352 2370 1385 κ.
2393 1352 2441 1384 τ.
2464 1333 2537 1401 λ.]
2576 1336 2678 1385 Re-

1593 1409 1775 1476 spexit
1807 1407 1945 1458 haec
1977 1405 2303 1458 Aristoteles
2325 1405 2397 1456 H.
2437 1405 2501 1455 A.
2529 1405 2609 1466 11,
2644 1405 2675 1453 7

1595 1479 1691 1542 (11,
1727 1480 1759 1528 4
1799 1475 1885 1528 ed.
1921 1475 2201 1541 Schneid.)
2225 1512 2239 1537 ‚
2285 1475 2428 1526 unde
2464 1475 2681 1541 potiora

1594 1547 1931 1599 adscribam:
1970 1538 2000 1596 ὅ
2035 1540 2098 1596 δὲ
2125 1543 2305 1601 ἵππος
2336 1536 2367 1594 ὁ
2401 1535 2681 1624 ποτὰειιος

1592 1610 1622 1667 ὃ
1691 1608 1751 1666 ἐν
1802 1609 2066 1684 Αἰγύπτῳ
2123 1613 2327 1679 χαίτην
2392 1608 2496 1676 μὲν
2549 1622 2679 1677 εχει,

1592 1677 1783 1749 ὥσπερ
1826 1684 2034 1748 ἵππος,
2096 1682 2335 1749 δίχηλον
2390 1675 2451 1731 δ’
2508 1676 2679 1744 ἐστὶν,

1593 1747 1782 1813 ὥσπερ
1831 1752 2001 1822 βοῦς,
2046 1748 2153 1819 τὴν
2199 1744 2257 1802 δ’
2299 1743 2444 1816 ὄψιν
2492 1742 2679 1827 σιμός

1593 1821 1704 1889 ἔχει
1743 1818 1805 1873 δὲ
1839 1820 1936 1874 καὶ
1972 1814 2351 1886 ἀστράγαλον,
2387 1812 2576 1883 ὥσπερ
2614 1835 2682 1868 τα

1594 1893 1800 1960 δίχηλα
1838 1889 1934 1943 καὶ
1978 1889 2388 1960 χαυλιόδοντας
2431 1882 2684 1954 ὖποφαι-
2720 1887 2735 1907 ’

1598 1962 1906 2029 νομὲνους,
1955 1960 2163 2026 κέρκον
2196 1956 2260 2011 δὲ
2296 1953 2426 2024 ὖὸς,
2478 1953 2683 2025 φωνὴν

1595 2029 1659 2084 δὲ
1692 2031 1906 2085 ἵππου·
1945 2030 2187 2096 μέγεθος
2215 2021 2270 2080 δ’
2301 2021 2454 2081 ἐστὶν
2482 2023 2684 2095 ἡλίκον

1593 2095 1761 2160 ὄνος·
1807 2100 1910 2151 τοῦ
1956 2096 2018 2152 δὲ
2056 2098 2335 2165 δέρματος
2381 2092 2445 2150 τὸ
2479 2091 2681 2163 πάχος,

1594 2164 1736 2222 ὥστε
1781 2164 1996 2231 δόρατα
2032 2169 2331 2221 ποιεῖσθαι
2377 2161 2433 2231 ἐξ
2481 2159 2681 2218 αὐτοῦ.

1597 2243 1665 2294 In
1700 2242 2079 2308 magnitudine
2113 2239 2361 2290 animalis
2389 2237 2685 2288 indicanda

1597 2312 1777 2361 ssif'i‘ssrss
1833 2310 2226 2373 q11=··=[l;'‡1111·11=·nl·;·
2274 2310 2338 2357 nh
2379 2308 2682 2367 Herodoto,

1601 2389 1717 2437 emi.
1777 2385 1865 2429 uhi
1917 2381 2106 2429 srrilrit.
2154 2381 2407 2441 μέγιεΐῖος
2441 2367 2583 2426 ὅσον
2625 2391 2684 2426 τε

1601 2453 1737 2513 [ἱ-ιῦς
1773 2441 1801 2501 ‹⁴:-
1837 2449 2122 2513 μὲῗιῡῐῠς.
2182 2453 2355 2509 magis
2391 2448 2460 2497 ad
2495 2459 2683 2496 verum

1597 2525 1894 2569 :tumvana-ism*
1941 2521 2110 2569 τῖ’-*ΜΗ
2154 2529 2360 2581 μήτι-ηπ,
2406 2518 2462 2567 in
2506 2533 2569 2567 oo
2605 2522 2685 2565 ta·

1598 2609 1717 2641 imm
1769 2593 1982 2653 lapsui-³,
2038 2593 2174 2653 qum!
2226 2587 2450 2637 sunniam
2496 2586 2687 2650 hippo-

1597 2661 1797 2725 potami
1841 2677 1953 2709 1:112ss
2010 2661 2200 2721 equina
2242 2661 2520 2721 mmparat
2561 2671 2687 2705 cau·

1601 2733 1689 2777 13:12
1745 2733 1793 2777 id
1833 2729 1974 2793 quaid
2014 2745 2042 2777 τι
2082 2745 2206 2777 vers·
2246 2726 2556 2793 li‘zugissssime
2594 2726 2687 2775 ab·

1601 2809 1697 2849 u-r-t.
1765 2801 1821 2845 lit
1861 2801 1978 2845 ulii-3
2022 2795 2685 2861 quibusdumaccuratius

1601 2873 1780 2917 :ff-'mlii
1821 2869 2094 2917 l'iimlorns
2142 2869 2194 2925 Ι,
2234 2869 2326 2917 ΣΗ.
2377 2866 2469 2931 qui
2513 2869 2684 2915 totam

1597 2941 1837 3005 1:211-Jm1'32-‘z
1881 2937 2070 2985 ΙΗΗῙτἿΠ-
2106 2953 2206 2985 ww
2238 2934 2551 2985 dissimilem
2582 2934 2687 2984 ele·

1601 3013 1801 3073 pli-*min
1857 3025 1974 3057 nur-[¹
2034 3009 2234 3069 μΤΠῐῊῒῖ
2294 3004 2503 3055 Plinius
2555 3020 2686 3054 vero

1601 3081 1773 3139 [Ηὶεῒ.
1813 3081 1941 3125 Hm.
1986 3077 2150 3135 UH,
2190 3077 2274 3125 233]-
2318 3076 2412 3137 IX,
2452 3076 2516 3125 12
2553 3076 2687 3135 etc.)

1599 3153 1654 3199 et
1700 3148 1793 3212 qui
1831 3162 1952 3196 eum
1999 3144 2175 3195 secuti
2225 3148 2378 3206 sunt,
2427 3149 2492 3194 ut
2527 3142 2687 3208 pluri-

1599 3232 1744 3267 mum
1759 3214 2148 3268 Aristoteleam
2171 3213 2592 3278 descriptionem
2604 3227 2692 3263 re-

1597 3290 1794 3352 petunt
1832 3300 2061 3349 eamque
2091 3282 2451 3347 amplificant.
2489 3283 2691 3332 utiure

1599 3354 1811 3405 mireris
1855 3353 2027 3404 multo
2067 3351 2380 3403 accuratius
2428 3350 2531 3402 hoc
2576 3352 2689 3400 aui-

1600 3426 1708 3475 mal
1746 3424 1816 3474 ab
1863 3423 2164 3473 artificibus
2213 3436 2526 3485 expressum
2563 3436 2690 3471 con-

1598 3495 1734 3560 spici
1788 3499 1902 3543 tum
1955 3494 2014 3542 in
2059 3491 2236 3541 numis
2295 3496 2410 3540 tum
2461 3491 2515 3539 in
2563 3489 2688 3539 aliis

1598 3563 1950 3627 antiquitatis
1975 3560 2361 3613 monumentis.
2417 3560 2523 3610 Est
2552 3574 2689 3608 unus

1599 3632 1837 3684 Achilles
1875 3631 2071 3682 Tatius
2109 3631 2203 3691 IV,
2243 3631 2301 3691 2,
2338 3630 2431 3695 qui
2470 3643 2692 3679 accura-

1598 3704 1744 3753 tiora
1772 3702 1989 3752 dedisse
2021 3697 2296 3766 putandus
2334 3704 2438 3749 est.
2512 3699 2592 3748 Ac
2625 3712 2691 3746 ne

1597 3788 1744 3822 nunc
1779 3771 1995 3836 quidem
2021 3771 2156 3820 satis
2188 3770 2413 3833 cognita
2437 3768 2573 3817 haec
2601 3767 2693 3817 be·
2774 3786 2781 3795 ·

1598 3841 1720 3904 lua,
1759 3855 1924 3906 quae,
1963 3841 2045 3890 uti
2081 3838 2218 3899 dixi,
2266 3839 2323 3887 in
2359 3837 2483 3902 ipsa
2519 3837 2696 3901 Aegy-

1601 3915 1695 3976 pto
1730 3926 1840 3959 non
1879 3908 2111 3973 amplius
2140 3906 2434 3971 reperitur,
2473 3906 2570 3956 sed
2607 3922 2694 3955 su-

1601 3996 1702 4045 pra
1724 3982 2064 4030 catarractas
2092 3980 2305 4027 tantum
2338 3977 2394 4025 in
2418 3976 2695 4026 interioris

1602 4049 1824 4100 Africae
1867 4047 2213 4112 regionibus.
2303 4046 2476 4103 Quam
2527 4044 2694 4110 vulgo

1602 4117 1830 4169 laudant
1862 4116 2180 4168 Schneideri
2214 4114 2284 4164 ad
2318 4116 2469 4166 Petri
2505 4114 2697 4165 Artedi

1604 4203 1889 4252 synonym.
1951 4188 2117 4250 piscc.
2187 4183 2420 4249 append.
2482 4199 2533 4248 p.
2593 4185 2695 4234 247

1604 4272 1754 4322 seqq.
1785 4255 2029 4321 (Lipsiae
2057 4252 2217 4318 1789)
2235 4292 2248 4317 ‚
2275 4254 2432 4304 doleo
2460 4254 2605 4303 huuc
2632 4252 2697 4301 li-

1602 4326 1756 4375 brum
1788 4325 1917 4376 mihi
1942 4342 2051 4376 non
2079 4330 2297 4388 praesto
2324 4323 2522 4381 fnisse:
2570 4326 2697 4384 post

1604 4394 1988 4446 Schneiderum
2029 4395 2098 4445 de
2132 4394 2215 4444 his
2251 4393 2440 4444 retulit
2477 4391 2692 4445 Guvier.
