3109 5092
1287 378 1538 440 CLIO.
1585 381 1635 441 I.
1680 391 1769 445 83.
1813 390 1904 445 84.

2590 382 2699 446 181

424 560 865 644 τριηκοσίων,
908 549 1328 644 Ὀθρυάδην,
1372 556 1861 646 αἰσχυνόμενον
1898 553 2333 629 ἀπονοστέειν
2367 555 2440 642 ,ἐς
2464 560 2703 654 Σπάρ-

426 687 583 747 την,
630 663 768 728 τῶν
808 662 878 726 οἱ
911 661 1359 745 συλλοχιτέων
1378 663 1962 787 διεφθαρμένων,
2009 658 2221 732 αὐτοῦ
2273 692 2390 752 μιν
2438 662 2514 736 ἐν
2547 672 2699 757 τῇσι

429 765 727 851 Θυρέῃσι
776 760 1322 887 καταχρήσασθαι
1362 763 1635 834 ἑωυτόν.
1734 764 2072 834 Τοιούτων
2123 766 2197 835 δὲ
2253 782 2421 836 τοῖσι
2461 778 2697 860 Σπαρ-
2714 780 2793 842 83

428 865 689 955 τιήτῃσι
717 862 1143 935 ἐνεστεώτων
1169 866 1614 956 πρηγμάτων,
1645 858 1766 956 ἧκε
1794 864 1829 938 ὁ
1863 867 2247 959 Σαρδιηνὸς
2274 876 2515 960 κῆρυξ,
2548 874 2697 944 δεό-

428 997 628 1057 μενος
662 976 936 1061 Κροίσῳ
978 971 1298 1060 βοηθέειν
1338 974 1897 1064 πολιορκεομένῳ.
1969 978 2039 1041 οἱ
2076 969 2231 1042 δὲ”
2192 1002 2403 1062 ομως,
2441 973 2596 1047 ἐπεί
2632 1005 2704 1047 τε

430 1070 769 1143 ἐπύθοντο
796 1078 919 1141 τοῦ
961 1072 1286 1163 κήρυκος,
1325 1069 1609 1163 ὁρμέατο
1651 1078 1993 1164 βοηθέειν.
2052 1083 2172 1146 καί
2191 1099 2312 1166 σφι
2339 1075 2467 1169 ἤδη
2496 1108 2702 1169 παρε-

428 1180 973 1263 σκευασμένοισι,
1015 1179 1129 1246 καὶ
1173 1182 1351 1247 νεῶν
1389 1175 1686 1249 ἐουσέων
1725 1183 2037 1268 ἑτοίμων,
2089 1171 2263 1269 ἦλθε
2303 1180 2471 1274 ἄλλη
2500 1182 2700 1272 ἄγγε-

430 1288 573 1370 λίη,
629 1308 719 1360 ως
770 1275 1013 1369 ἡλώκοι
1062 1278 1137 1351 τὸ
1196 1296 1410 1370 τεῖχος
1461 1310 1612 1352 των
1638 1287 1926 1368 Λυδων,
1990 1284 2101 1354 καὶ
2155 1291 2369 1373 ἔχοιτο
2415 1294 2705 1377 Κροῖσος

427 1391 817 1473 ζωγρηθείς.
890 1379 1065 1454 οὕτω
1098 1381 1182 1473 δὴ
1224 1375 1409 1456 οὗτοι
1447 1386 1605 1475 μὲν,
1646 1383 2005 1477 συμφορὴν
2034 1389 2468 1478 ποιησάμενοι
2494 1390 2699 1480 μεγά-

428 1498 583 1576 λην,
614 1485 1013 1558 ἐπέπαυντο.

580 1589 875 1679 Σαρδιες
912 1590 986 1661 δὲ
1025 1586 1297 1681 ηλωσαν
1338 1582 1491 1661 ωδε.
1562 1588 1797 1683 ἐπειδὴ
1838 1596 2516 1690 τεσσερεσκαιδεκάτη
2560 1597 2703 1689 ἒγέ-
2722 1614 2799 1676 84

423 1723 578 1765 νετο
600 1690 812 1784 ἡμέρη
835 1697 1368 1788 πολιορκεομένῳ
1396 1702 1667 1789 Κροίσῳ
1684 1748 1701 1782 ,
1741 1701 1969 1782 Κῦρος
1995 1701 2079 1784 τῇ
2102 1706 2380 1789 στρατιῇ
2417 1709 2498 1793 τῇ
2527 1705 2696 1774 ἑωυ-

423 1805 584 1885 τοῦ,
644 1801 1024 1886 διαπέμψας
1069 1801 1339 1881 ἱππέας,
1394 1815 1708 1887 προεῖπε,
1764 1804 1855 1892 τῷ
1908 1797 2154 1893 πρώτῳ
2210 1798 2517 1891 ἐπιβάντι
2581 1815 2704 1878 τοῦ

421 1967 583 2017 huius
637 1966 811 2031 ipsius
865 1954 1210 2049 Othryadae,
1276 1983 1311 2016 a
1366 1968 1514 2017 Peri·

422 2036 512 2087 lao
547 2035 827 2087 Alcenoris
864 2030 1046 2100 (isti'us
1087 2038 1311 2103 Argivi,
1362 2038 1454 2102 qui
1483 2053 1513 2087 e

423 2122 608 2172 pugna
654 2106 840 2157 salvus
878 2108 1152 2169 evaserat)
1198 2107 1311 2157 filio
1347 2107 1513 2156 inter-

426 2177 576 2227 fecti.
656 2175 949 2226 Muellerus
1001 2176 1156 2237 (Dor.
1211 2177 1254 2227 1.
1306 2194 1356 2241 p.
1412 2176 1514 2227 158

424 2251 540 2298 not.
567 2246 620 2312 5)
647 2248 703 2295 in
726 2246 829 2296 hac
859 2246 1169 2297 Pausaniae
1202 2246 1515 2296 narratione

423 2315 645 2437 {abuillae
679 2317 1032 2367 continuatae
1058 2317 1298 2381 vestigia
1329 2316 1513 2381 depre-

462 2400 527 2436 en
571 2389 630 2437 ·t.

495 2504 611 2557 τῶν
648 2500 709 2556 οἴ
751 2503 1121 2570 συλλοχιτέων
1156 2500 1512 2569 διεφθαρμέ-

426 2575 570 2643 νων]
614 2572 932 2656 συλλοχιταὶ
979 2581 1107 2625 sunt
1141 2575 1234 2639 qui
1279 2575 1347 2625 ad
1385 2590 1512 2625 eun-

425 2648 545 2698 dem
580 2639 752 2711 λόχον
786 2646 1077 2710 pertinent.
1154 2645 1393 2706 Quorum
1429 2646 1513 2695 in-

424 2718 620 2768 teritus
669 2732 733 2766 eo
777 2716 997 2781 gravior
1049 2713 1222 2765 videri
1277 2714 1513 2764 debebat

425 2786 769 2852 Othryadae,
819 2801 982 2850 quum
1027 2781 1183 2848 λόχοι
1218 2785 1515 2849 Spartano-

423 2874 542 2908 rum
597 2873 705 2906 non
758 2856 918 2905 unice
977 2853 1046 2904 ad
1104 2853 1305 2904 bellum
1352 2854 1514 2919 perti-

424 2929 612 2978 nuisse
644 2926 960 2988 videantur,
1016 2940 1202 2974 verum
1243 2925 1407 2974 etiam
1443 2924 1514 2974 ad

422 2999 593 3048 vitam
637 2996 935 3061 privatam,
989 2998 1051 3045 ut
1087 2994 1180 3060 qui
1222 2994 1279 3043 in
1323 2994 1513 3044 eadem

425 3069 546 3118 acie
579 3064 741 3117 simul
775 3069 1109 3130 pugnarent,
1166 3064 1331 3113 etiam
1369 3065 1514 3114 domi

426 3137 651 3188 arctiori
710 3134 930 3185 vinculo
1002 3134 1280 3184 coniuncti
1350 3132 1514 3183 simul

426 3208 649 3258 ederent
683 3221 749 3255 ac
777 3206 1043 3255 viverent.
1100 3203 1259 3254 Conf.
1285 3202 1513 3253 eundem

424 3276 742 3327 Muellerum
778 3275 914 3325 Dor.
948 3274 1025 3324 11.
1063 3290 1118 3338 p.
1157 3272 1258 3324 337
1296 3288 1410 3338 seq.
1461 3277 1515 3323 et

428 3362 594 3412 supra
630 3345 702 3395 ad
734 3342 999 3394 Herodot.
1040 3344 1087 3407 1,
1126 3343 1212 3394 65.

496 3455 679 3515 αὐτοῦ
713 3479 813 3527 μιν
856 3453 917 3511 ἕν
959 3459 1091 3543 τῇσι
1129 3457 1377 3526 Θυρέῃσι
1416 3477 1515 3511 κα-

423 3527 823 3599 ταχρήσασθαι
845 3521 1083 3597 ἑωυτόν]
1115 3534 1198 3583 De
1218 3528 1401 3581 αὐτοῦ
1423 3533 1516 3582 ad-

425 3605 642 3666 verbio,
681 3603 825 3668 quod
848 3602 1087 3666 ponitur,
1125 3603 1374 3667 quamvis
1398 3603 1516 3667 ipse

425 3673 580 3725 locus
615 3678 741 3738 post
771 3671 1065 3733 indicetur,
1106 3672 1176 3722 ad
1212 3672 1514 3723 orationem

427 3745 733 3810 aagendam
753 3742 944 3808 opinor
965 3747 1019 3792 et
1038 3740 1375 3804 firmandam,
1402 3742 1516 3791 dixi

426 3815 498 3866 ad
532 3812 725 3879 Pyrrh.
761 3828 888 3878 pag.
919 3811 1018 3864 144
1043 3826 1154 3876 seq.
1226 3811 1515 3862 Caeterum

437 3884 683 3950 Thyn-am
721 3883 830 3934 dici
866 3885 920 3931 et
947 3881 1180 3947 Thyreae
1214 3881 1350 3931 satis
1390 3897 1517 3932 con-

427 3958 571 4015 stat,
615 3966 944 4018 quamquam
990 3952 1244 4017 frequens
1298 3951 1355 4000 in
1409 3950 1514 4001 hac

426 4039 564 4074 voce
586 4022 837 4073 lectionis
859 4021 1101 4072 varietas
1124 4021 1369 4085 adeoque
1392 4037 1518 4071 con-

430 4093 594 4144 fusio.
669 4092 828 4142 Conf.
856 4091 1063 4142 Duker.
1106 4091 1177 4141 ad
1208 4090 1515 4155 Thucydid.

430 4164 534 4225 IV,
578 4162 645 4212 56
690 4161 939 4226 aliosque
987 4161 1133 4210 viros
1173 4159 1363 4210 doctos
1397 4160 1517 4210 lau-

432 4233 593 4283 datos
634 4247 669 4280 a
716 4229 981 4281 Muellero
1036 4231 1094 4279 in
1140 4230 1413 4295 Aeginett.
1461 4246 1515 4295 p.

430 4301 502 4354 46
535 4306 651 4352 not.
672 4300 725 4351 9.
753 4331 819 4341 --
853 4296 1218 4379 καταχρῶμαι
1237 4299 1518 4349 Herodoto

430 4386 580 4433 esse,
612 4371 755 4450 quod
784 4360 1014 4433 φονεύω
1039 4368 1191 4430 aliis,
1231 4374 1327 4419 aut
1354 4369 1518 4419 etiam

430 4438 781 4506 διαχρωμαι,
818 4443 978 4491 notat
998 4437 1105 4489 hoc
1138 4454 1205 4489 ex
1230 4437 1353 4491 loco
1377 4437 1520 4489 Tho·

1615 1982 1732 2017 mas
1759 1966 1910 2031 Mag.
1947 1982 2074 2031 pag.
2101 1968 2221 2016 224.
2291 1968 2418 2021 Vid.
2437 1971 2702 2028 Herodot.

1616 2038 1662 2099 Ι,
1711 2037 1822 2087 117.
1869 2036 1977 2098 111,
2016 2035 2100 2087 36.
2144 2037 2239 2101 IV,
2281 2038 2400 2090 146.

1918 2155 2049 2206 Cn.
2086 2158 2398 2211 LXXXIII.

1681 2251 1923 2325 ὁρμέατο
1950 2255 2246 2328 βοηθέειν]
2283 2252 2525 2327 ὁρμέατο
2559 2267 2705 2332 plus-

1615 2330 2106 2395 quamperfectum,
2141 2338 2204 2382 ut
2240 2332 2401 2398 paulo
2435 2342 2560 2400 post
2584 2328 2706 2387 ἔπε’-

1615 2415 1733 2449 παυ
1738 2415 1836 2449 ντο
1867 2416 1964 2464 pro
1999 2401 2316 2466 imperfecto
2353 2405 2483 2468 poni
2529 2407 2704 2458 videri

1616 2487 1681 2521 ex
1719 2471 1987 2520 Herodoti
2023 2486 2152 2533 usu,
2201 2473 2459 2523 observat
2502 2476 2700 2528 Matth.

1617 2545 1668 2603 ξ.
1696 2542 1815 2601 505,
1845 2539 1940 2590 IV.
1978 2556 2104 2605 pag.
2131 2509 2251 2592 959.
2259 2559 2535 2623 ,quocum
2555 2548 2700 2599 conf.

1614 2609 1848 2659 Bredov,
1885 2625 1937 2673 p.
1974 2609 2093 2660 320.
2124 2610 2245 2661 330.
2316 2614 2424 2663 Pro
2462 2603 2703 2679 ὁρμέατο

1615 2679 1857 2729 Dindorf
1889 2683 1943 2728 et
1979 2679 2202 2730 Dietsch
2239 2670 2521 2744 ὦρμέατο,
2558 2685 2703 2748 quod

1617 2747 1852 2799 Bredov.
1888 2764 1942 2811 p.
1983 2748 2103 2798 309.
2133 2748 2235 2799 330
2262 2756 2316 2798 et
2352 2749 2403 2800 h.
2428 2750 2463 2802 l.
2489 2757 2543 2801 et
2558 2701 2701 2804 qaliis

1619 2817 1689 2883 (Ι,
1726 2817 1840 2868 158.
1879 2818 1945 2880 V,
1988 2817 2106 2869 121.
2141 2819 2407 2880 V111,35.
2444 2822 2541 2884 IX,
2580 2822 2705 2885 102)

1615 2886 1980 2953 reponendum
2016 2903 2135 2938 esse
2167 2889 2444 2940 existimat
2478 2891 2566 2942 vel
2591 2893 2706 2943 nul-

1615 2959 1683 3008 lis
1731 2957 1883 3007 libris
1942 2957 2339 3010 addicentibus.
2421 2962 2529 3011 Pro
2582 2952 2707 3012 ἐπέ-

1615 3042 1836 3078 παυντο
1863 3027 2408 3093 Schweighaeuserus
2438 3031 2706 3083 maluerat

1616 3088 1957 3148 ἐπεπαύατο.
2027 3100 2112 3149 De
2157 3100 2279 3164 ipsa
2320 3101 2496 3151 forma
2541 3108 2596 3152 et
2645 3103 2699 3152 h.

1616 3168 1654 3218 l.
1706 3171 1761 3216 et
1808 3182 1929 3232 cap.
1976 3167 2046 3218 84
2098 3165 2524 3236 (πεπαυμένων)
2586 3172 2699 3221 vid.

1616 3236 1850 3289 Bredov.
1875 3253 1928 3302 p.
1960 3238 2082 3289 344.
2144 3239 2334 3304 Neque
2362 3241 2503 3290 enim
2529 3240 2704 3291 forma

1616 3302 1964 3371 πέπαυσμαι,
1990 3307 2085 3356 sed
2112 3306 2402 3389 πέπαυμαι
2421 3311 2703 3361 Herodoto

1614 3377 1842 3427 usitata.
1916 3377 2120 3426 Vocem
2166 3367 2392 3441 ἑτοῖμος
2433 3380 2705 3429 communi

1616 3461 1815 3511 genere
1849 3446 1917 3495 ab
1949 3445 2230 3496 Herodoto
2265 3446 2510 3497 adhiberi
2562 3448 2703 3497 idem

1615 3516 1851 3566 Bredov.
1899 3531 1952 3579 p.
2007 3515 2108 3564 273
2168 3530 2234 3564 ex
2284 3514 2341 3563 h.
2378 3515 2418 3566 l.
2476 3520 2530 3565 et
2578 3515 2704 3566 aliis

1618 3584 1756 3647 (111,
1794 3586 1881 3633 44.
1937 3584 2013 3645 V,
2050 3581 2140 3648 33)
2195 3583 2477 3647 observat,
2531 3601 2705 3650 neque

1615 3658 1799 3703 tamen
1828 3655 2169 3715 constanter,
2207 3669 2330 3702 cum
2354 3654 2704 3707 foemininum

1616 3726 1869 3773 occurrat
1904 3722 2016 3785 111,
2062 3722 2176 3774 123.
2214 3724 2340 3786 VII,
2384 3725 2498 3776 110.

1923 3844 2056 3894 Cu.
2093 3844 2395 3896 LXXXIV.

1688 3939 1933 4029 Σάρδιες
1961 3941 2025 3997 δὲ
2047 3937 2274 4014 ἥλωσαν
2294 3934 2428 4016 ὦδε]
2453 3950 2707 4001 Formam

1622 4011 1869 4083 Σάρδιες
1913 4016 2031 4083 (pro
2047 3965 2362 4082 ηΣάρδεις)
2399 4021 2558 4071 unice
2619 4038 2707 4071 ve

1620 4106 1737 4140 ram
1771 4088 2023 4154 probant,
2060 4104 2202 4154 quae
2237 4089 2473 4141 Bredov.
2511 4108 2563 4156 p.
2604 4091 2707 4143 266

1571 4208 1580 4219 ,
1622 4158 1826 4210 attulit.
1911 4158 1997 4208 Ad
2049 4159 2278 4209 formam
2326 4174 2709 4226 τεσσερεσκαι-

1622 4220 1830 4307 δεκάτη
1879 4229 1951 4279 cf.
1995 4229 2223 4279 eundem
2259 4246 2313 4294 p.
2352 4231 2483 4293 279,
2536 4235 2591 4280 et
2636 4230 2708 4279 ad

1616 4289 1845 4364 ἥλωσαν
1891 4315 1945 4363 p.
1986 4298 2108 4350 312.
2189 4298 2345 4348 Infra
2380 4302 2435 4364 1,
2470 4269 2545 4351 ’86
2587 4310 2709 4348 τεσ-

1625 4366 2040 4447 σερεσκαίδεκα.

1692 4435 1771 4505 τῷ
1809 4428 2015 4505 πρώτῳ
2053 4428 2310 4503 ἐπιβάντι
2346 4433 2453 4485 τοῦ
2475 4434 2708 4503 τείχεος]
