3109 5092
468 380 589 443 196
1323 375 1863 438 HERODO'PI

465 552 946 642 ’ἀπαιρεόμενος
1002 548 1082 619 τὰ
1130 550 1461 640 χρήματα·
1531 552 1644 619 καὶ
1699 551 1941 619 ἐκεῖνοι
1961 601 1978 634 ,
2027 549 2435 636 συγγνόντες
2486 549 2739 616 ποιεέιν

373 665 455 726 90
469 680 544 726 σε
574 664 832 740 δίκαια,
862 652 1125 733 ἑκόντες
1152 653 1526 742 ποιήσουσι.
1612 659 1832 722 Ταῦτα
1860 650 2128 722 ἀκούων
2166 648 2201 720 ὅ
2232 656 2456 739 Κῦρος
2483 644 2734 737 ὑπερή-

471 768 657 842 δετο,
703 757 791 839 ὥς
817 764 885 827 οἱ
921 756 1150 826 ἐδόκεε
1180 749 1258 826 εὖ
1299 753 1777 826 ὑποτίθεσθαι.
1833 758 2103 834 αἰνέσας
2131 755 2207 824 δὲ
2245 752 2456 824 πολλὰ
2484 755 2595 822 καὶ
2623 755 2733 821 ἐν·

466 863 852 952 τειλάμενος
890 876 1059 929 τοῖσι
1103 859 1575 949 δορυφόροισι,
1628 858 1708 926 τὰ
1746 867 2033 946 Κροῖσος
2071 853 2464 946 ὑπεθήκατο
2517 859 2733 925 ἐπιτε-

467 969 702 1050 λεέιν,
738 964 884 1035 εἷπε
937 960 1100 1051 πρὸς
1154 972 1451 1051 Κροῖσον
1506 962 1700 1030 ταὸε·
1767 969 2051 1049 Κροῖσε,
2100 959 2565 1049 ἀναρτημένου
2616 963 2738 1027 σεῦ

465 1067 714 1158 ἀνδρὸς
751 1069 1059 1155 βασιλέος
1095 1065 1343 1154 χρηστα
1386 1071 1548 1151 ἔργα
1592 1065 1703 1132 καὶ
1752 1070 1911 1134 ἔπεα
1952 1067 2240 1146 ποιέειν,
2299 1066 2479 1132 αἰτέο
2523 1061 2737 1142 δόσιν,

467 1172 592 1261 τήν
618 1199 768 1241 τινα
794 1171 1077 1257 βούλεαί
1095 1196 1196 1239 τοι
1236 1170 1559 1256 γενέσθαι
1590 1175 1990 1254 παραυτίκα.
2063 1163 2135 1235 Ο
2171 1166 2244 1235 δὲ
2281 1166 2459 1235 εἶπε·
2503 1156 2585 1233 Ὦ
2625 1167 2734 1232 δέ-

455 1283 713 1358 σποτα,
759 1272 955 1351 ἐάσας
980 1297 1063 1359 με
1105 1288 1328 1360 χαριεῖ
1349 1270 1634 1358 μαλιστα
1674 1269 1792 1340 τὸν
1834 1268 2002 1340 θεὸν
2040 1275 2177 1338 τῶν
2209 1265 2577 1359 Ελλήνων,
2621 1264 2741 1335 τὸν

469 1382 745 1465 ἐτίμησα
788 1372 919 1462 ἐγώ
947 1378 1135 1444 θεων
1158 1374 1474 1463 μάλιστα,
1521 1376 1947 1460 ἐπείρεσθαι,
1990 1375 2342 1460 πέμψαντα
2381 1371 2583 1441 τασδε
2625 1396 2740 1447 τας

469 1482 708 1560 πέδας,
759 1483 821 1545 εἰ
861 1480 1194 1558 ἐξαπατᾶν
1230 1505 1386 1557 τους
1426 1467 1503 1544 εὖ
1545 1482 1901 1555 ποιεῦντας
1937 1474 2136 1564 νόμος
2179 1481 2316 1543 ἔστι
2358 1479 2441 1543 οἱ.
2515 1478 2741 1559 Κῦρος

470 1581 544 1649 δὲ
575 1590 825 1668 εἴρετο,
871 1577 909 1648 ὅ
936 1607 998 1646 τι
1039 1584 1109 1648 οἱ
1132 1585 1329 1649 τοῦτο
1358 1579 1794 1669 ἐπηγορεύων
1822 1582 2265 1669 παραιτέοιτο.
2349 1585 2637 1664 Κροῖσος
2665 1577 2746 1643 δέ

466 1770 1122 1844 ἰιιιροτιιιίνί(λεγόντων)
1148 1780 1291 1829 conf.
1320 1780 1553 1831 Bredov.

467 1867 521 1914 p.
562 1851 683 1910 337,
718 1850 810 1913 qui
849 1848 988 1897 tales
1024 1849 1375 1912 imperativus
1410 1849 1554 1914 apud

467 1919 804 1969 Herodotum
842 1918 1031 1967 obvios
1068 1918 1309 1983 collegit.

865 2090 997 2140 Cu.
1034 2091 1149 2141 XC.

540 2206 619 2248 ως
666 2185 726 2240 οἱ
769 2184 959 2242 ἐδόκεε
1014 2180 1077 2242 εὖ
1125 2183 1554 2254 ὑποτίθεσθαι]

468 2276 615 2322 „omn
664 2262 790 2311 haec
835 2268 885 2312 ei
932 2263 1057 2311 bene
1101 2264 1283 2311 monita
1321 2261 1556 2310 videren-

467 2329 592 2378 tur!
599 2329 735 2380 ‘De
771 2320 1164 2379 ὑποτίθεσθαι
1213 2330 1360 2380 conf.
1397 2330 1469 2379 ad
1506 2328 1554 2390 Ι,

537 2459 932 2533 ἀναρτημένου
989 2466 1088 2517 σεῦ
1143 2457 1357 2527 ἀνδρὸς
1400 2462 1559 2530 βασι-

468 2534 596 2594 λέος
630 2552 682 2588 κ.
731 2554 779 2586 τ.
827 2536 898 2604 λ.]
944 2529 1340 2602 αναρτημένου
1375 2535 1556 2600 negle-

469 2610 557 2657 cto
598 2613 887 2670 augmento
913 2607 1160 2657 meliores
1188 2605 1330 2668 libri,
1358 2606 1559 2670 quippe

470 2678 645 2740 magis
683 2678 876 2727 Ionum
924 2692 954 2726 e
1004 2643 1417 2727 consuetudine.
1475 2676 1556 2724 Ac

469 2747 664 2810 probat
695 2746 929 2797 Bredov,
969 2762 1024 2810 p.
1062 2744 1184 2796 292.
1242 2744 1352 2795 Alii
1381 2734 1555 2819 ἀνηρ-

470 2812 1260 2947 Ξᾎῖῗνέἒροῖἓξῗ““ἀὶἒῖ,ἱῗῖ
1301 2804 1556 2939 gazzi:

467 2953 744 3002 instituere.
794 2952 952 3001 Conf.
999 2952 1095 3013 vl,
1142 2951 1228 3000 88.
1287 2951 1419 3012 VII,
1468 2951 1553 3010 8.;

471 3020 538 3069 de
588 3024 866 3069 structura
926 3018 1074 3083 (nam
1135 3018 1558 3098 exspectandum

470 3092 617 3138 certe
637 3092 780 3137 erat:
809 3078 1241 3151 ἆναρτημένος
1281 3080 1361 3136 σὺ
1396 3079 1555 3150 ἀνὴρ

470 3149 751 3216 βασιλεὺς
787 3185 855 3194 —
891 3151 1098 3215 αἰτέο)
1150 3162 1450 3220 provocant
1486 3155 1558 3207 ad

469 3225 699 3275 similem
736 3224 912 3275 locum
951 3225 1008 3286 Ι,
1047 3224 1107 3286 3,
1144 3226 1238 3275 ubi
1265 3227 1429 3275 etiam
1466 3243 1556 3291 ge-

467 3296 672 3344 nitivus
708 3294 1132 3376 consequentiae
1158 3293 1258 3344 hoc
1285 3295 1442 3346 modo
1470 3312 1558 3345 oc-

470 3365 662 3414 currit:
701 3356 837 3420 τούς
864 3359 928 3412 δὲ
964 3361 1400 3428 προϊσχομένων
1423 3362 1555 3415 ταῦ-

463 3449 554 3497 τα,
603 3431 917 3498 προφέρειν
963 3445 1064 3495 σφι
1109 3447 1161 3480 κ.
1215 3447 1262 3481 τ.
1311 3431 1390 3494 λ.;
1430 3449 1555 3483 nam

469 3508 689 3568 propter
722 3502 826 3551 hoc
860 3502 1038 3566 ipsum
1074 3513 1174 3564 σφι
1201 3505 1560 3566 exspectabas

471 3568 929 3636 προϊσχομένοις.
981 3570 1088 3621 Sed
1134 3570 1248 3620 vid.
1297 3572 1374 3622 ibi
1412 3578 1553 3622 nott.

467 3641 638 3691 ——In
674 3656 826 3705 seqq.
863 3655 1054 3689 vocem
1100 3631 1248 3722 ἀνὴρ
1291 3657 1399 3691 non
1437 3643 1558 3692 sine

468 3710 694 3760 consilio
757 3708 1028 3759 adiectum
1125 3708 1268 3758 nivis
1338 3712 1558 3762 sentiet.

469 3779 553 3827 Ad
590 3778 759 3827 verba
793 3773 926 3842 ἔργα
959 3772 1057 3826 καὶ
1123 3792 1233 3826 πεα
1268 3782 1459 3829 ποιεῖν
1480 3780 1553 3831 cf.

470 3861 612 3910 quae
649 3845 848 3895 similia
880 3846 1071 3895 attulit
1106 3846 1329 3897 Lobeck
1366 3849 1435 3898 ad
1461 3851 1558 3900 So-

470 3913 650 3977 phocl.
690 3913 846 3963 Aiac
877 3929 937 3986 p.
976 3915 1099 3966 430.

537 3977 732 4029 αἰτέο
770 3973 960 4046 δόσιν]
1008 3977 1163 4031 αἰτέο
1199 3989 1283 4033 est
1331 3985 1556 4048 impera-

465 4049 568 4098 tivi
605 4050 778 4099 forma
825 4065 923 4113 pro
967 4044 1169 4106 αἰτέεο,
1217 4068 1338 4102 cum
1382 4054 1554 4104 Hero-

469 4118 629 4167 dotus
669 4118 726 4166 in
760 4118 964 4167 talibus
1001 4118 1107 4167 duo
1145 4133 1198 4167 εε
1232 4127 1359 4170 ante
1394 4138 1554 4172 voca-

467 4185 573 4236 lem
608 4189 642 4233 6
679 4200 878 4250 ponere
912 4186 1057 4236 haud
1079 4187 1272 4249 soleat,
1309 4195 1371 4238 ut
1407 4207 1552 4241 mon-

468 4255 667 4305 stravit
703 4254 938 4305 Bredov,
988 4271 1040 4319 p.
1094 4254 1215 4307 375.
1275 4256 1421 4308 Male
1457 4275 1550 4309 au-

468 4327 577 4373 tem
615 4326 779 4373 antea
826 4323 1140 4374 scribebant
1185 4323 1410 4389 αἰτεο,
1461 4342 1549 4379 ac-

466 4395 628 4444 centu
658 4396 915 4443 retracto.
964 4383 1070 4457 τήν
1110 4408 1238 4444 τινα
1283 4391 1429 4447 haud
1460 4412 1547 4448 ca-

1657 1795 1775 1828 rere
1810 1779 2026 1829 videtur
2071 1778 2409 1855 suspicione,
2451 1790 2573 1825 cum
2614 1788 2742 1823 uus—

1658 1850 1802 1913 piam
1847 1849 1926 1898 ita
1972 1848 2171 1897 dixerit
2211 1863 2308 1911 pro
2354 1836 2586 1923 ἥντινα,
2639 1859 2739 1892 nec

1656 1932 1895 1982 unquam
1949 1931 2245 1981 pronomen
2292 1915 2396 1965 hoc
2457 1902 2657 1977 (οστις)
2706 1927 2741 1961 a

1657 1991 1992 2036 consonante
2037 2001 2068 2034 τ
2105 1985 2435 2035 exordiatur.
2498 1984 2740 2046 Quapro-

1654 2059 1777 2120 pter
1813 2056 2008 2105 Struve
2035 2056 2261 2116 Quaest.
2288 2051 2551 2103 Herodot.
2580 2051 2736 2129 Spec.

1655 2126 1703 2175 Ι.
1762 2141 1817 2188 p.
1866 2125 1935 2174 48
1977 2122 2103 2175 coll.
2146 2123 2215 2174 4ss
2260 2123 2426 2172 scribi
2469 2121 2620 2171 iubet
2665 2109 2740 2183 ἥν

1655 2208 1808 2255 τινα,
1871 2209 1905 2243 a
1961 2197 2190 2242 recentt.
2259 2192 2383 2243 edd.
2444 2195 2737 2255 receptum.

1657 2262 1815 2312 Cous.
1873 2262 1919 2324 1,
1966 2262 2054 2311 98.
2099 2262 2223 2312 Bini
2278 2262 2438 2311 modo
2482 2260 2606 2309 libri
2649 2258 2741 2307 hic

1658 2331 1918 2382 omittunt
1949 2324 2071 2395 τήν.
2109 2362 2179 2369 -
2216 2331 2280 2380 ln
2318 2331 2560 2395 proxime
2587 2343 2740 2409 seqq.

1656 2402 1844 2466 χαριεῖ
1887 2415 2007 2450 cum
2055 2405 2283 2450 recentt.
2332 2399 2452 2449 odd.
2502 2396 2743 2461 reposui-

1658 2484 1795 2529 mus,
1809 2469 2189 2519 addicentibus
2218 2469 2463 2518 Mediceo
2484 2473 2538 2517 et
2562 2464 2744 2516 Schel-

1656 2538 2035 2589 lershemianO.
2074 2539 2254 2588 Minus
2283 2539 2416 2588 bene
2447 2536 2543 2586 alil
2577 2535 2741 2599 vulgo

1657 2622 1764 2725 za}
1778 2605 1876 2740 :pn
1899 2608 1996 2740 {Pal
2007 2608 2149 2739 ρνέῗ)
2170 2603 2739 2756 οξινθᾶοιῖαρῐαιὲέῖιῗτο]

1657 2745 2205 2796 Schellershemianus
2243 2735 2630 2808 ὖπηγορεύων.
2669 2741 2744 2790 U-

1657 2820 1932 2879 trumque,
1982 2815 2126 2878 quod
2179 2814 2249 2864 ad
2294 2815 2616 2879 scripturam
2663 2816 2744 2860 at-

1657 2884 1812 2946 tinet,
1864 2884 2137 2947 improbat
2181 2884 2423 2934 Lobeck.
2462 2883 2533 2933 ad
2574 2880 2746 2944 Phry-

1656 2952 1799 3004 nich.
1840 2969 1895 3018 p.
1933 2954 2053 3012 702,
2090 2954 2147 3002 in
2183 2953 2380 3018 longae
2416 2951 2622 3002 vocalis
2661 2947 2742 3014 (η)

1657 3021 1835 3071 locum
1872 3022 2308 3072 substituendam
2343 3023 2561 3072 brevem
2589 3034 2743 3084 prae·

1658 3091 1882 3155 cipiens‚
1923 3106 2042 3142 cum
2076 3092 2170 3140 illa
2204 3092 2259 3140 in
2300 3091 2367 3139 iis
2404 3095 2619 3141 tantum
2654 3103 2745 3137 ne-

1659 3160 1897 3210 cessario
1935 3160 2203 3210 servanda
2237 3161 2327 3221 sit,
2367 3175 2505 3225 quae
2538 3159 2744 3224 thema-

1658 3229 1783 3277 ticis
1807 3229 2067 3292 perfectis
2096 3229 2402 3280 affinitate'
2388 3244 2588 3278 innexa
2611 3228 2741 3276 sint.

1659 3297 1803 3347 Hinc
1844 3290 2208 3363 ἐπαγορεύων
2252 3299 2455 3349 rectius
2500 3314 2565 3348 ex
2598 3297 2744 3345 illius

1657 3365 1764 3414 viri
1811 3367 2081 3417 sententia
2133 3367 2236 3416 hoc
2280 3366 2401 3417 loco
2456 3366 2743 3425 scribetur,

1659 3434 1823 3499 idque
1867 3436 2041 3504 ipsum
2088 3435 2293 3499 recepit
2335 3436 2599 3496 Diudorf,
2650 3436 2745 3483 im-

1658 3504 1926 3567 probante
1948 3504 2182 3556 Bredov.
2218 3521 2273 3569 p.
2301 3505 2388 3567 81,
2428 3506 2519 3571 qui
2554 3503 2744 3569 reponi

1657 3573 1810 3622 iubet
1856 3565 2244 3637 ἕπηγορεύων,
2294 3573 2743 3640 quemadmodum

1659 3656 1803 3691 nunc
1837 3642 2008 3691 edidit
2044 3641 2289 3693 Dietsch.

1729 3710 1980 3771 Κροῖσος
2030 3707 2095 3759 δέ
2141 3704 2202 3760 οἰ
2255 3701 2745 3792 ἐπανηλόγησε

1657 3776 1849 3827 πᾶσαν
1898 3772 2003 3856 την
2047 3771 2262 3828 ἑωυτοῦ
2305 3772 2596 3843 διάνοιαν]
2636 3781 2744 3829 Pro

1658 3838 2077 3913 ἕπανηλόγησε,
2153 3848 2297 3913 quod
2370 3863 2553 3898 omnes
2619 3847 2746 3898 libri

1658 3917 1938 3980 praebent,
1971 3918 2073 3967 viri
2095 3917 2242 3969 docti
2266 3917 2602 3982 Leopardus,
2618 3916 2746 3966 Val-

1658 3984 1973 4049 ckenarius,
2014 3985 2408 4064 Wesselingius
2456 3987 2621 4037 scribi
2667 3987 2747 4036 iu-

1660 4055 1791 4104 bent
1836 4024 2233 4119 ἐπαλιλλόγησε
2285 4055 2352 4120 (i.
2411 4071 2458 4106 e.
2520 4057 2739 4119 repetiit,

1656 4124 1926 4189 eademqne
1969 4126 2085 4187 ipsa
2122 4127 2385 4189 exposuit,
2422 4140 2564 4190 quae
2599 4125 2743 4175 scili-

1655 4196 1742 4241 cet
1782 4194 1825 4252 1,
1865 4191 1930 4244 37
1978 4208 2143 4257 supra
2181 4194 2429 4259 exposita
2462 4192 2740 4259 leguntur)

1653 4276 1683 4309 e
1719 4260 1928 4313 Polluc.
1979 4263 2318 4312 Onomastic.
2361 4262 2447 4325 11,
2490 4263 2612 4324 120,
2648 4262 2743 4312 ubi

1649 4333 1835 4380 tamen
1868 4329 1995 4380 libri
2056 4345 2221 4380 manu
2264 4331 2454 4394 scripti
2498 4329 2744 4381 nonnihil

1648 4398 2125 4464 variant.⁸·Atque
2161 4399 2307 4464 apud
2352 4400 2530 4465 ipsum
2572 4400 2743 4450 Hero·
