3109 5092
511 317 634 380 800
1368 321 1919 386 HERODOTI

512 492 712 562 εόντι.
798 490 1197 583 ἀποπέμψας
1240 492 1367 584 γὰρ
1407 496 1787 586 στράτευμα
1831 493 1867 565 ὁ
1902 495 2177 587 Ἀπρίης
2219 500 2329 567 ε’πὶ
2357 505 2820 586 Κυρηναίους

508 599 886 684 μεγαλωστὶ
925 601 1389 688 προσέπταισε.
1475 599 1838 688 Αἰγύπτιοι
1886 600 1962 669 δὲ
2003 607 2214 670 ταῦτα
2257 600 2817 690 ἐπιμεμφόμενοι

509 697 893 788 ἀπέστησαν
928 698 1046 770 ἀπ’
1080 698 1326 786 αὐτοῦ,
1361 706 1708 784 δοκέοντες
1744 701 1864 772 τὸν
1896 701 2179 793 Ἀπρίην
2209 707 2283 773 ἐκ
2310 711 2630 792 προνοίης
2660 701 2806 771 αὐ-

510 802 666 886 τοὺς
704 800 1094 892 ἀποπέμψαι
1135 807 1201 885 ἐς
1241 805 1660 894 φαινόμενον
1700 804 1944 891 κακὸν,
1999 813 2113 876 ἵνα
2163 805 2247 897 δὴ
2286 810 2519 895 σφέων
2562 805 2813 895 φθορὴ

513 912 818 998 γένηται,
849 905 1050 989 αὐτὸς
1078 908 1152 977 δὲ
1180 913 1320 977 τῶν
1346 915 1605 978 λοιπῶν
1633 917 2032 998 Αἰγυπτίων
2065 908 2569 999 ἀσφαλέστερον
2601 907 2807 997 ἄρχῃ.

511 1019 722 1082 ταῦτα
764 1011 838 1080 δὲ
878 1008 1069 1081 δεινὰ
1102 1011 1491 1101 ποιεύμενοι
1528 1003 1723 1083 οὗτοί
1763 1040 1836 1082 τε
1879 1019 1950 1082 οἱ
1978 1011 2559 1103 ἀπονοστήσαντες
2592 1014 2703 1080 καὶ
2731 1018 2819 1081 οἰ

381 1121 499 1183 162
517 1122 655 1185 τῶν
681 1113 1121 1204 ἀπολομένων
1150 1124 1372 1203 φίλοι,
1418 1113 1804 1204 ἀπέστησαν
1850 1120 1924 1185 ἐκ
1967 1123 2085 1206 τῆς
2116 1121 2327 1206 ἰθέης.
2387 1116 2809 1204 Πυθόμενος

516 1220 589 1289 δὲ
610 1217 883 1306 Ἀπρίης
909 1224 1119 1287 ταῦτα
1147 1222 1390 1306 πέμπει
1421 1216 1529 1288 ἐπ’
1562 1217 2109 1309 αὐτούς”Αμασιν
2135 1219 2651 1290 καταπαύσοντα
2679 1218 2802 1288 λό-

514 1343 713 1409 γοισι.
759 1316 795 1388 ὁ
829 1320 902 1389 δὲ
932 1324 1085 1390 ἐπεί
1103 1349 1175 1390 τε
1202 1319 1606 1411 ἀπικόμενος
1634 1322 2094 1412 κατελάμβανε
2131 1321 2289 1404 τούς
2316 1328 2762 1409 Αἰγυπτίους,
2792 1339 2903 1392 184

514 1430 725 1494 ταῦτα
752 1421 842 1512 μὴ
871 1427 1129 1494 ποιέειν
1156 1430 1467 1511 λέγοντος
1505 1423 1748 1512 αὐτοῦ,
1794 1432 1933 1496 τῶν
1972 1456 2070 1508 τις
2115 1433 2514 1515 Αἰγυπτίων
2552 1422 2806 1495 ὄπισθε

516 1525 674 1607 στὰς
720 1530 1092 1617 περιέθηκέ
1126 1532 1196 1597 οἰ
1230 1532 1515 1616 κυνέην·
1578 1532 1691 1598 καὶ
1735 1533 2108 1620 περιτιθεὶς
2160 1538 2291 1620 ἔφη
2330 1530 2440 1600 ἐπὶ
2482 1535 2805 1617 βασιληΐῃ

517 1634 963 1721 περιτιθέναι.
1022 1634 1134 1701 καὶ
1161 1629 1367 1723 τῷόῧ
1403 1660 1535 1714 κως
1569 1630 1928 1702 ἀεκούσιον
1964 1637 2222 1721 ἐγίνετο
2259 1632 2335 1702 τὸ
2367 1623 2803 1720 ποιεύμενον,

520 1731 608 1815 ὡς
636 1741 1039 1804 διεδείκνυε.
1096 1738 1249 1804 ἐπεί
1283 1763 1356 1804 τε
1393 1732 1524 1824 γὰρ
1565 1736 1928 1825 ἐστήσαντό
1953 1765 2073 1826 μιν
2099 1740 2379 1825 βασιλέα
2408 1742 2547 1805 τῶν
2580 1742 2803 1821 Αἰγυ-

522 1846 737 1909 πτίων
766 1843 836 1908 οἰ
860 1836 1304 1922 ἀπεστεῶτες,
1337 1839 1869 1928 παρεσκευάζετο
1897 1836 1986 1919 ὡς
2012 1843 2187 1909 ἐλῶν
2214 1843 2324 1909 ἐπὶ
2353 1837 2473 1907 τὸν
2498 1835 2804 1928 Ἀπρίην.

523 1943 930 2032 Πυθόμενος
944 1943 1241 2011 δὲταῦτα
1256 1938 1291 2010 ὁ
1304 1940 1577 2030 Ἀπρίης
1598 1949 1852 2032 ἔπεμπε
1868 1940 1963 2012 ἐπ’
1978 1940 2267 2032 Ἄμασιν
2281 1940 2502 2031 ἄνδρα
2517 1941 2806 2029 δόκιμον

525 2051 663 2115 τῶν
692 2048 845 2134 περὶ
878 2043 1135 2114 ἑωυτὸν
1167 2052 1598 2131 Αἰγυπτίων,
1642 2052 1736 2139 τῷ
1776 2043 2033 2135 οὔνομα
2064 2037 2151 2135 ἦν
2178 2045 2647 2136 Πατάρβημις,
2688 2046 2801 2112 ἐν·

525 2149 912 2238 τειλάμενος
941 2144 1156 2241 αὐτῷ,
1189 2147 1439 2231 ζώοντα
1451 2145 1740 2237 Ἀμασιν
1769 2147 2049 2237 ἀγαγεῖν
2077 2147 2237 2239 παρ’
2273 2148 2547 2219 ἑωυτόν.
2607 2143 2697 2227 ὦς
2727 2147 2807 2216 δὲ

528 2250 929 2340 ἀπικόμενος
955 2248 1370 2340 τόν”Αμασιν
1399 2251 1631 2322 ἐκάλεε
1658 2248 1694 2320 ὁ
1722 2253 2193 2343 Πατάρβημις,
2221 2248 2553 2340 ὁ”Αμασις
2579 2255 2805 2337 (ἔτυχε

529 2354 659 2446 γὰρ
697 2352 800 2423 ἐπ’
842 2359 1056 2423 ἵππου
1086 2354 1482 2443 κατήμενος)
1509 2359 1824 2445 ἐπαείρας
1849 2354 2288 2445 ἀπεματάισε·
2319 2356 2432 2424 καὶ
2460 2353 2659 2424 τοῦτό
2686 2382 2809 2443 μιν

531 2566 755 2616 tandum
767 2565 833 2615 de
847 2562 1107 2628 peculiari
1126 2563 1440 2629 scriptione,
1456 2580 1617 2630 quam
1719 2565 1986 2626 faciebat,
2026 2564 2222 2630 quibus
2246 2564 2546 2629 Aegyptios
2573 2562 2810 2614 rebelles

532 2637 598 2687 de
622 2636 800 2700 Libya
819 2633 1132 2684 Herodotus
1158 2637 1542 2698 composuerit.
1720 2635 1789 2684 ad
1825 2633 2064 2684 officium
2087 2639 2385 2696 revocaret,
2413 2632 2706 2683 cohortans
2737 2649 2811 2682 ne

603 2700 910 2770 μεγαλωστὶ
930 2700 1428 2769 προσέπταισε]1)ο
1447 2706 1616 2755 verbo
1719 2704 1855 2753 haec
1891 2704 2135 2754 facerent
2172 2719 2217 2753 s.
2255 2704 2313 2752 in
2348 2702 2655 2753 defectione
2690 2717 2811 2767 per-

533 2773 910 2839 προσπταίειν
943 2773 1055 2823 vid.
1097 2779 1209 2824 not.
1235 2773 1304 2822 ad
1343 2775 1390 2836 1,
1428 2777 1514 2826 65.
1550 2801 1617 2810 —
1720 2774 1977 2823 sisterent
1999 2778 2103 2827 etc.
2138 2774 2335 2837 Itaque
2359 2763 2541 2821 αὐτοῦ
2562 2773 2633 2822 ad
2647 2772 2811 2822 Ama-

534 2848 599 2897 In
635 2861 787 2910 seqq.
818 2835 871 2900 ἐς
909 2834 1263 2906 φαινόμενον
1292 2837 1471 2892 κακὸν
1506 2848 1615 2894 cst:
1721 2843 1805 2893 sin
1843 2847 2076 2907 spectat.

533 2919 584 2966 in
619 2917 956 2990 montisestmn,
991 2920 1218 2975 apertum
1253 2916 1475 2963 exitium.
1790 2907 1901 2975 ἔφη
1957 2903 2050 2961 ἐπὶ
2107 2906 2371 2979 βασιληΐῃ
2423 2905 2809 2974 περιτιθέναι]

606 2975 782 3039 αι’ντος
828 2974 890 3029 δὲ
926 3011 995 3020 —-
1031 2972 1202 3046 ἄρχῃ]
1250 2971 1423 3045 ἄρχῃ,
1475 2982 1620 3048 quod
1720 2973 1811 3029 ἐπὶ
1849 2976 2115 3048 βασιληΐῃ
2156 2981 2303 3045 reyni
2346 2995 2503 3029 causa
2552 2995 2597 3028 s.
2642 2994 2812 3043 regem

536 3053 660 3102 libri
688 3049 931 3100 nonnulli
964 3050 1465 3113 subministrabant,
1499 3066 1620 3102 cum
1721 3051 2078 3101 declaraturus
2110 3052 2256 3100 illum.
2330 3049 2415 3099 Tu
2443 3048 2629 3099 confer
2651 3048 2728 3097 sis
2759 3048 2808 3109 Ι,

539 3121 713 3173 Gaiss.
766 3118 1001 3182 reposui.
1093 3118 1269 3182 Vulgo
1316 3110 1500 3183 ἄρχοι.
1550 3152 1621 3161 --
1721 3121 1809 3169 41.
1846 3120 1925 3181 11,
1968 3121 2084 3183 121,
2120 3120 2153 3169 4
2187 3117 2492 3184 ibiq.laud.
2562 3119 2636 3168 Et
2661 3117 2813 3167 vide-

538 3190 623 3241 Ad
662 3189 992 3240 locutionem
1030 3177 1089 3235 ἐκ
1125 3185 1226 3251 τῆς
1262 3181 1430 3252 ἰθέης
1466 3188 1515 3252 (e
1535 3207 1620 3240 ve·
1722 3195 1809 3239 tur
1854 3189 2043 3253 utique
2088 3189 2247 3253 galea
2291 3188 2474 3254 reg-iae
2519 3187 2810 3252 dig-nitatis

537 3262 714 3325 σιίρὶο,
752 3258 1004 3318 continuo)
1039 3257 1183 3307 conf.
1222 3246 1280 3304 ἐκ
1316 3254 1447 3321 νέης
1473 3260 1518 3320 1,
1552 3260 1622 3310 60
1722 3259 1867 3322 apud
1903 3259 2201 3324 Aegyptios
2241 3257 2452 3322 insigne
2490 3256 2688 3317 fuisse,
2744 3257 2811 3319 si,

536 3331 671 3395 ibiq.
708 3327 893 3379 laudd.
968 3326 1146 3392 Vulgo
1181 3321 1400 3391 ἰθείης,
1445 3329 1622 3379 minus
1722 3343 1863 3393 quae
1914 3328 1988 3392 11,
2037 3327 2129 3378 151
2182 3331 2505 3389 narrantur,
2550 3326 2813 3391 respicia-

538 3405 717 3460 recte3
755 3398 865 3448 vid.
902 3396 1135 3447 Bredov.
1171 3412 1299 3463 pag.
1342 3397 1460 3451 158.
1499 3398 1620 3451 160.
1722 3413 1859 3447 mus.

1794 3456 2235 3546 παρεσκευάζετο
2269 3454 2346 3521 ὡς
2370 3457 2534 3531 ἑλῶν]
2561 3456 2815 3545 εςὶῑ.,τὸν

1725 3533 2813 3670 33:322&”zazinizzmffffltssz

594 3670 856 3742 Ἄμασιν,
929 3667 1480 3725 καταπαύσοντα
1531 3665 1623 3722 λό-
1726 3677 1917 3726 borum
1970 3673 2209 3725 ordinem
2260 3674 2629 3734 restituimus,
2693 3689 2813 3723 cum

538 3747 713 3815 γοισι]
750 3748 787 3798 i.
821 3763 870 3797 e.
901 3746 986 3811 qui
1012 3745 1320 3810 Aeyyptios,
1359 3744 1451 3808 qui
1482 3743 1628 3794 dese·
1727 3745 1891 3810 vulgo
1941 3749 2089 3795 esset
2134 3733 2165 3792 ὃ
2213 3738 2580 3808 Πατάρβημις
2628 3734 2815 3791 ἐκάλεε

541 3823 752 3882 cerant,
788 3815 1096 3868 sermonibus
1132 3816 1342 3865 sedaret
1387 3820 1437 3862 et
1470 3829 1502 3862 a
1540 3814 1626 3863 de·
1728 3808 1830 3863 τὸν
1850 3806 2105 3878 Ἄμασιν,
2144 3813 2287 3877 quod
2314 3813 2656 3863 retinuerunt
2683 3811 2814 3862 Din-

534 3889 750 3951 fectionc
784 3892 1065 3937 revocaret.
1143 3884 1224 3933 Ad
1260 3882 1482 3933 verbum
1527 3898 1627 3930 κα-
1728 3884 1856 3934 dorf
1899 3889 1955 3933 et
2002 3882 2248 3933 Dictsch.
2318 3881 2493 3933 Paulo
2535 3885 2667 3931 ante
2716 3895 2813 3945 pro

539 3947 817 4005 ταπαύειν
865 3954 1008 4004 conf.
1047 3954 1092 4016 1,
1132 3954 1217 4003 86.
1255 3954 1342 4004 90.
1380 3952 1460 4013 ΙΙ,
1502 3953 1622 4002 144.
1729 3954 1878 4018 vulg.
1927 3949 2109 4012 ζῶντα
2155 3951 2351 4014 scripsi
2397 3967 2519 4000 cum
2563 3950 2814 4000 Bekkero

539 4026 607 4087 V,
647 4023 731 4074 38.
772 4024 868 4084 VI,
898 4023 984 4072 64.
1015 4023 1313 4073 -Verbat
1346 4020 1523 4071 ταῦτα
1550 4013 1628 4085 μὴ
1688 4081 1695 4088 ⁸
1731 4029 1785 4073 et
1815 4022 2085 4073 Bredovio
2122 4013 2366 4081 ζώοντας
2414 4020 2525 4071 vid.
2563 4024 2703 4069 nott.
2742 4017 2815 4067 ad

541 4087 761 4144 ποιέειν
778 4089 1040 4157 λέγοντος
1061 4082 1238 4140 αὐτοῦ
1261 4106 1382 4142 cum
1403 4106 1629 4155 sequen·
1730 4093 1775 4155 Ι,
1815 4092 1911 4152 863
1960 4092 2199 4154 itemque
2241 4079 2508 4152 ἐπαείρας
2543 4104 2641 4153 pro
2681 4078 2815 4137 luci-

541 4165 689 4215 tibus
728 4161 904 4211 verbis
942 4158 1056 4208 τῶν
1089 4175 1173 4217 τις
1208 4156 1535 4225 Αἰγυπτίων
1573 4175 1625 4210 κ,
1732 4176 1862 4227 ρας;
1899 4161 2014 4212 vid.
2054 4164 2193 4210 nott.
2230 4159 2302 4209 ad
2341 4159 2384 4220 1,
2417 4158 2504 4209 87.

541 4253 588 4285 τ.
610 4233 658 4284 λ.
689 4232 893 4281 arctius
930 4229 1308 4293 coniungenda
1329 4233 1473 4292 sunt,
1506 4245 1626 4279 cum
1800 4222 2067 4293 ἐπαείρας
2087 4220 2456 4293 ἆπεματάϊσε]
2475 4227 2540 4276 Id
2565 4230 2676 4277 est:
2697 4225 2820 4277 eub-

541 4305 679 4355 haec
725 4301 799 4350 sit
847 4300 953 4349 loci
1005 4299 1304 4348 sententis:
1364 4298 1487 4347 dum
1538 4298 1626 4347 hic
1728 4301 1836 4350 lato
1890 4316 2040 4349 crure
2091 4299 2266 4364 flatum
2314 4300 2508 4348 ventris
2557 4297 2716 4346 emim
2768 4309 2814 4346 s.

540 4376 710 4442 igitur
735 4369 852 4435 (qui
873 4383 906 4419 a
932 4382 1061 4434 rege
1081 4367 1275 4420 missus
1300 4365 1445 4431 erat)
1459 4367 1630 4419 verba
1723 4370 1943 4433 pepedit.
2001 4367 2311 4419 Illustravit
2330 4366 2463 4417 haec
2486 4365 2818 4429 wesseling.
