3109 5092
1229 365 1480 427 CLIO.
1526 367 1578 426 Ι.
1623 374 1746 430 173.

2502 360 2627 424 339

343 540 761 625 νειχθέντων
816 538 892 608 δὲ
935 540 1012 607 ἐν
1050 537 1284 627 Κρήτῃ
1329 539 1484 627 περὶ
1527 542 1645 626 τῆς
1703 542 2056 625 βασιληϊης
2109 541 2247 606 τῶν
2297 533 2624 626 Εὐρώπης

345 646 645 726 παίδων,
689 641 1136 730 Σαρπηδόνος
1177 668 1250 709 τε
1290 642 1403 711 καὶ
1446 649 1687 722 Μίνω,
1735 634 1824 719 ὦς
1851 637 2261 729 ἐπεκράτησε
2289 645 2371 728 τῇ
2396 637 2625 709 στάσει

344 750 623 829 Μίνως,
666 743 939 832 ἐξήλασε
968 741 1178 813 αὐτόν
1206 771 1278 813 τε
1307 742 1723 832 Σαρπηδόνα
1751 744 1864 813 καὶ
1899 741 2058 824 τούς
2087 743 2457 821 στασιώτας
2492 738 2616 810 αὐ-

339 853 495 917 τοῦ·
543 853 614 916 οἰ
634 847 709 916 δὲ
738 844 1169 927 ἀπωσθέντες
1213 844 1535 918 ἀπίκοντο
1579 851 1696 934 τῆς
1737 843 1958 934 Ἀσίης
1986 850 2052 926 ἐς
2079 851 2210 935 γῆν
2234 844 2359 935 τὴν
2387 852 2617 914 Μιλυ-

339 953 509 1019 vida·
556 949 681 1039 τὴν
723 945 853 1038 γὰρ
890 954 1022 1020 νῦν
1048 949 1289 1020 Λύκιοι
1330 953 1682 1038 νέμονται,
1722 945 1894 1037 αὕτη
1935 947 2011 1018 τὸ
2038 947 2328 1020 παλαιὸν
2353 939 2441 1037 ἦν
2474 956 2618 1016 Μι-

343 1052 512 1132 λυάς
530 1074 544 1088 ·
589 1058 660 1122 os
681 1052 757 1123 δὲ
786 1054 1052 1123 Μιλύαι
1078 1055 1229 1123 τότε
1268 1052 1572 1141 Σόλυμοι
1599 1055 1972 1123 ἐκαλέοντο.
2026 1055 2190 1133 τέως
2226 1053 2353 1140 μὲν
2382 1048 2467 1139 δὴ
2494 1046 2620 1120 αὖ·

343 1161 484 1225 τῶν
515 1153 906 1246 Σαρπηδών
943 1147 1137 1245 ἦρχε·
1204 1160 1270 1225 οἱ
1313 1156 1389 1225 δὲ
1432 1157 1818 1240 ἐκαλέοντο,
1860 1153 1937 1224 τό
1984 1183 2111 1244 περ
2155 1184 2226 1224 τε
2264 1153 2622 1244 ἠνείκαντο

343 1255 638 1348 οὔνομα,
677 1260 789 1328 καὶ
822 1264 954 1330 νῦν
995 1265 1092 1329 ἔτι
1136 1262 1485 1329 καλέονται
1528 1254 1664 1328 ὑπὸ
1704 1263 1841 1327 τῶν
1872 1266 2239 1347 περιοίκων
2266 1263 2337 1329 οί
2356 1257 2622 1340 Λύκιοι,

342 1424 473 1474 incl.
544 1425 739 1475 Hoeck
786 1425 951 1475 Creta
1002 1425 1079 1477 ΙΙ.
1125 1441 1181 1489 p.
1228 1429 1263 1476 4
1313 1442 1428 1491 seq.

343 1493 469 1544 coll.
509 1494 554 1544 Ι.
592 1510 647 1558 p.
694 1496 787 1545 141
836 1510 990 1561 seqq.
1064 1496 1286 1560 Hitzig:
1331 1497 1432 1546 Ur-

344 1563 533 1630 gesch.
567 1562 621 1614 d.
657 1564 875 1616 Philist.
925 1581 979 1630 p.
1025 1564 1093 1617 65
1136 1580 1289 1631 seqq.
1328 1566 1430 1615 207

343 1649 497 1698 seqq.
536 1634 658 1684 226.
731 1634 915 1698 Lycii,
954 1634 1048 1698 qui
1081 1634 1433 1685 exHerodoti

340 1709 524 1752 mente
568 1703 871 1768 antiquitus
907 1704 1123 1754 Cretam
1160 1705 1435 1754 tenuerint

343 1772 700 1836 barbarisque
762 1772 903 1823 hanc
958 1772 1191 1823 insulam
1252 1774 1431 1838 prisco

344 1857 479 1892 aevo
543 1842 854 1893 tenentibus
911 1842 1235 1894 accensendi
1298 1843 1428 1904 sint,

342 1910 488 1961 haud
534 1912 649 1961 scio
702 1927 771 1962 sn
826 1916 881 1963 et
934 1912 1040 1977 ipsi
1087 1913 1157 1962 ad
1203 1913 1429 1963 eandem

349 1981 661 2045 pertineant
709 1981 934 2047 stirpem
971 1982 1313 2044 Semiticam,
1359 1982 1431 2032 ad

345 2065 507 2115 quam
546 2049 711 2100 Cares
754 2056 809 2100 et
854 2051 1109 2116 Leleges,
1155 2051 1341 2115 Lydos
1377 2056 1431 2100 et

345 2120 532 2184 Mysos
569 2120 839 2184 pertinere
882 2136 1049 2185 supra
1080 2120 1178 2187 (ad
1221 2121 1265 2184 I,
1306 2119 1429 2184 171)

346 2190 656 2239 statuimus.
687 2218 753 2226 —
786 2190 853 2240 ln
888 2205 1038 2256 seqq.
1068 2181 1256 2240 στάσει
1284 2188 1430 2239 haud

344 2259 553 2309 mutavi
628 2259 686 2309 in
762 2251 951 2321 στάσις
1026 2260 1100 2312 cf.
1151 2263 1291 2312 nott.
1361 2260 1431 2309 ad

346 2329 402 2390 Ι,
433 2327 520 2404 69.
659 2388 670 2405 ι
921 2388 932 2405 ι
1054 2382 1077 2406 τ
1367 2387 1379 2404 e

413 2413 558 2460 αντη
616 2412 680 2445 το
733 2397 980 2446 παλαιον
1040 2412 1116 2461 ην
1178 2396 1429 2453 Μιλυας·

345 2459 406 2515 οἴ
447 2461 511 2516 δὲ
556 2458 778 2516 Μιλύαι
830 2457 957 2515 τότε
1004 2458 1260 2530 Σόλυμοι
1306 2456 1431 2514 ἐκα-

342 2533 563 2601 λέοντο]
596 2537 803 2586 Eadem
839 2535 1039 2586 Strabo
1074 2551 1140 2585 ex
1162 2535 1431 2586 Herodoti

344 2607 675 2655 auctoritate
709 2604 841 2655 xll.
888 2621 1015 2670 pag.
1062 2603 1167 2656 858
1214 2620 1261 2656 s.
1296 2620 1426 2669 pag.

344 2673 446 2725 573
484 2675 571 2725 ed.
595 2674 831 2724 Casaub.
884 2675 964 2725 Ac
980 2675 1118 2725 bene
1141 2674 1428 2725 tenendum

342 2744 431 2794 vel
465 2749 688 2808 postera
724 2747 910 2794 aetate
932 2745 1181 2810 Milyadt’s
1215 2759 1429 2806 nomen,

345 2814 473 2863 olim
534 2813 825 2863 universae
883 2814 1087 2878 Lyciae
1144 2813 1428 2876 tributum,

343 2884 412 2933 de
460 2897 570 2933 una
625 2882 859 2947 quadam
916 2883 1122 2947 Lyciae
1171 2883 1429 2934 interiore

343 2956 500 3017 parte
546 2951 684 3014 dici,
736 2952 890 3002 cuius
936 2952 1068 3001 fines
1115 2952 1428 3003 accuratius

344 3022 551 3071 indicat
587 3021 786 3072 Strabo
824 3021 980 3071 xm.
1019 3023 1074 3071 in
1109 3022 1235 3072 fine.
1304 3023 1429 3071 Hoc

343 3106 509 3141 sensu
543 3091 917 3154 accipiendum
955 3091 1099 3156 apud
1140 3091 1427 3141 Arrianum

341 3161 553 3226 Exped.
590 3159 743 3210 Alex.
785 3162 831 3223 I,
860 3162 947 3210 211.
1017 3159 1212 3225 Polyb.
1254 3159 1319 3222 V,
1340 3158 1427 3210 73.

344 3232 411 3280 77
449 3236 503 3280 et
538 3231 595 3280 in
642 3230 991 3293 inscriptione
1029 3231 1265 3290 Graeca,
1313 3229 1424 3279 vid.

344 3300 505 3364 Corp.
543 3300 744 3349 Inscrr.
796 3299 1022 3350 Graece.
1074 3301 1141 3349 T.
1192 3299 1303 3349 111.
1342 3314 1427 3349 nr.

342 3367 499 3420 4318.
573 3370 717 3419 Hinc
755 3368 948 3418 verba:
993 3361 1051 3416 οἱ
1097 3363 1161 3417 δὲ
1206 3359 1425 3416 Μιλύαι

342 3430 468 3488 τότε
503 3429 759 3500 Σόλυμοι
786 3429 1099 3499 ἐκαλέοντο,
1139 3437 1323 3486 malim
1348 3438 1428 3487 sic

342 3507 708 3572 interpretari:
764 3506 858 3568 „Ii
912 3508 997 3571 qui
1046 3522 1175 3556 nunc
1230 3507 1430 3572 Milyae

342 3579 602 3638 dicuntur,
643 3583 740 3626 tum
776 3574 920 3638 (cum
956 3592 1034 3626 sc.
1071 3577 1245 3626 omnis
1284 3581 1427 3625 terra

341 3647 516 3711 Lycia
550 3645 820 3695 diceretur
857 3643 1085 3710 Milyas)
1124 3645 1311 3712 Solymi
1345 3660 1428 3695 vo·

342 3715 649 3765 cabanmr.“
720 3715 903 3765 Hosce
948 3715 1146 3780 Milyas
1182 3716 1428 3764 nominat

342 3786 544 3836 Noster
581 3784 710 3847 VII,
758 3786 823 3835 77
858 3789 913 3834 et
941 3785 1047 3846 111,
1085 3783 1170 3834 00.
1203 3783 1430 3849 Solymos

342 3855 398 3903 in
427 3855 599 3918 Lycia
624 3868 841 3919 quoque
869 3854 1022 3904 novit
1046 3854 1315 3904 Homerus
1338 3853 1426 3903 Ili.

340 3923 440 3986 VI,
481 3923 580 3974 184
613 3927 667 3973 et
693 3922 892 3989 OdysS.
920 3923 985 3986 V,
1013 3923 1135 3986 282,
1160 3924 1254 3973 ubi
1280 3922 1424 3973 conf.

341 3993 588 4043 Nitzsch.
619 4009 672 4058 p.
699 3994 785 4042 45.
856 3991 1008 4042 Inter
1045 3992 1248 4057 copias,
1290 4008 1427 4057 quae

339 4064 574 4112 Xerxem
596 4065 897 4127 sequuntur
930 4065 1123 4112 contra
1147 4062 1431 4113 Graeciam

339 4130 808 4197 proficiscentem,
873 4130 1152 4181 Choerilus
1217 4146 1431 4196 quoque

339 4205 577 4267 gentem,
590 4215 731 4265 quae
751 4201 806 4248 in
815 4198 1030 4266 Solymis
1044 4199 1317 4251 montibus
1337 4199 1431 4249 ha-

337 4270 565 4331 bitavit,
605 4278 1151 4320 commemoraverat:
1191 4270 1248 4319 id
1285 4268 1429 4335 quod

336 4339 405 4389 de
425 4339 636 4390 Iudaeis
666 4336 935 4389 intellexit
954 4337 1220 4402 Iosephus
1249 4342 1425 4389 contr.

335 4409 536 4473 Apion.
572 4408 619 4459 1.
665 4423 721 4472 p.
768 4409 891 4459 454.
940 4408 1007 4459 Τ.
1056 4407 1136 4459 11.
1183 4406 1268 4459 ed.
1314 4408 1429 4458 Ha-

1535 1441 1678 1476 verc.
1754 1426 1840 1475 Tu
1874 1426 2002 1476 vide
2043 1425 2286 1490 pluribus
2325 1427 2393 1477 de
2429 1424 2534 1474 hac
2567 1439 2625 1473 re

1535 1496 1908 1561 disputantem
1977 1495 2166 1546 Nseke
2243 1495 2314 1544 ad
2385 1493 2626 1544 Choerili

1534 1565 1784 1630 frag-mm.
1815 1581 1868 1629 p.
1900 1564 1999 1615 132
2035 1580 2187 1630 seqq.
2260 1565 2376 1614 Iam
2402 1563 2623 1629 planum

1535 1634 1639 1683 erit
1676 1625 1802 1684 τότε
1838 1639 2088 1699 spectare
2136 1634 2208 1684 ad
2252 1626 2319 1682 τὸ
2374 1625 2624 1681 παλαιὸν

1533 1719 1634 1754 nec
1670 1703 1780 1754 ullo
1813 1704 1973 1754 modo
2011 1702 2331 1753 mutandum
2377 1718 2513 1752 csse.
2552 1731 2622 1742 —-

1534 1773 1600 1822 In
1636 1789 1785 1838 seqq.
1816 1774 2132 1838 scripsimus
2168 1763 2361 1822 αὐτῶν
2395 1788 2492 1836 pro
2523 1761 2624 1819 αὖ-

1532 1838 1701 1904 τέων,
1773 1843 1917 1908 quod
1978 1843 2210 1892 recurrit
2260 1841 2313 1890 in
2373 1840 2480 1891 fine
2533 1855 2625 1890 ca-

1569 1912 1682 1961 itis.

1530 1928 1565 1977 p
1602 1976 1697 2029 καὶ
1733 1976 1844 2028 νῦν
1879 1974 1960 2029 ἔτι
2003 1975 2299 2028 καλέονται
2342 1969 2459 2028 ὑπὸ
2507 1974 2624 2027 τῶν

1531 2047 1843 2113 περιοίκων
1867 2042 1927 2098 οἴ
1942 2041 2164 2111 Λύκιοι,
2206 2045 2495 2113 Τερμίλαι]
2519 2049 2622 2098 Est

1531 2119 1796 2169 classicus
1864 2119 2054 2169 Nostri
2126 2117 2280 2169 locus
2345 2118 2482 2179 VII,
2553 2117 2621 2166 92

1529 2189 1773 2240 eiusdem
1792 2189 2122 2254 argumenti:
2160 2179 2364 2236 Λύκιοι
2393 2182 2456 2237 δὲ
2484 2186 2622 2250 Τερ-

1531 2256 1691 2324 μίλαι
1744 2250 2039 2308 ἐκαλέοντο
2085 2248 2145 2307 ἐκ
2190 2250 2422 2322 Κρήτης
2465 2270 2622 2321 γεγο-

1533 2319 1710 2385 νότες·
1752 2319 1848 2378 ἐπὶ
1887 2321 1952 2378 δὲ
1987 2318 2183 2376 Λύκου
2217 2325 2322 2376 τοῦ
2363 2324 2620 2375 Πανδίο-

1532 2387 1904 2530 22ng
1943 2388 2482 2520 '133⁹“1‘2'2325520f
2517 2388 2621 2514 τίς

1534 2540 1585 2599 §-
1626 2539 1678 2586 4.
1724 2536 1822 2586 ubi
1858 2536 2006 2585 conf.
2053 2534 2301 2587 Siebelis.
2376 2535 2456 2584 Ac
2492 2534 2623 2584 scri-

1532 2606 1617 2656 bit
1661 2620 1877 2670 quoque
1926 2605 2235 2669 Stephanus
2280 2606 2417 2668 Byz.
2470 2618 2515 2652 s.
2565 2619 2619 2652 ν.

1537 2673 1820 2737 Τέρμερα,
1860 2674 2010 2724 cives
2047 2672 2206 2722 huius
2235 2672 2385 2722 urbis
2421 2672 2490 2720 ab
2512 2673 2622 2722 He-

1530 2744 1725 2796 rodoto
1773 2743 1962 2792 vocari
2015 2739 2319 2805 Τερμίλαςς
2371 2741 2622 2805 idemque

1531 2828 1656 2863 mox
1704 2828 1748 2862 s.
1798 2821 1853 2863 ν.
1897 2809 2142 2875 Τρεμίλη
2199 2801 2234 2873 ἡ
2277 2809 2462 2859 Λυκία
2496 2801 2620 2859 ἔκα-

1527 2882 1678 2931 λεῖτο
1714 2868 1913 2938 οὕτως·
1947 2874 2007 2929 οἱ
2027 2870 2383 2936 ἐνοικοῦντες
2419 2879 2620 2944 Τρεμι-

1526 2951 1641 3007 λεῖς
1665 2942 1782 2999 ἀπὸ
1812 2948 2094 3012 Τρεμίλου
2110 2962 2161 2997 κ.
2178 2964 2225 2997 τ.
2246 2948 2621 3000 7..Hecataeus

1529 3021 1740 3070 dixerat
1758 3016 2052 3083 Τρεμίλας.
2091 3019 2158 3069 In
2184 3034 2265 3083 ea,
2295 3034 2435 3083 quae
2455 3036 2621 3085 prope

1528 3090 1806 3142 Xanthum
1841 3089 2064 3139 inventa
2111 3092 2221 3152 est,
2268 3088 2622 3154 inscriptione

1529 3160 1714 3224 Lyciis
1737 3159 1910 3209 literis
1935 3162 2202 3221 concepta
2225 3161 2405 3224 gentis
2424 3175 2622 3210 nomen

1530 3228 1758 3293 reperiri
1796 3229 2055 3293 scriptum
2101 3227 2380 3292 Tramitae,
2420 3231 2621 3280 asserit

1528 3298 1762 3348 Fellows
1806 3298 1844 3349 1.
1893 3297 1932 3347 1.
1973 3315 2026 3363 p.
2064 3299 2168 3347 274
2215 3313 2330 3363 seq.
2367 3327 2439 3338 -—
2489 3302 2621 3350 Mox
2719 3359 2723 3363 μ

1528 3368 1750 3432 reliqui,
1799 3367 1944 3433 quod
1990 3366 2147 3417 codd.
2197 3367 2474 3428 ferebant,
2527 3362 2620 3415 Ac-

1526 3434 1695 3500 γέως,
1735 3436 1956 3487 Struvio
1989 3434 2245 3499 (Specim.
2276 3437 2353 3487 11.
2392 3435 2459 3486 de
2489 3435 2617 3487 dial.

1527 3506 1795 3557 Herodot.
1843 3522 1896 3570 p.
1938 3504 1992 3570 7)
2040 3509 2264 3555 auctore
2299 3506 2618 3556 mutandum

1529 3576 1587 3625 in
1624 3571 1844 3639 Αἰγέος,
1886 3573 2032 3638 quod
2067 3573 2194 3623 inde
2230 3573 2494 3624 dederunt
2538 3590 2620 3624 re-

1530 3648 1699 3695 centt.
1754 3643 1877 3694 edd.
1935 3642 2253 3704 Sarpedonis
2310 3659 2505 3694 nomen
2546 3643 2620 3695 le-

1528 3715 1677 3778 gitur
1710 3714 1764 3762 in
1792 3713 2003 3763 Graeca
2035 3711 2387 3777 inscriptione
2426 3712 2618 3778 (Corp-

1530 3784 1705 3833 Inscr.
1732 3783 1825 3832 Gr.
1847 3781 1974 3832 Vol.
1997 3781 2107 3831 111.
2138 3796 2219 3830 nr.
2244 3779 2429 3843 4240),
2465 3783 2619 3833 item-

1531 3868 1636 3917 que
1695 3845 2071 3915 Σαρπηδονὶς
2123 3866 2205 3900 nr.
2253 3850 2406 3901 4289.
2459 3852 2617 3903 4290.

1530 3921 1691 3972 4295.
1764 3920 1848 3970 Ad
1885 3935 2074 3971 vocem
2110 3910 2434 3980 ἐξελασθεὶς
2469 3922 2615 3974 conf.

1532 3990 1580 4054 I,
1622 3990 1721 4041 168
1755 3989 1940 4055 ibique
1976 3992 2113 4040 nott.
2150 4017 2221 4028 —-·
2255 3979 2366 4038 ἀνὰ
2404 3983 2619 4053 χρόνον

1536 4065 1622 4111 est
1656 4064 1891 4122 temporie
1930 4075 2165 4110 successu
2200 4075 2244 4113 s.
2292 4059 2535 4118 decursu,
2579 4062 2618 4113 i.

1536 4145 1585 4181 e.
1619 4138 1755 4192 post.
1832 4129 1972 4180 Nam
2005 4118 2115 4177 ἀνὰ
2132 4129 2222 4179 hic
2251 4144 2467 4193 quoque
2488 4134 2621 4181 tem·

1534 4200 1681 4264 poris
1716 4198 2023 4249 continuati
2060 4199 2333 4248 notionem
2368 4200 2620 4260 retinere,

1532 4285 1642 4331 non
1680 4269 1921 4320 dubium.
1996 4268 2153 4318 Conf.
2196 4266 2511 4319 Fischerum
2548 4269 2620 4319 ad

1532 4338 1754 4388 Weller.
1794 4338 1899 4399 111,
1938 4352 1990 4386 a.
2027 4352 2153 4401 pag.
2196 4336 2314 4403 163.
2388 4339 2472 4386 Ex
2512 4340 2622 4389 He-

1530 4405 1727 4458 rodoto
1748 4406 1894 4458 conf.
1914 4406 1989 4468 11,
2026 4405 2142 4455 151.
2181 4405 2248 4466 V,
2273 4407 2359 4456 27.
2381 4406 2507 4468 Vll,
2538 4409 2618 4459 10.

2065 4484 2196 4547 22*
