3109 5092
2515 391 2590 438 x1

302 556 530 623 borum
588 552 1144 620 emendandorum
1203 572 1365 616 cura
1414 547 1906 615 subsistendum
1948 568 2092 612 esse
2135 553 2322 611 ratus
2363 564 2589 632 parem

302 694 525 739 curam
583 671 668 737 ad
711 670 1036 737 Herodoti
1088 669 1296 736 verba
1349 677 1526 734 recte
1574 664 2007 752 intelligenda
2020 713 2040 747 ‚
2095 664 2183 728 ad
2226 663 2587 729 sententias

305 786 731 857 illustrandas
772 808 1021 877 resque
1072 789 1254 877 ipsas
1298 788 1382 854 ab
1432 786 1772 853 Herodoto
1812 784 2094 850 traditas
2139 780 2586 871 explicandas,

306 911 587 998 denique
628 908 720 974 ad
762 908 957 974 fidem
1002 930 1221 974 rerum
1264 908 1659 973 traditarum
1703 903 2017 970 tuendam
2055 924 2134 968 ac
2175 900 2586 992 probandam

299 1030 627 1094 converti:
684 1037 881 1116 atque
939 1028 1011 1092 in
1063 1027 1167 1092 his
1221 1050 1298 1094 eo
1350 1026 1566 1113 magis
1623 1022 2093 1090 elaborandum
2152 1020 2414 1103 censui,
2456 1040 2586 1108 quo

300 1148 669 1212 accuratius
714 1146 1015 1233 singulae
1052 1145 1521 1234 propemodum
1563 1144 1901 1229 regiones,
1945 1140 2026 1206 de
2069 1141 2309 1230 quibus
2347 1139 2588 1204 Noster

303 1263 558 1349 retulit,
615 1275 843 1330 nostra
886 1274 1101 1331 aetate
1153 1264 1555 1353 perquisitae
1600 1271 1753 1327 sunt
1797 1260 2130 1348 multaque
2167 1257 2585 1348 ‘antiquitatis

303 1392 754 1468 monumenta,
810 1406 979 1473 quae
1028 1384 1251 1473 aliquo
1294 1391 1471 1447 certe
1514 1380 1708 1448 modo
1751 1379 1836 1445 ad
1874 1378 2188 1446 Nostrum
2227 1377 2580 1466 pertinent,

302 1500 411 1566 vel
455 1522 684 1567 recens
736 1502 1009 1568 inventa
1062 1503 1170 1569 vel
1236 1501 1470 1565 maiori
1524 1520 1683 1564 cura
1738 1520 1817 1563 ac
1872 1497 2217 1583 diligentia
2271 1505 2422 1561 sunt
2474 1495 2583 1560 do-

303 1619 581 1707 seripta:
641 1642 1023 1709 summoque
1076 1620 1299 1686 studio
1361 1618 1538 1684 docti
1592 1626 1856 1683 nostrae
1911 1617 2145 1682 aetatis
2199 1616 2328 1683 viri
2377 1615 2449 1680 in
2495 1613 2582 1678 iis

303 1739 551 1803 versati
596 1749 750 1805 sunt
794 1739 1203 1827 exponendis
1246 1747 1313 1803 et
1344 1736 1790 1820 illustrandis,
1836 1757 2004 1823 quae
2036 1735 2122 1800 ad
2165 1736 2583 1820 antiquarum

303 1856 598 1940 gentium
656 1857 848 1922 sedes
905 1866 971 1922 et
1026 1858 1486 1944 migrationes,
1553 1878 1766 1924 mores
1820 1863 1886 1920 et
1933 1856 2266 1935 instituta,
2333 1850 2468 1916 alia
2514 1849 2586 1913 id

302 1994 514 2057 genus
568 1977 831 2040 omnino
887 1983 1219 2064 spectant3
1274 1975 1451 2041 unde
1509 1984 1825 2064 quantum
1878 1973 2092 2060 frugis
2135 1971 2223 2036 ad
2264 1967 2586 2035 Herodoti

303 2089 533 2157 Musas
575 2091 1083 2178 redundaverit,
1127 2116 1318 2162 nemo
1361 2096 1501 2162 fere
1543 2096 1777 2161 nescit.
1877 2091 2005 2157 His
2046 2094 2250 2179 igitur
2282 2086 2585 2155 omnibus

306 2210 399 2274 ita
450 2232 612 2276 usus
657 2232 800 2276 sum
816 2261 836 2295 ‚
893 2221 967 2277 ut
1009 2212 1327 2301 quidquid
1370 2214 1479 2280 vel
1522 2236 1563 2279 a
1605 2214 1770 2280 viris
1814 2211 2025 2278 doctis
2067 2209 2176 2277 vel
2219 2232 2261 2275 a
2298 2207 2586 2297 peregri—

308 2328 650 2394 natoribus
708 2330 986 2396 eruditis
1033 2331 1308 2397 allatum
1361 2341 1538 2397 esset
1582 2331 1668 2397 ad
1723 2354 1802 2397 ea
1816 2383 1835 2417 ‚
1904 2352 2071 2419 quae
2115 2329 2201 2394 ab
2249 2325 2585 2394 Herodoto

305 2446 686 2531 traduntur,
737 2447 1160 2535 illustranda,
1214 2450 1286 2515 id
1326 2450 1553 2517 sedulo
1596 2452 2016 2517 observarem
2055 2459 2121 2515 et
2154 2456 2470 2538 quantum
2504 2444 2589 2510 ad

306 2563 622 2630 Nostrum
649 2565 867 2631 facere
890 2567 1261 2654 videretur,
1300 2569 1714 2654 adhiberem,
1751 2568 1929 2634 haud
1951 2570 2246 2651 nescius,
2271 2589 2381 2651 ea,
2419 2585 2589 2653 quae
2651 2616 2658 2629 .

306 2684 377 2748 in
429 2684 645 2750 Musis
689 2684 1081 2751 Herodoteis
1152 2687 1414 2776 prodita
1460 2696 1756 2771 exstant,
1813 2687 1991 2751 haud
2047 2707 2198 2752 raro
2253 2686 2589 2770 egregiam

307 2801 528 2867 lucem
596 2804 894 2891 accipere
948 2804 1273 2893 valdeque
1341 2806 1610 2895 probari
1664 2815 1971 2873 accurata
2024 2805 2314 2893 ipsorum
2364 2821 2591 2866 monus

308 2932 715 3005 mentorum,
755 2943 923 3010 quae
957 2922 1176 2988 adhuc
1216 2935 1601 3013 supersunt,
1645 2935 1760 2992 aut
1789 2927 2162 3012 regionum,
2207 2936 2372 3012 quas
2406 2929 2594 3010 pater

304 3038 628 3106 historiae
686 3039 1147 3130 perlustravit,
1204 3044 1632 3132 inspectione.
1730 3044 1812 3110 In
1858 3066 1989 3132 qua
2028 3042 2343 3108 materiae
2391 3040 2593 3105 unde-

309 3180 575 3248 cunque
603 3160 914 3227 collectae
950 3163 1140 3250 copia
1168 3161 1480 3230 brevitati
1511 3162 1985 3229 consulendum
2017 3170 2186 3227 erat:
2230 3160 2349 3226 sed
2378 3159 2596 3226 omnia

310 3298 390 3342 ea
429 3272 786 3365 diligenter
822 3278 1208 3363 indicanda,
1251 3302 1288 3346 e
1319 3280 1563 3369 quibus
1601 3282 1924 3370 copiosior
1956 3303 2174 3346 rerum
2205 3278 2593 3346 traditarum

311 3398 610 3485 cognitio
651 3406 1014 3486 peteretur,
1068 3418 1283 3486 neque
1338 3401 1602 3465 omnino
1658 3401 2016 3488 quidquam
2070 3399 2594 3488 praetermitten-

313 3703 718 3764 καταλύσειν.
758 3740 823 3750 —-
860 3715 919 3779 1,
950 3704 1037 3766 61.
1078 3730 1131 3780 p.
1175 3715 1292 3769 130.
1346 3715 1509 3783 Vulg.
1548 3708 2009 3784 εὐπρεπέστατον
2059 3722 2192 3769 mut.
2231 3718 2290 3769 in
2326 3706 2596 3785 εὖπρεπε-

318 3791 513 3864 κοίτη.
553 3826 620 3835 -
659 3801 717 3864 1,
742 3799 830 3852 65.
856 3816 912 3866 p.
944 3794 1064 3852 140.
1103 3801 1263 3866 Vulg.
1304 3799 1438 3863 δίζω
1467 3808 1602 3855 mut.
1643 3805 1701 3854 in
1739 3795 2045 3879 &lgmb’g-
2076 3806 2104 3856 I
2122 3843 2135 3869 ,
2163 3806 2248 3859 66.
2276 3822 2328 3872 p.
2357 3807 2457 3859 146
2490 3809 2599 3875 pri-

318 3899 462 3935 mum
512 3876 729 3937 oraculi
774 3901 990 3938 versum
1035 3889 1115 3938 ita
1163 3889 1457 3940 constituit
1504 3889 1698 3941 Cobet.
1743 3881 2044 3958 Ἀρκαδίην
2094 3888 2147 3957 μ’
2184 3886 2393 3958 αἰτεῖς,
2433 3882 2599 3959 Ἡρα-

317 3967 545 4036 κλείδη,
579 3965 722 4037 μέγα
747 3963 801 4037 μ’
838 3966 1048 4040 αἰτεῖς,
1082 3974 1267 4026 verbis
1302 3964 1375 4025 οὗ
1408 3989 1497 4024 τοι
1527 3967 1694 4026 δοίσω
1727 3993 1955 4043 prorsus
1994 3978 2245 4031 sublatis.
2294 4006 2359 4015 —
2409 3980 2437 4030 I
2457 4017 2470 4043 ,
2511 3978 2597 4031 75.

320 4073 371 4123 p.
408 4057 516 4110 168
552 4045 626 4108 οἷν
661 4059 833 4111 inseri
873 4059 995 4111 vult
1033 4065 1162 4126 post
1197 4059 1310 4120 κῶς
1345 4051 1452 4127 γὰρ
1492 4077 1544 4113 κ.
1587 4078 1633 4114 τ.
1671 4062 1750 4126 λ.;
1804 4065 1900 4117 scd
1934 4066 2049 4117 vid.
2089 4071 2229 4117 nott.
2291 4092 2358 4102 --
2415 4065 2473 4128 Ι,
2512 4065 2599 4116 80.

323 4159 372 4208 Ρ.
416 4144 520 4195 176
556 4159 658 4209 pro
693 4136 1070 4211 ὄσφραντο
1118 4146 1287 4200 scribi
1333 4145 1452 4198 vult
1486 4136 1855 4213 ὄσφροντο
1901 4153 2138 4217 itemque
2182 4143 2605 4214 ἐπιτρᾶπουσι

323 4245 418 4295 pro
454 4221 873 4294 ἐπιτρέπουσι
908 4235 956 4297 1,
992 4233 1078 4285 98.
1117 4250 1170 4300 p.
1196 4233 1318 4287 219.
1357 4261 1424 4270 —
1459 4235 1507 4298 1,
1550 4235 1668 4287 106.
1713 4251 1766 4301 p.
1808 4237 1910 4289 235
1946 4253 2047 4303 pro
2082 4225 2168 4287 ὅτι
2201 4231 2438 4302 ἔχοιεν
2472 4237 2604 4287 scri-

323 4314 484 4368 bend.
528 4302 617 4366 ὅτι
639 4308 953 4382 τύχοιεν.
992 4346 1060 4356 -
1093 4319 1144 4385 1,
1175 4320 1291 4372 113.
1319 4336 1375 4386 p.
1402 4321 1531 4372 245:
1569 4322 1628 4371 in
1654 4320 1865 4373 verbis:
1900 4319 2112 4373 τοῦτον
2143 4315 2269 4387 μὲν
2290 4319 2613 4389 παραδιδοῖ

324 4399 389 4469 τῇ
428 4392 915 4468 ἕωυτοῦγυναικὶ
951 4404 1144 4458 Cobet.
1194 4407 1438 4474 spuriam
1472 4406 1689 4458 iudicat
1722 4406 1977 4459 voculam
2008 4402 2165 4473 μέν;
2218 4412 2282 4460 tu
2315 4409 2428 4461 vid.
2465 4412 2605 4460 nott.

332 4512 395 4523 --
431 4488 490 4552 1,
538 4486 640 4540 119
676 4504 777 4555 pro
811 4488 964 4556 vulg.
1001 4479 1185 4540 ἐκάετο
1223 4483 1338 4543 ἐπὶ
1371 4488 1559 4560 κανέῳ
1595 4492 1759 4546 scrib.
1799 4482 1870 4544 ἐν
1914 4490 2118 4563 κανέῳ.
