3109 5092
1285 370 1540 434 CLIO.
1589 373 1640 434 Ι.
1686 382 1775 438 32.
2584 388 2654 449 71

370 546 741 635 ἐπειρωτᾷς
783 541 1251 635 ἇνθρωπηΐων
1288 548 1702 638 πρηγμάτων
1748 553 1968 643 πέρᾳ.
2001 556 2077 623 ἐν
2115 555 2243 645 γὰρ
2293 562 2386 651 τῷ
2425 568 2662 656 μακρῷ

370 647 589 741 χρόνῳ
629 646 846 718 πολλὰ
878 652 1004 737 μέν
1047 652 1187 720 ἐστι
1234 656 1442 738 ἰδεῖν,
1486 652 1569 723 τὰ
1605 655 1698 745 μή
1734 683 1835 735 τις
1878 659 2133 743 ἐθέλει,
2185 659 2399 730 πολλὰ
2434 663 2510 732 δὲ
2546 665 2659 735 aial

370 764 656 824 παθεῖν·
715 756 781 834 ἐς
820 751 949 843 γὰρ
999 754 1455 847 ἑβδομήκοντα
1506 763 1659 828 ἔτεα
1704 750 1913 849 οὖρον
1960 765 2076 851 τῆς
2117 760 2264 851 ζόης
2313 761 2657 861 ἀνθρώπῳ

371 864 761 947 προτίθημι.
796 846 983 928 οὗτοι
1010 857 1233 942 ἐόντες
1261 862 1556 932 ἐνιαυτοὶ
1588 863 2046 953 ἑβδομήκοντα
2072 869 2474 955 παρέχονται
2497 866 2658 959 ἡμέ-

369 1028 716 1090 sententiam,
739 1027 923 1107 addit:
959 1019 1029 1077 οὗ
1070 1020 1177 1093 γὰρ
1213 1019 1279 1113 ἐξ
1302 1029 1458 1095 φθο-

371 1094 523 1149 νέειν
558 1094 699 1161 μέγα
747 1112 779 1146 ο
828 1089 973 1154 θεὸς
1018 1087 1194 1147 ἄλλον
1240 1116 1275 1164 η
1321 1091 1459 1150 ἑωυ-

368 1159 487 1225 τόν,
526 1173 582 1217 et
632 1167 796 1232 paulo
847 1172 1000 1217 ante:
1051 1166 1231 1231 φιλέει
1275 1163 1383 1233 γὰρ
1427 1159 1458 1217 ὁ

368 1230 510 1295 θεὸς
540 1228 611 1285 τὰ
646 1228 1000 1301 ὑπερέχοντα
1035 1231 1222 1287 πάντα
1258 1230 1457 1287 κολού-

368 1323 473 1359 ειν.
514 1308 662 1368 Qnos
698 1305 850 1356 locos
890 1307 1190 1372 respiciens
1228 1306 1457 1359 Valcke-

368 1378 554 1428 narius
577 1376 675 1439 (ad
700 1375 805 1438 ΙΙΙ,
834 1375 924 1441 40)
950 1382 1251 1436 monuerat,
1272 1373 1457 1422 Istius-

366 1447 513 1498 modi
551 1450 605 1496 et
640 1446 909 1495 Herodoti
958 1451 1012 1496 et
1048 1445 1275 1495 aliorum
1311 1441 1460 1491 dicta

367 1518 545 1569 minus
578 1515 754 1565 videri
783 1515 1056 1565 invidiosa
1079 1513 1363 1576 cogitanti,
1394 1503 1458 1559 τὸ

364 1588 539 1638 θεῖον
584 1585 743 1635 deum
788 1600 910 1635 esse
953 1587 1177 1640 ultorem,
1222 1573 1458 1641 φθόνον

362 1658 627 1710 vindictam
661 1655 894 1717 divinam,
932 1652 1095 1713 vulgo
1131 1647 1332 1698 dictam
1370 1642 1457 1697 νέ-

362 1740 546 1794 μεσιν.
618 1724 764 1774 Hinc
827 1718 1070 1784 superbis
1124 1717 1452 1780 hominibus,

363 1812 503 1865 quos
538 1794 682 1845 ultor
718 1791 961 1856 sequitur
996 1785 1149 1848 deus,
1198 1787 1343 1838 idem
1376 1787 1453 1837 di-

362 1869 507 1919 citnr
540 1854 850 1927 φθονερὸς,
888 1855 1123 1920 talisque
1138 1856 1340 1908 Croeso
1372 1858 1452 1907 in-

401 1936 550 1987 rimis
569 1932 659 1981 ille
678 1927 850 1977 videri
876 1929 1110 1990 poterat,
1142 1942 1299 1992 quem
1325 1932 1451 1993 post

360 1956 523 2069 Ξιαβε
571 1990 629 2048 ἐκ
673 1992 822 2043 θεοῦ
868 1990 1087 2058 νέμεσις
1129 1990 1340 2060 μεγάλη
1379 1995 1447 2060 (Ι,

361 2072 476 2129 34),
523 2068 628 2130 Qui
656 2064 796 2113 enim
831 2062 1079 2113 homines
1109 2065 1178 2113 ob
1204 2066 1446 2131 nimiam,

360 2156 471 2206 qna
525 2137 802 2193 fruuntur,
851 2132 1173 2183 felicitatem
1219 2135 1445 2199 spiritus

358 2208 579 2260 sumunt
627 2206 681 2252 et
718 2202 921 2264 magis,
980 2218 1141 2267 qnam
1190 2205 1277 2255 fas
1339 2212 1443 2268 est,

358 2291 482 2327 sese
529 2287 695 2336 snpra
748 2270 986 2337 reliquos
1042 2274 1300 2324 mortales
1353 2275 1453 2325 tol-

354 2347 477 2396 lunt
514 2345 942 2405 arrogantcsque
966 2340 1120 2406 fiunt,
1157 2360 1342 2394 eorum
1370 2360 1453 2395 ar-

354 2412 667 2479 rogantiam
709 2411 1126 2476 superbiamque
1174 2414 1454 2465 calamita·

354 2485 504 2535 tibus
568 2481 911 2548 gravioribus
960 2482 1214 2532 immissis
1288 2485 1453 2534 casti·

355 2570 489 2621 gare
533 2552 673 2602 solet
722 2550 856 2601 deus
907 2564 1109 2616 eosque
1161 2554 1228 2603 de
1280 2553 1451 2604 fortu-

354 2641 459 2675 nae
494 2627 644 2672 statu
682 2620 944 2682 deiicere,
982 2636 1089 2686 quo
1129 2623 1452 2675 modestiam

356 2696 575 2746 discant
628 2707 731 2742 nec
790 2705 1029 2755 unquam
1080 2692 1340 2742 mortales
1390 2708 1450 2744 se

356 2781 481 2816 esse
533 2767 698 2827 atque
742 2759 985 2810 infirmos
1031 2759 1445 2814 obliviscantur.

354 2837 479 2885 Hoc
517 2833 685 2898 igitur
719 2844 883 2880 sensu
920 2828 1054 2879 deus
1097 2834 1182 2880 est
1229 2831 1463 2896 φθονε-.

356 2896 474 2967 ρός.
514 2900 833 2953 Sententiae
878 2897 1038 2948 huius
1075 2901 1319 2966 exempla
1355 2902 1450 2968 qui

353 2977 615 3039 quaerat,
676 2971 725 3019 is
786 2968 1039 3019 consulat
1100 2970 1451 3022 Valckenarii

355 3048 543 3094 notam
574 3041 612 3092 l.
652 3039 689 3090 1.
724 3038 851 3089 Alia
881 3039 1149 3103 quaedam
1176 3040 1304 3092 olim
1329 3042 1450 3106 ipse

353 3112 593 3163 excitavi
629 3109 698 3159 ad
733 3107 882 3159 Plut.
933 3107 1203 3161 Alcibiad.
1258 3128 1307 3162 c.
1358 3108 1444 3163 33.

353 3201 409 3247 p.
449 3180 593 3243 235„
653 3178 852 3245 quibus
912 3193 1055 3228 nunc
1110 3178 1251 3229 addo
1298 3180 1445 3231 Plut.

350 3251 689 3315 Philopoem.
747 3262 868 3312 cap.
949 3247 1034 3297 17.
1100 3248 1181 3299 18.
1251 3250 1450 3300 Pinda-

352 3338 469 3372 rum
520 3320 683 3385 Pyth.
732 3319 801 3379 X,
869 3314 957 3366 31.
1021 3316 1239 3382 Olymp.
1289 3319 1446 3383 VIII,

352 3393 455 3442 114
511 3391 644 3455 ibiq.
716 3385 920 3438 Taselii
978 3385 1257 3437 Dilucidd.
1318 3404 1445 3453 pag.

352 3459 456 3512 :323
494 3476 608 3525 seq.
634 3458 860 3523 Ditges:
891 3457 977 3506 De
1015 3456 1119 3505 fati
1156 3455 1303 3520 apud
1338 3459 1447 3508 He-

352 3530 531 3580 rodot.
582 3530 808 3579 notione
853 3542 909 3590 p.
948 3525 981 3576 6
1014 3541 1128 3590 seq.
1173 3527 1443 3578 Lasaulx:

352 3600 653 3651 Comment.
709 3597 775 3646 de
820 3595 1011 3645 mortis
1064 3594 1329 3648 dominat.
1388 3599 1446 3647 in

353 3675 490 3721 vett.
530 3686 584 3734 p.
627 3666 727 3717 467
769 3664 1029 3729 (Studien
1066 3663 1120 3714 d.
1161 3664 1325 3718 class.
1356 3667 1447 3718 Al-

353 3740 563 3801 terth.).
628 3734 871 3787 Eandem
902 3734 1233 3784 sententiam
1270 3735 1447 3787 decla-

353 3814 477 3858 rant
527 3806 835 3858 Pausanias
875 3804 950 3865 11,
1001 3802 1088 3854 33.
1141 3807 1192 3867 g.
1249 3804 1301 3856 3.
1350 3806 1449 3856 ali-

354 3878 508 3943 isque
563 3876 700 3927 locis
750 3890 783 3924 a
831 3872 1118 3924 Siebelisio
1188 3875 1447 3925 indicatis

356 3953 518 4011 atque
552 3946 850 4009 Dionysius
904 3941 1304 4007 Halicarnass„
1338 3946 1447 3995 He-

356 4017 531 4066 rodoti
607 4014 847 4078 vestigia
917 4012 1133 4078 legens,
1220 4014 1446 4079 Antiqq.

356 4087 565 4136 Romm.
614 4084 782 4144 VIII,
842 4082 931 4133 12:
997 4082 1330 4147 venenositas
1380 4078 1445 4134 ἆ-

360 4170 544 4205 παντα
591 4144 710 4204 ὑπὸ
756 4149 916 4201 θεῶν
961 4144 1031 4201 τὰ
1070 4142 1442 4218 ὑπερέχοντα,

358 4228 411 4274 et
458 4225 560 4285 111,
609 4222 699 4274 21.
746 4221 871 4274 init.
922 4215 1036 4273 ἔδει
1083 4215 1147 4272 δὲ
1187 4216 1300 4287 ἄρα
1348 4219 1445 4273 καὶ

354 4292 559 4343 τοῦτον
620 4284 723 4342 τὸν
778 4281 1101 4358 ἄνθρωπον
1168 4281 1308 4342 ὄντα
1364 4286 1442 4358 μὴ

352 4355 542 4413 πάντα
579 4359 918 4427 διευτυχεῖν,
959 4353 1079 4410 ἀλλ’
1117 4351 1448 4412 ἀπολαῦσαί

350 4448 401 4481 τι
424 4432 529 4483 τοῦ
563 4429 943 4498 φθονεροῦ
976 4428 1271 4496 δαίμονος.
1294 4432 1441 4483 Hinc

1563 1031 1651 1081 vel
1689 1029 1952 1094 Iosephus
1985 1027 2235 1097 (Antiqq.
2274 1033 2435 1085 Iudd.
2477 1036 2659 1101 XVII,

1565 1101 1659 1161 13,
1697 1100 1774 1161 5.)
1822 1090 1887 1146 τὸ
1922 1097 2096 1148 θεῖον
2131 1100 2264 1151 dicit
2302 1101 2543 1155 divinam
2579 1122 2660 1157 re·

1561 1184 1679 1218 rum
1719 1167 2078 1218 humanarum
2111 1170 2477 1233 prudentiam.
2533 1175 2662 1227 Alia

1559 1252 1704 1286 nunc
1733 1236 1892 1286 mitto
1918 1241 2219 1303 poetarum,
2250 1242 2537 1306 Sophoclis
2562 1262 2656 1310 po-

1558 1306 1832 1356 tissimum
1862 1307 2178 1359 testimonia
2213 1308 2280 1360 de
2317 1311 2539 1364 deornm
2576 1315 2656 1364 in-

1556 1375 1710 1426 vidia
1755 1391 1878 1426 cum
1928 1376 2209 1428 Herodoto
2269 1397 2538 1446 congrua,
2590 1383 2659 1434 de

1561 1445 1756 1511 quibus
1792 1444 1865 1496 cf.
1903 1444 1964 1495 C.
1997 1446 2254 1498 Eichhoff
2289 1451 2346 1499 in
2380 1467 2657 1517 program-

1559 1520 1704 1565 mate
1741 1514 2039 1580 Duisburg.
2080 1518 2210 1567 anni
2250 1519 2404 1571 1846.
2445 1523 2653 1573 Jacobs

1556 1584 1886 1635 Vermischt.
1912 1584 2136 1639 Schrift.
2175 1588 2272 1638 VI.
2302 1605 2358 1653 p.
2385 1591 2487 1641 208
2499 1608 2650 1657 seqq.

1555 1654 1836 1704 Duentzer
1883 1653 1965 1703 in:
2001 1655 2319 1706 zeitschrift
2355 1658 2444 1708 fiir
2481 1660 2656 1710 Alter-

1554 1723 1888 1773 thumswiss.
1919 1721 2074 1774 1836.
2105 1740 2160 1789 p.
2193 1725 2327 1777 1052
2350 1743 2464 1793 seq.
2486 1730 2652 1779 Dabl-

1553 1806 1737 1843 mann.
1777 1794 1833 1842 in
1870 1792 2009 1843 libro
2045 1793 2113 1844 de
2140 1794 2408 1846 Herodoti
2437 1798 2555 1847 vita
2584 1814 2650 1849 ac

1556 1863 1719 1912 rebus
1765 1877 1893 1927 pag.
1947 1862 2042 1912 177
2088 1878 2203 1927 seq.
2264 1870 2430 1930 atque
2474 1866 2651 1917 Gneu-

1553 1932 1693 1981 ther.
1744 1931 1801 1980 in
1852 1937 2256 1995 programmate
2301 1932 2648 1999 scholastico,

1555 2000 1699 2066 quod
1734 1999 2044 2050 Helmstad.
2088 2001 2242 2052 1824.
2275 2002 2499 2067 prodiit,
2525 2020 2649 2055 con-

1553 2072 1735 2120 tinens
1785 2068 2266 2133 „explanationem
2321 2071 2429 2122 loci
2476 2074 2648 2125 Hero-

1552 2140 1702 2190 dotei
1734 2138 1802 2188 de
1836 2136 1985 2205 Θείῳ
2013 2137 2357 2206 φθονερῷ.“
2393 2142 2557 2193 Aliai
2598 2145 2646 2193 si

1550 2212 1607 2260 in
1620 2210 1982 2260 commentat.
2008 2207 2075 2259 de
2099 2209 2200 2261 vit.
2221 2214 2276 2260 et
2297 2212 2512 2279 scriptt.
2594 2229 2645 2265 e·

1552 2278 1735 2330 rodoti
1770 2282 1821 2342 §-
1865 2279 1948 2329 12.
1986 2278 2289 2332 afferemus.

1623 2372 1808 2431 πολλὰ
1838 2374 1943 2445 μέν
1977 2370 2091 2431 ἐστι
2127 2375 2295 2446 ἰδεῖν,
2333 2376 2403 2433 τὰ
2436 2376 2516 2449 μή
2563 2402 2651 2444 τις

1552 2441 1756 2517 ἐθέλει]
1796 2451 1834 2500 i.
1876 2465 1924 2500 e.
1976 2453 2196 2513 „multas
2245 2468 2331 2503 res
2377 2454 2647 2518 adversas,

1549 2524 1703 2584 mala,
1739 2520 2115 2573 calamitates.“
2152 2520 2278 2571 vid.
2317 2527 2456 2573 nott.
2492 2524 2564 2573 ad
2601 2525 2649 2585 Ι,

1555 2592 1639 2643 16.
1701 2592 1748 2639 Ε
1805 2587 2121 2638 melioribus
2183 2589 2339 2640 libris
2393 2593 2650 2643 revocavi

1552 2674 1676 2710 cum
1722 2661 1953 2709 recentt.
2002 2656 2126 2707 edd.
2174 2651 2326 2707 ἰδεῖν
2366 2657 2492 2723 (pro
2533 2655 2648 2711 ἰδέ-

1551 2730 1662 2790 ειν)
1702 2732 1758 2777 et
1794 2724 2013 2775 παθεῖν
2059 2725 2181 2791 (pro
2217 2724 2508 2791 παθέειν).
2558 2731 2644 2780 Cf.

1550 2798 1597 2860 Ι,
1636 2798 1724 2847 24.
1763 2795 1856 2847 Sic
1901 2810 2118 2862 quoque
2163 2796 2310 2852 infra
2356 2796 2482 2849 dedi
2527 2787 2647 2849 ἐπι-

1551 2868 1726 2932 σχεῖν.

1620 2956 1780 3019 οὗτοι
1840 2958 2028 3026 ἐόντες
2092 2958 2342 3020 ἐνιαυτοὶ
2401 2962 2645 3040 ἑβδομή-

1548 3054 1728 3090 κοντα
1772 3033 2153 3104 παρέρχονται
2217 3054 2268 3091 κ.
2317 3056 2364 3090 τ.
2412 3041 2486 3109 λ.]
2535 3044 2640 3095 Lo-

1549 3126 1671 3160 cum
1717 3108 2159 3172 vexatissimum,
2213 3111 2307 3176 qui
2354 3115 2439 3162 tot
2494 3113 2642 3165 viros

1554 3178 1744 3230 doctos
1794 3179 2061 3241 exercuit,
2109 3179 2377 3231 intactum
2422 3181 2640 3248 reliqui,

1550 3249 1870 3314 praesertim
1897 3263 2019 3297 cum
2052 3248 2187 3299 nihil
2220 3250 2471 3313 habeam,
2497 3251 2643 3317 quod

1550 3320 1669 3383 ipse
1704 3318 1976 3382 proferam
2013 3319 2159 3380 novi,
2207 3334 2312 3384 quo
2351 3319 2645 3371 difficulta-

1548 3393 1634 3438 tes
1673 3388 1833 3437 huius
1877 3386 1984 3436 loci
2041 3386 2327 3449 tollantur,
2374 3389 2466 3437 vix
2522 3406 2643 3440 meo

1549 3462 1696 3508 certe
1734 3456 1935 3506 iudicio
1969 3455 2260 3518 tollendae,
2287 3457 2393 3505 nisi
2426 3457 2647 3508 aliunde

1547 3542 1693 3577 nova
1739 3525 2017 3591 praesidia
2052 3529 2452 3589 comparentur.
2510 3526 2646 3576 Cum

1551 3597 1694 3647 enim
1768 3611 1833 3646 ex
1897 3592 2167 3643 Herodoti
2237 3596 2645 3658 computatione

1550 3664 1906 3731 septuaginta
1942 3661 2071 3711 anni
2108 3660 2399 3712 conficiant
2435 3662 2643 3715 dierum

1550 3749 1816 3785 summam
1884 3730 2085 3791 25200,
2151 3731 2367 3781 omissis
2439 3734 2643 3800 quippe

1548 3803 1830 3855 mensibus
1853 3798 2269 3851 intercalaribus
2288 3839 2301 3864 ,
2327 3802 2522 3866 quibus
2548 3805 2642 3855 ad-

1549 3874 1679 3924 ditis
1719 3872 1892 3943 altero
1930 3885 2145 3937 quoque
2193 3886 2337 3922 anno
2376 3873 2649 3925 exsistant

1549 3944 1751 3994 2625οε
1799 3940 1892 3991 illo
1933 3939 2091 3990 modo
2140 3955 2314 3990 annus
2363 3945 2643 3995 constabit

1553 4012 1745 4063 diebus
1783 4010 1886 4062 360
1922 4010 2084 4076 (quae
2118 4010 2387 4061 Herodoti
2425 4028 2642 4079 quoque

1548 4087 1633 4132 est
1693 4080 1964 4132 sententia
2010 4080 2118 4143 111,
2167 4076 2284 4143 10),
2328 4079 2435 4131 hoc
2480 4083 2641 4134 modo

1547 4153 1649 4204 375
1688 4151 1897 4213 diebus,
1922 4150 2068 4214 quod
2104 4149 2294 4215 utique
2330 4149 2488 4201 nimis
2525 4151 2640 4202 lon-

1544 4238 1691 4287 gum,
1755 4236 1855 4270 nec
1905 4219 2032 4279 tale,
2090 4234 2194 4283 quo
2250 4222 2640 4285 tempestatum

1542 4292 1816 4352 rationes,
1855 4289 1938 4339 uti
1985 4287 2038 4337 h.
2089 4288 2126 4338 1.
2165 4287 2288 4338 vult
2336 4288 2492 4352 Solo,
2531 4306 2638 4341 me-

1543 4361 1647 4410 lius
1696 4360 2105 4409 conserventur.
2158 4360 2339 4421 Quare
2376 4358 2467 4407 vix
2506 4375 2639 4411 vera

1544 4430 1610 4482 de
1645 4431 1873 4495 antiqua
1910 4426 2271 4477 intercalandi
2306 4425 2429 4490 lege
2463 4427 2636 4479 Hero-
