<?xml version="1.0" encoding="UTF-8"?>
<!DOCTYPE html PUBLIC "-//W3C//DTD XHTML 1.0 Transitional//EN"
    "http://www.w3.org/TR/xhtml1/DTD/xhtml1-transitional.dtd">
<html xmlns="http://www.w3.org/1999/xhtml" xml:lang="en" lang="en">
 <head>
  <title>
</title>
<meta http-equiv="Content-Type" content="text/html;charset=utf-8" />
  <meta name='ocr-system' content='tesseract 3.04.00' />
  <meta name='ocr-capabilities' content='ocr_page ocr_carea ocr_par ocr_line ocrx_word'/>
</head>
<body>
  <div class='ocr_page' id='page_1' title='image "./herodotihalicar02unkngoog_0056.png"; bbox 0 0 3109 5092; ppageno 0'>
   <div class='ocr_carea' id='block_1_1' title="bbox 479 324 1900 395">
    <p class='ocr_par' dir='ltr' id='par_1_1' title="bbox 479 324 1900 395">
     <span class='ocr_line' id='line_1_1' title="bbox 479 324 1900 395; baseline -0.007 -1"><span class='ocrx_word' id='word_1_1' title='bbox 479 331 561 395; x_wconf 82' lang='lat'><strong>36</strong></span> <span class='ocrx_word' id='word_1_2' title='bbox 1354 324 1900 388; x_wconf 86' lang='lat' dir='ltr'><strong>HERODOTI</strong></span> 
     </span>
    </p>
   </div>
   <div class='ocr_carea' id='block_1_2' title="bbox 392 495 2768 1009">
    <p class='ocr_par' dir='ltr' id='par_1_2' title="bbox 392 495 2768 1009">
     <span class='ocr_line' id='line_1_2' title="bbox 477 495 2761 595; baseline -0.004 -19"><span class='ocrx_word' id='word_1_3' title='bbox 477 504 628 577; x_wconf 75' lang='grc' dir='ltr'><strong><em>ἀλλ’</em></strong></span> <span class='ocrx_word' id='word_1_4' title='bbox 654 503 861 575; x_wconf 72' lang='grc' dir='ltr'><strong><em>οὐδὲν</em></strong></span> <span class='ocrx_word' id='word_1_5' title='bbox 886 501 1015 595; x_wconf 74' lang='grc' dir='ltr'><strong>γὰρ</strong></span> <span class='ocrx_word' id='word_1_6' title='bbox 1043 507 1213 593; x_wconf 80' lang='grc' dir='ltr'><strong><em>μέγα</em></strong></span> <span class='ocrx_word' id='word_1_7' title='bbox 1245 508 1446 592; x_wconf 73' lang='grc' dir='ltr'><strong><em>ἔργον</em></strong></span> <span class='ocrx_word' id='word_1_8' title='bbox 1470 495 1578 569; x_wconf 80' lang='grc' dir='ltr'><strong>ἀπ’</strong></span> <span class='ocrx_word' id='word_1_9' title='bbox 1604 496 1815 570; x_wconf 83' lang='grc' dir='ltr'><strong><em>αὐτοῦ</em></strong></span> <span class='ocrx_word' id='word_1_10' title='bbox 1840 496 2005 570; x_wconf 76' lang='grc' dir='ltr'><strong><em>ἄλλο</em></strong></span> <span class='ocrx_word' id='word_1_11' title='bbox 2027 502 2290 587; x_wconf 79' lang='grc' dir='ltr'><strong><em>ἐγένετο</em></strong></span> <span class='ocrx_word' id='word_1_12' title='bbox 2313 501 2761 589; x_wconf 81' lang='grc' dir='ltr'><strong><em>βασιλεύσαν-</em></strong></span> 
     </span>
     <span class='ocr_line' id='line_1_3' title="bbox 480 604 2765 696; baseline -0.004 -16"><span class='ocrx_word' id='word_1_13' title='bbox 480 638 590 690; x_wconf 91' lang='grc' dir='ltr'><strong><em>τος</em></strong></span> <span class='ocrx_word' id='word_1_14' title='bbox 631 615 823 679; x_wconf 76' lang='grc' dir='ltr'><strong><em>δυῶν</em></strong></span> <span class='ocrx_word' id='word_1_15' title='bbox 870 611 1109 678; x_wconf 82' lang='grc' dir='ltr'><strong><em>δέοντα</em></strong></span> <span class='ocrx_word' id='word_1_16' title='bbox 1151 605 1638 695; x_wconf 81' lang='grc' dir='ltr'><strong><em>τεσσεράκοντα</em></strong></span> <span class='ocrx_word' id='word_1_17' title='bbox 1679 609 1863 689; x_wconf 83' lang='grc' dir='ltr'><strong><em>ἔτεα,</em></strong></span> <span class='ocrx_word' id='word_1_18' title='bbox 1916 609 2157 673; x_wconf 85' lang='grc' dir='ltr'><strong><em>τοῦτον</em></strong></span> <span class='ocrx_word' id='word_1_19' title='bbox 2199 606 2324 692; x_wconf 74' lang='grc' dir='ltr'><strong>μὲν</strong></span> <span class='ocrx_word' id='word_1_20' title='bbox 2377 604 2765 696; x_wconf 76' lang='grc' dir='ltr'><strong><em>παρήσομεν</em></strong></span> 
     </span>
     <span class='ocr_line' id='line_1_4' title="bbox 392 705 2767 802; baseline -0.005 -17"><span class='ocrx_word' id='word_1_21' title='bbox 392 719 770 786; x_wconf 81' lang='grc' dir='ltr'><strong><em>15τοσαῦτα</em></strong></span> <span class='ocrx_word' id='word_1_22' title='bbox 810 712 1357 802; x_wconf 81' lang='grc' dir='ltr'><strong><em>ἐπιμνησθέντες.</em></strong></span> <span class='ocrx_word' id='word_1_23' title='bbox 1428 705 1718 797; x_wconf 70' lang='grc' dir='ltr'><strong><em>’Ἄρδυος</em></strong></span> <span class='ocrx_word' id='word_1_24' title='bbox 1763 705 1834 775; x_wconf 76' lang='grc' dir='ltr'><strong>δὲ</strong></span> <span class='ocrx_word' id='word_1_25' title='bbox 1878 713 1998 777; x_wconf 84' lang='grc' dir='ltr'><strong><em>τοῦ</em></strong></span> <span class='ocrx_word' id='word_1_26' title='bbox 2043 707 2277 794; x_wconf 78' lang='grc' dir='ltr'><strong><em>Γύγεω</em></strong></span> <span class='ocrx_word' id='word_1_27' title='bbox 2320 707 2486 796; x_wconf 78' lang='grc' dir='ltr'><strong><em>μετὰ</em></strong></span> <span class='ocrx_word' id='word_1_28' title='bbox 2535 707 2767 794; x_wconf 80' lang='grc' dir='ltr'><strong><em>Γύγην</em></strong></span> 
     </span>
     <span class='ocr_line' id='line_1_5' title="bbox 482 801 2768 906; baseline -0.004 -19"><span class='ocrx_word' id='word_1_29' title='bbox 482 816 1003 906; x_wconf 80' lang='grc' dir='ltr'><strong><em>βασιλεύσαντος</em></strong></span> <span class='ocrx_word' id='word_1_30' title='bbox 1041 814 1312 904; x_wconf 85' lang='grc' dir='ltr'><strong><em>μνήμην</em></strong></span> <span class='ocrx_word' id='word_1_31' title='bbox 1361 811 1741 900; x_wconf 83' lang='grc' dir='ltr'><strong><em>ποιήσομαι.</em></strong></span> <span class='ocrx_word' id='word_1_32' title='bbox 1802 801 1998 892; x_wconf 85' lang='grc' dir='ltr'><strong><em>οὗτος</em></strong></span> <span class='ocrx_word' id='word_1_33' title='bbox 2027 811 2103 880; x_wconf 77' lang='grc' dir='ltr'><strong>δὲ</strong></span> <span class='ocrx_word' id='word_1_34' title='bbox 2136 816 2469 901; x_wconf 81' lang='grc' dir='ltr'><strong><em>Πριηνέας</em></strong></span> <span class='ocrx_word' id='word_1_35' title='bbox 2520 838 2591 880; x_wconf 86' lang='grc' dir='ltr'><strong>τε</strong></span> <span class='ocrx_word' id='word_1_36' title='bbox 2631 805 2768 879; x_wconf 80' lang='grc' dir='ltr'><strong><em>εἷλε</em></strong></span> 
     </span>
     <span class='ocr_line' id='line_1_6' title="bbox 482 912 2764 1009; baseline -0.004 -19"><span class='ocrx_word' id='word_1_37' title='bbox 482 925 549 1000; x_wconf 80' lang='grc' dir='ltr'><strong>ἐς</strong></span> <span class='ocrx_word' id='word_1_38' title='bbox 594 919 907 1009; x_wconf 86' lang='grc' dir='ltr'><strong><em>Μίλητόν</em></strong></span> <span class='ocrx_word' id='word_1_39' title='bbox 960 947 1033 989; x_wconf 86' lang='grc' dir='ltr'><strong>τε</strong></span> <span class='ocrx_word' id='word_1_40' title='bbox 1074 922 1369 1007; x_wconf 77' lang='grc' dir='ltr'><strong><em>ἐσέβαλε.</em></strong></span> <span class='ocrx_word' id='word_1_41' title='bbox 1448 917 1556 997; x_wconf 75' lang='grc' dir='ltr'><strong>ἐπὶ</strong></span> <span class='ocrx_word' id='word_1_42' title='bbox 1594 912 1838 984; x_wconf 82' lang='grc' dir='ltr'><strong><em>τούτου</em></strong></span> <span class='ocrx_word' id='word_1_43' title='bbox 1881 942 1955 984; x_wconf 85' lang='grc' dir='ltr'><strong>τε</strong></span> <span class='ocrx_word' id='word_1_44' title='bbox 2002 916 2535 1004; x_wconf 81' lang='grc' dir='ltr'><strong><em>τυραννεύοντος</em></strong></span> <span class='ocrx_word' id='word_1_45' title='bbox 2579 923 2764 1004; x_wconf 88' lang='grc' dir='ltr'><strong><em>Σαρ-</em></strong></span> 
     </span>
    </p>
   </div>
   <div class='ocr_carea' id='block_1_3' title="bbox 1802 1048 1829 1076">
    <p class='ocr_par' dir='ltr' id='par_1_3' title="bbox 1802 1048 1829 1076">
     <span class='ocr_line' id='line_1_7' title="bbox 1802 1048 1829 1076; baseline 0 0"><span class='ocrx_word' id='word_1_46' title='bbox 1802 1048 1829 1076; x_wconf 72' lang='grc' dir='ltr'><em>Ι</em></span> 
     </span>
    </p>
   </div>
   <div class='ocr_carea' id='block_1_4' title="bbox 482 1104 2776 1811">
    <p class='ocr_par' dir='ltr' id='par_1_4' title="bbox 482 1104 2776 1811">
     <span class='ocr_line' id='line_1_8' title="bbox 553 1104 2771 1183; baseline -0.003 -14"><span class='ocrx_word' id='word_1_47' title='bbox 553 1110 673 1169; x_wconf 77' lang='grc' dir='ltr'><strong><em>ἀλλ’</em></strong></span> <span class='ocrx_word' id='word_1_48' title='bbox 715 1110 889 1169; x_wconf 70' lang='grc' dir='ltr'><strong><em>οὐδὲν</em></strong></span> <span class='ocrx_word' id='word_1_49' title='bbox 939 1112 1045 1183; x_wconf 81' lang='grc' dir='ltr'><strong><em>γὰρ</em></strong></span> <span class='ocrx_word' id='word_1_50' title='bbox 1081 1116 1220 1183; x_wconf 78' lang='grc' dir='ltr'><strong><em>μέγα</em></strong></span> <span class='ocrx_word' id='word_1_51' title='bbox 1262 1111 1431 1182; x_wconf 77' lang='grc' dir='ltr'><strong><em>ἔργον</em></strong></span> <span class='ocrx_word' id='word_1_52' title='bbox 1467 1104 1571 1166; x_wconf 78' lang='grc' dir='ltr'><strong>ἀπ’</strong></span> <span class='ocrx_word' id='word_1_53' title='bbox 1679 1116 1751 1166; x_wconf 87' lang='lat' dir='ltr'><strong>ad</strong></span> <span class='ocrx_word' id='word_1_54' title='bbox 1772 1115 2113 1178; x_wconf 87' lang='lat' dir='ltr'><strong>Phraortem‚</strong></span> <span class='ocrx_word' id='word_1_55' title='bbox 2141 1115 2424 1167; x_wconf 82' lang='lat' dir='ltr'><strong>Medorum</strong></span> <span class='ocrx_word' id='word_1_56' title='bbox 2457 1131 2659 1181; x_wconf 78' lang='lat' dir='ltr'><strong>regem,</strong></span> <span class='ocrx_word' id='word_1_57' title='bbox 2693 1114 2771 1162; x_wconf 88' lang='lat' dir='ltr'><strong>ire</strong></span> 
     </span>
     <span class='ocr_line' id='line_1_9' title="bbox 484 1180 2771 1253; baseline -0.003 -15"><span class='ocrx_word' id='word_1_58' title='bbox 484 1180 666 1238; x_wconf 79' lang='grc' dir='ltr'><strong><em>αὐτοῦ</em></strong></span> <span class='ocrx_word' id='word_1_59' title='bbox 734 1180 869 1238; x_wconf 78' lang='grc' dir='ltr'><strong><em>ἄλλο</em></strong></span> <span class='ocrx_word' id='word_1_60' title='bbox 940 1181 1181 1253; x_wconf 75' lang='grc' dir='ltr'><strong><em>ἐγένετο]</em></strong></span> <span class='ocrx_word' id='word_1_61' title='bbox 1249 1187 1576 1238; x_wconf 81' lang='lat' dir='ltr'><strong>Schaeferus</strong></span> <span class='ocrx_word' id='word_1_62' title='bbox 1679 1185 1963 1250; x_wconf 78' lang='lat' dir='ltr'><strong>cogitabat</strong></span> <span class='ocrx_word' id='word_1_63' title='bbox 1999 1185 2389 1249; x_wconf 75' lang='lat' dir='ltr'>Aristomenes,</span> <span class='ocrx_word' id='word_1_64' title='bbox 2429 1201 2594 1250; x_wconf 90' lang='lat' dir='ltr'><strong>quum</strong></span> <span class='ocrx_word' id='word_1_65' title='bbox 2630 1185 2771 1234; x_wconf 82' lang='lat' dir='ltr'><strong>Mes·</strong></span> 
     </span>
     <span class='ocr_line' id='line_1_10' title="bbox 483 1254 2773 1309; baseline -0.003 -1"><span class='ocrx_word' id='word_1_66' title='bbox 483 1260 629 1309; x_wconf 87' lang='lat' dir='ltr'><strong>hunc</strong></span> <span class='ocrx_word' id='word_1_67' title='bbox 660 1259 842 1309; x_wconf 88' lang='lat' dir='ltr'><strong>locum</strong></span> <span class='ocrx_word' id='word_1_68' title='bbox 872 1258 1104 1309; x_wconf 85' lang='lat' dir='ltr'><strong>laudans</strong></span> <span class='ocrx_word' id='word_1_69' title='bbox 1143 1259 1201 1308; x_wconf 89' lang='lat' dir='ltr'><strong>in</strong></span> <span class='ocrx_word' id='word_1_70' title='bbox 1222 1257 1432 1308; x_wconf 81' lang='lat' dir='ltr'><strong>Melett.</strong></span> <span class='ocrx_word' id='word_1_71' title='bbox 1473 1256 1578 1306; x_wconf 87' lang='lat' dir='ltr'><strong>cri·</strong></span> <span class='ocrx_word' id='word_1_72' title='bbox 1679 1256 1899 1305; x_wconf 86' lang='lat' dir='ltr'><strong>seniaco</strong></span> <span class='ocrx_word' id='word_1_73' title='bbox 1935 1254 2078 1305; x_wconf 88' lang='lat' dir='ltr'><strong>bello</strong></span> <span class='ocrx_word' id='word_1_74' title='bbox 2120 1255 2294 1306; x_wconf 86' lang='lat' dir='ltr'><strong>altero</strong></span> <span class='ocrx_word' id='word_1_75' title='bbox 2333 1256 2486 1305; x_wconf 89' lang='lat' dir='ltr'><strong>finito</strong></span> <span class='ocrx_word' id='word_1_76' title='bbox 2523 1254 2773 1306; x_wconf 81' lang='lat' dir='ltr'><strong>Rhodum</strong></span> 
     </span>
     <span class='ocr_line' id='line_1_11' title="bbox 483 1317 2774 1393; baseline -0.003 -15"><span class='ocrx_word' id='word_1_77' title='bbox 483 1329 611 1378; x_wconf 83' lang='lat' dir='ltr'><strong>tice.</strong></span> <span class='ocrx_word' id='word_1_78' title='bbox 656 1345 710 1392; x_wconf 87' lang='lat' dir='ltr'><strong>p.</strong></span> <span class='ocrx_word' id='word_1_79' title='bbox 765 1330 832 1378; x_wconf 86' lang='lat'><strong>75</strong></span> <span class='ocrx_word' id='word_1_80' title='bbox 877 1327 988 1393; x_wconf 82' lang='lat' dir='ltr'><strong>legi</strong></span> <span class='ocrx_word' id='word_1_81' title='bbox 1034 1327 1155 1377; x_wconf 83' lang='lat' dir='ltr'><strong>vult</strong></span> <span class='ocrx_word' id='word_1_82' title='bbox 1199 1317 1312 1376; x_wconf 76' lang='grc' dir='ltr'><strong>ὑπ’</strong></span> <span class='ocrx_word' id='word_1_83' title='bbox 1363 1317 1576 1385; x_wconf 70' lang='grc' dir='ltr'><strong><em>αὐτοῦς</em></strong></span> <span class='ocrx_word' id='word_1_84' title='bbox 1681 1340 1741 1374; x_wconf 89' lang='lat' dir='ltr'><strong>se</strong></span> <span class='ocrx_word' id='word_1_85' title='bbox 1774 1326 2060 1389; x_wconf 84' lang='lat' dir='ltr'><strong>reciperet,</strong></span> <span class='ocrx_word' id='word_1_86' title='bbox 2085 1326 2392 1390; x_wconf 83' lang='lat' dir='ltr'><strong>Damageto</strong></span> <span class='ocrx_word' id='word_1_87' title='bbox 2421 1325 2633 1390; x_wconf 78' lang='lat' dir='ltr'><strong>Jalyssi</strong></span> <span class='ocrx_word' id='word_1_88' title='bbox 2656 1323 2774 1387; x_wconf 78' lang='lat' dir='ltr'><strong>regi</strong></span> 
     </span>
     <span class='ocr_line' id='line_1_12' title="bbox 482 1393 2773 1461; baseline -0.002 -15"><span class='ocrx_word' id='word_1_89' title='bbox 482 1398 673 1447; x_wconf 80' lang='lat' dir='ltr'><strong>invitis</strong></span> <span class='ocrx_word' id='word_1_90' title='bbox 710 1398 958 1449; x_wconf 88' lang='lat' dir='ltr'><strong>omnibus</strong></span> <span class='ocrx_word' id='word_1_91' title='bbox 992 1397 1174 1459; x_wconf 86' lang='lat' dir='ltr'><strong>libris,</strong></span> <span class='ocrx_word' id='word_1_92' title='bbox 1217 1411 1445 1461; x_wconf 86' lang='lat' dir='ltr'><strong>quorum</strong></span> <span class='ocrx_word' id='word_1_93' title='bbox 1480 1410 1578 1445; x_wconf 84' lang='lat' dir='ltr'><strong>au·</strong></span> <span class='ocrx_word' id='word_1_94' title='bbox 1681 1394 1847 1444; x_wconf 88' lang='lat' dir='ltr'><strong>filiam</strong></span> <span class='ocrx_word' id='word_1_95' title='bbox 1892 1394 2227 1445; x_wconf 76' lang='lat' dir='ltr'><strong>adducturus</strong></span> <span class='ocrx_word' id='word_1_96' title='bbox 2285 1395 2588 1460; x_wconf 82' lang='lat' dir='ltr'><strong>coniugem.</strong></span> <span class='ocrx_word' id='word_1_97' title='bbox 2665 1393 2773 1443; x_wconf 88' lang='lat' dir='ltr'><strong>Sed</strong></span> 
     </span>
     <span class='ocr_line' id='line_1_13' title="bbox 484 1464 2770 1531; baseline -0.002 -15"><span class='ocrx_word' id='word_1_98' title='bbox 484 1467 796 1517; x_wconf 84' lang='lat' dir='ltr'><strong>ctoritatem</strong></span> <span class='ocrx_word' id='word_1_99' title='bbox 821 1468 958 1517; x_wconf 88' lang='lat' dir='ltr'><strong>satis</strong></span> <span class='ocrx_word' id='word_1_100' title='bbox 981 1472 1167 1517; x_wconf 88' lang='lat' dir='ltr'><strong>tuetur</strong></span> <span class='ocrx_word' id='word_1_101' title='bbox 1184 1482 1314 1517; x_wconf 85' lang='lat' dir='ltr'><strong>usus</strong></span> <span class='ocrx_word' id='word_1_102' title='bbox 1339 1466 1577 1531; x_wconf 77' lang='lat' dir='ltr'><strong>linguae,</strong></span> <span class='ocrx_word' id='word_1_103' title='bbox 1681 1470 1854 1513; x_wconf 88' lang='lat' dir='ltr'><strong>morte</strong></span> <span class='ocrx_word' id='word_1_104' title='bbox 1878 1479 2170 1528; x_wconf 85' lang='lat' dir='ltr'><strong>oppressus</strong></span> <span class='ocrx_word' id='word_1_105' title='bbox 2195 1465 2422 1529; x_wconf 79' lang='lat' dir='ltr'><strong>exsequi</strong></span> <span class='ocrx_word' id='word_1_106' title='bbox 2442 1480 2549 1514; x_wconf 92' lang='lat' dir='ltr'><strong>non</strong></span> <span class='ocrx_word' id='word_1_107' title='bbox 2571 1464 2770 1528; x_wconf 87' lang='lat' dir='ltr'><strong>potuit.</strong></span> 
     </span>
     <span class='ocr_line' id='line_1_14' title="bbox 485 1533 2776 1601; baseline -0.002 -16"><span class='ocrx_word' id='word_1_108' title='bbox 485 1552 608 1585; x_wconf 89' lang='lat' dir='ltr'><strong>cum</strong></span> <span class='ocrx_word' id='word_1_109' title='bbox 643 1536 789 1587; x_wconf 88' lang='lat' dir='ltr'><strong>haud</strong></span> <span class='ocrx_word' id='word_1_110' title='bbox 818 1552 944 1587; x_wconf 89' lang='lat' dir='ltr'><strong>raro</strong></span> <span class='ocrx_word' id='word_1_111' title='bbox 978 1537 1060 1600; x_wconf 89' lang='lat' dir='ltr'><strong>id,</strong></span> <span class='ocrx_word' id='word_1_112' title='bbox 1101 1536 1247 1601; x_wconf 88' lang='lat' dir='ltr'><strong>quod</strong></span> <span class='ocrx_word' id='word_1_113' title='bbox 1270 1536 1486 1586; x_wconf 91' lang='lat' dir='ltr'><strong>omnino</strong></span> <span class='ocrx_word' id='word_1_114' title='bbox 1510 1550 1577 1584; x_wconf 87' lang='lat' dir='ltr'><strong>ex</strong></span> <span class='ocrx_word' id='word_1_115' title='bbox 1677 1533 1802 1584; x_wconf 89' lang='lat' dir='ltr'><strong>Vid.</strong></span> <span class='ocrx_word' id='word_1_116' title='bbox 1844 1535 2082 1583; x_wconf 79' lang='lat' dir='ltr'><strong>Pausan.</strong></span> <span class='ocrx_word' id='word_1_117' title='bbox 2122 1535 2218 1597; x_wconf 90' lang='lat' dir='ltr'><strong>IV,</strong></span> <span class='ocrx_word' id='word_1_118' title='bbox 2265 1538 2352 1598; x_wconf 81' lang='lat'><strong>24,</strong></span> <span class='ocrx_word' id='word_1_119' title='bbox 2399 1535 2449 1584; x_wconf 94' lang='lat' dir='ltr'><strong>l.</strong></span> <span class='ocrx_word' id='word_1_120' title='bbox 2503 1535 2776 1597; x_wconf 80' lang='lat' dir='ltr'><strong>Tempora</strong></span> 
     </span>
     <span class='ocr_line' id='line_1_15' title="bbox 486 1602 2775 1687; baseline -0.002 -32"><span class='ocrx_word' id='word_1_121' title='bbox 486 1605 670 1687; x_wconf 71' lang='lat' dir='ltr'><strong>aliquo</strong></span> <span class='ocrx_word' id='word_1_122' title='bbox 705 1607 1009 1671; x_wconf 84' lang='lat' dir='ltr'><strong>profectum</strong></span> <span class='ocrx_word' id='word_1_123' title='bbox 1037 1610 1139 1669; x_wconf 87' lang='lat' dir='ltr'><strong>est,</strong></span> <span class='ocrx_word' id='word_1_124' title='bbox 1170 1606 1578 1671; x_wconf 75' lang='lat' dir='ltr'><strong>praepositione</strong></span> <span class='ocrx_word' id='word_1_125' title='bbox 1623 1650 1628 1657; x_wconf 80' lang='grc'>,</span> <span class='ocrx_word' id='word_1_126' title='bbox 1677 1604 1800 1668; x_wconf 89' lang='lat' dir='ltr'><strong>ipsa</strong></span> <span class='ocrx_word' id='word_1_127' title='bbox 1855 1604 2211 1654; x_wconf 79' lang='lat' dir='ltr'><strong>conveniunt:</strong></span> <span class='ocrx_word' id='word_1_128' title='bbox 2282 1619 2517 1669; x_wconf 89' lang='lat' dir='ltr'><strong>namque</strong></span> <span class='ocrx_word' id='word_1_129' title='bbox 2573 1602 2775 1652; x_wconf 86' lang='lat' dir='ltr'><strong>bellum</strong></span> 
     </span>
     <span class='ocr_line' id='line_1_16' title="bbox 486 1667 2772 1742; baseline -0.002 -18"><span class='ocrx_word' id='word_1_130' title='bbox 486 1667 603 1725; x_wconf 78' lang='grc' dir='ltr'><strong><em>ἄπο</em></strong></span> <span class='ocrx_word' id='word_1_131' title='bbox 646 1676 949 1738; x_wconf 85' lang='lat' dir='ltr'><strong>indicetur,</strong></span> <span class='ocrx_word' id='word_1_132' title='bbox 988 1682 1050 1726; x_wconf 91' lang='lat' dir='ltr'><strong>ut</strong></span> <span class='ocrx_word' id='word_1_133' title='bbox 1096 1676 1182 1737; x_wconf 94' lang='grc' dir='ltr'><strong>ΙΙ,</strong></span> <span class='ocrx_word' id='word_1_134' title='bbox 1222 1677 1289 1726; x_wconf 82' lang='lat'><strong>54</strong></span> <span class='ocrx_word' id='word_1_135' title='bbox 1331 1676 1426 1725; x_wconf 89' lang='lat' dir='ltr'><strong>ubi</strong></span> <span class='ocrx_word' id='word_1_136' title='bbox 1462 1673 1574 1723; x_wconf 81' lang='lat' dir='ltr'><strong>vid.</strong></span> <span class='ocrx_word' id='word_1_137' title='bbox 1680 1674 2081 1742; x_wconf 71' lang='lat' dir='ltr'><strong>Messeniaepm</strong></span> <span class='ocrx_word' id='word_1_138' title='bbox 2137 1673 2350 1724; x_wconf 85' lang='lat' dir='ltr'><strong>finitum</strong></span> <span class='ocrx_word' id='word_1_139' title='bbox 2408 1680 2496 1723; x_wconf 83' lang='lat' dir='ltr'><strong>est</strong></span> <span class='ocrx_word' id='word_1_140' title='bbox 2554 1672 2772 1736; x_wconf 81' lang='lat' dir='ltr'><strong>Olymp.</strong></span> 
     </span>
     <span class='ocr_line' id='line_1_17' title="bbox 486 1742 2775 1811; baseline -0.002 -17"><span class='ocrx_word' id='word_1_141' title='bbox 486 1750 629 1796; x_wconf 88' lang='lat' dir='ltr'><strong>nott.</strong></span> <span class='ocrx_word' id='word_1_142' title='bbox 666 1746 746 1796; x_wconf 84' lang='lat' dir='ltr'><strong>Ac</strong></span> <span class='ocrx_word' id='word_1_143' title='bbox 778 1747 1044 1811; x_wconf 88' lang='lat' dir='ltr'><strong>probatur</strong></span> <span class='ocrx_word' id='word_1_144' title='bbox 1091 1747 1259 1795; x_wconf 87' lang='lat' dir='ltr'><strong>etiam</strong></span> <span class='ocrx_word' id='word_1_145' title='bbox 1301 1746 1409 1795; x_wconf 88' lang='lat' dir='ltr'><strong>iste</strong></span> <span class='ocrx_word' id='word_1_146' title='bbox 1445 1758 1577 1794; x_wconf 84' lang='lat' dir='ltr'><strong>usus</strong></span> <span class='ocrx_word' id='word_1_147' title='bbox 1679 1742 1938 1805; x_wconf 86' lang='lat' dir='ltr'><strong>XXVIII,</strong></span> <span class='ocrx_word' id='word_1_148' title='bbox 1970 1744 1995 1792; x_wconf 95' lang='lat' dir='ltr'><strong>l</strong></span> <span class='ocrx_word' id='word_1_149' title='bbox 2034 1759 2080 1794; x_wconf 87' lang='lat' dir='ltr'><strong>s.</strong></span> <span class='ocrx_word' id='word_1_150' title='bbox 2106 1744 2210 1795; x_wconf 89' lang='grc'><strong>668</strong></span> <span class='ocrx_word' id='word_1_151' title='bbox 2232 1760 2284 1794; x_wconf 91' lang='lat' dir='ltr'><strong>a.</strong></span> <span class='ocrx_word' id='word_1_152' title='bbox 2311 1744 2439 1794; x_wconf 88' lang='lat' dir='ltr'><strong>Chr.</strong></span> <span class='ocrx_word' id='word_1_153' title='bbox 2478 1759 2534 1792; x_wconf 89' lang='lat' dir='ltr'><strong>n.</strong></span> <span class='ocrx_word' id='word_1_154' title='bbox 2597 1742 2775 1806; x_wconf 77' lang='lat' dir='ltr'><strong>Ardys</strong></span> 
     </span>
    </p>
   </div>
   <div class='ocr_carea' id='block_1_5' title="bbox 486 1814 1585 2364">
    <p class='ocr_par' dir='ltr' id='par_1_5' title="bbox 486 1814 1585 2364">
     <span class='ocr_line' id='line_1_18' title="bbox 486 1814 1580 1879; baseline -0.004 -14"><span class='ocrx_word' id='word_1_155' title='bbox 486 1816 799 1865; x_wconf 83' lang='lat' dir='ltr'><strong>Pausaniae</strong></span> <span class='ocrx_word' id='word_1_156' title='bbox 832 1816 1158 1877; x_wconf 80' lang='lat' dir='ltr'><strong>imitatione,</strong></span> <span class='ocrx_word' id='word_1_157' title='bbox 1198 1815 1267 1865; x_wconf 91' lang='lat' dir='ltr'><strong>de</strong></span> <span class='ocrx_word' id='word_1_158' title='bbox 1302 1830 1411 1879; x_wconf 84' lang='lat' dir='ltr'><strong>qua</strong></span> <span class='ocrx_word' id='word_1_159' title='bbox 1441 1814 1580 1863; x_wconf 80' lang='lat' dir='ltr'><strong>dixit</strong></span> 
     </span>
     <span class='ocr_line' id='line_1_19' title="bbox 486 1883 1583 1948; baseline -0.004 -13"><span class='ocrx_word' id='word_1_160' title='bbox 486 1884 735 1935; x_wconf 81' lang='lat' dir='ltr'><strong>Siebelis.</strong></span> <span class='ocrx_word' id='word_1_161' title='bbox 777 1886 847 1935; x_wconf 88' lang='lat' dir='ltr'><strong>ad</strong></span> <span class='ocrx_word' id='word_1_162' title='bbox 880 1884 926 1948; x_wconf 91' lang='lat'><strong>1,</strong></span> <span class='ocrx_word' id='word_1_163' title='bbox 968 1887 1019 1934; x_wconf 93' lang='grc'><strong>7.</strong></span> <span class='ocrx_word' id='word_1_164' title='bbox 1059 1888 1111 1948; x_wconf 67' lang='grc'><strong>5.</strong></span> <span class='ocrx_word' id='word_1_165' title='bbox 1147 1885 1197 1936; x_wconf 90' lang='grc'><strong>3.</strong></span> <span class='ocrx_word' id='word_1_166' title='bbox 1268 1884 1465 1934; x_wconf 82' lang='lat' dir='ltr'><strong>Melius</strong></span> <span class='ocrx_word' id='word_1_167' title='bbox 1503 1883 1583 1932; x_wconf 93' lang='lat' dir='ltr'><strong>di-</strong></span> 
     </span>
     <span class='ocr_line' id='line_1_20' title="bbox 488 1953 1584 2018; baseline -0.003 -14"><span class='ocrx_word' id='word_1_168' title='bbox 488 1955 784 2005; x_wconf 86' lang='lat' dir='ltr'><strong>stinetione</strong></span> <span class='ocrx_word' id='word_1_169' title='bbox 853 1955 975 2006; x_wconf 89' lang='lat' dir='ltr'><strong>loco</strong></span> <span class='ocrx_word' id='word_1_170' title='bbox 1042 1962 1230 2005; x_wconf 88' lang='lat' dir='ltr'><strong>nostro</strong></span> <span class='ocrx_word' id='word_1_171' title='bbox 1300 1953 1584 2018; x_wconf 82' lang='lat' dir='ltr'><strong>prospexit</strong></span> 
     </span>
     <span class='ocr_line' id='line_1_21' title="bbox 490 2023 1582 2090; baseline -0.001 -17"><span class='ocrx_word' id='word_1_172' title='bbox 490 2023 845 2088; x_wconf 85' lang='lat' dir='ltr'><strong>Schaeferus,</strong></span> <span class='ocrx_word' id='word_1_173' title='bbox 918 2040 1040 2075; x_wconf 89' lang='lat' dir='ltr'><strong>cum</strong></span> <span class='ocrx_word' id='word_1_174' title='bbox 1099 2028 1303 2090; x_wconf 89' lang='lat' dir='ltr'><strong>puncto</strong></span> <span class='ocrx_word' id='word_1_175' title='bbox 1369 2023 1582 2084; x_wconf 87' lang='lat' dir='ltr'><strong>maiori,</strong></span> 
     </span>
     <span class='ocr_line' id='line_1_22' title="bbox 489 2086 1584 2158; baseline -0.002 -17"><span class='ocrx_word' id='word_1_176' title='bbox 489 2093 636 2157; x_wconf 88' lang='lat' dir='ltr'><strong>quod</strong></span> <span class='ocrx_word' id='word_1_177' title='bbox 673 2098 801 2144; x_wconf 88' lang='lat' dir='ltr'><strong>ante</strong></span> <span class='ocrx_word' id='word_1_178' title='bbox 847 2092 1058 2143; x_wconf 86' lang='grc' dir='ltr'><strong><em>τοῦτον</em></strong></span> <span class='ocrx_word' id='word_1_179' title='bbox 1104 2088 1209 2157; x_wconf 73' lang='grc' dir='ltr'><strong>μὲν</strong></span> <span class='ocrx_word' id='word_1_180' title='bbox 1250 2086 1584 2158; x_wconf 78' lang='grc' dir='ltr'><strong><em>παρήσομεν</em></strong></span> 
     </span>
     <span class='ocr_line' id='line_1_23' title="bbox 488 2162 1585 2227; baseline 0.001 -17"><span class='ocrx_word' id='word_1_181' title='bbox 488 2162 656 2227; x_wconf 73' lang='lat' dir='ltr'><strong>vulgo</strong></span> <span class='ocrx_word' id='word_1_182' title='bbox 692 2163 1102 2225; x_wconf 82' lang='lat' dir='ltr'><strong>inveniebatur,</strong></span> <span class='ocrx_word' id='word_1_183' title='bbox 1149 2163 1367 2213; x_wconf 83' lang='lat' dir='ltr'><strong>sublato</strong></span> <span class='ocrx_word' id='word_1_184' title='bbox 1414 2163 1585 2212; x_wconf 89' lang='lat' dir='ltr'><strong>mino-</strong></span> 
     </span>
     <span class='ocr_line' id='line_1_24' title="bbox 491 2232 1581 2297; baseline 0.004 -17"><span class='ocrx_word' id='word_1_185' title='bbox 491 2246 605 2281; x_wconf 85' lang='lat' dir='ltr'><strong>rem</strong></span> <span class='ocrx_word' id='word_1_186' title='bbox 688 2232 777 2281; x_wconf 88' lang='lat' dir='ltr'><strong>hie</strong></span> <span class='ocrx_word' id='word_1_187' title='bbox 856 2232 1263 2284; x_wconf 75' lang='lat' dir='ltr'><strong>distinctionem</strong></span> <span class='ocrx_word' id='word_1_188' title='bbox 1332 2236 1581 2297; x_wconf 86' lang='lat' dir='ltr'><strong>poneret.</strong></span> 
     </span>
     <span class='ocr_line' id='line_1_25' title="bbox 493 2302 1584 2364; baseline 0 -14"><span class='ocrx_word' id='word_1_189' title='bbox 493 2303 673 2364; x_wconf 84' lang='lat' dir='ltr'><strong>Quare</strong></span> <span class='ocrx_word' id='word_1_190' title='bbox 710 2302 886 2351; x_wconf 83' lang='lat' dir='ltr'><strong>secuti</strong></span> <span class='ocrx_word' id='word_1_191' title='bbox 935 2318 1057 2353; x_wconf 90' lang='lat' dir='ltr'><strong>eum</strong></span> <span class='ocrx_word' id='word_1_192' title='bbox 1106 2316 1290 2353; x_wconf 86' lang='lat' dir='ltr'><strong>sumus</strong></span> <span class='ocrx_word' id='word_1_193' title='bbox 1338 2317 1458 2351; x_wconf 87' lang='lat' dir='ltr'><strong>cum</strong></span> <span class='ocrx_word' id='word_1_194' title='bbox 1500 2316 1584 2350; x_wconf 89' lang='lat' dir='ltr'><strong>re-</strong></span> 
     </span>
    </p>
   </div>
   <div class='ocr_carea' id='block_1_6' title="bbox 475 2362 1586 2435">
    <p class='ocr_par' dir='ltr' id='par_1_6' title="bbox 475 2362 1586 2435">
     <span class='ocr_line' id='line_1_26' title="bbox 475 2362 1586 2435; baseline 0 -16"><span class='ocrx_word' id='word_1_195' title='bbox 475 2374 661 2420; x_wconf 74' lang='lat' dir='ltr'><strong>centt.</strong></span> <span class='ocrx_word' id='word_1_196' title='bbox 726 2372 883 2422; x_wconf 84' lang='lat' dir='ltr'><strong>editt.</strong></span> <span class='ocrx_word' id='word_1_197' title='bbox 946 2402 1003 2413; x_wconf 89' lang='lat'><em>-</em></span> <span class='ocrx_word' id='word_1_198' title='bbox 1059 2362 1198 2421; x_wconf 76' lang='grc' dir='ltr'><strong><em>ἀλλὰ</em></strong></span> <span class='ocrx_word' id='word_1_199' title='bbox 1256 2362 1361 2435; x_wconf 73' lang='grc' dir='ltr'><strong><em>γὰρ</em></strong></span> <span class='ocrx_word' id='word_1_200' title='bbox 1420 2370 1586 2420; x_wconf 78' lang='lat' dir='ltr'><strong>simili</strong></span> 
     </span>
    </p>
   </div>
   <div class='ocr_carea' id='block_1_7' title="bbox 493 2439 1594 3406">
    <p class='ocr_par' dir='ltr' id='par_1_7' title="bbox 493 2439 1594 3406">
     <span class='ocr_line' id='line_1_27' title="bbox 493 2439 1585 2502; baseline 0.001 -13"><span class='ocrx_word' id='word_1_201' title='bbox 493 2440 653 2489; x_wconf 90' lang='lat' dir='ltr'><strong>modo</strong></span> <span class='ocrx_word' id='word_1_202' title='bbox 700 2441 899 2491; x_wconf 81' lang='lat' dir='ltr'><strong>Noster</strong></span> <span class='ocrx_word' id='word_1_203' title='bbox 957 2442 1095 2491; x_wconf 84' lang='lat' dir='ltr'><strong>dixit</strong></span> <span class='ocrx_word' id='word_1_204' title='bbox 1146 2440 1234 2502; x_wconf 92' lang='lat'><strong>11,</strong></span> <span class='ocrx_word' id='word_1_205' title='bbox 1290 2439 1409 2491; x_wconf 91' lang='grc'><strong><em>116.</em></strong></span> <span class='ocrx_word' id='word_1_206' title='bbox 1464 2440 1585 2491; x_wconf 84' lang='grc'><strong><em>139.</em></strong></span> 
     </span>
     <span class='ocr_line' id='line_1_28' title="bbox 495 2507 1587 2572; baseline 0 -12"><span class='ocrx_word' id='word_1_207' title='bbox 495 2509 563 2571; x_wconf 88' lang='lat' dir='ltr'><strong>V,</strong></span> <span class='ocrx_word' id='word_1_208' title='bbox 601 2510 651 2561; x_wconf 88' lang='lat'><strong>3.</strong></span> <span class='ocrx_word' id='word_1_209' title='bbox 692 2510 789 2572; x_wconf 85' lang='lat' dir='ltr'><strong>IX,</strong></span> <span class='ocrx_word' id='word_1_210' title='bbox 829 2513 914 2561; x_wconf 93' lang='grc'><strong><em>27.</em></strong></span> <span class='ocrx_word' id='word_1_211' title='bbox 938 2509 1026 2562; x_wconf 85' lang='grc'><strong><em>93.</em></strong></span> <span class='ocrx_word' id='word_1_212' title='bbox 1054 2511 1173 2562; x_wconf 91' lang='grc'><strong><em>109.</em></strong></span> <span class='ocrx_word' id='word_1_213' title='bbox 1212 2507 1372 2560; x_wconf 83' lang='lat' dir='ltr'><strong>Conf.</strong></span> <span class='ocrx_word' id='word_1_214' title='bbox 1409 2511 1587 2560; x_wconf 87' lang='lat' dir='ltr'><strong>Elms-</strong></span> 
     </span>
     <span class='ocr_line' id='line_1_29' title="bbox 495 2579 1586 2646; baseline 0.003 -18"><span class='ocrx_word' id='word_1_215' title='bbox 495 2579 585 2643; x_wconf 83' lang='lat' dir='ltr'><strong>ley</strong></span> <span class='ocrx_word' id='word_1_216' title='bbox 622 2579 692 2629; x_wconf 90' lang='lat' dir='ltr'><strong>ad</strong></span> <span class='ocrx_word' id='word_1_217' title='bbox 740 2579 986 2646; x_wconf 87' lang='lat' dir='ltr'><strong>Euripid.</strong></span> <span class='ocrx_word' id='word_1_218' title='bbox 1031 2579 1309 2630; x_wconf 85' lang='lat' dir='ltr'><strong>Heraclid.</strong></span> <span class='ocrx_word' id='word_1_219' title='bbox 1354 2579 1477 2631; x_wconf 82' lang='lat'><strong>480.</strong></span> <span class='ocrx_word' id='word_1_220' title='bbox 1518 2604 1586 2614; x_wconf 89' lang='lat'>-</span> 
     </span>
     <span class='ocr_line' id='line_1_30' title="bbox 497 2647 1588 2711; baseline -0.001 -13"><span class='ocrx_word' id='word_1_221' title='bbox 497 2648 657 2711; x_wconf 81' lang='lat' dir='ltr'><strong>Quod</strong></span> <span class='ocrx_word' id='word_1_222' title='bbox 689 2649 759 2699; x_wconf 87' lang='lat' dir='ltr'><strong>ad</strong></span> <span class='ocrx_word' id='word_1_223' title='bbox 795 2666 907 2699; x_wconf 87' lang='lat' dir='ltr'><strong>rem</strong></span> <span class='ocrx_word' id='word_1_224' title='bbox 958 2651 1186 2711; x_wconf 77' lang='lat' dir='ltr'><strong>attinet,</strong></span> <span class='ocrx_word' id='word_1_225' title='bbox 1234 2647 1436 2699; x_wconf 89' lang='lat' dir='ltr'><strong>bellum</strong></span> <span class='ocrx_word' id='word_1_226' title='bbox 1482 2649 1588 2699; x_wconf 90' lang='lat' dir='ltr'><strong>uti-</strong></span> 
     </span>
     <span class='ocr_line' id='line_1_31' title="bbox 497 2718 1588 2785; baseline 0.001 -17"><span class='ocrx_word' id='word_1_227' title='bbox 497 2733 601 2782; x_wconf 88' lang='lat' dir='ltr'><strong>que</strong></span> <span class='ocrx_word' id='word_1_228' title='bbox 651 2718 823 2784; x_wconf 81' lang='lat' dir='ltr'><strong>Gygis</strong></span> <span class='ocrx_word' id='word_1_229' title='bbox 877 2736 998 2770; x_wconf 88' lang='lat' dir='ltr'><strong>cum</strong></span> <span class='ocrx_word' id='word_1_230' title='bbox 1039 2719 1340 2785; x_wconf 83' lang='lat' dir='ltr'><strong>Magnesiis</strong></span> <span class='ocrx_word' id='word_1_231' title='bbox 1389 2734 1588 2769; x_wconf 88' lang='lat' dir='ltr'><strong>memo-</strong></span> 
     </span>
     <span class='ocr_line' id='line_1_32' title="bbox 497 2787 1585 2853; baseline 0.005 -18"><span class='ocrx_word' id='word_1_232' title='bbox 497 2792 651 2837; x_wconf 79' lang='lat' dir='ltr'><strong>ratur</strong></span> <span class='ocrx_word' id='word_1_233' title='bbox 686 2788 916 2839; x_wconf 86' lang='lat' dir='ltr'><strong>Nicolao</strong></span> <span class='ocrx_word' id='word_1_234' title='bbox 950 2790 1294 2840; x_wconf 88' lang='lat' dir='ltr'><strong>Damasceno</strong></span> <span class='ocrx_word' id='word_1_235' title='bbox 1335 2787 1410 2853; x_wconf 87' lang='lat' dir='ltr'><strong>(p.</strong></span> <span class='ocrx_word' id='word_1_236' title='bbox 1458 2788 1585 2853; x_wconf 80' lang='lat'>453)</span> 
     </span>
     <span class='ocr_line' id='line_1_33' title="bbox 496 2858 1584 2923; baseline 0.002 -18"><span class='ocrx_word' id='word_1_237' title='bbox 496 2872 553 2920; x_wconf 90' lang='lat' dir='ltr'><strong>p.</strong></span> <span class='ocrx_word' id='word_1_238' title='bbox 583 2858 670 2907; x_wconf 76' lang='lat'><strong>51.</strong></span> <span class='ocrx_word' id='word_1_239' title='bbox 698 2858 784 2907; x_wconf 83' lang='lat'><strong>52.</strong></span> <span class='ocrx_word' id='word_1_240' title='bbox 823 2858 990 2910; x_wconf 85' lang='lat' dir='ltr'><strong>Orell.</strong></span> <span class='ocrx_word' id='word_1_241' title='bbox 1024 2860 1328 2923; x_wconf 74' lang='lat' dir='ltr'><strong>(Fragmm.</strong></span> <span class='ocrx_word' id='word_1_242' title='bbox 1356 2859 1584 2909; x_wconf 86' lang='lat' dir='ltr'><strong>Graece.</strong></span> 
     </span>
     <span class='ocr_line' id='line_1_34' title="bbox 496 2924 1591 2992; baseline 0.005 -21"><span class='ocrx_word' id='word_1_243' title='bbox 496 2924 627 2973; x_wconf 83' lang='lat' dir='ltr'><strong>hist.</strong></span> <span class='ocrx_word' id='word_1_244' title='bbox 654 2925 759 2975; x_wconf 92' lang='lat'><strong>111.</strong></span> <span class='ocrx_word' id='word_1_245' title='bbox 785 2942 840 2989; x_wconf 87' lang='lat' dir='ltr'><strong>p.</strong></span> <span class='ocrx_word' id='word_1_246' title='bbox 863 2926 965 2979; x_wconf 78' lang='lat'><strong>395</strong></span> <span class='ocrx_word' id='word_1_247' title='bbox 1000 2928 1086 2977; x_wconf 88' lang='lat' dir='ltr'><strong>ed.</strong></span> <span class='ocrx_word' id='word_1_248' title='bbox 1124 2926 1414 2992; x_wconf 81' lang='lat' dir='ltr'><strong>Mueller.),</strong></span> <span class='ocrx_word' id='word_1_249' title='bbox 1439 2928 1534 2991; x_wconf 90' lang='lat' dir='ltr'><strong>qui</strong></span> <span class='ocrx_word' id='word_1_250' title='bbox 1560 2942 1591 2976; x_wconf 89' lang='lat' dir='ltr'><strong>e</strong></span> 
     </span>
     <span class='ocr_line' id='line_1_35' title="bbox 496 2992 1589 3058; baseline 0.003 -17"><span class='ocrx_word' id='word_1_251' title='bbox 496 2992 717 3043; x_wconf 87' lang='lat' dir='ltr'><strong>Xantho</strong></span> <span class='ocrx_word' id='word_1_252' title='bbox 763 2995 1119 3058; x_wconf 83' lang='lat' dir='ltr'><strong>probabiliter</strong></span> <span class='ocrx_word' id='word_1_253' title='bbox 1164 3010 1264 3045; x_wconf 82' lang='lat' dir='ltr'><strong>sua</strong></span> <span class='ocrx_word' id='word_1_254' title='bbox 1308 2995 1589 3057; x_wconf 86' lang='lat' dir='ltr'><strong>desumsit,</strong></span> 
     </span>
     <span class='ocr_line' id='line_1_36' title="bbox 498 3062 1593 3129; baseline 0.004 -20"><span class='ocrx_word' id='word_1_255' title='bbox 498 3067 752 3112; x_wconf 87' lang='lat' dir='ltr'><strong>monente</strong></span> <span class='ocrx_word' id='word_1_256' title='bbox 788 3062 1057 3114; x_wconf 87' lang='lat' dir='ltr'><strong>Creuzero</strong></span> <span class='ocrx_word' id='word_1_257' title='bbox 1107 3065 1161 3114; x_wconf 87' lang='lat' dir='ltr'><strong>in</strong></span> <span class='ocrx_word' id='word_1_258' title='bbox 1197 3065 1474 3129; x_wconf 81' lang='lat' dir='ltr'><strong>Fragmm.</strong></span> <span class='ocrx_word' id='word_1_259' title='bbox 1512 3065 1593 3113; x_wconf 91' lang='lat' dir='ltr'><strong>hi-</strong></span> 
     </span>
     <span class='ocr_line' id='line_1_37' title="bbox 498 3132 1593 3199; baseline 0.005 -20"><span class='ocrx_word' id='word_1_260' title='bbox 498 3135 661 3181; x_wconf 83' lang='lat' dir='ltr'><strong>storr.</strong></span> <span class='ocrx_word' id='word_1_261' title='bbox 696 3148 751 3197; x_wconf 90' lang='lat' dir='ltr'><strong>p.</strong></span> <span class='ocrx_word' id='word_1_262' title='bbox 787 3132 909 3184; x_wconf 89' lang='grc'><strong><em>202.</em></strong></span> <span class='ocrx_word' id='word_1_263' title='bbox 961 3134 1077 3184; x_wconf 83' lang='grc' dir='ltr'><strong>Νοο</strong></span> <span class='ocrx_word' id='word_1_264' title='bbox 1116 3133 1409 3199; x_wconf 78' lang='lat' dir='ltr'><strong>quidquam</strong></span> <span class='ocrx_word' id='word_1_265' title='bbox 1446 3134 1593 3199; x_wconf 82' lang='lat' dir='ltr'><strong>apud</strong></span> 
     </span>
     <span class='ocr_line' id='line_1_38' title="bbox 497 3199 1594 3269; baseline 0.005 -20"><span class='ocrx_word' id='word_1_266' title='bbox 497 3199 838 3251; x_wconf 87' lang='lat' dir='ltr'><strong>Herodotum</strong></span> <span class='ocrx_word' id='word_1_267' title='bbox 874 3201 940 3253; x_wconf 87' lang='lat' dir='ltr'><strong>de</strong></span> <span class='ocrx_word' id='word_1_268' title='bbox 976 3202 1229 3253; x_wconf 84' lang='lat' dir='ltr'><strong>fabulosa</strong></span> <span class='ocrx_word' id='word_1_269' title='bbox 1270 3219 1455 3268; x_wconf 81' lang='lat' dir='ltr'><strong>pugna</strong></span> <span class='ocrx_word' id='word_1_270' title='bbox 1486 3204 1594 3269; x_wconf 78' lang='lat' dir='ltr'><strong>Ly-</strong></span> 
     </span>
     <span class='ocr_line' id='line_1_39' title="bbox 501 3269 1590 3324; baseline 0.006 -6"><span class='ocrx_word' id='word_1_271' title='bbox 501 3269 691 3320; x_wconf 86' lang='lat' dir='ltr'><strong>dorum</strong></span> <span class='ocrx_word' id='word_1_272' title='bbox 723 3286 844 3321; x_wconf 89' lang='lat' dir='ltr'><strong>cum</strong></span> <span class='ocrx_word' id='word_1_273' title='bbox 879 3272 1268 3324; x_wconf 75' lang='lat' dir='ltr'><strong>Amazonibus.</strong></span> <span class='ocrx_word' id='word_1_274' title='bbox 1333 3273 1418 3324; x_wconf 83' lang='lat' dir='ltr'><strong>cf.</strong></span> <span class='ocrx_word' id='word_1_275' title='bbox 1458 3273 1590 3324; x_wconf 84' lang='lat' dir='ltr'><strong>ibid.</strong></span> 
     </span>
     <span class='ocr_line' id='line_1_40' title="bbox 501 3340 807 3406; baseline 0.003 -17"><span class='ocrx_word' id='word_1_276' title='bbox 501 3344 556 3389; x_wconf 88' lang='lat' dir='ltr'><strong>et</strong></span> <span class='ocrx_word' id='word_1_277' title='bbox 594 3355 649 3406; x_wconf 89' lang='lat' dir='ltr'><strong>p.</strong></span> <span class='ocrx_word' id='word_1_278' title='bbox 685 3340 807 3392; x_wconf 87' lang='lat'><strong>183.</strong></span> 
     </span>
    </p>
   </div>
   <div class='ocr_carea' id='block_1_8' title="bbox 499 3436 1596 3930">
    <p class='ocr_par' dir='ltr' id='par_1_8' title="bbox 499 3436 1596 3930">
     <span class='ocr_line' id='line_1_41' title="bbox 572 3436 1591 3512; baseline 0.004 -20"><span class='ocrx_word' id='word_1_279' title='bbox 572 3439 756 3493; x_wconf 72' lang='grc' dir='ltr'><strong><em>δυοῖν</em></strong></span> <span class='ocrx_word' id='word_1_280' title='bbox 781 3437 988 3493; x_wconf 83' lang='grc' dir='ltr'><strong><em>δέοντα</em></strong></span> <span class='ocrx_word' id='word_1_281' title='bbox 1012 3436 1423 3509; x_wconf 81' lang='grc' dir='ltr'><strong><em>τεσσεράκοντα</em></strong></span> <span class='ocrx_word' id='word_1_282' title='bbox 1447 3440 1591 3512; x_wconf 78' lang='grc' dir='ltr'><strong><em>ἔτεα]</em></strong></span> 
     </span>
     <span class='ocr_line' id='line_1_42' title="bbox 502 3508 1590 3579; baseline 0.006 -18"><span class='ocrx_word' id='word_1_283' title='bbox 502 3508 661 3561; x_wconf 78' lang='grc' dir='ltr'><strong><em>δυῶν</em></strong></span> <span class='ocrx_word' id='word_1_284' title='bbox 696 3514 888 3564; x_wconf 88' lang='lat' dir='ltr'><strong>Ionum</strong></span> <span class='ocrx_word' id='word_1_285' title='bbox 924 3529 989 3565; x_wconf 86' lang='lat' dir='ltr'><strong>ex</strong></span> <span class='ocrx_word' id='word_1_286' title='bbox 1027 3513 1281 3579; x_wconf 82' lang='lat' dir='ltr'><strong>dialecto,</strong></span> <span class='ocrx_word' id='word_1_287' title='bbox 1318 3520 1380 3566; x_wconf 89' lang='lat' dir='ltr'><strong>ut</strong></span> <span class='ocrx_word' id='word_1_288' title='bbox 1412 3516 1459 3579; x_wconf 92' lang='lat'><strong>1,</strong></span> <span class='ocrx_word' id='word_1_289' title='bbox 1500 3516 1590 3567; x_wconf 87' lang='lat'><strong>94.</strong></span> 
     </span>
     <span class='ocr_line' id='line_1_43' title="bbox 504 3581 1591 3647; baseline 0.005 -15"><span class='ocrx_word' id='word_1_290' title='bbox 504 3581 624 3633; x_wconf 90' lang='grc'><strong><em>130.</em></strong></span> <span class='ocrx_word' id='word_1_291' title='bbox 662 3583 766 3647; x_wconf 88' lang='lat'><strong>111,</strong></span> <span class='ocrx_word' id='word_1_292' title='bbox 807 3583 927 3636; x_wconf 86' lang='lat'><strong>131.</strong></span> <span class='ocrx_word' id='word_1_293' title='bbox 964 3584 1058 3647; x_wconf 87' lang='lat' dir='ltr'><strong>IV,</strong></span> <span class='ocrx_word' id='word_1_294' title='bbox 1100 3585 1148 3636; x_wconf 92' lang='lat' dir='ltr'><strong>l.</strong></span> <span class='ocrx_word' id='word_1_295' title='bbox 1189 3584 1276 3636; x_wconf 87' lang='grc'><strong>89.</strong></span> <span class='ocrx_word' id='word_1_296' title='bbox 1314 3584 1402 3636; x_wconf 87' lang='grc'><strong>90.</strong></span> <span class='ocrx_word' id='word_1_297' title='bbox 1465 3585 1591 3637; x_wconf 88' lang='lat' dir='ltr'><strong>Vid.</strong></span> 
     </span>
     <span class='ocr_line' id='line_1_44' title="bbox 499 3652 1596 3719; baseline 0.005 -19"><span class='ocrx_word' id='word_1_298' title='bbox 499 3652 734 3703; x_wconf 69' lang='lat' dir='ltr'><strong>BredoV.</strong></span> <span class='ocrx_word' id='word_1_299' title='bbox 791 3669 845 3717; x_wconf 88' lang='lat' dir='ltr'><strong>p.</strong></span> <span class='ocrx_word' id='word_1_300' title='bbox 903 3655 1007 3705; x_wconf 84' lang='grc'><strong>279</strong></span> <span class='ocrx_word' id='word_1_301' title='bbox 1062 3669 1177 3719; x_wconf 89' lang='lat' dir='ltr'><strong>seq.</strong></span> <span class='ocrx_word' id='word_1_302' title='bbox 1250 3655 1395 3705; x_wconf 86' lang='lat' dir='ltr'><strong>Hine</strong></span> <span class='ocrx_word' id='word_1_303' title='bbox 1453 3657 1596 3706; x_wconf 89' lang='lat' dir='ltr'><strong>male</strong></span> 
     </span>
     <span class='ocr_line' id='line_1_45' title="bbox 504 3719 1595 3775; baseline 0.005 -6"><span class='ocrx_word' id='word_1_304' title='bbox 504 3719 702 3770; x_wconf 86' lang='lat' dir='ltr'><strong>Suidas</strong></span> <span class='ocrx_word' id='word_1_305' title='bbox 739 3721 795 3772; x_wconf 85' lang='lat' dir='ltr'><strong>h.</strong></span> <span class='ocrx_word' id='word_1_306' title='bbox 832 3722 869 3771; x_wconf 91' lang='lat' dir='ltr'><strong>l.</strong></span> <span class='ocrx_word' id='word_1_307' title='bbox 915 3723 1091 3772; x_wconf 85' lang='lat' dir='ltr'><strong>citans</strong></span> <span class='ocrx_word' id='word_1_308' title='bbox 1131 3729 1185 3773; x_wconf 90' lang='lat' dir='ltr'><strong>et</strong></span> <span class='ocrx_word' id='word_1_309' title='bbox 1222 3724 1499 3775; x_wconf 85' lang='lat' dir='ltr'><strong>Sanerofti</strong></span> <span class='ocrx_word' id='word_1_310' title='bbox 1530 3726 1595 3774; x_wconf 91' lang='lat' dir='ltr'><strong>li-</strong></span> 
     </span>
     <span class='ocr_line' id='line_1_46' title="bbox 501 3786 1594 3855; baseline 0.008 -19"><span class='ocrx_word' id='word_1_311' title='bbox 501 3786 598 3837; x_wconf 89' lang='lat' dir='ltr'><strong>ber</strong></span> <span class='ocrx_word' id='word_1_312' title='bbox 648 3789 926 3855; x_wconf 79' lang='lat' dir='ltr'><strong>vulgarem</strong></span> <span class='ocrx_word' id='word_1_313' title='bbox 968 3791 1058 3840; x_wconf 87' lang='lat' dir='ltr'><strong>hic</strong></span> <span class='ocrx_word' id='word_1_314' title='bbox 1104 3793 1445 3845; x_wconf 82' lang='lat' dir='ltr'><strong>substituunt</strong></span> <span class='ocrx_word' id='word_1_315' title='bbox 1488 3797 1594 3845; x_wconf 80' lang='lat' dir='ltr'><strong>for-</strong></span> 
     </span>
     <span class='ocr_line' id='line_1_47' title="bbox 500 3854 1594 3930; baseline 0.009 -27"><span class='ocrx_word' id='word_1_316' title='bbox 500 3870 644 3905; x_wconf 85' lang='lat' dir='ltr'><strong>mam</strong></span> <span class='ocrx_word' id='word_1_317' title='bbox 705 3854 891 3906; x_wconf 84' lang='grc' dir='ltr'><strong><em>δυοῖν.</em></strong></span> <span class='ocrx_word' id='word_1_318' title='bbox 971 3859 1054 3908; x_wconf 92' lang='lat' dir='ltr'><strong>De</strong></span> <span class='ocrx_word' id='word_1_319' title='bbox 1111 3861 1233 3924; x_wconf 86' lang='lat' dir='ltr'><strong>ipsa</strong></span> <span class='ocrx_word' id='word_1_320' title='bbox 1292 3868 1594 3930; x_wconf 89' lang='lat' dir='ltr'><strong>temporum</strong></span> 
     </span>
    </p>
   </div>
   <div class='ocr_carea' id='block_1_9' title="bbox 410 3924 1590 3996">
    <p class='ocr_par' dir='ltr' id='par_1_9' title="bbox 410 3924 1590 3996">
     <span class='ocr_line' id='line_1_48' title="bbox 410 3924 1590 3996; baseline 0.009 -25"><span class='ocrx_word' id='word_1_321' title='bbox 410 3928 418 3933; x_wconf 85' lang='lat'>&#39;</span> <span class='ocrx_word' id='word_1_322' title='bbox 500 3925 714 3976; x_wconf 83' lang='lat' dir='ltr'><strong>ratione</strong></span> <span class='ocrx_word' id='word_1_323' title='bbox 739 3924 852 3977; x_wconf 83' lang='lat' dir='ltr'><strong>vid.</strong></span> <span class='ocrx_word' id='word_1_324' title='bbox 882 3940 1048 3991; x_wconf 86' lang='lat' dir='ltr'><strong>supra</strong></span> <span class='ocrx_word' id='word_1_325' title='bbox 1070 3933 1210 3979; x_wconf 87' lang='lat' dir='ltr'><strong>nott.</strong></span> <span class='ocrx_word' id='word_1_326' title='bbox 1239 3931 1310 3981; x_wconf 86' lang='lat' dir='ltr'><strong>ad</strong></span> <span class='ocrx_word' id='word_1_327' title='bbox 1334 3932 1380 3996; x_wconf 91' lang='lat'><strong>1,</strong></span> <span class='ocrx_word' id='word_1_328' title='bbox 1414 3935 1471 3984; x_wconf 92' lang='grc'><strong>12</strong></span> <span class='ocrx_word' id='word_1_329' title='bbox 1496 3933 1590 3983; x_wconf 87' lang='lat' dir='ltr'><strong>fin.</strong></span> 
     </span>
    </p>
   </div>
   <div class='ocr_carea' id='block_1_10' title="bbox 895 4114 1186 4167">
    <p class='ocr_par' dir='ltr' id='par_1_10' title="bbox 895 4114 1186 4167">
     <span class='ocr_line' id='line_1_49' title="bbox 895 4114 1186 4167; baseline 0.01 -3"><span class='ocrx_word' id='word_1_330' title='bbox 895 4114 1029 4167; x_wconf 72' lang='lat' dir='ltr'><strong>Cn.</strong></span> <span class='ocrx_word' id='word_1_331' title='bbox 1069 4117 1186 4167; x_wconf 83' lang='lat' dir='ltr'><strong>XV.</strong></span> 
     </span>
    </p>
   </div>
   <div class='ocr_carea' id='block_1_11' title="bbox 499 4219 1594 4439">
    <p class='ocr_par' dir='ltr' id='par_1_11' title="bbox 499 4219 1594 4439">
     <span class='ocr_line' id='line_1_50' title="bbox 559 4219 1593 4305; baseline 0.009 -26"><span class='ocrx_word' id='word_1_332' title='bbox 559 4219 794 4295; x_wconf 74' lang='grc' dir='ltr'><strong><em>’Ἄρδυος</em></strong></span> <span class='ocrx_word' id='word_1_333' title='bbox 832 4227 896 4284; x_wconf 73' lang='grc' dir='ltr'><strong>δὲ</strong></span> <span class='ocrx_word' id='word_1_334' title='bbox 938 4232 1042 4285; x_wconf 83' lang='grc' dir='ltr'><strong><em>τοῦ</em></strong></span> <span class='ocrx_word' id='word_1_335' title='bbox 1082 4227 1280 4301; x_wconf 74' lang='grc' dir='ltr'><strong><em>Γύγεω</em></strong></span> <span class='ocrx_word' id='word_1_336' title='bbox 1329 4269 1398 4278; x_wconf 77' lang='lat'>—</span> <span class='ocrx_word' id='word_1_337' title='bbox 1435 4235 1593 4305; x_wconf 86' lang='grc' dir='ltr'><strong><em>βασι-</em></strong></span> 
     </span>
     <span class='ocr_line' id='line_1_51' title="bbox 499 4293 1592 4373; baseline 0.009 -25"><span class='ocrx_word' id='word_1_338' title='bbox 499 4293 807 4359; x_wconf 77' lang='grc' dir='ltr'><strong><em>λεύσαντος</em></strong></span> <span class='ocrx_word' id='word_1_339' title='bbox 838 4317 888 4353; x_wconf 81' lang='grc' dir='ltr'><strong>κ.</strong></span> <span class='ocrx_word' id='word_1_340' title='bbox 924 4320 971 4354; x_wconf 87' lang='grc' dir='ltr'><strong>τ.</strong></span> <span class='ocrx_word' id='word_1_341' title='bbox 1010 4302 1084 4371; x_wconf 56' lang='lat' dir='ltr'><strong>L]</strong></span> <span class='ocrx_word' id='word_1_342' title='bbox 1113 4306 1199 4356; x_wconf 81' lang='lat' dir='ltr'><strong>Ad</strong></span> <span class='ocrx_word' id='word_1_343' title='bbox 1219 4306 1363 4358; x_wconf 86' lang='lat' dir='ltr'><strong>hunc</strong></span> <span class='ocrx_word' id='word_1_344' title='bbox 1384 4307 1592 4373; x_wconf 79' lang='lat' dir='ltr'><strong>Ardyn,</strong></span> 
     </span>
     <span class='ocr_line' id='line_1_52' title="bbox 500 4369 1594 4439; baseline 0.009 -20"><span class='ocrx_word' id='word_1_345' title='bbox 500 4369 671 4435; x_wconf 65' lang='lat' dir='ltr'><strong>Gygi·</strong></span> <span class='ocrx_word' id='word_1_346' title='bbox 707 4369 906 4433; x_wconf 82' lang='lat' dir='ltr'><strong>fllium,</strong></span> <span class='ocrx_word' id='word_1_347' title='bbox 943 4377 1109 4439; x_wconf 84' lang='lat' dir='ltr'><strong>atque</strong></span> <span class='ocrx_word' id='word_1_348' title='bbox 1141 4374 1268 4426; x_wconf 83' lang='lat' dir='ltr'><strong>inde</strong></span> <span class='ocrx_word' id='word_1_349' title='bbox 1304 4376 1594 4429; x_wconf 78' lang='lat' dir='ltr'><strong>Ecbatana</strong></span> 
     </span>
    </p>
   </div>
   <div class='ocr_carea' id='block_1_12' title="bbox 1683 1812 2794 3827">
    <p class='ocr_par' dir='ltr' id='par_1_12' title="bbox 1683 1812 2788 3185">
     <span class='ocr_line' id='line_1_53' title="bbox 1683 1812 2780 1876; baseline -0.003 -14"><span class='ocrx_word' id='word_1_350' title='bbox 1683 1817 1867 1862; x_wconf 81' lang='lat' dir='ltr'><strong>autem</strong></span> <span class='ocrx_word' id='word_1_351' title='bbox 1907 1813 2016 1862; x_wconf 89' lang='lat' dir='ltr'><strong>iam</strong></span> <span class='ocrx_word' id='word_1_352' title='bbox 2051 1814 2238 1864; x_wconf 88' lang='lat' dir='ltr'><strong>decem</strong></span> <span class='ocrx_word' id='word_1_353' title='bbox 2272 1819 2399 1863; x_wconf 86' lang='lat' dir='ltr'><strong>ante</strong></span> <span class='ocrx_word' id='word_1_354' title='bbox 2438 1812 2597 1862; x_wconf 86' lang='lat' dir='ltr'><strong>annis</strong></span> <span class='ocrx_word' id='word_1_355' title='bbox 2630 1813 2780 1876; x_wconf 87' lang='lat' dir='ltr'><strong>patri</strong></span> 
     </span>
     <span class='ocr_line' id='line_1_54' title="bbox 1685 1882 2781 1947; baseline -0.001 -16"><span class='ocrx_word' id='word_1_356' title='bbox 1685 1883 1740 1931; x_wconf 89' lang='lat' dir='ltr'><strong>in</strong></span> <span class='ocrx_word' id='word_1_357' title='bbox 1778 1898 1946 1947; x_wconf 81' lang='lat' dir='ltr'><strong>regno</strong></span> <span class='ocrx_word' id='word_1_358' title='bbox 1985 1888 2326 1934; x_wconf 77' lang='lat' dir='ltr'><strong>successerat</strong></span> <span class='ocrx_word' id='word_1_359' title='bbox 2361 1883 2543 1947; x_wconf 90' lang='lat' dir='ltr'><strong>idque,</strong></span> <span class='ocrx_word' id='word_1_360' title='bbox 2579 1889 2642 1931; x_wconf 89' lang='lat' dir='ltr'><strong>ut</strong></span> <span class='ocrx_word' id='word_1_361' title='bbox 2671 1882 2781 1931; x_wconf 83' lang='lat' dir='ltr'><strong>No-</strong></span> 
     </span>
     <span class='ocr_line' id='line_1_55' title="bbox 1686 1952 2783 2017; baseline -0.002 -16"><span class='ocrx_word' id='word_1_362' title='bbox 1686 1957 1799 2002; x_wconf 87' lang='lat' dir='ltr'><strong>ster</strong></span> <span class='ocrx_word' id='word_1_363' title='bbox 1831 1967 1953 2017; x_wconf 83' lang='lat' dir='ltr'><strong>eap.</strong></span> <span class='ocrx_word' id='word_1_364' title='bbox 1981 1953 2043 2002; x_wconf 87' lang='grc'><strong><em>16</em></strong></span> <span class='ocrx_word' id='word_1_365' title='bbox 2076 1954 2262 2015; x_wconf 80' lang='lat' dir='ltr'><strong>tradit,</strong></span> <span class='ocrx_word' id='word_1_366' title='bbox 2291 1969 2388 2017; x_wconf 90' lang='lat' dir='ltr'><strong>per</strong></span> <span class='ocrx_word' id='word_1_367' title='bbox 2412 1952 2783 2017; x_wconf 82' lang='lat' dir='ltr'><strong>quadraginta</strong></span> 
     </span>
     <span class='ocr_line' id='line_1_56' title="bbox 1687 2021 2781 2087; baseline -0.002 -15"><span class='ocrx_word' id='word_1_368' title='bbox 1687 2037 1886 2072; x_wconf 81' lang='lat' dir='ltr'><strong>novem</strong></span> <span class='ocrx_word' id='word_1_369' title='bbox 1921 2037 2096 2073; x_wconf 87' lang='lat' dir='ltr'><strong>annos</strong></span> <span class='ocrx_word' id='word_1_370' title='bbox 2131 2023 2328 2073; x_wconf 88' lang='lat' dir='ltr'><strong>tenuit.</strong></span> <span class='ocrx_word' id='word_1_371' title='bbox 2379 2023 2512 2087; x_wconf 85' lang='lat' dir='ltr'><strong>Ipsa</strong></span> <span class='ocrx_word' id='word_1_372' title='bbox 2545 2021 2781 2086; x_wconf 80' lang='lat' dir='ltr'><strong>Lydieo-</strong></span> 
     </span>
     <span class='ocr_line' id='line_1_57' title="bbox 1683 2092 2781 2158; baseline -0.003 -16"><span class='ocrx_word' id='word_1_373' title='bbox 1683 2108 1803 2142; x_wconf 89' lang='lat' dir='ltr'><strong>rum</strong></span> <span class='ocrx_word' id='word_1_374' title='bbox 1836 2107 2025 2156; x_wconf 79' lang='lat' dir='ltr'><strong>regum</strong></span> <span class='ocrx_word' id='word_1_375' title='bbox 2077 2094 2246 2143; x_wconf 88' lang='lat' dir='ltr'><strong>series</strong></span> <span class='ocrx_word' id='word_1_376' title='bbox 2291 2093 2438 2158; x_wconf 88' lang='lat' dir='ltr'><strong>apud</strong></span> <span class='ocrx_word' id='word_1_377' title='bbox 2483 2092 2781 2142; x_wconf 86' lang='lat' dir='ltr'><strong>Eusebium</strong></span> 
     </span>
     <span class='ocr_line' id='line_1_58' title="bbox 1689 2159 2781 2229; baseline -0.002 -18"><span class='ocrx_word' id='word_1_378' title='bbox 1689 2159 1784 2225; x_wconf 83' lang='lat' dir='ltr'><strong>(cf.</strong></span> <span class='ocrx_word' id='word_1_379' title='bbox 1819 2178 1874 2226; x_wconf 91' lang='lat' dir='ltr'><strong>p.</strong></span> <span class='ocrx_word' id='word_1_380' title='bbox 1912 2162 1980 2211; x_wconf 87' lang='grc'><strong><em>27</em></strong></span> <span class='ocrx_word' id='word_1_381' title='bbox 2025 2162 2111 2214; x_wconf 90' lang='lat' dir='ltr'><strong>ed.</strong></span> <span class='ocrx_word' id='word_1_382' title='bbox 2155 2164 2298 2229; x_wconf 76' lang='lat' dir='ltr'><strong>Ang.</strong></span> <span class='ocrx_word' id='word_1_383' title='bbox 2340 2162 2477 2227; x_wconf 79' lang='lat' dir='ltr'><strong>Mai)</strong></span> <span class='ocrx_word' id='word_1_384' title='bbox 2517 2176 2639 2212; x_wconf 87' lang='lat' dir='ltr'><strong>cum</strong></span> <span class='ocrx_word' id='word_1_385' title='bbox 2673 2162 2781 2210; x_wconf 86' lang='lat' dir='ltr'><strong>He-</strong></span> 
     </span>
     <span class='ocr_line' id='line_1_59' title="bbox 1685 2231 2782 2298; baseline -0.003 -17"><span class='ocrx_word' id='word_1_386' title='bbox 1685 2231 1928 2281; x_wconf 88' lang='lat' dir='ltr'><strong>rodoteis</strong></span> <span class='ocrx_word' id='word_1_387' title='bbox 1965 2231 2046 2281; x_wconf 89' lang='lat' dir='ltr'><strong>sic</strong></span> <span class='ocrx_word' id='word_1_388' title='bbox 2084 2234 2221 2282; x_wconf 86' lang='lat' dir='ltr'><strong>satis</strong></span> <span class='ocrx_word' id='word_1_389' title='bbox 2262 2232 2543 2298; x_wconf 81' lang='lat' dir='ltr'><strong>congruit3</strong></span> <span class='ocrx_word' id='word_1_390' title='bbox 2596 2232 2652 2280; x_wconf 91' lang='lat' dir='ltr'><strong>in</strong></span> <span class='ocrx_word' id='word_1_391' title='bbox 2690 2231 2782 2279; x_wconf 89' lang='lat' dir='ltr'><strong>Ni·</strong></span> 
     </span>
     <span class='ocr_line' id='line_1_60' title="bbox 1687 2300 2784 2367; baseline -0.001 -17"><span class='ocrx_word' id='word_1_392' title='bbox 1687 2300 1830 2350; x_wconf 87' lang='lat' dir='ltr'><strong>colai</strong></span> <span class='ocrx_word' id='word_1_393' title='bbox 1880 2300 2213 2352; x_wconf 81' lang='lat' dir='ltr'><strong>Damasceni</strong></span> <span class='ocrx_word' id='word_1_394' title='bbox 2272 2302 2562 2367; x_wconf 88' lang='lat' dir='ltr'><strong>Excerptis</strong></span> <span class='ocrx_word' id='word_1_395' title='bbox 2612 2315 2784 2364; x_wconf 85' lang='lat' dir='ltr'><strong>nuper</strong></span> 
     </span>
     <span class='ocr_line' id='line_1_61' title="bbox 1688 2368 2784 2437; baseline 0 -17"><span class='ocrx_word' id='word_1_396' title='bbox 1688 2370 1858 2420; x_wconf 86' lang='lat' dir='ltr'><strong>erutis</strong></span> <span class='ocrx_word' id='word_1_397' title='bbox 1895 2368 2058 2434; x_wconf 85' lang='lat' dir='ltr'><strong>plane</strong></span> <span class='ocrx_word' id='word_1_398' title='bbox 2092 2372 2203 2421; x_wconf 86' lang='lat' dir='ltr'><strong>alia</strong></span> <span class='ocrx_word' id='word_1_399' title='bbox 2234 2387 2301 2421; x_wconf 89' lang='lat' dir='ltr'><strong>ex</strong></span> <span class='ocrx_word' id='word_1_400' title='bbox 2335 2377 2492 2437; x_wconf 88' lang='lat' dir='ltr'><strong>parte</strong></span> <span class='ocrx_word' id='word_1_401' title='bbox 2530 2371 2639 2435; x_wconf 84' lang='lat' dir='ltr'><strong>legi</strong></span> <span class='ocrx_word' id='word_1_402' title='bbox 2674 2371 2784 2420; x_wconf 87' lang='lat' dir='ltr'><strong>iam</strong></span> 
     </span>
     <span class='ocr_line' id='line_1_62' title="bbox 1689 2438 2787 2504; baseline 0 -15"><span class='ocrx_word' id='word_1_403' title='bbox 1689 2453 1856 2504; x_wconf 85' lang='lat' dir='ltr'><strong>supra</strong></span> <span class='ocrx_word' id='word_1_404' title='bbox 1898 2438 1970 2488; x_wconf 87' lang='lat' dir='ltr'><strong>ad</strong></span> <span class='ocrx_word' id='word_1_405' title='bbox 2019 2440 2065 2503; x_wconf 90' lang='lat'><strong>1,</strong></span> <span class='ocrx_word' id='word_1_406' title='bbox 2114 2442 2148 2493; x_wconf 88' lang='lat'>8</span> <span class='ocrx_word' id='word_1_407' title='bbox 2193 2441 2326 2491; x_wconf 87' lang='lat' dir='ltr'><strong>dixi.</strong></span> <span class='ocrx_word' id='word_1_408' title='bbox 2399 2441 2620 2492; x_wconf 86' lang='lat' dir='ltr'><strong>Etenim</strong></span> <span class='ocrx_word' id='word_1_409' title='bbox 2656 2445 2787 2489; x_wconf 85' lang='lat' dir='ltr'><strong>ante</strong></span> 
     </span>
     <span class='ocr_line' id='line_1_63' title="bbox 1687 2509 2785 2577; baseline -0.002 -17"><span class='ocrx_word' id='word_1_410' title='bbox 1687 2509 1898 2574; x_wconf 79' lang='lat' dir='ltr'><strong>Gygem</strong></span> <span class='ocrx_word' id='word_1_411' title='bbox 1933 2511 2156 2573; x_wconf 88' lang='lat' dir='ltr'><strong>ponitur</strong></span> <span class='ocrx_word' id='word_1_412' title='bbox 2186 2510 2483 2577; x_wconf 74' lang='lat' dir='ltr'><strong>Sadyattes,</strong></span> <span class='ocrx_word' id='word_1_413' title='bbox 2509 2511 2602 2575; x_wconf 88' lang='lat' dir='ltr'><strong>qui</strong></span> <span class='ocrx_word' id='word_1_414' title='bbox 2640 2509 2785 2574; x_wconf 86' lang='lat' dir='ltr'><strong>apud</strong></span> 
     </span>
     <span class='ocr_line' id='line_1_64' title="bbox 1686 2578 2783 2646; baseline 0 -17"><span class='ocrx_word' id='word_1_415' title='bbox 1686 2578 2028 2629; x_wconf 85' lang='lat' dir='ltr'><strong>Herodotum</strong></span> <span class='ocrx_word' id='word_1_416' title='bbox 2050 2579 2240 2646; x_wconf 80' lang='lat' dir='ltr'><strong>Ardyn</strong></span> <span class='ocrx_word' id='word_1_417' title='bbox 2261 2581 2464 2645; x_wconf 87' lang='lat' dir='ltr'><strong>excipit</strong></span> <span class='ocrx_word' id='word_1_418' title='bbox 2490 2579 2634 2644; x_wconf 87' lang='lat' dir='ltr'><strong>(cap.</strong></span> <span class='ocrx_word' id='word_1_419' title='bbox 2667 2580 2783 2645; x_wconf 84' lang='grc'><strong><em>16);</em></strong></span> 
     </span>
     <span class='ocr_line' id='line_1_65' title="bbox 1690 2648 2788 2713; baseline 0.002 -14"><span class='ocrx_word' id='word_1_420' title='bbox 1690 2653 1821 2699; x_wconf 83' lang='lat' dir='ltr'><strong>ante</strong></span> <span class='ocrx_word' id='word_1_421' title='bbox 1865 2648 2010 2698; x_wconf 88' lang='lat' dir='ltr'><strong>hunc</strong></span> <span class='ocrx_word' id='word_1_422' title='bbox 2055 2666 2151 2700; x_wconf 89' lang='lat' dir='ltr'><strong>rex</strong></span> <span class='ocrx_word' id='word_1_423' title='bbox 2206 2650 2462 2701; x_wconf 85' lang='lat' dir='ltr'><strong>laudatur</strong></span> <span class='ocrx_word' id='word_1_424' title='bbox 2511 2650 2788 2713; x_wconf 72' lang='lat' dir='ltr'><strong>Adyattes.</strong></span> 
     </span>
     <span class='ocr_line' id='line_1_66' title="bbox 1690 2718 2786 2784; baseline -0.001 -16"><span class='ocrx_word' id='word_1_425' title='bbox 1690 2719 1786 2784; x_wconf 91' lang='lat' dir='ltr'><strong>qui</strong></span> <span class='ocrx_word' id='word_1_426' title='bbox 1842 2718 1978 2767; x_wconf 91' lang='lat' dir='ltr'><strong>duos</strong></span> <span class='ocrx_word' id='word_1_427' title='bbox 2035 2719 2231 2771; x_wconf 83' lang='lat' dir='ltr'><strong>habuit</strong></span> <span class='ocrx_word' id='word_1_428' title='bbox 2277 2720 2451 2783; x_wconf 84' lang='lat' dir='ltr'><strong>filios,</strong></span> <span class='ocrx_word' id='word_1_429' title='bbox 2503 2720 2681 2783; x_wconf 71' lang='lat' dir='ltr'><strong>Cadyn</strong></span> <span class='ocrx_word' id='word_1_430' title='bbox 2731 2724 2786 2767; x_wconf 89' lang='lat' dir='ltr'><strong>et</strong></span> 
     </span>
     <span class='ocr_line' id='line_1_67' title="bbox 1691 2788 2784 2854; baseline 0 -16"><span class='ocrx_word' id='word_1_431' title='bbox 1691 2790 1906 2852; x_wconf 73' lang='lat' dir='ltr'><strong>Ardyn,</strong></span> <span class='ocrx_word' id='word_1_432' title='bbox 1973 2790 2066 2853; x_wconf 89' lang='lat' dir='ltr'><strong>qui</strong></span> <span class='ocrx_word' id='word_1_433' title='bbox 2134 2794 2189 2840; x_wconf 90' lang='lat' dir='ltr'><strong>et</strong></span> <span class='ocrx_word' id='word_1_434' title='bbox 2237 2789 2383 2854; x_wconf 87' lang='lat' dir='ltr'><strong>ipse,</strong></span> <span class='ocrx_word' id='word_1_435' title='bbox 2445 2788 2605 2838; x_wconf 89' lang='lat' dir='ltr'><strong>modo</strong></span> <span class='ocrx_word' id='word_1_436' title='bbox 2663 2789 2784 2838; x_wconf 85' lang='lat' dir='ltr'><strong>sani</strong></span> 
     </span>
     <span class='ocr_line' id='line_1_68' title="bbox 1693 2858 2786 2924; baseline -0.001 -16"><span class='ocrx_word' id='word_1_437' title='bbox 1693 2858 1805 2908; x_wconf 86' lang='lat' dir='ltr'><strong>sint</strong></span> <span class='ocrx_word' id='word_1_438' title='bbox 1877 2859 2115 2917; x_wconf 87' lang='lat' dir='ltr'><strong>numeri,</strong></span> <span class='ocrx_word' id='word_1_439' title='bbox 2189 2858 2542 2924; x_wconf 75' lang='lat' dir='ltr'><strong>septuaginta</strong></span> <span class='ocrx_word' id='word_1_440' title='bbox 2613 2872 2786 2907; x_wconf 83' lang='lat' dir='ltr'><strong>annos</strong></span> 
     </span>
     <span class='ocr_line' id='line_1_69' title="bbox 1692 2927 2786 2992; baseline -0.001 -15"><span class='ocrx_word' id='word_1_441' title='bbox 1692 2942 1954 2992; x_wconf 82' lang='lat' dir='ltr'><strong>regnasse</strong></span> <span class='ocrx_word' id='word_1_442' title='bbox 1975 2929 2193 2979; x_wconf 84' lang='lat' dir='ltr'><strong>dicitur.</strong></span> <span class='ocrx_word' id='word_1_443' title='bbox 2241 2929 2348 2979; x_wconf 84' lang='lat' dir='ltr'><strong>Sed</strong></span> <span class='ocrx_word' id='word_1_444' title='bbox 2373 2928 2427 2976; x_wconf 91' lang='lat' dir='ltr'><strong>in</strong></span> <span class='ocrx_word' id='word_1_445' title='bbox 2449 2928 2532 2978; x_wconf 87' lang='lat' dir='ltr'><strong>his</strong></span> <span class='ocrx_word' id='word_1_446' title='bbox 2555 2927 2786 2992; x_wconf 85' lang='lat' dir='ltr'><strong>aliisque</strong></span> 
     </span>
     <span class='ocr_line' id='line_1_70' title="bbox 1693 2996 2787 3061; baseline -0.001 -15"><span class='ocrx_word' id='word_1_447' title='bbox 1693 2996 2068 3047; x_wconf 85' lang='lat' dir='ltr'><strong>consimilibus</strong></span> <span class='ocrx_word' id='word_1_448' title='bbox 2128 2997 2258 3047; x_wconf 89' lang='lat' dir='ltr'><strong>mihi</strong></span> <span class='ocrx_word' id='word_1_449' title='bbox 2315 2997 2404 3048; x_wconf 81' lang='lat' dir='ltr'><strong>vel</strong></span> <span class='ocrx_word' id='word_1_450' title='bbox 2449 2998 2787 3061; x_wconf 88' lang='lat' dir='ltr'><strong>Epitomato-</strong></span> 
     </span>
     <span class='ocr_line' id='line_1_71' title="bbox 1693 3066 2787 3131; baseline 0.001 -17"><span class='ocrx_word' id='word_1_451' title='bbox 1693 3067 1769 3115; x_wconf 83' lang='lat' dir='ltr'><strong>ris</strong></span> <span class='ocrx_word' id='word_1_452' title='bbox 1826 3066 1990 3131; x_wconf 87' lang='lat' dir='ltr'><strong>culpa</strong></span> <span class='ocrx_word' id='word_1_453' title='bbox 2065 3066 2313 3117; x_wconf 89' lang='lat' dir='ltr'><strong>nonnihil</strong></span> <span class='ocrx_word' id='word_1_454' title='bbox 2372 3068 2651 3118; x_wconf 88' lang='lat' dir='ltr'><strong>turbatum</strong></span> <span class='ocrx_word' id='word_1_455' title='bbox 2709 3067 2787 3115; x_wconf 73' lang='lat' dir='ltr'><strong>vi-</strong></span> 
     </span>
     <span class='ocr_line' id='line_1_72' title="bbox 1695 3135 1874 3185; baseline -0.006 0"><span class='ocrx_word' id='word_1_456' title='bbox 1695 3135 1874 3185; x_wconf 88' lang='lat' dir='ltr'><strong>detur.</strong></span> 
     </span>
    </p>

    <p class='ocr_par' dir='ltr' id='par_1_13' title="bbox 1694 3195 2794 3827">
     <span class='ocr_line' id='line_1_73' title="bbox 1767 3195 2788 3270; baseline 0 -17"><span class='ocrx_word' id='word_1_457' title='bbox 1767 3195 1859 3253; x_wconf 79' lang='grc' dir='ltr'><strong>έπὶ</strong></span> <span class='ocrx_word' id='word_1_458' title='bbox 1936 3196 2144 3254; x_wconf 78' lang='grc' dir='ltr'><strong><em>τούτου</em></strong></span> <span class='ocrx_word' id='word_1_459' title='bbox 2208 3220 2264 3255; x_wconf 86' lang='grc' dir='ltr'><strong>τε</strong></span> <span class='ocrx_word' id='word_1_460' title='bbox 2335 3196 2788 3270; x_wconf 71' lang='grc' dir='ltr'><strong><em>τυραννεύοντος</em></strong></span> 
     </span>
     <span class='ocr_line' id='line_1_74' title="bbox 1694 3265 2789 3340; baseline -0.001 -17"><span class='ocrx_word' id='word_1_461' title='bbox 1694 3272 1967 3338; x_wconf 85' lang='grc' dir='ltr'><strong><em>Σαρδίων</em></strong></span> <span class='ocrx_word' id='word_1_462' title='bbox 1994 3272 2298 3339; x_wconf 81' lang='grc' dir='ltr'><strong><em>Κιμμέριοι</em></strong></span> <span class='ocrx_word' id='word_1_463' title='bbox 2336 3265 2393 3336; x_wconf 74' lang='grc' dir='ltr'><strong>ἐξ</strong></span> <span class='ocrx_word' id='word_1_464' title='bbox 2441 3266 2637 3340; x_wconf 70' lang='grc' dir='ltr'><strong><em>ἠθέων</em></strong></span> <span class='ocrx_word' id='word_1_465' title='bbox 2671 3265 2789 3323; x_wconf 83' lang='grc' dir='ltr'><strong>ὑπὸ</strong></span> 
     </span>
     <span class='ocr_line' id='line_1_75' title="bbox 1694 3335 2790 3408; baseline 0 -16"><span class='ocrx_word' id='word_1_466' title='bbox 1694 3339 1979 3393; x_wconf 70' lang='grc' dir='ltr'><strong><em>Σκυθέων</em></strong></span> <span class='ocrx_word' id='word_1_467' title='bbox 2049 3343 2165 3393; x_wconf 77' lang='grc' dir='ltr'><strong>τῶν</strong></span> <span class='ocrx_word' id='word_1_468' title='bbox 2227 3339 2522 3408; x_wconf 77' lang='grc' dir='ltr'><strong><em>Νομάδων</em></strong></span> <span class='ocrx_word' id='word_1_469' title='bbox 2592 3335 2790 3404; x_wconf 69' lang='grc' dir='ltr'><strong><em>ἐξανα-</em></strong></span> 
     </span>
     <span class='ocr_line' id='line_1_76' title="bbox 1697 3404 2790 3478; baseline -0.001 -16"><span class='ocrx_word' id='word_1_470' title='bbox 1697 3404 1926 3469; x_wconf 75' lang='grc' dir='ltr'><strong><em>στάντες</em></strong></span> <span class='ocrx_word' id='word_1_471' title='bbox 1960 3427 2012 3462; x_wconf 77' lang='grc' dir='ltr'><strong>κ.</strong></span> <span class='ocrx_word' id='word_1_472' title='bbox 2049 3427 2096 3463; x_wconf 89' lang='grc' dir='ltr'><strong>τ.</strong></span> <span class='ocrx_word' id='word_1_473' title='bbox 2137 3412 2206 3478; x_wconf 89' lang='grc' dir='ltr'><strong>λ.]</strong></span> <span class='ocrx_word' id='word_1_474' title='bbox 2246 3414 2498 3464; x_wconf 82' lang='lat' dir='ltr'><strong>Meminit</strong></span> <span class='ocrx_word' id='word_1_475' title='bbox 2522 3414 2682 3464; x_wconf 88' lang='lat' dir='ltr'><strong>huius</strong></span> <span class='ocrx_word' id='word_1_476' title='bbox 2712 3413 2790 3463; x_wconf 92' lang='lat' dir='ltr'><strong>rei</strong></span> 
     </span>
     <span class='ocr_line' id='line_1_77' title="bbox 1694 3482 2787 3550; baseline 0 -17"><span class='ocrx_word' id='word_1_477' title='bbox 1694 3482 2018 3533; x_wconf 83' lang='lat' dir='ltr'><strong>Eustathius</strong></span> <span class='ocrx_word' id='word_1_478' title='bbox 2058 3483 2129 3532; x_wconf 89' lang='lat' dir='ltr'><strong>ad</strong></span> <span class='ocrx_word' id='word_1_479' title='bbox 2179 3484 2404 3533; x_wconf 87' lang='lat' dir='ltr'><strong>Homeri</strong></span> <span class='ocrx_word' id='word_1_480' title='bbox 2450 3484 2651 3550; x_wconf 77' lang='lat' dir='ltr'><strong>Odyss.</strong></span> <span class='ocrx_word' id='word_1_481' title='bbox 2688 3483 2787 3539; x_wconf 80' lang='lat' dir='ltr'><strong>xl,</strong></span> 
     </span>
     <span class='ocr_line' id='line_1_78' title="bbox 1698 3551 2793 3617; baseline -0.001 -16"><span class='ocrx_word' id='word_1_482' title='bbox 1698 3552 1781 3601; x_wconf 78' lang='lat'><strong>14.</strong></span> <span class='ocrx_word' id='word_1_483' title='bbox 1818 3567 1873 3616; x_wconf 88' lang='lat' dir='ltr'><strong>p.</strong></span> <span class='ocrx_word' id='word_1_484' title='bbox 1910 3551 2031 3613; x_wconf 79' lang='grc'><strong><em>416,</em></strong></span> <span class='ocrx_word' id='word_1_485' title='bbox 2061 3553 2144 3603; x_wconf 83' lang='grc'><strong>14.</strong></span> <span class='ocrx_word' id='word_1_486' title='bbox 2174 3552 2259 3603; x_wconf 88' lang='lat' dir='ltr'><strong>ed.</strong></span> <span class='ocrx_word' id='word_1_487' title='bbox 2299 3554 2490 3617; x_wconf 85' lang='lat' dir='ltr'><strong>Basil.‚</strong></span> <span class='ocrx_word' id='word_1_488' title='bbox 2523 3551 2793 3605; x_wconf 86' lang='lat' dir='ltr'><strong>Herodoti</strong></span> 
     </span>
     <span class='ocr_line' id='line_1_79' title="bbox 1696 3620 2794 3689; baseline 0.002 -19"><span class='ocrx_word' id='word_1_489' title='bbox 1696 3636 1807 3670; x_wconf 88' lang='lat' dir='ltr'><strong>non</strong></span> <span class='ocrx_word' id='word_1_490' title='bbox 1843 3620 2066 3671; x_wconf 87' lang='lat' dir='ltr'><strong>oblitus.</strong></span> <span class='ocrx_word' id='word_1_491' title='bbox 2099 3621 2207 3672; x_wconf 84' lang='lat' dir='ltr'><strong>Sed</strong></span> <span class='ocrx_word' id='word_1_492' title='bbox 2255 3624 2479 3688; x_wconf 87' lang='lat' dir='ltr'><strong>propius</strong></span> <span class='ocrx_word' id='word_1_493' title='bbox 2524 3623 2631 3674; x_wconf 85' lang='lat' dir='ltr'><strong>huc</strong></span> <span class='ocrx_word' id='word_1_494' title='bbox 2675 3638 2794 3689; x_wconf 83' lang='lat' dir='ltr'><strong>spe-</strong></span> 
     </span>
     <span class='ocr_line' id='line_1_80' title="bbox 1698 3691 2789 3757; baseline 0.001 -17"><span class='ocrx_word' id='word_1_495' title='bbox 1698 3695 1854 3741; x_wconf 89' lang='lat' dir='ltr'><strong>ctant</strong></span> <span class='ocrx_word' id='word_1_496' title='bbox 1890 3691 2178 3741; x_wconf 84' lang='lat' dir='ltr'><strong>Strabonis</strong></span> <span class='ocrx_word' id='word_1_497' title='bbox 2218 3693 2386 3743; x_wconf 80' lang='lat' dir='ltr'><strong>verba</strong></span> <span class='ocrx_word' id='word_1_498' title='bbox 2420 3692 2514 3742; x_wconf 89' lang='lat' dir='ltr'><strong>lib.</strong></span> <span class='ocrx_word' id='word_1_499' title='bbox 2552 3693 2710 3744; x_wconf 85' lang='lat' dir='ltr'><strong>XIII.</strong></span> <span class='ocrx_word' id='word_1_500' title='bbox 2735 3707 2789 3757; x_wconf 91' lang='lat' dir='ltr'><strong>p.</strong></span> 
     </span>
     <span class='ocr_line' id='line_1_81' title="bbox 1698 3758 2793 3827; baseline 0.001 -17"><span class='ocrx_word' id='word_1_501' title='bbox 1698 3758 1802 3810; x_wconf 88' lang='grc'><strong><em>930</em></strong></span> <span class='ocrx_word' id='word_1_502' title='bbox 1851 3776 1897 3810; x_wconf 87' lang='lat' dir='ltr'><strong>s.</strong></span> <span class='ocrx_word' id='word_1_503' title='bbox 1953 3760 2055 3810; x_wconf 88' lang='grc'><strong>627</strong></span> <span class='ocrx_word' id='word_1_504' title='bbox 2114 3761 2199 3811; x_wconf 90' lang='lat' dir='ltr'><strong>ed.</strong></span> <span class='ocrx_word' id='word_1_505' title='bbox 2263 3762 2501 3815; x_wconf 85' lang='lat' dir='ltr'><strong>Casaub.</strong></span> <span class='ocrx_word' id='word_1_506' title='bbox 2551 3762 2701 3815; x_wconf 86' lang='lat' dir='ltr'><strong>XIV.</strong></span> <span class='ocrx_word' id='word_1_507' title='bbox 2736 3778 2793 3827; x_wconf 90' lang='lat' dir='ltr'><strong>p.</strong></span> 
     </span>
    </p>
   </div>
   <div class='ocr_carea' id='block_1_13' title="bbox 1697 3827 2913 3895">
    <p class='ocr_par' dir='ltr' id='par_1_14' title="bbox 1697 3827 2913 3895">
     <span class='ocr_line' id='line_1_82' title="bbox 1697 3827 2913 3895; baseline -0.004 -14"><span class='ocrx_word' id='word_1_508' title='bbox 1697 3827 1801 3881; x_wconf 81' lang='lat'><strong>958</strong></span> <span class='ocrx_word' id='word_1_509' title='bbox 1848 3845 1892 3879; x_wconf 87' lang='lat' dir='ltr'><strong>s.</strong></span> <span class='ocrx_word' id='word_1_510' title='bbox 1942 3828 2045 3882; x_wconf 87' lang='grc'><strong>647</strong></span> <span class='ocrx_word' id='word_1_511' title='bbox 2100 3846 2182 3895; x_wconf 86' lang='lat' dir='ltr'><strong>sq.</strong></span> <span class='ocrx_word' id='word_1_512' title='bbox 2237 3831 2322 3883; x_wconf 88' lang='lat' dir='ltr'><strong>ed.</strong></span> <span class='ocrx_word' id='word_1_513' title='bbox 2376 3833 2615 3883; x_wconf 84' lang='lat' dir='ltr'><strong>Casaub.</strong></span> <span class='ocrx_word' id='word_1_514' title='bbox 2664 3831 2794 3883; x_wconf 84' lang='lat' dir='ltr'><strong>coll.</strong></span> <span class='ocrx_word' id='word_1_515' title='bbox 2903 3869 2913 3876; x_wconf 92' lang='lat'><strong>.</strong></span> 
     </span>
    </p>
   </div>
   <div class='ocr_carea' id='block_1_14' title="bbox 1696 3898 2799 4449">
    <p class='ocr_par' dir='ltr' id='par_1_15' title="bbox 1696 3898 2799 4449">
     <span class='ocr_line' id='line_1_83' title="bbox 1699 3898 2793 3966; baseline 0.004 -19"><span class='ocrx_word' id='word_1_516' title='bbox 1699 3898 1963 3950; x_wconf 89' lang='lat' dir='ltr'><strong>Clement.</strong></span> <span class='ocrx_word' id='word_1_517' title='bbox 2002 3899 2297 3951; x_wconf 84' lang='lat' dir='ltr'><strong>Alexandr.</strong></span> <span class='ocrx_word' id='word_1_518' title='bbox 2345 3902 2607 3952; x_wconf 85' lang='lat' dir='ltr'><strong>Stromat.</strong></span> <span class='ocrx_word' id='word_1_519' title='bbox 2650 3902 2699 3954; x_wconf 93' lang='grc' dir='ltr'><strong>Ι.</strong></span> <span class='ocrx_word' id='word_1_520' title='bbox 2735 3917 2793 3966; x_wconf 93' lang='lat' dir='ltr'><strong>p.</strong></span> 
     </span>
     <span class='ocr_line' id='line_1_84' title="bbox 1697 3965 2799 4023; baseline 0.004 -6"><span class='ocrx_word' id='word_1_521' title='bbox 1697 3965 1820 4018; x_wconf 82' lang='lat'><strong>398.</strong></span> <span class='ocrx_word' id='word_1_522' title='bbox 1883 3968 1987 4020; x_wconf 91' lang='lat' dir='ltr'><strong>Illo</strong></span> <span class='ocrx_word' id='word_1_523' title='bbox 2034 3970 2320 4021; x_wconf 81' lang='lat' dir='ltr'><strong>Strabonis</strong></span> <span class='ocrx_word' id='word_1_524' title='bbox 2374 3971 2496 4023; x_wconf 89' lang='lat' dir='ltr'><strong>loeo</strong></span> <span class='ocrx_word' id='word_1_525' title='bbox 2542 3972 2680 4022; x_wconf 88' lang='lat' dir='ltr'><strong>haec</strong></span> <span class='ocrx_word' id='word_1_526' title='bbox 2722 3971 2799 4021; x_wconf 88' lang='lat' dir='ltr'><strong>le—</strong></span> 
     </span>
     <span class='ocr_line' id='line_1_85' title="bbox 1697 4031 2798 4106; baseline 0.002 -19"><span class='ocrx_word' id='word_1_527' title='bbox 1697 4042 1928 4102; x_wconf 80' lang='lat' dir='ltr'><strong>guntur:</strong></span> <span class='ocrx_word' id='word_1_528' title='bbox 1956 4035 2100 4103; x_wconf 74' lang='grc' dir='ltr'><strong><em>φησὶ</em></strong></span> <span class='ocrx_word' id='word_1_529' title='bbox 2123 4032 2186 4088; x_wconf 72' lang='grc' dir='ltr'><strong>δὲ</strong></span> <span class='ocrx_word' id='word_1_530' title='bbox 2211 4035 2627 4106; x_wconf 72' lang='grc' dir='ltr'><strong><em>Καλλισθένης,</em></strong></span> <span class='ocrx_word' id='word_1_531' title='bbox 2653 4031 2798 4090; x_wconf 74' lang='grc' dir='ltr'><strong><em>ἁλαῖ-</em></strong></span> 
     </span>
     <span class='ocr_line' id='line_1_86' title="bbox 1699 4097 2796 4175; baseline 0.004 -22"><span class='ocrx_word' id='word_1_532' title='bbox 1699 4121 1796 4154; x_wconf 91' lang='grc' dir='ltr'><strong>ναι</strong></span> <span class='ocrx_word' id='word_1_533' title='bbox 1837 4100 1937 4165; x_wconf 84' lang='grc' dir='ltr'><strong>τὰς</strong></span> <span class='ocrx_word' id='word_1_534' title='bbox 1994 4099 2241 4170; x_wconf 76' lang='grc' dir='ltr'><strong><em>Σάρδεις</em></strong></span> <span class='ocrx_word' id='word_1_535' title='bbox 2293 4097 2412 4159; x_wconf 74' lang='grc' dir='ltr'><strong>ὑπὸ</strong></span> <span class='ocrx_word' id='word_1_536' title='bbox 2463 4108 2796 4175; x_wconf 78' lang='grc' dir='ltr'><strong><em>Κιμμερίων</em></strong></span> 
     </span>
     <span class='ocr_line' id='line_1_87' title="bbox 1700 4169 2796 4244; baseline 0.003 -21"><span class='ocrx_word' id='word_1_537' title='bbox 1700 4173 1960 4240; x_wconf 76' lang='grc' dir='ltr'><strong><em>πρῶτον,</em></strong></span> <span class='ocrx_word' id='word_1_538' title='bbox 2027 4169 2147 4227; x_wconf 78' lang='grc' dir='ltr'><strong><em>εἷθ’</em></strong></span> <span class='ocrx_word' id='word_1_539' title='bbox 2209 4169 2327 4228; x_wconf 81' lang='grc' dir='ltr'><strong>ὑπὸ</strong></span> <span class='ocrx_word' id='word_1_540' title='bbox 2390 4171 2635 4244; x_wconf 84' lang='grc' dir='ltr'><strong><em>Τρήρων</em></strong></span> <span class='ocrx_word' id='word_1_541' title='bbox 2698 4172 2796 4227; x_wconf 79' lang='grc' dir='ltr'><strong><em>καὶ</em></strong></span> 
     </span>
     <span class='ocr_line' id='line_1_88' title="bbox 1699 4235 2794 4309; baseline 0.003 -17"><span class='ocrx_word' id='word_1_542' title='bbox 1699 4244 1955 4303; x_wconf 82' lang='grc' dir='ltr'><strong><em>Λυκίων,</em></strong></span> <span class='ocrx_word' id='word_1_543' title='bbox 2012 4235 2156 4309; x_wconf 74' lang='grc' dir='ltr'><strong><em>ὅπερ</em></strong></span> <span class='ocrx_word' id='word_1_544' title='bbox 2207 4242 2302 4296; x_wconf 75' lang='grc' dir='ltr'><strong><em>καὶ</em></strong></span> <span class='ocrx_word' id='word_1_545' title='bbox 2357 4246 2649 4297; x_wconf 78' lang='grc' dir='ltr'><strong><em>Καλλῖνον</em></strong></span> <span class='ocrx_word' id='word_1_546' title='bbox 2693 4244 2794 4309; x_wconf 87' lang='grc' dir='ltr'><strong>δη-</strong></span> 
     </span>
     <span class='ocr_line' id='line_1_89' title="bbox 1697 4306 2795 4381; baseline 0.004 -21"><span class='ocrx_word' id='word_1_547' title='bbox 1697 4311 1837 4362; x_wconf 82' lang='grc' dir='ltr'><strong><em>λοῦν</em></strong></span> <span class='ocrx_word' id='word_1_548' title='bbox 1892 4309 1995 4365; x_wconf 87' lang='grc' dir='ltr'><strong>τὸν</strong></span> <span class='ocrx_word' id='word_1_549' title='bbox 2047 4312 2151 4380; x_wconf 83' lang='grc' dir='ltr'><strong>τῆς</strong></span> <span class='ocrx_word' id='word_1_550' title='bbox 2211 4306 2451 4381; x_wconf 75' lang='grc' dir='ltr'><strong><em>ἐλεγείας</em></strong></span> <span class='ocrx_word' id='word_1_551' title='bbox 2510 4308 2795 4380; x_wconf 82' lang='grc' dir='ltr'><strong><em>ποιητήν;</em></strong></span> 
     </span>
     <span class='ocr_line' id='line_1_90' title="bbox 1696 4381 2796 4449; baseline 0.004 -18"><span class='ocrx_word' id='word_1_552' title='bbox 1696 4381 1812 4444; x_wconf 73' lang='lat' dir='ltr'><strong>ubi,</strong></span> <span class='ocrx_word' id='word_1_553' title='bbox 1843 4398 1983 4448; x_wconf 85' lang='lat' dir='ltr'><strong>quae</strong></span> <span class='ocrx_word' id='word_1_554' title='bbox 2009 4383 2213 4435; x_wconf 80' lang='lat' dir='ltr'><strong>dieitur</strong></span> <span class='ocrx_word' id='word_1_555' title='bbox 2235 4386 2460 4436; x_wconf 86' lang='lat' dir='ltr'><strong>Trerum</strong></span> <span class='ocrx_word' id='word_1_556' title='bbox 2500 4389 2666 4449; x_wconf 84' lang='lat' dir='ltr'><strong>atque</strong></span> <span class='ocrx_word' id='word_1_557' title='bbox 2685 4385 2796 4449; x_wconf 78' lang='lat' dir='ltr'><strong>Ly-</strong></span> 
     </span>
    </p>
   </div>
  </div>
 </body>
</html>
