3109 5092
1247 374 1501 439 cLIO.
1544 377 1599 438 1.
1644 384 1766 441 146.

2523 373 2647 436 299

367 545 533 637 μετὰ
573 547 649 617 δὲ
690 557 977 638 Αἴγειρα
1014 550 1125 619 καὶ
1176 555 1414 636 Αἰγαί,
1469 552 1547 619 ἐν
1594 554 1678 642 τῇ
1725 554 1991 641 Κρᾶθις
2042 546 2333 640 ποταμὸς
2371 545 2640 628 ἄείναός

368 654 539 735 ἐστι,
570 647 675 721 ἀπ’
708 648 866 722 ὅτου
900 648 937 722 ὁ
978 655 1053 721 ἐν
1079 649 1318 742 Ἰταλίῃ
1350 651 1639 742 ποταμὸς
1664 652 1739 723 τὸ
1764 651 2019 741 οὕνομα
2047 658 2232 742 ἔσχε,
2270 653 2384 721 καὶ
2409 653 2639 739 Βοῦρα

378 756 491 823 καὶ
515 750 771 843 Ἑλίκη,
813 759 880 837 ἐς
920 753 1046 845 τὴν
1084 760 1467 845 κατέφυγον
1485 754 1719 838 Ἴωνες
1745 752 1881 827 ὑπὸ
1905 754 2189 843 Ἀχαιῶν
2228 754 2402 846 μάχῃ
2433 756 2640 824 ἕσσω-

376 859 645 945 θέντες,
704 861 815 929 καὶ
860 869 1104 946 Αἴγιον
1146 861 1261 929 καὶ
1291 856 1532 941 Ρύπες
1587 862 1698 931 καὶ
1741 862 2040 950 Πατρέες
2083 861 2196 929 καὶ
2235 861 2492 948 Φαρέες
2533 859 2645 936 καὶ

282 976 350 1032 72
350 958 632 1043 Ὤλενος
650 1014 669 1048 ,
709 965 784 1032 ἐν
804 967 899 1056 τῷ
925 972 1173 1053 Πεῖρος
1199 960 1489 1053 ποταμὸς
1514 965 1720 1053 μέγας
1747 966 1917 1048 ἐστὶ,
1957 965 2068 1033 καὶ
2098 963 2301 1053 Δύμη
2331 964 2443 1031 καὶ
2483 968 2637 1052 Τρι-

370 1068 617 1152 ταιέες,
659 1071 728 1135 οἳ
763 1072 1002 1154 μοῦνοι
1032 1064 1292 1137 τούτων
1333 1065 1678 1156 μεσόγαιοι
1720 1069 2035 1138 οἰκέουσι.
2115 1072 2338 1137 Ταυτα
2380 1063 2636 1136 δυωδε-
2661 1073 2779 1135 146

371 1195 457 1237 κα
495 1171 698 1259 μέρεα
740 1174 876 1239 νῦν
906 1166 1193 1258 Ἀχαιῶν
1234 1172 1408 1253 ἐστὶ,
1462 1172 1577 1240 καὶ
1615 1169 1764 1240 τότε
1803 1198 1880 1258 γε
1914 1167 2163 1240 Ἰώνων
2201 1163 2307 1261 ἦν.
2381 1170 2644 1240 τούτων

372 1269 457 1360 δὴ
486 1277 711 1342 εἵνεκα
746 1274 858 1342 καὶ
892 1276 963 1342 οἰ
992 1270 1224 1355 Ἴωνες
1252 1271 1565 1344 δυώδεκα
1595 1273 1829 1355 πόλιας
1857 1271 2284 1362 ἐποιήσαντο·
2335 1275 2514 1358 ἐπεὶ,
2554 1269 2642 1355 ὥς

370 1377 453 1462 γέ
484 1404 547 1444 τι
586 1380 843 1465 μᾶλλον
874 1366 1060 1446 οὗτοι
1083 1374 1314 1458 Ἴωνές
1354 1383 1484 1448 εἰσι
1525 1383 1665 1447 τῶν
1702 1375 1929 1448 ἄλλων
1956 1374 2235 1463 Ἰώνων,
2283 1370 2327 1465 ἦ
2363 1375 2643 1448 κάλλιόν

364 1576 525 1627 nibus
564 1592 631 1627 ac
653 1581 813 1642 portu
844 1578 1034 1628 iuncta
1060 1579 1215 1629 mari.
1280 1581 1329 1632 A
1352 1580 1453 1632 Co·

364 1646 563 1699 rintho.
589 1647 789 1712 viginti
833 1646 1082 1698 horarum
1127 1649 1324 1701 itinere
1375 1652 1453 1701 di·

365 1721 514 1766 stare
574 1731 720 1767 nune
789 1717 1035 1767 scribunt
1102 1722 1449 1784 recentiores,

365 1784 476 1837 alia
512 1802 726 1851 quoque
760 1786 827 1836 de
862 1786 1126 1838 hodierna
1148 1790 1297 1839 urbis
1325 1806 1451 1841 con·

365 1856 573 1906 ditione
605 1856 967 1921 proferentem
1000 1857 1113 1907 vid.
1139 1858 1338 1910 Siebel.
1377 1861 1449 1911 ad

364 1924 678 1977 Pansam-l.
716 1925 750 1975 l.
792 1925 1038 1977 Mueller.
1081 1926 1120 1978 l.
1157 1927 1195 1976 l.
1232 1934 1288 1979 et
1319 1930 1450 1981 Cur-

364 1995 475 2045 tius
512 1995 558 2045 I.
597 2010 652 2059 p.
686 1996 789 2048 434
826 2010 976 2061 seqq.
1016 1996 1141 2046 coll.
1178 1998 1448 2049 Merleker

364 2080 420 2129 p.
450 2063 537 2115 35³.
575 2064 740 2114 Kuhn
781 2066 837 2114 in
873 2065 1142 2116 Schmidt:
1179 2068 1444 2118 zeitschr.

366 2133 405 2184 f.
443 2133 642 2185 Geseh.
678 2135 774 2186 IV.
823 2150 877 2199 p.
917 2135 984 2186 65
1021 2150 1175 2200 seqq.
1250 2138 1300 2188 A
1344 2138 1448 2187 Pa·

362 2203 464 2253 tris
500 2204 783 2268 octoginta
808 2203 990 2253 stadia
1023 2204 1135 2255 fere
1167 2204 1338 2256 distat
1361 2207 1448 2256 Pe·-

362 2289 454 2322 rus
487 2273 711 2336 fluvius,
750 2287 892 2323 nunc
923 2274 1140 2325 nomine
1162 2274 1448 2326 Kaminitza

362 2346 556 2402 notus,
612 2341 683 2393 ad
725 2357 885 2407 quem
940 2343 1195 2393 adiacent
1239 2345 1448 2395 Phar-ae

365 2406 627 2476 (Φαρέες,
664 2411 759 2461 alii
792 2410 999 2475 Φαρεῖς
1034 2417 1201 2478 atque
1238 2412 1445 2473 Φαραι-

364 2482 477 2541 εῖςς
517 2480 628 2530 vid.
668 2480 918 2533 Siebelis.
956 2481 1025 2531 ad
1050 2484 1288 2535 Pausan.
1314 2482 1443 2545 VII,

362 2552 449 2601 22.
482 2553 534 2613 §-
554 2548 630 2615 3).
702 2551 787 2602 Ad
816 2552 997 2602 vicum
1020 2552 1266 2604 Prebetos
1296 2519 1445 2603 urbis

362 2635 648 2683 superesse
672 2620 857 2671 ruinas
880 2620 1143 2686 quasdam
1167 2626 1443 2673 asserunt.

361 2689 473 2739 vid.
518 2689 763 2756 Boblaye
794 2706 850 2755 p.
886 2691 976 2743 21.
1048 2691 1267 2743 Curtius
1304 2692 1349 2742 1.
1390 2707 1443 2756 p.

362 2759 458 2810 431
500 2773 653 2824 seqq.
724 2759 994 2811 Merleker
1024 2776 1078 2825 p.
1110 2763 1197 2813 42.
1245 2760 1446 2812 Olenum

359 2828 508 2879 hand
540 2827 703 2894 longe
738 2830 983 2880 abfuisse
1016 2845 1050 2879 a
1073 2831 1293 2882 flumine
1316 2832 1442 2881 Piro

361 2903 637 2949 testantur
678 2903 920 2962 veteres,
975 2905 1241 2951 remotum
1295 2905 1443 2950 octo·

362 2969 519 3033 ginta
564 2967 759 3018 stadiis
814 2983 849 3019 a
897 2970 1109 3019 Patris.
1170 2985 1277 3034 quo
1320 2970 1441 3034 ipso

361 3038 484 3088 loco
519 3036 696 3086 adhuc
730 3031 921 3089 ruina'e
958 3044 1253 3089 cernuntur
1276 3054 1443 3104 prope
1486 3061 1491 3066 ·

360 3107 542 3157 vicum
586 3105 760 3157 Kato·
773 3107 1002 3166 Achaia,-
1047 3107 1159 3159 vid.
1198 3109 1443 3173 Boblaye

361 3193 417 3241 p.
465 3175 534 3227 20
583 3180 638 3226 et
684 3178 974 3242 praecipue
1018 3177 1237 3228 Curtius
1289 3179 1336 3229 I.
1385 3194 1440 3242 p.

361 3246 466 3297 428
501 3259 653 3310 seqq.
734 3247 818 3296 Ab
861 3246 1032 3297 Oleno
1080 3246 1445 3313 quadraginta

362 3315 544 3366 stadia
577 3315 735 3364 abest
768 3316 955 3382 Dyme,
994 3317 1049 3366 in
1078 3317 1231 3367 cuius
1266 3317 1442 3368 locum

361 3400 507 3436 nunc
551 3386 818 3435 successit
850 3386 1007 3436 vicus
1040 3386 1446 3438 Karabostasion

359 3455 625 3518 (Pausan.
665 3454 791 3514 VII,
833 3456 915 3506 17.
941 3459 992 3518 §-
1017 3454 1097 3518 3).
1152 3456 1319 3506 Plura
1355 3457 1444 3507 da·

359 3524 444 3574 bit
491 3523 712 3574 Curtius
757 3524 803 3574 1.
849 3541 904 3589 p.
947 3527 1055 3575 424
1113 3540 1267 3590 seqq.
1317 3526 1441 3577 coll.

360 3592 629 3644 Merleker
662 3609 716 3658 p.
747 3592 833 3646 33.
905 3596 1101 3645 Restat
1140 3593 1379 3658 Tritaea,
1411 3610 1446 3646 a

360 3661 554 3712 Pharis
589 3666 798 3713 remota
842 3668 1059 3714 centum
1095 3664 1294 3729 viginti
1335 3670 1446 3715 sta-

362 3732 497 3794 diis,
538 3731 765 3782 interior
798 3733 957 3794 urbs,
993 3733 1060 3783 de
1095 3748 1203 3798 qua
1238 3734 1445 3784 Pausa-

358 3801 479 3851 nias
524 3801 659 3861 VII,
689 3802 778 3851 22.
832 3804 884 3864 fi.
921 3771 973 3852 4.
1021 3807 1076 3853 et
1122 3806 1312 3853 nostra
1356 3818 1446 3854 ae·

359 3874 475 3920 tate
510 3869 781 3920 Merleker
810 3886 865 3935 p.
904 3871 992 3922 43.
1052 3871 1271 3922 Curtius
1307 3873 1353 3922 1.
1386 3889 1441 3937 p.

359 3936 462 3991 433
495 3953 646 4004 seqq.
684 3940 815 4001 452,
856 3942 948 4006 qui
985 3945 1222 3991 veterem
1255 3942 1443 3992 urbem

359 4023 424 4058 eo
449 4007 570 4059 loco
597 4009 877 4060 exstitisse
911 4009 1135 4071 indicat,
1175 4010 1260 4060 cui
1297 4025 1442 4061 nunc

356 4092 549 4127 nomen
588 4077 875 4138 KasMzzi,
926 4079 1303 4129 consentiente
1337 4081 1442 4130 Bo-

356 4144 515 4210 blaye
538 4163 594 4211 p,.
614 4147 677 4197 21
707 4162 822 4212 seq.
894 4149 977 4198 De
1008 4149 1181 4198 forma
1216 4153 1270 4198 et
1306 4149 1441 4199 seri-

355 4219 517 4280 ptura
571 4215 724 4266 vocis
781 4216 986 4269 confer.
1044 4217 1315 4268 Schubart
1368 4218 1439 4267 ad

355 4285 823 4337 Pausan.Praef.
880 4285 1438 4350 Vol.11.p.V111.

356 4353 446 4410 ed.
489 4354 640 4419 Lips.
692 4356 904 4406 Teubn.
976 4356 1131 4410 Haec
1182 4355 1302 4405 sola
1345 4371 1439 4416 με-

355 4413 587 4490 σόγαιος
619 4423 742 4476 ideo
766 4425 875 4477 diei
900 4425 1147 4488 videtur,
1182 4424 1441 4493 quoniam

1552 1582 1651 1633 reli
1690 1598 1793 1633 uae
1848 1581 2011 1632 urbes
2079 1583 2176 1631 aut
2232 1582 2368 1632 mari
2427 1580 2641 1632 adiace-

1552 1652 1660 1702 ban
1703 1689 1717 1712 ‚
1787 1655 1886 1701 aut
1953 1650 2217 1714 portubus
2283 1654 2433 1701 certe
2502 1653 2638 1701 mari

1551 1722 1772 1771 iunctae
1809 1721 1975 1770 suere.

1622 1790 1824 1841 Crathis
1858 1789 2056 1839 fluvius
2092 1787 2280 1838 itidem
2320 1804 2639 1839 commemo-

1549 1864 1703 1910 ratur
1747 1860 1985 1909 Pausan.
2030 1858 2167 1920 Vn,
2218 1858 2302 1906 25.
2353 1860 2403 1919 §-
2441 1859 2496 1919 7,
2543 1858 2638 1909 ubi

1549 1929 1707 1995 plura
1741 1928 1991 1980 Siebelis.
2062 1926 2201 1978 Add.
2243 1926 2461 1976 Curtius
2501 1927 2547 1980 I.
2582 1943 2634 1991 p.

1548 2001 1671 2050 472.
1709 1998 1868 2049 Nunc
1899 2001 2131 2048 vocatur
2153 1995 2370 2045 Aer-ata.
2410 1997 2493 2046 De
2515 1998 2639 2047 Piro

1547 2069 1714 2119 fluvio
1745 2067 1858 2118 vid.
1895 2068 2060 2117 Paus.
2090 2066 2333 2127 V11‚22.
2361 2069 2413 2126 g.
2441 2065 2487 2115 l.
2525 2067 2637 2117 Ho-

1549 2138 1638 2188 die
1674 2138 1723 2188 ei
1750 2152 1946 2187 nomen
1977 2135 2291 2187 Kmnenitza.
2356 2134 2481 2186 Vid.
2508 2135 2638 2186 Cur·

1549 2208 1660 2257 tius
1695 2208 1742 2257 I.
1788 2221 1841 2270 p.
1892 2204 1998 2257 428
2039 2209 2094 2255 et
2128 2203 2401 2255 Merleker
2441 2221 2493 2270 p.
2544 2206 2633 2257 38.

1617 2267 1678 2324 ἐν
1722 2274 1792 2341 τῇ
1841 2272 2068 2337 Κρᾶθις
2111 2263 2389 2338 ποταμὸς]
2460 2266 2521 2323 ἐν
2566 2272 2637 2341 τῇ

1547 2344 1687 2395 dixit
1734 2360 1952 2395 sensum
1999 2344 2206 2409 magis,
2261 2358 2424 2408 quam
2461 2358 2635 2410 gram-

1548 2416 1806 2466 maticam
1842 2419 2170 2465 structuram
2208 2418 2459 2475 secutus,
2515 2429 2636 2464 cum

1548 2485 1842 2536 antecedat
1877 2478 2049 2562 Αἰγαὶ
2072 2484 2130 2533 in
2166 2482 2389 2549 plurali,
2443 2484 2538 2534 ubi
2574 2484 2636 2534 li-

1547 2559 1636 2605 eet
1659 2554 1947 2619 intelligas
1972 2545 2153 2609 πόλις.
2210 2552 2292 2602 De
2315 2552 2512 2603 Italiae
2539 2554 2635 2604 flu-

1545 2624 1670 2686 vio,
1705 2625 1792 2674 cui
1830 2623 1957 2673 olim
1987 2637 2184 2673 nomen
2221 2621 2451 2684 Orantis,
2489 2638 2636 2673 nunc

1547 2695 1718 2756 Grati,
1773 2693 1831 2743 in
1890 2692 2221 2757 Sybaritano
2271 2707 2407 2755 agro
2466 2707 2632 2756 prope

1543 2763 1733 2813 urbem
1791 2763 2045 2824 eoseum,
2107 2760 2220 2810 vid.
2279 2761 2344 2810 T.
2402 2761 2630 2812 Ullrich.

1546 2832 1813 2898 Sybaritt.
1852 2832 2008 2882 Rerr.
2059 2830 2227 2912 Capp.
2276 2845 2402 2895 pag.
2444 2833 2478 2882 5
2514 2846 2627 2895 seq.

1496 2958 1503 2963 ,
1544 2931 1618 2942 --
1672 2902 1757 2953 Ad
1803 2915 1992 2952 vocem
2046 2891 2280 2958 ἀείναος
2331 2900 2444 2952 vid.
2486 2905 2628 2952 nott.

1546 2972 1821 3036 ad1‚93.

1886 3142 2018 3193 Car.
2058 3141 2297 3193 CXLVI.

1616 3241 1712 3295 καὶ
1759 3236 1882 3296 τότε
1929 3260 1990 3310 γε
2028 3235 2238 3295 Ἰώνων
2283 3230 2379 3313 ἦν]
2427 3247 2493 3297 In
2535 3264 2631 3299 nu-

1545 3332 1694 3366 mero
1745 3315 2027 3366 duodecim
2075 3315 2316 3376 urbium,
2373 3332 2513 3380 quae
2558 3317 2631 3368 ad

1548 3386 1740 3436 Ionum
1781 3385 1975 3435 foedus
2010 3385 2395 3449 pertinuerint,
2443 3387 2631 3452 utique

1546 3456 1840 3519 scriptores
1866 3454 2082 3518 antiqui
2105 3455 2471 3504 consentiunt.
2515 3456 2631 3506 Nec

1546 3529 1730 3574 tamen
1763 3539 1872 3573 uno
1908 3523 2204 3589 eodemque
2240 3523 2354 3573 fere
2389 3525 2632 3588 tempore

1543 3594 1669 3643 illas
1707 3607 1826 3643 esse
1863 3591 2144 3652 conditas,
2193 3607 2297 3642 nec
2342 3591 2508 3642 etiam
2545 3594 2632 3643 Io·

1545 3663 1705 3713 nibus
1742 3662 1868 3712 inde
1903 3662 1970 3712 ab
2012 3660 2223 3725 orig-ine
2256 3660 2425 3710 hocce
2463 3662 2633 3713 fuisse

1545 3730 1864 3794 consilium,
1928 3731 2071 3795 quod
2128 3730 2439 3781 Herodotus
2491 3732 2630 3794 vult,

1546 3800 1828 3853 contendit
1860 3800 2037 3851 Raoul
2072 3798 2339 3850 Rochette
2369 3799 2405 3851 1.
2443 3799 2482 3852 l.
2521 3802 2628 3853 111.

1543 3887 1674 3936 pag.
1709 3870 1777 3921 83
1815 3885 1967 3935 seqq.
2036 3871 2122 3920 De
2168 3867 2398 3935 singulis
2440 3871 2632 3921 civita·

1544 3941 1692 3991 tibus
1729 3939 1875 3992 conf.
1914 3940 1984 3990 ad
2020 3940 2227 4002 1‚142.

1614 4000 1764 4073 ἐπεὶ,
1802 4024 1879 4067 ως
1902 4006 1964 4072 γέ
1999 4025 2051 4059 τι
2084 4005 2326 4073 μᾶλλον
2328 3993 2486 4058 οὗτοι
2510 3998 2630 4060 ''Im-

1546 4078 1639 4135 νές
1684 4075 1794 4128 εἰσι
1838 4109 1911 4119 -
1952 4077 2137 4156 μωρίη
2186 4069 2365 4141 πολλὴ
2428 4074 2627 4146 λέγειν]

1548 4148 1691 4199 Olim
1733 4148 2017 4214 legebatur
2069 4163 2145 4205 ως
2164 4162 2249 4226 γε
2301 4161 2418 4211 τοι,
2473 4150 2628 4199 cuins

1542 4217 1664 4268 loco
1700 4217 2094 4283 Wesselingius
2141 4206 2219 4274 ὥς
2252 4214 2313 4281 γέ
2348 4231 2402 4265 τι
2439 4217 2627 4280 edidit,

1543 4286 1690 4351 quod
1725 4287 1869 4337 binis
1910 4286 2063 4338 libris
2100 4284 2370 4337 firmatum
2404 4287 2627 4337 retinui·

1544 4371 1695 4416 mus,
1731 4360 1944 4406 mutato
1971 4360 2189 4406 tantum
2225 4358 2472 4406 accentu.
2539 4356 2626 4407 Ad

1540 4424 1680 4478 liaeo
1701 4425 1869 4477 verba
1896 4425 2043 4492 quod
2055 4425 2296 4491 Lennep.
2314 4422 2622 4478 adHesiod.
