3109 5092
1267 360 1517 422 omo,
1565 363 1616 420 1.
1660 374 1713 425 5.
2551 364 2626 427 13
2680 336 2688 345 ’

506 532 705 605 Οὕτω
749 534 876 622 μὲν
919 536 1178 623 Πέρσαι
1228 538 1502 622 λέγουσι
1549 537 1907 621 γενέσθαι,
1954 538 2066 605 καὶ
2112 537 2225 607 διὰ
2267 535 2393 627 τὴν
2427 535 2679 610 Ἰλίουὸ

344 638 604 710 ἅλωσιν
641 632 1029 729 εὑρίσκουσι
1076 644 1268 725 σφίσι
1306 642 1554 707 ἐοῦσαν
1591 637 1717 728 τὴν
1748 635 1963 730 ἀρχὴν
1998 646 2115 731 τῆς
2146 649 2392 734 ἔχθρης
2419 647 2535 730 τῆς
2567 646 2634 723 ἐς

346 741 506 823 τοὺς
536 740 890 830 ’Έλληνας
969 743 1143 830 Περὶ
1194 742 1271 811 δὲ
1321 747 1436 830 τῆς
1468 738 1636 824 Ἰοῦς
1684 739 1810 814 οὐκ
1861 736 2297 834 ὁμολογέουσι
2332 750 2635 836 Πέρσῃσι

343 844 525 917 οὕτω
570 853 907 924 Φοίνικες.
976 841 1058 914 οὐ
1090 842 1221 933 γὰρ
1274 840 1545 936 ἁρπαγῇ
1597 850 1806 933 σφέας
1854 853 2312 939 χρησαμένους
2363 852 2636 937 λέγουσι

343 949 628 1038 ἀγαγεῖν
654 947 871 1038 αὐτὴν
912 950 979 1028 ἐς
999 958 1354 1036 Αἴγυπτον
1369 1002 1390 1037 ,
1419 947 1568 1018 ἀλλ’
1606 978 1696 1030 ως
1721 954 1797 1021 ἐν
1831 958 1922 1048 τῷ
1950 952 2182 1044 Ἄργει·
2207 956 2514 1042 ἐμίσγετο
2543 958 2640 1047 τῷ

345 1054 711 1147 ναυκλήρῳ
739 1059 856 1143 τῆς
887 1050 1066 1132 νεός·
1125 1055 1272 1122 ἐπεὶ
1306 1054 1387 1123 δὲ·
1418 1059 1678 1143 ἔμαθεν
1721 1061 1960 1143 ἔγκυος
1991 1061 2231 1143 ἐοῦσα,
2282 1060 2638 1145 αἰδεομένη

351 1224 593 1287 „Persae
619 1238 785 1273 suum
819 1237 962 1271 esse
992 1221 1252 1284 serebant,
1289 1222 1444 1271 sibi-

1548 1239 1707 1274 usum
1743 1225 1799 1274 in
1835 1225 2001 1275 verbo
2047 1212 2291 1290 ἥγηνται
2328 1228 2401 1277 cf.
2439 1226 2637 1277 Matth.

352 1309 473 1358 que
507 1308 689 1343 munera
724 1292 922 1354 Asiam,
968 1308 1218 1341 armorum
1260 1293 1373 1341 iure
1409 1309 1445 1342 a
1550 1297 1602 1357 g.
1642 1294 1762 1346 505.
1788 1295 1894 1347 HJ.
1931 1312 1987 1361 p.
2024 1295 2129 1348 959
2166 1302 2222 1347 et
2252 1297 2509 1348 Kuehner
2544 1297 2639 1348 Gr.

348 1363 621 1414 maioribus
640 1369 947 1425 occupatam,
972 1361 1445 1411 vindicabisuef‘

351 1432 507 1483 Idem
552 1432 689 1482 haec
734 1431 925 1481 Nostri
971 1432 1143 1481 verba
1188 1431 1445 1481 disertius

350 1502 634 1553 declarant
663 1501 762 1564 IX,
804 1501 928 1551 116:
959 1493 1108 1566 ,,τὴν
1136 1492 1323 1564 Ἀσιήν
1344 1497 1448 1549 πᾶ-

351 1585 461 1621 σαν
502 1568 795 1635 νομίζουσι
841 1538 1057 1619 ἑαυτῶν
1110 1567 1327 1650 Πέρσαι
1371 1563 1448 1619 εἷ-

349 1658 447 1691 ναι
503 1637 600 1691 καὶ
656 1638 763 1689 τοῦ
820 1634 937 1690 αἰεὶ
982 1634 1444 1706 βασιλεύοντος.“

348 1714 426 1763 Et
464 1712 677 1762 faciunt
722 1709 828 1760 huc
873 1725 941 1760 ea
989 1725 1204 1776 quoque
1254 1709 1441 1771 verba,

350 1797 495 1848 quae
530 1796 698 1861 supra
722 1779 898 1859 legun

349 1846 457 1916 μὲν
488 1844 583 1916 δὴ,
620 1864 785 1907 τους
826 1841 898 1899 ἐκ
931 1848 1052 1913 τῆς
1082 1841 1318 1913 Ἀσίης,
1357 1845 1443 1898 λε’-

1551 1364 1645 1415 Gr.
1704 1368 1754 1427 5.
1806 1365 1927 1417 539.
1984 1367 2188 1418 Herod.
2252 1367 2297 1431 1,
2354 1368 2470 1418 126.
2521 1367 2639 1419 136.

1550 1434 1627 1496 11,
1667 1435 1737 1486 40
1771 1440 1879 1486 etc.

1968 1610 2101 1662 Car.
2153 1611 2219 1663 V.

1620 1698 1787 1761 Ουτω
1823 1704 1927 1777 μὲν
1965 1710 2182 1797 Πέρσαι
2215 1712 2448 1796 λέγουσι
2490 1708 2643 1778 γενέ-

901 1785 988 1830 tur
1011 1780 1227 1831 addita.
1268 1775 1445 1844 σφέας
1548 1779 1691 1830 σθαι
1723 1778 1820 1832 καὶ
1823 1728 1957 1833 μδιά
1990 1798 2058 1847 τη
2064 1800 2097 1833 ν
2133 1775 2307 1834 Ἰλίου
2342 1775 2555 1833 ἅλωσιν
2589 1798 2644 1831 κ.

1544 1866 1594 1902 τ.
1633 1848 1704 1916 L]
1748 1852 1906 1915 Quod
1939 1854 2155 1919 insigne
2201 1854 2268 1904 de
2311 1853 2415 1903 Ilio
2453 1867 2648 1903 revera

348 1933 536 1986 γουσι.
624 1922 732 1970 Est
786 1935 917 1970 vero
985 1919 1123 1971 haec
1183 1919 1444 1984 primaria
1548 1935 1582 1970 a
1620 1922 1843 1972 Graecis
1888 1929 2050 1987 capto
2103 1924 2478 1973 testimonium
2522 1938 2647 1974 con-

352 1992 512 2057 quasi
598 1990 876 2041 sententia
952 1989 1022 2039 ad
1104 1989 1449 2040 orientalium

353 2060 666 2111 istiusmodi
721 2075 1012 2125 regnorum
1067 2061 1309 2111 rationes
1369 2060 1449 2108 in-

352 2130 681 2196 telligendas
730 2131 975 2196 adeoque
1031 2131 1239 2181 Persici
1294 2129 1450 2194 regni

357 2200 723 2251 conditionem
752 2200 1212 2265 perspiciendam;
1251 2200 1452 2265 quippe

360 2270 430 2320 ad
492 2286 655 2335 quam
714 2272 897 2320 omnia
965 2270 1157 2320 referri
1215 2269 1453 2320 debeant

358 2342 510 2405 regni
554 2342 811 2390 instituta
859 2356 925 2389 ac
980 2341 1282 2405 principum
1326 2355 1451 2389 con-

357 2410 499 2472 silia,
542 2417 771 2461 notante
814 2410 1104 2472 Heeren10‚
1142 2410 1310 2460 Ideen
1346 2415 1452 2459 etc.

358 2481 403 2543 Ι,
445 2481 492 2530 l.
527 2496 580 2545 p.
621 2481 742 2542 476,
781 2486 948 2545 atque
984 2480 1149 2530 etiam
1166 2480 1452 2542 Creuzero,

359 2550 455 2615 qui
487 2550 744 2600 admonet
780 2550 911 2600 anni
953 2550 1107 2612 1281,
1139 2565 1265 2615 quo.
1284 2550 1452 2601 Troia

361 2620 586 2670 obsessa
632 2621 823 2683 fertur,
871 2625 928 2670 et
974 2620 1102 2681 559,
1152 2635 1259 2685 quo
1308 2634 1452 2669 anno

361 2690 534 2754 Cyrus
570 2691 861 2740 Persarum
912 2705 1026 2740 rex.
1098 2688 1267 2740 Cuius
1308 2690 1454 2738 simi-

360 2760 436 2810 lia
464 2760 695 2810 consilia
728 2759 1063 2824 eandemque
1108 2760 1264 2824 regni
1299 2757 1452 2808 indo-

361 2829 467 2879 lem
505 2845 628 2880 cum
666 2830 1018 2895 reperiamus,
1045 2828 1193 2879 haud
1229 2830 1347 2880 scio
1384 2844 1455 2878 an

362 2901 477 2949 eius
515 2915 743 2966 regnum
788 2900 936 2949 haud
981 2914 1203 2964 prorsus
1254 2914 1457 2949 novum

363 2970 681 3032 existimari,
731 2985 895 3035 quam
942 2969 1127 3034 potius
1175 2970 1456 3021 continua-

360 3044 478 3089 tum
525 3056 555 3089 e
612 3040 781 3105 priori
836 3040 943 3089 dici
990 3044 1185 3104 queat,
1242 3044 1455 3088 mutato

359 3115 576 3159 tantum
612 3125 742 3175 rege
778 3109 897 3160 sive
941 3109 1187 3174 principe
1225 3124 1453 3158 summo.

358 3181 446 3229 De
481 3195 588 3244 quo
637 3184 822 3229 tamen
870 3180 991 3244 ipso
1030 3177 1309 3244 disputare
1343 3178 1458 3227 lon-

360 3265 491 3314 gum
527 3256 638 3309 est3
678 3250 787 3300 vid.
826 3249 975 3298 infra
996 3248 1122 3311 Vn,
1152 3249 1211 3298 11
1240 3253 1295 3297 et
1319 3261 1459 3312 quae

361 3319 599 3369 disserui
622 3319 690 3369 ad
711 3319 933 3369 Ctesiae
953 3319 1148 3383 frag-m.
1163 3333 1217 3382 p.
1238 3316 1308 3368 86
1333 3332 1452 3382 sqq.

357 3390 598 3438 Faciunt
634 3389 871 3440 fortasse
913 3387 1020 3438 huc
1066 3403 1160 3449 ea,
1208 3401 1351 3452 quae
1389 3385 1456 3436 de

360 3459 493 3508 Nini
527 3474 695 3525 regno
722 3462 946 3509 enarrat
969 3457 1196 3508 Diodor.
1221 3457 1278 3507 11
1310 3456 1452 3519 init„

360 3528 511 3593 quod
545 3527 707 3578 simul
728 3529 896 3578 Asiae
928 3527 1151 3577 minoris
1180 3527 1450 3592 regiones,

359 3597 653 3660 Troadem,
690 3597 1013 3662 Phrygiam,
1053 3596 1181 3659 alia,
1222 3594 1454 3659 comple·

359 3683 489 3717 xum
526 3667 708 3717 fuerit.
752 3666 1088 3730 Quibuscum
1113 3668 1200 3717 Gr.
1239 3667 1461 3716 coniun—

358 3738 448 3803 git
486 3737 634 3787 Plat.
677 3737 744 3787 de
790 3737 964 3802 Legg.
1003 3736 1109 3786 111.
1161 3751 1216 3800 p.
1253 3733 1356 3786 685
1395 3735 1456 3785 C.

360 3823 409 3858 s.
448 3822 501 3870 p.
540 3805 859 3868 2961301111„
896 3807 988 3870 qui
1024 3805 1292 3856 Troianos
1330 3804 1460 3855 olim

358 3876 435 3927 ad
472 3877 819 3940 Assyriorum
853 3890 1081 3940 regnum
1129 3875 1460 3939 pertinuisse

358 3943 1459 4079 ῗὲἓ.“ἕ.ῒ.ῗ’ἔῖ“ᾆῖὶῗ.“.ἰξὶἶῖῗ.ξῗξίἰ.ἷῗέ

358 4086 455 4136 'ru
492 4086 638 4137 conf.
690 4085 795 4136 Th.
842 4082 1070 4133 Menke·
1107 4082 1368 4148 Lydiacc.
1404 4098 1460 4147 p.

358 4155 436 4207 28
476 4169 614 4219 seq„
653 4158 707 4204 et
744 4168 886 4218 quae
924 4168 1093 4218 nuper
1127 4151 1197 4202 de
1229 4152 1315 4202 his
1352 4150 1459 4201 dis-

354 4224 537 4275 seruit
570 4223 791 4288 Layard
826 4222 1074 4273 Nineveh
1109 4221 1217 4272 and
1261 4222 1335 4271 its
1380 4237 1459 4271 re-

354 4294 541 4346 mains
578 4293 654 4344 Π.
693 4310 748 4358 p.
786 4292 911 4345 227.
982 4291 1068 4344 Ad
1103 4292 1316 4343 Graeca
1350 4306 1459 4341 ma-

352 4365 451 4431 gis
469 4363 701 4427 respicit
710 4359 973 4413 Nitzsch:
1009 4361 1380 4426 Sagenpoesie
1402 4360 1457 4412 (1.

353 4431 584 4486 Griech.
620 4447 674 4498 Ρ.
713 4430 819 4485 576
856 4443 974 4496 seq.
1008 4456 1077 4468 --
1118 4429 1203 4481 Ad
1227 4430 1458 4494 perfecti

1553 1991 1773 2040 firmant
1829 1991 1924 2041 alii
1994 2008 2209 2058 quoque
2271 1994 2458 2043 Nostri
2511 1991 2644 2044 loci.

1554 2056 1770 2123 11,116
1806 2078 1929 2128 sqq.
1967 2062 2214 2123 Vn‚43.
2257 2065 2375 2114 161.
2422 2064 2520 2145 IX,
2558 2063 2645 2113 27.

1554 2130 1686 2180 Mox
1753 2133 1811 2183 in
1880 2132 2062 2183 verbis
2122 2125 2190 2183 οὗ
2250 2126 2358 2198 γὰρ
2420 2124 2651 2198 ἁρπαγῇ

1559 2198 1735 2265 σφέας
1766 2196 2161 2267 χρησαμένους
2195 2199 2420 2268 λέγουσι
2452 2218 2504 2253 τι.
2525 2218 2574 2251 τ.
2599 2200 2646 2249 λ.

1558 2273 1863 2321 accusativi
1910 2288 2033 2323 cum
2089 2273 2361 2324 infinitivo
2413 2277 2653 2324 structu-

1556 2356 1672 2391 ram
1707 2342 1970 2407 praetulit
2001 2343 2203 2394 Noster
2248 2344 2371 2394 loco
2406 2344 2652 2393 nomina-

1560 2412 1661 2460 tivi
1697 2427 1818 2462 cum
1855 2412 2146 2477 infinitivo,
2197 2419 2259 2464 ut
2304 2415 2350 2476 1,
2399 2414 2488 2464 34.
2530 2412 2649 2472 171,

1559 2481 1708 2532 alibi.
1778 2483 2067 2533 Caeterum
2104 2485 2281 2549 ipsam
2326 2484 2528 2533 samam
2563 2481 2652 2531 hic

1556 2551 1787 2601 relatam
1835 2552 1903 2603 de
1947 2553 2081 2603 Ione
2132 2555 2404 2618 pertinere
2447 2551 2518 2602 ad
2567 2564 2650 2611 ea,

1558 2637 1700 2686 quae
1735 2621 1803 2671 de
1829 2623 2053 2687 Europa
2086 2622 2156 2671 ad
2191 2623 2238 2685 1,
2286 2625 2319 2671 2
2356 2620 2656 2671 declaravi-

1556 2706 1696 2753 muS,
1735 2690 1970 2756 indeque
1996 2691 2255 2756 explicari
2282 2691 2507 2752 debere,
2543 2703 2655 2738 mo-

1556 2756 1687 2811 nere
1707 2760 1800 2809 vix
1824 2775 1978 2825 opus.
2023 2762 2206 2824 Quare
2235 2776 2346 2811 non
2363 2760 2484 2820 erit,
2510 2757 2656 2823 quod

1561 2846 1682 2880 cum
1725 2830 2003 2880 Moversio
2053 2829 2303 2895 (Phoniz.
2353 2831 2402 2880 1.
2454 2845 2510 2894 Ρ.
2560 2827 2650 2892 84)

1560 2900 1830 2964 insignem
1879 2900 2151 2966 quandam
2211 2901 2301 2951 hic
2346 2904 2653 2950 statuamus

1559 2970 1891 3021 Phoenicum
1976 2971 2226 3022 fraudem
2309 2970 2651 3022 Herodotum

1560 3044 1910 3121 quaerentem
1945 3041 2271 3092 fallentium.

1627 3100 1749 3159 ἀλλ’
1801 3101 1878 3168 ὥς
1922 3101 1985 3160 ἔν
2037 3109 2117 3179 τῷ
2159 3102 2347 3195 ’Ἄργεϊ
2396 3101 2649 3175 ἐμίσγετο

1544 3176 1637 3259 τῷ
1675 3172 1974 3262 ναυκλήρῳ
2009 3160 2110 3245 τῆς
2147 3180 2293 3248 νεος]
2319 3172 2504 3245 ’Ἄργεϊ
2532 3176 2650 3244 (pro

1544 3229 1746 3315 Ἀργει)
1804 3250 2124 3320 scripsimus
2192 3268 2314 3303 cum
2371 3249 2549 3301 Schw.
2598 3251 2653 3297 et

1561 3318 1738 3369 Gaisf.
1769 3349 1839 3360 —
1870 3318 2175 3384 μίσγεσθαι
2221 3323 2311 3372 hic
2348 3319 2416 3369 de
2451 3318 2657 3367 femina

1556 3396 1852 3453 usurpatur
1890 3390 2050 3440 aliter
2095 3395 2260 3455 atque
2299 3385 2658 3440 Grammatici

1558 3457 1783 3521 docent,
1833 3461 1927 3523 qui
1987 3459 2054 3509 de
2098 3462 2217 3510 viro
2277 3458 2387 3507 dici
2434 3458 2657 3506 conten-

1558 3525 1711 3578 dunt.
1749 3527 1968 3578 Laudat
2016 3529 2136 3578 Cr..-
2177 3529 2401 3578 Homer.
2449 3526 2651 3588 Hymn.

1558 3596 1614 3647 in
1641 3598 1877 3647 Mercur.
1907 3597 2095 3661 4ibiq.
2121 3598 2341 3647 Ernest.
2373 3601 2428 3645 et
2452 3592 2653 3643 Matth.

1565 3665 1853 3717 Animadv.
1893 3664 1963 3715 ad
2001 3666 2201 3730 Hymn.
2238 3667 2400 3716 Hom.
2439 3679 2496 3728 p.
2532 3661 2655 3714 209.

1563 3734 1706 3786 Add.
1726 3733 2005 3785 Plutarch.
2031 3735 2171 3787 Fab.
2195 3736 2345 3786 Max.
2385 3736 2433 3785 1.
2471 3733 2657 3797 Plura,

1565 3806 1615 3854 si
1662 3819 1825 3869 opus,
1881 3805 2036 3855 dabit
2080 3806 2393 3857 Thesaurus
2441 3803 2509 3854 L.
2562 3802 2653 3853 Gr.

1564 3875 1630 3926 V.
1666 3890 1719 3938 Ρ.
1774 3873 1910 3926 1045
1959 3875 2045 3925 ed.
2099 3875 2354 3927 Dindorf.
2408 3900 2476 3911 -
2523 3863 2656 3928 νεός·

1562 3960 1661 4009 pro
1699 3936 1840 4008 νηός
1874 3944 2028 4008 dedi,
2065 3951 2127 3995 ut
2160 3947 2207 4009 Ι,
2249 3947 2300 3997 1.
2336 3944 2431 3996 ubi
2467 3941 2580 3991 vid.

1633 4003 1755 4063 ἐπεὶ
1790 4007 1855 4064 δὲ
1891 3983 2109 4079 ἔμαθεν
2145 4010 2347 4080 ἔγκυος
2380 4003 2576 4074 ἐοῦσα]
2616 4010 2654 4057 1.

1565 4098 1613 4134 e.
1650 4099 1757 4139 cum
1788 4099 1847 4135 ss
1873 4085 2141 4149 gravidam
2163 4099 2274 4136 esse
2304 4085 2564 4134 sensisset.
2591 4106 2661 4117 ——

1565 4152 1724 4216 Quod
1761 4156 2008 4218 sequitur
2043 4149 2370 4217 αἰδεομένη,
2391 4153 2448 4201 in
2469 4143 2659 4198 αἰδεο-

1563 4220 1743 4287 μένην
1790 4224 2113 4274 commutari
2172 4222 2292 4272 vult
2345 4217 2554 4272 Herold
2602 4216 2660 4264 in
2763 4279 2770 4285 ‘

1564 4291 1721 4357 Spec.
1752 4292 1997 4343 emendd.
2024 4292 2270 4344 Herodd.
2309 4287 2655 4349 Norimberg.

1565 4361 1702 4412 1850
1735 4362 1902 4413 edito.
1940 4363 2014 4412 At
2036 4362 2168 4412 mihi
2184 4362 2386 4413 Noster
2406 4354 2656 4411 consulto

1561 4430 1849 4497 scripsisse
1883 4430 2100 4483 videtur
2133 4424 2441 4494 αἰδεομένη
2459 4461 2476 4489 ,
2512 4419 2659 4487 quod
