3109 5092
1154 270 1656 332 EUTERPE.
1701 271 1786 332 11.
1826 277 1948 334 144.
2567 243 2690 332 7‘59

412 442 673 512 τούτων
698 444 834 513 αἰεὶ
862 446 985 514 ἕνα
1009 441 1130 513 τὸν
1156 447 1520 533 κρατέοντα
1549 442 1757 531 εἶναι,
1808 439 2099 513 ὕστατον
2140 442 2216 513 δὲ
2256 440 2463 533 αὐτῆς
2488 453 2681 533 βασι-

414 552 649 617 λεῦσαι
695 536 905 637 Ὦρον
959 546 1081 617 τὸν
1128 544 1412 637 Ὀσίριος
1476 553 1719 634 παῖδα,
1781 545 1900 617 τὸν
1943 543 2333 618 Ἀπόλλωνα
2365 543 2684 637 ’Έλληνες

412 647 886 738 οὐνομάζονσι·
959 656 1237 733 τοῦτον,
1309 650 1831 721 καταπαύσαντα
1894 655 2188 738 Τυφῶνα
2210 702 2230 736 ,
2285 657 2681 738 βασιλεῦσαι

417 853 727 904 sacerdotes
760 857 997 918 geratur.
1056 851 1210 913 Quae
1237 855 1498 916 quantum

416 923 485 973 ab
521 924 788 974 Herodoti
837 922 959 973 loco
1014 925 1162 971 recte
1217 920 1498 972 intellecto

415 992 595 1042 aliena
645 993 784 1054 sint,
848 993 941 1041 vix
986 990 1231 1056 pluribus
1281 1006 1499 1044 monere

411 1062 629 1112 attinet.
709 1060 1103 1126 Wesselingius
1155 1060 1212 1109 in
1260 1064 1392 1110 nota
1426 1062 1496 1112 ad

412 1131 465 1181 h.
505 1130 543 1182 l.
591 1130 659 1180 ad
701 1131 999 1182 Diodorum
1045 1144 1262 1194 quoque
1305 1145 1498 1194 provo-

413 1205 504 1250 cat
551 1200 606 1262 1,
662 1200 726 1252 12
776 1199 855 1266 [et
898 1201 954 1263 I,
1001 1198 1092 1264 44]
1142 1199 1377 1264 itemque
1427 1199 1498 1249 ad

411 1269 765 1321 Plutarchum
811 1270 878 1321 de
912 1269 1046 1320 Isid.
1094 1273 1149 1319 et
1190 1267 1332 1319 Osir.
1372 1284 1496 1334 cap.

416 1340 509 1401 18,
564 1340 760 1405 quibus
801 1339 936 1390 locis
973 1353 1038 1389 ea
1073 1338 1316 1388 firmetur
1350 1338 1497 1403 apud

408 1409 743 1459 Herodotum
779 1409 970 1474 lectio,
1009 1423 1119 1472 qua
1138 1408 1259 1457 deos
1281 1423 1388 1457 cum
1407 1408 1496 1458 leo·

407 1478 615 1530 minibus
683 1478 942 1529 habitasse
1011 1471 1326 1541 (οἰκέοντας
1379 1492 1497 1541 αμα

406 1549 556 1597 τοῖσι
588 1537 982 1630 ἀνθρώποισι)
1017 1561 1320 1597 censemus.

476 1629 723 1667 υστατον
773 1605 1058 1680 -Ὦρον
1099 1611 1203 1665 τὸν
1246 1606 1498 1680 Ὀσίριος

407 1683 610 1750 παῖδα]
657 1688 865 1738 Eadem
915 1687 1030 1736 fere
1064 1685 1293 1736 Diodor.
1330 1685 1387 1748 Ι,
1426 1687 1495 1736 44

410 1757 530 1806 init.
568 1756 690 1808 coll.
727 1756 773 1820 Ι,
814 1756 875 1806 21
920 1761 973 1806 et
1008 1756 1247 1805 Pausan.
1285 1754 1365 1818 ΙΙ,
1403 1754 1489 1806 30.

477 1886 581 1944 τὸν
611 1884 928 1942 Ἀπόλλωνα
951 1878 1222 1957 ’Έλληνες
1248 1882 1496 1956 οὐνομά-

403 1961 586 2028 ζουσι]
644 1962 1099 2025 Conf.11,156.
1171 1962 1489 2014 Pausan.l.

407 2032 556 2083 laud.
589 2032 849 2082 Laurent.
876 2031 1016 2096 Lyd.
1044 2031 1110 2082 de
1135 2046 1332 2083 menes.
1360 2047 1487 2097 pag.

407 2104 475 2153 42
521 2100 715 2153 Roeth.
760 2105 815 2151 et
863 2116 1004 2165 quae
1051 2102 1163 2153 alia
1209 2101 1367 2151 affert
1408 2102 1494 2151 Ia-

406 2170 623 2221 blonsk.
659 2171 826 2221 Vocc.
864 2171 1038 2235 Aegg.
1073 2186 1201 2237 pag.
1235 2173 1333 2221 241
1375 2186 1489 2236 seq.

407 2246 466 2291 et
488 2240 785 2314 Seyfferth.
823 2241 1082 2305 Beitriige
1117 2257 1164 2292 z.
1192 2242 1491 2291 Kenntniss

408 2311 462 2361 d.
501 2310 599 2360 alt.
631 2312 862 2375 Aegypt.
903 2310 979 2360 11.
1018 2327 1072 2374 p.
1103 2310 1201 2361 107
1226 2325 1343 2375 seq.
1409 2310 1490 2360 Ac

408 2380 655 2430 distinxit
677 2379 1004 2431 Plutarchus
1036 2379 1102 2429 de
1126 2380 1260 2429 Isid.
1289 2384 1345 2429 et
1370 2379 1491 2429 Osi-

405 2449 508 2501 rid.
535 2465 656 2514 cap.
681 2450 764 2500 12.
791 2465 846 2515 p.
867 2448 969 2500 355
994 2464 1110 2515 seq.
1149 2449 1292 2499 inter
1324 2449 1489 2500 Arve—

404 2523 513 2579 rin,
562 2519 793 2570 Osiridis
830 2519 1080 2582 fratrem,
1130 2533 1287 2583 quem
1329 2519 1489 2582 Apol-

405 2592 547 2639 linem
585 2590 701 2639 sive
730 2588 925 2639 Horum
959 2593 1091 2638 natu
1121 2589 1380 2638 maiorem
1414 2588 1490 2638 fe-

403 2658 624 2718 rebant,
685 2661 740 2707 et
789 2659 931 2707 inter
984 2658 1177 2708 Horum
1227 2658 1489 2708 minorem

403 2731 565 2787 natu,
603 2725 773 2776 filium
806 2726 1038 2777 Osiridis
1076 2732 1131 2776 et
1163 2727 1355 2790 Isidis,
1396 2743 1488 2791 pa-

402 2797 504 2846 tris
547 2795 806 2858 ultorem,
860 2795 929 2845 de
965 2811 1070 2861 quo
1110 2795 1222 2845 vid.
1265 2811 1384 2860 cap.
1425 2797 1488 2847 18

403 2881 553 2930 seqq.
627 2865 858 2915 Arverin
905 2863 1140 2915 Osiridis
1187 2865 1410 2916 fratrem
1456 2881 1490 2916 a

403 2935 629 2986 Graecis
684 2934 988 3000 Apollinem
1052 2935 1189 2998 dici,
1252 2940 1489 2986 testatur

405 3019 620 3071 quoque
647 3005 874 3055 Diodor.
912 3004 1023 3055 Sic.
1059 3004 1116 3068 Ι,
1146 3006 1207 3054 17
1245 3004 1368 3055 coll.
1401 3004 1484 3068 13,

401 3074 496 3124 ubi
530 3073 835 3140 Apollinem
870 3074 1027 3137 dicit,
1076 3090 1234 3139 quem
1271 3076 1488 3140 proprie

398 3145 629 3195 Arverin
683 3144 864 3195 dicere
922 3144 1182 3208 debebat,
1245 3145 1486 3209 ipsisque

400 3214 848 3278 inscriptionibus
874 3214 1098 3265 Graecis
1130 3214 1341 3264 duabus
1383 3214 1485 3265 hoc

400 3281 748 3332 confirmatur
797 3284 941 3347 apud
984 3283 1339 3333 Letronnium
1385 3284 1488 3334 Re-

399 3350 543 3401 cueil
563 3351 875 3416 d'Inscript.
891 3352 1148 3417 d'Egypt.
1168 3352 1216 3402 Ι.
1231 3369 1286 3417 p.
1299 3352 1388 3403 40.
1399 3352 1486 3404 50.

397 3420 709 3470 Herodotus
731 3420 800 3468 ad
817 3420 1024 3470 Horum
1047 3422 1304 3471 minorem
1331 3427 1483 3483 natu,

400 3488 633 3539 Osiridis
667 3488 869 3550 filium,
920 3490 1187 3553 respexit,
1225 3504 1384 3554 quem
1430 3495 1486 3540 et

398 3560 576 3623 ipsum
629 3557 933 3623 Apollinem
987 3573 1188 3608 vocare
1250 3562 1485 3623 poterat,

398 3644 520 3679 cum
554 3627 701 3678 haud
737 3642 914 3691 pauca
946 3626 1040 3676 ille
1075 3627 1295 3677 offerret
1339 3627 1484 3676 simi-

397 3698 474 3748 lia
510 3698 839 3750 Graecorum
875 3695 1138 3761 Apolliniz
1185 3696 1251 3746 de
1288 3697 1483 3761 quibus

398 3769 544 3819 conf.
581 3767 1187 3817 Wilkinson.Manners
1225 3770 1330 3816 etc.
1371 3782 1481 3818 sec.

398 3853 504 3888 ser.
529 3839 579 3888 1.
618 3853 673 3901 p.
708 3836 808 3888 397
838 3851 1011 3901 seqq„
1044 3834 1245 3886 Roeth.
1284 3835 1481 3887 Gesch.

398 3906 453 3959 d.
490 3905 706 3957 abendl.
744 3905 951 3955 Philos.
997 3873 1047 3955 ⁹1.
1088 3909 1227 3955 nott.
1276 3919 1329 3968 p.
1381 3904 1482 3956 156

397 3975 523 4028 coll.
562 3975 690 4038 184,
731 3975 826 4039 qui
860 3990 890 4024 e
925 3975 1284 4025 monumentis
1308 3974 1485 4039 Aegy-

395 4045 526 4109 ptiis
561 4012 789 4108 prot’ulit
823 4044 1234 4107 inscriptiones,
1282 4044 1339 4093 in
1370 4045 1485 4109 qui-

395 4115 497 4164 bus
534 4113 769 4164 Osiridis
807 4118 863 4163 et
895 4114 1060 4164 Isidis
1095 4113 1266 4176 filius,
1313 4112 1484 4164 ultor-

395 4199 502 4248 que
523 4185 696 4247 patris
727 4183 1096 4246 praedicatur3
1126 4184 1244 4247 ipse
1270 4198 1483 4248 reprae-

397 4257 645 4303 sentatur
692 4251 824 4303 deus
872 4254 930 4302 in
974 4252 1060 4302 his
1115 4253 1481 4304 monumentis

395 4322 480 4373 vir
521 4322 734 4373 iuvenis
780 4322 1012 4373 falconis
1059 4323 1240 4389 capite
1281 4323 1481 4373 instru-

1601 857 1722 903 ctus
1759 850 1854 917 (cf.
1875 851 2204 903 Wilkinson.
2225 850 2262 901 l.
2281 851 2316 902 l.
2344 852 2451 903 111.
2470 853 2552 904 Pl.
2574 853 2685 920 37),

1600 937 1797 972 nomen
1841 922 1986 972 notis
2040 920 2463 987 hieroglyphicis
2516 922 2687 974 falco-

1599 992 1685 1048 nis
1723 991 1912 1043 addita
1950 990 2096 1041 linea
2137 991 2256 1041 sive
2290 991 2504 1057 flagello
2548 993 2688 1043 indi-

1599 1065 1756 1112 catur
1791 1064 2061 1126 sonatque
2092 1061 2210 1111 Hor·
2242 1077 2284 1112 s.
2318 1062 2456 1110 Har.
2523 1063 2685 1114 Hunc

1599 1131 1768 1197 igitur
1785 1131 2011 1192 Horum,
2036 1145 2196 1195 quem
2219 1130 2290 1180 ad
2322 1130 2525 1182 solares
2553 1131 2683 1183 deos

1600 1201 1930 1266 pertinuisse
1964 1199 2099 1249 nihil
2133 1200 2380 1263 dubium,
2428 1216 2532 1267 quo
2567 1202 2687 1253 iure

1599 1275 1654 1321 et
1719 1285 1824 1334 quo
1883 1283 2049 1320 sensu
2099 1270 2301 1320 Noster
2354 1271 2683 1322 Graecorum

1599 1339 1902 1404 Apollinem
1933 1338 2157 1399 dixerit,
2186 1339 2498 1404 disquisivit
2520 1339 2684 1391 Creu-

1602 1425 1707 1459 zer.
1744 1409 1800 1457 in
1839 1408 2078 1473 Symbol.
2106 1408 2184 1459 11.
2221 1424 2275 1473 p.
2297 1408 2383 1459 34.
2412 1409 2534 1461 248.
2558 1411 2680 1462 555.

1600 1477 1720 1531 558.
1759 1477 1882 1529 657.
1919 1478 2027 1528 111.
2052 1493 2107 1542 p.
2128 1477 2231 1528 328
2265 1478 2351 1529 ed.
2371 1483 2519 1542 tert„
2553 1494 2683 1544 quo·

1598 1563 1722 1599 cum
1756 1548 1901 1598 conf.
1935 1562 2073 1613 quae
2094 1548 2222 1596 Hirt
2257 1547 2537 1599 disseruit:
2574 1549 2683 1600 Ab·

1598 1615 1807 1667 handll.
1845 1616 1899 1667 d.
1935 1616 2139 1666 Berlin.
2169 1616 2346 1667 Akad.
2382 1618 2509 1668 hist.
2549 1618 2680 1683 phil.

1599 1685 1774 1737 Class.
1817 1701 1945 1736 ann.
1984 1685 2120 1736 1820
2143 1691 2199 1735 et
2225 1686 2380 1737 1821.
2423 1703 2551 1753 pag.
2589 1689 2681 1738 157

1599 1771 1751 1822 seqq.
1799 1755 1939 1804 Nam
1969 1756 2152 1805 Herus
2183 1754 2566 1820 appellabatur
2588 1757 2683 1807 Sol

1597 1827 1654 1876 in
1707 1823 1943 1875 solstitio
2001 1824 2243 1885 aestiv03
2305 1841 2410 1890 quo
2464 1826 2683 1890 quidem

1595 1898 1838 1959 tempore
1885 1895 2123 1943 omnium
2171 1909 2378 1957 rerum,
2427 1909 2566 1959 quae
2608 1895 2681 1945 ad

1595 1962 1869 2014 hominum
1907 1963 2327 2028 animaliumque
2363 1964 2531 2014 vitam
2580 1980 2682 2015 nu-

1596 2033 1863 2084 triendam
1900 2032 2413 2098 exhilarandamque
2452 2034 2682 2096 faciunt,

1594 2103 1741 2153 haud
1762 2101 2018 2167 ambigua
2036 2118 2159 2167 spes
2185 2103 2510 2154 ostenditur.
2548 2103 2683 2154 Inde

1594 2173 1652 2222 in
1703 2171 1955 2221 doctrina
2012 2172 2341 2222 sacerdotali
2397 2173 2682 2224 exhibetur

1595 2242 1729 2292 deus
1765 2242 1977 2291 iuvenis
2014 2242 2252 2306 optimae
2289 2242 2405 2307 spei
2438 2242 2685 2308 pulcher-

1592 2313 1870 2377 rimaeque
1917 2311 2082 2361 faciei
2122 2326 2436 2377 morumque
2483 2313 2681 2377 probs·

1590 2382 1949 2442 tissimorum,
2010 2386 2072 2431 ut
2126 2382 2219 2446 qui
2267 2382 2438 2445 patris
2488 2381 2681 2445 (Osiri-

1592 2451 1700 2513 dis)
1737 2465 1771 2499 a
1801 2450 2068 2515 Typhone
2098 2452 2244 2500 caesi
2279 2450 2480 2500 vindex
2516 2452 2681 2501 exsti—

1591 2521 1738 2570 terit.
1779 2520 1934 2580 Quae
1956 2520 2005 2568 si
2037 2524 2281 2584 reputes,
2313 2519 2442 2584 quid
2476 2520 2678 2582 obstat,

1593 2605 1699 2655 quo
1729 2589 1904 2638 minus
1923 2590 2093 2646 Herc,
2115 2589 2385 2654 Aegyptio
2410 2588 2529 2649 de0‚
2555 2604 2678 2639 cum

1593 2658 1921 2709 Graecorum
1954 2656 2201 2721 Apolline
2224 2658 2544 2707 convenisse
2567 2673 2680 2707 cre-

1592 2728 1821 2777 damus?
1894 2726 2046 2776 Duos
2078 2731 2258 2776 autem
2282 2725 2519 2791 Aegypti
2548 2725 2678 2777 deos

1590 2796 1796 2847 solares
1821 2794 1889 2845 ad
1912 2795 2240 2846 Graecorum
2258 2792 2561 2860 Apollinem
2583 2811 2679 2845 va-

1589 2867 1759 2917 luisse
1793 2866 2092 2916 Creuzerus
2130 2865 2328 2915 statuit
2360 2863 2399 2916 1.
2437 2863 2505 2928 1.,
2545 2863 2678 2915 alte-

1591 2952 1738 2998 rum,
1774 2934 2007 2985 Vulcani
2042 2934 2138 3000 qui
2171 2933 2485 2999 perhibetur
2511 2934 2674 2997 filius,

1592 3006 1792 3072 quique
1815 3004 1884 3055 ad
1900 3004 2206 3071 Apollinem
2225 3001 2494 3071 πατρῷον
2512 3005 2677 3055 Athe-

1589 3076 1855 3126 niensium
1872 3076 2159 3141 pertinuit,
2184 3073 2432 3138 alterum,
2448 3075 2675 3137 Horum,

1588 3147 1681 3212 qui
1704 3145 1774 3196 ad
1799 3146 2123 3211 reliquarum
2145 3139 2406 3196 Graeciae
2432 3145 2676 3209 gentium

1589 3215 1896 3280 Apollinem
1940 3214 2133 3265 valuit.
2216 3215 2303 3264 Tu
2346 3214 2493 3263 conf.
2532 3227 2675 3277 quae

1589 3285 1708 3350 ipse
1760 3284 1885 3334 olim
1942 3283 2174 3334 disserui
2230 3284 2286 3331 in
2341 3281 2557 3331 dissert.
2609 3279 2678 3330 de

1588 3351 1837 3418 Apolline
1883 3353 2156 3416 Patricio,
2216 3349 2469 3401 Heidelb.
2519 3348 2676 3400 1820.

1589 3437 1717 3487 pag.
1751 3423 1815 3472 16
1851 3436 1967 3485 seq.

1658 3487 1894 3551 τοῦτον,
1931 3478 2375 3537 καταπαύσαντα
2396 3483 2675 3568 Τυφῶνα]

1586 3559 1671 3609 De
1697 3559 1908 3610 Graeca
1935 3558 2110 3607 forma
2142 3556 2296 3605 vocis
2330 3550 2546 3618 Τυφὼν
2570 3555 2676 3620 (11,

1589 3626 1710 3692 156)
1751 3632 1805 3677 et
1845 3623 2099 3690 Τυφῶνα
2132 3625 2313 3674 omnia
2360 3624 2515 3674 dabit
2546 3626 2677 3675 Bre-

1587 3696 1709 3746 dov.
1748 3712 1803 3761 p.
1843 3696 1946 3747 250
1982 3709 2096 3760 seq.
2180 3693 2488 3744 Secundum
2533 3693 2672 3744 alios

1586 3765 1941 3832 Thyphonem
1991 3763 2269 3814 interfecit
2312 3764 2524 3826 Herus,
2578 3778 2674 3829 pa-

1584 3840 1723 3885 trem
1787 3848 2004 3884 caesum
2067 3833 2305 3896 ulturus,
2377 3833 2674 3883 secundum

1586 3904 1725 3955 alios
1761 3904 2078 3968 Typhonem
2117 3917 2313 3968 regno,
2390 3903 2533 3968 quod
2585 3918 2675 3953 oc-

1586 3978 1910 4039 cupaverat,
1957 3972 2174 4022 deiecit.
2246 3971 2404 4022 Conf.
2444 3971 2672 4023 Diodor.

1587 4045 1635 4107 Ι,
1661 4044 1748 4095 21.
1776 4041 1864 4094 88.
1934 4042 2210 4092 Plutarch.
2242 4042 2309 4092 de
2338 4041 2415 4093 Is.
2441 4046 2498 4091 et
2524 4041 2672 4093 Osir.

1586 4128 1707 4179 cap.
1749 4111 1832 4164 19.
1874 4128 2003 4178 pag.
2041 4111 2171 4174 358,
2227 4111 2321 4162 ubi
2355 4110 2673 4176 Typhonem

1586 4183 1796 4234 duabus
1829 4182 2025 4248 pugnis
2048 4185 2361 4246 superatum
2396 4195 2517 4231 esse
2539 4180 2672 4231 scri-

1583 4254 1697 4314 bit,
1744 4252 1869 4303 coll.
1918 4267 2038 4316 cap.
2084 4252 2170 4303 73.
2217 4266 2344 4316 pag.
2395 4249 2529 4311 380,
2572 4249 2670 4298 ubi

1581 4322 1739 4388 plura
1790 4322 1857 4373 de
1905 4320 2310 4390 significatione
2361 4317 2671 4386 Typhonis.
