3109 5092
456 369 583 431 290

1318 365 1861 429 HERODOTI

454 546 608 634 ἐμέο
636 539 994 622 αὐλέοντος
1022 539 1302 631 ἠθέλετε
1330 543 1673 631 ἐκβαίνειν
1694 536 2102 628 ὀρχεόμενοι.
2159 544 2387 628 Κῦρος
2417 539 2542 628 μὲν
2569 545 2723 608 τοῦ·

453 675 574 718 τον
598 645 717 717 τὸν
737 645 939 734 λόγον
962 661 1132 715 τοῖσι
1144 643 1330 715 Ἴωσι
1357 649 1468 715 καὶ
1496 662 1667 715 τοῖσι
1679 648 2000 713 Αἰολεῦσι
2025 647 2209 711 τῶνδ
2213 670 2244 712 ε
2276 648 2502 712 εἵνεκα
2526 647 2728 727 ἔλεξε,

340 833 347 838 ,
455 748 555 822 ὅτι
599 748 684 840 δὴ
722 756 792 819 οἱ
819 748 1051 830 Ἴωνες
1085 749 1446 839 πρότερον,
1488 746 1700 818 αὐτοῦ
1745 745 1983 837 Κύρου
2027 748 2390 835 δεηθέντος
2412 743 2494 816 δι’
2526 743 2726 834 ἄγγε’-

455 864 596 925 λων
635 851 1055 923 (ἐπίστασθαί
1089 873 1302 942 σφεας
1341 850 1473 923 ἀπὸ
1507 861 1842 941 Κροίσου,
1888 846 2015 919 οὐκ
2043 851 2430 920 ἐπείθοντο·
2477 848 2624 920 τότε
2655 850 2731 919 δὲ

455 959 1015 1047 κατεργασμένων
1037 962 1178 1026 τῶν
1205 956 1638 1046 πρηγμάτων,
1656 946 1827 1044 ἦσαν
1843 954 2090 1041 ἑτοῖμοι
2118 960 2486 1023 πείθεσθαι
2499 954 2730 1047 Κύρῳ.

456 1057 491 1130 ὁ
522 1061 647 1150 μὲν
678 1059 762 1149 δὴ
790 1056 957 1150 ὀργῇ
999 1057 1310 1149 ἐχόμενος
1363 1062 1555 1146 ἔλεγέ
1584 1080 1707 1147 σφι
1748 1055 1930 1126 τάδε.
1991 1053 2225 1137 Ἴωνες
2253 1056 2365 1142 δὲ,
2409 1052 2498 1137 ὥς
2524 1054 2729 1146 ἥκου-

456 1185 586 1234 σαν
611 1163 873 1233 τούτων
897 1160 1439 1252 ἀνενειχθέντων
1463 1167 1532 1243 ἐς
1563 1159 1678 1242 τὰς
1709 1157 1979 1245 πόλιας,
2020 1158 2246 1248 τείχεά
2267 1188 2341 1229 τε
2371 1159 2729 1249 περιεβάλ-

456 1277 655 1336 λοντο
696 1270 961 1335 ἕκαστοι
985 1317 1003 1350 ,
1047 1269 1159 1336 καὶ
1199 1269 1643 1354 συνελέγοντο
1687 1267 1754 1342 ές
1792 1261 2183 1333 Πανιώνιον
2220 1268 2290 1332 οἰ
2324 1260 2514 1335 ἄλλοι
2557 1260 2734 1351 πλὴν

457 1376 854 1457 Μιλησίων·
922 1367 1087 1458 πρὸς
1119 1367 1415 1458 μούνους
1461 1366 1591 1457 γὰρ
1641 1364 1921 1446 τούτους
1966 1362 2200 1455 ὅρκιον
2237 1372 2465 1457 Κῦρος
2504 1365 2730 1456 ἐποιή-

460 1494 621 1542 σατο
642 1522 661 1556 ,
705 1467 802 1540 ἐπ’
834 1465 974 1540 οἷσί
1005 1498 1132 1562 περ
1172 1468 1208 1541 ὁ
1239 1472 1483 1553 Λυδός.
1544 1486 1717 1541 τοῖσι
1749 1469 1825 1538 δὲ
1851 1479 2144 1540 λοιποῖσι
2165 1466 2346 1538 Ἴωσι
2377 1473 2562 1552 ἔδοξε
2591 1497 2732 1539 κοι-

460 1580 559 1668 νῷ
598 1574 774 1667 λόγῳ
832 1575 1122 1662 πέμπειν
1173 1573 1497 1663 ἀγγέλους
1549 1577 1617 1655 ἐς
1655 1572 2015 1662 Σπάρτην,
2068 1576 2513 1661 δεησομένους
2549 1570 2736 1642 Ἴωσι
2781 1611 2786 1614 -

330 1683 446 1745 142
462 1680 835 1766 τιμωρέειν.
888 1682 978 1746 Oc
1000 1676 1314 1760 δὲ”Ιωνες
1342 1670 1526 1749 οὗτοι
1545 1729 1564 1763 ,
1595 1681 1733 1746 τῶν
1761 1678 1875 1744 καὶ
1903 1672 1978 1744 τὸ
2006 1673 2398 1746 Πανιώνιόν
2427 1679 2588 1762 ἐστι,
2615 1680 2738 1745 τοῦ

463 1781 588 1870 μὲν
614 1777 910 1870 οὐρανοῦ
948 1784 1061 1850 καὶ
1090 1788 1228 1851 τῶν
1257 1779 1489 1874 ὡρέων
1535 1783 1611 1850 ἐν
1649 1785 1741 1873 τῷ
1784 1785 2115 1872 καλλίστῳ
2145 1778 2511 1867 ἐτύγχανον
2544 1784 2733 1870 ἰδρυ-

464 1981 533 2032 ad
570 1979 825 2032 tibiarum
864 1985 1058 2032 cantus
1095 1983 1152 2033 in
1186 1984 1400 2034 Dianae
1440 1984 1548 2049 Gy-

463 2066 636 2117 gaeae
684 2050 855 2101 saeris
911 2050 983 2100 ad
1032 2050 1211 2103 laeum
1264 2053 1546 2119 Gygaeum

462 2120 642 2170 audiri
684 2118 905 2180 solitos,
962 2121 1208 2183 equidem
1262 2124 1383 2187 pari
1430 2124 1548 2173 iure

463 2189 534 2238 ad
575 2189 811 2239 Graecos
854 2187 913 2235 in
948 2191 1111 2238 maris
1160 2205 1255 2240 ora
1300 2192 1550 2241 habitan-

462 2263 547 2307 tes
580 2270 839 2306 revocare
885 2271 1043 2319 posse
1088 2259 1216 2306 mihi
1255 2260 1442 2310 videor
1479 2292 1548 2300 --

462 2327 780 2376 Herodotea
800 2323 936 2374 haee
964 2326 1150 2390 attigit
1170 2327 1320 2377 Theo
1343 2329 1401 2378 in
1421 2331 1551 2380 Pro-

469 2409 827 2461 gymnasmm.
863 2393 939 2455 11,
975 2395 1027 2445 2.

536 2461 730 2526 Κῦρος
764 2456 867 2527 μὲν
895 2460 1105 2510 τοῦτον
1136 2455 1237 2511 τὸν
1273 2456 1444 2528 λόγον
1478 2497 1551 2506 —

467 2530 649 2582 ταῖνδε
683 2529 874 2581 εἵνεκα
914 2524 1081 2597 ἔλεξε]
1120 2533 1243 2582 Ηοο
1276 2533 1397 2583 loeo
1437 2523 1552 2582 οὖ-

463 2616 583 2660 τος
631 2603 701 2652 ad
744 2600 1148 2664 antecedentia,
1208 2591 1307 2651 ὅδε
1353 2602 1424 2652 ad
1471 2619 1553 2653 se-

468 2674 692 2738 quentia
733 2675 964 2737 spectat.
1041 2671 1200 2721 Conf.
1246 2672 1315 2722 ad
1351 2672 1407 2734 1,
1450 2671 1549 2723 137

468 2743 590 2792 init.
671 2743 779 2792 Pro
826 2732 910 2789 δι’
960 2731 1211 2805 ἀγγέλων
1264 2756 1432 2805 prave
1495 2742 1553 2790 in

469 2810 793 2876 quibusdam
839 2801 920 2858 δι’
962 2801 1218 2874 ἀγγέλου.
1295 2811 1404 2862 Sed
1438 2810 1553 2861 vid.

470 2895 637 2944 supra
684 2879 739 2941 1,
777 2878 864 2928 76.
907 2877 977 2930 99
1021 2883 1077 2929 et
1118 2879 1460 2943 potissimum
1506 2879 1551 2940 Ι,

470 2949 538 2998 69
586 2947 717 3011 ibiq.
758 2951 873 2996 not.
945 2947 1076 2996 Mox
1121 2948 1247 2997 dedi
1289 2961 1555 3011 κατεργα-

472 3011 693 3078 σμένων
716 3014 896 3081 (rebus
928 3015 1191 3079 confectis)
1218 3031 1314 3080 pro
1336 3032 1555 3080 κατειρ-

467 3079 780 3148 γασμένων,
815 3087 879 3132 ut
911 3083 960 3145 Ι,
992 3083 1109 3145 123,
1145 3084 1238 3135 ubi
1268 3086 1378 3136 vid.
1410 3090 1554 3136 nott.

467 3183 539 3192 —-
581 3150 665 3203 Ad
701 3143 845 3216 ὀργῇ
884 3141 1148 3216 ἐχόμενος
1197 3154 1342 3205 conf.
1382 3155 1439 3218 Ι,
1485 3156 1554 3207 35

470 3219 739 3288 συμφορῇ
782 3210 1066 3284 ἐχόμενος.
1115 3223 1230 3285 ΙΙΙ,
1278 3224 1349 3276 50
1384 3222 1558 3289 θυμῷ

468 3282 737 3355 ἐχόμενος
775 3294 878 3342 ete.
915 3321 980 3333 —
1021 3294 1106 3343 De
1138 3293 1404 3345 Panionio
1441 3294 1555 3346 vid.

466 3360 612 3411 infra
649 3360 695 3424 Ι,
726 3360 846 3413 148.

818 3532 951 3585 Cu».
989 3532 1212 3584 CXLII.

473 3631 661 3753 ἐντοιῖ,
673 3626 1065 3753 μὲὲλῖῗρανοῦ
1097 3631 1194 3684 καὶ
1217 3633 1334 3770 {risu
1361 3625 1559 3718 ιρρέων

581 3717 658 3770 τῳ
869 3717 980 3772 στῳ
1028 3720 1081 3755 κ.
1129 3721 1174 3754 τ.
1252 3743 1264 3755 .
1362 3720 1558 3770 ωρεων

472 3787 616 3822 nune
651 3775 878 3837 praebet
911 3772 1462 3824 Schellershemianus
1494 3775 1560 3824 li-

471 3840 597 3901 ber,
635 3843 1083 3905 quemadmodum
1102 3845 1210 3894 iam
1241 3844 1441 3895 dudum
1463 3861 1560 3896 vo-

469 3907 648 3959 luerat
669 3911 1064 3963 Valckenarius
1093 3914 1294 3979 aliique
1325 3914 1431 3964 viri
1465 3914 1560 3966 do-

471 3977 550 4026 eti
594 3978 977 4041 probaverant.
1060 3982 1186 4034 vid.
1226 3983 1555 4050 Wesseling.

473 4045 716 4096 Dissert.
764 4050 969 4100 Herod.
1037 4065 1155 4114 cap.
1204 4052 1302 4102 IX.
1356 4069 1410 4118 p.
1468 4055 1558 4106 95.

473 4112 651 4178 Vulgo
702 4106 886 4179 ὀρέων
939 4119 1054 4168 sive
1100 4110 1344 4184 οὖρέων;
1413 4123 1559 4187 quod

472 4198 699 4247 pravum
734 4198 884 4247 esse,
920 4187 1014 4237 ubi
1048 4202 1157 4237 non
1197 4187 1264 4237 de
1292 4192 1554 4254 montibus,

470 4250 565 4301 sed
590 4251 654 4302 de
680 4256 807 4304 coeli
829 4261 1065 4319 temperie
1085 4257 1159 4306 sit
1179 4271 1373 4321 sermo,
1398 4276 1555 4312 nemo

470 4335 581 4371 non
614 4321 784 4372 videt.
865 4325 1044 4391 Atque
1086 4340 1293 4376 omnem
1345 4328 1558 4380 dubita-

469 4388 673 4441 tionem
721 4392 910 4443 eximit
949 4396 1067 4460 ipse
1112 4394 1313 4448 Noster
1357 4397 1412 4461 Ι,
1452 4398 1555 4452 149

1651 1980 1743 2030 fin.
1786 1982 1841 2029 et
1884 1979 2190 2028 Pausanias
2233 1978 2368 2042 VII,
2409 1980 2440 2029 5
2467 1968 2622 2027 Ἴωσι
2670 1972 2736 2028 δὲ

1651 2044 1761 2114 ἔχει
1786 2043 1889 2113 μὲν
1914 2038 2342 2112 ἐπιτηδειότατα
2373 2038 2566 2112 ὡρῶν
2599 2040 2736 2112 κρά-

1651 2132 1790 2175 σεως
1843 2107 1879 2182 ἡ
1925 2108 2096 2182 χώρα.
2168 2119 2308 2168 Nam
2360 2105 2529 2182 ὧραι,
2591 2116 2736 2168 unde

1652 2179 1848 2250 ὡρέων
1882 2186 2070 2236 Ioniee
2104 2203 2201 2251 pro
2239 2177 2435 2251 ὡρῶν,
2481 2188 2735 2238 dicuntur

1653 2256 1784 2306 anni
1815 2261 2170 2320 tempestates
2209 2260 2264 2306 et
2299 2272 2437 2322 quae
2483 2258 2611 2307 inde
2647 2273 2735 2306 ex-

1655 2326 1825 2375 oritur
1893 2325 2031 2375 coeli
2102 2327 2355 2390 aerisque
2424 2327 2730 2392 temperies.

1652 2394 1852 2444 Confer
1892 2394 1949 2456 Ι,
1981 2393 2067 2444 32.
2102 2396 2188 2457 ΙΙ,
2226 2396 2279 2445 4.
2319 2397 2407 2447 77.
2458 2397 2572 2458 ΙΙΙ,
2612 2397 2731 2448 106.

1653 2463 1756 2524 IV,
1798 2463 1918 2515 199:
1993 2464 2144 2514 Alios
2188 2465 2337 2515 loeos
2380 2465 2572 2516 adiicit
2613 2464 2739 2514 Val-

1654 2532 1962 2583 ckenarius.
2003 2534 2099 2586 Cr.
2123 2532 2278 2583 addit
2313 2535 2580 2600 insignem
2606 2536 2739 2599 Hip·

1653 2601 1894 2664 poca-atis
1928 2600 2134 2666 locum,
2172 2603 2239 2653 de
2273 2605 2389 2655 aer.
2427 2620 2515 2670 aq.
2543 2609 2599 2655 et
2632 2604 2736 2653 loe.

1654 2672 1704 2730 ἓ.
1746 2668 1814 2719 83
1863 2673 1919 2720 et
1968 2686 2148 2737 seqq.‚
2212 2672 2510 2738 longiorem
2557 2678 2740 2724 tamen

1655 2751 1816 2801 quam
1848 2739 1941 2802 qui
1977 2739 2082 2791 hue
2117 2741 2474 2794 describatur.
2540 2744 2740 2808 Loqui-

1657 2809 1745 2855 tur
1776 2806 1869 2855 ille
1903 2807 1966 2856 de
1999 2824 2065 2859 ea
2093 2811 2259 2861 Asiae
2291 2813 2538 2878 regione,
2579 2828 2740 2878 quam

1655 2874 1868 2925 Ioniam
1904 2890 2024 2927 esse
2058 2895 2215 2930 nemo
2247 2881 2559 2947 intelligens
2589 2882 2740 2932 dubi-

1659 2949 1777 2994 tare
1811 2949 2019 3008 potest,
2068 2963 2433 3016 summamque
2487 2953 2603 3001 eius
2638 2952 2740 3002 fer-

1657 3013 1915 3063 tilitatem
1973 3019 2029 3064 et
2081 3014 2270 3068 laudat
2319 3026 2374 3071 et
2424 3021 2619 3071 iisdem
2673 3021 2741 3071 de

1659 3083 1841 3132 causis
1889 3085 2114 3148 repetit,
2172 3088 2364 3152 quibus
2409 3091 2741 3153 Herodotus,

1660 3151 1799 3202 adeo
1839 3157 1901 3202 ut
1957 3155 2014 3203 in
2062 3155 2290 3221 sing-ulis
2342 3174 2509 3224 prope
2561 3160 2740 3212 verbis

1657 3222 1967 3273 conveniat.
2040 3224 2125 3273 Tu
2169 3224 2278 3274 vid.
2312 3227 2541 3279 Coi-aem
2577 3231 2741 3280 inter-

1655 3294 1796 3356 pret.
1843 3308 1897 3356 p.
1936 3293 2234 3345 204—206.
2306 3296 2571 3349 Herodoti
2615 3299 2741 3349 effa-

1658 3366 1773 3409 tum
1822 3361 1889 3411 de
1931 3362 2125 3413 Ioniae
2171 3368 2510 3428 praestantia
2551 3368 2742 3419 confir-

1657 3434 1772 3479 mat
1824 3432 2119 3481 Prokeseh.
2175 3433 2575 3502 Erinuerungg.
2641 3452 2738 3488 aus

1656 3499 1892 3565 Aegypt.
1930 3516 1986 3551 u.
2025 3501 2270 3551 Kleinas.
2308 3503 2413 3553 111.
2450 3521 2505 3569 p.
2539 3506 2563 3555 1
2590 3521 2739 3572 seqq.

1657 3568 1895 3635 itemque
1927 3571 2141 3621 Ludov’.
2173 3571 2343 3634 Ross,
2397 3575 2488 3638 qui
2525 3581 2743 3640 propter

1657 3637 1798 3688 hane
1850 3644 1905 3689 et
1951 3639 2089 3690 eoeli
2139 3644 2195 3690 et
2239 3646 2417 3692 terrae
2466 3649 2745 3708 praestan-

1659 3706 1794 3757 tiam
1851 3710 2188 3760 nostratibus
2246 3712 2576 3775 persuadere
2634 3718 2745 3764 stu-

1660 3776 1795 3838 duit,
1833 3782 1896 3827 ut
1931 3794 1996 3828 ex
2024 3779 2317 3831 Germania
2343 3783 2622 3833 mitterent
2658 3800 2746 3835 eo·

1658 3845 1814 3896 Ionos
1863 3847 1920 3896 in
1961 3847 2063 3899 has
2105 3849 2384 3914 regiones,
2440 3867 2585 3902 nune
2631 3854 2745 3918 qui-

1660 3915 1782 3965 dem
1824 3915 2099 3968 desolatas
2148 3919 2475 3984 minimeque
2525 3937 2744 3972 securas

1660 3984 1903 4051 adeoque
1927 3987 1996 4037 ob
2022 3988 2330 4053 neglectam
2354 4003 2607 4055 agrorum
2637 3992 2746 4042 eul-

1660 4057 1836 4104 turam
1895 4056 2120 4107 insanas
2181 4073 2247 4108 ex
2305 4064 2491 4124 parte,
2550 4062 2746 4127 quibus

1659 4123 1717 4173 hi
1741 4128 1796 4174 et
1822 4124 2164 4177 fertilitatem
2190 4133 2246 4178 et
2265 4130 2561 4180 sanitatem
2589 4132 2747 4182 resti-

1657 4197 1900 4255 tuerent3
1929 4196 2041 4248 vid.
2058 4196 2377 4248 Kleinasien
2402 4214 2457 4248 u.
2478 4201 2745 4251 Deutseh-

1656 4262 1788 4313 land
1822 4263 2012 4330 (Halle
2049 4266 2207 4332 1850)
2244 4283 2372 4332 pag.
2398 4268 2561 4319 XXII
2587 4286 2741 4336 seqq.

1658 4331 1760 4383 143
1796 4349 1946 4399 seqq.
1995 4336 2095 4387 175
2134 4351 2286 4402 seqq.
2337 4337 2441 4388 208
2475 4353 2590 4404 seq.
2643 4342 2747 4390 222

1654 4415 1772 4467 seq.
1798 4405 1818 4432 '
1842 4403 2098 4455 Veterum
2138 4405 2456 4457 testimonia
2489 4405 2560 4459 de
2589 4408 2749 4459 Ionia
