3109 5092
383 560 464 621 59

479 385 600 448 122

1339 386 1879 451 HERODOTI

640 561 913 653 Τούτων
952 556 1038 648 δὴ
1078 548 1175 628 ὦν
1213 564 1352 629 τῶν
1390 561 1654 631 ἐθνέων
1689 558 1764 630 τὸ
1806 561 1932 648 μὲν
1961 558 2259 630 Ἀττικὸν
2304 558 2751 647 κατεχόμενόν

475 691 545 733 τε
584 665 696 733 καὶ
737 664 1224 749 διεσπασμένον
1252 661 1672 733 ἐπυνθάνετο
1711 660 2061 752 (ὶΚροῖσος
2095 659 2230 733 ὑπὸ
2255 661 2748 750 Πεισιστράτου

473 773 594 837 τοῦ
639 763 1133 853 Ἱπποκράτεος,
1201 770 1442 835 τοῦτον
1491 763 1611 835 τὸν
1659 766 1903 855 χρόνον
1955 766 2485 853 τυραννεύοντος
2542 762 2742 852 Ἀθη-

473 968 611 1019 satis
658 970 898 1018 tueatur.
963 966 1083 1017 Erit
1130 966 1273 1016 enim
1310 964 1442 1016 illud
1481 966 1560 1016 di-

472 1038 631 1088 cendi
686 1052 888 1102 genus,
941 1036 1041 1085 ubi
1101 1035 1174 1085 ad
1230 1034 1558 1086 infinitivum

474 1106 793 1172 suppleatur
827 1107 883 1156 id
920 1106 1161 1168 verbum,
1200 1104 1343 1169 quod
1380 1106 1438 1154 in
1463 1106 1559 1154 mi-

472 1177 593 1227 nori
627 1176 1001 1226 enuntiatione
1036 1174 1360 1237 inveniatur,
1404 1180 1466 1224 ut
1500 1174 1555 1225 h.

471 1247 510 1297 1.
560 1247 632 1295 ad
738 1235 754 1255 '
798 1241 1019 1308 vrfl'fivoec
1072 1244 1295 1295 verbum
1352 1240 1554 1293 δοκέει.

474 1315 631 1365 Conf.
668 1314 714 1376 I,
824 1351 835 1365 .
881 1313 1001 1363 191.
1039 1312 1115 1373 11,
1151 1314 1204 1364 8.
1253 1313 1348 1375 IV,
1396 1313 1447 1362 5.
1490 1311 1559 1362 76

474 1389 579 1435 etc.
616 1385 911 1433 Hermann.
949 1382 1018 1431 ad
1055 1383 1240 1447 Viger.
1276 1397 1403 1447 pag.
1434 1383 1554 1433 742.

474 1452 673 1503 Matth.
724 1452 817 1504 Gr.
876 1450 966 1501 Gr.
1031 1453 1079 1513 §-
1138 1450 1259 1514 539,
1313 1453 1365 1503 2.
1427 1466 1553 1516 pag.

478 1523 638 1580 10593
687 1520 882 1585 quibus
930 1521 1045 1570 iure
1084 1535 1216 1570 usus
1268 1525 1353 1570 est
1397 1520 1558 1571 Stall-

472 1593 652 1647 baum.
704 1591 774 1642 ad
820 1587 1037 1640 Platon.
1097 1589 1309 1641 Phileb.
1364 1606 1419 1654 p.
1467 1590 1555 1642 46.

472 1662 559 1719 47,
598 1676 631 1710 a
666 1661 751 1714 Gr.
791 1659 1075 1721 laudatus,
1124 1660 1215 1724 qui
1255 1659 1396 1709 idem
1434 1675 1560 1709 eon-

474 1729 577 1779 suli
648 1729 767 1779 vult
834 1729 1111 1780 Schaefer.
1176 1728 1245 1778 ad
1303 1728 1554 1793 Sophocl.

473 1800 731 1851 Trachin.
771 1799 925 1849 1240.
997 1798 1136 1848 Mihi
1181 1804 1363 1849 tamen
1400 1813 1558 1849 secus

470 1870 704 1921 videtur.
771 1869 939 1918 Facio
975 1883 1097 1918 cum
1132 1868 1425 1928 Matthiae,
1458 1868 1559 1933 qui

473 1938 719 1990 codicum
775 1936 1065 1988 lectionem
1126 1935 1359 2001 plurium
1420 1938 1556 1987 bene

473 2013 674 2058 tuetur.
736 2007 910 2068 „Mihi
957 1999 1059 2071 ὡς,
1111 2008 1217 2069 ait,
1265 2023 1374 2059 non
1420 2007 1555 2057 adeo

472 2076 694 2127 difficile
729 2076 949 2135 videtu}=
980 2077 1065 2137 ei,
1110 2076 1203 2140 qui
1250 2076 1332 2125 vel
1381 2091 1560 2141 pauca

471 2146 737 2196 Herodoti
772 2144 981 2209 legerit,
1018 2139 1163 2206 πρὸς
1196 2145 1278 2195 ita
1311 2140 1552 2207 difficile,

474 2218 536 2264 ut
582 2215 700 2278 ipse
746 2214 1025 2263 commode
1071 2230 1156 2265 me
1202 2212 1337 2267 illud
1388 2212 1555 2277 expli-

476 2299 600 2334 care
656 2298 818 2348 posse
879 2281 1140 2332 diffidam.
1213 2283 1332 2343 Quo
1377 2283 1552 2331 minus

471 2354 577 2404 hoc
627 2369 659 2402 a
713 2351 938 2401 librario
991 2351 1263 2415 proficisci
1310 2352 1554 2415 potuisse

471 2423 651 2473 credo,
698 2421 895 2471 Dicere
939 2420 1113 2470 voluit
1158 2411 1303 2478 πρὸς
1353 2411 1425 2499 δρ
1472 2409 1553 2468 ὦν

471 2484 607 2541 οὐδὲ
643 2482 706 2540 τὸ
745 2481 1098 2553 Πελασγικὸν
1128 2484 1305 2545 ἔθνος
1328 2481 1556 2551 ουδαμὰ

468 2552 716 2626 μεγάλως
741 2549 995 2623 ηὐξήθη.
1031 2561 1402 2623 Praeterquam
1424 2560 1559 2623 qnod

465 2634 648 2682 multae
680 2628 940 2683 bar-barae
968 2638 1149 2693 qentes
1191 2644 1298 2679 cum
1329 2629 1556 2679 Helleni-

468 2702 560 2751 bus
592 2703 911 2761 coaluerunt,
948 2698 1218 2763 Pelasyica
1260 2712 1409 2764 qens,
1455 2714 1556 2747 una

470 2786 499 2821 e
532 2770 798 2831 barbaris,
844 2784 940 2833 per
985 2784 1046 2821 se
1091 2768 1254 2819 etiam
1297 2769 1413 2817 sine
1460 2767 1558 2817 illa

470 2855 656 2900 causa,
683 2853 781 2888 non
813 2840 1010 2888 multum
1045 2846 1195 2888 aucta
1219 2836 1361 2891 erm
1416 2836 1553 2898 Iam,

473 2906 660 2958 eodem
703 2907 822 2956 viro
880 2908 1043 2957 docto
1087 2909 1368 2967 monente,
1418 2906 1553 2955 haec

472 2980 559 3026 cst
592 2974 862 3024 Herodoti
905 2976 1205 3025 sententia:
1252 2974 1451 3025 accedit
1484 3005 1554 3013 —--

471 3052 522 3095 et
552 3048 627 3094 sic
661 3042 776 3093 milei
806 3043 1006 3093 videtur·
1024 3073 1095 3083 --
1120 3042 1255 3107 quod
1284 3044 1553 3107 Pelasyica

466 3128 594 3177 ‚qens
627 3116 732 3162 etc.
766 3110 993 3161 Censori
1031 3113 1087 3162 in
1110 3111 1423 3175 Ephemerr.
1466 3112 1553 3161 Ie-

471 3197 654 3232 nenss.
684 3178 837 3231 1817.
867 3196 946 3229 nr.
968 3180 1084 3231 165.
1118 3196 1245 3244 pag.
1265 3179 1383 3231 381.
1425 3182 1554 3230 scri-

472 3252 601 3301 bere
646 3248 828 3314 placet
871 3237 957 3306 (ὃς
1001 3250 1187 3301 eodem
1236 3256 1399 3299 sensu
1445 3265 1551 3313 quo

468 3311 755 3381 ὦσωὶτως,
793 3334 913 3370 cum
950 3318 1030 3368 sic
1066 3319 1277 3369 demum
1323 3322 1381 3368 et
1416 3313 1553 3369 οὐδὲ

470 3394 527 3441 et
559 3383 632 3453 δὴ
684 3377 766 3439 ὦν
815 3387 1047 3453 intelligi
1091 3388 1285 3453 possit.
1332 3416 1399 3426 —
1443 3391 1551 3439 Pro

471 3451 638 3522 ἐμοί
667 3474 732 3509 τε
769 3458 1092 3509 Schaeferus
1125 3474 1155 3507 e
1191 3457 1401 3509 Reiskii
1425 3474 1550 3508 con-

467 3530 677 3579 iectura
745 3528 1040 3593 scripserat
1110 3521 1321 3590 ἔμοιγε,
1386 3526 1550 3592 idque

468 3599 645 3661 ipsum
683 3614 827 3648 nunc
872 3601 1190 3663 receperunt
1220 3595 1462 3647 Dindorf
1494 3600 1551 3647 et

466 3667 722 3727 Dietsch,
769 3682 874 3731 quo
920 3668 1014 3716 vix
1049 3681 1211 3731 opus,
1268 3667 1316 3715 si
1370 3666 1549 3716 locum

467 3751 531 3785 eo
567 3736 745 3797 mode,
783 3750 888 3800 quo
919 3735 1094 3787 voluit
1127 3735 1420 3798 Matthiae,
1461 3751 1548 3785 ex-

466 3801 773 3866 plicaveris.
824 3803 973 3854 Idem
1010 3804 1096 3853 vir
1134 3804 1326 3853 doctus
1359 3804 1417 3853 in'
1454 3805 1545 3856 Gr.

468 3871 563 3920 Gr.
613 3873 665 3932 5.
724 3870 871 3921 62ss
900 3888 954 3935 p.
1004 3871 1139 3923 1279
1185 3871 1321 3923 bene
1365 3876 1549 3923 tuetur

467 3937 789 4004 particulam
822 3952 897 3999 τε,
933 3941 1021 3989 eui
1055 3938 1220 3989 facile
1256 3941 1548 4005 cogitando

466 4007 598 4058 addi
632 4007 808 4070 possit
856 4001 952 4056 καὶ
994 3996 1178 4063 ἄλλος.
1217 4037 1288 4047 —-
1324 4000 1550 4073 οὐδαμὰ

468 4076 665 4140 scripsi
696 4092 725 4126 e
762 4076 936 4126 tribus
971 4075 1146 4137 libris,
1182 4080 1245 4125 ut
1278 4076 1324 4138 1,
1367 4077 1451 4128 56.

850 4242 982 4294 Cu».
1020 4241 1167 4293 LIX.

533 4336 598 4413 τὸ
644 4337 748 4408 μὲν
784 4333 1032 4399 Ἀττικὸν
1077 4333 1454 4407 κατεχόμενόν
1487 4359 1546 4394 τε

463 4411 558 4467 καὶ
592 4406 1023 4482 διεσπασμένον]
1071 4412 1289 4481 Optime
1332 4413 1547 4465 Wesse-

1639 947 1890 1032 ‘lingiust
1928 965 2212 1032 „Namque
2249 971 2304 1017 ct
2336 966 2618 1017 Pisistrati
2653 965 2746 1016 do-

1659 1037 1957 1086 minatione
1990 1036 2400 1087 continehantur
2433 1035 2744 1101 premeban-

1659 1109 1855 1171 turque
1903 1106 2293 1167 Athenienses,
2352 1110 2406 1155 et
2461 1106 2646 1155 divulsi
2689 1104 2745 1153 in

1657 1180 1844 1240 partes
1881 1184 2053 1235 erant,
2075 1175 2472 1226 Alcmaeonidis
2510 1180 2565 1225 et
2593 1178 2747 1238 quot-

1660 1248 1795 1310 quot
1820 1250 1975 1295 erant
2009 1246 2246 1296 eiusdem
2291 1243 2550 1295 factionis
2587 1244 2746 1295 domo

1659 1314 1931 1378 profugis,
1969 1314 2084 1365 vid.
2123 1312 2168 1377 1,
2194 1314 2279 1364 64.
2316 1314 2384 1375 V,
2421 1313 2548 1363 62.“
2586 1313 2747 1365 Unde

1659 1383 1791 1433 nihil
1810 1384 2150 1463 *mutan-dum
2187 1399 2306 1461 esse
2337 1386 2508 1447 patet.
2633 1441 2646 1458 .

1727 1466 1935 1501 τουτον
1969 1468 2071 1502 τον
2108 1467 2319 1514 χρονον
2365 1465 2745 1507 τυραννευον-

1657 1535 1755 1577 τος
1780 1512 2122 1586 Ἀθηναίων]
2147 1522 2275 1589 ‚Vix
2320 1520 2566 1581 dubium,
2613 1520 2744 1584 quin

1658 1589 1788 1650 hoe,
1826 1594 1888 1641 ut
1923 1590 2123 1641 dudum
2161 1591 2449 1641 voluerunt
2483 1587 2743 1638 Volneius

1661 1675 1725 1709 ac
1778 1659 2088 1710 Schultzius
2138 1660 2365 1724 (Appar.
2420 1659 2492 1708 ad
2538 1656 2741 1708 annall.

1658 1744 1714 1792 p.
1753 1728 1838 1778 20.
1891 1728 1959 1779 39
2002 1728 2160 1794 seq.)‚
2211 1727 2620 1793 intelligendum
2663 1728 2745 1777 sic

1662 1798 1730 1847 de
1789 1798 1962 1861 prima
2013 1798 2294 1848 Pisistrati
2355 1797 2742 1858 dominatione,

1660 1882 1821 1931 quam
1879 1868 2056 1916 minus
2110 1872 2256 1918 recte
2316 1867 2481 1932 vulgo
2538 1870 2746 1930 ponunt

1661 1951 1788 1989 ann.
1827 1936 1925 1988 561
1966 1952 2017 1985 a.
2046 1936 2173 1991 Chr.
2214 1953 2290 1999 n.,
2316 1952 2455 1997 cum,
2492 1940 2746 1986 monente

1659 2004 1937 2055 Schultzio
1971 2021 2025 2069 p.
2066 2002 2172 2068 40„
2210 2022 2352 2056 anno
2388 2004 2602 2087 Olymp.
2628 2005 2743 2066 LV,

1661 2075 1711 2127 l.
1750 2076 1867 2124 sive
1902 2074 2004 2125 560
2038 2091 2092 2126 a.
2131 2075 2259 2127 Chr.
2293 2092 2350 2127 n.
2390 2090 2620 2140 primum
2642 2075 2745 2124 Pi-

1659 2144 1915 2193 sistratus
1959 2145 2306 2209 tyrannidem
2368 2144 2742 2209 acquisiverit.

1658 2213 1837 2276 Atque
1872 2214 1929 2261 in
1963 2214 2067 2265 hoc
2106 2230 2247 2265 anno
2276 2228 2420 2263 nunc
2468 2213 2579 2285 fqre
2617 2228 2743 2262 con-

1658 2283 1882 2331 veniunt
1916 2282 2021 2331 viri
2066 2284 2233 2345 docti,
2277 2283 2515 2332 Clinton.
2562 2282 2738 2345 (Fast.

1657 2350 1869 2400 Hellen.
1906 2351 1991 2401 ed.
2009 2353 2270 2415 Krueger.
2298 2368 2352 2415 p.
2375 2354 2428 2403 4.
2452 2353 2553 2401 218
2578 2349 2739 2415 seq),

1655 2418 1896 2470 Voemel.
1930 2420 2015 2485 (in
2045 2421 2497 2471 commentatione
2524 2422 2629 2470 iam
2654 2435 2742 2469 su·

1658 2503 1755 2552 pra
1804 2487 1872 2537 ad
1924 2504 2044 2553 cap.
2091 2490 2176 2553 30.
2226 2490 2455 2540 laudata
2493 2505 2546 2552 p.
2604 2487 2739 2550 13),

1657 2559 2052 2608 Westermann.
2080 2558 2181 2619 (ad
2225 2559 2505 2609 Plutarchi
2552 2557 2738 2609 Solon.

1658 2642 1710 2690 p,
1724 2622 1856 2690 ml),
1868 2626 2111 2683 Fischer.
2127 2626 2442 2691 (Zeittaseln
2457 2644 2507 2691 p.
2524 2626 2622 2678 134
2635 2627 2737 2689 ff.),

1659 2695 1771 2745 alii.
1812 2697 1917 2757 Qui
1952 2696 2114 2747 iidem
2152 2698 2264 2748 fere
2310 2698 2473 2747 etiam
2517 2712 2744 2747 consen-

1661 2766 1803 2814 tiunt
1837 2765 1895 2813 in
1928 2771 2102 2816 morte
2134 2767 2412 2817 Pisistrati
2436 2767 2503 2816 ad
2538 2781 2740 2816 aunum

1659 2834 1875 2898 Olymp.
1913 2835 2120 2896 LXIII,
2160 2836 2211 2885 2.
2262 2850 2306 2886 s.
2359 2837 2460 2886 527
2507 2851 2561 2886 a.
2612 2835 2738 2885 Chr.

1657 2919 1712 2954 n.
1748 2902 2060 2967 referenda,
2111 2905 2156 2952 si
2199 2905 2412 2968 quidem
2449 2910 2590 2957 teste
2625 2904 2743 2953 Ari-

1658 2973 1855 3023 stotele
1886 2972 2054 3023 Polit.
2090 2974 2157 3034 V,
2202 2975 2289 3025 12.
2329 2972 2416 3037 (V,
2455 2974 2507 3035 9,
2545 2973 2612 3024 23
2651 2973 2738 3024 ed.

1657 3040 1943 3103 Schneid.)
1991 3042 2316 3093 Pisistratus
2353 3058 2496 3093 anno
2531 3042 2742 3092 tricesi-

1656 3125 1743 3158 mo
1801 3111 1963 3160 tertio
2011 3110 2395 3174 dominationis
2444 3111 2598 3163 obiit.
2673 3112 2740 3161 In

1654 3178 1891 3242 reliquis,
1912 3194 2052 3243 quae
2088 3181 2158 3243 ad
2195 3181 2475 3232 Pisistrati
2494 3185 2742 3245 tempora

1654 3247 1961 3305 definienda
1988 3255 2255 3314 spectant,
2291 3266 2402 3302 non
2436 3248 2740 3300 idem'con-

1654 3320 2742 3454 Ζθῖἒξέυὲθῖῐῗὲἓζί.ἑὶ3..ἓ““.ῗ...ἶρίἷῗέ

1654 3454 1958 3506 Clintonem
2013 3455 2049 3506 l.
2106 3455 2145 3506 l.
2201 3470 2256 3521 p.
2314 3456 2432 3507 219.
2497 3457 2618 3507 220.
2683 3462 2739 3507 et

1648 3523 1892 3575 Fischer.
1927 3540 1982 3589 p.
2019 3523 2134 3576 136.
2171 3525 2508 3576 exhibentur.
2661 3543 2736 3576 m-

1650 3608 1755 3658 que
1790 3594 2115 3644 Pisistratus
2151 3610 2261 3645 non
2294 3593 2458 3658 longe
2492 3610 2589 3659 pos
2653 3601 2739 3660 ty·
2762 3652 2774 3664 .

1649 3663 1932 3713 raunidem
1980 3667 2332 3727 occupatam,
2379 3669 2444 3713 ut
2501 3668 2739 3714 testatur

1647 3731 1962 3782 Herodotus
2017 3733 2065 3797 Ι,
2120 3727 2207 3795 60,
2261 3732 2517 3796 expulsus
2571 3736 2738 3797 atque

1651 3815 1746 3850 sex
1792 3816 1962 3851 annos
2007 3802 2064 3850 in
2121 3802 2311 3852 exsilio
2372 3807 2736 3852 commoratus

1649 3868 1812 3918 rediit
1825 3869 2066 3920 Athenas
2080 3885 2223 3920 anno
2244 3870 2366 3931 555,
2381 3871 2431 3919 si
2455 3869 2736 3922 Schultzio

1649 3952 1702 4000 p.
1744 3940 1793 3989 7.
1833 3943 1998 4003 atque
2041 3939 2309 3990 Grauerto
2342 3939 2409 3990 de
2446 3939 2647 4005 Aesop.
2678 3956 2733 4005 p.

1650 4008 1734 4056 47.
1773 4006 2073 4069 credamus,
2089 4023 2232 4058 anno
2270 4008 2390 4071 554,
2428 4008 2477 4057 si
2500 4008 2737 4060 Larche·

1650 4089 1768 4123 rum
1809 4072 1969 4137 (Tab.
2021 4076 2334 4142 chronolog.
2370 4091 2489 4140 cap.
2543 4078 2630 4129 20.
2673 4094 2731 4142 p.

1651 4144 1754 4192 542
1801 4142 1941 4207 seq.)
1987 4159 2309 4209 sequamur,
2354 4150 2452 4196 aut
2499 4144 2734 4212 denique

1649 4226 1791 4262 anno
1824 4212 1943 4275 553,
1983 4213 2032 4262 si
2060 4213 2337 4265 Voemelio
2386 4214 2425 4265 l.
2472 4214 2511 4265 l.
2547 4231 2603 4280 p.
2642 4218 2729 4267 22.

1647 4277 1808 4330 fidem
1843 4281 2159 4334 habeamus.
2215 4285 2335 4346 Quo
2380 4283 2568 4334 eodem
2609 4286 2731 4335 viro

1649 4347 1811 4399 docto
1861 4366 1915 4415 p.
1966 4351 2054 4402 28.
2112 4353 2309 4403 iterum
2369 4353 2426 4402 in
2480 4351 2733 4403 exsilium

1648 4419 1817 4468 cessit
1856 4418 2086 4470 Athenis
2143 4420 2349 4471 eiectus
2402 4425 2529 4485 post
2580 4422 2733 4473 bien-
