3109 5092
490 333 607 392 114

1355 324 1884 387 HERODOTI

487 501 567 571 τὰ
618 501 1109 590 προκεκριμένα
1167 495 1359 567 ἐόντα
1401 495 1477 565 τὸ
1520 494 1833 584 ἀρχαῖον,
1885 489 1961 561 τὸ
1998 491 2124 579 μὲν
2169 489 2632 579 Πελασγικὸν,
2682 490 2757 560 τὸ

491 706 606 752 tum
654 700 743 750 hic
788 699 1002 764 lapsum
1047 712 1168 746 esse
1219 710 1394 760 neque
1441 709 1573 744 vera

486 785 710 835 prorsus
734 768 1026 818 tradidisse
1050 765 1382 828 existiment,
1409 779 1572 828 quum

490 839 711 903 Pelasgi
733 842 788 887 et
807 837 1059 887 Hellenos
1085 835 1335 885 dlversae
1356 835 1575 883 minime

491 909 695 960 fuerint
729 908 943 972 stirpis,
980 904 1075 954 sed
1112 904 1183 954 ad
1207 904 1433 954 eandem
1468 903 1575 967 pri-

384 979 388 983 ‘
490 979 737 1028 mitivam
755 977 1064 1058 pertineant
1087 979 1331 1039 gentem3
1355 977 1419 1023 ut
1435 972 1576 1022 Mid—

491 1046 726 1098 dendorf
769 1047 824 1094 in
874 1044 1169 1108 scriptione
1224 1041 1574 1103 scholastica,

493 1112 1359 1236 3:3v253ffi31‘ssffsssssifflssn
1382 1110 1578 1229 3⁶33ss

492 1253 789 1334 Pelasgern
820 1258 925 1301 etc.
962 1267 1016 1315 p.
1034 1250 1066 1301 3
1101 1265 1252 1316 seqq.
1294 1249 1397 1311 17.,
1438 1249 1579 1298 Mat-

494 1323 640 1372 thiae
676 1323 735 1369 in
769 1320 1209 1383 Encyclopaedia
1242 1317 1375 1367 real.
1436 1319 1577 1368 Pau-

494 1391 569 1455 1γί
600 1404 732 1440 cura
776 1389 923 1439 edita
967 1389 1033 1438 T.
1069 1388 1180 1439 111.
1226 1403 1277 1451 p.
1315 1386 1419 1437 940
1452 1384 1576 1436 coll.

496 1460 594 1510 IV.
738 1458 892 1520 229„
951 1456 1189 1507 Clinton.
1232 1457 1387 1505 Fast.
1432 1454 1577 1505 Hell.

497 1529 543 1579 1.
579 1544 633 1593 p.
639 1475 746 1576 pin
772 1542 885 1591 seq.
959 1527 1032 1576 At
1067 1526 1354 1575 dicendum
1388 1529 1473 1574 est
1513 1524 1581 1573 de

496 1595 757 1648 Larcheri
800 1595 1167 1659 disputatione
1220 1594 1387 1659 (Tab.
1427 1593 1581 1643 chro-

496 1665 608 1716 nol.
640 1665 795 1715 Tom.
822 1663 976 1714 VIII.
999 1667 1050 1726 §.
1073 1663 1171 1713 XI.
1197 1679 1253 1728 p.
1282 1665 1385 1714 262
1419 1664 1579 1727 seq.),

498 1750 607 1799 qua
631 1734 986 1785 Athenienses
1024 1731 1163 1782 falso
1202 1733 1270 1782 ab
1300 1732 1581 1782 Herodoto

496 1804 760 1867 Pelasgos
785 1802 894 1852 dici
927 1802 1151 1863 statuit,
1189 1802 1434 1864 quamvis
1456 1800 1582 1850 aliis

497 1873 632 1923 locis
681 1873 797 1937 (11,
834 1872 918 1922 51.
958 1869 1095 1932 VII,
1132 1870 1219 1919 94.
1275 1871 1443 1932 VIII,
1483 1870 1581 1933 44)

499 1943 726 1993 eandem
758 1941 847 1991 ille
883 1939 1160 2005 professus
1191 1953 1312 1988 esse
1333 1938 1586 1989 videatur

501 2010 846 2062 sententiam.
883 2009 1095 2073 Quippe
1116 2004 1462 2059 coniunctum
1482 2008 1585 2057 hoc

505 2085 590 2130 est
608 2094 732 2129 cum
752 2093 835 2140 eo,
858 2078 1003 2141 quod
1024 2077 1287 2141 Pelasgos
1311 2089 1586 2138 nunquam

502 2148 676 2198 solum
713 2152 980 2208 mutasse,
1016 2145 1269 2194 Hellenes
1295 2157 1421 2193 vero
1457 2142 1589 2191 mul-

504 2222 621 2266 tum
655 2218 984 2279 pervagatos
1010 2227 1129 2263 esse
1155 2211 1404 2270 tradunt3
1444 2209 1591 2275 quod

503 2288 681 2349 ipsum
721 2284 831 2332 iam
866 2281 937 2330 ad
980 2281 1293 2331 universam
1335 2280 1485 2329 illam
1523 2279 1591 2327 de

502 2353 859 2416 Pelasgorum
896 2355 1059 2415 atque
1096 2348 1383 2400 Hellenum
1430 2348 1592 2411 origi-

504 2422 663 2471 nibus
691 2420 1064 2484 quaestionem
1089 2419 1351 2484 pertinet,
1392 2417 1457 2467 de
1483 2432 1591 2482 qua

430 2509 434 2515 ·
504 2491 706 2540 referre
742 2490 965 2554 longum
1000 2492 1113 2551 est,
1160 2488 1295 2538 certi
1340 2486 1469 2552 quid
1504 2486 1593 2535 de-

504 2560 660 2610 finire
695 2557 1092 2609 difficillimum.
1150 2558 1329 2620 Quare
1356 2572 1495 2621 quae
1520 2555 1593 2605 ad

506 2630 787 2694 scriptoris
819 2630 995 2680 nostri
1017 2627 1437 2693 intelligentiam
1459 2641 1593 2676 non-

487 2699 640 2758 nihil
675 2699 857 2749 facere
892 2698 1128 2763 possint,
1171 2712 1238 2747 ea
1279 2711 1459 2762 pauca
1502 2695 1591 2745 hic

504 2767 906 2819 adnotabimus.
981 2767 1088 2829 Qui
1125 2767 1356 2831 primum
1390 2765 1592 2815 diserte

505 2842 717 2900 monet,
765 2836 967 2887 diversi
1001 2836 1371 2900 generiaesse
1403 2834 1591 2886 Pelas-

507 2920 607 2969 gos
642 2910 809 2969 atque
843 2903 1125 2965 Hellenes3
1163 2905 1220 2952 in
1257 2919 1363 2968 quo
1398 2908 1591 2968 postea

508 2973 828 3023 adversatus
882 2978 967 3022 est
1020 2972 1101 3021 illi
1139 2973 1439 3037 Dionysius
1480 2973 1592 3022 Ha·

505 3042 793 3091 licarnass.
847 3041 1070 3106 Antiqq.
1126 3040 1441 3102 Romm.1,
1504 3042 1588 3090 17.

506 3125 568 3187 Ρ.
588 3112 658 3161 45
692 3111 776 3160 ed.
815 3109 1004 3159 Reisk.
1041 3110 1175 3159 haec
1209 3110 1478 3159 scribens:
1515 3097 1591 3172 ἦν

507 3169 614 3242 γὰρ
638 3172 722 3257 δὴ
770 3172 867 3227 καὶ
908 3169 970 3226 τὸ
1018 3193 1132 3226 των
1171 3174 1483 3253 Πελασγῶν
1507 3171 1592 3239 γέ-

508 3259 609 3302 νος
627 3236 994 3326 Ἑλληνικὸν,
1045 3237 1103 3295 ἐκ
1141 3236 1592 3309 Πελοποννήσου

506 3306 570 3364 τὸ
610 3306 873 3380 ἀρχαῖον.
946 3315 1027 3365 Ac
1071 3314 1253 3380 plures
1305 3314 1409 3363 viri
1443 3314 1593 3364 docti

507 3383 611 3435 hoc
668 3384 923 3449 Dionysii
987 3384 1357 3434 testimonium
1418 3384 1594 3433 secuti

508 3458 664 3515 sunt,
719 3454 777 3503 in
821 3453 1016 3519 quibus
1069 3453 1360 3519 praecipue
1402 3453 1590 3503 Vater.

508 3521 579 3572 ad
613 3522 881 3587 Adelung.
920 3522 1224 3573 Mithridat.
1263 3522 1341 3573 11.
1393 3538 1447 3587 Ρ.
1487 3522 1592 3575 382

509 3606 660 3656 seqq.
699 3592 800 3644 392
819 3607 933 3657 seq.
962 3592 1174 3643 consuli
1195 3592 1314 3642 vult
1349 3593 1468 3655 Cr„
1510 3597 1591 3641 at·

508 3675 610 3724 que
646 3661 899 3712 Herbert.
938 3662 1145 3731 Marah,
1192 3663 1247 3711 in
1285 3662 1445 3712 Horr.
1490 3663 1591 3711 Pe-

506 3727 687 3794 lasgg.
736 3730 1076 3796 (cantabrig.
1130 3729 1316 3794 1815),
1366 3731 1461 3795 qui
1503 3731 1593 3780 iti-

510 3794 633 3845 dem
665 3797 929 3862 Pelasgos
964 3804 1019 3847 et
1053 3799 1306 3848 Hellenes
1350 3815 1447 3862 pro
1484 3814 1593 3848 una

510 3863 805 3929 eademque
851 3867 1020 3930 stirpe
1066 3865 1255 3916 haberi
1290 3867 1589 3917 contendit.

511 3932 723 3994 Quibus
758 3933 1153 3997 quodammodo
1192 3936 1469 3986 accenseri
1500 3951 1594 3999 po-

510 4000 641 4050 terit
689 4000 868 4050 Baoul
910 4001 1173 4051 Rochette
1221 4004 1473 4062 (Histoir.
1526 4003 1592 4054 de

507 4067 812 4119 l’Etabliss.
838 4068 893 4119 d.
917 4068 1093 4119 colon.
1120 4071 1315 4134 Grecq.
1341 4072 1388 4122 1.
1404 4089 1457 4136 p.
1485 4072 1590 4136 ll),

509 4137 604 4187 ubi
639 4136 929 4188 discrimen
970 4137 1113 4187 inter
1147 4143 1431 4203 utramque
1464 4154 1592 4204 gen-

512 4210 624 4256 tem
669 4220 779 4255 non
828 4205 942 4256 tale
992 4221 1113 4256 esse
1162 4212 1373 4269 monet,
1430 4208 1592 4273 quale

510 4274 782 4339 plerisque
821 4275 1089 4325 videatur.
1167 4277 1241 4326 Et
1302 4276 1412 4326 alio
1468 4276 1590 4328 loco

511 4343 671 4409 (ibid.
708 4343 757 4395 1.
789 4358 842 4408 p.
883 4343 978 4395 141
1013 4344 1152 4410 seq.)
1185 4344 1449 4410 Pelasgos
1479 4350 1589 4396 sta-

1679 692 1784 742 tuit
1847 689 2158 756 indigenam
2217 689 2480 740 Graeciae
2544 692 2762 754 gentem

1679 776 1800 811 esse
1846 759 1935 809 vel
1978 764 2124 808 certe
2161 773 2304 821 eam,
2354 760 2511 808 cuius
2556 758 2762 822 primae

1677 832 1736 880 in
1759 830 2006 891 Graecia,
2025 829 2407 892 antiquissimo
2437 832 2585 877 certe
2607 842 2761 889 aevo,

1676 899 1775 949 fiat
1821 898 2041 948 mentio.
2131 898 2251 958 Quo
2293 898 2507 948 cautius
2563 896 2630 945 de
2677 896 2762 944 his

1679 970 1922 1034 disputat
1952 967 2121 1017 Beck.
2160 967 2218 1015 in
2242 966 2562 1031 Allgemein.
2591 964 2766 1015 Welt-

1679 1037 1864 1103 gesch.
1904 1037 1951 1087 1.
1992 1052 2048 1101 p.
2094 1034 2216 1087 348.
2266 1036 2367 1086 807
2412 1035 2498 1085 ed.
2537 1035 2763 1084 secund.

1681 1109 1789 1170 Qui
1820 1106 2068 1172 primitus
2103 1105 2320 1170 quidem
2371 1105 2571 1154 diversi
2606 1119 2766 1168 gene-

1680 1178 1755 1226 ris
1791 1183 2075 1240 utramque
2114 1175 2287 1225 fuisse
2322 1178 2539 1239 gentem
2575 1188 2766 1222 conce·

1682 1246 1761 1295 dit
1797 1246 2100 1295 Tittmann.
2140 1243 2234 1309 (de
2258 1243 2763 1309 Amphictyonn.‚p5

1686 1314 1785 1366 113
1830 1314 2044 1379 seqq.),
2090 1317 2284 1378 postea
2320 1317 2502 1363 tamen
2545 1316 2764 1361 mutuae

1681 1384 2025 1450 cognationis
2080 1382 2227 1432 haud
2294 1390 2492 1447 pauca·
2528 1381 2767 1445 vestigia

1679 1454 1898 1519 reperiri
1918 1451 2217 1503 contendit.
2274 1453 2409 1501 Cum
2444 1452 2587 1501 enim
2616 1451 2768 1515 prius

1680 1523 2034 1586 Pelasgorum
2078 1536 2209 1586 gens
2252 1537 2381 1586 prae
2415 1520 2636 1585 reliquis
2679 1534 2769 1569 ex-

1682 1591 1929 1642 celluerit
1961 1589 2308 1655 eiusdemque
2343 1605 2539 1640 nomen
2577 1589 2769 1654 pleris-

1683 1676 1787 1727 que
1833 1661 1947 1710 fere
1990 1661 2255 1712 Graeciae
2300 1659 2555 1725 gentibus
2604 1658 2769 1708 fuerit

1683 1745 1990 1792 commune,
2027 1735 2220 1795 postea
2249 1729 2538 1779 Hellenum
2571 1742 2771 1777 nomen

1683 1798 1979 1850 invaluisse
2016 1804 2202 1849 censet
2234 1814 2345 1848 non
2389 1799 2566 1848 minus
2598 1797 2655 1846 vi
2690 1801 2772 1845 at-

1686 1884 1792 1933 que
1828 1868 1993 1917 armis
2032 1883 2193 1933 quam
2231 1867 2621 1918 consuetudine
2658 1881 2774 1915 mu-

1687 1944 1886 2002 tuoque
1911 1937 2261 1997 commercio3
2297 1936 2354 1985 in
2390 1951 2495 2001 quo
2526 1937 2646 2000 ipso
2682 1949 2798 1984 ve-.

1687 2007 1909 2072 stigium
1960 2021 2219 2070 apparere
2260 2004 2480 2070 linguae
2526 2004 2775 2068 Pelasgi-

1687 2091 1784 2127 cae
1818 2080 1986 2140 atque
2006 2074 2321 2125 Hellenicae
2357 2089 2467 2124 non
2495 2073 2657 2124 valde
2694 2072 2773 2121 di-

1687 2160 1898 2196 versae.
1967 2146 2015 2195 A
2053 2159 2162 2209 qua
2203 2144 2476 2195 sententia
2521 2158 2630 2193 non
2679 2142 2776 2191 ad-

1689 2214 1906 2268 modum
1942 2215 2204 2264 recedunt
2238 2214 2308 2276 ii,
2345 2213 2438 2278 qui
2472 2228 2584 2262 non
2616 2226 2776 2261 omne

1691 2283 1907 2344 quidem
1959 2282 2252 2334 discrimen
2307 2282 2638 2348 primitivum
2696 2281 2776 2329 in-

1693 2353 1776 2397 ter
1811 2350 2069 2416 Pelasgos
2119 2357 2175 2402 et
2205 2351 2462 2402 Hellenes
2498 2350 2775 2411 sufflatum

1695 2432 1817 2466 cum
1845 2419 2039 2482 velint,
2077 2422 2312 2486 origines
2353 2426 2537 2472 tamen
2575 2422 2778 2475 utrius-

1693 2501 1796 2550 que
1852 2490 2028 2551 gentis
2069 2492 2153 2541 ad
2210 2506 2376 2541 unam
2439 2491 2777 2554 eandemque

1693 2555 1915 2636 stirpem
1952 2553 2222 2609 Graecam
2248 2561 2491 2612 referunt
2540 2559 2777 2624 indeque

1693 2623 2014 2676 coniunctas
2072 2627 2317 2690 primitus
2387 2634 2442 2679 et
2510 2634 2776 2694 cognatas

1693 2694 2089 2760 quodammodo
2145 2702 2351 2760 ponunt
2407 2699 2505 2748 has
2562 2701 2776 2763 gentes,

1694 2778 1922 2829 quarum
1980 2762 2208 2813 alteram
2262 2768 2417 2829 quasi
2473 2783 2540 2818 ex
2605 2768 2780 2816 altera

1691 2833 1992 2899 profectam
2048 2832 2256 2883 dicunt.
2349 2835 2470 2886 vid.
2531 2836 2779 2900 inprimis

1693 2902 1755 2952 C.
1791 2904 1857 2953 F.
1910 2903 2206 2952 Hermann.
2256 2902 2469 2953 Griech.
2510 2905 2780 2955 Staatsal-

1694 2972 1854 3022 terth.
1898 2974 1949 3033 §-
1982 2973 2013 3020 7
2053 2971 2138 3021 ed.
2178 2975 2380 3036 quart„
2417 2974 2508 3037 qui
2537 2979 2600 3023 ut
2632 2978 2780 3024 vete·

1694 3055 1813 3100 rum
1887 3040 1968 3089 ita
2030 3041 2390 3091 recentiorum
2457 3043 2781 3106 scriptorum

1697 3107 2009 3158 testimonia
2034 3110 2216 3159 omnia
2237 3111 2350 3160 fere
2373 3108 2578 3159 attulit.
2628 3113 2782 3172 Quae

1697 3192 1867 3242 nuper
1909 3176 2153 3241 pluribus
2203 3179 2270 3229 de
2307 3178 2409 3229 hac
2443 3194 2499 3229 re
2538 3179 2780 3243 disputa·

1697 3247 1779 3296 vit
1817 3246 1962 3296 Will.
2001 3247 2183 3297 Mure:
2227 3247 2437 3298 critical
2477 3247 2688 3312 history
2725 3256 2779 3298 ot

1694 3314 1784 3367 the
1825 3315 2099 3381 language
2136 3316 2248 3366 and
2293 3317 2494 3367 liter-at.
2547 3318 2608 3367 of
2651 3332 2778 3367 anc.

1696 3385 1900 3435 Greece
1923 3386 1969 3434 Ι.
1999 3400 2050 3449 p.
2079 3386 2142 3435 51
2182 3400 2354 3451 seqq„
2387 3386 2456 3435 iis
2492 3383 2657 3435 facile
2694 3401 2784 3436 ca-

1693 3468 1812 3504 rere
1869 3454 2199 3518 poterimus.
2263 3454 2422 3520 longe
2482 3455 2782 3505 cautiorem

1694 3538 1751 3572 se
1807 3524 1862 3572 in
1918 3523 2002 3571 his
2057 3524 2334 3588 praebuit,
2395 3523 2463 3573 ab
2513 3523 2783 3573 Herodoti

1691 3590 1799 3642 fide
1831 3591 1978 3642 haud
2014 3591 2324 3655 discedens,
2364 3593 2528 3643 Grote
2565 3592 2782 3658 history

1695 3661 1756 3710 of
1776 3661 1976 3711 Greece
1999 3659 2074 3710 11.
2097 3678 2150 3725 p.
2174 3661 2275 3712 315
2295 3677 2446 3726 seqq.
2479 3660 2600 3712 351.
2639 3662 2782 3712 Utut

1695 3733 1807 3791 est,
1854 3729 1984 3778 mihi
2018 3736 2166 3781 certe
2200 3731 2378 3795 potior
2413 3730 2632 3781 videtur
2671 3731 2779 3780 He·

1695 3799 1876 3849 rodoti
1939 3800 2242 3849 auctoritas
2312 3814 2446 3864 prae
2505 3800 2780 3864 Dionysii,

1694 3869 1787 3931 qui
1833 3866 2003 3917 multo
2037 3874 2163 3933 post
2220 3869 2383 3931 vixit,
2444 3867 2780 3930 testimonie,

1694 3934 2060 4001 Hellenesque
2083 3936 2208 3987 inde
2238 3944 2295 3988 et
2313 3935 2579 4001 Pelasgos
2608 3937 2779 4002 probe

1696 4004 2109 4070 distinguendos
2170 4021 2290 4056 esse
2342 4020 2565 4056 censeo:
2632 4007 2781 4070 quod

1693 4072 1836 4123 idem
1882 4078 2030 4124 recte
2060 4076 2258 4125 statuit
2291 4076 2469 4125 Kruse
2510 4074 2700 4124 Hellas
2729 4075 2777 4126 1.

1692 4156 1818 4207 pag.
1857 4144 1978 4193 403.
2015 4144 2121 4193 414
2165 4141 2474 4208 seqq.‘416.
2513 4144 2634 4194 453.
2673 4144 2775 4194 461

1643 4258 1649 4267 ,
1692 4225 1810 4275 sqq.
1873 4213 1953 4260 Ac
1977 4211 2326 4277 Thucydides
2362 4225 2577 4276 quoque
2612 4210 2688 4274 (1,
2721 4211 2778 4275 3)

1689 4280 1952 4344 Pelasgos
1978 4285 2033 4330 et
2053 4281 2308 4331 Hellenos
2335 4281 2472 4330 bene
2496 4280 2777 4330 distinxit:

1688 4362 1825 4413 quos
1860 4349 2077 4399 eosdem
2122 4350 2288 4400 etiam
2331 4348 2646 4405 distinxisse
2700 4350 2780 4399 vi-
