3109 5092
510 410 591 473 22
1387 402 1930 467 HERODOTI

508 589 700 667 σθεὶς
739 585 815 654 δὲ
853 583 1115 671 ἐνόμιζέ
1153 586 1221 650 οἱ
1257 578 1431 650 εἶναι
1477 593 1767 667 γυναῖκα
1806 576 2057 649 πολλὸν
2097 578 2369 647 πασέων
2407 583 2792 666 καλλίστην,

508 689 596 772 ὥς
635 717 707 758 τε
747 688 819 757 δὲ
871 692 1079 755 ταῦτα
1114 691 1434 774 νομίζων·
1502 675 1591 772 ἦν
1629 682 1758 769 γάρ
1803 687 1871 751 οἰ
1907 688 2046 752 τῶν
2091 678 2528 770 αἰχμοφόρων
2566 682 2839 770 Γύγης5

506 789 542 865 ὃ
593 791 957 863 Δασκύλου
1000 787 1446 877 ἀρεσκόμενος
1503 784 1818 877 μάλιστα·

501 994 817 1057 λοπνίκτην
860 988 1002 1055 λέγει
1054 989 1223 1055 (quod
1270 988 1435 1053 vulgo
1480 1005 1599 1039 ver-

503 1070 627 1115 tunt
681 1064 814 1127 pelle
869 1058 1273 1127 praefocatum),
1342 1057 1398 1107 id
1460 1060 1599 1109 scite

504 1134 756 1186 emendat
774 1133 811 1183 J
814 1130 1133 1182 ablonskius
1157 1125 1595 1191 σκυλοκλέπτην,

503 1206 540 1255 i.
594 1221 642 1255 e.
689 1204 853 1265 spolia
901 1202 1210 1264 auferentem
1258 1194 1426 1263 (quod
1466 1199 1599 1248 utri-

503 1291 608 1340 que
633 1278 687 1323 et
700 1270 923 1322 Herculi
953 1276 1008 1319 et
1019 1268 1286 1319 Mercurio
1310 1267 1447 1317 satis
1473 1283 1599 1318 con-

503 1343 718 1405 veniat,
746 1356 867 1391 oum
894 1339 1031 1390 alter
1065 1339 1289 1400 virtute,
1314 1336 1452 1387 alter
1472 1337 1598 1387 dolo

502 1412 681 1478 spolia
722 1409 987 1474 auferat),
1032 1414 1130 1460 aut
1176 1375 1594 1471 σκυλοπύκτην,

504 1484 543 1534 ι.
565 1489 611 1531 e.
644 1488 961 1546 puqnantem,
981 1480 1114 1541 pelle
1142 1477 1593 1528 leoninaindutum.

505 1550 642 1603 Mihi
676 1556 926 1600 neutrum
957 1548 1163 1613 placet.
1214 1547 1414 1597 etenim
1463 1559 1594 1595 σκυ-

501 1618 811 1683 λοπνίκτης
866 1634 1042 1669 canum
1100 1618 1451 1682 suffocatorem
1506 1616 1595 1665 de·

501 1691 676 1741 clarat
725 1695 1023 1755 aptumque
1080 1687 1246 1737 habet
1300 1687 1481 1737 locum
1535 1685 1595 1734 in

501 1761 682 1822 furtis,
720 1759 789 1809 ad
835 1774 976 1824 quae
1024 1757 1239 1807 facilius
1283 1755 1597 1822 peragenda

501 1846 695 1881 canum
741 1829 1069 1879 suffocatore
1114 1841 1249 1892 opus
1291 1831 1392 1876 est.
1465 1825 1592 1874 vid.

501 1901 568 1962 Q.
600 1900 817 1949 Curtius
857 1899 913 1948 in
947 1897 1171 1949 Hoefer.
1209 1895 1524 1946 zeitschrift
1550 1895 1592 1944 f.

501 1969 555 2019 d.
594 1968 929 2018 Wissenseh.
968 1968 1021 2017 d.
1065 1964 1291 2031 Spraeh.
1329 1966 1403 2027 H,
1446 1965 1494 2014 1.
1534 1980 1590 2029 p.

501 2039 624 2089 220.
665 2040 758 2103 qui
794 2038 865 2087 ad
887 2037 1271 2087 Senseritanas
1307 2050 1480 2100 usque
1507 2048 1595 2084 ra-

502 2108 649 2157 dices
706 2106 1028 2171 regreditur.
1103 2103 1187 2155 Ad
1246 2119 1477 2155 cannam
1543 2120 1589 2153 s.

501 2175 819 2227 arundinem
861 2175 917 2223 in
959 2174 1237 2237 Lydorum
1291 2180 1439 2223 terra
1484 2173 1594 2222 fre-

501 2250 755 2311 quentem
783 2244 1059 2294 Candaulis
1093 2257 1288 2292 nomen
1319 2258 1491 2306 nuper
1515 2258 1596 2292 re-

386 2330 397 2337 ·
504 2315 629 2364 tulit
672 2313 776 2364 Ed.
824 2311 1052 2362 Mueller
1096 2312 1151 2359 in
1198 2311 1593 2361 Schneidewin.

502 2382 769 2447 Philolog.
805 2382 931 2443 VII,
970 2384 1020 2431 2.
1058 2396 1113 2445 p.
1151 2378 1272 2430 253.
1330 2372 1596 2428 Κάνὸαυ-

502 2453 598 2509 λος
642 2456 928 2517 praeterea.
974 2466 1060 2515 ap.
1115 2448 1311 2499 Athen.
1361 2450 1489 2499 XII.
1536 2465 1592 2513 p.

501 2522 622 2573 516.
649 2537 694 2573 s.
713 2538 769 2586 p.
793 2521 895 2572 418
914 2520 1000 2571 ed.
1029 2518 1332 2583 Schweigh.
1357 2519 1596 2569 occurrit

466 2590 837 2663 ‚condimenti
871 2591 989 2639 sive
1028 2588 1195 2639 edulii
1229 2603 1400 2653 genus
1429 2588 1596 2652 Lydi-

501 2677 640 2713 eum.
686 2662 770 2710 De
803 2676 909 2725 quo
942 2665 1125 2709 tamen
1146 2658 1302 2723 plura.
1336 2672 1446 2708 non
1470 2674 1596 2708 eon-

501 2736 673 2781 stant.
708 2730 835 2780 vid.
873 2728 1153 2779 Iablonsk.
1192 2728 1228 2779 1.
1263 2728 1301 2778 l.
1333 2744 1387 2793 p.
1421 2727 1508 2779 86.
1540 2733 1597 2778 et

502 2799 1048 2853 Guil.1)·md0rf.1.
1108 2796 1145 2848 l.
1211 2798 1308 2847 IV.
1362 2814 1417 2863 p.
1469 2797 1593 2849 931.

501 2871 579 2921 Ut
615 2870 685 2919 ad
722 2868 1054 2918 Candaulem
1089 2865 1365 2949 Lydorum
1390 2883 1594 2949 regem

499 2938 812 3003 regrediar,¹
830 2938 1019 2986 mirum
1057 2950 1189 2985 sane
1225 2936 1283 2985 in
1320 2932 1418 2999 iis',
1456 2953 1596 3001 quae

498 3022 671 3071 nuper
706 3007 831 3056 Car.
864 3004 1112 3055 Muelleri
1147 3002 1442 3070 (Fragmm.
1461 3005 1594 3057 hist.

500 3077 728 3127 Graece.
764 3074 868 3124 111.
908 3091 961 3138 p.
1002 3072 1106 3124 380
1153 3073 1292 3138 seq.)
1342 3078 1396 3123 et
1443 3076 1587 3139 Aug.

497 3147 562 3196 L.
621 3143 817 3194 Pederi
885 3141 1181 3207 (Excerpta
1253 3159 1283 3192 e
1337 3143 1586 3208 Polybio,

497 3214 738 3264 Diodoro
776 3217 880 3262 etc.
908 3211 1222 3261 Darmstad.
1256 3212 1408 3262 1848.
1448 3213 1588 3263 fasc.

499 3284 576 3334 11.
614 3300 667 3348 p.
707 3282 794 3333 80.
834 3297 879 3333 s.
918 3298 970 3347 p.
1012 3280 1107 3330 101
1149 3280 1236 3330 ed.
1275 3280 1432 3345 min.)
1457 3297 1589 3332 cura

501 3369 529 3403 e
565 3352 752 3403 codice
781 3349 1151 3401 Eseorialensi
1175 3350 1232 3398 in
1269 3349 1444 3400 lucem
1467 3366 1590 3415 pro-

500 3428 679 3473 tracta
714 3426 859 3483 sunt,
887 3419 1103 3470 Nicolai
1131 3420 1463 3469 Damasceni
1480 3421 1589 3470 Ex-

499 3493 700 3557 cerptis
737 3490 805 3541 de
824 3490 1104 3555 Lydorum
1139 3488 1369 3539 historia
1406 3505 1475 3539 ne
1493 3505 1589 3539 no-

497 3578 619 3611 men
673 3560 890 3627 quidem
932 3558 1227 3610 candaulis
1275 3575 1589 3624 comparere

494 3631 851 3694 ultimumque
881 3630 1042 3679 huius
1075 3629 1259 3693 stirpis
1288 3645 1472 3696 regem
1494 3645 1588 3680 vo-

482 3702 609 3750 eari
646 3700 960 3764 Sadyaeeem,
999 3715 1033 3748 a
1068 3698 1223 3763 Gyge
1256 3715 1426 3763 regno
1471 3699 1587 3762 pul-

496 3785 613 3819 sum
659 3768 748 3832 (de
794 3784 900 3832 quo
946 3783 1073 3831 rege
1115 3768 1186 3817 ef.
1224 3769 1268 3828 1,
1309 3769 1416 3834 16),
1454 3768 1586 3817 alia-

496 3852 602 3901 que
630 3836 849 3886 0mnino
886 3836 1097 3885 narrari
1142 3837 1210 3885 ab
1255 3837 1585 3887 Herodoteis

496 3906 713 3955 diversa
769 3904 983 3969 alioque
1028 3920 1093 3953 ex
1136 3905 1312 3966 fonte,
1364 3907 1585 3956 Xantho

495 3972 1328 4106 33³332.;?'3¹5.ng322‘232¹3?„
1350 3976 1586 4093 ἓὲῗξιῗξ.

494 4115 531 4164 f.
546 4113 741 4165 Philol.
756 4129 811 4163 u.
824 4112 1066 4176 Paedag.
1080 4111 1225 4160 LIX.
1241 4126 1294 4174 p.
1310 4111 1410 4161 257
1427 4128 1580 4177 seqq.

562 4197 640 4239 ως
674 4196 731 4232 τε
777 4174 841 4229 δὲ
884 4178 1060 4229 ταῦτα
1105 4178 1371 4248 νομίζων]
1406 4181 1582 4232 Valde

492 4251 790 4302 notandum
827 4254 881 4300 et
917 4250 1006 4300 hie
1043 4254 1098 4299 et
1133 4250 1188 4299 in
1225 4251 1578 4314 sequentibus

490 4321 718 4386 simplex
744 4326 799 4371 et
833 4320 1115 4384 antiquum
1146 4318 1359 4369 dicendi
1384 4336 1576 4385 genus,

488 4391 635 4456 quod
672 4391 778 4441 sibi
822 4389 1004 4455 placet
1048 4389 1266 4454 saepius
1315 4389 1460 4440 idem
1496 4406 1578 4441 re-

490 4465 699 4525 petens,
736 4476 837 4511 nee
872 4475 1115 4511 severam
1152 4459 1416 4510 orationis
1452 4476 1575 4511 nor

1898 784 2116 880 τούτῳ
2173 790 2267 880 τῷ
2318 784 2506 875 Γύγῃ
2553 788 2666 854 καὶ
2714 784 2796 855 τὰ

1702 1004 1845 1039 mam
1883 1004 2097 1051 curans,
2133 988 2203 1038 ad
2237 1003 2399 1054 qnam
2438 990 2484 1037 si
2528 988 2664 1038 haee
2686 990 2796 1039 exi-

1704 1074 1833 1124 gere
1870 1059 2027 1122 velis,
2047 1059 2448 1123 respiciendum
2483 1060 2587 1109 erit
2611 1059 2682 1109 ad
2710 1075 2792 1121 ea,

1704 1144 1845 1194 quae
1886 1130 2061 1192 infra,
2108 1128 2295 1179 multis
2342 1129 2675 1208 interiectis,
2719 1129 2795 1180 le-

1704 1203 1935 1277 guntur·
2003 1166 2152 1262 ἔλεγε
2217 1191 2362 1259 πρὸς
2428 1190 2533 1248 τὸν
2588 1192 2795 1279 Γύγην

1702 1260 1913 1318 τοιάδε.
1952 1269 2160 1318 Eodem
2197 1269 2311 1319 fere
2361 1268 2521 1319 modo
2568 1282 2709 1318 ωσι-ε
2743 1270 2790 1328 Ι,

1703 1335 1771 1388 73
1805 1339 1861 1387 ιιι
1895 1338 2077 1388 verbis
2115 1351 2282 1387 ωστε
2318 1332 2382 1387 δὲ
2409 1334 2536 1403 περὶ
2577 1337 2794 1388 πολλοῦ

1700 1400 2045 1472 ποιεόμενος
2077 1399 2292 1465 αὐτοὺς
2336 1423 2389 1458 κ.
2435 1424 2483 1457 τ.
2521 1407 2569 1457 λ.
2642 1408 2792 1458 Ηίιιο

1699 1477 2022 1557 explicqnda
2078 1493 2291 1543 quoque
2337 1479 2397 1527 in
2451 1493 2571 1542 sqq.
2622 1478 2792 1542 parti-

1699 1546 1823 1597 cula
1857 1539 1982 1612 γάρ,
2021 1563 2130 1612 qua
2164 1548 2432 1598 rationem
2469 1547 2792 1598 anteceden-

1696 1618 1834 1667 tium
1887 1617 2283 1682 quodammodo
2340 1617 2521 1667 reddit
2580 1623 2788 1677 auctor,

1697 1687 1876 1737 minus
1911 1686 2006 1736 illa
2056 1687 2273 1752 quidem
2312 1688 2650 1749 necessaria,
2694 1687 2793 1737 sed

1698 1772 1840 1821 quae
1874 1772 1984 1806 non
2023 1757 2140 1807 sine
2185 1758 2240 1806 vi
2288 1758 2521 1822 quadam
2569 1758 2639 1806 ad
2684 1757 2791 1807 loci

1697 1831 2072 1889 argumentum
2121 1827 2502 1877 declarandum
2540 1828 2793 1891 apposita

1697 1901 1799 1945 est.
1835 1897 1922 1946 Tu
1959 1897 2030 1948 cf.
2070 1897 2269 1947 Matth.
2312 1898 2403 1947 Gr.
2442 1897 2536 1947 Gr.
2576 1900 2629 1955 §.
2664 1896 2787 1953 613,

1694 1966 1821 2015 VII.
1859 1981 1914 2030 p.
1951 1965 2073 2017 906.
2109 1966 2276 2017 Plura
2309 1966 2379 2017 ad
2412 1967 2616 2016 Herod.
2633 1967 2679 2027 Ι,
2699 1969 2787 2017 24.

1697 2037 1799 2086 124
1853 2033 1974 2085 coll.
2029 2037 2135 2097 ΙΙΙ,
2183 2037 2302 2087 121.
2354 2037 2589 2102 Egregie
2638 2052 2788 2099 vere,

1695 2108 1758 2154 ut
1794 2108 1878 2154 tot
1916 2104 2042 2168 alia,
2077 2105 2222 2155 hunc
2269 2104 2450 2155 locum
2495 2107 2788 2156 vernaculo

1697 2190 1945 2224 sermone
2008 2176 2277 2240 expressit
2339 2177 2558 2241 Lange,
2636 2176 2789 2226 euius

1699 2245 2004 2294 versionem
2040 2245 2432 2309 adscriberem,
2474 2246 2580 2295 nisi
2614 2247 2790 2296 brevi-

1699 2314 1804 2362 tati
1842 2315 2231 2365 consulendum
2261 2321 2426 2366 esset.

1767 2373 1962 2447 Γύγης
1999 2374 2030 2432 ὁ
2071 2376 2391 2453 Δασκύλου]

1700 2452 1871 2515 Gygis
1910 2453 2186 2519 variisque
2221 2459 2358 2504 vett.
2396 2454 2463 2505 de
2512 2470 2575 2505 eo
2622 2455 2790 2505 tradi-

1697 2521 1938 2572 tionibus
1969 2521 2080 2573 vid.
2133 2523 2280 2573 infra
2331 2523 2401 2574 ad
2445 2526 2790 2575 e.12.1n-

1697 2595 1905 2640 taetum
1927 2592 2124 2656 reliqui
2143 2583 2461 2656 Δασκύλου,
2488 2594 2633 2659 quod
2656 2596 2791 2647 Din-

1699 2659 1825 2711 dorf
1848 2677 1903 2725 p.
1942 2661 2050 2712 XII
2089 2663 2145 2711 in
2179 2632 2483 2712 Δασκύλεω
2520 2669 2786 2714 mutatum

1698 2729 1834 2792 vult,
1884 2746 1919 2779 ιι
1963 2732 2245 2783 Dietschio
2290 2748 2435 2781 nune
2479 2739 2786 2799 receptum;

1699 2800 1794 2849 sed
1831 2799 1941 2850 vid.
1982 2802 2213 2852 Βιοᾶον.
2251 2818 2305 2867 p.
2344 2800 2447 2853 233
2483 2818 2635 2869 seqq.
2696 2805 2790 2855 Sic

1698 2885 1913 2934 quoque
1970 2862 2273 2920 Δασκύλου
2338 2871 2483 2935 apud
2542 2874 2785 2924 Pausan.

1697 2939 1792 2999 IV,
1832 2940 1894 2990 21
1935 2946 1991 2989 et
2025 2939 2110 2991 35.
2146 2946 2203 2990 et
2240 2942 2296 2990 in
2328 2942 2545 2992 Nicolai
2586 2945 2788 2994 Dama-

1697 3009 1848 3128 {geni
1872 3010 2221 3075 Excerptisl.
2258 3009 2297 3061 l.
2334 3027 2461 3077 pag.
2499 3010 2620 3062 382.
2660 3012 2784 3064 383.

1775 3093 1800 3126 ι

1762 3136 1948 3211 τούτῳ
1983 3144 2062 3213 τῷ
2102 3139 2264 3215 Γύγῃ
2311 3180 2381 3188 --
2423 3140 2454 3197 ὁ
2503 3147 2712 3233 Kav63]
2748 3152 2787 3201 i.

1694 3232 1740 3265 ο.
1793 3214 1908 3265 huic
1950 3217 2083 3280 Gygi
2127 3233 2214 3267 res
2259 3221 2406 3267 etiam
2455 3222 2790 3284 pravissimas

1688 3285 2007 3347 permittebat
2051 3286 2338 3337 Candaules
2385 3303 2433 3337 s.
2485 3305 2593 3338 cum
2636 3289 2789 3341 hoece

1694 3356 1834 3417 Gyae
1867 3370 1954 3404 res
1991 3356 2140 3405 etiam
2169 3358 2498 3419 gravissimas
2531 3363 2794 3411 communi-

1691 3422 1860 3476 cabat.
1936 3414 2476 3485 ὑπερτίθεσθαί
2529 3426 2651 3477 τινί
2709 3443 2784 3492 τι,
2847 3424 2854 3435 ”

1692 3507 1798 3540 cum
1836 3493 2004 3557 aliquo
2029 3497 2200 3559 aliqua
2227 3496 2291 3545 de
2326 3510 2386 3545 re
2412 3501 2786 3553 comicum.

1691 3562 1928 3623 conferre
1974 3563 2049 3612 ad
2105 3565 2343 3629 aliquem,
2380 3568 2643 3617 consulere
2691 3570 2787 3618 ali-

1690 3647 1851 3695 quem,
1884 3632 2158 3682 invenitur
2185 3648 2401 3700 quoqne
2433 3636 2640 3697 Ῑ,107.
2687 3637 2787 3688 108

1690 3700 1811 3749 aliis
1847 3699 2000 3764 loeis,
2035 3717 2171 3766 quos
2205 3674 2478 3754 indicabit,
2498 3706 2634 3756 Lex.
2674 3709 2782 3757 He-

1690 3770 1805 3819 rod.
1847 3770 2150 3833 Schweioeh
2190 3799 2260 3808 —
2297 3775 2450 3836 Quae
2483 3782 2787 3841 sequuntur

1691 3839 1877 3901 verba,
1900 3856 1966 3891 ea
1984 3839 2164 3891 malim
2188 3847 2409 3907 propter
2433 3846 2782 3910 participium

1690 3908 1771 3958 sie
1820 3909 2120 3973 explicare:
2167 3919 2221 3961 et
2264 3928 2385 3964 ver-o
2428 3917 2577 3964 etiam
2620 3918 2672 3966 in
2721 3934 2783 3967 eo

1691 3975 1791 4039 (se.
1843 3980 2070 4030 multum
2128 3979 2207 4029 illi
2263 3983 2593 4050 tribuebat),
2649 3988 2786 4051 quod

1687 4049 1870 4097 uxoris
1892 4064 2016 4099 suae
2043 4050 2256 4111 sormam
2290 4067 2450 4115 supra
2473 4056 2662 4105 modum
2684 4072 2781 4105 ea:-

1685 4120 1816 4175 τιιὶίι,
1837 4116 1904 4167 de
1939 4118 2023 4168 his
2057 4135 2133 4169 sc.
2172 4120 2333 4172 rebus
2370 4137 2492 4173 oum
2518 4140 2582 4174 eo
2610 4126 2780 4176 verba

1685 4185 1923 4250 faciens,
1974 4188 2040 4238 de
2092 4190 2287 4254 quibus
2342 4193 2434 4241 vix
2491 4209 2614 4245 eum
2665 4194 2775 4245 alio

1683 4257 1963 4321 quopiam,
2023 4259 2132 4308 nisi
2190 4275 2312 4311 eum
2363 4263 2555 4313 intimo
2609 4270 2775 4327 atque

1685 4323 2111 4379 familiarissimo
2155 4331 2329 4380 amieo
2383 4348 2566 4398 regem
2612 4335 2774 4385 eollo-

1681 4394 1775 4458 qui
1803 4411 1902 4459 par
1933 4401 2068 4447 erat.
2114 4399 2255 4448 Nam
2290 4404 2351 4449 ut
2383 4402 2453 4451 iis
2481 4407 2770 4468 assentiar,

1680 4463 1774 4528 qui
1822 4466 2171 4531 participium
2207 4459 2638 4534 ὑπερεπαινέων
2671 4490 2771 4540 pro

2438 2386 2523 2435 De
2557 2385 2790 2436 historia
