3109 5092
1295 338 1411 400 CL
1426 337 1547 401 10.
1593 340 1644 400 Ι.
1693 348 1814 404 178.

2559 327 2681 398 347

322 523 394 576 84
412 523 544 594 λις·
592 501 823 584 ’κέεται
870 496 945 581 ἔν
987 517 1199 604 πεδίῳ
1244 505 1547 606 μεᾴιάλῳ,
1592 499 1891 604 μέγαθος
1933 497 2137 584 ἐοῧσα
2171 512 2482 600 μέτωπον
2522 515 2676 582 ἕκα-

408 639 570 687 στον
612 626 824 686 εἴκοσι
868 616 980 683 καὶ
1025 612 1264 684 ἑκατὸν
1301 622 1632 702 σταδίων,
1691 616 1925 704 ἐούσης
1967 615 2394 704 τετραγώνου
2412 638 2426 652 ·
2493 606 2680 685 οὗτοι

406 786 527 836 bitu
562 783 863 849 Babylonis
905 782 1108 832 veteris
1149 782 1493 844 tradiderint,

409 871 502 916 ea,
540 854 721 920 quoad
758 869 819 903 ex
857 851 1142 902 ruderibus
1180 851 1358 902 adhuc
1406 868 1493 902 ex-

407 924 682 974 stantibus
714 921 899 987 colligi
920 926 1102 986 potest
1119 959 1132 982 ,
1158 922 1391 971 maxime
1416 921 1496 970 vi·-

408 994 523 1044 deri
577 992 883 1059 probabilia
942 992 1251 1055 optimeque
1304 989 1494 1041 confir-

406 1063 545 1113 mari
578 1066 633 1113 et
669 1064 778 1112 situ
815 1066 870 1112 et
905 1060 1277 1125 magnitudine
1312 1061 1494 1115 ruina·-

408 1149 548 1193 rum‚
582 1147 718 1197 quas
753 1133 848 1182 isti
890 1130 1328 1195 peregrinatores
1374 1146 1492 1195 per-

408 1203 767 1268 quisiverunt.
841 1201 957 1250 Nec
1002 1200 1219 1250 omnino
1276 1199 1411 1250 talia
1460 1215 1493 1249 a

407 1287 468 1322 re
508 1273 631 1336 ipsa
676 1271 993 1332 abhorrere,
1052 1273 1360 1319 monstrant
1410 1284 1493 1332 ea,

408 1356 549 1406 quae
584 1340 652 1390 de
692 1341 825 1406 urbe
871 1338 1016 1389 haud
1059 1339 1283 1388 minoris
1330 1339 1497 1388 ambi-

406 1416 496 1461 tus
534 1415 698 1475 atque
735 1409 1127 1473 magnitudinis
1161 1408 1308 1473 apud
1331 1409 1493 1459 Sinas

406 1483 689 1531 exstructa
729 1479 1048 1530 recentioris
1094 1479 1296 1529 aetatis
1342 1493 1494 1542 pere-

407 1550 655 1615 grinator
689 1549 883 1599 Marko
919 1545 1085 1609 Polo,
1119 1546 1263 1597 haud
1293 1547 1492 1597 dubiae

404 1619 532 1669 fidei
555 1621 655 1680 vir,
688 1622 875 1668 narrat
902 1631 1161 1682 perquam
1184 1616 1383 1667 similia
1403 1617 1490 1678 iis,

407 1703 548 1753 quae
600 1689 666 1738 de
705 1687 986 1752 Babylone
1028 1692 1188 1751 pater
1229 1686 1491 1737 historiae

406 1757 614 1808 retulit.
703 1756 829 1808 Vid.
884 1758 1119 1807 Heeren.
1168 1756 1206 1806 l.
1266 1757 1306 1806 l.
1361 1772 1485 1821 pag.

409 1827 509 1877 192
546 1843 661 1892 seq.
733 1827 837 1876 His
871 1827 1017 1877 addo
1055 1825 1221 1890 Angli
1258 1827 1491 1891 peregri-

402 1897 613 1948 natoris
664 1896 1099 1961 disquisitionem
1153 1896 1221 1946 de
1277 1897 1487 1946 ambitu

404 1967 676 2017 moenium
710 1966 1166 2030 Babylonicorum
1208 1965 1490 2029 ipsiusque

402 2036 573 2096 urbis,
601 2035 999 2098 Buckinghami
1018 2035 1270 2084 Itinerar.
1296 2035 1355 2084 in
1379 2035 1489 2085 Me-

404 2109 671 2170 sopotam.
694 2103 931 2155 Berolin.
955 2103 1111 2155 1828.
1134 2120 1255 2168 cap.
1275 2104 1487 2155 XXIII.

402 2189 529 2239 pag.
567 2173 669 2225 492
706 2189 858 2237 seqq.
907 2173 1085 2236 ‚,Add.
1130 2173 1485 2224 Drummond.

400 2244 458 2292 in
496 2244 614 2294 The
641 2242 893 2293 classica]
930 2243 1151 2293 Ionrnal
1178 2243 1301 2294 Vol.
1338 2241 1485 2294 XVI.

401 2329 453 2376 p.
485 2314 586 2363 149
612 2329 744 2377 seq„
772 2312 864 2362 ubi
890 2312 957 2362 de
972 2314 1305 2363 auctoritate
1327 2312 1487 2362 huius

401 2382 784 2445 descriptionis
848 2382 1273 2446 Babyloniorum
1338 2383 1487 2432 urbis

401 2457 509 2503 etc.
549 2451 891 2516 disputatum
943 2456 998 2501 et
1032 2452 1206 2502 Hirt.=
1259 2453 1348 2503 die
1384 2452 1486 2502 Ge-

402 2521 646 2572 schichte
696 2522 791 2571 der
832 2521 1122 2571 Baukunst
1163 2521 1254 2571 bei
1297 2521 1349 2572 d.
1395 2521 1486 2572 Al-

401 2596 491 2640 ten
539 2591 585 2641 1.
639 2607 690 2654 p.
739 2589 831 2642 134
874 2589 1066 2655 seqq.“
1140 2591 1225 2641 Cr.
1274 2592 1488 2642 Monuit

401 2660 566 2710 etiam
601 2659 667 2710 de
694 2658 975 2724 Babylone
1006 2675 1072 2710 ex
1106 2661 1484 2722 recentiorum,

403 2743 539 2790 quos
598 2744 767 2792 supra
823 2730 1122 2792 nominavi,
1189 2731 1485 2780 itinerariis

399 2800 522 2849 Van
559 2798 654 2848 der
690 2798 833 2861 Chys
870 2800 924 2847 in
952 2799 1314 2850 Commentar.
1360 2815 1485 2864 geo-

400 2883 481 2928 gr.
536 2868 594 2916 in
645 2868 860 2918 Arrian.
907 2865 1137 2932 (Exped.
1190 2867 1481 2919 Alexandr.

398 2937 504 2996 111,
546 2935 632 3000 16)
669 2953 795 3001 pag.
833 2937 902 2988 63
939 2953 1088 3002 seqq.
1162 2939 1368 2989 Nostra
1397 2955 1486 2988 ae-

397 3011 544 3066 tate,
585 3009 646 3055 ut
675 3005 742 3055 de
777 3005 900 3055 aliis
934 3011 1147 3056 taceam
1174 3009 1484 3072 peregrina-

397 3075 636 3136 toribus‚
676 3075 770 3138 qui
805 3077 1004 3125 veteris
1040 3077 1378 3141 Babyloniae
1404 3094 1485 3128 re-

341 3174 346 3178 ·
394 3146 588 3265 ἓίἳὶηξε
607 3144 1008 3263 ῑέἷτΙῑὶιζεῙίςταωῑιι
1024 3144 1173 3276 (3333
1198 3147 1257 3196 C.
1277 3147 1482 3266 Ιίἷιῐιοτι

444 3228 691 3263 rune
812 3229 998 3278 ,pa.
1174 3230 1485 3276 ,ceaim

393 3282 499 3332 viri
541 3282 719 3342 docti,
774 3288 829 3333 et
875 3230 1037 3348 Anggli
1081 3288 1136 3334 et
1184 3283 1355 3347 Galli,
1393 3286 1486 3348 qui

392 3354 450 3402 in
484 3351 606 3401 has·
628 3352 875 3416 regiones
910 3353 1143 3417 profecti
1177 3358 1329 3416 sunt,
1377 3355 1484 3404 sin-

396 3420 528 3486 gula
574 3421 886 3472 accuratius
933 3422 1154 3473 definire
1205 3427 1373 3488 atque
1419 3423 1482 3472 il-

393 3492 631 3541 lustrare
667 3491 1019 3554 studuerunt,
1058 3507 1289 3556 quorum
1322 3495 1487 3558 opera

394 3575 527 3611 sane
564 3559 814 3610 effectum
851 3566 957 3623 est,
1007 3566 1071 3612 ut
1104 3560 1304 3624 multa,
1343 3577 1484 3628 quae

393 3635 560 3680 antea
584 3629 757 3679 dubia
793 3639 976 3694 erant,
1020 3632 1223 3681 certius
1258 3646 1402 3681 nunc
1428 3637 1484 3682 et

394 3699 709 3749 accuratius
737 3700 1078 3767 constituere
1103 3699 1289 3750 liceat.
1335 3702 1481 3751 Emi-

393 3771 526 3818 nent
561 3768 708 3817 inter
740 3769 946 3834 Anglos
981 3769 1363 3820 celeberrimus
1409 3771 1476 3820 H.

397 3837 623 3900 bayard
666 3836 1034 3900 (Discoveries
1082 3840 1139 3888 in
1184 3838 1278 3888 the
1330 3839 1479 3888 ruins

318 3903 327 3913 '
392 3906 456 3956 of
480 3906 726 3956 Nineveh
761 3907 868 3958 and
894 3907 1145 3968 Babylon
1169 3912 1275 3957 etc.
1302 3907 1481 3959 Lond.

396 3972 552 4027 1853.
635 3974 804 4038 Cbap.
866 3977 1031 4026 XXII
1094 3973 1303 4042 seqq),
1362 3977 1484 4028 Clee-

390 4058 547 4106 suey,
608 4043 728 4102 alii3
790 4045 933 4095 inter
991 4045 1178 4097 Gallos
1240 4046 1477 4108 Handin,

387 4112 624 4174 F'resnel,
663 4110 876 4177 Oppert,
915 4129 945 4163 e
971 4115 1169 4179 quibus
1204 4114 1335 4179 quid
1363 4131 1484 4180 pro-

376 4181 711 4244 ficerimus,
772 4197 871 4233 sno
919 4183 1041 4234 loeo
1098 4184 1478 4235 indicabimus.

388 4247 542 4299 nter
578 4249 868 4302 historicos
903 4267 1118 4317 quoque
1149 4252 1361 4303 consuli
1390 4269 1483 4317 po-

388 4319 520 4370 terit
569 4319 737 4371 Grote
779 4319 992 4386 history
1032 4323 1094 4372 o‘f
1135 4324 1336 4374 Greece
1370 4322 1479 4372 111.

387 4403 443 4454 p.
481 4387 586 4440 395
623 4403 779 4454 seqq.
865 4389 1228 4456 Conspectum
1277 4405 1480 4458 eorum,

1594 799 1735 848 quae
1765 784 1939 834 adhuc
1978 788 2296 849 supersunt,
2334 782 2485 834 dedit
2509 799 2680 847 nuper

1593 853 1866 904 Wheeler.
1913 853 2029 904 The
2066 853 2380 919 geography
2416 853 2478 902 of
2510 854 2681 903 Hero-

1595 922 1707 972 dot.
1745 939 1797 986 p.
1837 924 1938 973 254
1975 938 2127 1001 seqq.

1664 982 1835 1041 ἐοῦσα
1868 984 2101 1055 τοιαύτη
2140 984 2214 1071 δή
2244 990 2350 1054 τις]
2383 991 2538 1040 Haec
2564 1006 2681 1041 ver-

1592 1061 1663 1111 ba
1711 1077 1745 1110 a
1793 1062 2042 1125 sequenti
2086 1053 2251 1116 πόλις
2293 1061 2374 1109 ita
2419 1060 2680 1111 disiunxit
2747 1113 2757 1124 ‚

1593 1130 2160 1202 Schweighaeuserus,
2192 1135 2254 1178 ut
2275 1121 2441 1187 πόλις
2468 1130 2537 1180 ad
2562 1128 2676 1178 κέε-

1593 1215 1685 1249 ται
1728 1201 2042 1265 pertineret.
2113 1199 2511 1251 Revocavimus
2556 1215 2677 1250 cum

1593 1275 1822 1321 recentt.
1846 1269 1966 1319 edd.
1989 1271 2228 1334 priorem
2252 1270 2676 1332 distinctionem,

1594 1341 1860 1405 aptiorem
1893 1339 2043 1389 illam
2080 1339 2316 1403 quidem.

1664 1407 1846 1458 κέεται
1893 1398 1952 1457 ἐν
1998 1405 2178 1476 πεδίῳ
2233 1398 2472 1473 μεγαλῳ]
2524 1408 2678 1469 Quae

1594 1479 1811 1544 quidem
1853 1479 2137 1529 verissima
2175 1493 2295 1528 esse
2340 1493 2498 1527 nemo
2531 1492 2676 1528 nunc

1594 1547 1842 1609 dubitat,
1887 1548 1981 1597 ubi
2029 1547 2095 1597 de
2131 1548 2243 1598 situ
2276 1546 2574 1612 Babylonis
2616 1547 2677 1596 il-

1591 1617 1770 1668 lorum
1827 1618 2288 1682 peregrinatorum
2339 1617 2537 1667 studiis
2588 1633 2678 1667 ac-

1594 1688 1873 1738 curatiora
1906 1702 2090 1736 sumus
2127 1685 2326 1737 edocti.
2389 1686 2495 1748 Qui
2530 1686 2585 1734 in
2612 1702 2675 1737 eo

1593 1758 1708 1807 fere
1743 1756 2122 1818 consentiunt,
2173 1761 2237 1805 ut
2272 1755 2495 1816 rudera,
2535 1770 2677 1819 quae

1592 1826 1869 1876 meridiem
1923 1840 2113 1875 versus
2161 1825 2229 1874 ab
2277 1825 2411 1875 urbe
2446 1793 2676 1888 B'agdad

1591 1895 1875 1947 duodecim
1896 1894 2153 1944 milliaria
2171 1891 2537 1959 geographica
2555 1910 2677 1963 pro-

1590 1966 1858 2017 ficiscenti
1895 1959 1999 2014 ad?
2001 1964 2180 2014 vicum
2202 1963 2376 2018 Billa,
2412 1964 2506 2029 qui
2530 1979 2677 2015 nunc

1591 2036 1821 2097 dicitur,
1870 2038 2211 2099 comparent,
2264 2033 2446 2098 ampla
2485 2049 2553 2084 ac
2598 2034 2676 2083 di-

1591 2119 1781 2170 spersa
1842 2106 1898 2153 in
1954 2108 2187 2168 utraque
2245 2104 2479 2153 fluminis
2535 2103 2672 2168 ripa,

1591 2175 1660 2226 ad
1696 2173 2029 2239 Babylonem
2067 2177 2303 2224 veterem
2343 2174 2671 2237 pertineant.

1591 2247 1773 2308 Quare
1800 2244 1869 2295 ab
1900 2243 2004 2295 hoc
2027 2244 2150 2294 vico
2166 2280 2178 2304 ,
2220 2245 2374 2294 cuius
2398 2244 2562 2294 situm
2584 2259 2675 2295 ac-

1591 2318 1778 2365 curate
1815 2328 1958 2364 nunc
1984 2312 2262 2364 definitum
2296 2314 2504 2379 reperio
2531 2313 2675 2379 apud

1589 2385 1726 2435 Rich
1775 2384 2090 2444 (Narrative
2127 2388 2233 2433 etc.
2279 2399 2331 2447 p.
2374 2384 2474 2434 176
2508 2384 2672 2449 seq.),

1585 2455 1900 2520 plerumque
1934 2452 2375 2518 proficiscuntur,
2411 2453 2502 2517 qui
2534 2454 2676 2504 hanc

1587 2524 1863 2588 regionem
1920 2522 2250 2586 perlustrare
2307 2522 2497 2572 velint.
2571 2525 2674 2573 Est

1588 2594 1805 2658 quidem
1840 2591 2094 2655 planities
2127 2590 2292 2655 longe
2325 2592 2545 2655 lateque
2580 2607 2673 2655 pa-

1585 2668 1708 2714 tens
1727 2700 1739 2724 ,
1787 2661 1912 2711 olim
1952 2660 2284 2720 cultissima,
2334 2675 2478 2710 nunc
2522 2661 2672 2711 rudis

1588 2738 1643 2783 et
1679 2731 1912 2792 inculta,
1949 2732 2031 2779 ita
2069 2735 2253 2779 tamen
2284 2733 2347 2778 ut
2383 2730 2674 2781 manifesta

1587 2801 1824 2866 vestigia
1880 2803 2206 2865 appareant,
2268 2798 2396 2848 olim
2447 2798 2671 2850 eandem

1586 2871 1944 2922 cultissimam
1990 2869 2179 2920 fuisse.
2255 2869 2676 2932 Descripserunt

1585 2942 1735 2991 illam
1771 2941 1830 2989 in
1856 2939 2084 3004 singulis
2114 2941 2331 3004 praeter
2366 2939 2502 2990 alios
2534 2941 2672 2996 Rich.

1586 3014 1804 3064 Por-ter.
1856 3009 2104 3068 Kinneir,
2161 3008 2394 3074 indeque
2439 3009 2669 3062 Heeren.

1587 3082 1754 3131 Ideen
1779 3081 1825 3140 Ι,
1853 3081 1906 3129 2.
1942 3094 1995 3143 p.
2026 3078 2118 3128 161
2151 3094 2303 3144 seqq.
2341 3081 2519 3129 Ritter
2537 3077 2674 3131 Erd-

1585 3150 1769 3200 kunde
1805 3149 1905 3198 XI.
1945 3164 1996 3213 p.
2035 3147 2140 3199 868
2176 3163 2329 3213 seqq.
2377 3149 2596 3210 Layard
2632 3151 2669 3202 l.

1584 3219 1621 3269 l.
1662 3235 1716 3284 p.
1761 3217 1864 3268 486
1902 3232 2052 3283 seqq.
2100 3216 2204 3269 499
2239 3233 2390 3282 seqq.
2443 3217 2669 3271 Fresnel

1588 3289 1679 3338 in:
1727 3289 2003 3337 Moniteur
2036 3286 2190 3337 1853.
2231 3287 2299 3335 26
2349 3287 2534 3350 Mart„
2579 3292 2674 3352 qui

1586 3357 1728 3407 idem
1778 3357 1845 3407 de
1881 3355 2164 3419 Babylone
2221 3355 2466 3418 pluribus
2512 3373 2672 3420 expo-

1589 3428 1701 3476 suit
1736 3425 1793 3474 in
1831 3424 2006 3474 literis
2049 3425 2122 3474 ad
2153 3422 2351 3473 Iulium
2395 3423 2542 3474 Mohl
2580 3426 2671 3476 da-

1587 3497 1658 3544 tis
1705 3495 1763 3543 in
1809 3492 2033 3544 Iournal
2076 3491 2361 3557 Asiatique
2403 3494 2454 3540 V
2500 3495 2670 3547 Serio.

1588 3566 1654 3615 T.
1693 3563 1740 3614 I.
1783 3579 1838 3627 p.
1878 3561 1982 3612 486
2026 3577 2179 3626 seqq.
2226 3565 2281 3611 et
2327 3562 2394 3612 T.
2433 3562 2510 3611 ΙΙ.
2545 3579 2598 3623 p.
2638 3566 2671 3615 5

1589 3648 1739 3697 seqq.
1811 3632 1893 3681 De
1917 3629 2216 3693 Babylonis
2253 3630 2421 3679 muris
2449 3631 2673 3696 Belique

1582 3701 1785 3765 templo
1823 3701 2077 3763 exposuit
2096 3713 2313 3764 quoque
2332 3699 2552 3750 Streber
2586 3703 2668 3751 in:

1582 3769 1958 3822 Denkschrift.
2007 3769 2061 3820 d.
2099 3765 2359 3819 Miinchn.
2398 3769 2568 3819 Acad.
2615 3772 2670 3822 d.

1583 3839 1919 3891 Wissensch.
1986 3836 2108 3889 Vol.
2169 3837 2352 3888 XXIV
2422 3836 2565 3899 (Vol.
2602 3841 2671 3892 V.

1587 3910 1748 3961 class.
1768 3909 1963 3960 histor.
1983 3907 2112 3960 anni
2136 3905 2291 3972 1849)
2315 3924 2371 3973 p.
2396 3908 2491 3959 131
2519 3923 2670 3976 seqq.

1657 3966 1820 4028 οὗτοι
1855 3969 2076 4028 στάδιοι
2109 3973 2211 4041 τῆς
2242 3969 2517 4041 περιόδου
2544 3995 2594 4028 κ.
2619 3995 2668 4030 τ.

1584 4046 1656 4114 L]
1698 4048 1767 4097 In
1802 4048 2010 4098 ambitu
2031 4044 2369 4111 Babyloniae
2403 4048 2552 4100 urbis
2579 4050 2672 4100 de-

1585 4115 1823 4168 finiendo
1859 4118 2236 4181 moeniumque
2284 4120 2550 4168 mensuris
2584 4133 2674 4169 ve—

1585 4190 1731 4235 teres
1768 4185 2059 4236 admodum
2095 4185 2445 4237 dissentiunt.
2500 4189 2672 4239 Hero-

1586 4253 1774 4304 dotum
1822 4255 1998 4305 secuti
2043 4254 2298 4304 videntur
2340 4254 2550 4306 Plinius
2596 4253 2669 4306 H.

1585 4323 1655 4374 N.
1686 4323 1791 4386 VI,
1829 4323 1924 4384 26,
1973 4321 2289 4373 Philostrat.
2339 4322 2451 4371 Vit.
2490 4324 2670 4389 Apoll.

1584 4392 1631 4457 1,
1668 4393 1756 4458 25,
1795 4392 2025 4443 Orosius
2060 4391 2150 4455 11,
2185 4391 2236 4444 6.
2307 4389 2416 4442 Sed
2454 4392 2671 4445 Ctesias
