3109 5092
537 367 660 428 834
1361 359 1896 423 EXCURSUS
1956 360 1989 418 1

537 542 753 593 bouem.
839 536 921 587 Ab
971 538 1181 589 Astarte
1222 553 1269 586 s.
1310 534 1526 586 Venere
1582 539 1787 587 armata
1831 540 1888 585 et
1924 530 2163 582 Victrice
2219 546 2336 581 eam
2391 529 2535 580 haud
2584 528 2859 581 differre

543 621 833 675 contendit
872 621 1126 672 Bochart.
1171 620 1227 671 in
1260 620 1469 686 Geogr.
1506 635 1651 671 sacr.
1686 619 1730 685 1,
1774 623 1861 675 42.
1905 632 2035 686 pag.
2076 619 2212 681 664,
2260 631 2326 665 ac
2368 630 2547 682 nuper
2592 614 2855 683 quidem

542 707 755 760 Hoeck.
789 705 886 758 Ι.1.
921 722 1048 774 pag.
1083 709 1187 763 193
1220 705 1286 756 ad
1319 703 1702 770 cosmogonica
1733 702 1897 753 Asiae
1928 699 2154 752 minoris
2183 699 2405 751 numina
2435 697 2665 750 relatam
2698 700 2851 751 vult

544 795 896 855 Aah-actem,
954 789 1096 842 haud
1144 788 1367 841 multum
1408 805 1707 858 sanequam
1750 786 2022 838 diversam
2068 801 2099 835 a
2145 782 2390 851 Phrygia
2435 789 2607 835 matre
2656 783 2843 836 deam

543 878 792 945 adeoque
823 875 996 942 ipsam
1024 874 1269 942 Cybelen
1289 913 1304 938 ,
1338 890 1480 942 quae
1510 874 1657 942 apud
1692 873 1940 924 Graecos
1975 873 2269 924 Adi-testeae
2305 886 2495 920 nomen
2531 870 2841 938 acceperit

542 978 575 1013 a
606 960 724 1012 loco
753 957 847 1011 illo
877 958 1186 1027 temploque
1227 957 1599 1010 celeberrimo.
1677 957 1792 1020 Qui
1826 954 1966 1007 enim
1998 955 2319 1006 Adrasteam
2346 952 2560 1005 Melissi
2600 954 2841 1005 faciant

541 1044 733 1111 filiam,
783 1061 879 1096 eos
904 1043 973 1095 ad
1001 1043 1310 1113 posteriora
1338 1050 1585 1112 tempora
1612 1040 1891 1111 pertinere
1921 1040 2061 1093 idem
2089 1038 2242 1090 addit
2272 1038 2310 1090 l.
2343 1037 2380 1089 l.
2411 1057 2468 1108 p.
2500 1043 2619 1096 194.

711 1129 824 1180 Iam
861 1145 993 1180 vero
1019 1114 1169 1181 'haec
1211 1128 1390 1179 omnia
1428 1143 1549 1180 eum
1596 1126 1652 1179 in
1695 1127 1857 1178 finem
1900 1123 2333 1193 disputavimus,
2396 1139 2506 1192 quo
2536 1140 2829 1175 common—

545 1222 781 1267 stremus
824 1212 1012 1283 (quod
1053 1213 1122 1264 ad
1159 1211 1431 1264 Herodoti
1472 1210 1841 1264 narrationem
1886 1207 2287 1261 diiudicandum
2338 1207 2583 1259 nonnihil
2624 1209 2832 1260 facere

543 1298 783 1368 potest),
835 1297 1052 1351 Adrasti
1095 1314 1288 1348 nomen
1330 1297 1379 1348 si
1415 1296 1717 1364 Phrygium
1758 1295 1863 1361 sit,
1919 1299 1976 1345 et
2014 1294 2194 1364 ipsum
2227 1292 2509 1361 pertinere
2551 1292 2617 1343 ad
2650 1309 2829 1344 sacra

544 1398 734 1450 regum
765 1380 996 1447 nomina,
1025 1396 1058 1431 a
1083 1381 1397 1434 numinibus
1425 1380 1648 1433 summis
1670 1379 1933 1449 repetita3
1967 1386 2029 1430 ut
2057 1377 2332 1429 Adrastus
2365 1376 2526 1446 quasi
2555 1377 2827 1430 alumnus

545 1466 901 1536 perhibeatur
935 1464 1069 1516 deae
1101 1465 1404 1516 Adrasteae
1434 1465 1515 1535 (h.
1550 1482 1601 1517 e.
1635 1464 1871 1517 Veneris
1906 1462 2167 1514 Victricis
2203 1480 2251 1514 s.
2284 1461 2574 1514 Minervae
2605 1460 2823 1513 Victri-

547 1551 627 1603 cis
666 1554 723 1602 et
751 1548 1031 1616 Ultricis).
1097 1549 1299 1602 Verum
1329 1566 1361 1600 a
1391 1550 1608 1601 Graeca
1636 1549 1813 1618 stirpe
1856 1547 1907 1600 si
1939 1552 2224 1616 repetatur
2254 1564 2444 1599 nomen
2488 1550 2628 1617 (quo
2658 1546 2827 1597 ducit

548 1634 743 1688 fratris
778 1634 847 1685 ab
879 1633 1115 1686 Adrasto
1145 1634 1423 1687 interfecti
1458 1651 1650 1687 nomen
1683 1633 2028 1705 Agathonin),
2062 1631 2199 1683 illud
2228 1631 2418 1699 potius
2450 1631 2825 1699 spectandum

549 1720 799 1785 videtur,
850 1724 914 1770 ut
953 1718 1227 1771 Adrastus
1274 1719 1431 1772 modo
1473 1722 1618 1773 ultor
1653 1718 1730 1770 sit
1772 1716 2248 1789 (quemadmodum
2292 1713 2455 1766 Talai
2505 1714 2596 1767 ille
2640 1715 2824 1779 filius,

548 1809 714 1856 notus
757 1803 812 1854 in
853 1802 1228 1872 Epigonorum
1270 1803 1541 1856 adversus
1578 1803 1800 1855 Thebas
1846 1802 2229 1871 expeditione,
2287 1801 2463 1851 frater
2492 1799 2822 1868 Eriphyles‚

549 1906 691 1959 quae
733 1886 899 1939 fatale
945 1888 1099 1940 istud
1141 1887 1337 1941 monile
1380 1892 1500 1939 erat
1541 1892 1734 1953 nacta,
1780 1886 1877 1955 qui
1917 1886 2058 1938 idem
2098 1884 2351 1952 Tydeum
2404 1884 2691 1952 perfugam
2742 1884 2822 1935 ob

547 1973 738 2027 fratris
794 1972 1012 2024 caedem
1067 1973 1306 2041 expiat),
1358 1972 1515 2025 modo
1559 1972 1801 2043 punitus,
1855 1989 2011 2037 sons,
2062 1972 2275 2039 infelix,
2318 1976 2540 2039 sagax,
2598 1984 2823 2037 suaque

546 2058 726 2128 ipsius
766 2073 926 2108 manu
971 2058 1325 2124 occumbens,
1385 2064 1448 2109 nt
1490 2057 1582 2109 ille
1618 2055 1880 2109 Herculis
1924 2054 2091 2107 filius.
2159 2054 2283 2105 Nec
2328 2053 2619 2118 abhorret,
2666 2052 2825 2122 quod

549 2143 685 2195 deae
707 2139 933 2193 Nemesi
966 2139 1241 2193 Adrastus
1270 2141 1489 2210 quidam
1513 2141 1771 2210 templum
1801 2140 2084 2192 dedicasse
2114 2138 2385 2205 traditur3
2435 2137 2537 2189 hoc
2572 2136 2715 2190 enim
2746 2137 2823 2188 ad

548 2226 782 2278 Troicas
811 2224 1193 2293 Phrygiasque
1225 2224 1525 2293 religiones
1558 2226 1749 2294 utique
1773 2224 2035 2294 pertinet.
2090 2222 2241 2287 Quin
2264 2221 2619 2275 Herodoteus
2643 2222 2823 2273 Adra-

551 2316 703 2375 stus,
752 2307 949 2360 Gordii
992 2308 1223 2376 Phrygii
1265 2308 1446 2376 filius,
1495 2310 1787 2362 Nemesios
1835 2309 1995 2378 quasi
2036 2307 2285 2359 minister
2317 2324 2381 2359 ac
2423 2306 2660 2359 famulus
2708 2316 2825 2371 est,

550 2392 698 2462 quod
728 2391 1019 2444 vindictam
1051 2392 1261 2445 Croeso
1294 2396 1536 2462 superbo
1568 2394 1804 2447 debitam
1834 2392 2005 2460 exigit
2034 2392 2214 2444 occiso
2249 2391 2372 2443 eius
2402 2390 2514 2444 filio
2536 2387 2615 2457 *).
2682 2391 2821 2460 Ipse

551 2494 684 2529 vero
723 2493 855 2530 reus
900 2482 1012 2545 est,
1057 2494 1190 2529 sons
1233 2494 1296 2529 ac
1337 2479 1506 2545 fugax
1550 2497 1600 2532 s.
1645 2479 1831 2545 exsul,
1879 2478 1975 2546 qui
2015 2494 2119 2529 sua
2159 2475 2341 2544 ipsius
2384 2476 2625 2544 denique
2670 2474 2823 2545 perit

549 2578 731 2615 manu.
802 2562 962 2623 Quae
1002 2579 1123 2614 cum
1165 2561 1244 2613 ita
1283 2562 1429 2629 sint,
1484 2564 1585 2615 hoc
1627 2563 1684 2615 in
1726 2562 2049 2615 universum
2089 2560 2268 2613 teneri
2322 2560 2576 2629 equidem
2618 2560 2820 2613 velim:

551 2648 697 2699 haud
727 2662 902 2715 pauca
941 2646 998 2698 in
1040 2647 1425 2715 antiquissima
1451 2648 1731 2717 Lydorum
1760 2663 1950 2714 regum
1981 2644 2215 2697 historia
2259 2644 2530 2712 inveniri,
2578 2661 2718 2713 quae
2745 2642 2822 2697 ad

553 2731 869 2800 religionem
903 2732 1088 2800 potius
1119 2732 1413 2785 referenda
1444 2732 1560 2784 sint
1603 2731 1948 2801 animumque
1985 2728 2209 2800 pietatis
2255 2728 2566 2799 praeceptis
2595 2730 2820 2782 confor-

554 2817 824 2870 mandum.

724 2900 848 2968 His,
882 2916 1024 2969 quae
1052 2916 1297 2968 magnam
1325 2909 1534 2970 partem
1564 2920 1595 2954 e
1616 2903 1866 2956 (ἔνεικεν-ι’
1893 2897 2113 2953 schedis
2141 2898 2307 2951 ducta
2335 2902 2487 2966 sunt,
2519 2898 2625 2950 alia
2653 2915 2823 2969 quae-

554 2985 676 3036 dam
710 2983 911 3035 addere
945 2982 1153 3053 placet,
1197 3001 1340 3053 qnae
1383 2984 1452 3036 ad
1483 2986 1648 3038 huius
1685 2984 2025 3039 narrationis
2061 2984 2171 3036 vim
2211 2986 2267 3034 et
2305 2983 2572 3037 rationem
2602 2984 2821 3053 perspi·

554 3067 800 3119 ciendam
829 3066 1067 3119 valeant.
1127 3068 1346 3120 Etenim
1378 3072 1515 3138 Atys,
1554 3068 1754 3122 Croesi
1784 3070 1950 3135 filins,
1990 3067 2086 3137 qni
2113 3067 2449 3120 interficitur
2477 3069 2547 3120 ab
2574 3069 2822 3137 Adrasto,

556 3152 715 3204 cuius
744 3150 909 3202 telum
938 3151 1005 3201 ab
1038 3167 1170 3219 apro
1201 3168 1247 3203 s.
1278 3168 1380 3203 sue
1412 3154 1720 3221 aberravit,
1770 3158 1972 3224 sponte
2002 3151 2058 3203 in
2090 3157 2320 3204 mentem
2350 3156 2576 3204 revocat
2608 3156 2741 3221 Atyn
2772 3171 2823 3205 s.

554 3236 704 3291 Attin
727 3234 886 3287 deum
913 3252 1013 3304 per
1030 3234 1323 3304 Phrygiam
1343 3237 1546 3290 cultum
1571 3238 1867 3308 eodemque
1888 3237 2045 3292 modo
2061 3277 2076 3305 ‚
2106 3254 2216 3306 quo
2240 3235 2562 3303 Adonidem,
2593 3237 2662 3289 ab
2687 3254 2823 3305 apro

555 3322 930 3374 interemtum=
967 3320 1035 3372 de
1065 3336 1173 3390 qua
1204 3338 1265 3374 re
1301 3322 1578 3375 cecinerat
1600 3322 1997 3376 Hermesianax
2026 3326 2172 3374 teste
2204 3319 2447 3373 Pausan.
2479 3320 2606 3387 Vn,
2642 3323 2727 3387 17,
2764 3328 2818 3379 5.

558 3407 807 3475 Utroque
838 3406 968 3472 deo,
1011 3405 1130 3457 sive
1158 3404 1301 3473 Atye
1329 3406 1448 3459 sive
1480 3407 1746 3475 Adonide,
1789 3407 1927 3460 satis
1960 3410 2179 3457 constat
2207 3404 2408 3457 solaris
2441 3405 2685 3458 numinis
2714 3405 2819 3458 vim

558 3490 855 3558 declarari,
909 3507 1020 3560 qua
1047 3508 1177 3543 vere
1221 3489 1448 3544 ineunte
1485 3492 1541 3544 in
1585 3510 1768 3545 rerum
1797 3498 1997 3543 natura
2038 3490 2217 3542 omnia
2255 3497 2312 3541 et
2352 3488 2735 3557 producantur
2765 3498 2825 3542 et

558 3575 803 3628 alantur:
859 3592 1000 3644 quae
1041 3574 1224 3628 eadem
1266 3574 1438 3629 hieme
1468 3577 1762 3629 accedente
1801 3574 2029 3645 soleque
2074 3574 2368 3627 recedente
2411 3573 2575 3642 plane
2618 3590 2819 3626 marce*

561 3664 728 3713 scunt
755 3657 1000 3729 adeoque
1031 3664 1276 3713 emortua
1303 3661 1422 3713 fore
1458 3662 1620 3713 fiunt.
1665 3661 1787 3713 Hoc
1812 3677 1945 3713 vero
1974 3666 2190 3728 tempus
2222 3656 2450 3710 hiemale
2479 3675 2616 3727 apro
2646 3657 2819 3726 signi-

560 3743 712 3796 ficari
743 3743 914 3796 tradit
943 3744 1261 3798 Macrobius
1290 3744 1407 3797 Sat.
1432 3746 1477 3810 Ι,
1503 3751 1607 3804 21:
1652 3745 1798 3798 unde
1833 3744 1974 3798 satis
2014 3744 2077 3795 fit
2104 3741 2481 3809 manifestum,
2513 3758 2623 3812 quo
2654 3759 2821 3795 sensu

560 3827 700 3894 Atys
742 3828 810 3878 ab
853 3846 986 3896 apro
1041 3828 1282 3882 interfici
1326 3829 1574 3895 dicatur3
1633 3831 1705 3881 cf.
1754 3830 2020 3882 Creuzer.
2065 3827 2251 3895 Symb.
2300 3826 2377 3877 II.
2434 3845 2490 3895 p.
2522 3830 2653 3898 ς424.
2700 3830 2821 3885 429.

560 3911 683 3962 coll.
703 3914 828 3970 376.
874 3912 1161 3965 Welckere
1199 3912 1398 3966 Rhein.
1426 3913 1577 3965 Mus.
1604 3913 1752 3979 11,4.
1788 3933 1842 3984 p.
1872 3917 1994 3972 504.
2052 3911 2181 3974 Quo
2227 3910 2415 3964 eodem
2455 3911 2626 3964 ferme
2657 3910 2821 3975 redit,

564 3994 613 4046 si
649 4010 840 4063 aprum
868 3994 1068 4048 Martis
1094 3996 1348 4065 planetae
1383 3997 1579 4050 animal
1615 3996 1797 4065 dicas,
1841 3997 2002 4050 cuius
2034 3995 2234 4049 sideris
2265 3995 2321 4048 vi
2347 3994 2527 4047 omnia
2561 3995 2621 4048 in
2656 3994 2827 4047 terris

565 4077 728 4129 nimio
766 4078 946 4131 calore
981 4088 1299 4149 premantur
1335 4087 1501 4152 atque
1537 4082 1825 4136 deleantur
1855 4080 2141 4151 omnisque
2186 4085 2419 4132 naturae
2455 4078 2540 4131 vis
2571 4095 2825 4149 procrea-

560 4163 670 4213 trix
713 4169 961 4215 emortua
1003 4165 1118 4217 fere
1160 4164 1446 4233 videatur,
1494 4172 1559 4219 ut
1579 4167 1643 4219 fit
1670 4165 1882 4220 hiemali
1919 4172 2199 4233 tempore3
2258 4164 2372 4217 vid.
2415 4163 2676 4217 Moverat
2724 4161 2825 4215 Die

569 4357 1201 4484 Ubi*gon‹{·⁰n1ff›t{1er⁰d'
1239 4361 1285 4425 1,
1323 4360 1392 4413 34
1429 4361 1505 4414 in.
1555 4357 1714 4429 ἔλαβε
1759 4354 1819 4414 ἐκ
1855 4358 2002 4413 θεοῦ
2037 4360 2258 4428 νέμεσις
2298 4354 2509 4430 μεγάλη
2545 4360 2823 4429 Κροῖσον.
