3109 5092
508 334 589 393 64
1002 374 1010 379 -
1372 336 1909 397 HERODOTI

505 500 883 594 ἐκδημήσας
909 500 946 575 ὁ
974 504 1220 575 Σόλων
1259 511 1520 577 εἵνεκεν
1567 505 1637 588 ἐς
1663 518 2016 595 Αἴγυπτον
2049 506 2326 578 ἀπίκετο
2373 508 2554 599 παρὰ
2569 507 2780 598 ’Ἀμα-

505 711 631 771 post
666 708 971 772 profectum
1009 723 1075 758 ac
1108 723 1387 759 reversum
1425 709 1590 760 Athe-

501 792 600 825 nas
639 781 768 826 ante
795 776 913 840 561,
953 793 1075 828 cum
1096 778 1423 829 Pisistratus
1457 794 1589 828 non-

500 845 625 895 dum
658 858 837 896 rerum
870 848 1079 911 potitus
1103 853 1277 911 esset,
1312 848 1439 898 inde
1462 863 1588 898 con·

499 914 697 978 cludit,
743 915 958 966 Solonis
995 919 1100 967 iter
1134 933 1244 967 non
1279 918 1337 967 in
1371 922 1585 982 tempus

496 986 654 1034 annis
691 985 967 1037 575-565
997 987 1168 1037 serius
1202 1003 1366 1052 posse
1403 988 1587 1037 detru-

497 1052 577 1116 di,
619 1056 709 1120 qui
738 1056 787 1103 si
808 1055 1068 1106 Sardibus
1105 1070 1226 1107 cum
1250 1057 1451 1107 Croeso
1488 1057 1584 1107 ali-

446 1158 451 1163 -
495 1125 754 1187 quamdiu
788 1129 1038 1175 versatus
1075 1131 1244 1190 esset,
1284 1127 1491 1177 factum
1528 1126 1584 1175 id

495 1199 743 1256 oportere
766 1195 913 1244 circa
944 1195 1048 1246 570
1078 1211 1129 1245 a.
1163 1195 1289 1245 Chr.
1327 1212 1383 1245 n.
1407 1212 1452 1246 s.
1491 1195 1580 1245 Ol.

494 1262 618 1326 LII,
657 1265 688 1315 3
729 1269 827 1313 aut
862 1263 1058 1315 saltem
1088 1280 1197 1315 non
1231 1265 1401 1315 multo
1437 1270 1581 1329 post,

493 1346 616 1381 cum
638 1332 871 1383 Croesus
899 1348 1042 1384 anno
1075 1334 1176 1385 566
1201 1330 1297 1383 aut
1321 1335 1420 1385 567
1454 1338 1584 1384 ante

490 1400 619 1455 Chr.
658 1418 712 1452 n.
753 1402 824 1452 ad
859 1418 1085 1467 regnum
1125 1404 1463 1468 pervenerit:
1515 1403 1583 1453 de

493 1485 600 1534 quo
635 1473 757 1537 ipso
795 1472 865 1522 cf.
903 1477 1045 1524 nott.
1087 1473 1158 1522 ad
1187 1473 1236 1535 1,
1275 1475 1361 1524 45.
1422 1472 1583 1523 Unde

489 1554 599 1590 non
634 1541 921 1591 admodum
955 1541 1244 1605 recedunt,
1281 1558 1420 1608 quae
1443 1543 1582 1595 Voe-

490 1609 614 1659 mel.
656 1610 977 1674 (Exercitat.
1018 1612 1331 1678 chronolog.
1381 1612 1448 1662 de
1494 1627 1581 1662 ae-

489 1683 606 1729 tate
641 1680 857 1732 Solonis
896 1687 950 1730 et
988 1681 1190 1731 Croesi.
1228 1682 1577 1732 Francofurt.

494 1749 626 1800 1832
680 1766 733 1815 p.
791 1751 855 1801 10
902 1767 1019 1816 seq.
1073 1751 1180 1815 18.)
1239 1758 1293 1801 et
1340 1751 1581 1801 Wester-

489 1835 670 1870 mann.
711 1818 805 1885 (ad
833 1821 1113 1871 Plutarch.
1153 1820 1261 1870 Vit.
1298 1820 1482 1871 Solon.
1520 1836 1576 1885 p.

487 1889 760 1957 80—90.)
811 1895 1137 1955 posuerunt,
1189 1889 1450 1940 Croesum
1508 1891 1579 1940 ad

486 1975 712 2025 regnum
750 1961 1065 2025 pervenisse
1102 1961 1209 2009 rati
1248 1959 1334 2011 01.
1351 1960 1508 2023 LIII,
1546 1961 1580 2009 2

487 2028 605 2079 sive
641 2028 741 2080 567
771 2044 823 2078 a.
852 2030 978 2080 Chr.
1013 2046 1065 2079 n.
1098 2034 1311 2079 mortuo
1337 2029 1578 2094 Alyatte,

487 2097 740 2147 Solonem
766 2099 994 2149 Athenis
1015 2098 1321 2163 profectum
1343 2098 1430 2148 Ol.
1451 2099 1577 2159 LII,

486 2168 538 2216 2.
581 2167 700 2216 sive
723 2167 844 2230 571,
881 2183 1001 2221 cum
1028 2167 1230 2217 Croeso
1258 2168 1579 2217 convenisse

489 2234 577 2284 01.
607 2235 753 2297 LIV,
793 2237 845 2286 2.
876 2252 921 2286 s.
960 2235 1080 2297 563,
1118 2236 1467 2301 Athenasque
1498 2251 1578 2286 re-

485 2318 702 2354 versum
739 2303 827 2354 01.
877 2305 1029 2367 LIV,
1066 2306 1099 2353 4
1156 2320 1202 2354 s.
1241 2304 1339 2355 561
1389 2306 1578 2370 ibique

486 2378 760 2424 mortuum
803 2373 890 2424 01.
929 2374 1045 2436 LV,
1077 2375 1109 2423 2
1143 2388 1189 2423 s.
1226 2371 1348 2423 559.
1407 2376 1578 2424 Acce-

486 2441 568 2491 dit
603 2444 686 2494 Io.
724 2442 1025 2508 Gumpach.
1062 2440 1484 2509 (Zeitrechnung
1521 2444 1575 2493 d.

484 2512 754 2578 Babylon.
812 2529 867 2563 u.
929 2513 1118 2577 Assyr.
1180 2527 1234 2577 p.
1283 2511 1405 2575 93),
1464 2514 1575 2577 qui,

486 2597 609 2633 cum
630 2581 907 2646 Alyattem
934 2581 1210 2647 posuisset
1243 2581 1315 2631 ad
1349 2596 1577 2649 regnum

412 2686 421 2695 .
486 2658 735 2703 evectum
794 2667 938 2709 anno
991 2651 1093 2703 627
1112 2689 1125 2715 ,
1199 2651 1459 2702 Croesum
1517 2652 1574 2703 id

485 2721 793 2786 suscepisse
826 2723 945 2772 vult
980 2721 1084 2773 570
1120 2727 1174 2771 et
1220 2736 1342 2771 cum
1377 2720 1577 2772 Solone

484 2792 816 2842 collocutum
859 2791 961 2843 562
1008 2807 1060 2842 a.
1100 2791 1225 2842 Chr.
1267 2806 1323 2841 n.
1395 2793 1576 2856 Atque

486 2860 703 2926 Olymp.
726 2863 898 2923 L11‚4
928 2860 1013 2909 ve]
1038 2860 1191 2922 LIII,
1218 2860 1242 2908 1
1275 2858 1575 2923 (569-568

485 2944 538 2981 a.
568 2929 694 2978 Chr.
720 2929 799 2995 n.)
826 2930 1086 2979 Croesum
1115 2927 1193 2981 ad,
1210 2944 1435 2993 regnum
1459 2945 1576 2994 per-

483 2998 702 3047 venisse
737 2998 935 3047 statuit
979 3011 1193 3062 quoque
1227 2992 1572 3048 Wiedmann.

484 3067 541 3115 in
567 3067 1021 3117 commentatione
1063 3065 1129 3115 de
1152 3070 1392 3130 tempore
1420 3067 1575 3132 regni

484 3135 674 3186 Croesi
718 3137 798 3186 in:
844 3137 987 3186 Mus.
1030 3134 1099 3185 ·d.
1151 3134 1343 3185 Rhein.
1394 3136 1573 3186 West-

480 3204 629 3270 phal.
668 3204 1274 3256 Schulmiinnervereins
1317 3205 1470 3257 1845.
1500 3207 1568 3255 Τ.

480 3273 577 3325 IV.
618 3291 672 3339 p.
714 3276 740 3326 1
779 3290 932 3340 seqq.
976 3273 1067 3334 163
1104 3274 1304 3324 etenim
1338 3273 1443 3325 hoc
1478 3289 1572 3339 po-

481 3344 588 3394 sito
637 3345 815 3411 ipsum
852 3343 1042 3394 Croesi
1093 3358 1157 3393 ac
1193 3342 1408 3393 Solonis
1447 3359 1572 3393 con-

478 3419 705 3465 ventum
760 3429 954 3465 revera
996 3414 1177 3464 locum
1225 3410 1427 3463 habere
1475 3429 1570 3477 po-

478 3485 654 3536 tuisse
699 3500 876 3550 neque
922 3485 978 3533 in
1036 3482 1431 3533 dubitationem
1476 3497 1571 3531 vo-

479 3555 712 3606 candum
750 3570 871 3606 esse
894 3556 1117 3619 propter
1141 3552 1380 3602 rationes
1420 3551 1570 3601 chro-

477 3623 760 3691 nologicas
818 3624 1133 3674 arbitratur.
1218 3622 1421 3684 Nobis,
1477 3622 1572 3686 qui

478 3691 737 3745 Croesum
774 3696 985 3743 mortuo
1035 3692 1246 3757 Alyatti
1291 3691 1395 3743 560
1441 3696 1570 3740 ante

479 3760 606 3810 Chr.
646 3778 700 3811 n.
739 3762 1075 3812 successisse
1114 3761 1392 3826 posuimus
1431 3757 1564 3824 (vid.

476 3828 547 3878 ad
571 3829 617 3891 1,
644 3830 753 3894 26),
786 3846 917 3894 prae
941 3831 1135 3880 ceteris
1164 3828 1398 3893 placent,
1428 3844 1569 3893 quae

475 3896 712 3947 Clinton.
737 3895 911 3961 (Fast.
931 3898 1076 3948 Hell.
1102 3899 1178 3948 11.
1203 3913 1255 3961 p.
1284 3897 1386 3949 309
1411 3911 1565 3962 seqq.

476 3965 1141 4032 ed.Krueger)p1-oposuit
1165 3982 1218 4030 p.
1245 3965 1371 4017 313:
1400 3967 1568 4029 „Evi-

475 4039 663 4085 tantur
695 4034 1048 4087 difficultates
1082 4034 1371 4085 statuendo
1408 4034 1562 4085 Solo-

472 4120 595 4155 nem
641 4105 745 4156 570
788 4104 1011 4170 Alyatte
1064 4103 1193 4153 vivo
1250 4107 1309 4153 et
1357 4105 1560 4154 Croeso

473 4190 593 4224 cum
650 4178 808 4239 patre
874 4178 1141 4241 regnante
1212 4172 1271 4222 in
1328 4172 1559 4237 Lydiam

469 4245 705 4294 venisse.
744 4245 922 4306 Quum
945 4243 1160 4295 Amasis
1190 4241 1295 4293 569
1336 4257 1558 4306 regnum

470 4313 699 4378 adeptus
751 4314 848 4375 sit,
909 4312 1239 4379 Aegyptium
1290 4312 1394 4361 iter
1453 4311 1558 4361 hoe

468 4396 612 4433 anno
658 4382 931 4447 posterius
982 4381 1148 4433 fuerit
1191 4394 1413 4433 necesse
1451 4387 1553 4433 est.

1691 709 1974 761 Probabili
1999 710 2212 760 ratione
2237 714 2452 760 statuas
2485 710 2633 773 licet,
2660 726 2782 761 eum

1692 780 1814 829 575.
1847 780 2061 829 circiter
2094 780 2291 844 viginti
2314 781 2470 829 annis
2490 785 2782 845 postquam

1692 848 1893 899 archon
1947 849 2152 911 fuerat,
2202 848 2430 900 Athenis
2476 850 2782 914 profectum

1691 932 1813 968 esse
1849 923 1903 967 et
1940 919 2043 969 565
2089 919 2306 968 circiter
2346 919 2586 984 quinque
2622 920 2780 969 annis

1687 992 1982 1052 antequam
2016 988 2340 1043 Pisistutus
2371 1004 2599 1054 regnum
2624 984 2783 1038 occu-

1686 1058 1858 1122 pavit,
1905 1058 2257 1107 revertisse.“
2319 1059 2474 1108 Haec
2517 1058 2777 1121 Clinton.‚

1688 1142 1723 1176 a
1746 1142 1852 1191 quo
1865 1127 2108 1177 Fischer.
2138 1127 2457 1191 (Zeittafeln
2480 1127 2533 1177 d.
2561 1128 2776 1179 Griech.

1688 1195 1884 1247 Gesch.
1922 1212 1976 1260 p.
2020 1196 2140 1246 129.
2183 1196 2281 1247 133
2309 1196 2449 1262 seq.)
2487 1197 2570 1246 ita
2606 1197 2778 1247 disce-

1688 1264 1786 1327 dit,
1817 1270 1881 1315 ut
1917 1266 2066 1315 circa
2100 1265 2189 1315 Ol.
2225 1266 2371 1329 LIV,
2412 1267 2438 1316 1
2486 1266 2605 1315 sive
2652 1266 2777 1317 564.

1686 1334 1943 1385 Solonem
2000 1351 2123 1385 cum
2182 1334 2384 1384 Croeso
2455 1336 2778 1385 convenisse

1686 1408 1916 1467 statuat,
1949 1405 2044 1470 qui
2078 1405 2181 1454 hoc
2216 1405 2337 1468 ipso
2375 1408 2617 1470 tempore
2644 1420 2776 1454 non-

1686 1473 1812 1522 dum
1845 1472 1916 1523 ad
1957 1489 2184 1539 regnum
2231 1478 2452 1523 evectus
2519 1478 2777 1539 satrapae

1684 1542 1865 1592 locum
1899 1543 2011 1593 fere
2056 1543 2378 1604 obtinuerit;
2416 1542 2658 1593 Athenas
2694 1559 2776 1594 re-

1685 1627 1903 1662 versum
1933 1611 2187 1663 Solonem
2220 1611 2341 1661 'vult
2388 1611 2474 1661 Ol.
2525 1613 2669 1676 LIV,
2718 1612 2769 1663 3.

1684 1683 1802 1731 sive
1840 1682 1942 1732 562
1978 1685 2107 1731 ante
2148 1681 2273 1731 Chr.
2317 1696 2373 1732 n.
2407 1681 2652 1746 Uterque
2689 1682 2775 1730 vir

1684 1750 1878 1801 doctus
1924 1751 2055 1800 mihi
2097 1751 2158 1799 id
2202 1755 2351 1801 recte
2398 1751 2650 1814 posuisse
2695 1752 2773 1800 vi-

1684 1820 1859 1883 detur,
1898 1820 2174 1883 Croesum,
2212 1835 2318 1884 quo
2366 1824 2610 1884 tempore
2646 1820 2773 1869 Sar-

1684 1890 1778 1940 des
1815 1891 2027 1940 venerit
2077 1889 2224 1952 Solo,
2274 1888 2512 1939 nondum
2548 1904 2775 1955 regnum

1681 1959 1959 2024 Lydorum
2017 1959 2349 2020 obtinuisse;
2411 1958 2508 2008 sed
2550 1959 2774 2023 Alyatte

1680 2034 1837 2093 patre
1888 2029 2064 2079 adhuc
2113 2030 2240 2080 vivo
2292 2033 2347 2078 et
2389 2028 2459 2077 ad
2512 2043 2774 2078 summam

1680 2103 2018 2150 senectutem
2068 2103 2328 2163 provecto
2387 2094 2601 2161 imperii
2648 2113 2772 2162 par-

1679 2171 1763 2216 tes
1784 2169 2048 2233 quasdam
2072 2166 2592 2217 administrasse-vel
2604 2167 2771 2217 etiam

1679 2236 1748 2285 ab
1793 2238 1914 2301 ipso
1973 2241 2131 2301 patre
2177 2237 2473 2286 senectutis
2523 2238 2772 2302 ingrave-

1681 2307 1885 2355 scentis
1926 2305 2085 2356 malis
2127 2305 2412 2355 debilitato
2448 2306 2655 2356 socium
2686 2321 2771 2355 as-

1681 2380 1917 2425 sumtum
1955 2375 2152 2427 fuisse:
2191 2376 2391 2424 etenim
2433 2376 2553 2439 ipse
2596 2376 2770 2425 Hero-

1680 2442 1840 2492 dotus
1872 2444 1985 2494 tale
2020 2443 2152 2508 quid
2185 2443 2430 2494 indicare
2466 2443 2683 2493 videtur
2720 2444 2767 2508 Ι,

1678 2511 1765 2575 92,
1793 2513 1888 2562 ubi
1913 2512 2025 2562 vid.
2054 2516 2196 2563 nott.
2233 2512 2399 2578 idque
2422 2514 2589 2563 etiam
2615 2519 2771 2578 patet

1678 2597 1745 2630 ex
1799 2582 2016 2633 Nicolai
2065 2582 2397 2632 Damasceni
2454 2584 2769 2632 narratione

1679 2649 1768 2715 (Τ.
1829 2652 1935 2701 ΠΙ.
1991 2666 2046 2717 p.
2119 2649 2240 2702 397.
2297 2652 2571 2718 Fragmm.
2633 2652 2765 2702 hist.

1679 2720 1904 2772 Graeco.
1929 2721 2013 2772 ed.
2038 2720 2308 2785 Mueller),
2334 2736 2398 2771 ex
2421 2736 2530 2785 qua
2550 2721 2767 2785 expedi-

1678 2789 1816 2855 tioni
1851 2791 1909 2839 in
1945 2791 2161 2840 Cariam
2206 2794 2495 2854 susceptae
2525 2791 2768 2856 praefuit

1677 2858 1909 2909 Croesus
1942 2859 2184 2925 Alyattis
2231 2859 2465 2909 filiorum
2498 2861 2765 2909 maximus

1676 2932 1828 2978 natu.
1867 2930 1946 2978 Ac
1983 2928 2235 2992 probavit
2262 2928 2402 2977 hanc
2439 2930 2766 2979 sententiam

1674 2997 1907 3047 Kortiim
1964 2998 2159 3048 Gesch.
2223 2997 2650 3048 Griechenlands
2716 2998 2762 3047 1.

1674 3080 1729 3129 p.
1764 3064 1883 3116 184.
1923 3067 2078 3129 Quae
2114 3081 2235 3117 cum
2260 3067 2341 3116 ita
2363 3067 2489 3129 sint,
2516 3066 2764 3132 equidem

1674 3134 1877 3184 nullam
1945 3136 2182 3200 reperire
2240 3151 2464 3200 possum
2523 3150 2763 3199 causam,

1675 3218 1771 3254 cur
1817 3205 1959 3255 hunc
2007 3205 2197 3255 Croesi
2244 3220 2309 3255 ac
2366 3205 2583 3256 Solonis
2637 3221 2766 3255 con-

1673 3278 1922 3336 ventum,
1967 3278 2053 3325 tot
2105 3274 2339 3324 testibus
2388 3274 2764 3324 confirmatum

1674 3341 1920 3408 adeoque
1956 3344 2290 3393 celebratum
2325 3358 2423 3408 per
2455 3348 2632 3394 totam
2670 3359 2763 3393 an-

1672 3411 2006 3477 tiquitatem,
2043 3414 2099 3461 in
2138 3413 2505 3477 suspicionem
2542 3428 2761 3465 vocem:

1672 3496 1849 3546 neque
1898 3483 2058 3532 aliter
2116 3482 2294 3532 visum
2341 3488 2426 3532 est
2478 3483 2612 3531 viris
2671 3482 2762 3532 do-

1670 3551 1802 3613 ctis,
1855 3566 1990 3616 quos
2038 3566 2204 3616 supra
2244 3551 2493 3613 laudavi,
2543 3552 2764 3615 quibus-

1672 3635 1776 3684 que
1801 3636 1944 3670 nunc
1969 3620 2095 3670 addi
2119 3620 2282 3670 velim
2299 3620 2522 3685 Dilthey
2542 3620 2758 3671 Griech.

1670 3689 1890 3755 Fragm.
1930 3691 1977 3740 1.
2017 3705 2071 3755 p.
2108 3690 2197 3739 24.
2245 3689 2419 3739 Ulrici
2466 3689 2663 3741 Gesch.
2703 3689 2758 3739 d.

1669 3757 1864 3808 hellen.
1945 3760 2104 3809 Poes.
2185 3759 2263 3808 ΙΙ.
2311 3818 2322 3825 ·
2353 3774 2407 3822 p.
2469 3757 2574 3809 435
2642 3763 2758 3808 not.

1669 3824 1950 3891 (Duncker
1981 3827 2178 3879 Gesch.
2221 3827 2275 3878 d.
2314 3827 2545 3877 Alterth.
2585 3827 2661 3878 11.
2702 3843 2758 3892 p.

1668 3895 1812 3961 530),
1857 3902 1920 3946 ut
1965 3912 2097 3946 sane
2145 3897 2333 3959 mirer,
2380 3896 2556 3947 denuo
2598 3898 2761 3947 exsti-

1665 3965 1802 4015 tisse
1836 3966 2012 4016 virum
2055 3966 2275 4016 doctum
2319 3966 2515 4031 (Grote
2547 3965 2760 4031 history

1664 4034 1727 4085 of
1760 4034 1964 4086 Greece
1999 4035 2106 4086 111.
2154 4050 2208 4100 p.
2260 4033 2364 4085 198
2411 4034 2626 4100 seqq.)‚
2665 4037 2758 4100 qui
2825 4062 2831 4069 ·

1662 4108 1838 4154 totum
1873 4104 1976 4155 hoc
2011 4103 2228 4155 Solonis
2275 4109 2330 4154 et
2364 4104 2553 4156 Croesi
2593 4104 2757 4155 collo-

1661 4173 1848 4237 quium
1905 4172 2198 4225 confictum
2253 4189 2374 4225 esse
2432 4174 2751 4235 declararet,

1662 4241 2060 4308 chronologicis
2135 4243 2440 4294 rationibus
2523 4241 2752 4306 aliisque

1660 4314 1844 4362 causis
1878 4312 2165 4363 adductus.
2214 4312 2431 4364 Etenim
2466 4316 2528 4360 ut
2565 4325 2753 4360 conce-

1658 4381 1848 4433 damus
1897 4381 2132 4433 inveniri
2193 4382 2249 4431 in
2296 4381 2402 4431 hoc
2457 4378 2750 4445 colloquio,
