3109 5092
1059 386 1070 392 .
1132 341 1628 446 EUT‘ERPE.
1674 343 1757 402 H.
1804 351 1923 405 136.

2554 341 2676 405 739

395 501 808 598 ἆπενόστησε
837 497 904 590 ἐᾷ
929 511 1371 602 Μυτιλήνην,
1416 515 1493 581 ἐν
1518 517 1711 601 με’λεϊ
1731 509 2001 600 Σαπφώ
2038 509 2252 582 πολλὰ
2279 513 2671 604 κατεκερτό-

395 617 569 702 μησέ
587 641 727 701 μιν.
800 608 1157 694 Ῥοδώπιος
1194 618 1320 704 μέν
1349 643 1481 684 νυν
1511 620 1663 706 πέρι
1692 619 2056 703 πέπαυμαι.

544 715 742 784 Μετὰ
781 716 856 784 δὲ
894 724 1297 805 Μυκερῖνον
1338 722 1664 806 γενέσθαι
1696 717 2062 806 Αἰγύπτου
2109 720 2390 807 βασιλέα
2431 723 2806 805 ἔλεγον136

394 824 462 887 οἰ
512 821 684 907 ἱρέες
702 817 1019 906 ”Ασυχιυ,
1076 818 1196 889 τὸν
1253 819 1335 889 τὰ
1389 819 1556 908 πρὸς
1604 818 1798 910 ἥλιον
1841 818 2201 908 ἀνίσχοντα
2247 827 2519 910 ποιῆσαι
2573 827 2668 914 τῷ

383 916 727 1014 ἹΙφαίστῳ
757 922 1174 1009 προπύλαια,
1213 922 1408 993 ἐόντα
1436 930 1665 1016 πολλῷ
1693 951 1767 993 τε
1801 923 2122 994 κάλλιστα
2152 928 2263 994 καὶ
2292 929 2520 1017 πολλῷ
2549 926 2665 1012 μέ-

397 1044 610 1111 γιστα.
695 1030 828 1111 ἔχει
857 1025 983 1113 μὲν
1010 1023 1136 1114 γὰρ
1164 1029 1278 1096 καὶ
1315 1025 1396 1094 τὰ
1424 1027 1643 1096 πάντα
1675 1023 2060 1116 προπύλαια
2087 1027 2341 1108 τύπους
2366 1055 2437 1096 τε
2475 1030 2665 1113 ἐγγε-

396 1192 613 1272 quidem
657 1190 1050 1254 Valckenario,
1104 1194 1196 1274 qui
1244 1195 1482 1258 particu-

394 1258 505 1309 lam
543 1251 620 1316 ὡς
655 1259 758 1310 hoc
806 1275 972 1310 sensu
1017 1264 1297 1326 regionum
1340 1264 1484 1313 urbi·

395 1345 592 1395 umque
627 1330 933 1380 nominibus
959 1330 1170 1381 adstrui
1205 1347 1365 1397 posse
1389 1349 1483 1382 ne-

395 1404 508 1462 gat.
582 1400 665 1449 Tu
713 1400 856 1448 conf.
914 1400 1179 1451 Herodot.
1229 1401 1305 1465 H,
1363 1403 1479 1454 121.

394 1468 442 1529 §-
482 1471 514 1518 5
552 1468 737 1532 ibique
770 1473 914 1517 nott.

464 1527 526 1585 ἐν
556 1536 710 1601 μέλεϊ
741 1530 968 1601 Σαπφώ
1003 1529 1186 1587 πολλὰ
1223 1552 1481 1603 κατεκερ-

392 1598 603 1670 τόμησέ
638 1604 759 1671 μιν]
797 1606 1004 1656 Suadet
1040 1607 1232 1671 opinor
1268 1613 1483 1658 senten-

392 1677 504 1725 tiae
560 1690 760 1737 nexus,
820 1680 881 1725 ut
928 1691 1027 1740 μιν
1077 1677 1148 1726 ad
1194 1676 1484 1726 Charax-um

393 1746 616 1793 fratrem
652 1745 951 1808 referatur,
991 1760 1148 1810 quem
1175 1760 1329 1795 soror
1365 1761 1482 1796 car-

393 1813 627 1863 minibus
662 1814 1015 1878 prosciderit,
1069 1815 1267 1879 quippe
1314 1829 1482 1864 mere-

396 1883 625 1932 triculae
659 1882 852 1932 infami
890 1882 1132 1932 deditum
1166 1888 1223 1932 et
1257 1884 1315 1933 in
1360 1899 1478 1933 eam

396 1966 526 2016 opes
564 1952 980 2016 impendentem.
1052 1952 1144 2001 Ita
1163 1967 1376 2017 quoque
1399 1954 1480 2002 in-

395 2022 606 2071 tellexit
652 2021 848 2070 Kleine
889 2021 924 2071 l.
976 2036 1142 2086 supra
1191 2022 1229 2072 Ι.
1276 2037 1329 2085 p.
1386 2021 1482 2072 188

396 2106 531 2155 seq„
565 2090 658 2154 qui
693 2090 857 2140 etiam
892 2104 1018 2156 pag.
1058 2092 1160 2142 190
1185 2092 1294 2140 vim
1329 2091 1482 2141 verbi

393 2162 834 2223 κατακερτομείν
888 2161 1079 2225 attigit
1133 2161 1201 2210 de
1256 2160 1481 2210 vocibus

395 2229 625 2278 maxime
645 2229 989 2286 mordacibus
1014 2243 1080 2278 ac
1109 2230 1352 2294 graviter
1372 2229 1481 2279 lae·

394 2298 675 2359 dentibus,
717 2299 912 2363 quibus
949 2299 1181 2360 utimur,
1226 2298 1478 2362 adhibiti,

389 2373 452 2417 ut
487 2368 532 2430 1,
575 2367 675 2417 129
710 2367 836 2417 coll.
876 2368 943 2431 V,
981 2367 1067 2419 83.
1141 2367 1477 2418 Athenaeum

391 2453 518 2488 vero
543 2437 579 2488 l.
611 2437 646 2487 l.
672 2437 720 2486 si
744 2436 962 2497 audias,
995 2437 1301 2502 Rhodopin,
1340 2453 1481 2501 quae

389 2507 561 2556 multa
595 2507 844 2556 Chai-axo
887 2507 1257 2556 inter-verterit
1307 2511 1362 2555 et
1399 2508 1480 2556 fu-

389 2581 511 2625 rata
532 2576 726 2636 fuerit,
764 2574 983 2640 Sappho
1005 2576 1332 2625 carminibus
1359 2592 1481 2640 pro-

391 2645 572 2694 scidit.
657 2644 915 2709 Sequitur
966 2643 1106 2694 hanc
1149 2646 1477 2695 sententiam

391 2715 476 2762 vir
523 2713 718 2763 doctus
766 2715 847 2762 in:
904 2712 1295 2779 Schulzeitung
1344 2716 1479 2766 1829

391 2798 470 2832 nr.
520 2784 586 2831 22
646 2797 770 2846 pag.
825 2784 924 2833 178
971 2784 1207 2848 itemque
1254 2783 1478 2833 Richter

391 2851 633 2915 (Sappho
679 2867 735 2901 u.
784 2853 1022 2914 Erinna,
1081 2852 1475 2917 Quedlinburg.

395 2920 550 2986 1833)
577 2936 704 2985 pag.
737 2921 786 2972 3.
817 2924 867 2982 4,
892 2922 984 2985 qui
1015 2924 1208 2988 utique
1239 2921 1356 2972 fieri
1388 2937 1478 2986 po-

389 2991 562 3040 tuisse
597 2996 800 3054 censet,
820 2997 880 3041 ut
907 2991 1125 3055 Sappho
1151 2990 1482 3056 provectiori

391 3061 639 3125 quamvis
654 3063 838 3109 aetate
857 3061 1192 3110 meretricem
1205 3061 1305 3110 sub
1320 3061 1481 3111 Arna-

393 3131 441 3178 si
477 3130 758 3180 florentem
795 3130 1046 3179 versibus
1070 3130 1480 3181 contumeliosis

390 3200 660 3250 insectata
692 3199 782 3249 sit.

703 3368 833 3419 Car.
869 3368 1165 3420 CXXXVI.

462 3464 652 3532 ἔλεγον
701 3464 761 3517 οῖ
803 3462 949 3530 ἷρέες
981 3460 1226 3535 ἸἌσυχιν]
1292 3472 1478 3537 Neque

392 3539 617 3602 Asychin
673 3553 848 3603 neque
901 3539 1100 3601 Any-rin
1154 3539 1297 3604 (cap.
1354 3539 1476 3604 137)

392 3612 864 3658 commemoratum
914 3608 1218 3657 invenimus
1273 3610 1328 3657 in
1384 3609 1474 3668 iis,

392 3693 531 3742 quae
567 3692 634 3727 ex
668 3675 998 3726 Manethone
1044 3677 1213 3727 tradit
1258 3677 1478 3742 Syncel-

392 3748 509 3809 lus,
571 3761 750 3811 neque
811 3746 973 3795 etiam
1036 3747 1480 3797 commemoravit

390 3785 696 3878 Diodorus,
734 3831 840 3880 quo
876 3820 1101 3865 auctore
1140 3816 1210 3893 (1,
1245 3816 1336 3880 65)
1364 3817 1481 3880 My—

392 3887 631 3936 cerinum
668 3900 836 3950 regno
860 3886 1075 3948 excepit
1109 3877 1477 3948 Βόκχορις,

392 3970 644 4018 corpore,
685 3959 745 4003 ut
780 3955 894 4014 ait,
933 3953 1220 4019 despecte,
1272 3952 1368 4003 sed
1402 3953 1482 4002 in-

394 4026 539 4086 genii
573 4025 824 4073 acumine
859 4026 916 4073 et
941 4022 1232 4087 prudentia
1264 4023 1351 4084 iis,
1390 4022 1484 4087 qui

394 4099 523 4142 ante
541 4093 911 4157 regnaverint,
938 4092 1300 4156 praecellens,
1337 4091 1483 4141 filius

393 4161 738 4225 Tnephachti
775 4159 994 4223 (1‚45).
1050 4162 1158 4211 Hic
1182 4177 1312 4211 vero
1348 4162 1485 4211 Boc-

395 4230 575 4280 choris
610 4231 702 4280 vix
739 4229 879 4279 alius
914 4245 1036 4280 esse
1078 4231 1282 4294 poterit
1319 4236 1482 4294 atque

394 4299 469 4361 is,
518 4300 613 4365 qui
660 4301 716 4348 in
752 4299 1017 4349 vicesima
1066 4305 1263 4364 quarta
1295 4315 1484 4364 regum

394 4369 650 4433 dynastia
667 4369 979 4418 nominatur
1000 4362 1286 4434 Βόγχωρις
1306 4368 1481 4432 Saita‚

1585 1194 1679 1259 qui
1714 1210 1810 1244 sex
1839 1210 2013 1244 annos
2050 1196 2326 1260 regnavit,
2376 1195 2424 1243 si
2459 1194 2670 1244 Africa-

1584 1278 1713 1313 num
1748 1264 2021 1328 sequimur
2055 1264 2228 1330 (apud
2264 1261 2499 1327 Syncell.
2539 1279 2664 1329 pag.

1586 1333 1695 1396 74),
1745 1344 1841 1383 aut
1895 1332 2264 1398 quadraginta
2305 1337 2570 1398 quatuor,
2620 1335 2668 1383 si

1582 1402 1877 1452 Eusebium
1904 1401 2058 1465 (ibid.
2081 1418 2209 1484 pag.
2242 1403 2333 1466 75)
2355 1402 2667 1463 audiamus3

1584 1469 1728 1519 hunc
1782 1471 2027 1533 Sabaco,
2091 1473 2185 1536 qui
2230 1470 2299 1520 ad
2355 1475 2671 1536 sequentem

1586 1538 1896 1604 dynastiam
1933 1555 2121 1604 regum
2145 1540 2470 1603 Aethiopum
2508 1541 2675 1590 refer-

1587 1613 1692 1671 tur,
1732 1611 1938 1674 cepisse
1966 1615 2296 1673 captumque
2320 1609 2503 1658 vivum
2530 1624 2672 1659 com—

1586 1678 1832 1728 bussisse
1868 1678 2067 1728 dicitur
2112 1677 2243 1727 ibid.
2317 1678 2449 1742 Ipsa
2486 1693 2672 1728 monu-

1586 1753 1795 1808 menta,
1834 1751 2095 1811 quantum
2121 1747 2390 1808 novimus,
2422 1746 2557 1795 nihil
2580 1763 2671 1797 ne-

1585 1830 1689 1879 que
1724 1815 1791 1865 de
1824 1816 2029 1879 Asychi
2077 1815 2319 1879 Anysive
2375 1829 2551 1880 neque
2603 1816 2669 1866 de

1582 1884 1851 1933 Bocchori
1896 1884 2167 1945 indicant,
2216 1898 2372 1946 quem
2408 1884 2671 1934 Rosellini

1581 1951 1753 2014 (Mon.
1795 1959 1929 2003 stor.
1967 1953 2042 2003 11.
2067 1968 2121 2016 p.
2146 1953 2243 2004 102
2272 1952 2412 2017 seq.)
2441 1967 2672 2018 regnan-

1585 2027 1694 2071 tem
1730 2021 1884 2086 ponit
1908 2022 2056 2071 intra
2094 2020 2372 2072 763—719
2396 2027 2525 2073 ante
2543 2023 2668 2073 Chr.

1585 2106 1660 2152 n.‚
1711 2090 1952 2141 Boeckh.
2023 2092 2134 2154 (ap.
2194 2089 2468 2141 Schmidt:
2529 2093 2673 2142 Zeit-

1584 2160 1778 2210 schrift
1824 2161 1865 2210 s.
1913 2159 2356 2211 Geschichtwiss.
2417 2160 2490 2210 11.
2541 2176 2670 2226 pag.

1584 2229 1687 2280 708
1733 2244 1915 2294 seqq.,
1960 2230 2056 2278 ubi
2089 2229 2203 2279 vid.
2243 2231 2409 2280 etiam
2460 2229 2671 2295 reliqua

1583 2299 1915 2363 testimonia)
1954 2298 2100 2348 intra
2134 2313 2307 2348 annos
2356 2300 2665 2360 725--7203

1582 2368 1838 2417 Larcher.
1877 2367 1967 2431 (Τ.
1992 2367 2119 2418 VII.
2156 2383 2282 2433 pag.
2308 2367 2398 2432 92)
2422 2368 2665 2433 Asychin

1583 2437 1653 2485 ad
1690 2452 1913 2501 regnum
1951 2442 2195 2486 evectum
2231 2443 2491 2500 posuerat
2532 2439 2666 2488 1052

1584 2521 1635 2556 a.
1661 2506 1875 2568 mnan„
1896 2505 1962 2555 de
1993 2521 2099 2571 quo
2124 2507 2313 2556 eodem
2341 2520 2469 2571 rege
2497 2506 2664 2556 etiam

1581 2575 1654 2625 cf.
1691 2575 1865 2624 Beck:
1903 2574 2107 2625 Auleit.
2147 2592 2194 2625 z.
2234 2574 2568 2639 Weltgesch.
2608 2575 2657 2624 I.

1579 2659 1706 2708 pag.
1746 2642 1868 2694 692.
1909 2642 2030 2693 718.
2109 2643 2378 2707 Equidem
2415 2642 2553 2693 haec
2584 2643 2664 2693 as—

1582 2713 1723 2762 ferre
1760 2712 1896 2761 satis
1932 2711 2134 2772 habeo,
2181 2712 2238 2760 in
2287 2711 2484 2776 quibus
2529 2711 2664 2761 mihi

1579 2783 1768 2846 utique
1800 2780 1962 2830 valde
1981 2780 2257 2830 turbatum
2281 2795 2401 2830 esse
2428 2780 2662 2844 videtur,

1581 2851 1628 2900 si
1664 2850 1783 2915 quis
1818 2849 1945 2899 inde
1980 2854 2237 2899 accurate
2273 2853 2521 2931 tempora
2540 2865 2664 2900 con-

1580 2920 1810 2969 stituere
1846 2934 2140 2984 regumque
2172 2919 2569 2969 successionem
2595 2921 2665 2969 si-

1580 2987 1841 3055 gnificare
1875 2988 2026 3039 velit.
2114 2990 2267 3039 Unus
2321 3004 2441 3038 cum
2491 2989 2664 3039 Hero-

1582 3060 1742 3109 doteo
1767 3050 1961 3122 Asyclzi
1978 3059 2236 3109 convenit
2253 3057 2504 3123 Sasyclzes
2529 3057 2667 3122 (Σα-

1584 3121 1802 3193 σύχης),
1837 3128 2229 3193 Aegyptiorum
2271 3144 2366 3177 rex
2401 3143 2468 3177 ac
2502 3128 2665 3192 legis-

1578 3199 1723 3247 lator
1755 3196 2059 3248 celebratus
2083 3197 2226 3260 apud
2252 3197 2479 3247 Diodor.
2506 3197 2552 3258 Ι,
2576 3196 2663 3258 94,

1580 3269 1703 3331 ipsa
1735 3282 1872 3316 voce
1907 3267 1988 3316 sic
2025 3271 2385 3331 congruente,
2410 3271 2485 3327 α
2519 3233 2665 3329 apud

1580 3334 1919 3386 Herodotum
1951 3335 2112 3385 litera
2145 3334 2373 3384 initialis
2399 3332 2454 3380 Σ
2473 3334 2542 3382 ab
2570 3348 2666 3382 an-

1581 3405 1884 3454 tecedentis
1919 3405 2071 3454 vocis
2121 3404 2279 3452 litera
2317 3408 2558 3460 extrema
2594 3393 2665 3462 (ἷ-

1582 3469 1728 3534 oece)
1778 3474 2038 3536 absorpta
2090 3470 2342 3520 videatur
2388 3453 2663 3518 Hun'senio

1584 3541 1659 3590 ΙΙ.
1702 3555 1824 3605 pag.
1864 3541 1933 3589 ΩΟ
1968 3544 2138 3600 nott.‚
2184 3539 2277 3603 qui
2331 3538 2475 3587 idem
2511 3540 2662 3602 (pag.

1581 3610 1650 3659 86
1686 3612 1862 3672 seqq.)
1913 3609 2054 3657 hunc
2099 3608 2217 3656 sive
2263 3605 2504 3669 Asychin
2548 3608 2664 3656 sive

1581 3677 1876 3741 Sasychem
1925 3677 2125 3726 referre
2163 3675 2350 3725 studet
2393 3675 2461 3723 ad
2511 3691 2669 3740 quar-

1584 3752 1699 3795 tum
1736 3746 1933 3795 tertiae
1982 3745 2269 3808 dynastiae
2318 3759 2527 3808 regem,
2580 3745 2669 3794 cui

1582 3830 1776 3865 nomen
1833 3815 2047 3864 Mares·
2062 3813 2413 3864 Sesorcheres
2466 3814 2542 3863 11.
2592 3815 2663 3865 Η.

1583 3883 1834 3950 Brugseh
1870 3884 2084 3949 (Lettre
2132 3883 2165 3933 a
2208 3884 2312 3933 ΜΓ.
2362 3881 2429 3932 de
2477 3883 2668 3948 Rouge

1586 3960 1693 4004 etc.
1712 3969 1837 4019 pag.
1864 3953 1953 4017 32)
1981 3954 2245 4004 Graecum
2272 3966 2468 4002 nomen
2497 3952 2553 4001 in
2573 3968 2668 4017 pa-

1583 4039 1720 4106 pyro
1755 4022 1983 4087 bilingui
2012 4013 2333 4086 Ψενάσυχις
2356 4020 2462 4071 hnc
2485 4022 2669 4083 refert,

1586 4095 1625 4143 i.
1680 4108 1727 4142 e.
1776 4093 1931 4154 filium
1980 4091 2216 4156 Asychis.
2308 4090 2392 4139 De
2454 4091 2509 4139 V
2505 4093 2676 4140 aleam

1587 4160 1787 4225 templo
1826 4161 1968 4210 conf.
2007 4161 2086 4221 ΙΙ,
2122 4159 2192 4210 99
2226 4158 2320 4210 fin.
2358 4161 2414 4207 et
2449 4157 2516 4210 de
2551 4175 2671 4224 pro-

1586 4230 1797 4310 pylapis
1831 4229 2037 4292 11,101
2077 4229 2262 4293 ibique
2296 4231 2436 4277 nott.

1656 4291 1874 4356 τόπους
1897 4312 1956 4346 τε
1985 4288 2455 4362 ἐγγεγλυμμένους
2478 4323 2543 4331 -
2571 4309 2673 4358 μυ-

1589 4366 1742 4434 ρίην]
1777 4368 1813 4418 i.
1853 4383 1899 4418 e.
1938 4363 2122 4417 habent
2151 4368 2351 4429 staurus
2396 4368 2675 4427 insculptae

2120 4444 2253 4504 47*
