3109 5092
1006 335 1138 396 AD
1187 334 1701 399 HERODOT.
1746 336 1830 409 Π,
1876 343 1965 397 53.
2495 336 2619 398 857

351 514 612 568 maiorum
651 532 714 566 ac
745 514 887 564 fama
908 509 1152 562 diversis
1175 508 1313 562 locis
1336 510 1559 563 diverse
1594 512 1788 561 essent
1808 524 2005 579 sparsa
2026 524 2090 560 ac
2111 507 2480 578 disseminata,
2518 516 2616 564 aut

352 600 589 652 carmine
627 616 737 652 uno
773 594 1300 666 comprehenderent
1332 613 1395 648 ac
1430 594 1699 647 disertius
1734 597 2111 663 exponerent,
2161 594 2308 664 quod
2330 596 2613 649 Hesiodus

351 685 514 751 fecit,
554 688 652 736 ant
672 684 751 736 ita
787 684 1050 734 ornarent
1077 686 1134 731 et
1154 680 1221 731 ad
1251 686 1451 732 certam
1484 679 1752 731 rationem
1781 677 2217 745 constituerent,
2266 684 2328 731 ut
2349 680 2477 731 inde
2514 699 2613 749 pro

352 768 568 822 modulo
605 786 669 820 ac
699 765 892 835 regula
921 765 1139 817 fabulae
1163 765 1499 817 haberentur
1534 764 1683 833 apud
1715 767 2006 833 posteros,
2057 763 2204 833 quod
2240 763 2296 815 in
2320 764 2613 817 Homerum

351 854 585 920 cadere,
626 853 754 922 quis
795 868 904 904 non
940 849 1224 902 videat?“
1269 850 1448 912 Quam
1470 848 1679 917 Heynii
1718 847 2046 901 sententiam
2090 848 2316 900 uberius
2358 849 2615 917 exposuit

352 937 811 1008 amplificavitque
849 935 1113 988 Creuzer.
1152 934 1424 1005 (Symbol.
1449 935 1493 985 1.
1532 936 1673 1003 p.73
1694 951 1851 1003 seqq.
1895 935 1962 992 77
1998 932 2120 986 coll.
2162 933 2345 985 Wien.
2382 933 2610 988 Jahrbb.

350 1023 494 1077 LXI.
519 1041 575 1093 p.
595 1021 742 1089 182),
771 1023 840 1074 ad
862 1020 1533 1089 anthropomorphisticam
1555 1018 1700 1071 illam
1724 1034 1885 1088 quam
1909 1034 2079 1087 supra
2100 1017 2213 1070 dixi
2235 1018 2459 1070 deorum
2483 1038 2613 1072 con-

348 1106 722 1160 formationem
758 1108 826 1159 ab
860 1105 944 1157 his
980 1104 1161 1174 poetis
1195 1106 1493 1173 perfectam
1527 1103 1869 1174 potissimum
1911 1103 2234 1172 respiciens.
2303 1102 2502 1173 Neque
2543 1106 2612 1156 ab

349 1192 448 1244 hac
475 1192 753 1244 sententia
774 1190 1056 1244 admodum
1079 1189 1373 1242 discedunt
1396 1207 1486 1255 ea,
1524 1205 1669 1259 quae
1694 1192 2015 1241 statuerunt
2035 1187 2348 1240 Griineisen
2374 1188 2578 1260 (rugen
2599 1208 2614 1241 ε

346 1277 668 1330 zeitschrift
706 1278 746 1328 f.
787 1277 977 1328 histor.
1002 1274 1272 1342 Theolog.
1312 1275 1414 1343 111,
1439 1281 1473 1332 2
1508 1292 1564 1343 p.
1588 1274 1716 1341 42),
1760 1272 2146 1324 Wachsmuth:
2179 1271 2398 1326 Hellen.
2432 1272 2612 1326 Alter-

348 1361 716 1414 thumskunde
740 1361 813 1429 Π,
830 1367 884 1421 2.
910 1378 964 1428 p.
980 1363 1078 1424 91,
1113 1358 1314 1411 Ulrici:
1339 1358 1673 1411 Geschichte
1695 1358 1795 1410 der
1810 1356 2009 1409 hellen.
2034 1356 2370 1409 Dichtkunst
2390 1358 2436 1409 Ι.
2463 1377 2518 1428 p.
2543 1362 2613 1418 70

346 1446 468 1499 coll.
496 1446 706 1498 Caesar
740 1445 829 1497 in:
862 1443 1182 1497 zeitschrift
1219 1445 1259 1496 f.
1280 1441 1942 1496 Alterthumswissensch.
1970 1446 2126 1502 1840.
2149 1445 2345 1511 p.690,
2379 1443 2610 1514 ipseque

345 1530 569 1586 Lobeck
603 1531 692 1582 in:
734 1528 1084 1599 Aglaopham.
1122 1531 1316 1598 p.347‚
1351 1545 1461 1598 quo
1499 1532 1725 1581 auctore
1758 1527 2078 1580 Herodotus
2121 1526 2275 1597 „hoc
2308 1529 2607 1596 contendit,

344 1615 561 1668 fabulas
581 1614 705 1667 illas
739 1614 837 1685 (de
860 1615 1084 1667 deorum
1109 1613 1334 1680 natura)
1373 1613 1576 1683 passim
1609 1612 1757 1665 nullo
1798 1611 2067 1680 locuplete
2101 1616 2326 1665 auctore
2357 1611 2609 1681 vulgatas

342 1718 523 1770 neque
555 1700 837 1752 literarum
869 1699 1233 1752 monumentis
1261 1698 1543 1750 mandatas
1579 1704 1693 1750 tum
1715 1696 1925 1749 demum
1946 1696 2183 1749 radicari
2213 1702 2270 1749 et
2302 1697 2610 1752 inolescere

342 1785 624 1854 coepisse,
659 1801 826 1854 quum
847 1784 1079 1837 duorum
1105 1783 1565 1836 nobilissimorum
1599 1786 1882 1852 poetarum
1907 1781 2079 1834 veluti
2104 1781 2322 1851 publico
2362 1783 2609 1835 testimo-

343 1871 434 1923 nio
471 1876 665 1922 essent
695 1876 941 1922 ornatae.
1008 1868 1129 1921 Hos
1167 1868 1371 1937 igitur,
1417 1867 1515 1937 qui
1551 1867 1821 1936 quandam
1846 1866 1927 1918 rei
1964 1865 2232 1919 fabularis
2256 1867 2417 1936 quasi
2441 1867 2608 1920 disci-

340 1955 542 2025 plinam
575 1954 969 2020 condiderunt,
1006 1951 1074 2004 ad
1098 1969 1241 2022 quos
1266 1952 1548 2021 omnibus,
1587 1950 1685 2021 qui
1712 1950 1780 2003 de
1818 1950 2041 2003 deorum
2071 1951 2338 2022 progenie
2369 1956 2426 2005 et
2459 1952 2610 2006 vitae

340 2040 554 2092 actione
578 2044 883 2109 quaerunt,
921 2044 1182 2107 tanquam
1206 2037 1275 2090 ad
1309 2037 1514 2107 primos
1543 2037 1730 2088 fontes
1764 2036 2158 2089 recurrendum
2201 2042 2317 2103 est,
2355 2036 2609 2090 Herodo-

339 2132 433 2178 tus
466 2124 659 2177 merito
682 2122 1037 2192 Theogoniae
1062 2121 1435 2175 Graecanicae
1470 2126 1728 2174 auctores
1763 2120 2120 2190 appellavit.“
2175 2120 2399 2174 Minime
2434 2122 2609 2190 igitur

340 2209 474 2263 deos
499 2210 838 2261 Graecorum
875 2208 1212 2260 invenerunt
1242 2206 1321 2258 illi
1342 2211 1567 2277 poetae,
1617 2206 1716 2259 sed
1738 2222 1879 2275 quae
1901 2205 1977 2256 sit
2008 2205 2350 2273 singulorum
2385 2205 2607 2260 deorum

338 2294 511 2361 ratio,
547 2294 644 2363 qui
674 2298 861 2359 ortus,
894 2309 1034 2361 quae
1062 2292 1348 2360 cognatio,
1387 2291 1483 2360 qui
1505 2292 1758 2357 habitus,
1797 2307 1940 2359 quae
1960 2290 2161 2358 forma,
2204 2308 2346 2361 quae
2382 2308 2609 2345 munera

341 2384 397 2432 et
429 2379 725 2445 attributa,
780 2378 915 2430 haec
951 2377 1130 2428 omnia
1162 2376 1320 2445 primi
1355 2375 1436 2428 illi
1471 2376 1887 2429 constituerunt
1909 2379 1964 2427 et
1998 2375 2360 2429 excoluerunt
2391 2376 2500 2445 ita,
2546 2383 2608 2431 ut

339 2464 473 2516 haec
496 2464 564 2515 ab
593 2462 736 2532 ipsis
766 2461 972 2515 tradita
996 2467 1053 2514 et
1086 2461 1248 2531 quasi
1271 2460 1490 2513 condita
1524 2460 1817 2530 disciplina
1851 2461 1919 2513 de
1940 2460 2053 2513 diis
2074 2461 2131 2513 in
2155 2466 2438 2530 posterum
2460 2463 2607 2532 apud

340 2551 588 2601 Graecos
626 2547 970 2617 potissimum
1008 2546 1302 2598 obtineret.
1355 2545 1554 2615 Neque
1582 2545 1739 2597 aliam
1759 2547 1875 2598 sere
1900 2546 1966 2598 de
2001 2545 2086 2597 his
2117 2546 2445 2598 sententiam
2479 2547 2609 2599 tulit

336 2632 567 2686 Nitzsch
589 2631 998 2701 (Sagenpoesie
1024 2630 1124 2684 der
1148 2630 1422 2683 Griechen
1450 2649 1505 2701 p.
1535 2629 1699 2697 302),
1737 2629 1898 2682 cuius
1932 2630 2102 2681 verba
2125 2629 2233 2681 huc
2264 2630 2604 2698 potissimum

337 2716 647 2787 spectantia
675 2733 971 2786 apponam:
1024 2715 1144 2784 „Es
1167 2714 1321 2782 giebt
1356 2713 1556 2767 keinen
1600 2714 1808 2767 alteren
1834 2713 2269 2766 Gewihrsmann
2291 2714 2383 2767 ffir
2407 2712 2496 2767 die
2517 2715 2607 2768 bei

335 2803 442 2855 den
477 2801 747 2853 Hellenen
786 2800 1042 2868 geltende
1071 2798 1430 2866 Vorstellung
1468 2799 1583 2851 und
1619 2797 1979 2866 Darstellung
2017 2797 2117 2850 der
2152 2798 2487 2851 Giitterwelt
2523 2800 2605 2852 als

332 2887 538 2939 Homer
563 2886 675 2937 und
699 2884 943 2953 Hesiod3
979 2884 1062 2937 sie
1093 2883 1268 2935 haben
1304 2884 1394 2936 die
1416 2884 1509 2936 bei
1533 2883 1638 2936 den
1668 2882 1944 2936 Griechen
1981 2881 2238 2951 geltende
2262 2883 2486 2936 Gestalt
2506 2885 2607 2938 der

335 2969 671 3022 Gotterwelt
703 2970 1078 3038 ausgeprfigt,
1123 2985 1230 3020 von
1278 2968 1442 3021 ihnen
1483 2969 1561 3020 ist
1593 2968 1681 3020 die
1719 2967 2082 3035 Darstellung
2113 2967 2213 3021 der
2249 2967 2603 3037 Giitterwelt‚

332 3055 422 3108 die
454 3055 542 3107 bei
567 3055 671 3108 den
697 3054 970 3108 Griechen
996 3054 1074 3106 ist
1099 3057 1204 3106 etc.
1243 3057 1327 3125 (p.
1349 3052 1512 3112 5441.
1540 3053 1671 3119 l.).“
1757 3052 1863 3104 His
1899 3052 2137 3121 denique
2171 3051 2373 3105 addere
2406 3053 2605 3124 placet,

332 3157 474 3210 quae
505 3139 791 3193 Iacobsius
827 3138 1198 3211 (vermischte
1218 3138 1499 3191 Schriften
1521 3138 1617 3189 vl.
1643 3155 1698 3207 p.
1721 3136 1852 3204 157)
1894 3136 1962 3190 de
1988 3142 2107 3190 tota
2140 3138 2241 3190 hac
2276 3140 2607 3206 quaestione

332 3226 660 3294 gravissima
690 3243 821 3277 vere
856 3242 920 3277 ac
957 3228 1105 3277 recte
1144 3224 1373 3276 statuit=
1423 3223 1579 3290 „Der
1596 3222 1812 3275 Glaube
1843 3240 1913 3275 an
1937 3222 2035 3275 das
2054 3223 2261 3276 Dasein
2286 3222 2385 3275 der
2404 3224 2607 3277 Gotter

332 3310 446 3362 und
483 3310 572 3362 die
609 3309 1062 3377 mannigfaltigen
1087 3308 1326 3376 Fabeln,
1377 3307 1467 3360 die
1503 3307 1602 3359 mit
1634 3305 1839 3360 diesem
1874 3306 2129 3365 Glauben
2168 3309 2604 3360 zusammenhin-

332 3411 440 3462 gen
459 3433 475 3460 ,
518 3410 637 3446 war
658 3392 979 3445 vol-handen
999 3430 1014 3457 ‚
1050 3391 1148 3443 ehe
1171 3392 1344 3444 durch
1368 3391 1474 3443 den
1497 3390 1902 3443 Troianischen
1926 3390 2103 3458 Krieg
2129 3390 2218 3442 die
2250 3391 2605 3443 verschiede-

332 3495 440 3529 nen
478 3477 716 3529 stimme
768 3475 869 3527 der
907 3473 1178 3526 Hellenen
1225 3475 1502 3541 vereinigt
1543 3474 1658 3525 und
1709 3473 1955 3526 dadurch
2000 3474 2086 3526 ein
2130 3472 2448 3526 Austausch
2490 3475 2604 3527 und

331 3561 697 3629 Vergleichen
727 3559 827 3612 der
846 3557 1300 3625 mannigfaltigen
1318 3597 1333 3624 ‚
1373 3557 1461 3609 bei
1485 3556 1660 3608 iedem
1683 3557 1913 3609 Stamme
1944 3557 2081 3610 iiber
2106 3555 2197 3609 die
2219 3557 2421 3611 Giitter
2450 3559 2604 3611 herr-

331 3646 612 3699 schenden
649 3643 981 3709 Ansichten,
1027 3641 1235 3694 Fabeln
1284 3642 1395 3694 und
1433 3640 1763 3693 Gebriiuche
1801 3640 2036 3709 miiglich
2070 3641 2280 3693 wurde.
2346 3642 2460 3695 Der
2493 3643 2603 3695 Zu-

330 3730 713 3798 sammenhang
746 3728 928 3781 dieser
962 3725 1296 3779 Giitterwelt
1327 3726 1493 3793 aber,
1537 3725 1657 3777 ihre
1692 3724 2113 3793 Abstammung,
2162 3725 2250 3777 die
2281 3725 2603 3781 Hierarchie

328 3817 479 3869 ihrer
500 3812 963 3868 Weltherrschaft
998 3811 1112 3864 und
1141 3811 1230 3864 die
1254 3809 1619 3878 Vertheilung
1642 3810 1742 3862 der
1766 3809 1985 3863 Aemter
2022 3827 2139 3863 war
2174 3809 2413 3863 deutlich
2463 3813 2603 3865 noch

331 3901 483 3953 nicht
505 3900 743 3954 erkannt
759 3938 774 3966 ,
816 3898 903 3950 bis
925 3897 1133 3950 Homer
1158 3896 1270 3949 und
1292 3895 1504 3949 Hesiod
1526 3895 1633 3947 den
1666 3895 1886 3947 reichen
1919 3895 2068 3947 Stoff
2092 3895 2192 3947 der
2213 3893 2461 3949 Vorwelt
2484 3897 2604 3949 klar

328 3985 732 4038 iiberschauten
786 3983 899 4034 und
944 3982 1101 4033 iener
1144 3981 1235 4032 ihn
1277 3981 1450 4034 durch
1493 3980 1809 4049 geschickte
1846 3978 2215 4047 Anwendung
2248 3978 2305 4030 in
2351 3982 2601 4051 mannig-

328 4068 552 4135 faltiger
580 4067 883 4135 Handlung
916 4065 1209 4134 gleichsam
1243 4066 1513 4133 beseelte,
1554 4063 1740 4118 dieser
1777 4065 1952 4117 durch
1982 4063 2307 4132 Darlegung
2339 4064 2437 4118 der
2461 4066 2603 4119 Ent-

330 4152 568 4220 stehung
609 4152 721 4203 und
741 4151 1137 4218 Abstammung
1169 4150 1270 4202 der
1299 4149 1587 4202 einzelnen
1610 4149 1899 4203 Elemente
1942 4148 2098 4201 ienes
2121 4149 2331 4201 Stoffes
2371 4150 2463 4202 ihn
2502 4150 2601 4202 der

327 4235 762 4301 Vergessenheit
799 4235 1025 4288 entriss.
1093 4233 1347 4287 Herodot
1369 4235 1578 4287 konnte
1611 4231 1730 4286 also
1764 4232 1911 4286 wohl
1942 4232 2038 4285 mit
2056 4232 2234 4286 Recht
2266 4250 2466 4301 sagen,
2507 4233 2599 4285 die

326 4323 643 4387 genannten
682 4319 906 4371 Dichter
943 4318 1135 4371 hiitten
1173 4318 1276 4370 den
1313 4318 1582 4370 Hellenen
1626 4317 1749 4369 eine
1786 4318 1927 4370 The
1946 4317 2205 4385 ogonie
2249 4317 2596 4385 gemacht,

326 4403 416 4458 die
443 4403 631 4457 friiher
665 4401 814 4456 nicht
846 4402 1160 4456 vorhanden
1185 4418 1334 4470 war,
1373 4419 1474 4455 aus
1497 4403 1832 4471 gegebenem
1854 4401 2033 4454 Stoffe
2060 4400 2360 4467 uatiirlich,
2403 4418 2465 4454 so
2485 4401 2593 4454 wie
