3109 5092
448 361 574 424 350

1302 363 1846 430 HERODOTI

196 568 217 604 ι’,
314 549 432 610 179
447 540 621 628 τρισὶ
655 538 1062 609 δακτύλοισι.
1138 551 1274 609 Δεῖ
1298 538 1384 629 δή
1423 566 1505 628 με
1535 537 1702 629 πρὸς
1730 538 2033 632 τᾴύτοισι
2064 536 2467 628 ἐπιφράσαι,
2510 540 2624 605 ἵνα
2651 562 2722 603 τε

449 643 522 709 ἐκ
549 648 663 730 τῆς
687 643 952 731 τάφρου
982 638 1021 732 ἡ
1050 648 1135 731 γῆ
1175 641 1642 731 ἀναισιμώθη,
1686 643 1798 712 καὶ
1833 639 1907 710 τὸ
1951 657 2164 729 τεῖχος
2202 637 2436 711 ὅντινα
2473 637 2724 728 τρόπον

448 745 752 834 ἔργαστο.
832 743 1230 835 ὀρύσσοντες
1271 743 1406 836 ἅμα
1461 743 1584 835 τὴν
1640 745 1902 834 τάφρον
1958 747 2372 815 ἐπλίνθευον
2426 739 2551 830 τὴν
2595 746 2723 829 γῆν

444 843 569 936 τὴν
615 852 688 918 ἐκ
728 854 849 917 τοῦ
879 846 1252 941 ὀρύγματος
1292 852 1787 937 ἐκφερομένην·
1847 847 2250 928 ἑλκύσαντες
2283 847 2358 916 δὲ
2389 852 2722 923 πλίνθους

444 1013 554 1063 vid.
574 1014 819 1079 inprimis
840 1017 1092 1067 Boeckh:
1116 1017 1407 1084 Metrolog.
1421 1017 1533 1068 Un-

448 1084 685 1134 tersuch.
714 1100 768 1148 p.
795 1085 896 1135 213
926 1103 1099 1152 seqq„
1138 1089 1232 1152 qui
1253 1095 1403 1138 recte
1423 1103 1534 1136 mo·

448 1153 592 1216 nuit,
648 1147 750 1202 τὸν
802 1153 1032 1219 μέτριον
1092 1154 1282 1220 πῆχυν
1335 1157 1423 1207 hic
1466 1156 1533 1205 de

447 1223 718 1272 communi
757 1225 1084 1274 Graecorum
1134 1226 1318 1276 cubito
1367 1241 1533 1275 unum

449 1291 793 1356 Olympicum
825 1296 1016 1357 pedem
1057 1299 1111 1344 et
1145 1295 1427 1344 dimidium
1458 1294 1533 1344 al-

446 1361 616 1409 terius
653 1361 1046 1426 complectente
1074 1381 1193 1413 esse
1226 1363 1533 1429 intelligen-

449 1428 600 1478 dum:
640 1446 746 1494 quo
776 1432 895 1494 ipso
927 1434 1102 1483 tribus
1122 1434 1363 1498 dactylis
1389 1434 1534 1500 quod

448 1499 621 1547 maior
662 1499 863 1549 dicitur
910 1503 1126 1553 cubitus
1173 1503 1382 1568 regius,
1442 1504 1535 1569 qui

446 1567 588 1617 idem
625 1574 709 1617 est
758 1576 921 1635 atque
958 1571 1322 1637 Babylonius,
1376 1573 1430 1622 id
1466 1573 1533 1622 de

446 1636 579 1701 ipsis
616 1639 779 1703 regiis
818 1656 1033 1706 quoque
1068 1642 1303 1707 dactylis
1340 1643 1534 1707 proba·

447 1706 628 1755 biliter
663 1708 766 1757 erit
809 1709 1250 1777 intelligendum,
1299 1715 1361 1762 ut
1396 1713 1533 1762 bene

446 1775 588 1825 vidit
622 1777 843 1828 Boeckh
883 1785 1047 1845 atque
1079 1781 1380 1832 Bertheau:
1424 1783 1533 1832 Zur

447 1845 643 1896 Gesch.
681 1847 732 1897 d.
770 1849 1004 1901 Israelit.
1044 1869 1098 1916 p.
1139 1852 1206 1902 78
1243 1866 1388 1917 seq.,
1440 1852 1534 1916 qui

448 1915 687 1965 cubitum
754 1917 1033 1983 vulgarem
1097 1921 1298 1971 habere
1357 1921 1532 1971 lineas

447 1985 623 2035 Paris.
664 1987 766 2037 204
815 1987 892 2052 (et
929 1991 1073 2054 quod
1109 1990 1398 2054 excurrit),
1448 2005 1531 2040 re-

448 2055 597 2118 gium
633 2070 677 2106 s.
697 2056 1059 2122 Babylonium
1095 2059 1197 2111 233
1233 2060 1408 2110 lineas
1431 2062 1533 2110 Pa-

448 2124 542 2173 ris.
602 2130 656 2173 et
711 2126 854 2189 quod
911 2131 1173 2190 excurrit,
1236 2130 1532 2179 arbitratus

449 2198 558 2255 est,
599 2209 916 2261 omnemque
941 2198 1298 2249 differentiam
1330 2200 1536 2248 utrius-

449 2277 553 2327 que
601 2264 773 2313 cubiti
818 2267 889 2316 ad
930 2284 1182 2319 numeros
1218 2268 1351 2317 VII:
1396 2267 1533 2317 VIII

450 2334 815 2384 revocandam
870 2352 1008 2388 esse.
1101 2337 1242 2386 Add.
1306 2338 1535 2387 eundem

450 2403 689 2453 Boeckh.
710 2405 792 2453 in:
818 2406 1271 2457 Monatsbericbt.
1294 2406 1346 2456 d.
1361 2407 1532 2457 Acad.

452 2471 504 2523 d.
533 2473 867 2525 Wissensch.
908 2493 975 2527 zu
999 2478 1143 2528 Berl.
1180 2476 1332 2527 1854.
1370 2477 1533 2528 Febr.

451 2557 505 2606 p.
532 2543 599 2592 77
623 2559 774 2609 seqq.
813 2545 881 2594 85)
907 2563 1060 2612 seqq.
1098 2552 1152 2596 et
1182 2547 1326 2597 conf.
1367 2549 1533 2596 etiam

451 2610 711 2732 {begewelz
780 2615 973 2667 Kleine
1025 2617 1249 2668 Schrift.
1302 2633 1355 2681 p.
1415 2616 1530 2667 109.

762 2857 895 2906 Car.
934 2858 1227 2907 CLXXIX.

522 2953 638 3006 ἵνα
693 2972 749 3006 τε
818 2947 877 3006 ἐκ
934 2957 1032 3023 τῆς
1091 2949 1315 3022 τάφρου
1372 2950 1406 3024 ἡ
1466 2955 1535 3023 γῆ

451 3017 941 3092 ἀναισιμώθη]
1006 3024 1104 3076 ἵνα
1157 3027 1245 3077 hic
1298 3022 1538 3077 τοπικὸν

452 3111 572 3146 esse
605 3111 762 3146 nemo
795 3096 999 3158 nescit,
1039 3097 1155 3146 sive
1182 3097 1420 3162 accipias
1458 3097 1544 3146 ubi

453 3167 571 3216 sive
606 3180 833 3230 ᾳιιοπαηι,
874 3173 910 3214 1.
930 3181 976 3217 e.
1007 3182 1147 3230 quem
1182 3169 1232 3215 in
1266 3182 1431 3226 αειαιις
1472 3167 1539 3216 de

453 3249 561 3300 quo
591 3232 837 3299 disputat
861 3234 1299 3299 Schweighaeus.
1327 3237 1382 3285 in
1402 3237 1535 3288 Lex.

451 3304 656 3355 Herod.
706 3319 750 3353 s.
790 3321 842 3353 ν.
920 3306 1005 3354 Τιι
1052 3305 1160 3355 vid.
1211 3305 1413 3355 Herod.
1463 3307 1537 3366 11,

457 3374 574 3425 150.
617 3373 722 3437 III,
755 3374 788 3425 6
826 3375 1007 3439 ibique
1042 3379 1182 3425 nott.
1219 3406 1289 3414 —--
1322 3365 1540 3423 ἀναισι-

453 3441 606 3508 μοῦν
639 3443 823 3494 eodem
856 3445 1134 3495 insumendi
1156 3443 1468 3510 significatu
1492 3445 1538 3507 1,

455 3513 575 3567 179.
612 3514 708 3572 IV,
749 3513 831 3565 35.
873 3513 996 3563 coll.
1021 3515 1065 3577 1,
1091 3515 1177 3568 72.
1217 3515 1292 3576 11,
1335 3514 1417 3565 11.
1450 3514 1536 3566 31.

456 3583 557 3633 125
592 3588 698 3634 etc.
782 3583 982 3633 Confer
1026 3589 1311 3649 praeterea
1340 3586 1537 3635 Zonar.

451 3653 1538 3843 {gamas¹2¹0ffif‘322‘3035ss1‘3532:

523 3851 873 3909 ἐπλίνθευον
909 3852 1017 3925 τὴν
1074 3857 1160 3924 ’ἦν
1195 3851 1300 3924 τὴν
1339 3849 1397 3908 ἐκ
1438 3856 1539 3908 τοῦ

449 3919 771 3992 ὀρύγματος
796 3919 1042 3992 ἔκφερομ
1076 3927 1204 3994 νην]
1234 3929 1538 3979 Articulum

452 3992 558 4061 τήν
592 4002 717 4062 post
753 3996 861 4061 γῆν
898 4014 928 4048 e
962 3998 1115 4048 libris
1155 4014 1277 4049 cum
1306 4003 1536 4049 recentt.

452 4065 800 4117 adscivimus.
852 4097 921 4106 —
963 4067 1030 4116 In
1078 4067 1306 4133 planitie
1361 4073 1535 4128 tanta,

451 4134 627 4200 qualis
682 4139 768 4184 est
820 4135 1184 4201 Babylonica,
1250 4137 1539 4188 defuerunt

448 4205 640 4269 utique
675 4202 915 4269 lapides,
973 4205 1044 4255 ad
1087 4206 1414 4257 exstruenda
1451 4222 1539 4257 ae-

450 4274 634 4324 dificia
667 4275 809 4337 apti,
861 4274 955 4337 qui
998 4290 1106 4324 non
1154 4275 1261 4324 uisi
1298 4291 1327 4324 e
1364 4276 1538 4341 regio-

450 4343 608 4394 nibus
665 4343 1180 4407 septentrionalibus
1242 4345 1535 4395 secundum

448 4411 783 4478 Euphratem
843 4413 1064 4463 fluvium
1128 4411 1321 4463 advehi
1387 4418 1537 4478 pote-

1635 1020 1776 1068 rant.
1849 1014 1955 1065 Sed
1984 1014 2110 1064 huic
2145 1012 2486 1065 incommodo
2521 1010 2611 1061 vel
2643 1010 2724 1059 in-

1637 1084 1794 1150 opiae
1832 1085 2049 1149 egregie
2095 1085 2219 1149 ipsa
2263 1088 2463 1133 natura
2505 1095 2725 1146 prospe-

1637 1153 1743 1214 xit3
1792 1153 2034 1218 lapidum
2071 1155 2213 1203 euim
2260 1153 2382 1203 loco
2428 1150 2541 1200 illic
2576 1150 2725 1198 iuve-

1637 1224 1784 1273 nitur
1827 1224 2034 1287 optima
2095 1229 2243 1273 terra
2287 1221 2563 1283 latericia,
2616 1234 2725 1284 qua

1635 1292 1725 1342 vel
1771 1298 1919 1342 tosta
1964 1293 2065 1343 sub
2112 1292 2256 1355 sole,
2316 1291 2406 1341 vel
2457 1293 2615 1339 cocta
2667 1289 2724 1337 iu

1638 1362 1865 1412 caminis
1900 1361 2103 1412 lateres
2137 1368 2249 1411 tam
2288 1360 2450 1411 solidi
2477 1358 2725 1422 firmique

1638 1431 2028 1493 conficiuntur,
2096 1436 2160 1480 ut
2211 1430 2480 1495 hodieque
2540 1442 2724 1478 eorum

1636 1501 1834 1550 rudera
1904 1502 2208 1565 supersint,
2275 1497 2722 1563 inscriptionibus

1636 1570 1864 1634 integris
1901 1569 2038 1620 adeo
2065 1570 2294 1636 repleta.
2366 1568 2430 1618 Id
2468 1566 2613 1632 quod
2644 1582 2724 1615 re-

1637 1641 1906 1689 centiores
1952 1639 2387 1704 peregrinator-es
2435 1637 2571 1686 satis
2603 1651 2724 1701 pro-

1635 1708 1852 1759 barunt.
1936 1709 2095 1759 Cous.
2135 1709 2369 1758 Heeren.
2408 1707 2463 1769 1,
2503 1708 2555 1756 2.
2593 1720 2721 1770 pag.

1639 1778 1737 1828 147
1788 1778 1912 1828 coll.
1949 1780 2216 1828 Muenter.
2267 1777 2304 1827 l.
2358 1776 2395 1826 l.
2442 1791 2571 1841 pag.
2624 1775 2716 1824 121

1634 1862 1784 1913 seqq.
1838 1848 1957 1898 126.
2045 1849 2226 1909 Quare
2270 1862 2339 1896 ne
2387 1844 2596 1895 mireris
2644 1848 2725 1892 ta-

1630 1916 1741 1966 lem
1775 1918 2061 1967 materiam
2097 1917 2325 1967 aedibus
2359 1913 2630 1964 struendis
2669 1916 2725 1962 et

1635 1986 1974 2050 aptissimam
2022 1992 2080 2035 et
2127 1991 2328 2036 natura
2381 1985 2508 2049 ipsa
2565 1982 2723 2048 quasi

1636 2055 1865 2116 editam3
1904 2055 2006 2105 hoc
2043 2056 2281 2105 fortasse
2320 2054 2494 2118 magis
2530 2052 2723 2101 mirum

1633 2125 1808 2175 videri
1844 2128 2033 2189 queat,
2077 2123 2398 2189 Babyloniis
2438 2121 2720 2182 lateribus,

1636 2195 1729 2260 qui
1784 2194 2189 2245 characteribus
2254 2194 2533 2243 literarum
2591 2191 2725 2240 insi-

1637 2279 1772 2328 gnes
1809 2264 1997 2314 crebro
2036 2263 2214 2313 adhuc
2235 2264 2613 2322 inveniuntur,
2655 2259 2725 2308 si-

1638 2332 1792 2382 miles
1850 2333 2077 2398 reperiri
2135 2334 2191 2382 in
2237 2332 2536 2397 hypogaeis
2586 2329 2726 2379 The-

1635 2402 1809 2452 baicis
1837 2408 1892 2452 et
1922 2404 2067 2467 ipsos
2093 2401 2267 2452 literis
2295 2401 2558 2466 insignes.
2607 2399 2722 2448 Mo-

1635 2472 1757 2521 nuit
1796 2473 1892 2525 Gr.
1945 2488 2011 2521 ex
2060 2470 2294 2522 Iomard.
2346 2472 2400 2520 iu
2447 2468 2721 2531 Descript.

1638 2541 1704 2591 de
1739 2541 1981 2606 l'Egypt.
2017 2542 2227 2606 antiqq.
2260 2540 2383 2590 Vol.
2412 2540 2488 2590 11.
2515 2555 2569 2604 p.
2600 2537 2721 2589 368.

1636 2612 1720 2660 De
1784 2612 1910 2660 aliis
1982 2611 2242 2659 fictilibus
2298 2608 2724 2674 Babyloniorum

1636 2681 1890 2745 operibus
1936 2680 2079 2730 idem
2124 2679 2315 2729 laudat
2360 2677 2624 2729 Paciaudi
2668 2677 2725 2725 iu

1636 2750 1932 2800 Monumm.
1978 2748 2278 2816 Peloponn.
2316 2747 2405 2809 11,
2449 2748 2518 2798 39
2564 2752 2618 2796 et
2657 2745 2725 2795 de

1637 2819 2088 2884 inscriptionibus
2151 2818 2384 2868 laterum
2453 2817 2723 2866 Muenter.

1638 2889 1927 2954 Antiquar.
1977 2886 2268 2938 Abhandll.
2319 2902 2371 2951 p.
2423 2886 2520 2936 127
2571 2900 2722 2949 seqq.

1643 2959 1760 3009 135.
1834 2957 1975 3008 Add.
2017 2957 2153 3007 Rich
2189 2957 2225 3007 l.
2265 2971 2431 3020 supra
2465 2953 2504 3005 l.
2539 2969 2594 3018 p.
2627 2952 2722 3002 182

1641 3042 1793 3091 seqq.
1885 3026 2208 3076 Grotefeud:
2268 3026 2421 3075 Neue
2472 3023 2726 3087 Beitriige

1642 3111 1737 3145 zur
1753 3095 2025 3146 Erliiuter.
2051 3095 2103 3145 d.
2126 3094 2383 3159 babylon.
2407 3092 2705 3142 Keilschris
2706 3097 2722 3140 t

1642 3171 1747 3215 etc.
1800 3165 2113 3215 Hannover.
2178 3163 2332 3215 1840.
2387 3179 2437 3227 p.
2490 3161 2524 3211 6
2572 3178 2722 3227 seqq.

1642 3241 1719 3284 et:
1760 3234 2125 3299 Erliiuteruug
2160 3234 2255 3283 der
2281 3230 2728 3283 Keiliuschrifteu

1641 3304 1899 3369 babylon.
1923 3303 2269 3354 Backsteine.
2291 3303 2547 3352 HannoV.
2577 3301 2725 3350 1852.

1640 3375 1816 3438 Atque
1849 3373 1906 3421 in
1937 3373 2250 3422 universum
2286 3373 2354 3421 de
2384 3371 2468 3420 his
2493 3368 2730 3421 conferri

1643 3447 1926 3508 poterunt,
1986 3458 2126 3506 quae
2173 3441 2332 3491 affert
2373 3441 2554 3491 Ritter
2596 3439 2637 3490 l.
2687 3438 2728 3490 l.

1642 3528 1768 3577 pag.
1806 3511 1903 3562 881
1932 3526 2082 3576 seqq.
2133 3510 2352 3576 Layard
2385 3509 2420 3558 l.
2457 3509 2495 3560 l.
2522 3525 2577 3573 p.
2603 3507 2728 3559 499.

1643 3584 1742 3633 507
1766 3595 1880 3646 seq.
1909 3596 1973 3630 ac
1996 3581 2285 3645 praecipue
2311 3597 2362 3645 p.
2386 3578 2507 3632 531.
2570 3577 2730 3628 Ches-

1641 3667 1771 3716 ney:
1809 3649 2140 3714 Expedition
2172 3651 2256 3700 for
2277 3649 2367 3699 the
2395 3663 2595 3713 survey
2617 3653 2725 3697 etc.

1641 3721 1717 3771 11.
1764 3736 1819 3784 p.
1867 3719 1970 3771 604
2019 3735 2133 3783 scq.
2216 3717 2443 3769 Fresnel
2489 3717 2528 3769 l.
2585 3716 2622 3768 l.
2670 3732 2756 3782 p.-

1642 3793 1673 3842 7
1711 3804 1824 3853 seq.
1856 3788 1973 3849 73„
2012 3789 2105 3853 qui
2141 3787 2440 3853 Babylonis
2479 3800 2660 3836 muros
2697 3801 2729 3836 e

1639 3859 1864 3908 rudibus
1888 3857 2151 3908 lateribus
2176 3857 2392 3923 quidem
2421 3859 2728 3906 exstructos

1639 3928 1821 3992 ponit,
1872 3926 1969 3977 sed
2009 3927 2426 3991 superinductos
2464 3925 2729 3976 lateribus

1639 3998 1768 4064 igne
1827 3996 1999 4047 coctis
2059 4000 2226 4062 atque
2281 3995 2544 4046 bitumine
2601 4009 2728 4044 cou—

1641 4065 1863 4117 iunctis.

1709 4128 2042 4192 ἕλκύσαντες
2077 4128 2140 4184 δὲ
2161 4132 2469 4200 πλίνθους]
2508 4124 2730 4182 ἕλκύειν

1640 4203 1927 4262 πλίνθους
1974 4209 2175 4271 aequat
2223 4205 2338 4255 fere
2372 4204 2726 4253 Latinorum:

1640 4275 1826 4326 ducere
1879 4277 2098 4336 lateres,
2165 4274 2484 4324 Nostrates:
2557 4271 2733 4336 Zieyel

1637 4343 1906 4395 stt-eichen.
1969 4344 2086 4395 Nec
2123 4342 2377 4403 differunt
2415 4339 2728 4391 πλινθουλ-

1638 4406 1767 4480 κὸς,
1809 4405 2250 4482 πλινθουλκεῖν,
2290 4427 2430 4478 quae
2462 4427 2491 4460 e
2516 4409 2727 4461 Polluc.
