3109 5092
473 374 598 438 370
1342 357 1881 439 HER‘ODOTI

471 547 594 619 τὸν
619 546 992 637 Εὐφρήτην
1020 547 1358 637 ποταμὸν,
1408 557 1550 637 τρίς
1590 576 1662 618 τε
1704 546 1771 628 ἐς
1808 545 1934 635 τὴν
1977 543 2192 635 αὐτὴν
2225 545 2480 634 ταύτην
2520 546 2755 635 κώμην

474 659 958 741 παραγίνονται
1016 654 1129 721 καὶ
1183 648 1259 722 ἐν
1309 654 1488 741 τρισὶ
1543 648 1848 741 ἡμέρῃσι.
1922 655 2122 720 τοῦτο
2173 649 2298 739 μὲν
2349 647 2435 738 δὴ
2485 656 2752 720 τοιοῦτο

475 753 767 844 ἐποίησε.
875 759 1065 844 χῶμα
1105 755 1179 823 δὲ
1228 756 1579 846 παρέχωσε
1621 752 1768 844 παρ’
1814 753 2132 844 ἑκάτερον
2172 758 2294 822 τοῦ
2335 759 2636 842 ποταμοῦ
2677 750 2752 821 τὸ

473 868 721 947 χεῖλος,
762 854 951 939 ἄξιον
979 859 1369 946 θώυματος,
1411 857 1709 948 μέγαθος
1736 860 1847 926 καὶ
1876 854 2046 938 ὕψος
2092 852 2253 927 ὅσον
2289 862 2360 926 τί
2401 853 2561 926 ἐστι.
2630 883 2748 924 κα-

473 961 773 1050 τύπερθε
815 961 891 1029 δὲ
930 968 1154 1056 πολλῷ
1191 967 1600 1051 Βαβυλῶνος
1636 957 1900 1051 ὤρυσσε
1929 967 2210 1051 ἔλυτρον
2240 967 2477 1048 λίμνῃ,
2522 956 2753 1047 ὀλίγον

471 1093 535 1134 τι
578 1070 1074 1152 παρατείνουσα
1114 1062 1246 1134 ἀπὸ
1282 1071 1404 1135 τοῦ
1446 1070 1786 1153 ποταμοῦ,
1824 1062 2037 1153 βάθος
2066 1062 2189 1152 μὲν
2222 1060 2290 1143 ἐς
2320 1060 2395 1131 τὸ
2421 1059 2613 1151 ὕδωρ
2646 1058 2752 1131 ἀεὶ

474 1165 894 1254 ὀρύσσουσα,
944 1159 1139 1258 εὖρος
1174 1168 1251 1237 δὲ
1299 1167 1372 1237 τὸ
1417 1175 1821 1258 περίμετρον
1862 1163 2077 1235 αὐτοῦ
2117 1171 2403 1236 ποιεῦσα
2433 1172 2652 1235 εἴκοσί
2680 1192 2751 1234 τε

475 1273 586 1340 καὶ
614 1279 1065 1358 τετρακοσίων
1103 1276 1431 1340 σταδίων·
1487 1269 1608 1340 τὸν
1648 1270 1723 1339 δὲ
1761 1267 2220 1359 ὀρυσσόμενον
2258 1274 2428 1357 χοῦν
2472 1272 2547 1338 ἐκ
2591 1267 2747 1337 τού-

475 1400 598 1442 του
637 1377 760 1440 τοῦ
802 1369 1176 1462 ὀρύγματος
1223 1371 1617 1462 ἀναισίμου,
1674 1370 1853 1465 παρὰ
1893 1370 1975 1441 τὰ
2014 1379 2236 1461 χείλεα
2280 1377 2402 1441 τοῦ
2449 1377 2750 1460 ποταμοῦ

477 1477 922 1564 παραχέουσα.
985 1479 1136 1546 ἐπεί
1172 1504 1242 1545 τε
1288 1480 1369 1546 δέ
1398 1481 1467 1545 οἱ
1502 1474 1798 1566 ὤρυκτο,
1845 1484 2083 1556 λίθους
2122 1473 2539 1565 ἀγαγομένη,
2584 1502 2747 1565 κρη-

477 1583 643 1647 πῖὸα
681 1577 909 1671 κύκλῳ
953 1582 1105 1669 περὶ
1154 1578 1367 1668 αὐτὴν
1408 1577 1635 1667 ἤλασε.
1702 1577 1956 1649 Ἐποίεε
2001 1580 2074 1648 δὲ
2115 1576 2462 1668 ἀμφότερα
2516 1583 2749 1664 ταῦτα,

475 1776 607 1827 ferri
641 1792 751 1826 non
798 1791 959 1841 posse
988 1776 1449 1840 praepositionem
1485 1764 1559 1839 ἐς,

473 1845 615 1897 male
667 1847 928 1895 insertam
986 1848 1081 1895 aut
1132 1860 1290 1910 casu,
1338 1845 1422 1895 uti
1478 1843 1559 1906 fit,

473 1919 572 1967 aut
616 1915 956 1967 librariorum
998 1915 1240 1965 inscitia.
1314 1915 1423 1966 Sed
1469 1930 1564 1979 po-

473 1987 603 2036 terit
634 1981 1038 2043 καταπλέοντες
1073 1984 1162 2035 hic
1191 1986 1364 2050 accipi
1398 1999 1562 2034 sensu

473 2054 828 2120 praegnanti:
887 2055 1088 2119 quando
1132 2055 1206 2103 ad
1252 2055 1563 2117 Euphratem

475 2126 763 2173 devenerint
815 2129 887 2189 (s.
940 2124 1292 2174 descenderint
1341 2139 1370 2172 e
1424 2122 1560 2172 locis

475 2191 790 2255 altioribus,
848 2193 1148 2253 montibus,
1198 2208 1334 2257 quos
1383 2197 1560 2243 trans-

475 2261 732 2311 scendere
772 2261 1058 2325 oportebat
1106 2261 1559 2325 Mesopotamiam

476 2345 506 2380 e
542 2346 688 2380 mare
723 2329 1118 2381 mediterraneo
1146 2332 1438 2396 petentes),
1474 2347 1559 2381 eo-

474 2416 569 2466 que
597 2400 907 2465 Babylonem
931 2400 1185 2450 vehuntur.
1247 2400 1407 2450 Conf.
1439 2405 1554 2450 not.

473 2469 907 2534 praecedentem.
992 2470 1335 2535 Quapropter
1393 2470 1558 2519 miror

473 2538 829 2590 Letronnium
854 2538 1072 2603 (Journ.
1087 2540 1141 2590 d.
1161 2539 1373 2589 Savans
1398 2540 1554 2591 1807.

472 2624 526 2673 p.
568 2607 661 2672 48)
700 2607 877 2659 locum
922 2610 1003 2660 sic
1048 2610 1451 2672 emendantem,
1498 2614 1561 2659 ιιι

473 2683 597 2743 post
626 2671 918 2742 θαλάττης
956 2680 1361 2730 distinctionem
1391 2684 1563 2744 ponat

473 2762 700 2813 eamque
733 2752 947 2812 repetat
966 2755 1092 2814 post
1120 2747 1558 2809 καταπλέοντεςς

473 2832 580 2896 qup
631 2818 924 2895 iungentur
970 2817 1308 2882 κομίζωνται
1355 2809 1410 2875 ἐς
1455 2811 1560 2867 τὸν

474 2877 792 2949 Εὐφρήτην
828 2892 882 2936 et
916 2886 1326 2944 καταπλέοντες
1358 2878 1414 2944 ἐς
1448 2888 1559 2937 Βα-

474 2949 716 3019 βυλῶνα,
754 2953 857 3004 hoc
892 2971 1083 3007 sensu.
1132 2964 1182 3006 et
1215 2972 1342 3005 nanc
1376 2960 1462 3021 qui
1493 2956 1558 3005 ab

471 3021 563 3071 hoc
609 3030 780 3073 nostro
831 3027 962 3074 mari
994 3025 1303 3087 Euphratem
1342 3026 1564 3089 profecti

471 3091 690 3141 secundo
717 3092 915 3156 flumine
938 3093 1245 3159 Babylonem
1277 3109 1454 3145 versus
1474 3095 1562 3144 de-

471 3159 714 3211 vehuntur·
750 3168 830 3210 ter
861 3163 934 3211 ad
966 3165 1171 3213 candem
1207 3166 1378 3213 vicum.
1438 3164 1558 3226 Quo

473 3228 605 3295 quid
640 3228 927 3294 lucremur,
966 3230 1215 3297 equidem
1249 3232 1395 3283 haud
1427 3247 1560 3283 sane

472 3298 738 3363 intelligo.
843 3300 1023 3351 Unum
1086 3302 1189 3351 hoc
1248 3302 1558 3366 probamus,

472 3369 618 3436 quod
653 3370 708 3420 in
742 3367 990 3420 clausula
1025 3371 1179 3421 addit
1203 3372 1425 3422 verbum
1462 3386 1560 3421 κο-

469 3437 733 3504 μίζεσθαι
768 3455 875 3490 ιιοιι
922 3440 989 3490 de
1025 3441 1295 3491 maritimo
1341 3445 1559 3491 tantum

470 3510 666 3559 itincre
697 3510 946 3574 usurpari
981 3508 1068 3575 (ut
1102 3511 1178 3572 11,
1215 3509 1325 3590 60),
1363 3511 1459 3561 sed
1490 3512 1559 3561 de

472 3580 719 3629 terrestri
766 3594 1006 3645 quoqne,
1059 3585 1121 3630 ut
1166 3572 1248 3642 V,
1283 3580 1373 3631 98.
1426 3581 1556 3643 VII,

476 3649 591 3699 182.
627 3648 1125 3712 Add.V1‚16,ubi
1155 3617 1374 3699 additur
1399 3647 1554 3714 πεζή,

471 3722 527 3767 et
567 3718 726 3779 VIII,
778 3718 875 3769 107
925 3719 1109 3784 ibique
1153 3724 1293 3768 nott.
1332 3749 1402 3758 —
1447 3721 1555 3769 Pro

470 3784 880 3845 καταπλέοντες
940 3794 1171 3839 recentt.
1218 3788 1341 3839 edd.
1388 3803 1559 3837 κατα-

471 3848 779 3919 πλῶοντες,
827 3857 981 3908 libris
1027 3860 1248 3921 invitis,
1298 3872 1434 3923 quos
1469 3858 1561 3909 de-

472 3937 651 3974 serere
685 3924 852 3976 nolui.

537 3990 791 4057 μέγαθος
826 3987 923 4043 καὶ
960 4002 1113 4058 υψος
1147 4009 1288 4045 οσον
1324 3995 1387 4045 τί
1417 3986 1555 4062 ἔστι]

471 4060 510 4111 i.
549 4076 598 4111 e.
632 4069 805 4112 tantae
851 4070 929 4113 est
972 4066 1102 4115 illud
1141 4079 1270 4127 opus
1313 4068 1555 4131 maqnitu·

471 4129 602 4180 dinis
637 4138 688 4180 et
719 4132 1012 4194 altitudinis,
1050 4141 1272 4198 quantae
1303 4138 1394 4186 via:
1411 4136 1555 4200 quid-

1665 1764 1797 1824 ἐστι.
1833 1805 1894 1813 -
1938 1775 2022 1824 De
2056 1774 2176 1838 ipso
2223 1787 2384 1838 opere
2431 1773 2575 1824 conf.
2613 1774 2754 1822 Hee-

1665 1860 1779 1894 ren.
1819 1843 2052 1907 IdeenI,
2090 1846 2142 1893 2.
2180 1858 2309 1908 pag.
2345 1842 2444 1892 140
2462 1857 2579 1907 seq.
2604 1842 2753 1892 Brei-

1665 1929 1778 1979 ger.
1840 1913 1906 1962 de
1966 1912 2196 1964 difficili.
2260 1912 2514 1976 quibusd.
2587 1912 2753 1962 Asiae

1665 1983 1931 2033 Herodot.
1969 1981 2074 2033 loc.
2111 1997 2238 2049 pag.
2278 1982 2348 2032 43
2378 1997 2532 2047 seqq.

1735 2064 1952 2116 ωρυσσε
1977 2047 2213 2115 ἔλυτρον
2237 2049 2429 2117 λίμνῃ]
2453 2051 2622 2116 λιμνῃ
2643 2049 2751 2114 ple-

1663 2121 1818 2186 rique
1852 2121 1975 2170 libri
1996 2121 2277 2183 exhibent,
2318 2135 2643 2186 quamquam
2661 2135 2753 2184 ge-

1662 2193 1892 2241 nitivum
1909 2190 2132 2256 linguae
2161 2191 2309 2255 leges
2334 2206 2443 2240 non
2468 2195 2750 2254 respuunt.

1661 2261 1818 2310 Conf.
1851 2261 1947 2322 lv,
1977 2262 2095 2313 173.
2136 2262 2375 2311 Pausan.
2398 2260 2475 2322 ΙΙ,
2504 2263 2591 2310 27.
2621 2260 2751 2320 Vll,

1661 2331 1748 2379 27.
1788 2326 2050 2393 ἔλυτρον,
2101 2330 2248 2396 quod
2289 2330 2426 2380 alias
2465 2329 2629 2395 vulgo
2666 2333 2752 2378 est

1658 2407 2004 2464 tequmentwn,
2041 2401 2372 2461 involucrum,
2424 2399 2753 2450 Grammati-

1657 2473 2171 2603 ssffffiffiffi
2195 2466 2752 2588 5353225..3¹i2‘¹.3i:

1660 2609 1809 2657 niam
1843 2623 1940 2673 pro
1974 2611 2119 2658 alveo
2154 2624 2208 2661 s.-
2233 2611 2550 2670 receptaculo
2586 2623 2750 2671 aqua-

1661 2693 1767 2726 rum
1801 2678 1931 2741 poni
1962 2678 2196 2729 videtur.
2268 2676 2426 2728 Conf.
2464 2676 2613 2727 locos
2632 2677 2753 2726 lau-

1664 2746 1845 2798 datos.
1900 2749 2113 2812 Regina
2133 2747 2275 2796 enim
2306 2747 2464 2808 (haec
2491 2751 2578 2797 est
2600 2747 2751 2797 Brei-

1663 2817 1777 2881 geri
1825 2815 1860 2866 1.
1920 2815 1955 2866 1.
2015 2813 2315 2878 sententia)
2360 2815 2540 2866 lacum
2587 2817 2752 2867 effodi

1662 2886 1854 2948 iussit,
1891 2886 1945 2935 in
1987 2902 2093 2950 quo
2120 2892 2386 2951 stagnans
2409 2902 2571 2951 aqua,
2609 2900 2751 2952 quae

1662 2969 1824 3036 agros
1855 2960 2245 3020 corrumperet,
2283 2955 2549 3020 paulatim
2583 2971 2643 3006 se
2670 2970 2751 3005 re-

1663 3025 1844 3088 cipere
1880 3032 1937 3074 et
1983 3025 2040 3074 in
2084 3039 2243 3091 quem
2291 3025 2451 3076 simul
2487 3024 2611 3092 (sed
2646 3023 2750 3074 hoc

1660 3108 1760 3158 pro
1823 3094 2135 3144 coniectura
2186 3093 2432 3144 habitum
2489 3094 2631 3161 vult)
2692 3094 2750 3143 in

1661 3167 1966 3228 posterum,
2014 3163 2062 3214 si
2105 3163 2281 3213 denuo
2333 3164 2530 3214 fluvius
2578 3165 2634 3213 in
2670 3164 2749 3212 ni-

1662 3233 1825 3282 miam
1849 3238 2116 3283 cresceret
2140 3232 2511 3296 altitudinem,
2549 3247 2750 3298 magna

1662 3317 1787 3367 pars
1826 3317 1999 3367 aquae
2050 3302 2285 3352 derivari
2330 3308 2536 3366 posset.
2609 3303 2750 3352 Con·

1661 3371 1842 3421 silium
1864 3388 1992 3422 vero
2019 3373 2331 3436 primarium
2357 3372 2502 3437 quod
2526 3373 2749 3437 reginae

1660 3442 1719 3490 in
1753 3441 2055 3491 effodienda
2100 3441 2297 3491 lacuna
2331 3442 2530 3492 Noster
2577 3442 2750 3491 fuisse

1660 3511 1879 3574 scribit,
1930 3526 2033 3576 quo
2070 3509 2254 3561 hostes
2287 3510 2625 3575 prohiberet,
2663 3511 2751 3560 fir·

1660 3581 1798 3630 mari
1833 3581 1976 3630 idem
2016 3580 2096 3630 ait
2117 3581 2347 3631 Diodori
2367 3581 2550 3631 verbis
2586 3580 2662 3641 11,
2692 3583 2744 3632 7.

1659 3651 1739 3699 Ac
1784 3649 1948 3700 facile
2001 3648 2219 3713 credas,
2273 3650 2331 3700 id
2388 3664 2603 3715 quoque
2644 3648 2748 3699 hoc

1662 3734 1826 3784 opere
1874 3724 2180 3801 spectatum
2225 3719 2423 3782 fuisse,
2475 3725 2537 3769 ut
2581 3734 2747 3784 aqua-

1662 3802 1779 3837 rum
1826 3789 1987 3852 copia
2041 3794 2356 3853 suppeteret
2409 3789 2477 3838 ad
2522 3803 2743 3852 campos

1661 3858 1966 3976 iIrrigandos
1992 3858 2309 3976 fertilesqtgie
2331 3858 2748 3977 ι·ειι1(ἰε(ιῖιιᾶοε.-ι-2

1692 3942 1726 3975 n
1763 3942 2004 3991 proxime
2040 3943 2174 3992 seqq
2273 3943 2299 3985 ς
2332 3941 2397 3976 το
2427 3943 2460 3975 υ
2509 3943 2590 3986 mo
2629 3942 2686 3977 es

1658 3995 1817 4046 donec
1846 4012 1982 4062 aqua
2013 3998 2317 4060 scaturiret,
2357 3999 2419 4046 ιιι
2466 4002 2743 4047 nostrates

1656 4080 1897 4130 quoque·
1933 4066 2011 4116 bis
2045 4082 2078 4114 α
2181 4067 2404 4116 Wasser
2435 4066 2650 4131 oraben.

1724 4125 1851 4183 ἐπεί
1879 4147 1936 4183 τε
1967 4131 2031 4183 δέ
2067 4067 2409 4200 ὀῖιὸρυκτο]
2442 4136 2641 4185 Omnes
2680 4134 2744 4183 li-

470 4215 618 4263 quam
665 4200 810 4250 aliud
863 4202 1130 4251 invenitur.
1211 4204 1337 4254 Hoc
1390 4203 1552 4255 modo
1652 4202 1738 4252 bri
1759 4195 1998 4268 ωρυκτο,
2030 4203 2128 4254 sed
2151 4219 2271 4268 cap.
2303 4204 2403 4253 180
2428 4195 2739 4269 ὀρώρυκτο,

469 4266 647 4318 locum
680 4268 897 4319 facilius
935 4269 1193 4334 explicari
1229 4287 1392 4335 posse
1429 4289 1554 4323 cen-

1653 4287 1817 4337 quam
1853 4273 2083 4323 formam
2112 4270 2208 4338 (cf.
2243 4273 2470 4338 Gregor.
2507 4274 2635 4324 Cor.
2673 4273 2743 4322 de

469 4351 588 4400 seo,
630 4352 791 4403 quam
820 4339 869 4386 si
901 4352 1022 4388 cum
1062 4339 1365 4418 Schweigh.
1406 4330 1551 4390 ὅσον
1650 4340 1778 4392 dial
1833 4342 1952 4392 Ion.
2004 4345 2054 4406 g.
2110 4342 2200 4407 23)
2246 4342 2413 4392 etiam
2464 4342 2567 4392 hoc
2617 4341 2741 4391 loco

468 4411 681 4457 statuas
705 4405 909 4458 dictum
935 4421 1055 4458 esse
1081 4423 1179 4473 pro
1200 4421 1288 4457 οτι
1310 4402 1553 4459 τοσοῦτό
1649 4412 1931 4461 revocavit
1977 4409 2225 4473 Bekker,
2281 4425 2445 4476 quem
2504 4409 2745 4461 Dindorf
