3109 5092
362 858 445 921 46

449 364 537 427 92

1328 358 1864 423 ΗΕΒΟΒΟΤΙ

450 542 588 609 τῶν
616 533 817 617 αὐτὸς
844 532 1004 625 ᾔδεε
1029 534 1769 626 βαρυσυμφορώτατος,
1816 531 2069 604 ἑωυτὸν
2098 534 2616 623 ἐπικατασφάζει
2649 540 2741 627 τῷ

452 642 704 734 τύμβῳ.
793 648 1082 729 Κροῖσος
1123 641 1198 709 δὲ
1228 640 1338 709 ἐπὶ
1372 638 1500 709 δύο
1539 644 1692 707 ἔτεα
1732 640 1808 707 ἐν
1839 640 2085 707 πένθει·
2117 637 2388 732 μεγάλῳ
2433 645 2740 729 κατῆστο,

453 751 576 816 τοῦ
604 742 839 825 παιδὸς
867 740 1321 833 ἐστερημένος.

615 846 813 917 Μετὰ
850 848 925 917 δὲ
969 843 1029 937 ἡ·
1059 846 1455 935 Ἀστυάγεος
1491 850 1616 915 τοῦ
1657 845 2028 935 Κυαξάρεω
2066 839 2387 935 ἡγεμονίη
2428 873 2738 936 καταιρε-

524 1007 1136 1085 βαρυσυμφορώτατος]
1177 1016 1213 1065 i.
1251 1032 1299 1066 e.
1345 1018 1551 1066 omnium

454 1093 600 1154 longe
631 1088 1102 1137 calanfftosiseimus.
1143 1085 1296 1137 Inest
1333 1087 1390 1135 in
1414 1100 1551 1134 voce

456 1160 579 1225 ipsa
605 1148 1052 1224 βαρυσύμφορος
1070 1156 1292 1205 maioris
1316 1155 1551 1206 alicuius

458 1227 793 1278 calamitatis
845 1225 998 1274 notio
1036 1240 1101 1273 ac
1137 1225 1253 1287 vis,
1289 1240 1427 1290 quae
1465 1240 1553 1273 su-

459 1312 728 1380 perlativo
766 1310 902 1361 adeo
942 1315 1194 1375 augetur.
1232 1311 1371 1361 Nam
1407 1307 1552 1377 βαρυ

459 1382 610 1434 haud
655 1381 845 1446 paucis
894 1380 1076 1429 verbis
1135 1379 1406 1429 adiectum
1462 1395 1555 1429 au-

463 1453 677 1518 gendae
713 1448 1129 1516 significationis
1163 1464 1348 1511 causa,
1381 1455 1442 1500 ut
1466 1465 1558 1498 va-

462 1522 600 1571 leat:
635 1521 805 1581 valde,
843 1521 1106 1582 copiam,
1142 1521 1353 1569 multum·
1390 1519 1562 1569 Plura

466 1591 577 1641 dixi
614 1591 671 1640 in
705 1589 959 1639 Creuzeri
995 1588 1207 1639 Melett.
1246 1589 1353 1639 III.
1392 1605 1445 1653 p.
1468 1591 1556 1639 44.

535 1665 749 1725 ἑωυτὸν
779 1664 1215 1737 ἐπικατασφάζει
1238 1672 1317 1741 τῷ
1342 1666 1558 1741 τύμβῳ]

465 1748 531 1796 In
578 1744 746 1794 verbo
796 1734 1303 1809 ἔπικατασφάζειν
1364 1748 1560 1794 notare

469 1818 622 1866 iuvat
657 1814 769 1863 vim
809 1814 1234 1878 praepositionis
1283 1803 1403 1877 ἐπὶ,
1450 1828 1562 1879 qua

467 1892 577 1936 est:
616 1899 773 1947 super
807 1884 1003 1949 aliquid
1042 1886 1301 1947 iugulare,
1340 1891 1563 1933 mactare

469 1953 770 2020 (aliquem),
804 1959 865 2002 ut
899 1954 1122 2017 sanguis
1164 1968 1397 2019 superne
1430 1969 1563 2019 qua-

467 2025 515 2076 si
552 2023 838 2074 delabatur
874 2021 943 2072 ad
982 2028 1201 2075 terram.
1256 2022 1408 2073 Idem
1442 2038 1562 2072 ver-

466 2096 613 2155 bum,
652 2096 880 2142 notante
914 2091 1299 2157 Wesselingio‚
1338 2093 1395 2141 in
1434 2092 1562 2143 Plu-

469 2162 645 2213 tarch.
703 2160 899 2211 Moral.
958 2159 1078 2227 (ΙΙ.)
1130 2177 1258 2226 pag.
1307 2162 1410 2211 772
1466 2160 1560 2211 C.:

468 2223 499 2282 ὁ
556 2223 621 2280 δὲ
669 2220 940 2290 Στράτων
987 2229 1250 2292 φανερῶς
1306 2221 1561 2278 ἐπικατέ-

471 2296 692 2365 σφαξεν
719 2288 924 2347 ἑαυτὸν
959 2297 1029 2363 τῇ
1064 2296 1359 2364 παρθένῳ.
1401 2298 1564 2363 Apud

472 2368 774 2421 Diodorum
804 2368 861 2417 in
885 2369 1174 2432 Excerptis
1213 2372 1396 2418 exstat
1430 2383 1563 2417 κατ-

474 2434 741 2503 έσφαξεν.
793 2438 877 2487 De
914 2438 1033 2503 ipso
1069 2435 1221 2499 1000,
1258 2453 1364 2503 quo
1394 2438 1565 2488 Adra-

475 2514 593 2559 stus
631 2523 690 2557 se
735 2507 1100 2571 interfecerit,
1144 2508 1409 2573 quaedam
1445 2524 1568 2573 pro-

476 2580 584 2629 fert
620 2577 842 2628 Curtius
888 2577 1250 2643 Archaeolog.
1290 2578 1428 2631 Zeit.
1464 2578 1565 2628 XI.

548 2723 608 2781 ἕν
621 2730 834 2783 πένθεϊ
841 2724 1058 2800 μεγάλῳ
1081 2730 1350 2798 κατῆστο]
1365 2732 1570 2782 Omnes

477 2802 603 2853 libri
641 2801 950 2867 καθῆστο,
988 2802 1133 2867 quod
1182 2803 1238 2852 in
1285 2799 1569 2865 κατῆσθο

479 2872 796 2923 mutandum
833 2888 954 2922 esse
984 2877 1206 2936 propter
1234 2862 1569 2935 κατήμενος,

481 2940 593 2991 alia
630 2941 687 2989 id
723 2956 923 3005 genus,
958 2941 1069 2990 iam
1117 2940 1187 2990 ad
1230 2940 1276 3002 Ι,
1318 2940 1405 2991 43.
1448 2956 1571 2990 cen-

482 3010 593 3059 suit
624 3008 1042 3074 Wesselingius,
1091 3023 1411 3073 comparans
1458 3010 1566 3071 ΙΠ,

480 3078 577 3140 83;
619 3093 725 3143 quo
763 3078 953 3128 eodem
988 3079 1046 3127 in
1079 3076 1202 3128 loco
1231 3074 1420 3142 scripti
1443 3078 1571 3127 libri

480 3147 802 3212 conspirant
852 3148 909 3197 in
969 3147 1207 3197 lectione
1266 3144 1567 3210 καθῆστο,

480 3219 589 3268 iam
627 3232 661 3267 a
694 3217 881 3267 Reizio
917 3221 1131 3266 mutata
1181 3217 1239 3265 in
1283 3213 1568 3278 κατῆστο.

481 3287 808 3338 Sebaeferus
871 3290 1104 3351 utroque
1169 3285 1291 3336 loco
1352 3286 1573 3349 scripsit

481 3372 554 3407 κα
567 3372 598 3406 τ
609 3354 783 3422 ῆσθο,
803 3356 1143 3406 assentiente
1159 3355 1573 3419 Schweighaeu-

481 3444 622 3490 ser0,
671 3443 829 3493 quem
876 3431 1059 3476 tamen
1102 3429 1228 3491 post
1278 3424 1414 3475 facti
1449 3440 1576 3489 poe-

482 3498 668 3548 nituit.
716 3497 984 3563 Equidem
1019 3512 1142 3547 cum
1179 3499 1408 3545 recentt.
1448 3493 1571 3545 edd.

483 3568 731 3619 omnibus
771 3566 898 3617 dedi
933 3563 1178 3631 κατῆστο
1218 3566 1286 3615 ob
1322 3569 1575 3616 constan-

482 3642 592 3687 tem
627 3638 816 3687 Nostri
853 3652 1011 3687 usum
1045 3640 1261 3687 tenuem
1299 3634 1577 3700 aspiratae

481 3706 605 3757 loco
642 3707 976 3771 reponentis.
1010 3705 1097 3759 Cf.
1133 3706 1239 3767 111,
1275 3705 1362 3757 83.

558 3790 809 3855 Κροῖσος
839 3784 903 3840 δὲ
935 3780 1028 3839 ἐπὶ
1063 3781 1171 3840 δύο
1200 3783 1323 3839 ἔτεα
1357 3781 1419 3839 ἐν
1442 3787 1576 3840 πέν-

485 3858 587 3909 θεϊ
641 3852 861 3925 μεγάλῳ
913 3857 1181 3925 κατῆστο]
1245 3859 1578 3910 Lat-cherum

487 3927 650 3994 (Tab.
691 3926 932 3978 chronol.
982 3942 1028 3977 s.
1079 3928 1238 3979 Tom.
1283 3930 1408 3980 vn.
1443 3945 1574 3994 pag.

485 3997 588 4049 205
636 3996 810 4061 seqq.)
867 3996 914 4044 si
970 4011 1291 4060 sequamur,
1339 3998 1575 4049 Croesus

486 4066 657 4117 filium
682 4066 867 4115 amisit
893 4080 1037 4115 anno
1076 4065 1179 4116 560
1206 4080 1258 4117 a.
1284 4066 1416 4118 Chr.
1446 4084 1500 4117 n.
1519 4073 1577 4117 et

486 4136 731 4203 proximo
769 4136 984 4185 demum
1016 4149 1163 4184 anno
1201 4143 1327 4199 post
1364 4140 1576 4199 patrem

488 4210 758 4256 mortuum
804 4203 873 4255 ad
918 4219 1145 4268 reg-num
1188 4205 1306 4267 ipse
1353 4209 1579 4255 evectus

489 4280 591 4337 est,
620 4274 723 4326 559
745 4290 797 4324 a.
826 4272 953 4324 Chr.
985 4289 1059 4334 n.,
1091 4288 1213 4322 cum
1245 4277 1426 4336 antea,
1452 4275 1580 4325 inde

490 4345 559 4397 ab
580 4360 721 4394 anno
758 4345 880 4405 574,
903 4342 1050 4408 patri
1070 4342 1357 4393 adiunctus
1380 4343 1581 4395 fuisset

490 4414 701 4481 collega
735 4414 794 4463 in
836 4428 1005 4480 regno
1054 4412 1485 4465 administrando
1524 4418 1581 4465 et

1652 1030 1764 1065 una
1822 1030 1943 1065 cum
1994 1013 2087 1064 illo
2137 1014 2510 1079 expeditiones
2564 1031 2744 1066 susce-

1652 1087 1843 1152 pisset.
1871 1083 2048 1135 Aliam
2058 1083 2319 1135 Volneius
2341 1086 2583 1135 instituit
2605 1102 2745 1136 com-

1655 1155 1994 1221 putationem
2024 1155 2082 1204 in
2115 1154 2442 1220 Chronolog.
2479 1155 2747 1206 Herodot.

1656 1241 1783 1291 pag.
1825 1224 1892 1275 33
1930 1239 2080 1288 seqq.
2123 1225 2183 1274 41
2228 1240 2382 1290 seqq.
2432 1225 2567 1274 Cum
2606 1227 2749 1276 enim

1658 1295 1919 1359 Astyagis
1949 1294 2233 1358 imperium
2273 1310 2307 1343 a
2332 1294 2474 1358 Cyro
2501 1311 2749 1346 eversum

1661 1379 1782 1414 esse
1798 1368 2012 1414 constet
2029 1379 2172 1413 anno
2187 1363 2284 1414 561
2302 1380 2352 1414 a.
2368 1364 2495 1414 Chr.
2518 1380 2594 1428 n.,
2621 1367 2750 1417 inde

1660 1434 1752 1483 ille
1800 1432 2104 1495 concludit,
2148 1432 2463 1483 Herodoteo
2511 1435 2750 1486 confisus

1661 1503 2005 1565 testimonio,
2055 1502 2267 1552 duobus
2304 1509 2432 1553 ante
2468 1505 2655 1566 annis,
2694 1506 2752 1555 id

1664 1578 1749 1623 est
1795 1572 1899 1623 563
1942 1589 1994 1622 a.
2043 1572 2269 1622 Chr.-n.
2345 1573 2534 1623 Croesi
2582 1574 2752 1626 filium

1664 1643 1836 1693 fuisse
1875 1642 2240 1692 intersectum.
2280 1643 2421 1692 Ante
2447 1643 2609 1694 huius
2641 1646 2752 1695 obi-

1663 1718 1777 1762 tum
1814 1728 1935 1762 cum
1962 1712 2277 1762 Herodotus
2313 1718 2483 1777 ponat
2516 1717 2572 1763 et
2602 1715 2754 1765 belli-

1664 1798 1758 1832 cas
1797 1782 1986 1831 Croesi
2033 1782 2434 1846 expeditiones,
2485 1788 2541 1833 et
2589 1785 2754 1836 collo-

1666 1852 1849 1918 quium
1898 1867 2021 1900 cum
2065 1851 2264 1901 Solone
2323 1852 2596 1916 habitum,
2644 1856 2754 1904 iam

1664 1921 1836 1972 multo
1875 1924 2003 1970 ante
2039 1937 2264 1971 necesse
2309 1937 2431 1972 esse
2471 1928 2631 1988 putat
2675 1941 2756 1975 re-

1665 2007 1830 2057 gnum
1867 1991 2100 2040 Croesus
2138 1992 2457 2055 susceperit.
2527 1993 2758 2044 Accedit

1664 2061 1886 2121 Pittaci,
1898 2075 2055 2125 quem
2069 2075 2213 2111 anno
2228 2061 2331 2111 570
2344 2076 2396 2111 a.
2411 2062 2537 2112 Chr.
2550 2078 2604 2113 n.
2617 2079 2758 2114 mor-

1663 2136 1816 2181 tuum
1849 2145 1970 2180 esse
2005 2131 2223 2191 scimus,
2250 2146 2369 2180 cum
2393 2131 2594 2182 Croeso
2617 2149 2759 2183 com-

1665 2202 1948 2258 mercium,
1996 2200 2265 2250 accedunt
2311 2200 2447 2263 alia,
2498 2200 2568 2251 ad
2621 2204 2759 2253 Pisi-

1663 2272 1823 2319 strati
1851 2269 2274 2319 dominationem
2299 2285 2439 2334 quae
2463 2272 2759 2335 pertinent,

1666 2355 1700 2389 a
1734 2338 1962 2389 'Volneio
1999 2338 2232 2403 prolata,
2273 2340 2470 2404 quibus
2518 2341 2638 2390 vult
2684 2342 2759 2392 ef-

1665 2409 1755 2458 fici
1803 2408 1991 2458 Croesi
2035 2423 2261 2473 regnum
2308 2409 2416 2459 iam
2466 2425 2608 2460 anno
2657 2412 2753 2462 571

1668 2494 1718 2528 a.
1752 2477 1878 2528 Chr.
1909 2493 1960 2526 n.
1985 2478 2198 2527 initium
2220 2477 2500 2530 habuisse.
2579 2481 2762 2545 Atque

1666 2549 1809 2598 hanc
1845 2547 2170 2597 sententiam
2196 2545 2319 2598 aliis
2347 2564 2563 2613 quoque
2594 2552 2763 2601 ratio-

1669 2618 1830 2668 nibus
1852 2616 2193 2666 confirmavit
2215 2616 2455 2668 Schultz.
2481 2619 2537 2668 in
2556 2620 2761 2686 Appar.

1673 2687 1744 2739 ad
1771 2685 1991 2737 Annall.
2028 2687 2174 2737 critt.
2204 2701 2335 2735 rerr.
2366 2687 2591 2739 Graece.
2621 2688 2761 2752 (Kil.

1675 2755 1830 2820 1826)
1862 2772 1988 2820 pag.
2024 2755 2270 2806 19-21,
2331 2757 2665 2809 Praesertim
2697 2759 2766 2810 de

1671 2827 1912 2891 Alyattis
1946 2826 2036 2875 bic
2071 2830 2253 2875 monet
2285 2841 2481 2889 regno;
2519 2829 2612 2892 qui
2641 2845 2764 2879 cum

1669 2898 1842 2946 vitam
1880 2894 2026 2945 ultra
2063 2910 2263 2945 annum
2310 2896 2410 2946 565
2449 2913 2500 2947 a.
2539 2898 2666 2948 Chr.
2707 2915 2763 2951 n.

1670 2966 1969 3030 producere
1989 2980 2099 3014 non
2123 2966 2381 3029 potuerit,
2412 2966 2672 3018 Croesum
2699 2984 2766 3019 ex

1669 3034 1938 3085 Herodoti
1995 3038 2175 3084 mente
2225 3035 2370 3099 patri
2433 3038 2766 3089 successisse

1672 3104 1869 3153 statuit
1914 3108 2045 3152 ante
2095 3103 2191 3154 561
2238 3119 2292 3153 a.
2331 3104 2455 3156 Chr.
2495 3122 2551 3157 n.
2601 3107 2764 3159 Conf.

1673 3171 1939 3223 Herodot.
1974 3172 2020 3235 1,
2057 3171 2125 3222 92
2171 3172 2264 3224 fin.
2313 3179 2369 3224 et
2414 3191 2556 3240 quae
2601 3192 2768 3241 supra

1674 3242 1745 3292 ad
1801 3242 1847 3302 Ι,
1900 3241 1989 3293 30.
2038 3242 2298 3302 diximus;
2355 3243 2414 3293 id
2463 3261 2627 3296 unum
2676 3246 2769 3297 hic

1674 3311 1956 3372 adiiciam,
2007 3327 2041 3360 a
2087 3311 2364 3364 Voemelio
2420 3312 2543 3365 loco
2601 3331 2769 3381 supra

1673 3380 1822 3431 laud.
1877 3397 1930 3445 p.
1994 3382 2080 3431 12.
2141 3387 2368 3431 mortem
2423 3382 2522 3434 filii
2579 3384 2768 3435 Croesi

1675 3451 1803 3515 poni
1839 3450 1896 3500 in
1935 3448 2152 3514 Olymp.
2200 3451 2343 3511 LIV,
2396 3450 2449 3503 3.
2500 3454 2617 3503 sive
2665 3454 2769 3505 562

1678 3536 1729 3571 a.
1762 3520 1890 3570 Chr.
1915 3535 1991 3579 n.,
2028 3517 2241 3583 legatos
2270 3535 2303 3569 a
2322 3520 2524 3572 Croeso
2560 3523 2630 3573 ad
2651 3540 2771 3574 ora-

1678 3589 1802 3640 cula
1837 3588 2171 3639 sciscitanda
2217 3590 2412 3640 missos
2452 3593 2509 3639 in
2548 3592 2768 3658 Olymp.

1677 3659 1821 3719 LVI,
1883 3660 1936 3709 2.
1992 3673 2037 3707 s.
2088 3658 2191 3708 555
2236 3674 2288 3710 a.
2336 3659 2462 3711 Chr.
2508 3676 2591 3711 n.:
2633 3678 2770 3727 quos

1680 3728 1897 3779 eosdem
1934 3743 2078 3777 anno
2109 3728 2455 3779 antecedenti
2501 3731 2604 3782 556
2642 3736 2770 3782 ante

1678 3798 1805 3849 Chr.
1841 3813 1895 3847 n.
1936 3796 2174 3847 adscribi
2218 3798 2340 3847 vult
2386 3800 2772 3851 Westermann

1677 3866 1715 3918 l.
1764 3867 1802 3917 l.
1852 3882 1979 3932 pag.
2023 3866 2110 3917 90.
2170 3864 2309 3918 Add.
2369 3868 2696 3920 Wiedmann
2729 3870 2769 3922 l.

1678 3952 1844 4001 supra
1877 3935 1914 3987 l.
1959 3953 2013 4001 p.
2055 3936 2142 3986 14.

2043 4108 2179 4160 Car.
2216 4108 2416 4160 XLVI.

1737 4199 1888 4287 μετὰ
1929 4203 1994 4259 δὲ
2032 4200 2068 4274 ἡ
2116 4200 2440 4276 Ἀστυάγεος
2476 4209 2582 4258 τοῦ
2620 4211 2773 4259 Κυα-

1682 4273 1862 4339 ξαρεω
1917 4269 2196 4345 ἡγεμονίη
2252 4295 2305 4330 κ.
2367 4296 2414 4330 τ.
2470 4277 2546 4345 L]
2616 4279 2773 4330 Unus

1682 4347 1956 4397 Sancrofti
1978 4347 2117 4400 liber
2138 4341 2460 4413 Ἀστυάγεα»,
2486 4340 2628 4412 qudd
2648 4363 2775 4412 pro-

1681 4421 1804 4482 pter
1833 4418 2027 4467 Ionum
2064 4419 2510 4471 consuetudinem
2536 4418 2593 4466 in
2614 4416 2772 4482 Καμ-
