3109 5092
1071 331 1575 403 EUTERPE.
1622 342 1707 401 11.
1751 349 1841 404 64.
2475 337 2595 399 571

323 513 577 594 πόλους
622 518 739 604 τῆς
782 512 1061 603 μητρὸς,
1119 508 1230 583 οἷα
1273 510 1398 582 οὐκ
1441 510 1795 596 ὀπωπότας
1846 511 2056 585 αὐτὸν
2100 513 2466 601 πρότερον,
2517 508 2601 582 οὗ

325 621 650 706 περιορᾶν
697 621 1043 705 παριέναι,
1090 614 1236 686 ἀλλ’
1280 614 1681 704 ἀπερύκειν·
1747 615 1867 688 τὸν
1902 615 1971 688 δ’
2013 620 2080 699 ἐξ
2128 614 2333 705 ᾶλλης
2370 614 2600 697 πόλιος

325 717 749 809 ἀγαγόμενον
797 717 1240 808 ἀνθρώπους,
1297 719 1456 801 τούς
1506 746 1579 788 τε
1624 721 2007 809 προπόλους
2062 722 2354 810 τρηχέως
2405 744 2594 805 περι-

325 839 525 894 σπεῖν
566 825 679 892 καὶ
727 826 1040 893 ἐσελθεῖν
1084 820 1265 913 παρὰ
1307 821 1434 913 τὴν
1475 826 1747 912 μητέρα.
1828 820 1961 895 ἀπὸ
2007 821 2250 892 τούτου
2287 826 2381 914 τῷ
2408 819 2604 909 Ἀρεῖ

326 926 579 1015 ταύτην
612 924 737 1015 τὴν
768 924 1034 1016 πληγὴν
1072 929 1146 996 ἐν
1180 931 1263 1015 τῇ
1293 921 1454 1014 ὁρτῇ
1494 928 1920 1014 νενομικέναι
1959 932 2144 1015 φασί.

481 1031 616 1098 Καὶ
668 1027 742 1098 τὸ
785 1027 876 1118 μὴ
919 1035 1283 1118 μίσγεσθαι
1325 1030 1592 1115 γυναιξὶ
1638 1032 1714 1098 ἐν
1768 1034 2002 1118 ἱροῖσι,
2060 1027 2228 1117 μηδὲ
2272 1022 2597 1105 ᾶλούτους

326 1129 457 1203 ἀπὸ
499 1137 847 1220 γυναικῶν
890 1136 957 1212 ἐς
994 1130 1104 1219 ἱρὰ
1143 1134 1425 1215 ἐσιέναι,
1464 1121 1659 1201 οὗτοί
1693 1137 1820 1200 εἰσι
1861 1138 1932 1201 οἰ
1965 1136 2214 1219 πρῶτοι
2253 1127 2593 1218 θρησκεύ-

325 1257 582 1315 σαντες.
668 1239 737 1303 οί
785 1235 911 1323 μὲν
960 1234 1090 1322 γὰρ
1140 1231 1330 1304 ἄλλοι
1381 1232 1625 1322 σχεδὸν
1677 1236 1921 1315 πάντες
1969 1231 2361 1322 ἅνθρωποι,
2420 1229 2598 1321 πλὴν

325 1343 723 1425 Αἰγυπτίων
749 1340 862 1407 καὶ
879 1333 1219 1425 Ἐλλήνωῦ
1237 1389 1254 1422 ,
1289 1343 1640 1426 μίσγονται
1678 1342 1753 1407 ἐν
1781 1343 1981 1425 ἱροῖσι
2000 1359 2015 1373 ·
2056 1339 2168 1405 καὶ
2197 1332 2327 1406 ἀπὸ
2356 1363 2593 1423 γυναι-

324 1445 465 1511 κῶν
500 1437 928 1528 ἀνιστάμενοι
963 1437 1235 1510 ᾶλουτοι
1274 1443 1655 1527 ἐσέρχονται
1711 1444 1778 1521 ἐς
1815 1438 1997 1529 ίρόν,
2050 1446 2428 1528 νομίζοντες
2471 1435 2592 1508 ἆν-

321 1541 646 1632 θραίπους
696 1543 869 1613 εἶναι
917 1542 1211 1632 κατάπερ
1261 1540 1341 1611 τὰ
1384 1539 1555 1612 ἄλλα
1606 1543 1869 1632 κτήνεα.
1970 1545 2081 1611 καὶ
2130 1540 2257 1632 γὰρ
2296 1541 2378 1611 τὰ
2427 1538 2598 1610 ἄλλα

322 1645 566 1736 κτήνεα
606 1642 776 1734 ὁρᾶν
804 1647 917 1716 καὶ
956 1643 1265 1735 ὀρνίθων
1307 1648 1507 1732 γένεα
1542 1642 1911 1735 ὀχευόμενα
1951 1653 2028 1717 ἕν
2066 1673 2139 1715 τε
2168 1662 2338 1716 τοῖσι
2375 1659 2594 1733 νηοῖσι

316 1822 504 1886 piisse.
536 1821 675 1871 Nam
696 1817 965 1884 συμμίξαι
983 1822 1147 1871 etiam
1166 1819 1233 1869 de
1254 1821 1401 1883 οοίιιι,

319 1906 478 1956 quem
514 1889 607 1940 ille
643 1891 885 1954 petierit,
930 1888 1164 1953 intelligi
1219 1893 1403 1954 potest

319 1960 564 2024 adeoque
594 1959 683 2010 hic
727 1960 809 2009 ita
846 1960 1021 2023 accipi
1058 1959 1247 2019 debet3
1297 1973 1403 2023 quo

317 2030 506 2081 eodem
527 2043 690 2079 sensu
707 2032 999 2079 occurrunt
1021 2024 1403 2091 διαλέγεσθαι,

316 2088 560 2160 ὁμιλεῖν,
600 2098 844 2162 adeoque
872 2087 926 2153 ἐς
960 2089 1166 2161 λόγους
1191 2087 1402 2156 ἐλθεῖν,

317 2170 374 2217 et
395 2166 474 2216 sic
503 2168 668 2216 etiam
696 2167 812 2217 aeci
852 2166 1015 2216 ienda
1044 2171 1227 2226 erunt,
1265 2181 1405 2229 quae

316 2235 461 2286 infra
484 2234 763 2301 leguntur:
788 2249 812 2284 ε
843 2234 1072 2284 σελθεῖν
1100 2234 1188 2284 vel
1209 2228 1402 2284 ἐλθεῖν

315 2296 472 2367 παρὰ
513 2297 621 2368 τὴν
662 2302 889 2369 μητέρα.
964 2305 1122 2355 Cous.
1162 2305 1238 2367 11,
1279 2304 1398 2355 115.

385 2386 458 2455 τῇ
503 2385 696 2456 μητρὶ]
745 2391 852 2453 Qui
907 2405 1000 2454 ea,
1050 2405 1192 2456 quae
1235 2389 1399 2455 paulo

317 2463 443 2509 ante
485 2459 550 2510 de
586 2460 762 2509 Marte
791 2460 1093 2510 monuimus
1124 2460 1396 2525 Aegyptio

313 2528 539 2593 eiusque
591 2533 763 2579 matre
818 2527 1046 2594 (Neith)‚
1114 2534 1401 2592 reputave-

314 2597 409 2658 rit,
447 2597 593 2648 baud
628 2598 981 2662 improbabile
1018 2598 1068 2648 ei
1108 2598 1399 2660 videbitur,

286 2667 437 2737 ‚inde
482 2667 647 2717 etiam
691 2667 1021 2718 Graecorum
1066 2668 1288 2717 fluxisse
1322 2667 1402 2716 fa-

310 2734 470 2786 bulas
502 2736 570 2787 d‘e
598 2736 773 2787 Marte
802 2741 965 2801 atque
999 2738 1201 2787 Venere
1219 2750 1401 2785 aman-

313 2805 477 2867 tibus,
515 2804 703 2870 quales
728 2805 935 2869 profert
952 2806 1174 2856 Homer.
1197 2804 1400 2868 Odyss.

313 2873 467 2937 VIII,
503 2875 607 2926 266
652 2889 824 2939 seqq„
872 2875 1025 2925 vario
1075 2874 1236 2924 modo
1273 2873 1401 2923 inde

314 2943 478 2993 etiam
527 2943 596 2993 ad
653 2945 788 2994 artis
853 2959 1016 3009 opera
1076 2942 1397 2994 translatas.

314 3012 472 3062 Cons.
510 3013 663 3062 Hirt:
698 3014 834 3063 iiber
868 3013 1125 3078 Gegenst.
1165 3013 1219 3062 d.
1259 3012 1395 3076 Aeg.

311 3082 493 3132 Kunst
530 3085 635 3131 etc.
673 3098 727 3146 p.
770 3082 888 3133 143.
957 3082 1045 3132 Cr.
1072 3080 1396 3145 adscripsit:

311 3150 612 3215 Inghirami
636 3151 877 3201 Monum.
903 3150 1160 3201 Etrusch.
1184 3149 1255 3200 ad
1276 3150 1392 3200 tab.

309 3217 379 3270 39
415 3220 498 3271 de'
534 3220 656 3270 vasi
690 3219 839 3270 fittili
870 3235 998 3285 pag.
1038 3220 1160 3271 409.

383 3295 453 3355 οὗ
490 3301 766 3368 περιορᾶν
817 3303 1102 3371 παριέναι]
1150 3305 1234 3355 De
1280 3303 1397 3354 infl-

310 3373 514 3438 nitivo,
550 3375 645 3439 qui
677 3378 894 3439 praeter
914 3389 1115 3424 morem
1142 3374 1396 3424 adiicitur

305 3444 475 3493 verbo
512 3439 806 3506 περιορᾶν,
848 3443 988 3493 conf.
1017 3443 1062 3504 1,
1094 3442 1213 3504 191,
1250 3447 1304 3493 et
1329 3441 1395 3492 de

306 3514 609 3575 περισπεῖν
647 3511 694 3573 1,
733 3510 820 3563 73.
888 3503 1219 3571 προπόλους
1264 3511 1389 3562 deo-

307 3595 423 3630 rum
453 3580 802 3632 administros
844 3581 1165 3646 aediumque
1208 3595 1390 3630 sacra-

304 3664 422 3699 rum
461 3654 741 3700 curatores
777 3648 885 3699 dici
921 3651 1132 3699 monuit
1168 3651 1390 3700 Wesse·

303 3717 507 3784 lingius
546 3718 583 3769 l.
621 3734 789 3784 supra
823 3718 863 3770 l.

323 3839 338 3858 ι
376 3813 488 3867 Καὶ
512 3811 575 3869 τὸ
592 3812 668 3884 μὴ
690 3819 994 3885 μίσγεσθαι
1017 3837 1069 3870 κ.
1087 3836 1134 3869 τ.
1152 3818 1222 3886 λ.]
1236 3821 1389 3870 Haec

307 3889 361 3936 et
397 3903 536 3953 quae
574 3895 874 3955 sequuntur
907 3890 1075 3940 verba
1111 3887 1283 3955 usque
1320 3888 1392 3939 ad

230 3975 236 3980 ·
305 3956 502 4020 eapitis
532 3957 694 4009 finem
729 3975 848 4009 eam
876 3960 944 4009 ob
977 3972 1198 4009 eausam
1239 3957 1391 4008 addi-

275 4025 452 4075 “disse
485 4026 614 4076 mihi
647 4027 864 4079 videtur
900 4028 1128 4086 Noster,
1165 4042 1235 4077 ne
1268 4027 1389 4092 quis

304 4109 370 4144 ex
406 4094 596 4145 fabula
630 4101 796 4147 antea
829 4101 1055 4147 narrata
1089 4096 1157 4147 de
1193 4095 1389 4146 Martis

302 4170 966 4298 ffiffiiiussssssffffi?
983 4165 1389 4297 Kessss‘ssffipffii

300 4299 602 4365 Aegyptios
639 4307 857 4367 recepto
891 4303 1034 4366 fieri,
1078 4304 1168 4368 qui
1205 4303 1387 4368 potius

299 4383 541 4422 summae
575 4371 830 4437 puritatis
868 4376 924 4425 et
967 4372 1242 4424 castitatis
1277 4376 1390 4421 stu·

1504 1820 1646 1870 diosi
1704 1820 1861 1884 primi
1899 1819 1952 1869 id
2000 1820 2365 1883 instituerint,
2413 1824 2476 1870 ut
2525 1835 2593 1870 ne

1505 1890 1627 1954 quis
1677 1891 1732 1938 in
1791 1888 1914 1939 loco
1972 1905 2129 1939 sacro
2192 1905 2312 1940 cum
2369 1889 2596 1939 muliere

1505 1958 1677 2008 coiret
1712 1962 1810 2008 aut
1837 1974 1872 2008 a
1906 1958 2054 2009 coitu
2088 1957 2275 2009 illotus
2309 1959 2366 2008 in
2388 1958 2594 2023 templa

1503 2028 1753 2078 intraret.
1824 2026 1957 2077 Cum
1991 2031 2171 2078 autem
2217 2033 2463 2079 caeteros
2501 2028 2594 2077 ho-

1506 2097 1678 2146 mines
1718 2096 1986 2162 (exceptis
2020 2098 2308 2162 Aegyptiis
2344 2102 2400 2148 et
2427 2098 2594 2149 Grae-

1506 2164 1609 2229 cis)
1646 2166 1703 2216 id
1747 2167 1924 2216 minus
1970 2166 2264 2218 observare
2307 2167 2593 2232 ipsamque

1504 2235 1671 2285 moris
1724 2235 1810 2284 sui
1866 2236 2271 2287 excusationem
2320 2252 2355 2286 a
2399 2235 2593 2287 bestiis

1503 2309 1687 2369 petere
1721 2304 1865 2355 idem
1899 2306 2190 2371 agentibus
2227 2307 2467 2368 videret,
2504 2321 2593 2356 oc-

1504 2375 1782 2425 casionem
1838 2375 1968 2425 inde
2017 2375 2209 2440 arripit
2266 2374 2334 2425 de
2395 2375 2589 2425 bestiis

1502 2444 1704 2509 agendi
1719 2459 1814 2508 per
1824 2446 2131 2510 Aegyptum
2147 2449 2202 2495 et
2225 2445 2358 2510 ipsis
2380 2459 2592 2495 summa
2668 2453 2687 2474 ·

1502 2528 1636 2563 cura
1665 2513 1913 2578 adeoque
1935 2514 2286 2564 veneratione
2313 2514 2590 2564 tractatis.

1573 2575 1718 2645 μηδὲ
1751 2574 2032 2638 ἀλούτους
2063 2573 2179 2631 ἀπὸ
2217 2579 2507 2644 γυναικῶν
2535 2596 2587 2630 κ.

1500 2666 1550 2699 τ.
1576 2648 1648 2715 λ.]
1683 2650 1939 2700 Laudant
1975 2651 2299 2715 interpretes
2326 2650 2591 2701 Clement.

1501 2718 1795 2769 Alexandr.
1842 2719 2102 2770 stromat.
2153 2719 2199 2770 1.
2252 2735 2304 2783 p.
2353 2719 2475 2782 361,
2524 2716 2590 2768 19

1501 2789 1643 2839 idem
1681 2787 1749 2838 de
1783 2788 2070 2853 Aegyptiis
2105 2792 2435 2840 narrantem.
2507 2787 2591 2837 Si-

1499 2856 1626 2906 mile
1660 2856 1985 2907 Iudaeorum
2009 2862 2360 2922 praeceptum
2393 2857 2451 2906 in
2487 2856 2591 2907 Le-

1500 2926 1655 2976 vitio.
1694 2927 1812 2989 XV,
1858 2925 1924 2977 18
1960 2927 2162 2977 Noster
2203 2941 2336 2977 sane
2372 2927 2589 2991 ignora-

1499 2997 1611 3056 vit,
1651 3010 1772 3045 cum
1808 2995 2094 3062 Aegyptiis
2131 3000 2185 3047 et
2204 2996 2431 3048 Graecis
2455 2994 2587 3046 solie

1498 3065 1643 3115 hunc
1690 3079 1889 3114 morem
1934 3065 2218 3117 tribueret.
2310 3066 2469 3116 Conf.
2517 3063 2588 3115 ad

1497 3134 1544 3194 1,
1597 3132 1700 3184 198
1759 3138 1900 3185 nott.
1946 3162 2013 3171 —
2064 3135 2127 3184 In
2192 3149 2344 3199 seqq.
2404 3140 2588 3185 monet

1498 3202 1826 3267 Schweigb„
1850 3203 2187 3254 Herodotum
2208 3205 2272 3254 de
2285 3205 2477 3254 avibus
2492 3204 2590 3254 sli-

1496 3273 1653 3337 isque
1686 3272 2014 3323 animalibus
2052 3274 2363 3338 loquentem
2409 3272 2588 3323 dicere

1496 3336 1560 3390 ἔν
1595 3354 1653 3389 τε
1689 3343 1837 3389 τοῖσι
1886 3343 2079 3404 νηοῖσι
2130 3340 2245 3391 τῶν
2291 3339 2449 3390 θεῶν
2488 3337 2587 3389 καὶ

1497 3401 1559 3459 ἐν
1614 3409 1765 3457 τοῖσι
1796 3407 2089 3472 τεμένεσι,
2151 3411 2217 3461 de
2273 3407 2585 3460 hominibus

1495 3493 1627 3528 vero
1668 3478 1884 3528 nomine
1920 3479 2003 3528 uti
2047 3479 2213 3528 latius
2254 3482 2477 3543 patente
2525 3469 2587 3525 ἐν

1488 3540 1696 3610 ἱροῖσι,
1734 3546 1880 3610 quod
1917 3547 2336 3611 comprehendat
2381 3551 2436 3596 et
2483 3542 2585 3596 τὸν

1490 3606 1638 3678 νηὸν
1686 3613 1782 3677 (cf.
1841 3619 1982 3664 nott.
2034 3615 2105 3665 ad
2150 3617 2226 3678 11,
2274 3616 2367 3678 63)
2415 3619 2472 3664 et
2517 3606 2582 3662 τό

1486 3681 1745 3746 τέμενος,
1795 3698 2013 3748 agrum,
2062 3684 2271 3746 lucum,
2312 3683 2581 3744 aedificia,

1491 3752 1690 3818 quibus
1719 3752 1971 3816 cingatur
1995 3751 2084 3802 dei
2098 3754 2283 3804 aedes.
2327 3754 2412 3804 Tu
2432 3752 2578 3803 conf.

1489 3822 1536 3884 1,
1577 3820 1679 3871 199
1711 3820 1845 3884 ibiq.
1878 3824 1997 3888 pot.
2301 3875 2309 3884 ,

1562 3884 1659 3938 καὶ
1697 3880 1958 3949 ὀρνίθων
1991 3885 2155 3953 γένεα
2183 3879 2496 3952 ὀχευόμενα
2527 3902 2579 3936 κ.

1491 3974 1540 4007 τ.
1571 3956 1645 4023 λ.]
1677 3958 1953 4008 Intactum
1986 3957 2184 4024 reliqui
2203 3952 2397 4022 γένεα,
2437 3955 2584 4021 quod

1488 4025 1616 4077 libri
1634 4027 1852 4090 probati
1872 4027 2009 4076 satis
2035 4027 2438 4078 commendant.
2475 4025 2586 4076 Alii

1491 4094 1703 4145 malunt
1720 4093 1894 4157 τέλεα,
1918 4096 2054 4145 utin
2074 4096 2397 4160 quibusdam
2420 4094 2582 4145 codd.

1488 4165 1789 4225 invenitur,
1829 4169 1885 4214 et
1914 4165 1980 4214 de
2003 4167 2220 4216 catervis
2249 4163 2581 4228 intelligunt,

1489 4238 1554 4283 ut
1600 4233 1727 4294 VII,
1788 4233 1911 4284 211.
1966 4233 2088 4284 223.
2153 4235 2250 4292 lx,
2311 4233 2399 4284 20.
2491 4231 2579 4282 Of.

1489 4302 1694 4353 Duker.
1737 4302 1807 4352 ad
1844 4301 2149 4366 Thucydid.
2200 4303 2276 4364 11,
2314 4301 2402 4352 81.
2471 4300 2580 4350 Sed

1487 4371 1641 4422 hisce
1684 4370 1823 4421 locis
1868 4371 1937 4422 de
1981 4372 2220 4422 hommem
2263 4375 2322 4421 et
2363 4368 2581 4435 quidem
