3109 5092
458 309 582 370 484

1325 307 1867 382 HERODOTI

461 479 669 570 ἥμισυ
695 486 817 549 τοῦ
846 478 1092 562 ὕδατος
1125 479 1218 550 ἐπ’
1255 481 1608 569 Αἰγύπτου
1636 481 1822 570 ῥέειν
1848 481 1960 548 καὶ
1988 475 2155 568 πρὸς
2190 478 2442 569 βορέην
2474 477 2746 568 ἄνεμον,

463 583 538 653 τὸ
566 582 633 653 δ’
667 587 899 672 ἕτερον
927 581 1133 673 ἥμισυ
1162 581 1272 654 ἐπὶ
1307 592 1676 673 Αἰθιοπίης
1705 612 1778 653 τε
1819 585 1932 652 καὶ
1958 582 2182 652 νότου.
2243 578 2334 662 ὥς
2358 583 2434 653 δὲ
2460 580 2753 673 ἄβυσσοί

466 695 592 757 εἰσι
621 692 698 755 αἰ
720 690 949 775 πηγαὶ,
983 683 1049 767 ἐς
1081 687 1440 777 διάπειραν
1477 695 1608 778 ἔφη
1639 687 1882 757 τούτου
1917 684 2361 774 Ψαμμήτιχον
2390 686 2746 773 Αἰγύπτου

461 791 742 879 βασιλέα
794 789 1179 861 ἀπικέσθαι.
1266 796 1575 863 πολλέων
1617 790 1744 881 γὰρ
1787 787 1996 860 αὐτὸν
2039 788 2367 876 χιλιάδων
2410 787 2747 878 ὀργυιέων

462 895 877 983 πλεξάμενον
925 894 1135 963 κάλον
1176 912 1476 967 κατεῖναι
1511 895 1721 984 ταύτῃ
1743 947 1760 980 ,
1802 896 1912 961 καὶ
1955 890 2079 961 οὐκ
2109 892 2450 975 ἐξικέσθαι
2478 890 2546 973 ές
2573 899 2740 981 βυσ-

461 998 602 1066 σόν.
673 994 872 1067 Οὕτω
912 999 1038 1087 μὲν
1078 996 1163 1086 δὴ
1209 994 1245 1068 ὁ
1288 997 1817 1088 γραμματιστὴς,
1879 1002 1941 1065 εἰ
1979 994 2108 1084 ἄρα
2151 1001 2360 1065 ταῦτα
2415 995 2746 1083 γενόμενα

463 1107 673 1187 ἔλεγε,
704 1097 1072 1187 ἀπέφαινε,
1106 1098 1194 1194 ὥς
1221 1099 1336 1191 ἐμὲ
1366 1101 1791 1187 κατανοέειν,
1823 1106 2013 1179 δίνας
2042 1096 2229 1178 τινὰς
2265 1098 2475 1188 ταύτῃ
2508 1095 2747 1178 ἐούσας

463 1202 740 1292 ι’σχυράς
769 1207 878 1272 καὶ
912 1207 1315 1293 παλιρροίην
1335 1227 1348 1240 ·
1391 1200 1498 1275 οἷα
1545 1206 1620 1274 δὲ
1664 1202 2111 1293 ἐμβάλλοντος
2136 1206 2259 1271 τοῦ
2297 1197 2544 1283 ὕδατος
2573 1217 2743 1270 τοῖσι

464 1304 694 1393 οὔρεσι
751 1305 840 1394 μὴ
890 1305 1230 1375 δύνασθαι
1284 1307 1685 1396 κατιεμένην
1731 1312 2338 1395 καταπειρητηρίην
2384 1302 2451 1385 ἐς
2492 1302 2749 1393 βυσσὸν

373 1417 453 1478 29
471 1409 663 1478 ἰέναι.
705 1406 949 1478 ’Ἀλλου
976 1410 1052 1479 δὲ
1082 1407 1363 1490 οὐδενὸς
1390 1407 1598 1480 οὐδὲν
1630 1408 1976 1498 ἐδυνάμην
2006 1409 2379 1479 πυθέσθαι.
2437 1405 2606 1478 ἀλλὰ
2632 1434 2742 1476 το-

468 1511 670 1581 σόνδε
698 1512 825 1599 μὲν
854 1510 1017 1581 ἄλλο
1045 1509 1153 1582 ἐπὶ
1180 1512 1599 1602 μακρότατον
1635 1511 2020 1600 ἐπυθόμην,
2054 1513 2247 1600 μέχρι
2275 1508 2401 1600 μὲν
2419 1508 2741 1604 Ἐλεφαν-

466 1678 655 1741 quinto
708 1694 802 1743 per
852 1677 1128 1729 Orientem
1177 1680 1554 1744 peregrinatus

463 1746 635 1796 tradit
673 1747 739 1797 de
771 1746 897 1798 Nilo
936 1750 1067 1813 „qui
1095 1764 1351 1798 emanans
1381 1749 1554 1813 primo

465 1832 528 1865 ex
563 1818 765 1881 abysso
805 1819 983 1882 erupit
1020 1820 1074 1867 in
1098 1819 1275 1868 medio
1314 1819 1552 1882 paradisi

462 1902 528 1935 ex
565 1888 772 1950 ingenti
816 1895 870 1936 et
903 1887 1330 1952 profundissima
1376 1888 1553 1949 fovea,

465 1983 533 1991 —
565 1963 620 2005 et
661 1956 754 2006 illa
789 1957 948 2006 fovea
986 1956 1185 2006 dicitur
1222 1962 1386 2022 caput
1424 1956 1553 2018 Nili,

466 2024 536 2074 ad
574 2025 717 2090 quod
753 2024 886 2075 nulli
919 2031 1073 2090 patet
1115 2027 1297 2076 aditus
1335 2031 1555 2090 propter

466 2094 768 2143 flammeum
808 2092 1048 2158 gladium
1097 2100 1152 2144 et
1198 2096 1438 2159 regionis
1479 2095 1552 2144 al-

465 2162 791 2210 titudinem“
831 2171 936 2212 etc.
968 2164 1057 2226 (Τ.
1077 2164 1183 2216 111.
1223 2180 1275 2228 p.
1301 2165 1400 2214 125
1436 2181 1551 2229 seq.

466 2230 549 2280 ed.
591 2230 836 2280 Hassler.
873 2232 995 2281 coll.
1027 2248 1076 2296 p.
1121 2233 1236 2294 125),
1276 2234 1369 2282 ubi
1413 2234 1553 2283 idem

467 2301 644 2350 Faber
669 2300 1003 2350 Herodotum
1025 2300 1182 2350 affert
1219 2301 1284 2350 de
1312 2302 1423 2351 Nili
1445 2317 1554 2352 cre-

466 2370 667 2419 scentis
706 2374 904 2419 natura
939 2369 1287 2436 tradentem).

537 2452 650 2504 τῶν
711 2445 933 2519 οὐρέων
981 2446 1282 2521 τούτων]
1333 2448 1554 2506 τούτων

467 2542 588 2576 cum
623 2524 799 2576 Gaisf.
841 2525 965 2576 dedi
1003 2541 1099 2591 pro
1136 2524 1401 2577 τουτέων.
1469 2528 1552 2578 Ad

465 2596 634 2645 verba
669 2610 820 2660 seqq.
859 2586 951 2645 ἐπὶ
1000 2590 1314 2659 Αἰθιοπίης
1354 2610 1411 2645 τε
1459 2592 1554 2645 καὶ

467 2658 639 2714 νότου
666 2665 750 2715 Cr.
779 2666 993 2715 confert
1019 2665 1252 2716 Salmas.
1286 2666 1552 2717 Exercitt.

464 2734 606 2785 Plin.
647 2751 776 2800 pag.
814 2736 934 2787 312.

535 2797 589 2860 ἒς
609 2796 916 2867 διάπειραν
931 2795 1342 2869 -υάπικέσθαή
1369 2806 1555 2855 Psam-

464 2872 756 2921 metichum
800 2888 982 2938 regem
1040 2873 1108 2922 ad
1151 2873 1554 2938 Elephantinen

464 2955 636 3004 usque
673 2943 983 3004 pervenisse
1020 2942 1200 3006 prodit
1221 2958 1436 3008 quoque
1474 2944 1555 2992 in-

466 3009 692 3073 scriptio
737 3008 835 3058 illa
883 3010 1121 3070 Graeca,
1171 3013 1324 3061 cuius
1372 3012 1438 3061 ad
1480 3011 1552 3075 11,

466 3079 498 3128 2
537 3078 861 3127 mentionem
909 3079 1158 3138 fecimus;
1207 3082 1364 3130 initio
1410 3082 1551 3130 enim

464 3147 598 3196 haec
641 3147 921 3212 leguntur:
974 3144 1230 3215 βασιλέος
1278 3140 1553 3206 ἐλθόντος

468 3205 522 3273 ἐς
565 3211 975 3280 Ἐλεφαντίναν
1024 3214 1330 3285 Φαματίχῳ
1373 3217 1553 3267 ταῦτα

464 3278 721 3350 ἔγραψαν
757 3301 807 3335 κ.
839 3301 886 3335 τ.
925 3286 972 3335 λ.

535 3365 589 3421 εἰ
615 3362 729 3437 ἄρα
762 3369 940 3422 ταῦτα
969 3364 1248 3437 γενόμενα
1283 3367 1450 3438 ἔλεγε]
1485 3366 1553 3422 τὰ

463 3435 758 3506 γενόμενα,
798 3443 837 3492 i.
877 3458 925 3494 e.
962 3459 1025 3493 ea
1064 3458 1194 3507 quae
1228 3451 1346 3492 sunt
1384 3452 1433 3493 et
1471 3459 1554 3493 re-

377 3535 384 3542 ·
471 3525 597 3575 (epse
631 3515 941 3577 contingunt,
977 3528 1102 3562 vera
1138 3528 1182 3561 s.
1228 3502 1448 3576 ἀληθῆ,
1494 3519 1554 3563 ut

470 3580 668 3631 dudum
724 3583 977 3646 exposuit
1033 3580 1362 3646 Wesseling.
1415 3581 1555 3633 Add.

467 3650 618 3701 Reiz.
669 3651 740 3700 ad
778 3653 963 3714 Viger.
1015 3651 1081 3700 de
1126 3651 1387 3700 idiotism.
1426 3667 1553 3716 pag.

466 3719 567 3769 357
605 3720 787 3785 ibique
821 3721 1115 3771 Hermann.
1160 3736 1286 3785 pag.
1321 3719 1441 3771 778.
1487 3721 1554 3770 ln

469 3803 619 3854 seqq.
648 3788 806 3839 valde
827 3792 1045 3840 variant
1064 3790 1188 3840 libri
1220 3790 1371 3853 editi,
1405 3805 1552 3855 prae-

469 3858 656 3906 sertim
682 3859 823 3923 quod
854 3859 923 3908 ad
952 3860 1439 3924 interpunctionem
1474 3865 1555 3909 at-

467 3925 622 3977 tinet.
685 3927 952 3992 Equidem
971 3931 1148 3978 minus
1165 3930 1554 3994 interpunctio-

465 3994 551 4044 nis
597 3995 812 4059 signum
867 4000 1023 4061 posui
1088 4003 1213 4062 post
1252 3990 1553 4063 ἀπέφαινε,

468 4077 618 4126 cum,
689 4079 828 4127 quae
880 4073 1180 4132 sequuntur
1232 4068 1426 4130 verba,
1484 4069 1556 4118 ad

466 4132 806 4183 Herodotum
844 4134 1021 4198 ipsum
1069 4138 1381 4187 necessario
1419 4138 1555 4188 rese·

466 4201 661 4262 tenda,
700 4201 961 4252 iudicium
984 4219 1140 4254 sunm
1178 4205 1244 4255 de
1279 4207 1374 4267 iis,
1415 4222 1554 4272 quae

466 4265 536 4322 ab
574 4271 870 4336 interprete
908 4272 1084 4322 relata
1120 4276 1421 4339 acceperit,
1469 4293 1554 4326 se·

459 4342 773 4406 iungentem
798 4341 879 4404 (ut
903 4341 1041 4392 bene
1067 4348 1248 4393 monet
1279 4346 1553 4396 Letronne

1660 1680 1716 1729 in
1753 1681 1947 1730 Journ.
1985 1679 2037 1729 d.
2075 1680 2206 1730 Sav,
2248 1679 2398 1729 1817.
2438 1696 2493 1745 p.
2532 1678 2624 1744 92)
2662 1677 2751 1728 vel

1658 1749 1841 1814 potius
1878 1749 2179 1798 sacerdotis
2227 1749 2419 1800 Saitici
2464 1749 2633 1798 verbs
2679 1746 2746 1797 ad

1659 1834 1813 1868 suam
1834 1820 2099 1868 rationem
2121 1818 2502 1883 explicantem,
2531 1834 2564 1867 a
2582 1817 2748 1867 verbo

1658 1882 1939 1951 ἀπέφαινε
1972 1888 2271 1951 pendeant,
2360 1904 2552 1939 uocum
2590 1902 2746 1937 accu-

1660 1957 1825 2007 sativi
1862 1954 2027 2014 δίνας
2055 1987 2126 1996 —-
2145 1904 2493 2024 noeltdtolot‘nv
2518 1957 2747 2007 similem

1660 2028 1715 2075 in
1751 2027 1968 2076 modum
1999 2028 2296 2091 iunguntur
2333 2032 2499 2092 atque
2529 2026 2574 2088 1,
2617 2025 2745 2077 129:

1652 2086 1958 2159 Ἀστυάγης
1979 2093 2044 2144 δέ
2107 2110 2164 2144 ιν
2181 2086 2466 2161 ἀπέφαινε
2493 2094 2568 2162 τῷ
2596 2087 2745 2161 λόγῳ

1659 2156 1999 2213 σκαιότατον
2076 2157 2234 2215 όντα.
2305 2167 2458 2228 Quae
2503 2165 2613 2215 iam
2656 2163 2748 2213 ad-

1657 2234 1858 2283 duntur
1896 2234 2066 2283 altero
2104 2235 2366 2284 orationis
2387 2234 2624 2285 membro
2649 2248 2746 2298 per

1657 2296 1721 2351 δὲ
1757 2302 1930 2365 illato,
1972 2303 2027 2352 in
2067 2304 2133 2352 iis
2171 2306 2548 2354 accusativum
2587 2308 2642 2353 et
2668 2304 2749 2351 in-

1656 2372 1926 2422 finitivum
1976 2365 2072 2436 (μὴ
2120 2365 2413 2422 δύνασθαι
2461 2405 2532 2414 —
2575 2367 2747 2436 ἰέναι)

1656 2442 1734 2491 ita
1754 2442 2131 2506 explicandum
2162 2457 2442 2493 censemus
2460 2481 2473 2506 ,
2510 2448 2571 2492 ut
2597 2457 2626 2490 e
2652 2441 2749 2490 mi-

1659 2512 1778 2560 nori
1818 2511 2196 2561 enuntiatione
2234 2503 2342 2575 (ὡς
2379 2504 2470 2576 ἐμὲ
2504 2525 2747 2560 κατανο-

1657 2577 1797 2642 έειν)
1814 2582 2036 2630 verbum
2052 2585 2232 2630 mente
2246 2588 2569 2646 repetamus,
2585 2595 2747 2646 quam

1659 2655 1985 2699 structuram
2021 2651 2222 2700 Nostro
2259 2650 2404 2700 haud
2438 2652 2751 2716 infrequen-

1655 2725 1765 2769 tem
1797 2735 1917 2769 esse
1954 2724 2191 2770 constat.
2265 2720 2351 2770 cf.
2398 2725 2538 2771 nott.
2577 2719 2647 2769 ad
2698 2720 2744 2780 Ι,

1655 2788 1741 2840 58.
1781 2788 1877 2853 lv,
1916 2790 1965 2839 5.
2005 2790 2092 2839 95.
2171 2791 2342 2850 Quem
2381 2790 2491 2840 loci
2526 2805 2745 2840 sensum

1656 2864 1803 2909 recte
1841 2860 2105 2923 expressit
2127 2858 2393 2910 Aristides
2425 2861 2479 2908 in
2508 2861 2743 2924 Aegypt.

1658 2933 1786 2979 tom.
1825 2928 1900 2978 11.
1940 2943 1992 2992 p.
2031 2929 2133 2980 345
2162 2928 2313 2978 Iebb.
2355 2944 2482 2994 pag.
2520 2927 2624 2978 458
2655 2926 2742 2978 ed.

1654 2998 1818 3048 Dind.
1882 2997 1966 3045 his
2025 2998 2233 3047 verbis:
2297 2994 2350 3048 εἰ
2405 2994 2515 3062 ἄρα
2578 2988 2742 3045 ταῦτ’

1655 3057 1883 3130 ἀληθῆ,
1952 3062 2148 3115 δοκεῖν
2213 3058 2368 3133 αὐτῷ
2429 3065 2594 3124 δίνας
2656 3055 2743 3113 έν-

1656 3134 1851 3184 ταῦθα
1884 3131 1979 3183 καὶ
2030 3129 2371 3200 παλιρῤοίας
2415 3133 2519 3186 τοῦ
2568 3148 2743 3184 ποτα-

1656 3203 1787 3270 μοῦ,
1827 3220 1945 3254 eum
1966 3220 2064 3255 nos
2095 3205 2196 3254 hoc
2232 3206 2388 3256 modo
2413 3204 2744 3256 reddendum

1657 3275 1995 3324 censuimus:
2035 3284 2125 3336 „ut
2163 3275 2384 3340 equidem
2420 3278 2595 3330 sentio.
2631 3283 2750 3323 sune

1658 3345 1856 3409 quidam
1896 3346 2150 3409 yuryites,
2203 3344 2289 3394 vel
2335 3346 2546 3411 potius:
2604 3346 2747 3394 intel-

1658 3415 1786 3463 tescit
1817 3415 1899 3461 ille
1939 3415 2169 3478 gurgites
2214 3416 2480 3480 quosdam,
2529 3417 2616 3479 qui
2646 3415 2750 3463 illic

1658 3491 1774 3533 sunt
1808 3483 1990 3542 validi,
2032 3499 2093 3531 ac
2127 3485 2374 3549 refluxum
2408 3501 2452 3534 s.
2484 3498 2749 3546 repet-cus-

1657 3556 1871 3610 sionem,·
1909 3569 2049 3616 quum
2070 3568 2190 3603 vero
2215 3570 2351 3619 aqua
2384 3553 2623 3604 montibus
2649 3556 2749 3604 illi-

1660 3623 1781 3676 dat,
1817 3621 1958 3670 haud
1976 3624 2139 3686 potuit
2171 3626 2340 3689 utique
2368 3624 2459 3687 (ex
2487 3638 2609 3672 mea
2629 3637 2747 3673 seu-

1658 3691 1857 3754 tentia)
1909 3690 2154 3755 plumbum
2212 3694 2608 3756 exploratorium
2661 3693 2747 3743 de-

1656 3763 1850 3810 missum
1896 3763 1945 3808 in
1997 3762 2204 3822 siendum
2246 3765 2531 3826 pervenire.
2577 3788 2646 3797 —-
2681 3762 2748 3810 In

1658 3844 1810 3895 seqq.
1859 3829 2003 3879 haud
2052 3833 2259 3881 mutavi
2308 3826 2404 3881 οἶα
2448 3825 2539 3894 δὲ,
2603 3830 2747 3895 quod

1658 3898 1834 3949 voluit
1874 3898 2138 3951 Valcken.
2192 3901 2353 3951 Conf.
2401 3905 2540 3952 nott.
2583 3899 2654 3949 ad
2701 3900 2746 3962 Ι,

1658 3967 1744 4020 66.
1770 3996 1840 4006 --
1867 3969 1976 4018 Pro
2004 3959 2066 4032 ἐμ
2108 3963 2348 4028 αλόντος
2368 3985 2489 4020 cum
2514 3974 2747 4021 recentt.

1659 4038 1853 4103 scripsi
1890 4028 2055 4105 έμβάλ
2093 4053 2277 4096 οντος.
2351 4038 2435 4088 Ad
2484 4053 2743 4088 καταπει-

1660 4107 1942 4172 ρητηρίην
1981 4107 2051 4157 cf.
2091 4107 2165 4171 11,
2203 4110 2236 4159 5
2272 4110 2456 4173 ibique
2482 4113 2620 4159 nott.

2015 4247 2145 4296 On.
2184 4247 2383 4296 XXIX.

1727 4339 1815 4397 ἐπὶ
1847 4341 2228 4414 μακρότατον]
2264 4350 2344 4398 De
2380 4350 2481 4399 hac
2517 4351 2750 4401 formula
