3109 5092
1195 397 1447 459 OLIO.
1490 398 1543 458 Ι.
1589 405 1678 461 77.
1722 404 1812 460 78.

2516 391 2628 451 171

359 574 646 662 Πέρσας.
688 574 802 641 καὶ
835 565 870 641 ὁ
901 570 1028 659 μὲν
1056 575 1266 640 ταῦτα
1304 572 1651 660 φρονέων,
1696 566 1785 650 ὥς
1820 564 2095 639 ἆπίκετο
2123 570 2189 648 ἐς
2216 564 2332 647 τὰς
2358 565 2635 655 Σάρδις,

362 684 618 765 ἔπεμπε
649 675 946 765 κήρυκας
973 673 1142 745 κατὰ
1168 672 1284 755 τᾶς
1311 681 1717 765 συμμαχίας,
1761 675 2205 757 προερέοντας
2231 676 2298 753 ἐς
2336 673 2638 763 πέμπτον

365 786 544 870 μῆνα
572 781 1026 866 συλλέγεσθαι
1067 782 1133 859 ἐς
1159 777 1434 864 Σάρδις.
1481 777 1601 849 τὸν
1638 777 1715 848 δὲ
1758 776 2096 861 παρεόντα
2122 779 2234 847 καὶ
2261 775 2633 865 μαχεσάμε-

362 913 485 955 νον
521 881 806 971 στρατὸν
832 883 1150 970 Πέρσῃσι,
1192 878 1265 963 ὃς
1295 874 1381 972 ἦν
1405 880 1619 952 αὐτοῦ
1645 880 1951 964 ξεινικός,
1993 879 2210 950 πάντα
2243 878 2470 962 ἀπεὶς,
2499 884 2636 946 διε-

365 989 684 1071 σκέδασε,
743 983 1006 1073 οὐδαμὰ
1050 989 1353 1069 ἐλπίσας,
1412 991 1503 1077 μή
1554 1014 1706 1056 κοτε
1751 981 1880 1073 ἄρα
1924 980 2423 1074 ἀγωνισάμενος
2462 978 2638 1055 οὕτω

365 1097 845 1179 παραπλησίως
878 1094 1100 1177 Κῦρος
1137 1090 1338 1179 ἐλάσῃ
1380 1092 1487 1161 ἐπὶ
1524 1088 1801 1177 Σάρδις.

1921 1093 2145 1158 Ταῦτα
2183 1091 2635 1178 ἐπιλεγομένῳ
2652 1083 2731 1145 78

362 1201 634 1287 Κροίσῳ
672 1192 748 1262 τό
789 1193 1187 1277 προάστειον
1231 1198 1366 1264 πᾶν
1415 1191 1638 1281 ὀφίων
1678 1192 2083 1281 ἐνεπλήσθη.
2153 1196 2511 1279 φανέντων
2569 1186 2644 1258 δὲ

363 1293 626 1383 αὐτῶν,
695 1302 766 1367 oc
801 1303 995 1367 ἵπποι
1039 1300 1375 1386 μετιέντες
1427 1295 1544 1379 τὰς
1589 1295 1798 1386 νομὰς
1846 1298 2208 1385 νέμεσθαι,
2264 1300 2645 1383 φοιτέοντες

360 1469 474 1518 lium
521 1467 787 1527 ferendum:
838 1465 1259 1523 adhortarentur.
1323 1466 1450 1517 nach

361 1539 459 1588 den
486 1536 997 1599 BzmAesqenossenf‘
1034 1537 1143 1587 Sed
1182 1538 1235 1588 id
1274 1537 1451 1601 ipsum

362 1607 542 1658 verbis
568 1607 826 1657 continuo
861 1607 1245 1670 sequentibus:
1281 1621 1450 1657 ποοε-

363 1674 598 1733 οέοντας
633 1682 703 1717 -'-·
742 1672 1106 1741 συλλέγεσθαι
1146 1666 1200 1732 ἐς
1235 1667 1451 1732 Σάρδις

361 1746 687 1797 declaratur.
754 1744 894 1796 Olim
949 1746 1196 1812 equidem
1244 1745 1453 1795 intelle-

360 1832 577 1867 xeram:
615 1817 878 1865 secundm
918 1816 1139 1876 foedera
1186 1830 1230 1865 s.
1275 1825 1449 1877 pac-ta,

363 1902 502 1952 quae
539 1901 660 1936 cum
698 1884 805 1935 illis
829 1886 1048 1947 regibus
1071 1886 1271 1935 inierat
1297 1886 1456 1935 Oroe-

363 1973 476 2018 sus‚
524 1960 584 2006 ιιι
632 1954 796 2019 paulo
846 1952 1012 2006 'antea
1058 1947 1201 2004 κατὰ
1246 1947 1309 2003 τὸ
1360 1943 1453 2011 ὅρ-

365 2041 524 2087 κιονς
580 2040 725 2075 nunc
770 2025 985 2076 malim:
1028 2042 1131 2089 per
1173 2029 1455 2085 societates,

365 2110 504 2161 quas
541 2094 880 2155 adsciverat,
915 2112 960 2145 s.
997 2096 1073 2145 acl
1098 2096 1296 2151 varios,
1336 2110 1460 2159 quos

359 2166 462 2216 sibi
494 2165 792 2216 adsciverat
817 2169 995 2217 socios.
1030 2168 1093 2215 ut
1127 2165 1193 2225 1‚·
1214 2163 1311 2214 30:
1358 2156 1460 2213 τὸν

362 2228 611 2284 Σόλωνα
646 2225 1004 2293 θεράποντες
1039 2231 1315 2296 περιῆγον
1352 2249 1458 2283 κα-

360 2297 443 2353 τὰ
477 2295 616 2359 τούς
651 2297 1003 2367 θησαυρούς.
1038 2304 1144 2354 Vix
1184 2303 1323 2353 enim
1361 2303 1456 2353 ali·

359 2379 445 2425 ter
478 2366 544 2422 αἷ
580 2372 884 2437 συμμαχίαι
922 2373 977 2425 h.
1002 2374 1039 2424 l.
1076 2373 1309 2437 intelligi
1334 2389 1455 2437 pos-

361 2447 490 2494 sunt
534 2448 695 2508 atque
747 2444 793 2505 1,
845 2442 937 2494 81:
992 2439 1203 2505 ἔπεμπε
1248 2450 1319 2481 —'-
1360 2432 1453 2490 ἄλ-

359 2513 497 2562 λους
516 2503 786 2575 άγγέλους
811 2505 878 2562 ἐς
904 2503 1020 2567 τὰς
1058 2510 1452 2575 συμμαχίας

360 2588 434 2663 οι,
453 2582 500 2643 1,
536 2583 607 2633 82
642 2582 784 2644 init„
820 2582 915 2633 ubi
953 2580 1263 2646 συμμαχίαι
1310 2582 1347 2632 i.
1397 2598 1449 2647 q.

360 2666 666 2714 συιιιιαγοι.

441 2712 507 2771 ἃς
564 2713 641 2785 ἦν
676 2710 858 2768 miz-023
893 2711 1162 2779 ξεινικὸς]
1200 2720 1453 2779 ..essendo

356 2789 716 2843 meremor-fw
773 2789 948 2840 Italus
1002 2790 1295 2854 inter-prem
1351 2805 1451 2840 nec

356 2860 524 2922 male,
579 2875 699 2911 eum
747 2860 883 2909 satis
930 2864 1161 2915 constet,
1224 2851 1451 2920 ξενικὸν

359 2921 609 2985 στρατὸν
645 2928 753 2980 dici
786 2928 852 2978 de
888 2929 1233 2980 mercenariis
1271 2929 1453 2979 militi·

356 3002 491 3061 bus,
540 2999 607 3049 de
654 2999 825 3061 copiis
860 3000 1108 3049 mercede
1146 3000 1449 3050 conductis.

356 3071 466 3119 Est
496 3085 625 3120 vero
660 3068 749 3119 hic
786 3069 1084 3131 cogitanda
1109 3069 1448 3120 orientalium

357 3138 692 3188 exercituum
749 3139 920 3201 ratio,
971 3153 1196 3201 quorum
1252 3155 1451 3201 magna

356 3222 489 3273 pars
527 3212 612 3258 est
646 3207 893 3267 militum,
931 3223 997 3258 ex
1038 3208 1289 3271 gentibus
1327 3209 1449 3259 suh-

357 3279 493 3328 ditis
552 3276 799 3328 mercede
849 3278 1066 3342 quidem
1120 3283 1449 3339 coactorum,

357 3348 457 3398 sed
525 3348 711 3397 statim
784 3347 941 3407 signa
1012 3346 1448 3410 relinquentium,

355 3416 581 3479 quando
618 3416 886 3481 expeditio
926 3421 1011 3466 est
1043 3416 1219 3467 finita.
1281 3417 1453 3478 Quale

354 3485 629 3551 hodieque
664 3487 806 3549 apud
842 3487 1053 3538 Turcas
1092 3487 1338 3536 obtinere
1373 3488 1452 3536 vi-

357 3557 569 3607 demus,
627 3556 763 3616 Quis
812 3555 980 3611 enim,
1020 3561 1081 3605 ut
1130 3557 1196 3605 iis
1232 3557 1451 3616 potissi-

354 3642 507 3676 mum
541 3630 694 3679 utar.
735 3626 911 3675 nescit
946 3624 1209 3676 Albaniae
1241 3626 1450 3677 incolas

355 3697 415 3744 in
442 3696 742 3745 ‘furcarum
769 3695 1008 3745 exercitu
1046 3696 1319 3760 stipendia
1347 3696 1450 3748 hoc

357 3764 525 3815 modo
601 3767 846 3815 merere?
936 3764 1094 3815 Unde
1148 3764 1450 3817 Schlosser.

358 3833 871 3896 (Universalgesch.
905 3834 951 3895 1,
987 3835 1036 3885 l.
1073 3851 1126 3898 p.
1155 3836 1274 3884 250.
1302 3832 1448 3895 not.)

356 3906 443 3953 ita
480 3905 724 3968 scripsit:
762 3920 927 3965 „man
962 3902 1149 3963 findet,
1189 3905 1315 3954 dass
1354 3906 1449 3955 des

358 3973 597 4023 Croesus
627 3974 776 4025 Heer
811 3989 910 4024 aus
966 3973 1069 4023 deu
1112 3975 1451 4035 vereinioeten

356 4044 579 4093 Heeren
614 4043 710 4093 der
754 4045 1000 4094 Vasnllen
1035 4042 1328 4094 bestand.“

436 4105 624 4161 πάντα
656 4104 845 4178 ἀπεὶς]
886 4103 1051 4168 ἀπεὶς
1091 4128 1212 4163 cum
1253 4114 1450 4163 Sohae-

358 4181 482 4232 fero
538 4186 592 4233 et
648 4182 960 4233 Gaisfordio
1024 4198 1091 4232 ex
1146 4198 1256 4232 uno
1311 4183 1452 4233 libro

357 4266 529 4301 manu
571 4252 774 4315 scripto
809 4253 1065 4303 revocavi
1115 4267 1212 4316 pro
1265 4242 1450 4309 ἀφεὶς,

356 4319 613 4385 idemque
631 4326 859 4372 recentt.
885 4321 1009 4373 edd.
1029 4322 1296 4372 fecerunt.
1319 4321 1453 4371 Cum

359 4388 553 4440 eodem
610 4390 922 4441 Gaisfordio
970 4392 1165 4458 scripsi
1224 4381 1453 4455 οὐδαμὰ

356 4473 465 4525 pro
500 4448 757 4524 οὖδαμᾶς
795 4461 869 4514 cf.
907 4461 953 4524 Ι,
993 4460 1078 4512 56.

1626 1455 1852 1515 onwan&
1918 1456 2151 1521 ἐλπίσας
2217 1457 2295 1530 μή
2349 1480 2480 1515 κοτε
2535 1457 2647 1519 ἄρα

1550 1527 1974 1597 ἀγωνισάμενος
2026 1526 2177 1584 οὕτω
2237 1535 2647 1601 παραπλησίως

1556 1604 1749 1659 Κῦρος
1787 1597 1966 1655 Mosa
2005 1594 2091 1653 ἐπὶ
2123 1596 2364 1669 Σάρδις]
2391 1606 2455 1656 In
2483 1608 2646 1658 verbo

1553 1668 1796 1727 ἐλπίῖειν
1832 1675 2108 1737 sperandi.
2150 1678 2499 1725 existimandi.
2551 1693 2646 1739 pu-

1553 1747 1698 1796 tandi
1744 1744 2074 1807 significatio
2110 1745 2198 1794 hic
2237 1746 2434 1794 transit
2477 1745 2533 1795 in
2576 1749 2650 1796 si-

1558 1814 1960 1878 gnificationem
1977 1816 2192 1864 timendi.
2223 1814 2307 1863 De
2326 1831 2433 1879 qua
2455 1816 2641 1877 Viger.

1559 1902 1611 1948 p.
1676 1887 1798 1935 244.
1866 1883 2073 1934 consul.
2153 1882 2293 1933 Add.
2357 1886 2644 1937 Demosth.

1562 1954 1784 2018 Olynth.
1825 1954 1871 2003 1.
1920 1970 1974 2017 p.
2020 1951 2083 2003 13
2128 1953 2315 2003 Reisk.
2388 1956 2469 2004 Eo
2518 1971 2647 2020 quo·

1562 2040 1664 2088 que
1716 2024 1903 2074 referri
1952 2021 2114 2072 debet
2165 2026 2440 2077 structura
2483 2028 2648 2088 paru-

1563 2094 1716 2146 culae
1755 2084 1829 2156 ιιὴ
1866 2097 2125 2155 sequente
2155 2095 2503 2145 coniunctivo
2528 2085 2647 2144 ἐλά-

1563 2178 1651 2219 ση,
1692 2168 1753 2214 ιιι
1788 2163 1978 2226 optimi
2012 2161 2138 2212 libri
2173 2163 2433 2219 afferunt:
2491 2167 2646 2215 cuius

1561 2235 1682 2284 loco
1725 2232 1868 2297 quod
1905 2232 2228 2283 Schaeferus
2275 2239 2330 2284 et
2376 2234 2647 2296 Schweig-

1560 2305 1857 2354 haeuserus
1917 2301 2042 2354 olim
2108 2302 2387 2365 vulgatam
2458 2305 2647 2356 lectio-

1559 2390 1681 2424 nem
1720 2363 1898 2423 ἐλάσει
1949 2379 2301 2431 revocarunt,
2342 2375 2488 2425 nolui
2524 2392 2645 2426 cum

1556 2448 1784 2494 recentt.
1846 2443 1968 2494 edd.
2027 2443 2130 2493 hoc
2185 2445 2442 2507 recipere.
2516 2444 2641 2495 Vid.

1555 2515 1792 2565 Bredov.
1838 2528 1894 2577 p.
1931 2511 2053 2563 390.
2124 2513 2306 2563 Verba
2350 2503 2501 2562 οὕτω
2539 2530 2643 2564 πα-

1556 2580 1881 2645 ραπλησίως
1912 2587 2091 2633 verte:
2133 2591 2232 2632 tam
2265 2599 2426 2646 aequo
2447 2584 2641 2643 Marte,

1556 2669 1677 2703 cum
1713 2667 1935 2702 numero
1977 2652 2252 2715 copiarum
2280 2654 2528 2715 quamvis
2556 2670 2643 2703 su-

1552 2722 1733 2786 perior
1777 2722 1950 2784 Cyrus
2007 2726 2188 2771 tamen
2234 2721 2381 2771 haud
2428 2723 2638 2781 vicerit,

1553 2792 1648 2843 sed
1688 2807 1861 2856 aequo
1896 2792 2074 2841 Marte
2123 2806 2374 2856 pugnans
2421 2808 2450 2842 e
2495 2808 2647 2857 proe-

1550 2862 1626 2913 lio
1664 2861 1997 2912 discesserit.

1857 3034 1991 3085 (Ἂν.
2029 3034 2337 3085 LXXVIII.

1624 3136 1921 3199 φανέντων
1952 3129 2015 3186 δὲ
2051 3127 2226 3187 αι’ντοῖ
2237 3137 2292 3195 ν]
2319 3129 2511 3188 αι’ντοῖν
2528 3156 2642 3190 rur·

1553 3225 1646 3259 sus
1691 3224 1812 3259 cum
1862 3207 2036 3259 Gaisf.
2086 3209 2328 3259 dedimus
2380 3209 2666 3260 librorum·

1552 3279 1902 3343 plurimorum
1947 3294 2012 3328 ex
2061 3278 2408 3329 auctoritate.
2461 3312 2531 3319 —
2575 3281 2640 3329 In

1552 3350 1796 3413 proxime
1829 3347 2115 3398 antecedd.
2164 3339 2516 3411 ἐπιῖέγεσθαι
2558 3354 2642 3398 est

1552 3435 1717 3469 semem
1751 3426 2022 3478 reputare,
2070 3418 2312 3479 coffitare.
2384 3418 2541 3467 Uonf.
2593 3418 2638 3479 Ι,

1553 3490 1640 3538 86.
1661 3489 1737 3545 ΙΙ,
1760 3487 1875 3545 120,
1900 3486 2028 3547 alia,
2054 3501 2193 3550 quae
2219 3484 2372 3535 dabit
2388 3485 2637 3549 Schwgh.

1552 3559 1607 3612 in
1644 3559 1776 3608 Lex.
1812 3554 2016 3605 Herod.
2057 3570 2102 3604 s.
2129 3572 2182 3604 v,
2230 3554 2641 3617 Significatione

1552 3627 1752 3689 legendi
1779 3624 2051 3675 invenitur
2086 3623 2141 3685 1,
2174 3624 2272 3672 125
2308 3628 2361 3674 et
2394 3624 2642 3689 frequen-

1552 3700 1704 3746 tatur
1740 3695 1902 3744 etiam
1953 3695 2292 3751 Pausaniae,
2337 3699 2398 3744 ut
2434 3697 2641 3745 monuit

1554 3765 1804 3817 Siebelis.
1846 3762 1915 3813 ad
1952 3764 1998 3824 1,
2042 3764 2123 3814 1⁶2.
2163 3766 2213 3823 ξ.
2252 3763 2304 3815 3.

1625 3828 1686 3884 οῖ
1736 3830 1906 3882 ἵπποι
1967 3828 2244 3888 μετιέντες
2304 3823 2404 3886 τὰς
2464 3824 2643 3882 νομὰς

1556 3895 1858 3959 νέμεσθαι,
1914 3895 2242 3963 φοιτέοντες
2300 3892 2641 3970 κατήσθιον]

1555 3971 1919 4035 φοιτέοντες
1970 3973 2088 4022 iure
2131 3972 2187 4022 in
2237 3988 2435 4033 magna
2482 3973 2644 4023 libro-

1553 4059 1673 4093 rum
1718 4042 2088 4105 discrepantia
2143 4041 2457 4107 reliquimus
2505 4044 2645 4093 inta-

1555 4117 1720 4167 ctum,
1755 4116 1818 4162 ut
1853 4113 2075 4163 Ionicae
2112 4121 2275 4176 atque
2300 4113 2646 4163 Herodoteae

1555 4182 1791 4234 dialecto
1815 4183 2046 4233 maxime
2059 4186 2501 4232 consentaneum.
2529 4182 2645 4232 Nec

1555 4268 1690 4316 opus
1727 4256 1848 4302 erat
1881 4268 2002 4303 cum
2019 4251 2385 4303 Valckenario
2410 4252 2647 4301 scribere

1556 4311 1961 4382 έσφοιτέοντες
2016 4337 2092 4371 sc.
2146 4312 2210 4369 τὸ
2270 4312 2644 4379 ποοάστειονς

1552 4392 1728 4452 magis
1762 4390 1944 4454 placet
1978 4390 2259 4441 distinctio
2301 4390 2370 4439 ab
2419 4388 2513 4438 illo
2548 4404 2641 4452 po-

1554 4461 1664 4509 sita
1698 4465 1828 4511 ante
1858 4458 2153 4523 μετιέντες.
2209 4458 2368 4520 Quod
2407 4457 2642 4522 denique
