3109 5092
491 340 573 402 48
1352 342 1893 403 HERODOTI

492 517 567 583 ἐν
601 519 694 607 τῷ
734 521 863 607 βίῳ
907 516 1156 600 θῶυμα
1197 515 1511 602 μέγιστον
1548 519 2001 603 παραστῆναι,
2053 511 2322 603 Ἀρίονα
2357 508 2476 583 τὸν
2511 521 2772 602 Μηθυ-

489 634 737 706 μναῖον
774 617 883 686 ἐπὶ
923 622 1240 704 δελφῖνος
1277 620 1737 706 ἐξενειχθέντα
1774 619 1882 686 ἐπὶ
1923 624 2288 708 Ταίναρον,
2334 617 2531 686 ἐόντα
2570 628 2771 686 κιθα-

488 720 713 815 ρῳδὸν
747 725 886 789 τῶν
934 719 1081 790 τότε
1129 720 1382 791 ἐόντων
1438 718 1719 800 οὐδενὸς
1759 721 2113 810 δεύτερον,
2169 723 2281 790 καὶ
2321 720 2773 810 διθύραμβον,

488 829 761 913 πρῶτον
794 820 1186 913 ἀνθρώπων
1218 828 1357 893 τῶν
1391 821 1582 914 ἡμεῖς
1622 831 1852 913 ἴδμεν,
1899 824 2272 916 ποιήσαντά
2303 852 2375 894 τε
2414 826 2526 893 καὶ
2572 821 2772 893 οὐνο-
2797 840 2854 890 ll

487 993 735 1042 floruisse
756 995 993 1041 testatur
1019 993 1220 1042 Suidas
1257 1009 1303 1043 s.
1340 1008 1394 1044 V.
1422 991 1582 1042 Conf.

488 1061 710 1112 Clinton
748 1063 905 1112 Fast.
944 1061 1091 1112 Hell.
1142 1062 1189 1112 Ι.
1232 1079 1284 1126 p.
1322 1061 1427 1113 208
1465 1077 1581 1125 seq.

490 1133 696 1183 Incidit
742 1131 912 1196 igitur
953 1131 1013 1180 in
1060 1132 1346 1196 Sadyattis
1403 1132 1584 1197 Lydo·

488 1219 606 1251 rum
643 1202 789 1265 regis
831 1207 1103 1264 tempora,
1145 1216 1303 1265 quem
1348 1202 1473 1251 inde
1512 1200 1584 1249 ab

488 1287 632 1321 anno
659 1270 764 1322 629
788 1285 962 1335 usque
999 1271 1072 1320 ad
1117 1286 1321 1319 annum
1359 1271 1461 1321 617
1503 1285 1583 1319 re-

490 1356 691 1406 gnasse
728 1355 893 1403 supra
936 1340 1203 1402 vidimus;
1242 1345 1462 1390 secutus
1497 1346 1585 1389 est

489 1409 744 1474 Alyattes
780 1407 955 1470 filine,
984 1410 1078 1474 qui
1112 1425 1303 1474 pacem
1340 1427 1463 1461 cum
1482 1411 1586 1459 Mi-

488 1479 641 1529 lesiis
675 1480 801 1528 iniit
834 1494 980 1528 anno
1028 1478 1132 1529 612
1168 1496 1221 1530 a.
1261 1481 1387 1531 Chr.
1434 1496 1489 1530 ιι.
1536 1496 1580 1529 s.

494 1547 713 1613 Olymp.
762 1548 954 1611 XLII,
1000 1548 1036 1597 i.
1086 1564 1135 1599 e.
1182 1566 1327 1600 anno
1377 1550 1585 1600 decimo

493 1623 717 1684 quarte,
775 1634 881 1683 quo
935 1618 1234 1669 Periander
1296 1620 1584 1685 regnabat.

493 1690 654 1751 Quod
711 1688 904 1739 Arioni
961 1688 1195 1751 accidit,
1257 1691 1328 1739 ad
1384 1705 1585 1739 annum

492 1759 596 1809 610
631 1774 683 1809 a.
727 1758 852 1807 Chr.
889 1772 955 1817 n„
983 1758 1152 1808 refert
1189 1760 1480 1809 Eusebius.
1517 1790 1588 1798 --

491 1828 763 1878 Herodoti
799 1828 991 1878 verba:
1041 1825 1120 1891 τῷ
1156 1820 1228 1891 δὴ
1259 1826 1484 1892 λέγουσι
1513 1859 1585 1868 -

491 1895 721 1965 Λέσβιοι
759 1897 919 1947 affert
953 1876 1326 1963 Hermogenes
1362 1914 1416 1962 p.
1464 1901 1582 1950 157.

491 1984 536 2018 s.
575 1969 642 2018 Τ.
698 1966 811 2017 111.
961 1966 1068 2018 434
1113 1969 1199 2018 ed.
1246 1967 1432 2046 Walz,
1486 1983 1584 2034 pro

490 2035 569 2105 τῷ
610 2028 684 2099 δὴ
720 2037 981 2087 exhibens
1022 2051 1170 2085 ουτω
1210 2028 1303 2101 δή.

533 2086 934 2170 ὁμολογέουσι
972 2102 1037 2154 δέ
1065 2119 1167 2169 σφι
1190 2104 1445 2173 Λέσβιοι]
1473 2109 1587 2158 Me-

491 2177 718 2241 thymna
762 2175 933 2238 enim,
997 2176 1138 2224 unde
1196 2182 1358 2226 natus
1394 2178 1584 2240 Arion,

491 2245 659 2295 Lesbi
695 2244 906 2294 insulae
943 2244 1048 2293 fuit
1086 2245 1235 2295 urbs.
1285 2247 1430 2297 Hinc
1467 2248 1587 2311 ipsa

490 2313 673 2364 insula
710 2330 855 2363 nunc
896 2317 1128 2363 vocatur
1164 2314 1391 2366 Mitilini.

563 2381 775 2448 θῶυμα
811 2380 1078 2447 μέγιστον
1125 2382 1585 2452 παραστῆναι]

492 2454 856 2504 Locutionem
890 2453 1118 2502 eandem
1155 2452 1450 2519 aliquoties
1495 2456 1590 2505 ad-

491 2524 672 2574 hibuit
707 2523 1038 2583 Pausanias3
1103 2523 1167 2573 de
1226 2540 1332 2589 quo
1380 2526 1592 2576 monuit

494 2593 727 2645 Siebelis
762 2594 835 2643 ad
849 2594 917 2671 Ι,
955 2592 1039 2644 23.
1076 2596 1128 2655 5.
1169 2593 1222 2645 4.

560 2655 786 2727 Ἀριόνα
805 2654 908 2711 τὸν
920 2660 1325 2727 Μηθυμναῖον
1350 2652 1443 2713 ἐπὶ
1463 2661 1585 2713 δελ-

494 2736 668 2797 φινος
707 2724 1102 2798 ἐξενειχθέντα
1146 2747 1196 2782 κ.
1241 2748 1289 2783 τ.
1329 2731 1404 2798 λ]
1441 2735 1587 2784 Pun-

494 2808 645 2853 ctum
680 2803 885 2864 maius,
921 2818 1027 2867 quo
1066 2802 1201 2852 haec
1234 2818 1267 2851 a
1299 2803 1589 2868 superiori-

495 2875 597 2923 bus
637 2872 901 2921 distincta
940 2873 1185 2934 fuerunt,
1234 2872 1348 2922 iure
1394 2871 1587 2923 tollen-

498 2942 644 3003 dum,
684 2956 807 2989 cum
843 2938 977 2990 haec
1016 2942 1184 2990 verba
1229 2957 1324 3004 per
1368 2942 1587 3007 apposi-

497 3011 700 3059 tionem
738 3008 1012 3074 quandam
1046 3010 1226 3060 verbis
1262 3007 1473 3074 θῶυμα
1492 3009 1585 3075 μέ-

496 3093 693 3145 γιστον
738 3077 956 3128 adiecta
1014 3080 1322 3129 videantur.
1380 3111 1451 3119 —
1499 3080 1586 3130 Ad

495 3152 673 3214 ipsum
718 3152 1099 3212 argumentum
1143 3148 1269 3199 nolo
1323 3153 1584 3214 repetere,

495 3234 634 3284 quae
684 3216 846 3281 paulo
892 3222 1019 3267 ante
1073 3217 1333 3280 disserui,
1393 3219 1585 3283 paucis

399 3341 408 3353 ‚
449 3294 455 3299 '
495 3287 738 3339 sufficiat
779 3288 1051 3337 monuisse
1086 3287 1152 3337 de
1189 3287 1463 3353 delphine,
1493 3288 1588 3354 qui

494 3364 581 3408 est
613 3357 891 3421 Delphinus
935 3357 1147 3420 Delphis
1194 3358 1355 3408 Linn.
1407 3373 1452 3407 s.
1493 3359 1590 3407 der

498 3429 773 3485 Tiimmler:
809 3426 965 3477 cuins
995 3442 1134 3492 quae
1170 3431 1352 3493 partes
1389 3428 1501 3496 sint
1529 3428 1586 3476 in

494 3498 600 3548 hac
636 3496 841 3559 fabula,
878 3497 1166 3563 indagavit
1200 3497 1496 3548 Creuzerus
1530 3498 1588 3546 in

496 3569 648 3618 Diss.
688 3567 899 3617 laudat.
947 3569 1188 3618 sectione
1237 3569 1413 3633 priore
1458 3568 1587 3617 inde

499 3653 531 3686 a
567 3654 694 3702 pag.
738 3638 804 3688 10
841 3653 955 3701 seq.
998 3638 1258 3702 (Opuscc.
1297 3637 1415 3689 sell.
1443 3655 1496 3703 p.
1526 3636 1588 3700 9)

499 3710 555 3755 et
578 3707 804 3771 posthac
832 3707 885 3754 in
916 3707 1212 3771 Symbolic.
1248 3709 1361 3759 111.
1398 3724 1452 3773 p.
1483 3707 1586 3758 267

416 3788 419 3791 ’
500 3775 632 3823 edit.
656 3781 803 3835 tert„
824 3775 918 3824 ubi
940 3776 997 3825 in
1018 3777 1331 3827 universum
1345 3778 1410 3827 de
1425 3777 1589 3827 huius

500 3842 753 3892 animalis
790 3848 986 3893 natura
1021 3859 1088 3893 ac
1135 3846 1441 3896 rationibus
1482 3852 1589 3895 tes-

501 3913 720 3962 serariis
762 3912 1085 3975 disputavit.
1138 3914 1277 3964 Add.
1328 3916 1585 3966 Loremz.

501 3981 539 4031 1.
578 3980 614 4031 l.
657 3997 783 4046 pag.
823 3981 890 4032 20
920 3996 1033 4045 seq.
1082 3981 1337 4033 Welcker
1378 3983 1415 4033 l.
1457 3984 1492 4035 l.
1533 4001 1586 4049 p.

501 4049 589 4101 89.
628 4050 789 4101 Multi
817 4050 960 4100 enim
991 4054 1119 4099 sunt
1151 4056 1361 4101 veteres
1393 4053 1448 4103 in
1472 4053 1591 4103 lau-

503 4120 687 4171 danda
721 4121 880 4170 huius
904 4118 1095 4170 beluae
1118 4121 1252 4171 mira
1286 4121 1587 4185 celeritate,

502 4190 707 4256 ingenii
742 4190 1184 4252 mansuetudine,
1231 4190 1497 4257 singulari
1530 4194 1589 4241 in

503 4260 747 4310 homines
807 4276 989 4310 amore
1056 4260 1300 4325 miraque
1357 4260 1589 4311 aliarum

505 4329 767 4379 virtutum
804 4330 980 4394 copia.
1052 4330 1230 4395 Atque
1274 4330 1440 4382 etiam
1476 4347 1590 4382 mu-

504 4400 621 4450 sica
675 4396 899 4451 mulceri
942 4413 1062 4450 eam
1111 4403 1383 4467 cantuque
1430 4398 1591 4453 tibia·

1686 1008 1807 1043 rum
1841 993 2078 1058 gaudere
2121 993 2394 1055 dicebant,
2423 982 2781 1056 φιλόμουσον

1686 1061 2058 1127 appellabant,
2081 1063 2437 1127 omnibusque
2469 1060 2778 1111 hominibus

1687 1134 1922 1183 amicum
1983 1148 2049 1183 ac
2098 1133 2424 1197 benignum,
2485 1131 2777 1196 praecipuo

1687 1208 1873 1252 tamen
1900 1207 2181 1267 poetarum
2212 1202 2450 1268 quodam
2477 1216 2661 1250 amore
2689 1212 2779 1259 ca·

1688 1277 1869 1337 ptum,
1917 1273 2150 1336 indeque
2198 1271 2439 1336 Apollini
2495 1283 2780 1321 consecra·

1686 1348 1821 1392 tum.
1861 1342 1929 1392 In
1961 1343 2100 1392 mari
2130 1345 2333 1404 autem,
2357 1342 2453 1391 nbi
2479 1340 2620 1390 alias
2647 1354 2780 1389 non-

1687 1412 1795 1461 nisi
1829 1411 2132 1462 horrendae
2167 1428 2235 1462 ac
2271 1412 2544 1462 timendae
2569 1409 2779 1460 bestiae

1687 1487 2003 1545 versantur,
2049 1480 2337 1546 delphinus
2384 1485 2529 1543 erat,
2577 1496 2611 1529 a
2651 1494 2778 1544 quo,

1687 1556 1878 1616 utpote
1949 1552 2124 1602 omnis
2195 1551 2554 1601 humanitatis
2620 1548 2781 1615 quasi

1690 1620 1969 1686 symbolo,
2034 1619 2188 1685 opem
2258 1625 2514 1684 peterent‘
2562 1617 2778 1676 afflicti,

1691 1692 1847 1741 cuius
1879 1690 2084 1741 tutelae
2122 1706 2179 1741 se
2224 1693 2627 1755 permitterent,
2665 1686 2782 1753 qui—

1691 1776 1901 1825 cunque
1963 1760 2144 1810 ventis
2212 1766 2268 1810 et
2329 1761 2490 1810 undis
2553 1757 2778 1808 incertis

1686 1831 1881 1880 iactati
1916 1831 2022 1880 sibi
2056 1829 2335 1891 timerent,
2374 1834 2568 1893 poetae
2618 1827 2781 1891 inpri-

1688 1901 1790 1950 mis
1824 1900 2162 1951 sanctissimi
2197 1916 2264 1950 ac
2299 1904 2476 1961 vates,
2517 1898 2609 1964 qui
2645 1911 2779 1945 nun-

1688 1985 1853 2035 quam
1878 1970 2256 2021 humanissimi
2282 1936 2536 2018 animalis
2573 1972 2629 2017 et
2648 1967 2782 2015 ami-

1688 2040 1897 2090 cissimi
1958 2055 2113 2104 opem
2185 2039 2390 2088 frustra
2463 2037 2777 2102 implorant.

1687 2110 1841 2160 Haec
1887 2126 1915 2159 e
1960 2109 2234 2159 sententia
2293 2112 2537 2158 veterum
2597 2107 2780 2169 dispu-

1688 2184 1826 2241 tata,
1864 2184 1949 2229 tot
1979 2178 2118 2229 locis
2157 2177 2478 2228 confirmata
2500 2176 2780 2227 sufficiant

1690 2249 1763 2298 ad
1808 2250 2154 2299 Herodoteae
2214 2247 2547 2297 narrationis
2595 2245 2780 2295 melio-

1690 2334 1803 2367 rem
1826 2318 2264 2384 intelligentiam.
2305 2318 2418 2368 Nec
2439 2317 2632 2367 mirum
2654 2316 2779 2365 inde

1690 2386 1778 2437 vel
1814 2388 1872 2437 in
1909 2381 2342 2439 Christianorum
2367 2386 2644 2436 hominum
2665 2399 2782 2434 sar-

1691 2457 1952 2523 cophagis
1988 2457 2231 2522 conspici
2262 2455 2566 2520 delphinos,
2603 2461 2781 2504 trans-

1691 2527 1828 2576 itum
1874 2543 1940 2576 ex
1974 2528 2078 2578 hac
2114 2528 2228 2577 vita
2260 2525 2508 2575 terrestri
2540 2540 2780 2574 cursum-

1693 2612 1795 2661 que
1833 2598 1904 2646 ad
1940 2598 2224 2648 beatorum
2257 2595 2466 2645 insulas
2496 2594 2779 2646 declaran-

1686 2674 1797 2716 tes:
1827 2667 1938 2716 vid.
1964 2668 2128 2731 Piper
2143 2664 2447 2730 Mytholog.
2487 2665 2539 2715 d.
2563 2662 2778 2715 christl.

1687 2737 1869 2786 Kunst
1905 2736 1952 2787 Ι.
1994 2752 2046 2801 p.
2088 2738 2190 2786 224
2232 2750 2347 2813 seq.

1758 2797 1924 2855 ἐόντα
1959 2797 2301 2885 κιθαρωδὸν
2334 2801 2449 2853 τῶν
2497 2794 2620 2852 τότε
2656 2792 2779 2852 ἐόν-

1687 2889 1803 2923 των
1849 2866 2091 2931 οὖδενός
2144 2854 2436 2939 δεύτερον]
2480 2873 2517 2923 i.
2568 2890 2617 2923 e.
2654 2873 2782 2937 „qui

1687 2944 2010 2995 citharoedus
2057 2952 2200 3007 erac,
2250 2946 2376 2992 nulli
2418 2957 2545 2993 suae
2594 2944 2782 2991 aetati-s

1684 3014 1995 3065 secunda-est
2020 2981 2380 3063 Locut’ionem
2396 3002 2639 3067 οὐδενὸς
2651 3001 2780 3059 δεύ-

1687 3097 1856 3145 τερον
1899 3075 2050 3131 εἶναι
2093 3082 2391 3143 illustrant,
2466 3094 2567 3130 uae
2624 3079 2781 3129 affert

1689 3152 1943 3202 Kuehner
1966 3151 2060 3203 Gr.
2085 3153 2179 3204 Gr.
2217 3156 2267 3215 §-
2295 3152 2414 3210 540,
2479 3188 2491 3199 .
2531 3154 2585 3199 et
2608 3151 2781 3200 Hero-

1690 3222 1838 3272 dotei
1871 3220 1982 3272 loci
2016 3222 2114 3283 IV,
2157 3220 2442 3282 14.V111‚
2482 3219 2601 3271 104.
2647 3220 2781 3268 For-

1688 3291 1834 3341 sitan
1869 3292 1974 3342 huc
2004 3296 2253 3424 spectatp
2241 3290 2539 3341 Grammat.
2569 3289 2624 3338 in
2641 3288 2783 3338 Bek-

1689 3360 2173 3412 ker-Anecdd.1.
2312 3349 2781 3439 89,14εδεύτε-

1693 3444 1828 3492 ρον·
1867 3421 1994 3479 ἀντὶ
2031 3428 2136 3480 τοῦ
2171 3376 2310 3493 μεθ’
2352 3420 2576 3493 ἑτέρου·
2613 3418 2780 3491 Ηρό-

1689 3495 1862 3557 δοτος
1890 3490 2111 3566 πρώτῳ.
2149 3529 2219 3539 —-
2253 3499 2301 3548 A
2333 3495 2651 3557 citharoedo,
2688 3496 2783 3561 qui

1688 3569 1902 3619 cithara
1961 3573 2175 3633 utatur,
2238 3567 2436 3633 quique
2497 3572 2664 3616 canat
2726 3570 2781 3615 et

1687 3637 1907 3704 psallat,
1948 3639 2264 3689 Ammonius
2298 3637 2591 3701 distinguit
2625 3633 2781 3685 cithu-

1689 3711 1885 3773 viscum,
1922 3708 2015 3772 qui
2047 3708 2234 3773 lyram
2281 3710 2486 3756 tractet
2531 3709 2588 3756 et
2632 3703 2776 3768 psal-

1687 3777 1771 3828 lat
1807 3778 1995 3837 mod03
2032 3778 2146 3828 vid.
2188 3792 2312 3842 pag.
2365 3775 2433 3825 82
2485 3775 2550 3825 de
2602 3774 2775 3824 differ.

1688 3849 1919 3898 vocabb.
1992 3848 2100 3899 Sed
2155 3848 2219 3896 de
2278 3845 2363 3896 his
2415 3846 2529 3909 ipse
2592 3844 2780 3894 videat

1692 3917 1932 3968 Graecus
1984 3917 2264 3982 magister.
2336 3915 2451 3966 Nos
2503 3929 2625 3964 cum
2677 3914 2775 3965 Cr.

1690 3988 2045 4037 amandamus
2083 3986 2155 4035 ad
2189 4001 2273 4047 ea,
2299 3999 2439 4049 quae
2475 3981 2781 4035 Valckena-

1690 4056 1802 4105 rius
1841 4062 2023 4107 monet
2054 4055 2111 4105 in
2129 4052 2441 4135 Koppiersii
2466 4053 2629 4104 Obss.
2655 4051 2781 4103 Phi-

1689 4123 1803 4175 loll.
1837 4143 1891 4191 p.
1933 4126 2032 4176 142
2072 4140 2187 4188 seq.
2226 4125 2281 4172 in
2317 4129 2434 4173 not.

1761 4192 1991 4260 πρῶτον
2024 4183 2360 4255 ἀνθρώπων
2401 4205 2536 4241 των
2582 4180 2779 4252 ἡμεις

1692 4260 1919 4330 ἴδμεν]
1944 4265 2028 4314 De
2053 4263 2330 4315 locutione
2351 4259 2667 4310 Herodotea
2697 4263 2778 4306 to·

1688 4334 1793 4383 ties
1866 4334 2026 4383 obvia
2115 4333 2209 4382 vix
2265 4328 2607 4382 monendum.
2695 4327 2777 4376 De

1689 4403 1865 4453 forma
1912 4397 2094 4466 ἴδμεν,
2154 4415 2261 4467 qua
2305 4400 2621 4451 constanter
2670 4396 2780 4448 No-
