3109 5092
1268 331 1520 394 CLIO.
1568 335 1619 393 I.
1662 340 1789 396 203.
2536 334 2660 397 409

388 517 502 598 σίῃ
530 511 888 602 χρεωμένῳ
917 514 1401 579 πεντεκαίδεκα
1440 502 1780 596 ἡμερέων,
1826 498 2021 597 εὖρος
2051 508 2157 592 δὲ,
2200 513 2282 598 τῇ
2326 507 2658 600 εὐρυτάτη

388 614 527 682 ἐστὶ
557 610 727 700 αὐτὴ
759 614 1029 702 ἑωυτῆς,
1061 609 1235 682 ὀκτώ
1261 607 1588 701 ἡμερέων.
1660 615 1799 681 Καὶ
1824 609 1906 682 τὰ
1934 612 2060 700 μὲν
2103 609 2270 700 πρὸς
2293 610 2420 702 τὴν
2464 616 2656 684 ἑσπέ-

388 746 518 806 ρην
554 719 847 803 φέροντα
887 721 1004 805 τῆς
1055 717 1402 803 θαλάσσης
1449 713 1695 803 ταύτης
1747 712 1784 786 ὁ
1837 714 2194 795 Καύκασος
2250 724 2659 805 παρατείνει,

387 817 522 889 ἐῶν
572 816 836 908 οὐρέων
888 820 1000 888 καὶ
1056 820 1309 908 πλήθεϊ
1356 821 1671 907 μέγιστον
1711 821 1822 888 καὶ
1871 819 2163 907 μεγάθεϊ
2214 815 2656 908 ὑψηλότατον.

389 929 598 992 ἔθνεα
643 923 718 991 δὲ
757 919 1151 1012 ἀνθρώπων
1195 920 1408 992 πολλὰ
1435 923 1544 991 καὶ
1575 938 1857 991 παντοῖα
1885 925 1960 992 ἐν
1992 923 2220 1016 ἑωυτῷ
2248 929 2384 1011 ἔχει
2410 919 2447 992 ὅ
2468 923 2654 994 Καύ-

387 1047 624 1110 κασος,
664 1022 746 1094 τὰ
774 1023 988 1095 πολλὰ
1018 1027 1235 1096 πάντα
1262 1022 1382 1094 ἀπ’
1416 1021 1582 1114 ὕλης
1609 1020 1847 1114 ἀγρίης
1888 1026 2158 1109 ζώοντα.
2246 1029 2321 1094 ἐν
2346 1043 2518 1096 τοῖσι
2547 1031 2656 1098 καὶ

389 1131 675 1218 δένδρεα
720 1128 948 1216 φύλλα
989 1135 1257 1218 τοιῆσδε
1302 1131 1484 1217 ἰδέης
1523 1127 1946 1218 παρεχόμενα
2000 1128 2173 1198 εἶναι
2218 1133 2517 1216 λέγεται,
2575 1130 2656 1202 τά

387 1230 738 1320 τρίβοντάς
784 1260 855 1301 τε
897 1233 1008 1302 καὶ
1037 1239 1582 1322 παραμίσγοντας
1624 1227 1846 1320 ὕδωρ,
1886 1236 2019 1326 ζῷα
2060 1235 2369 1303 ἑωυτοῖσι
2412 1237 2478 1315 ἐς
2532 1234 2657 1324 τὴν

388 1339 642 1423 ἐσθῆτα
671 1332 1071 1423 ἐγγράφειν·
1126 1335 1205 1405 τὰ
1247 1336 1320 1405 δὲ
1351 1340 1482 1429 ζῷα
1509 1330 1635 1405 οὐκ
1665 1332 2123 1406 ἐκπλύνεσθαι
2141 1387 2160 1420 ,
2204 1332 2375 1406 ἀλλὰ
2401 1359 2655 1425 συγκα-

387 1437 835 1527 ταγηράσκειν
865 1444 959 1532 τῷ
1003 1436 1183 1532 ἄλλω
1214 1445 1424 1530 εἰρίῳ,
1455 1439 1751 1525 κατάπερ
1777 1437 2257 1527 ἐνυφανθέντα
2284 1438 2514 1531 ἀρχήν.
2544 1449 2654 1531 μί-

298 1559 369 1617 97
389 1545 492 1625 ξιν
532 1542 606 1611 δὲ
648 1541 911 1611 τούτων
948 1548 1086 1612 τῶν
1127 1539 1518 1631 ἀνθρώπων
1562 1541 1737 1613 εἶναι
1767 1540 2103 1633 ἐμφανέα,
2148 1543 2444 1635 κατάπερ
2485 1562 2658 1616 τοῖσι

386 1758 624 1816 servant,
661 1753 822 1819 idque
844 1753 1189 1818 potissimum
1212 1755 1472 1820 cognosci

385 1825 442 1874 in
478 1828 642 1888 terra,
673 1838 811 1889 quae
847 1824 1022 1888 magis
1060 1824 1340 1889 magisque
1373 1824 1471 1875 fiat

386 1895 536 1944 sicca
563 1898 620 1943 et
646 1894 804 1952 dura,
839 1891 1189 1943 decrescente
1213 1909 1471 1959 aquarum

385 1965 570 2028 copia3
624 1979 728 2029 quo
776 1961 919 2024 fieri,
967 1968 1029 2012 ut
1072 1963 1130 2012 in
1167 1963 1281 2014 dies
1318 1964 1470 2014 lacus

383 2033 779 2092 diminuantur,
815 2031 1040 2096 paludes
1066 2048 1131 2082 ac
1158 2038 1355 2097 stagna
1381 2050 1470 2085 ex-

382 2104 685 2163 siccentur,
728 2099 1006 2167 solumque
1043 2102 1143 2152 fiat
1180 2103 1365 2153 durius
1404 2119 1468 2154 ac

381 2173 603 2222 firmius.
653 2170 805 2222 Conf.
829 2172 995 2221 etiam
1016 2171 1346 2237 Kephalides
1368 2172 1406 2224 l.
1425 2173 1463 2223 l.

381 2258 507 2308 pag.
536 2242 636 2292 158
663 2256 811 2306 seqq.
846 2240 969 2291 219.

451 2309 520 2374 τῇ
567 2301 847 2372 εὐρυτάτη
892 2300 1005 2358 ἐστὶ
1040 2299 1184 2373 αὐτὴ
1232 2299 1463 2377 ἑωυτῆς]

381 2383 465 2433 De
487 2381 760 2431 locutione
783 2379 893 2429 vid.
918 2379 989 2429 ad
1011 2379 1056 2442 1,
1077 2380 1195 2432 193.
1216 2406 1287 2417 —
1314 2382 1467 2442 Quae

380 2454 676 2572 3223322‘50‘
701 2449 869 2569 13:³53:
893 2448 1464 2584 ssissssssssssssgsszassiessb

381 2591 541 2641 datur
561 2589 698 2638 mari
712 2588 930 2654 Caspio,
950 2589 1085 2650 sive,
1115 2593 1176 2638 ut
1194 2589 1465 2655 Schweig-

381 2660 675 2710 haeuser-us
722 2659 1019 2722 expressit:
1067 2660 1116 2708 ei
1145 2661 1291 2722 parti
1320 2660 1466 2710 huius

379 2731 559 2790 mar-is,
616 2744 746 2793 quae
791 2728 864 2777 ad
904 2728 1204 2778 occidentem
1248 2738 1461 2794 spectat,

378 2800 637 2850 Caucasus
669 2813 808 2848 mons
841 2798 1208 2860 praetenditur.

449 2860 557 2918 ἔων
578 2857 801 2930 οὐρέων
823 2863 918 2916 καὶ
944 2860 1160 2931 πλήθεϊ
1178 2859 1461 2932 μέγιστον,

377 2934 473 2988 καὶ
504 2927 747 3002 μεγάθεϊ
778 2926 1165 3001 ὑψηλότατον]
1222 2928 1463 3000 οὐρέων

377 3024 499 3059 cum
543 3006 849 3072 Schweigh.
896 3011 951 3057 et
996 3006 1170 3058 Gaisf.
1220 3006 1464 3058 dedimus

378 3094 475 3144 pro
520 3075 743 3139 vulgato
780 3066 982 3141 ὀρέων.
1052 3076 1139 3126 Ad
1183 3092 1464 3143 argumen-

377 3153 492 3198 tum
536 3147 644 3196 loci
678 3150 807 3211 apte
847 3152 1167 3210 comparant
1203 3149 1463 3199 Aristote-

373 3217 481 3272 lem
515 3218 571 3266 in
606 3214 887 3266 Meteorol.
928 3215 974 3277 1,
1007 3215 1092 3267 13:
1144 3207 1175 3266 ὁ
1206 3210 1268 3266 δὲ
1309 3208 1462 3267 Καύ-

375 3299 549 3343 κασος
573 3277 842 3346 μέγιστον
872 3275 1187 3348 ὅρος---
1204 3281 1298 3336 καὶ
1324 3277 1460 3347 πλή-

376 3355 473 3406 θει
504 3350 600 3404 καὶ
625 3352 782 3417 ὕψει,
818 3359 873 3404 et
903 3354 1063 3432 pauJ'o
1093 3360 1239 3420 post:
1270 3353 1376 3405 τοῦ
1398 3348 1462 3404 δὲ

375 3417 642 3491 πλήθους
678 3421 972 3489 (σημεῖον)
998 3438 1084 3472 οτι
1112 3415 1322 3482 πολλὰς
1349 3419 1460 3489 ἔχει

374 3490 561 3557 ἕδρας,
596 3484 657 3543 ἑν
680 3486 772 3550 αἷς
799 3484 948 3556 ἔθνη
978 3496 1238 3543 κατοικεῖ
1257 3486 1458 3544 παλλά.

373 3566 492 3616 Ηοο
525 3565 580 3613 in
609 3563 730 3614 loco
747 3561 1069 3613 Aristoteles
1098 3578 1284 3614 vocem
1317 3562 1458 3627 πλῆ-

373 3633 486 3690 θος
520 3632 590 3683 ad
628 3631 926 3683 incolarum
964 3631 1366 3683 multitudinem
1404 3638 1459 3683 et

373 3703 530 3755 sedes
553 3707 741 3768 aperte
766 3700 979 3762 retulit3
1019 3702 1162 3767 quod
1193 3718 1347 3752 secus
1374 3707 1458 3752 est

371 3774 514 3839 apud
538 3772 901 3832 Herodotum,
942 3771 1032 3837 qui
1067 3787 1133 3822 ea
1170 3788 1307 3822 voce
1343 3787 1457 3821 am·-

370 3842 689 3909 plitudinem
718 3841 878 3892 huius
914 3842 1111 3890 montis
1148 3847 1204 3891 et
1228 3842 1457 3892 vastita-

368 3918 478 3965 tem
509 3911 829 3962 declaravit.

440 3975 616 4031 ἔθνεα
661 3974 726 4029 δὲ
760 3969 1094 4041 ἀνθρώπων
1134 3969 1314 4026 πολλὰ
1358 3972 1458 4027 καὶ

368 4053 616 4101 παντοῖα
634 4039 694 4098 ἒν
722 4038 912 4111 ἑωυτῷ
933 4041 1044 4113 ἔχει
1073 4037 1104 4096 ὁ
1128 4038 1453 4111 Καύκασος]

365 4124 450 4172 De
497 4120 745 4171 Caucaso
794 4117 887 4182 (cf.
915 4115 1126 4181 1,104)
1180 4132 1319 4182 quae
1364 4132 1453 4166 ve-

363 4191 570 4241 teribus
627 4188 852 4253 cognita
907 4186 1150 4247 fuerunt,
1212 4185 1456 4236 exhibuit

363 4260 540 4311 Ukert
562 4257 602 4308 l.
624 4257 660 4308 l.
688 4274 742 4322 p.
761 4255 862 4307 103
891 4272 1070 4321 seqq.‚
1108 4255 1176 4305 de
1199 4255 1455 4320 gentibus

363 4346 417 4394 p.
439 4329 540 4380 558
566 4343 713 4393 seqq.
766 4327 847 4377 Ac
885 4327 1023 4375 satis
1056 4329 1289 4386 constat,
1326 4340 1453 4388 gen-

365 4403 449 4454 tes
476 4398 781 4452 Caucasum
815 4394 1122 4449 incolentes
1161 4410 1261 4448 nec
1289 4394 1453 4448 Grae-

1574 1757 1654 1805 cis
1679 1769 1778 1804 nec
1800 1753 1983 1804 Persis
2007 1753 2314 1804 accuratius
2338 1754 2658 1819 innotuisse,

1573 1841 1695 1876 cum
1728 1839 2004 1889 nunquam
2038 1825 2324 1873 Persarum
2378 1824 2659 1888 imperium

1574 1912 1636 1945 eo
1666 1908 1835 1957 usque
1864 1893 2024 1942 fuerit
2055 1898 2415 1957 propag-atum
2449 1908 2548 1943 nec
2580 1893 2658 1959 ip-

1574 1979 1669 2014 sae
1704 1962 1846 2012 istae
1881 1964 2070 2026 gentes
2105 1978 2340 2027 unquam
2370 1963 2658 2015 Persarum

1572 2032 1853 2098 imperium
1887 2032 2217 2082 curaverint.

1640 2094 1709 2151 τὰ
1740 2092 1920 2150 πολλὰ
1948 2092 2134 2150 πάντα
2160 2091 2255 2150 ἀπ’
2288 2088 2431 2165 ὕλης
2453 2091 2662 2167 άγριής·

1568 2162 1805 2234 ζώοντα]
1864 2162 1932 2219 τὰ
1977 2162 2157 2220 πολλὰ
2203 2170 2447 2221 adverbii
2495 2188 2658 2223 sensu

1569 2240 1658 2291 hic
1689 2240 1796 2290 dici
1823 2244 2140 2307 plerumque,
2173 2246 2356 2291 monet
2380 2241 2657 2293 Schaefer.

1572 2310 1642 2362 ad
1689 2310 1967 2362 Lambert.
2042 2312 2172 2361 Bos.
2220 2327 2347 2376 pag.
2383 2313 2485 2362 427
2524 2328 2657 2378 seq„

1570 2372 1758 2430 πάντα
1796 2396 1925 2431 vero
1963 2381 2031 2431 ad
2069 2382 2179 2430 vim
2224 2381 2527 2446 aagendam
2565 2382 2658 2431 ad-

1571 2450 1742 2500 ditum
1762 2466 1900 2512 esse,
1930 2450 2073 2501 unde
2090 2450 2490 2514 accipiendum:
2514 2454 2658 2517 lonae

1568 2523 1847 2590 plurimum,
1881 2523 2026 2585 Ionye
2044 2523 2265 2584 plurima
2284 2536 2355 2570 ex
2374 2530 2543 2584 parte,
2579 2523 2659 2572 ita

1567 2595 1630 2640 ut
1666 2589 1769 2639 hae
1803 2594 1994 2654 gentes
2022 2591 2161 2639 nulla
2195 2589 2313 2652 sere
2348 2592 2455 2640 alia
2488 2607 2548 2640 re
2585 2595 2656 2641 vi-

1568 2668 1669 2710 tam
1693 2667 1984 2710 sustentare
2011 2659 2264 2709 dicantur
2286 2661 2385 2709 nisi
2406 2660 2657 2721 fructibus

1566 2729 1893 2780 silvestribus.
1932 2730 2022 2779 Sic
2043 2728 2181 2778 bene
2193 2727 2655 2793 Schweighaeus„

1568 2814 1888 2917 eogptfflae
1918 2800 2391 2943 ‚xllflztkvopsoe'—
2418 2858 2652 2934 λέγεται]

1567 2929 1925 3002 παρεχόμενα
1959 2938 2102 2987 refer
2139 2937 2210 2987 ad
2245 2934 2517 2999 δενδρεα.·
2566 2955 2654 2988 ar-

1569 3009 1734 3064 borea,
1773 3024 1903 3073 quae
1932 3008 2183 3072 praebent
2203 3008 2479 3059 huiusmodi
2500 3010 2652 3073 solia.

1565 3109 1635 3118 —-
1662 3077 1746 3127 Ad
1780 3078 1950 3128 verba
1993 3077 2275 3144 sequentia
2319 3070 2387 3126 τὰ
2428 3076 2654 3143 τρίβον-

1565 3163 1665 3266 ἷας
1693 3177 1750 3186 -—
1777 3137 2080 3212 ἐγγράφειν
2099 3152 2279 3198 mente
2301 3149 2652 3214 repetendum

1598 3232 1622 3267 ε
1668 3231 1804 3266 εται.

1632 3233 1747 3347 Ξῷα
1783 3275 2045 3336 ἑωυτοῖσι
2082 3275 2137 3342 ἐς
2174 3277 2280 3349 τὴν
2317 3276 2535 3349 ἐσθῆτα
2570 3276 2653 3350 ἑγ-

1564 3349 1829 3421 γράφειν]
1864 3352 1979 3418 ζῷα
2015 3344 2320 3418 ἐγγράφειν
2355 3354 2443 3404 hic
2482 3356 2653 3405 omni·

1562 3442 1632 3476 no
1658 3430 1742 3476 est
1768 3427 1969 3490 fiquras
1997 3427 2230 3488 pingere.
2281 3423 2369 3476 Cf.
2396 3425 2649 3475 Eustath.

1563 3495 1633 3546 ad
1668 3494 1830 3545 Iliad.
1866 3511 1918 3559 p.
1941 3493 2069 3554 481,
2102 3493 2136 3544 6
2166 3493 2246 3543 ed.
2282 3492 2451 3541 Basil.
2485 3493 2652 3542 Plura

1561 3564 1674 3614 vid.
1722 3563 1792 3614 ad
1830 3563 1993 3624 1‚7o.
2039 3562 2128 3618 ΙΙ,
2158 3563 2212 3611 4.
2277 3561 2505 3623 Strabo,
2559 3563 2651 3626 qui

1563 3633 1748 3684 eadem
1769 3669 1782 3694 ,
1822 3647 1958 3697 quae
1993 3632 2083 3681 hic
2120 3630 2185 3680 de
2224 3630 2504 3680 caucasiis
2544 3647 2649 3680 me-

1560 3707 1867 3762 morantur,
1927 3700 1995 3750 ad
2043 3702 2389 3764 Massagetas
2445 3698 2650 3759 retulit,

1560 3772 1701 3821 idem
1722 3770 1988 3834 expressit
2007 3769 2172 3819 verbo
2191 3766 2506 3817 ποικίλλειν
2525 3761 2652 3834 (τὴν

1561 3830 1830 3903 ἐσθῆτα),
1869 3839 1963 3903 lib,
1987 3839 2087 3888 XI.
2120 3854 2173 3903 p.
2200 3838 2295 3889 781
2338 3855 2386 3888 s.
2422 3837 2526 3889 513
2561 3839 2649 3890 cd.

1560 3910 1796 3960 Casaub.
1836 3909 2041 3958 Scribit
2074 3924 2205 3958 vero
2231 3907 2514 3958 Eichwald
2549 3908 2585 3961 l.
2608 3908 2647 3959 l.

1558 3996 1611 4045 p.
1628 3976 1748 4041 258,
1772 3978 2020 4043 tingendi
2043 3983 2159 4028 arte
2181 3978 2355 4028 adhuc
2385 3976 2651 4029 excellere

1558 4047 1773 4099 accolas
1800 4048 1963 4097 maris
1980 4047 2167 4112 Caspii
2188 4048 2245 4096 in
2265 4047 2416 4108 locis,
2443 4048 2535 4113 qui
2557 4064 2649 4098 vo-

1561 4122 1755 4169 cantur
1776 4116 1950 4180 Baku,
1977 4116 2314 4181 Schamachi‚
2341 4115 2648 4167 Elisabeth-

1558 4187 1665 4253 pol‚
1706 4187 2010 4253 Persasque
2040 4187 2277 4237 locorum
2315 4186 2555 4236 Taliisch
2593 4189 2647 4235 et

1553 4256 1948 4317 Masanderan,
1987 4257 2308 4321 eosdemque
2341 4255 2479 4306 adeo
2509 4255 2645 4305 vivi-

1556 4326 1682 4374 dum
1731 4342 1832 4375 nec
1876 4342 2111 4391 unquam
2149 4328 2519 4375 senescentem
2555 4340 2643 4374 co-

1553 4395 1721 4448 lorem
1746 4395 1991 4449 vestibus
2023 4396 2289 4455 tribuere,
2323 4398 2386 4446 ut
2420 4392 2509 4446 vel
2532 4393 2642 4447 cul-
