3109 5092
1111 356 1610 417 EUTERPE.
1654 358 1738 417 H.
1782 366 1871 422 91.
2022 356 2029 361 ’
2503 357 2626 419 625

347 523 806 614 τετράγωνον,
852 527 1040 615 πέριξ
1078 526 1153 596 δὲ
1188 524 1400 596 αὐτοῦ
1440 535 1745 616 φοίνικες
1789 529 2131 618 πεφύκασι
2152 551 2166 567 ·
2220 527 2301 599 τὰ
2344 530 2420 600 δὲ
2458 530 2624 619 πρό-

348 636 531 696 πυλα
573 631 697 695 τοῦ
743 631 895 717 ἱροῦ
942 628 1180 698 λίθινά
1218 632 1389 715 ἐστι,
1439 631 1650 721 κάρτα
1700 633 1958 721 μεγάλα
1977 654 1990 668 ·

2100 635 2209 702 ἐπὶ
2247 633 2324 702 δὲ
2367 630 2626 703 αὐτοῖσι

346 727 745 820 ἀνδριάντες
784 728 911 798 δύο
947 733 1170 801 ἑστᾶσι
1209 739 1466 803 λίθινοι
1503 734 1804 822 μεγάλοι.
1878 737 1955 804 ἐν
1983 734 2059 804 δὲ
2093 740 2187 829 τῷ
2222 743 2624 824 περιβεβλη-

346 834 527 925 μένω
573 831 790 901 τούτω
828 833 988 921 νηός
1029 862 1102 904 τε
1142 841 1283 921 ἔνι,
1337 839 1451 905 καὶ
1488 834 1752 925 ἄγαλμα
1799 839 1875 905 έν
1926 833 2113 929 αὐτῷ
2163 841 2475 927 ἐνέστηκε
2506 845 2629 907 τοῦ

347 936 663 1025 Περσέος.

770 925 957 1005 οὗτοι
1007 942 1077 1006 οἰ
1112 947 1439 1027 Χεμμῖται
1479 943 1783 1027 λέγουσι,
1834 936 1957 1007 τὸν
2002 943 2270 1029 Περσέα
2311 941 2630 1022 πολλακις

350 1038 476 1126 μὲν
526 1035 658 1106 ἀνα
689 1034 815 1126 τὴν
850 1045 981 1127 γῆν
1028 1047 1411 1128 φαίνεσθαί
1432 1062 1554 1130 σφι
1573 1094 1591 1128 ,
1646 1041 1965 1121 πολλάκις
2006 1042 2082 1110 δὲ
2125 1048 2257 1112 ἔσω
2292 1049 2416 1112 τοῦ
2453 1048 2626 1133 ἱροῦ.

350 1134 720 1210 σανδάλιόν
753 1139 1076 1212 τεάὐτοῦ
1122 1147 1600 1233 πεφορημένον
1638 1141 2110 1234 εὑρίσκεσθαι,
2161 1143 2277 1215 ἐὰν
2310 1143 2385 1214 τὸ
2423 1149 2626 1233 μέγα·

349 1339 425 1389 ΙΙ.
463 1355 519 1403 p.
542 1339 629 1390 80.
663 1338 784 1391 606.
822 1338 918 1401 IV,
954 1339 1075 1403 60),
1114 1339 1274 1391 deum
1299 1342 1438 1408 ithy-

349 1408 671 1473 phallicnm,
716 1407 932 1474 qualem
981 1410 1249 1475 Panopoli
1292 1412 1440 1461 exhi·

351 1479 525 1527 bitum
549 1477 716 1527 fnisse
748 1482 983 1528 testatur
1005 1478 1313 1557 Stephanus
1332 1482 1438 1546 By-

352 1552 499 1598 zant.
538 1561 584 1597 s.
620 1562 673 1597 v.
720 1538 917 1603 Πανὸς
952 1540 1117 1605 πόλις
1151 1548 1274 1599 coll.
1313 1550 1439 1600 Plu-

349 1616 524 1666 tarch.
578 1617 662 1665 De
708 1615 843 1668 Isid.
894 1620 950 1665 et
995 1615 1140 1667 Osir.
1190 1633 1310 1684 cap.
1355 1620 1435 1670 14.

350 1702 403 1750 p.
443 1684 572 1746 356,
623 1684 719 1733 sed
759 1685 903 1734 idem
952 1686 1145 1736 merito
1185 1703 1436 1753 quaeras,

351 1771 445 1805 cur
479 1750 791 1805 Herodotus
841 1769 951 1803 non
976 1755 1183 1805 Panem
1220 1757 1436 1821 dixerit,

351 1824 448 1875 sed
463 1824 742 1885 Perseum,
769 1824 990 1873 Danaes
1019 1822 1205 1876 filium.
1257 1826 1439 1887 Quare

351 1892 502 1943 aliud
539 1892 694 1958 quid,
746 1891 890 1957 quod
923 1907 1024 1943 nos
1059 1892 1257 1957 lateat,
1312 1896 1440 1946 sub-

354 1963 526 2012 fuisse
552 1961 830 2025 existimo,
874 1962 1018 2027 qnod
1042 1962 1302 2013 Nostrum
1331 1980 1440 2014 mo·

352 2031 524 2093 verit,
580 2035 642 2081 ut
685 2032 943 2081 Perseum
994 2030 1226 2096 diceret,
1283 2048 1440 2098 quem

354 2099 582 2151 eundem
628 2101 1020 2165 Aegyptiorum
1067 2092 1229 2150 rebus
1276 2102 1440 2152 inter-

352 2171 525 2219 fuisse
558 2167 646 2218 vel
676 2170 864 2220 Persei
897 2169 1120 2233 specula
1158 2167 1442 2235 (Περσέως

354 2230 570 2304 σκοπὴ)
606 2253 715 2287 ιιοιι
749 2236 914 2302 longe
950 2252 984 2287 a
1018 2238 1294 2288 Bolbitino
1327 2238 1441 2289 Nili

354 2309 499 2359 ostio
534 2308 645 2358 sita
658 2307 893 2372 (Herod.
922 2306 997 2369 ΙΙ,
1029 2308 1135 2371 15.)
1173 2307 1435 2358 declarat.

353 2377 461 2440 Qui
514 2377 654 2426 enim
698 2376 858 2426 ludos
894 2376 1177 2441 gymnicos
1214 2377 1439 2428 Graecis

351 2460 572 2512 prorsus
620 2445 822 2496 similes
869 2445 1150 2511 ipsiusque
1203 2448 1440 2496 animum

352 2515 477 2565 inde
508 2514 668 2564 valde
700 2516 1077 2576 advertentes,
1126 2530 1261 2581 quos
1300 2516 1439 2566 cele-

353 2584 502 2634 brari
566 2583 783 2633 viderat
845 2584 902 2632 in
957 2583 1090 2634 urbe
1146 2585 1440 2650 Aegyptia,

355 2653 425 2703 ad
463 2653 790 2703 Graecorum
820 2653 1074 2703 instituta
1103 2654 1440 2704 revocandos

355 2722 594 2783 censuit,
662 2722 807 2772 idem
853 2736 1067 2787 qnoque
1112 2738 1310 2772 numen
1357 2738 1442 2772 so-

353 2791 498 2853 lare,
543 2791 600 2856 in
646 2792 800 2841 cuius
837 2791 1095 2840 honorem
1141 2791 1239 2841 hos
1286 2792 1442 2841 ludos

354 2860 542 2925 peragi
577 2860 836 2924 putabat,
871 2860 942 2909 ad
980 2859 1244 2909 Graecum
1279 2874 1443 2924 quen-

356 2929 480 2979 d-am
518 2929 676 2978 deum
711 2929 1025 2990 heroemve,
1063 2929 1157 2993 qui
1195 2929 1443 2979 similitu-

355 2998 534 3048 dinem
566 2998 836 3063 quandam
863 2998 1121 3063 praebere
1149 2997 1442 3062 videretur,

357 3067 464 3117 sibi
525 3067 892 3118 revocandum
951 3082 1071 3118 esse
1132 3068 1444 3118 existimare

428 3137 551 3186 tuit.

357 3152 493 3254 Ροτά
520 3197 584 3253 δὲ
622 3195 891 3267 πρόπυλα
927 3201 1031 3253 τοῦ
1063 3196 1195 3269 ἷροῦ
1225 3219 1276 3253 κ.
1300 3219 1346 3253 τ.
1368 3201 1443 3267 λ.]

358 3258 642 3353 πρόπυλα,
676 3287 812 3338 quae
836 3273 1001 3322 etiam
1028 3272 1282 3323 dicuntur
1305 3285 1444 3335 προ

357 3334 590 3392 πύλαια.
642 3341 843 3390 Confer
868 3342 945 3405 ΙΙ,
969 3342 1068 3394 153
1093 3341 1277 3408 ibique
1303 3346 1443 3408 nott.

360 3411 519 3472 Quod
553 3402 683 3474 ΐρὸν
719 3410 883 3485 dixit,
923 3411 978 3459 in
1014 3426 1166 3476 seqq.
1206 3411 1446 3462 nomina-

357 3480 440 3529 vit
473 3478 644 3529 τοῦτο
677 3471 742 3527 τὸ
776 3475 1252 3559 περιβεβλημένον
1288 3479 1446 3529 bene-

359 3564 466 3614 que
502 3547 754 3599 distinxit
795 3542 967 3610 νηὸν,
1009 3548 1046 3599 i.
1086 3563 1134 3599 e.
1175 3549 1365 3599 aedem
1397 3563 1442 3597 s.

362 3617 703 3667 aediculam
686 3631 864 3681 ipsam
897 3622 1053 3681 septo
1085 3632 1241 3668 sacro
1276 3615 1447 3668 inclu-

363 3702 506 3749 sam,
530 3687 588 3735 in
613 3701 720 3752 qua
743 3686 832 3736 dei
858 3687 1072 3750 signum
1100 3685 1442 3738 collocatum.

362 3755 563 3806 Confer
607 3756 694 3818 11,
746 3755 814 3807 63
856 3755 1041 3820 ibique
1084 3759 1227 3805 nott.
1268 3783 1334 3792 —
1378 3755 1447 3805 In

363 3839 512 3890 seqq.
549 3823 838 3875 articulum
882 3822 988 3873 τοῦ
1032 3829 1162 3875 ante
1200 3821 1452 3888 Περσέος

365 3910 486 3944 cnm
509 3898 739 3944 recentt.
771 3892 891 3943 edd.
921 3893 1244 3944 inseruimus
1279 3910 1309 3944 e
1330 3909 1454 3959 pro-

363 3962 509 4013 batis
531 3962 703 4014 libris.
741 3952 1013 4019 πολλακις
1033 3977 1130 4026 pro
1148 3962 1298 4029 vulg.
1319 3960 1454 4012 πολ-

362 4024 491 4081 λάκι
524 4031 673 4093 dedi,
708 4037 770 4082 ut
807 4031 864 4094 1,
905 4030 1001 4110 36,
1039 4031 1132 4081 ubi
1167 4033 1279 4082 vid.
1309 4036 1451 4082 nott.

436 4069 746 4150 σανδαλιόν
790 4113 848 4148 τε
897 4089 1078 4147 αὐτοῦ
1126 4099 1447 4179 πεφορημέ-

365 4182 471 4218 νον
493 4160 886 4234 εὖρίσκεσθαι]
918 4158 1226 4216 σανδαλὶον
1247 4184 1294 4221 s.
1318 4161 1450 4218 σάν-

363 4234 567 4301 δαλον,
622 4238 766 4303 quod
800 4236 945 4301 apud
981 4237 1194 4287 Atticos
1234 4237 1301 4288 de
1335 4254 1451 4289 mu-

362 4306 551 4357 lierum
581 4306 746 4358 soleis
774 4304 1088 4370 plerumque
1121 4305 1319 4356 dieitur
1350 4306 1450 4369 (cf.

366 4373 595 4426 Becker.
633 4372 873 4427 Charicl.
910 4371 986 4424 11.
1022 4387 1078 4438 p.
1118 4372 1222 4427 368
1257 4389 1304 4427 s.
1341 4374 1451 4427 111.

445 4473 782 4518 HERODOT.
833 4474 877 4516 1.

1537 1359 1592 1407 p.
1620 1344 1765 1410 218),
1804 1344 1894 1394 hic
1926 1344 1994 1394 de
2027 1344 2267 1393 virorum
2303 1357 2519 1407 quoque
2546 1357 2632 1395 so-

1539 1412 1626 1462 lea
1645 1415 1881 1478 ponitur,
1912 1418 2061 1463 recte
2086 1416 2339 1462 monente
2356 1412 2625 1463 Fritzsch.

1538 1483 1623 1531 De
1658 1483 1883 1533 carmin.
1913 1480 2266 1547 Aristophan.
2304 1483 2536 1545 mystico
2572 1498 2629 1547 p.

1538 1549 1626 1601 82.
1692 1552 1776 1602 Τιι
1814 1550 1928 1602 vid.
1948 1551 2292 1602 Perizoninm
2325 1549 2396 1600 ad
2414 1552 2629 1602 Aelian.

1539 1620 1606 1670 V.
1629 1620 1700 1670 Η.
1720 1621 1766 1683 Ι,
1790 1620 1853 1671 18
1874 1625 2041 1687 atque
2055 1619 2397 1671 schleusner.
2418 1622 2476 1670 in
2494 1621 2628 1671 Lex.

1537 1690 1608 1739 N.
1649 1690 1715 1739 T.
1752 1658 1828 1739 '11.
1867 1705 1920 1754 p.
1961 1690 2094 1751 842,
2144 1688 2239 1754 qui
2269 1688 2409 1739 bene
2446 1693 2630 1739 monet

1540 1759 1597 1807 in
1636 1773 1795 1808 sacra
1842 1759 2115 1822 scriptura
2156 1756 2260 1806 hoc
2305 1757 2632 1808 vocabulum

1540 1827 1744 1892 passim
1798 1842 1895 1891 pro
1961 1825 2178 1890 vulgari
2238 1825 2369 1889 poni
2422 1817 2631 1876 calcea·

1541 1900 1723 1946 mento
1759 1901 1923 1959 atque
1950 1894 2255 1959 promiscue
2281 1894 2407 1945 dici.
2471 1894 2631 1957 Quod
2670 1938 2676 1943 .

1540 1980 1671 2014 vero
1705 1964 1760 2016 h.
1798 1964 1835 2014 1.
1863 1968 2146 2025 narratur,
2181 1963 2237 2012 id
2261 1978 2327 2013 ex
2360 1964 2632 2014 communi

1541 2038 1787 2083 veterum
1822 2033 2228 2098 superstitione,
2263 2047 2370 2098 qua
2408 2033 2630 2083 deornm

1539 2104 1905 2168 praesentiam
1958 2102 2064 2152 sibi
2120 2101 2417 2152 salutarem
2464 2102 2632 2152 omni-

1540 2172 1748 2237 busque
1774 2172 1931 2221 bonis
1947 2171 1982 2234 ,⁰
1998 2186 2139 2236 quae
2162 2178 2482 2234 censentur,
2523 2172 2631 2221 sru-

1541 2241 1700 2306 gibus
1736 2240 2098 2306 potissimum,
2133 2239 2446 2297 affluentem
2477 2246 2633 2306 puta-

1539 2310 1693 2371 bant,
1714 2309 2112 2375 explicandum.
2153 2309 2497 2375 Quapropter
2519 2321 2629 2360 me‘-

1540 2379 1769 2429 moriam
1789 2379 1949 2429 huius
1966 2379 2309 2443 praesentiae
2329 2380 2487 2444 quasi
2506 2395 2632 2429 con-

1541 2453 1820 2498 secrantes
1854 2448 2235 2498 monstrabant
2269 2449 2418 2512 ipsos
2458 2447 2631 2511 locos,

1540 2518 1738 2582 quibus
1772 2517 1849 2567 dii
1884 2516 2207 2578 institerint,
2245 2516 2374 2567 inde
2399 2517 2632 2568 maxime

1541 2586 1789 2651 insignes
1826 2590 1881 2635 et
1916 2584 2232 2635 felicissimo
2274 2586 2511 2635 omnium
2548 2602 2631 2637 re-

1542 2669 1662 2703 rum
1708 2658 1976 2720 proventu
2024 2654 2237 2702 beatos.
2310 2655 2395 2703 De
2429 2655 2631 2704 Perseo

1541 2722 1682 2773 talia
1715 2722 2022 2787 praedicari
2063 2720 2208 2770 haud
2253 2722 2447 2771 mirum
2481 2722 2631 2773 vide-

1541 2792 1690 2841 bitur
1726 2792 1801 2852 ei,
1839 2792 1932 2856 qui
1964 2789 2138 2855 qualis
2168 2790 2300 2840 deus
2333 2791 2406 2839 sit
2430 2791 2633 2843 haben-

1544 2862 1646 2911 dus
1699 2859 1818 2921 ille,
1877 2859 2235 2924 perspexerit,
2304 2873 2406 2909 nec
2458 2861 2631 2926 magis

1543 2931 1739 2980 mirum
1789 2929 2064 2978 videbitur
2100 2927 2166 2978 de
2210 2928 2448 2980 Hercule
2481 2930 2632 2981 aliis-

1545 3014 1681 3063 que,
1728 2999 1796 3048 de
1831 2998 2025 3063 quibus
2064 2996 2267 3047 similia
2302 2999 2508 3050 tradita
2542 3015 2633 3050 ac-

1546 3068 1809 3132 cepimus.
1873 3066 1999 3118 Vid.
2038 3067 2184 3116 infra
2218 3067 2321 3129 IV,
2354 3068 2442 3119 82.
2516 3069 2631 3121 Nec

1545 3134 1653 3201 ipsi
1703 3136 1898 3186 desunt
1945 3134 2070 3186 Indi
2116 3151 2337 3201 prorsus
2394 3154 2635 3204 congrua

1546 3221 1669 3256 cum
1703 3206 1853 3256 hisce
1878 3212 2194 3255 enarrantes
2231 3203 2363 3268 (vid.
2392 3212 2533 3259 nott.
2563 3207 2633 3259 ad

1545 3276 1643 3338 IV,
1679 3273 1805 3337 82);
1854 3274 1983 3339 quin
2022 3275 2158 3325 adeo
2193 3274 2427 3338 vestig-ia
2472 3289 2635 3341 quae-

1546 3344 1673 3393 dam
1711 3344 1766 3392 in
1800 3344 1936 3407 ipsis
1982 3344 2153 3394 sacris
2197 3343 2370 3392 literis
2410 3345 2633 3409 reperiri

1545 3411 1765 3473 volunt,
1820 3411 2025 3463 Psalm.
2077 3413 2253 3472 LXV,
2302 3410 2387 3462 12.
2470 3412 2630 3462 Conf.

1547 3481 1799 3531 Creuzer.
1837 3480 2080 3544 Symbol.
2120 3480 2167 3529 Ι.
2207 3495 2260 3542 p.
2300 3479 2423 3531 283.
2459 3480 2538 3530 ΙΙ.
2576 3497 2632 3545 p.

1546 3549 1671 3601 609.
1739 3549 1843 3599 Per
1868 3549 2172 3599 Americam
2199 3548 2403 3611 passim
2436 3548 2633 3614 pedum

1547 3619 1903 3669 humanorum
1932 3617 2170 3681 vestigia
2199 3616 2346 3666 saxis
2369 3617 2636 3681 impressa

1545 3686 1782 3737 inveniri
1815 3686 2001 3736 docuit
2034 3683 2186 3736 Βοιιέ
2222 3685 2306 3733 in:
2356 3686 2636 3751 Sitzungs-

1549 3756 1797 3806 berichte
1837 3755 1891 3804 d.
1928 3754 1984 3805 k.
2021 3755 2079 3804 k.
2107 3753 2277 3804 Acad.
2313 3752 2367 3804 d.
2390 3755 2637 3805 Wissen-

1553 3824 1755 3874 schaft.
1801 3823 1934 3874 hist.
1983 3821 2112 3888 phil.
2153 3820 2329 3873 Class.
2383 3823 2537 3874 1850.
2587 3824 2634 3874 1.

1553 3911 1608 3959 p.
1647 3893 1748 3944 143
1785 3907 1896 3957 seq.
1973 3893 2128 3954 Quae
2163 3891 2345 3941 omnia
2384 3893 2475 3957 qui
2510 3906 2637 3942 con-

1554 3962 1784 4023 sideret,
1820 3961 1914 4011 vix
1950 3961 2152 4011 referre
2184 3959 2333 4009 volet
2368 3960 2475 4011 hoc
2507 3960 2636 4013 duo-

1554 4047 1674 4082 rum
1721 4024 2024 4081 cubitorum
2072 4028 2374 4079 sandalium
2425 4030 2495 4080 ad
2542 4046 2637 4096 pa-

1548 4116 1663 4152 rem
1704 4099 1952 4151 Niliacae
1999 4098 2372 4148 inundationis
2423 4114 2636 4150 mensu-

1550 4185 1667 4221 ram
1711 4170 2076 4234 Perseumqne
2128 4168 2303 4232 ipsum
2348 4168 2416 4217 ad
2462 4183 2639 4234 aquae

1550 4241 1688 4289 vim:
1724 4238 1910 4303 qualia
1939 4252 2108 4301 nuper
2143 4235 2360 4301 prolata
2388 4237 2547 4287 video
2581 4237 2638 4285 in

1551 4308 1784 4360 Jahrbb.
1846 4308 1888 4359 f.
1951 4304 2389 4371 Philolog-etc.
2440 4304 2636 4355 LXIX.

1552 4391 1611 4442 p.
1649 4376 1771 4428 678.

2129 4451 2213 4512 40
