3109 5092
468 349 592 412 344

1338 338 1874 403 HERODOTI

466 519 619 609 τὸν,
659 516 1043 605 ὑπεξιόντες
1085 518 1199 588 καὶ
1237 513 1635 607 μαχόμενοι,
1685 511 1900 602 ὀλίγοι
1940 511 2105 604 πρὸς
2141 509 2466 601 πολλοὺς,
2507 510 2747 606 ἀρετὰς

469 624 989 698 ἀπεδείκνυντο·
1062 623 1472 700 ἑσσωθέντες
1519 618 1596 688 δὲ
1636 621 1748 688 καὶ
1792 619 2307 706 κατειληθέντες
2354 620 2420 699 ἐς
2465 615 2541 687 τὸ
2577 617 2748 688 ἄστυ

469 728 839 817 συνήλισαν
879 730 945 808 ἐς
982 725 1106 815 τὴν
1132 722 1502 816 ἀκρόπολιν
1527 721 1644 803 τάς
1671 750 1743 791 τε
1783 737 2111 808 γυναῖκας
2139 721 2252 790 καὶ
2283 719 2365 790 τὰ
2406 723 2607 792 τέκνα
2634 724 2748 793 καὶ

469 932 610 982 bone
658 928 836 994 (XIV.
873 945 926 994 p.
964 926 1086 978 666.
1126 941 1171 976 s.
1221 925 1369 992 981.)
1405 942 1560 979 sexa-

472 1004 628 1067 ginta
675 999 856 1049 stadia
910 1013 944 1047 a
994 996 1131 1046 mari
1183 996 1424 1062 distans,
1489 997 1560 1048 ad

472 1071 753 1121 sinistram
799 1066 1009 1119 Xanthi
1062 1065 1215 1115 fluvii
1264 1065 1378 1130 (cui
1432 1066 1562 1117 olim

470 1155 667 1190 nomen
688 1137 903 1202 Sirbis),
922 1150 1142 1200 campos
1164 1135 1291 1187 inde
1319 1137 1388 1187 ad
1413 1153 1563 1187 mare

473 1215 728 1260 extensos
781 1206 1137 1271 permeantis,
1196 1210 1259 1255 ut
1305 1205 1563 1272 intelligi-

471 1285 562 1329 tur
596 1293 627 1328 e
659 1277 930 1328 Strabone
967 1280 1133 1340 atque
1166 1275 1397 1326 Arriano
1436 1275 1567 1340 (Ex-

472 1348 598 1414 ped.
641 1345 794 1396 Alex.
841 1347 888 1406 Ι,
928 1347 1019 1409 24)
1066 1349 1231 1409 atque
1280 1345 1443 1395 etiam
1494 1362 1562 1396 ex

473 1416 714 1481 imagine
737 1414 911 1479 lapidi
943 1414 1146 1473 incisa,
1183 1429 1323 1480 quae
1344 1414 1562 1465 exhibet

473 1500 657 1537 arcem
693 1484 903 1534 Xanthi
946 1484 1005 1533 in
1040 1482 1177 1533 colle
1220 1486 1383 1533 sitam
1420 1500 1564 1535 cam-

474 1570 681 1622 posque
702 1554 827 1603 inde
860 1557 1137 1617 patentes,
1174 1568 1309 1617 quos
1347 1555 1564 1618 perfluit

474 1623 752 1684 Xanthus;
810 1622 921 1672 vid.
982 1621 1208 1672 Travels
1269 1624 1323 1673 in
1369 1624 1561 1688 Lycia,

478 1694 679 1758 Milyas
714 1692 821 1743 and
858 1690 949 1741 the
981 1691 1218 1741 Gibratis
1263 1693 1337 1757 by
1371 1693 1562 1757 Spratt

479 1771 534 1815 et
568 1763 776 1814 Forbes
817 1759 1088 1826 (London.
1129 1762 1309 1827 1847.)
1345 1762 1468 1813 Vol.
1510 1763 1560 1812 1.

476 1851 532 1900 p.
572 1831 656 1884 28.
695 1837 861 1897 atque
894 1829 1017 1882 Vol.
1045 1830 1123 1882 11.
1161 1847 1214 1896 p.
1264 1832 1287 1880 l
1330 1830 1567 1882 delinea-

478 1905 681 1955 tionem
712 1901 883 1952 totius
914 1901 1172 1965 regionis,
1248 1902 1370 1952 Nou
1405 1900 1565 1966 louge

479 1974 653 2024 distat
681 1973 864 2034 vicus,
901 1970 989 2020 cui
1021 1985 1217 2020 nomen
1250 1970 1466 2030 Koom'k,
1503 1977 1567 2021 ut

479 2041 645 2107 Angli
688 2041 961 2100 scribunt,
1022 2038 1264 2104 Kanaka,
1315 2045 1378 2090 ut
1422 2041 1563 2091 Ross

480 2110 688 2161 scribit.
760 2110 1021 2173 Reliquos
1057 2115 1300 2159 veterum
1324 2109 1475 2160 locos
1501 2111 1569 2160 de

480 2178 699 2231 Xantho
746 2178 973 2242 praebet
1010 2178 1297 2242 Forbiger:
1344 2179 1567 2230 Handb.

482 2249 536 2300 d.
572 2247 671 2297 alt.
711 2247 909 2311 Geogr.
957 2246 1034 2295 11.
1082 2262 1137 2310 p.
1186 2249 1290 2298 258
1336 2247 1460 2299 coll.
1510 2264 1567 2313 p.

485 2318 603 2380 104,
650 2315 745 2366 ubi
795 2314 860 2365 de
908 2315 1093 2366 fluvio.
1174 2317 1334 2366 Hanc
1382 2318 1568 2368 urbem

482 2400 802 2450 omnemque
853 2385 969 2435 eius
1014 2385 1321 2450 regionem,
1378 2388 1568 2451 paucis

482 2462 727 2507 veterum
752 2454 1077 2505 testimoniis
1103 2456 1393 2520 cognitam,
1426 2472 1569 2506 nunc

482 2524 792 2577 accuratius
850 2525 1204 2591 perquisitam
1272 2524 1570 2591 meliusque

483 2595 759 2662 cognitam
817 2609 939 2644 esse
1001 2592 1268 2644 laetamur
1325 2595 1572 2646 sollertia

480 2666 720 2716 virorum
770 2664 1053 2714 doctorum
1106 2664 1401 2730 Anglorum
1419 2704 1432 2728 ,
1493 2666 1573 2715 in-

483 2735 671 2801 primis
711 2733 893 2785 Caroli
927 2732 1161 2785 Fellows
1180 2772 1193 2796 ,
1238 2736 1330 2800 qui
1367 2736 1571 2801 primus

481 2805 726 2871 pluribus
749 2803 1038 2854 itineribus
1072 2805 1126 2853 in
1149 2804 1375 2869 Lyciam
1405 2805 1572 2854 factis

481 2873 688 2924 Xanthi
719 2873 996 2937 regionem
1019 2872 1195 2923 adhuc
1232 2874 1444 2923 eximiis
1488 2890 1574 2924 ar-

483 2943 555 2993 tis
577 2942 819 2992 Graecae
854 2942 1136 3006 operibus,
1174 2943 1467 3007 praecipue
1493 2959 1574 2993 se-

483 3009 815 3076 pulcralibus
882 3011 1243 3060 monumentis
1304 3012 1573 3076 insignem

484 3079 808 3145 perquisivit
857 3094 921 3128 ac
967 3078 1033 3128 de
1091 3078 1322 3144 singulis
1368 3080 1574 3144 retulit,

485 3163 627 3213 quae
664 3147 947 3198 Strabonis
981 3148 1382 3212 testimonium,
1428 3151 1578 3200 Xan-

486 3218 639 3268 thum
674 3216 962 3265 maximam
1011 3217 1215 3281 Lyciae
1259 3218 1446 3269 urbem
1493 3219 1576 3270 fu-

485 3289 596 3337 isse
653 3285 911 3348 dicentis,
973 3287 1356 3350 comprobant3
1426 3289 1573 3339 vida

485 3355 706 3408 Iournal
751 3355 968 3406 written
1019 3355 1216 3422 during
1275 3373 1345 3408 an
1390 3373 1577 3408 excur-

486 3427 609 3477 sion
665 3425 722 3475 in
768 3424 903 3475 Asia
948 3425 1139 3475 minor.
1191 3425 1367 3477 Lond.
1417 3426 1572 3478 1838.

488 3494 604 3560 (ubi
658 3495 731 3546 cf.
781 3495 1070 3559 praecipue
1127 3511 1181 3560 p.
1245 3494 1345 3546 231
1395 3497 1571 3562 seqq.)

486 3570 567 3617 et:
615 3564 701 3614 Au
736 3563 987 3615 Account
1033 3564 1094 3614 of
1132 3564 1476 3617 Discoveries
1515 3567 1572 3617 in

485 3635 659 3701 Lycia
694 3638 799 3685 etc.
837 3633 1010 3685 Lond.
1054 3632 1207 3685 1841.
1251 3635 1347 3697 (cf.
1374 3651 1430 3700 p.
1468 3635 1572 3686 159

486 3702 668 3770 seqq.)
710 3703 1051 3754 Athenaeum
1098 3704 1254 3756 1842.
1312 3720 1394 3756 nr.
1448 3707 1571 3756 75⁴.

485 3791 539 3839 p.
578 3771 681 3825 319
708 3788 858 3839 seqq.
932 3772 1074 3824 Add.
1114 3771 1573 3839 Montly-Review

489 3842 643 3893 1843.
699 3841 824 3893 Vol.
877 3843 924 3893 I.
989 3858 1043 3907 p.
1092 3840 1214 3893 337.
1303 3842 1573 3895 Classical

486 3912 736 3961 Museum
752 3910 830 3962 11.
851 3926 906 3975 p.
934 3912 1037 3961 224
1059 3925 1210 3976 seqq.
1240 3912 1362 3962 coll.
1385 3914 1573 3963 Braun

487 3981 545 4028 in
578 3980 720 4030 Mus.
756 3979 927 4030 Rhen.
965 3979 1071 4040 111,
1109 3983 1160 4030 4.
1198 3996 1252 4045 p.
1283 3981 1387 4034 494
1418 3998 1570 4049 seqq.

485 4048 786 4111 Disputant
811 4063 1025 4113 quoque
1060 4048 1127 4098 de
1141 4049 1361 4101 Xantho
1385 4051 1574 4116 Spratt

488 4121 543 4168 et
575 4117 784 4166 Forbes
820 4117 859 4167 l.
898 4131 1064 4180 supi-,a
1097 4118 1136 4166 l.
1180 4120 1347 4169 Rossz
1387 4120 1576 4171 Klein-

487 4187 644 4238 asien
688 4201 744 4235 u.
789 4184 1165 4236 Deutschland
1224 4203 1278 4251 p.
1340 4189 1427 4240 46.
1481 4189 1570 4240 69.

485 4258 572 4308 De
599 4254 735 4304 artis
768 4253 1041 4318 operibus
1060 4255 1430 4323 sepulcrisque
1466 4260 1574 4308 exi-

487 4326 599 4375 mia
632 4329 751 4374 arte
786 4322 1081 4374 elaboratis
1120 4330 1285 4391 atque
1318 4342 1383 4376 ex
1418 4333 1575 4392 parte

488 4396 654 4450 etiam
680 4393 967 4447 delineatio
992 4394 1049 4446 in
1072 4396 1202 4450 virr.
1227 4395 1397 4450 doctt.
1421 4396 1575 4451 libris

1662 931 1725 977 ut
1760 931 1999 988 taceam,
2038 938 2160 975 cum
2185 923 2257 973 ad
2282 925 2550 977 Herodoti
2570 926 2750 978 locum

1662 994 2044 1046 illustrandum
2091 993 2228 1043 nihil
2279 995 2538 1059 afferant,
2586 1012 2750 1048 unam

1663 1071 1877 1117 tantum
1911 1080 1941 1115 e
1976 1062 2164 1115 multis
2199 1079 2346 1116 nunc
2381 1066 2612 1117 detectis
2650 1067 2749 1130 (cf.

1664 1137 1874 1201 Corpus
1909 1134 2108 1185 Inscrr.
2152 1133 2377 1186 Graece.
2417 1137 2481 1188 T.
2519 1136 2624 1187 111.
2665 1153 2750 1190 nr.

1665 1205 1803 1256 4269
1829 1219 1981 1269 seqq.
2006 1209 2059 1254 et
2072 1203 2321 1257 Addend.
2340 1222 2394 1270 p.
2421 1205 2553 1256 1123
2573 1205 2750 1273 seqq.)

1665 1289 2087 1327 commemorare
2131 1274 2288 1325 iuvat
2341 1275 2754 1340 inscriptionem

1665 1346 1959 1405 Graecam,
1998 1346 2056 1393 in
2091 1358 2200 1407 qua
2225 1344 2471 1410 Har-pagi
2496 1345 2639 1397 filius
2668 1362 2754 1398 ce-

1662 1415 1922 1465 lebratur.
1981 1415 2066 1464 De
2091 1416 2280 1463 nostro
2314 1415 2592 1481 HarpagO,
2625 1415 2757 1481 Cyri

1665 1485 1819 1547 duce,
1855 1497 2157 1534 sermonem
2181 1498 2303 1533 esse
2326 1499 2435 1534 non
2458 1500 2638 1550 posse,
2661 1487 2756 1536 vix

1663 1570 1799 1619 opus
1838 1568 2084 1603 monere:
2133 1552 2203 1602 ad
2250 1553 2416 1619 longe
2450 1555 2755 1618 posteriora

1662 1629 1910 1690 tempora
1969 1622 2205 1687 pertinet
2247 1620 2554 1688 inscriptio,
2614 1641 2756 1690 quae

1665 1694 1754 1743 vix
1789 1697 1920 1743 ante
1969 1691 2186 1756 Olymp.
2225 1693 2268 1743 C
2312 1693 2464 1744 facta
2509 1709 2629 1745 esse
2675 1696 2758 1745 vi-

1665 1763 1847 1813 detur:
1897 1761 1994 1811 sed
2039 1776 2204 1810 unum
2254 1778 2285 1812 e
2330 1764 2565 1828 posteris
2607 1764 2756 1816 illius

1665 1831 1916 1897 Harpagi
1949 1830 2183 1881 indicari
2219 1846 2282 1881 eo
2311 1834 2486 1898 magis
2518 1834 2756 1897 credam,

1667 1901 1811 1967 quod
1846 1899 1934 1950 vel
1983 1900 2130 1950 infra
2163 1900 2261 1963 VI,
2300 1900 2370 1952 28
2403 1904 2545 1953 inter
2589 1903 2757 1955 duces

1669 1971 1820 2022 Darii
1842 1969 2138 2034 Hystaspis
2150 1976 2598 2023 commemoratur
2611 1973 2759 2024 Har-

1661 2056 1848 2106 pagus.
1920 2039 2000 2089 Ac
2047 2037 2178 2088 licet
2227 2054 2445 2106 quoque
2489 2044 2798 2108 suspicari·

1671 2126 1705 2160 a
1738 2111 1880 2175 Cyro
1914 2109 2177 2173 Harpago
2206 2107 2286 2158 illi
2328 2111 2552 2175 eiusque
2577 2120 2762 2178 poste-

1668 2181 1744 2229 ris
1779 2178 2040 2229 traditam
2076 2177 2249 2229 fuisse
2279 2179 2505 2244 Lyciam
2539 2184 2762 2246 provin-

1668 2250 1809 2300 ciam
1826 2247 2191 2298 haereditario
2209 2249 2434 2314 imperio
2444 2251 2757 2316 regendam.

1670 2320 1757 2369 Tu
1804 2317 1933 2367 vide
1975 2315 2210 2367 Fellows
2256 2317 2293 2368 l.
2341 2317 2379 2369 l.
2431 2335 2597 2384 supra
2629 2321 2668 2372 l.
2717 2323 2760 2374 l.

1672 2393 1726 2439 et
1763 2387 1821 2437 in
1842 2387 2236 2437 Transactions
2274 2387 2338 2437 of
2357 2389 2448 2439 the
2481 2390 2637 2455 royal
2675 2407 2763 2443 so-

1673 2458 1818 2523 ciety
1854 2456 1916 2507 of
1945 2455 2151 2507 literat.
2200 2472 2311 2509 sec.
2361 2474 2468 2510 ser.
2508 2458 2573 2510 '1‘-
2614 2461 2661 2512 1.
2703 2477 2759 2526 p.

1673 2529 1774 2578 254
1825 2541 1978 2591 seqq.
2026 2526 2106 2575 11.
2157 2541 2210 2589 p.
2259 2529 2324 2577 27
2377 2544 2493 2594 seq.
2538 2530 2629 2583 W.
2668 2532 2759 2583 W.

1672 2596 1875 2661 Lloyd:
1921 2595 2200 2646 Xanthian
2244 2597 2511 2662 Marbles,
2548 2600 2763 2666 Harpa·

1675 2681 1776 2732 gus
1810 2665 1905 2716 the
1938 2664 2084 2715 Med.
2126 2662 2332 2728 (Lond.
2375 2668 2552 2734 1845.)
2600 2686 2653 2735 p.
2691 2673 2762 2722 95

1675 2752 1789 2801 seq.
1829 2752 1896 2786 ac
1929 2734 2221 2799 praecipue
2257 2734 2637 2790 Schneidewin
2674 2741 2760 2790 in:

1673 2804 1821 2856 Hall.
1857 2805 1992 2854 Litt.
2031 2804 2168 2854 Zeit.
2207 2803 2362 2855 1843.
2399 2807 2640 2874 Intellig.
2672 2809 2760 2860 ΒΙ.

1674 2891 1756 2925 ur.
1782 2873 1869 2924 69.
1943 2872 2204 2922 Thierscb
2231 2874 2313 2925 in:
2351 2876 2610 2930 Miincbn.
2641 2878 2760 2930 Gel.

1673 2944 1844 2994 Anzz.
1888 2941 2040 2993 1843.
2088 2958 2172 2993 nr.
2211 2944 2314 2996 154
2360 2960 2475 3011 seq.
2546 2947 2760 2998 Franz:

1676 3011 2037 3075 Archaeolog.
2082 3011 2219 3062 Zeit.
2268 3012 2424 3065 1844.
2472 3031 2527 3080 p.
2566 3017 2670 3067 286
2706 3022 2762 3067 et
2801 3059 2822 3072 .

1674 3082 1838 3146 Oorp.
1902 3081 2078 3131 Inscr.
2140 3082 2368 3135 Graece.
2424 3082 2460 3134 l.
2507 3100 2677 3152 supra
2720 3086 2761 3138 1.

1745 3146 1840 3200 καὶ
1906 3147 2337 3214 κατειληθέντες
2395 3142 2453 3210 ἐς
2506 3146 2571 3204 τὸ
2620 3145 2762 3205 ἄστυ

1676 3211 1987 3284 συνήλισαν
2036 3233 2089 3268 κ.
2149 3234 2197 3269 τ.
2248 3218 2321 3285 λ.]
2377 3222 2462 3272 Ad
2506 3224 2763 3289 κατειλη-

1675 3286 1880 3346 θέντες
1913 3288 2060 3338 conf.
2099 3288 2143 3350 1,
2178 3291 2264 3341 24.
2302 3290 2391 3342 80.
2426 3321 2500 3333 —-
2537 3286 2764 3358 συνήλι-

1676 3373 1783 3409 σαν
1836 3359 2248 3426 (congregarunt)
2307 3365 2456 3412 recte
2511 3362 2763 3415 meliores

1674 3428 1817 3479 libri.
1900 3426 2047 3477 Male
2092 3427 2220 3478 olim
2278 3430 2525 3481 nonnulli
2577 3432 2765 3483 συνεί-

1675 3498 1872 3562 λησαν.
1945 3497 2073 3546 Vid.
2121 3512 2285 3562 supra
2328 3500 2375 3562 1,
2421 3500 2491 3551 62
2534 3507 2590 3554 et
2640 3504 2760 3554 125.

1673 3568 1759 3619 Ad
1795 3582 1908 3617 rem
1953 3567 2129 3632 ipsam
2167 3568 2313 3619 conf.
2350 3570 2584 3635 Appian.
2618 3571 2761 3624 Bell.

1675 3636 1834 3688 civil.
1885 3637 1983 3698 IV,
2027 3637 2098 3688 80
2150 3638 2309 3702 (tom.
2359 3639 2437 3690 ΙΙ.
2486 3657 2612 3706 pag.
2658 3640 2764 3693 633

1674 3707 1761 3757 ed.
1813 3705 2165 3771 Schweigh.)‚
2223 3708 2318 3772 qui
2363 3713 2448 3759 ter
2489 3711 2764 3762 Xantbios

1674 3775 1869 3826 scribit
1927 3780 2041 3825 tam
2087 3774 2301 3827 illustre
2358 3780 2661 3845 exemplum
2704 3781 2786 3831 in·

1675 3845 1878 3895 tuenda
1905 3844 2181 3901 ,libertate
2218 3847 2482 3908 edidisse,
2533 3850 2762 3915 primum
2793 3905 2816 3916 ,

1674 3914 1850 3976 istud,
1897 3914 2041 3978 quod
2076 3920 2266 3966 narrat
2300 3917 2638 3981 Herodotus,
2686 3918 2765 3969 al-

1677 3989 1851 4033 terum
1907 3981 2201 4032 Alexandri
2256 3986 2448 4052 Magni
2498 3991 2761 4052 tempore,

1673 4052 1925 4114 tertium,
1963 4067 2086 4102 cum
2122 4069 2156 4103 a
2189 4054 2361 4106 Bruto
2394 4058 2763 4122 Romanisque

1677 4121 2082 4181 obsiderentur3
2128 4122 2196 4173 de
2232 4125 2340 4188 q'ho
2377 4124 2566 4176 eodem
2601 4127 2764 4178 testis

1677 4195 1762 4242 est
1796 4190 2122 4241 Plutarchus
2149 4193 2207 4241 in
2237 4194 2392 4245 Brut.
2432 4210 2551 4260 cap.
2581 4196 2667 4247 31.
2703 4211 2761 4260 p.

1675 4260 1779 4313 998
1826 4261 1899 4312 D.
1944 4260 2068 4311 coll.
2108 4261 2324 4314 Philon.
2385 4263 2546 4325 Quod
2586 4265 2762 4318 omnis

1713 4330 1828 4382 rob.
1890 4329 1988 4381 lib.
2046 4346 2100 4395 p.
2161 4326 2282 4383 883.
2378 4332 2537 4384 Conf.
2599 4333 2764 4384 etiam

1744 4400 1874 4452 cobs
1917 4401 2254 4454 Vermischte
2298 4400 2525 4458 schrift.
2570 4402 2669 4455 VI.
2705 4419 2763 4473 p.
