3109 5092
436 360 558 423 156

1306 355 1844 420 HERODOTI

435 532 559 607 σὸν
588 529 876 605 ὠνέοντο
895 584 914 617 ,
959 533 1026 614 ἐς
1053 527 1321 621 ἄγαλμα
1363 529 1764 621 βουλόμενοι
1789 529 2168 620 χρήσασθαι
2195 538 2391 603 τοῦτο
2412 586 2430 619 ,
2472 532 2548 603 τὸ
2590 539 2725 604 νῦν

436 645 554 728 τῆς
595 641 994 725 Λακωνικῆς
1033 639 1107 706 ἐν
1148 635 1445 724 Θόρνακι
1486 641 1758 726 ἵδρυται
1792 631 2243 715 Ἀπόλλωνος·
2313 646 2602 726 Κροῖσος
2649 642 2730 709 δέ

346 758 426 819 70
444 765 566 833 σφι
609 739 1069 829 ὠνεομένοισι·
1093 746 1305 811 ἔδωκε
1351 746 1668 829 δωτίνην.

1772 739 2046 809 Τούτων
2083 766 2155 808 τε
2208 730 2307 810 ὦν
2361 747 2623 813 εἵνεκεν
2661 747 2732 812 οἱ

439 843 960 935 Λακεδαιμόνιοι
1012 842 1137 933 τὴν
1175 852 1560 934 συμμαχίην
1613 846 1954 930 ἐδέξαντο,
2009 844 2123 912 καὶ
2172 840 2269 913 ὅτι
2335 848 2409 915 ἐκ
2451 845 2727 917 πάντων

439 953 649 1042 σφέας
690 957 1058 1039 προκρίνας
1084 945 1426 1038 Ἑλλήνων
1461 952 1721 1038 αἱρέετο
1753 955 2015 1035 φίλους.
2075 949 2185 1018 καὶ
2212 953 2408 1020 τοῦτο
2446 950 2573 1038 μὲν
2598 948 2725 1020 αὖ·

437 1058 539 1126 τοὶ
566 1046 738 1145 ἦσαν
770 1056 1019 1142 ἑτοῖμοι
1048 1056 1559 1141 ἐπαγγείλαντι,
1604 1058 1804 1123 τοῦτο
1845 1053 1920 1123 δὲ
1951 1050 2384 1141 ποιησάμενοι
2426 1060 2728 1143 κρητῆρα

509 1215 725 1289 χρυσὸν
762 1214 1033 1289 ὠνέοντο]
1074 1211 1342 1279 ὠνέοντο
1371 1238 1533 1273 emere

437 1295 693 1350 volebant,
745 1294 795 1342 in
831 1296 995 1343 animo
1030 1291 1307 1348 habebant,-
1336 1293 1403 1342 de
1426 1308 1531 1356 quo

438 1362 744 1428 imperfecti
787 1378 891 1412 usu
935 1361 1168 1411 diximus
1228 1363 1298 1412 ad
1352 1362 1399 1425 1,
1444 1362 1530 1412 68.

438 1465 510 1474 --
537 1434 601 1483 In
626 1447 779 1497 seqq.
786 1448 926 1498 pro:
955 1422 1158 1491 τούτο,
1190 1423 1254 1481 τὸ
1280 1431 1533 1512 Schwgh.

441 1520 471 1555 e
508 1503 661 1553 libris
698 1502 972 1551 nonnullis
1005 1500 1178 1551 edidit
1214 1498 1406 1564 τοῦτο,
1446 1494 1532 1565 τὸ,

440 1573 584 1654 quod
622 1587 743 1623 cum
780 1575 1009 1623 recentt.
1049 1571 1170 1622 edd.
1212 1573 1412 1636 recepi.

510 1634 575 1691 τὸ
616 1639 726 1691 νῦν
762 1640 863 1706 τῆς
882 1638 1242 1723 Λακωνικῆς
1289 1632 1349 1689 ἐν
1386 1632 1534 1703 Θόρ-

441 1728 572 1761 νακι
613 1708 745 1770 ἴδοι
733 1726 839 1759 ται
882 1702 1251 1776 Ἀπόλλωνος]
1291 1712 1535 1762 Herodo-

441 1788 532 1834 tus
557 1781 693 1832 nihil
718 1781 870 1841 dicit,
895 1796 1024 1832 num
1055 1795 1248 1831 aurum
1273 1797 1306 1830 a
1333 1780 1534 1831 Croeso

442 1857 728 1917 acceptum
772 1866 966 1917 reapse
1014 1849 1083 1900 ad
1132 1849 1339 1900 hancce
1374 1849 1538 1915 Apol-

441 1924 569 1974 linis
602 1926 843 1973 statuam
889 1920 1146 1973 collatum
1196 1920 1389 1979 fuerit3
1440 1921 1536 1971 sed

446 1996 685 2044 Pausan.
728 1991 956 2055 111,10.
999 1994 1053 2051 5.
1103 1991 1184 2041 10.
1232 1990 1536 2041 adhibitum

443 2079 565 2115 esse
602 2063 719 2113 vult
766 2078 799 2111 a
846 2060 1297 2111 Lacedaemoniis
1345 2051 1400 2117 ἒς
1442 2052 1538 2110 κό-

447 2147 591 2196 σμον
628 2129 733 2181 τοῦ
781 2122 842 2179 ἐν
878 2120 1010 2193 ’Am'
997 2129 1173 2185 κλαις
1219 2121 1539 2193 ἀγαλματος

448 2218 493 2251 s.
531 2201 600 2251 ad
638 2199 936 2251 ornandam
962 2199 1231 2263 Apollinis
1256 2200 1537 2264 Amyclaei

448 2276 708 2322 statuam.
745 2269 905 2321 Unde
930 2268 1065 2319 nihil
1092 2273 1381 2334 utrumque
1409 2271 1538 2320 scri·

448 2347 656 2405 ptorem
694 2339 987 2390 dissentire
1035 2339 1319 2390 contendit
1355 2339 1539 2389 Siebe·

447 2411 536 2462 lis.
586 2412 641 2461 in
689 2410 939 2460 adnotat.
993 2409 1061 2459 ad
1110 2410 1421 2459 Pausaniae
1462 2409 1539 2459 lo-

448 2498 579 2603 {²3¹3
609 2479 1399 2615 siffesssssssssssaessffflnssff
1434 2495 1539 2601 532·

449 2622 540 2689 A),
578 2621 722 2672 unde
758 2624 914 2686 patet
950 2636 1083 2671 auro
1117 2635 1247 2670 usos
1284 2635 1405 2669 esse
1433 2621 1538 2669 La-

447 2692 825 2744 cedaemonios
886 2692 956 2741 ad
1014 2689 1225 2741 vultum
1271 2689 1538 2768 Apollinis

449 2779 512 2814 eo
559 2761 923 2813 inducendum
974 2757 1293 2826 (χρυσωσαι
1337 2750 1538 2825 βουλό-

445 2846 607 2916 pavos
641 2824 707 2881 τὸ
754 2823 1112 2891 πρόσωπον).
1166 2829 1323 2892 Quod
1359 2830 1537 2894 ipsum

445 2903 623 2952 minus
658 2899 939 2965 probabile
974 2899 1193 2949 videtur
1221 2900 1340 2949 viro
1378 2899 1537 2950 Gallo

448 2971 630 3027 docto,
669 2968 1025 3032 Quatremere
1065 2968 1130 3019 de
1168 2968 1407 3032 Quincy,
1445 2969 1537 3033 qui

448 3041 517 3091 ad
553 3038 717 3089 talem
755 3053 912 3089 usum
949 3037 1042 3087 vix
1071 3042 1226 3087 tanto
1248 3053 1379 3088 auro
1402 3054 1537 3103 opus

449 3110 620 3160 fuisse
655 3112 860 3169 censet,
896 3112 960 3158 ut
992 3107 1330 3158 extrinsecus
1365 3107 1420 3158 id
1449 3124 1539 3173 pe-

445 3177 668 3231 tendum
706 3178 887 3228 fuerit.
926 3177 1061 3227 Inde
1098 3177 1165 3227 ad
1206 3178 1538 3228 Pausaniam

446 3249 623 3313 magis
655 3263 776 3299 sese
812 3246 1073 3312 applicat,
1094 3262 1389 3314 aurumque
1415 3264 1540 3298 con-

446 3319 623 3371 tendit
683 3333 792 3369 non
855 3316 928 3367 ad
992 3317 1283 3383 imaginem
1340 3319 1534 3383 ipsam,

444 3406 633 3441 verum
678 3387 748 3439 ad
793 3387 1064 3450 thronum,
1099 3387 1192 3449 qui
1233 3388 1537 3439 ornamenti

446 3476 615 3511 causa
662 3457 832 3509 multo
873 3464 1000 3523 post
1046 3472 1080 3507 a
1118 3457 1381 3522 Bathycle
1427 3462 1537 3507 sta-

446 3536 576 3581 tuae
640 3544 938 3594 sanequam
1006 3526 1178 3578 multo
1236 3528 1537 3607 antiquiori

447 3601 611 3651 fuerit
646 3599 865 3650 additus
903 3596 962 3661 (i.
1001 3613 1050 3648 e.
1088 3587 1144 3655 ἔς
1181 3589 1399 3661 κόσμον
1435 3594 1541 3644 τοῦ

444 3661 806 3736 ἀγάλματος),
822 3667 1125 3718 adhibitum
1147 3667 1336 3719 fuisse.
1376 3668 1538 3718 Unde

447 3740 607 3791 simul
646 3743 858 3804 tempus
895 3737 1108 3789 definiri
1154 3753 1315 3803 posse
1356 3742 1532 3802 putat,

447 3825 554 3873 quo
589 3808 885 3873 Bathycles
910 3808 1154 3858 floruerit
1174 3807 1534 3872 thronumque

444 3878 596 3928 illum
630 3876 1014 3939 elaboraverit,
1040 3877 1291 3927 nimirum
1316 3877 1440 3927 inde
1465 3877 1534 3927 ab

447 3946 662 4012 Olymp.
712 3948 759 3996 L
803 3960 977 4010 usque
1024 3944 1093 3995 ad
1154 3945 1368 4011 Olymp.
1416 3947 1532 4003 Lx,

444 4017 527 4067 ita
554 4020 618 4066 ut
661 4015 889 4066 thronus
935 4012 1207 4077 Apollinis
1254 4014 1536 4079 Amyclaei

445 4103 555 4137 non
586 4088 714 4135 ante
760 4082 962 4134 bellum
999 4083 1187 4133 Croesi
1231 4098 1354 4133 cum
1391 4083 1533 4145 cyro

445 4156 695 4220 inceptus
729 4154 915 4204 fuerit.
985 4151 1151 4202 Vide:
1202 4153 1278 4202 Le
1328 4153 1536 4217 Iupiter

447 4225 735 4290 Olympien
772 4240 826 4288 p.
882 4221 1000 4273 137.
1050 4221 1154 4272 200
1201 4237 1314 4285 seq.
1364 4222 1537 4272 Aliter

445 4299 627 4346 tamen
664 4293 901 4344 sensisse
935 4290 1155 4342 videtur
1181 4290 1243 4340 C.
1272 4291 1338 4341 O.
1366 4291 1537 4341 Muel-

442 4364 541 4416 ler.
592 4361 789 4427 (Dorer
831 4363 882 4413 I.
933 4378 988 4427 p.
1036 4360 1203 4425 358.),
1254 4360 1348 4424 qui
1396 4362 1536 4412 Pau-

448 4434 661 4486 saniam
702 4438 941 4495 secutus,
977 4433 1074 4484 ubi
1109 4430 1377 4497 Apollinis
1404 4431 1536 4482 ima-

1637 1223 1818 1287 ginem
1866 1222 1920 1272 in
1965 1222 2252 1273 Thornace
2306 1222 2494 1273 eodem
2547 1223 2729 1289 mode,

1638 1308 1745 1357 quo
1784 1291 2053 1358 Apollinis
2076 1291 2356 1357 Amyclaei
2391 1293 2730 1344 elaboratam

1641 1378 1762 1413 esse
1797 1364 1986 1425 refert,
2023 1362 2293 1427 Apollinis
2330 1362 2491 1413 huius
2531 1364 2730 1415 faciem

1639 1449 1673 1483 a
1709 1432 2161 1483 Lacedaemoniis
2209 1433 2515 1483 inauratam
2559 1434 2732 1485 fuisse

1641 1503 1850 1553 scribit.
1887 1503 2028 1554 Utut
2064 1507 2178 1563 est,
2226 1501 2497 1567 Apollinis
2543 1508 2735 1555 statua

1640 1574 1697 1623 in
1709 1572 1998 1622 Thornace
2019 1572 2260 1635 condita,
2273 1572 2551 1623 simillima
2572 1574 2734 1639 Amy-

1643 1643 1794 1693 claeo
1846 1641 2113 1707 Apollini,
2169 1642 2238 1692 ad
2296 1644 2733 1708 antiquissimam

1642 1715 1874 1763 aetatem
1944 1728 2119 1777 aeque
2183 1713 2458 1777 pertinere
2519 1713 2737 1765 videtur

1642 1782 1956 1846 cultumque
2015 1782 2223 1832 referre
2293 1783 2735 1847 antiquissimum

1643 1850 1910 1916 Apollinis
1960 1851 2104 1916 apud
2167 1852 2493 1915 Spartanos,
2545 1854 2733 1919 stirpis

1642 1923 1880 1972 Doricae
1917 1927 2150 1987 gentem.
2191 1921 2350 1972 Cous.
2380 1922 2441 1972 C.
2468 1923 2536 1974 Ο.
2562 1924 2735 1975 Muel-

1642 1991 1740 2042 ler.
1803 1991 1848 2041 Ι.
1907 2008 1959 2056 p.
2019 1990 2139 2050 219,
2203 1996 2368 2057 atque
2428 1993 2623 2056 Heyne
2677 1995 2733 2044 in

1645 2061 1882 2125 Opuscc.
1931 2060 2138 2111 Acadd.
2202 2061 2269 2111 V.
2329 2078 2382 2125 p.
2434 2063 2539 2114 350
2596 2078 2732 2129 seq.,

1642 2132 1734 2197 qui
1770 2132 1933 2181 etiam
1969 2131 2285 2182 Herodoteo
2322 2131 2442 2182 loco
2481 2148 2611 2183 usus
2651 2137 2735 2183 est

1642 2201 1711 2252 ad
1755 2201 1963 2251 metalli
2009 2201 2347 2265 pretiosioris
2395 2203 2451 2251 in
2500 2202 2736 2254 Graecia

1641 2272 1924 2337 penuriam
1946 2269 2054 2321 illis
2071 2277 2219 2322 certe
2242 2273 2575 2336 temporibus
2593 2289 2735 2323 com-

1643 2341 2069 2394 monstrandam.
2128 2343 2213 2391 De
2256 2341 2378 2392 loco
2434 2344 2578 2406 ipse,
2628 2358 2736 2407 quo

1640 2411 1777 2461 haec
1822 2410 2091 2475 Apollinis
2144 2415 2331 2461 statua
2378 2413 2560 2472 posita
2609 2413 2734 2475 fuit,

1644 2496 1788 2531 nunc
1838 2482 2051 2545 quaerit
2094 2480 2314 2532 Curtius
2369 2481 2731 2547 Peloponnes.

1643 2552 1719 2602 ΙΙ.
1767 2567 1897 2615 pag.
1944 2551 2048 2601 259
2093 2567 2207 2617 seq.
2259 2552 2314 2601 in
2352 2551 2489 2601 colle
2539 2554 2735 2617 promi-

1643 2622 1820 2682 nenti,
1866 2621 1954 2672 cui
2019 2636 2162 2671 nunc
2208 2637 2402 2671 nomen
2461 2622 2733 2687 Paulei'ka,

1642 2692 1787 2742 unde
1820 2690 1934 2743 late
1968 2696 2122 2755 patet
2155 2696 2479 2757 prospectus
2527 2693 2599 2743 ab
2636 2693 2734 2743 Ar-

1645 2762 1804 2812 cadia
1850 2777 1895 2812 s.
1940 2761 2100 2825 Argis
2159 2761 2626 2825 proficiscentibus
2678 2763 2733 2814 in

1645 2832 1818 2897 ipsam
1856 2832 2088 2897 Spartae
2125 2831 2423 2896 planitiem,
2459 2832 2601 2882 hanc
2625 2838 2735 2884 sta·

1641 2906 1793 2952 tuam
1853 2906 2089 2953 erectam
2153 2902 2322 2952 fuisse
2387 2902 2733 2954 existimans:

1642 2972 1688 3022 si
1726 2972 1939 3036 quidem
1969 2971 2146 3021 adhuc
2176 2972 2517 3035 reperiantur
2543 2972 2735 3022 funda-

1641 3046 1827 3092 menta
1862 3041 2154 3106 quaedam,
2196 3057 2335 3106 quae
2365 3041 2492 3091 talis
2514 3046 2734 3092 statuae

1641 3112 1799 3162 basin
1860 3111 2001 3162 ferre
2064 3115 2334 3177 poterant.
2398 3111 2514 3161 Nec
2573 3112 2735 3162 aliter

1642 3181 1839 3231 statuit
1904 3181 2173 3244 Boblaye:
2242 3180 2582 3232 Recherches
2641 3197 2735 3231 sur

1641 3251 1720 3301 les
1751 3251 1931 3301 ruines
1958 3251 2025 3300 de
2044 3248 2232 3301 Morde
2251 3267 2305 3316 p.
2325 3253 2411 3301 74.
2452 3251 2538 3301 Cf.
2565 3251 2732 3301 etiam

1641 3322 1801 3371 Ross.
1838 3320 2504 3387 ReisenimPeloponnes.
2527 3338 2582 3386 p.
2614 3320 2731 3371 190.

1641 3390 1780 3441 Inde
1812 3392 1868 3440 in
1906 3391 2085 3441 Strab.
2123 3391 2282 3442 VIII.
2320 3407 2373 3453 p.
2422 3391 2615 3443 364A.
2658 3388 2734 3439 la-

1644 3477 1858 3522 cunam,
1876 3477 2016 3526 quae
2042 3465 2240 3521 exstat,
2263 3461 2358 3510 ubi
2395 3460 2457 3510 de
2481 3460 2732 3509 Messoae

1646 3530 1756 3581 situ
1813 3546 1988 3581 sermo
2034 3535 2145 3591 est,
2193 3521 2337 3578 κατὰ
2379 3521 2481 3576 τὸν
2524 3566 2530 3573 .
2565 3565 2575 3575 .
2607 3562 2619 3574 .
2661 3541 2734 3575 κα

1643 3617 1741 3665 per
1778 3592 2047 3663 Θόρνακα
2084 3597 2323 3664 suppleri
2357 3598 2564 3647 volunt.

2014 3772 2143 3822 Car.
2184 3768 2350 3819 Lxx.

1715 3866 1950 3923 Τούτων
2001 3886 2056 3920 τε
2093 3857 2176 3921 οἷν
2221 3867 2458 3933 εἵνεκεν]
2507 3857 2729 3916 τούτων

1640 3960 1758 3994 cnm
1789 3942 2065 3996 Gaisford.
2103 3956 2168 3992 ex
2205 3956 2236 3989 ο
2277 3939 2424 3989 timis
2459 3936 2614 3988 libris
2640 3936 2731 3987 de·

1639 4013 1831 4065 dimus.
1866 4012 2046 4073 Vulgo
2090 4024 2223 4059 τουτ
2254 4024 2352 4058 ων.
2424 4006 2532 4057 Sed
2579 4006 2727 4055 conf.

1637 4083 1683 4143 1,
1721 4082 1812 4134 66.
1846 4082 1932 4132 68.
1972 4082 2106 4132 Cum
2143 4078 2331 4130 eodem
2364 4075 2537 4129 Gaisf.
2575 4090 2732 4125 revo-

1641 4153 1882 4202 cavimus
1931 4136 2081 4227 ἦσαν
2128 4152 2184 4199 et
2227 4147 2546 4198 retinuimus
2585 4131 2731 4207 ἦγον

1640 4237 1735 4285 pro
1770 4220 1919 4285 vulg.
1959 4206 2121 4283 ἆγον,
2168 4234 2289 4268 cum
2328 4218 2385 4266 in
2421 4216 2527 4265 hoc
2560 4213 2729 4264 verbo

1637 4292 1862 4355 eiusque
1908 4289 2226 4353 compositis
2272 4287 2476 4337 Noster
2519 4297 2731 4348 semper

1638 4364 1988 4425 aug-mentum
2027 4359 2259 4408 retinere
2281 4354 2477 4415 soleat,
2498 4357 2559 4404 ut
2587 4368 2734 4403 com-

1639 4430 1963 4480 monstravit
1999 4428 2232 4480 Bredov.
2273 4442 2327 4491 p.
2371 4393 2477 4477 292'
2507 4437 2624 4488 seq.
