3109 5092
451 365 492 425 6
1310 352 1846 416 HERODOTI

452 566 568 618 τας
612 540 852 605 τοῦτον
883 530 1000 603 τὸν
1038 537 1288 621 χῶρον,
1346 525 1465 598 τὸν
1503 529 1616 596 καὶ
1661 532 1791 595 νῦν
1833 529 2163 612 οἰκέουσι,
2215 521 2456 594 αὐτίκα
2496 551 2716 594 υαυτι·

454 648 635 729 λίῃσι
679 642 971 728 μακρῇσι
1012 635 1408 704 ἐπιθέσθαι·
1467 628 1953 719 ἀπαγινέοντας
2003 630 2078 700 δὲ
2107 635 2353 719 φορτία
2389 626 2733 714 Αἰγύπτιά

454 771 525 813 τε
557 743 670 815 καὶ
707 738 1058 827 Ἀσσύρια,
1103 743 1184 828 τῇ
1216 764 1288 806 τε
1317 733 1486 824 ἄλλῃ
1518 736 2041 803 ἐσαπικνέεσθαι
2082 735 2194 802 καὶ
2225 730 2309 821 δὴ
2339 732 2453 799 καὶ
2484 733 2553 811 ἐς
2569 729 2728 821 ’Ἁρ-

454 867 599 934 γος·
667 843 745 914 τὸ
782 842 857 911 δὲ
886 841 1127 931 ’Ἄργος
1172 845 1415 909 τοῦτον
1455 836 1576 909 τὸν
1615 837 1859 927 χρόνον
1902 853 2171 926 προεῖχε
2215 832 2423 905 ἅπασι
2467 840 2607 903 τῶν
2658 838 2732 905 ἐν

452 954 534 1040 τῇ
573 953 705 1017 νῦν
729 943 995 1015 Ἐλλάδι
1034 945 1405 1032 καλεομένῃ
1442 942 1646 1031 χώρῃ.
1744 936 2221 1028 Ἀπικομένους
2258 939 2332 1008 δὲ
2374 936 2532 1018 τούς
2564 945 2725 1008 Φοί-
2831 1002 2838 1010 .

452 1078 644 1130 νικας
673 1052 739 1130 ἐς
772 1048 856 1139 δὴ
890 1046 964 1117 τὸ
982 1045 1226 1137 ’Ἄργος
1252 1051 1482 1129 τοῦτο,
1514 1050 1950 1114 διατίθεσθαι
1985 1043 2105 1115 τὸν
2135 1042 2408 1133 φόρτον.
2467 1044 2731 1132 πέμπτῃ

454 1156 532 1225 δὲ
563 1148 605 1243 ἢ
642 1156 799 1242 ἕκτῃ
838 1148 1089 1242 ἡμέρῃ,
1147 1146 1269 1218 ἀπ’
1315 1139 1394 1237 ἧς
1420 1146 1776 1227 ἀπίκοντο,
1835 1148 2389 1237 ἐξεμπολημένων
2421 1167 2542 1233 σφι
2578 1167 2728 1233 σχε-

454 1256 579 1328 δὸν
625 1256 934 1337 πάντων,
999 1257 1231 1323 ἐλθεῖν
1284 1253 1393 1320 ἐπὶ
1442 1249 1567 1338 τὴν
1624 1248 1981 1320 θάλασσαν
2028 1266 2354 1338 γυναῖκας
2412 1244 2616 1328 ἄλλας
2658 1277 2730 1319 τε

454 1356 702 1439 πολλὰς
737 1359 851 1426 καὶ
895 1354 978 1444 δὴ
1031 1357 1144 1424 καὶ
1186 1359 1306 1424 τοῦ
1345 1353 1655 1442 βασιλέος
1694 1357 2071 1442 θυγατέρα·
2131 1351 2205 1423 τὸ
2256 1354 2338 1421 δέ
2378 1357 2448 1420 οἱ
2477 1348 2733 1441 οὔνομα

455 1462 662 1548 εἶναι,
710 1458 878 1530 κατὰ
921 1455 1167 1544 τώυτὸ,
1212 1455 1287 1525 τὸ
1333 1459 1446 1526 καὶ
1470 1453 1794 1544 Ἕλληνες
1828 1460 2133 1544 λέγουσι,
2183 1455 2357 1526 Ἰοῦν
2404 1454 2528 1544 τὴν
2561 1453 2726 1525 Ἰνά-

453 1629 548 1679 dat
602 1627 991 1693 wyttenbach.
1048 1626 1274 1677 Selectt.
1323 1625 1535 1675 Hister.

449 1716 505 1765 p.
542 1698 665 1749 345.
703 1696 831 1748 Vid.
864 1698 999 1747 Her.
1028 1696 1075 1759 1,
1114 1694 1234 1746 185.
1274 1695 1338 1745 In
1371 1694 1539 1760 parti-

450 1769 594 1832 cipio
634 1759 979 1830 οἰκήσαντας
1015 1764 1319 1830 occupandi
1364 1764 1537 1831 notio-

449 1853 573 1888 nem
611 1836 791 1888 inesse
847 1842 1031 1886 monet
1071 1835 1303 1886 BredoV.
1349 1850 1405 1899 p.
1447 1835 1534 1883 74.

518 1897 723 1956 αὐτίκα
755 1904 1071 1972 ναυτιλίῃσι
1098 1901 1349 1970 μακρῇσι
1387 1893 1537 1952 ἐπι-

448 1971 733 2042 θέσθαι]
782 1975 821 2024 i.
863 1990 913 2028 e.
952 1976 1222 2037 „confimo
1259 1975 1538 2038 navigatio-

446 2046 593 2095 nibus
625 2045 905 2110 longinquis
938 2058 1141 2107 operam
1177 2043 1438 2105 dedi⁸3e‚“
1476 2045 1538 2091 ut

445 2118 596 2165 recte
627 2114 1017 2178 interpretatur
1040 2112 1346 2178 Schweigh.
1385 2113 1537 2175 Quae

447 2187 747 2248 sequuntur
802 2182 970 2230 verba
1012 2172 1429 2245 ἀπαγινέοντας
1476 2174 1540 2228 δὲ

447 2251 659 2317 φορτία
692 2241 975 2314 Αἰγύπτιά
1022 2264 1078 2298 τε
1125 2245 1221 2298 καὶ
1259 2240 1537 2311 Ἀσσύρια,

449 2321 585 2371 satis
622 2319 929 2380 declarant,
979 2333 1141 2383 quam
1187 2323 1397 2367 mature
1432 2318 1541 2366 iam

447 2390 748 2441 Phoenices
774 2394 830 2438 et
851 2388 1131 2452 Assyriam
1163 2392 1218 2436 et
1236 2387 1543 2451 Aegyptum

449 2459 804 2524 cognoverint
827 2464 994 2521 atque
1018 2457 1395 2506 commercium
1417 2469 1537 2504 cum

448 2528 533 2578 his
556 2529 717 2577 terris
742 2526 1101 2577 instituerint.
1141 2525 1349 2587 Quibus
1374 2525 1539 2574 etiam

446 2597 782 2662 Babylonem
804 2594 1267 2648 adnumerandam
1295 2609 1431 2657 esse,
1460 2598 1540 2643 te-

450 2672 629 2718 statur
683 2671 798 2717 tum
852 2666 1023 2730 ipsius
1070 2664 1224 2714 vocis
1271 2680 1404 2714 usus
1450 2661 1536 2713 vel

449 2738 630 2800 potius
669 2735 917 2787 confusio
949 2734 1038 2797 (de
1066 2750 1176 2799 qua
1208 2734 1279 2784 cf.
1323 2737 1436 2783 not.
1468 2732 1537 2783 ad

448 2805 494 2868 1,
535 2804 654 2869 192)
689 2810 805 2855 tum
841 2820 1000 2854 sacra
1036 2805 1324 2869 scriptura,
1360 2803 1442 2852 ita
1477 2806 1538 2851 ut

447 2876 797 2938 praecipuum
808 2874 1140 2925 Phoenicum
1160 2873 1537 2923 commercium

448 2958 570 2992 cum
617 2942 900 3005 Babylone
956 2943 1128 2991 fuisse
1191 2941 1306 2991 iure
1371 2945 1539 3005 ponat

448 3013 681 3061 Heeren.
720 3011 886 3060 Ideen
903 3010 946 3072 Ι,
977 3012 1029 3060 2.
1057 3026 1109 3073 p.
1142 3011 1242 3060 125
1265 3025 1384 3074 sqq.
1410 3009 1534 3058 coll.

449 3080 568 3129 118.
612 3080 791 3144 Atque
830 3079 886 3128 id
923 3080 1100 3142 ipsum
1125 3080 1262 3128 satis
1295 3093 1537 3142 compro-

444 3149 633 3199 batum
677 3164 821 3198 nunc
867 3148 1110 3196 videmus
1156 3148 1251 3210 iis,
1294 3162 1434 3211 quae
1472 3162 1537 3195 ex

448 3218 613 3283 regiis
637 3218 983 3282 Assyriorum
1020 3216 1242 3280 palatiis
1257 3215 1536 3265 Gallorum

445 3292 611 3351 atque
643 3286 940 3352 Anglorum
976 3301 1106 3335 cura
1139 3286 1445 3349 nuperrime
1481 3285 1539 3334 in

445 3356 622 3406 lucem
659 3360 787 3406 sunt
822 3359 1117 3419 protracta.

513 3417 579 3474 τὸ
628 3418 693 3474 δὲ
734 3415 930 3488 Ἀργος
975 3455 1043 3464 -
1086 3423 1317 3487 προεῖχε
1359 3409 1538 3470 ἅπασι

443 3492 559 3543 τῶν
595 3484 656 3544 έν
689 3491 761 3560 τῇ
805 3491 915 3541 νῦν
938 3482 1164 3541 Ἑλλάδι
1204 3485 1535 3558 καλεομένῃ]

444 3564 483 3613 i.
527 3578 575 3612 e.
622 3563 838 3629 „Areos
872 3578 994 3613 vero
1029 3593 1097 3602 —
1128 3561 1349 3612 omnibus
1384 3560 1539 3610 rebus

444 3635 645 3683 eminuit
676 3637 811 3684 inter
844 3633 997 3683 urbes
1029 3633 1137 3682 eius
1170 3638 1364 3685 ter-rae.
1403 3646 1534 3696 quae

444 3716 576 3750 nunc
619 3703 841 3752 Graecia
885 3701 1238 3765 appellatur.“
1301 3701 1412 3751 Ubi
1461 3699 1531 3749 ad

444 3766 558 3816 τοῖν
582 3784 647 3818 ex
677 3771 981 3820 sententiae
1003 3785 1144 3819 nexu
1173 3769 1531 3834 supplendum

445 3828 693 3897 πόλεων,
740 3837 885 3901 quod
931 3840 1108 3900 ipsum
1171 3838 1381 3888 addidit
1422 3840 1531 3888 Eu-

445 3904 613 3983 stath.
653 3904 725 3954 ad
755 3905 983 3969 Dionys.
1022 3907 1235 3969 Perieg.
1273 3922 1325 3970 p.
1353 3907 1437 3967 76,
1481 3907 1528 3968 1,

447 3977 503 4023 et
544 3986 721 4021 απασι
767 3989 864 4038 pro
906 3973 1092 4023 dativo
1134 3975 1212 4022 rei
1262 3975 1529 4038 accipien-

448 4041 600 4104 dum,
645 4058 746 4106 qua
792 4042 1002 4092 scilicet
1046 4042 1246 4092 haecce
1281 4043 1409 4092 urb‘s
1447 4059 1534 4093 ex-

447 4109 712 4161 celluerit.
787 4111 911 4161 Vid.
950 4111 1208 4162 Kuehner
1228 4112 1320 4161 Gr.
1348 4112 1440 4162 Gr.
1481 4116 1531 4175 §-

445 4179 567 4241 585,
601 4179 650 4229 l.
696 4180 900 4230 Herod.
944 4182 988 4241 Ι,
1031 4180 1096 4231 91
1134 4180 1225 4230 fin.
1267 4186 1339 4243 et,
1378 4197 1535 4245 quem

446 4247 536 4299 Gr.
575 4246 783 4311 laudat,
806 4248 1176 4300 Wunderlich.
1219 4249 1533 4300 Observatt.

443 4315 718 4381 Aeschyll.
769 4333 822 4382 p.
866 4321 953 4369 75.
1019 4319 1125 4381 Qui
1169 4318 1311 4369 idem
1346 4319 1433 4369 Cr.
1468 4321 1537 4370 ad

445 4385 614 4436 verba
639 4376 701 4435 ἐν
727 4385 799 4452 τῇ
832 4386 943 4437 νῦν
964 4379 1190 4436 Ἑλλάδι
1221 4386 1535 4456 καλεομένῃ

1639 1616 1795 1690 χώρῃ
1833 1627 2114 1688 comparat
2148 1622 2395 1704 Thucyd.
2443 1623 2490 1686 Ι,
2529 1625 2561 1674 2
2599 1621 2732 1686 φαί-

1641 1708 1796 1743 νεται
1827 1685 1935 1758 γὰρ
1965 1685 2002 1758 ἡ
2042 1690 2151 1742 νῦν
2169 1683 2371 1751 Ἕλλας
2397 1687 2732 1757 καλεομένη.

1638 1763 1903 1814 Voculam
1949 1753 2131 1828 χώρῃ,
2188 1778 2329 1827 quae
2383 1763 2549 1829 vulgo
2608 1766 2735 1828 post

1638 1824 1777 1898 ἄλλῃ
1826 1832 2136 1897 legebatur,
2187 1832 2444 1883 eiecimus
2498 1834 2733 1884 auctori-

1638 1906 1755 1953 tate
1790 1903 1952 1952 unius
2012 1901 2131 1951 cod.
2194 1902 2370 1951 Paris.
2419 1902 2618 1952 dudum
2655 1903 2733 1951 iu-

1638 1972 1803 2023 bente
1841 1971 2132 2023 Schaefero
2176 1972 2232 2020 in
2279 1973 2482 2037 Appar.
2522 1973 2591 2023 ad
2626 1973 2732 2021 De-

1641 2042 1908 2093 mostheu.
1961 2043 2026 2091 T.
2066 2041 2141 2090 11.
2182 2057 2234 2106 p.
2281 2041 2400 2092 165.
2451 2058 2517 2092 ac
2562 2057 2732 2106 nuper

1642 2113 1908 2177 probante
1933 2110 2204 2161 Bredovio
2232 2127 2286 2175 p.
2312 2109 2398 2173 28,
2440 2112 2531 2175 qui
2562 2112 2733 2161 Hero-

1642 2182 1829 2232 dotum
1863 2181 1918 2230 in
1951 2180 2054 2230 hac
2090 2179 2365 2231 locutione
2393 2179 2496 2245 (H,
2528 2180 2614 2232 36.
2643 2180 2730 2231 79.

1649 2250 1766 2302 116.
1823 2250 1929 2312 ΙΙΙ,
1979 2249 2065 2301 61.
2118 2249 2237 2301 109.
2292 2251 2386 2311 IV,
2445 2249 2559 2301 192.
2606 2251 2734 2313 VII,

1646 2320 1734 2384 32)
1771 2334 1968 2368 nomen
2021 2310 2178 2384 χαίρῃ
2229 2319 2506 2369 addidisse
2544 2326 2729 2385 negat.

1646 2387 1804 2438 Unde
1832 2387 1987 2437 uncis
2023 2386 2246 2437 inclusit
2269 2389 2546 2451 Dietsch.,
2585 2405 2732 2453 pror-

1642 2472 1735 2507 sus
1801 2456 1962 2506 eiecit
2024 2456 2306 2517 Dindorf.‚
2381 2457 2734 2508 dissuadente

1639 2524 1960 2589 Bernhardy
2019 2524 2235 2576 Griech.
2282 2526 2438 2591 Syut.
2492 2544 2546 2591 p.
2609 2529 2730 2579 186.

1642 2595 1727 2645 Ad
1778 2595 2024 2644 dativum
2066 2592 2136 2657 τῇ
2170 2585 2308 2662 ἄλλῃ
2366 2596 2438 2646 cf.
2477 2597 2733 2648 Kuehner

1645 2666 1738 2715 Gr.
1779 2664 1872 2715 Gr.
1916 2667 1966 2727 §-
2006 2664 2126 2713 571.

1705 2725 2108 2796 Ἀπικομένους
2160 2725 2224 2783 δὲ
2272 2726 2409 2790 τοὺς
2458 2732 2732 2792 Φοίνικας

1639 2834 1710 2843 —
1746 2800 2120 2852 διατίθεσθαι
2165 2794 2268 2851 τὸν
2317 2795 2556 2867 φόρτον]
2609 2802 2730 2852 δια-

1639 2870 1915 2922 τίθεσθαι
1953 2876 2037 2922 est
2069 2871 2157 2921 hic
2195 2889 2366 2923 venum
2399 2887 2656 2935 exponere
2683 2880 2734 2924 et

1637 2943 1870 2992 vendere.
1937 2940 2156 2991 Laudat
2192 2942 2276 2991 Cr.
2315 2942 2456 2991 hanc
2500 2942 2557 2991 iu
2592 2958 2731 2992 rem:

1640 3012 1847 3073 „Dorv.
1888 3010 1959 3060 ad
1982 3010 2191 3065 Charit.
2228 3027 2282 3075 p.
2323 3010 2426 3062 362
2463 3010 2548 3061 ed.
2577 3012 2728 3076 Lips.

1640 3079 1763 3129 coll.
1816 3079 1992 3142 Toup.
2041 3079 2354 3129 Emendatt.
2403 3081 2460 3130 in
2508 3081 2729 3131 Suidam

1642 3149 1707 3197 T.
1726 3148 1830 3197 111.
1858 3164 1909 3211 p.
1932 3148 2052 3198 531.
2085 3148 2470 3213 Wyttenbach.
2501 3151 2570 3199 ad
2583 3150 2729 3201 Plut.

1643 3217 1893 3278 Quaestt.
1933 3218 2126 3266 Graec.
2157 3234 2209 3281 p.
2236 3218 2364 3269 68.“
2418 3219 2558 3269 Add.
2592 3221 2731 3270 Voe-

1642 3285 1764 3335 mel.
1809 3285 1890 3335 ad
1919 3287 2271 3337 Demosthen.
2306 3287 2467 3338 Phill.
2530 3306 2582 3354 p.
2637 3289 2727 3340 87.

1644 3360 1699 3404 et
1733 3355 1921 3404 Baiter
1959 3355 2028 3404 ad
2075 3356 2305 3406 Isocrat.
2349 3358 2624 3423 Panegyr.
2674 3363 2725 3421 g.

1642 3424 1728 3473 42.
1754 3424 1838 3474 Ad
1855 3424 2082 3474 formam
2104 3415 2571 3490 ἐξεμπολημένων
2582 3428 2726 3477 conf.

1642 3493 1880 3543 Bredov.
1919 3509 1971 3557 p.
2013 3492 2134 3544 318.

1712 3557 1806 3611 καὶ
1845 3554 1919 3626 δὴ
1955 3558 2051 3611 καὶ
2089 3558 2194 3611 τοῦ
2243 3558 2500 3627 βασιλέος
2547 3560 2728 3627 θυγα-

1635 3631 1787 3695 τέρα]
1826 3631 2155 3681 Constanter
2191 3637 2245 3681 et
2278 3631 2368 3681 hic
2400 3636 2455 3680 et
2484 3632 2540 3680 in
2574 3648 2725 3698 seqq.

1637 3715 1758 3750 cum
1795 3716 1903 3751 rec.
1947 3701 2068 3751 edd.
2116 3702 2432 3763 scripsimus
2470 3697 2729 3765 βασιλέος

1634 3785 1732 3834 pro
1758 3766 2044 3833 βασιλῆος,
2071 3770 2298 3820 docente
2331 3770 2552 3819 Struvio
2567 3772 2725 3835 Spec-

1634 3840 1708 3901 ΙΙ.
1738 3840 1963 3901 Quaest.
1992 3839 2060 3889 de
2080 3838 2429 3888 dial.Herod.
2455 3854 2507 3902 p.
2527 3838 2723 3906 Sseqq.

1634 3913 1688 3958 et
1725 3908 1956 3960 Bredov,
1997 3925 2050 3993 p.
2084 3909 2205 3957 257.
2255 3908 2398 3957 Ante
2434 3905 2726 3974 θυγατέρα

1634 3977 1921 4027 articulum
1951 3992 2059 4042 την
2095 3993 2128 4027 a
2173 3976 2496 4041 quibusdam
2534 3984 2726 4029 contra

1634 4045 1892 4097 librorum
1923 4047 2305 4099 auctoritatem
2331 4047 2601 4098 intrusum
2635 4049 2727 4098 ab·

1635 4116 1880 4165 iecimus.

1709 4176 1772 4232 τὸ
1818 4181 1883 4233 δέ
1930 4176 1992 4231 οῖ
2028 4172 2251 4243 οὔνομα
2287 4175 2436 4232 εἶναι
2473 4213 2543 4222 -
2572 4173 2725 4230 Ἰοῦν

1637 4243 1743 4315 τὴν
1768 4242 2015 4317 Ἰνάχου]
2054 4252 2137 4301 Ad
2166 4249 2338 4313 Ἰοῦν,
2384 4266 2524 4315 quae
2564 4265 2720 4300 accu-

1640 4321 1806 4370 sativi
1854 4326 1939 4372 est
1988 4321 2189 4384 forma,
2238 4321 2310 4371 cf.
2356 4318 2599 4368 Fischer.
2651 4316 2721 4368 ad

1640 4388 1860 4442 Weller.
1890 4390 1936 4442 Ι.
1960 4391 2150 4455 p.411.
2177 4390 2298 4440 412.
2326 4385 2580 4439 Dindorf.
2614 4386 2653 4438 l.
2679 4386 2718 4437 1.
