3109 5092
459 371 538 435 24
1330 359 1863 425 HERODOTI

459 572 617 635 ,,μοι
658 546 920 631 λέγοντι
963 542 1117 630 περὶ
1156 544 1278 611 τοῦ
1315 544 1528 618 εἴδεος
1571 541 1687 625 τῆς
1734 531 2053 623 γυναικός
2114 522 2282 617 (ὦτα
2332 527 2460 619 γὰρ
2494 527 2736 619 τυγχά·

459 677 611 737 ,,νει
639 644 1073 738 ,ἀνθρώποισι
1114 643 1308 712 ἐόντα
1351 639 1752 728 ἀπιστότερα
1793 637 2234 728 ὀφθαλμῶν)·
2292 642 2512 722 ποίεε,
2568 631 2742 715 ὅκως

461 756 775 841 „susim
810 747 1091 837 θεήσεαι
1130 745 1468 836 γυμνήν.“
1530 742 1603 817 Ὁ.
1636 744 1711 814 δὲ
1745 746 1915 832 μέγα
1949 739 2265 832 ἀμβώσας
2306 739 2486 809 εἶπε·
2558 741 2739 823 „As-

459 879 751 943 ,,σποτα,
796 859 949 923 τίνα
983 853 1200 939 λέγεις
1235 849 1437 937 λόγον
1478 846 1605 919 οὐκ
1639 844 1869 935 ὑγιέα,
1917 844 2220 916 κελεύων
2253 872 2335 932 με
2376 845 2745 914 δέσποιναν

459 957 629 1048 ,,τὴν
659 954 827 1046 ἐμὴν
849 952 1235 1043 θεήσασθαι
1266 953 1565 1043 γυμνήνς
1613 948 1748 1041 ἅμα
1777 951 1850 1020 δὲ
1880 955 2130 1020 κιθῶνι
2160 950 2547 1041 ἐκδυομένῳ
2574 966 2739 1015 συν-

463 1158 529 1208 de
551 1157 637 1209 his
658 1157 945 1222 disputans
974 1156 1012 1207 J
1015 1171 1066 1207 o.
1089 1154 1316 1206 Classen
1340 1155 1397 1204 in
1422 1155 1555 1205 Pro·

462 1232 765 1294 grammate
786 1225 1136 1276 Francofurt.
1174 1225 1329 1275 1854.
1360 1221 1556 1288 (Beob-

463 1298 775 1362 achtungen
810 1296 944 1346 iiber
978 1295 1030 1345 d.
1078 1294 1283 1345 homer.
1326 1293 1558 1359 Sprach-

464 1365 762 1433 gebrauch)
800 1381 854 1430 p.
894 1365 946 1414 8.
987 1365 1067 1414 Ac
1102 1370 1389 1427 praeterea
1427 1379 1558 1429 quo-

464 1451 568 1502 que
605 1433 814 1486 consuli
864 1438 1047 1499 potest
1083 1434 1338 1498 Hartung
1382 1433 1560 1483 Lehre

465 1506 517 1556 d.
555 1504 769 1556 Partik.
809 1504 862 1555 d.
900 1503 1106 1569 griech.
1143 1503 1380 1568 Sprache
1417 1503 1464 1554 1.
1499 1519 1556 1568 Ρ.

533 1632 649 1693 ὦτα
686 1633 792 1708 γὰρ
830 1672 902 1682 -
947 1629 1290 1705 ὀφθαλμῶν]
1328 1638 1558 1690 Plurimi

462 1716 631 1765 hocce
664 1710 931 1764 Herodoti
968 1710 1173 1760 dictum
1219 1710 1559 1777 repetierunt

461 1789 717 1850 posterae
771 1781 972 1831 aetatis
1030 1780 1351 1845 scriptores,
1418 1779 1559 1829 indi·

465 1858 627 1904 cante
645 1850 1013 1914 Wesselingio
1040 1849 1110 1899 ad
1128 1849 1182 1901 h.
1212 1849 1249 1900 l.
1275 1854 1331 1899 et
1346 1849 1553 1913 Upton.

465 1923 534 1974 ad
558 1923 789 1987 Dionys.
815 1919 994 1970 Halic.
1036 1935 1090 1984 p.
1128 1920 1194 1969 42
1225 1918 1312 1969 ed.
1334 1919 1555 1972 Schaef.

464 1992 674 2056 Quibus
718 1989 889 2041 multa
937 1988 1046 2039 alia
1100 1987 1311 2038 addidit
1369 1988 1430 2039 C.
1487 1989 1555 2041 F.

463 2063 760 2112 Hermann.
777 2059 846 2109 ad
867 2060 1097 2109 Lucian.
1125 2057 1408 2121 Quomodo
1422 2059 1554 2110 hist.

467 2146 677 2181 conscr.
712 2145 767 2193 p.
791 2128 912 2180 183.
943 2129 1061 2179 184.
1098 2128 1183 2177 Ad
1217 2127 1558 2185 Heraclitum

463 2200 604 2250 hanc
640 2198 965 2248 sententiam
1011 2212 1181 2262 nuper
1227 2197 1419 2246 referri
1463 2214 1559 2248 vo·

463 2269 567 2319 luit
600 2270 846 2332 Bernays
884 2265 1177 2316 Heraclitt.
1213 2266 1276 2316 P.
1319 2267 1367 2316 1.
1405 2282 1459 2331 p.
1501 2267 1551 2318 8.

466 2341 639 2402 Quem
676 2352 804 2386 vero
840 2335 945 2385 huc
986 2334 1248 2385 retulerat
1289 2335 1387 2385 Cr.
1438 2352 1556 2386 ver-

465 2424 583 2459 sum
619 2404 904 2471 Sophoclis
942 2402 1020 2468 (in
1052 2405 1325 2469 Fragmm.
1364 2420 1449 2456 nr.
1487 2407 1553 2455 77

466 2477 552 2529 ed.
603 2474 843 2526 Brunck.
903 2489 987 2525 nr.
1029 2474 1128 2524 127
1177 2472 1262 2524 ed.
1314 2474 1555 2539 Wagner

463 2564 516 2613 p.
564 2544 694 2597 769:
750 2535 890 2608 ὄψις
934 2535 1040 2608 γὰρ
1088 2532 1250 2591 ὤτων
1296 2556 1555 2605 κριτικω-

461 2614 594 2681 τὲρα
622 2613 806 2679 πᾶσι),
831 2629 952 2664 eum
982 2617 1180 2678 poetae
1215 2611 1553 2676 abiudicant,

463 2690 640 2739 ortum
664 2683 1085 2747 eerdip.Tyr.
1117 2682 1252 2732 1247
1279 2679 1347 2746 (s.
1375 2682 1552 2747 1237),

462 2757 557 2807 ubi
606 2754 719 2806 vid.
773 2754 1027 2817 interprr.
1077 2751 1266 2816 Neque
1302 2751 1408 2801 huc
1444 2768 1553 2802 non

462 2826 699 2890 pertinet
733 2824 923 2873 Senec.
949 2822 1129 2887 Epist.
1151 2822 1248 2871 VI.
1284 2836 1339 2885 p.
1377 2822 1440 2872 17
1464 2822 1551 2874 ed.

462 2893 690 2945 Matth.:
728 2922 800 2932 —
836 2891 1119 2953 „homines
1160 2889 1391 2955 amplius
1428 2906 1554 2941 ocu-

462 2963 548 3023 lis,
570 2976 733 3027 quam
752 2960 975 3010 auribus
1000 2959 1286 3009 credunt.“
1316 2959 1379 3008 In
1399 2975 1550 3026 seqq.

462 3022 718 3094 θεήσεαι,
754 3034 817 3079 ut
845 3044 969 3078 mox
1005 3020 1335 3090 θεήσασθαι
1358 3026 1555 3093 reliqui

459 3102 756 3158 intactum3
793 3101 1023 3148 recentt.
1062 3095 1183 3147 edd.
1223 3088 1472 3161 θηήσεαι
1498 3104 1553 3148 et

460 3159 824 3233 θηήσασθαι.
878 3166 1004 3218 vid.
1063 3164 1298 3243 Bredog.
1352 3182 1405 3231 p.
1462 3167 1551 3220 46.

461 3238 543 3289 Ad
590 3241 919 3286 structuram
967 3233 1195 3285 voculae
1241 3249 1389 3291 οκως
1424 3252 1545 3286 cum

460 3307 748 3358 indicativi
778 3307 967 3355 futuro
1018 3304 1165 3355 conf.
1209 3303 1335 3367 Vn,
1390 3304 1454 3356 18
1491 3312 1546 3356 et

368 3392 598 3459 ’qnae
649 3376 905 3426 disseruit
952 3373 1018 3424 de
1069 3373 1154 3423 his
1201 3374 1545 3426 Baeumlein:

461 3445 810 3499 Griechische
847 3443 995 3495 Mod.
1032 3458 1086 3508 Ρ.
1131 3443 1228 3494 112
1263 3459 1414 3508 seqq.

532 3506 562 3565 ὁ
599 3508 663 3564 δὲ
694 3511 835 3580 μέγα
871 3505 1205 3579 ἀμβώσας]
1231 3514 1315 3565 De
1353 3512 1546 3578 forma,

461 3602 622 3652 quam
670 3584 949 3636 Aeolicam
996 3582 1131 3634 dicit
1176 3582 1357 3633 Schol.
1412 3586 1549 3634 Her-

460 3671 604 3721 mog.
640 3671 692 3720 p.
726 3655 828 3705 407
882 3670 916 3704 a
961 3654 1056 3704 Gr.
1108 3652 1395 3716 laudatae,
1435 3653 1548 3707 vid.

460 3725 505 3786 Ι,
549 3726 633 3775 10.
670 3755 741 3764 -
826 3725 980 3786 Quae
1025 3728 1323 3788 sequnntur
1379 3723 1549 3791 Gygis

462 3794 646 3854 verba,
689 3792 873 3843 attulit
903 3792 1055 3842 Theo
1078 3793 1546 3857 Progymnasmm.

461 3863 556 3925 IV,
593 3861 679 3913 56.
716 3878 772 3927 Ρ.
809 3861 878 3912 68
915 3860 1243 3911 ed.Finckh.

512 3928 663 3981 ,τίνα
692 3926 868 3994 λέγεις
900 3921 1072 3992 λόγον
1108 3920 1214 3978 οὐκ
1242 3919 1458 3996 ὑγιέα]
1507 3931 1544 3982 i.

462 4017 509 4052 e.
548 4016 685 4065 quem
719 4012 989 4048 sermonem
1020 4006 1074 4047 tu
1114 3999 1327 4062 profers
1361 4002 1549 4050 minime

458 4085 647 4120 sanum.
689 4068 782 4119 Sic
825 4056 991 4130 ὑγιὴς
1039 4082 1203 4132 saepe
1242 4068 1311 4117 ad
1350 4068 1547 4120 oratio-

459 4154 581 4189 nem
646 4137 1056 4201 sententiasque
1114 4136 1376 4199 refertur,
1439 4154 1547 4188 non

456 4207 632 4258 solum
667 4207 812 4273 apud
836 4210 1029 4272 poetas
1051 4203 1126 4271 (v.
1166 4222 1214 4258 c.
1252 4206 1398 4272 apud
1420 4208 1547 4258 Pin·

457 4278 677 4339 darum,
730 4276 797 4327 de
846 4292 953 4341 quo
1001 4276 1098 4325 Cr.
1150 4276 1286 4326 citat
1330 4277 1451 4327 Ast.
1491 4278 1547 4326 in

455 4347 785 4398 Commentt.
834 4345 1040 4396 Societ.
1087 4344 1219 4410 phil.
1265 4346 1419 4411 Lips.
1469 4347 1543 4408 11,

458 4418 505 4470 1.
540 4431 595 4482 p.
633 4415 742 4481 21),
788 4430 976 4466 verum
1013 4415 1160 4481 apud
1194 4415 1545 4482 philosophos

1656 1167 1894 1219 quoque.
1919 1150 2045 1203 Vid.
2068 1149 2459 1215 Wyttenbach.
2481 1149 2550 1200 ad
2574 1148 2747 1200 Phae-

1658 1222 1783 1273 don.
1822 1238 1879 1287 p.
1916 1220 2019 1272 238
2055 1224 2111 1271 et
2151 1235 2292 1285 quae
2325 1220 2492 1270 habet
2529 1221 2622 1270 Cr.
2675 1219 2747 1269 ad

1655 1292 1908 1343 Proclum
1948 1288 2041 1354 (ad
2086 1290 2224 1341 calc.
2272 1288 2474 1341 Plotin.
2520 1289 2586 1339 de
2631 1289 2748 1354 pul-

1659 1363 1808 1427 erit.)
1845 1377 1900 1425 p.
1936 1362 2044 1421 83„
2085 1360 2142 1409 in
2160 1361 2437 1425 Fragmm.
2485 1360 2642 1411 histt.
2690 1375 2746 1423 p.

1658 1432 1766 1510 25⁸„
1785 1430 1927 1482 Add.
1953 1429 2159 1481 Herod.
2196 1430 2294 1491 VI,
2323 1429 2596 1508 1003vl1,
2624 1430 2746 1480 157.

1660 1516 1802 1621 ...3²5
1806 1492 1962 1620 {13}
1980 1497 2295 1634 ἵὲωἰὲἑὲ
2317 1498 2750 1620 {23120533221

1660 1640 1815 1691 editt.
1864 1638 2115 1689 Conferri
2162 1638 2279 1688 vult
2330 1639 2416 1689 C'r.
2467 1638 2748 1688 Schaeseri

1657 1708 1884 1760 laudata
1917 1709 1985 1758 ad
2014 1709 2246 1773 Dionys.
2264 1707 2445 1759 Halic.
2477 1708 2542 1759 de
2572 1725 2748 1773 comp.

1658 1780 1848 1830 verbb.
1897 1779 1962 1844 Ῥ.
2021 1778 2108 1829 43.
2174 1778 2511 1828 Sententiam
2573 1779 2746 1843 ipsam

1658 1850 1805 1900 haud
1841 1847 2003 1914 pauci
2035 1848 2283 1909 fuerunt,
2332 1849 2427 1912 qui
2474 1863 2538 1897 ex
2577 1849 2750 1899 Hero-

1662 1920 1778 1971 doti
1815 1935 1907 1970 ore
1935 1921 2244 1983 repeterent
2290 1921 2386 1967 aut
2422 1923 2568 1968 certe
2604 1918 2751 1969 simi-

1657 1989 1734 2039 lia
1786 1988 2113 2054 proferrent.
2177 1986 2264 2038 Cf.
2324 1986 2557 2038 Wessel.
2613 1988 2749 2053 ibiq.

1659 2059 1855 2124 potiss.
1881 2057 2162 2109 Plutarch.
2201 2056 2268 2106 de
2303 2056 2559 2107 audiend.
2597 2063 2746 2122 poet.

1658 2145 1713 2194 p.
1776 2128 1842 2179 37
1900 2128 1971 2179 D.
2039 2126 2110 2176 ad
2168 2141 2326 2190 quem
2381 2125 2561 2177 locum
2626 2143 2752 2177 con-

1660 2197 1809 2249 sulas
1858 2195 2273 2262 wyttenbachii
2324 2196 2650 2247 Animadvv.
2694 2213 2749 2262 p.

1659 2265 1764 2318 308
1810 2282 1922 2332 seq.
1983 2266 2108 2328 Qui,
2157 2269 2220 2315 ut
2274 2266 2382 2316 iam
2435 2271 2563 2316 ante
2629 2283 2752 2317 eum

1656 2337 1870 2400 Upton.·
1903 2334 1972 2384 ad
1991 2335 2224 2400 Dionys.
2261 2334 2440 2386 Halic.
2474 2334 2511 2386 1.
2542 2335 2602 2398 l.‚
2631 2352 2752 2386 sen-*

1657 2405 1865 2456 tentiae
1903 2404 2167 2470 orig-inem
2216 2420 2244 2454 e
2282 2405 2558 2468 TheanuS,
2599 2406 2752 2455 femi-

1656 2490 1761 2525 nae
1804 2474 2230 2538 Pythagoricae,
2279 2480 2574 2540 praecepto
2619 2492 2751 2541 quo-

1658 2544 1783 2594 dam
1835 2543 2186 2609 repetendam
2241 2558 2363 2594 esse
2420 2547 2749 2611 suspicatur,

1660 2615 1813 2664 cuius
1885 2613 2131 2663 meminit
2199 2614 2478 2680 Diogenes
2560 2616 2747 2667 Laert.

1656 2680 1898 2746 V11,43:
1938 2680 2008 2763 τῇ
2040 2674 2104 2730 δὲ
2139 2674 2286 2746 πρὸς
2321 2678 2426 2733 τὸν
2460 2679 2618 2734 ἴδιον
2649 2674 2749 2733 ἅν-

1657 2749 1768 2817 δρα
1794 2750 2072 2817 μελλουσῃ
2096 2743 2453 2815 πορεύεσθαι
2482 2752 2572 2818 (de
2598 2755 2748 2805 coitu

1654 2822 1760 2873 hoc
1819 2821 2227 2886 accipiendum3
2302 2822 2415 2874 vid.
2468 2823 2746 2875 Schaefer.

1658 2892 1728 2942 ad
1745 2891 1975 2956 Dionys.
2012 2889 2050 2941 1.
2088 2889 2151 2956 l.)
2183 2906 2263 2939 πα
2303 2883 2447 2958 ᾔνει,
2484 2908 2600 2958 αμα
2627 2896 2750 2950 τοῖς

1658 2952 1934 3024 ἐνδύμασι
1968 2955 2064 3008 καὶ
2098 2951 2206 3024 τὴν
2230 2975 2267 3009 α
2297 2953 2513 3026 σχύνην
2548 2952 2746 3011 ἀποτί-

1656 3027 1893 3092 θεσθαι,
1930 3019 2313 3094 ἀνισταμένην
2337 3023 2404 3080 δὲ
2437 3022 2609 3081 πάλιν
2632 3021 2750 3091 ἅμα

1656 3089 1920 3147 αὐτοῖσιν
1942 3089 2380 3164 ἀναλαμβάνειν.
2404 3101 2607 3151 Contra
2624 3099 2748 3152 Pla·

1661 3168 1779 3217 toni
1822 3167 1878 3215 in
1925 3167 2012 3231 iis,
2061 3182 2202 3232 quae
2246 3170 2437 3219 scribit
2472 3170 2638 3223 Polit.
2676 3172 2744 3232 V,

1651 3238 1702 3288 6.
1738 3254 1790 3301 Ρ.
1828 3237 1932 3288 457
1979 3236 2074 3288 A.:
2123 3229 2447 3288 ἀποδυτέον
2499 3232 2571 3304 δὴ
2622 3240 2747 3296 ταῖς

1649 3305 1766 3355 τῶν
1830 3296 2102 3368 φυλάκων
2147 3304 2456 3371 ·γυναιξὶν,
2514 3301 2746 3372 ἐπείπερ

1649 3366 1861 3439 ἀρετὴν
1903 3365 2030 3423 ἀντὶ
2078 3368 2321 3439 ἱματίων
2364 3367 2744 3441 ἀμφιέσονται

1654 3443 1921 3495 Herodoti
1956 3443 2153 3507 locum,
2203 3446 2466 3496 orationis
2514 3447 2746 3498 formam

1653 3514 1849 3565 saltem
1892 3513 1941 3563 si
1978 3515 2354 3578 respiciamus,
2394 3516 2745 3568 obversatum

1655 3584 1824 3634 fuisse
1837 3584 2136 3646 contendit,
2159 3588 2414 3635 monente
2426 3586 2543 3649 Gr„
2557 3588 2745 3638 Astius

1655 3653 1726 3703 ad
1752 3653 1806 3705 h.
1832 3652 1935 3718 1.p.
1962 3653 2082 3703 512.
2124 3652 2411 3704 Caeterum
2434 3655 2609 3721 ipsam
2634 3658 2745 3706 He—

1653 3723 1834 3774 rodoti
1869 3723 2196 3773 sententiam
2229 3739 2355 3773 vere
2380 3724 2645 3776 Graecam
2669 3726 2746 3775 vi-

1654 3793 1770 3843 deri
1797 3792 2216 3847 monetBecker
2244 3795 2302 3843 in
2339 3793 2576 3848 Charicl.
2610 3796 2656 3847 1.
2688 3811 2743 3860 p.

1654 3862 1774 3913 316.
1817 3861 1913 3925 (11.
1944 3877 1995 3925 p.
2027 3862 2126 3913 168
2150 3862 2234 3912 ed.
2264 3863 2398 3930 sec.)
2463 3866 2550 3915 Tu
2593 3865 2741 3916 conf.

1654 3933 1816 3981 etiam
1845 3931 2208 3991 Grueneisem
2247 3933 2426 3983 Ueber
2474 3934 2572 3986 das
2610 3935 2746 3985 Sitt-

1650 4000 1794 4053 liche
1817 4002 1869 4052 d.
1887 4000 2016 4051 bild.
2039 4003 2219 4052 Kunst
2244 4001 2298 4053 d.
2325 4003 2543 4056 Griech.
2567 4005 2743 4069 (Lips.

1653 4071 1810 4139 1833)
1837 4088 1892 4137 p.
1927 4070 2015 4124 32.
2038 4102 2107 4111 —
2128 4063 2357 4122 κιθὼν
2394 4074 2586 4124 Ionum
2623 4089 2746 4124 esse

1647 4158 1744 4206 pro
1772 4135 1981 4207 χιτὼν
2007 4142 2142 4193 satis
2171 4147 2409 4194 constat.
2470 4143 2556 4195 cf.
2582 4142 2741 4193 modo

1646 4212 1893 4262 Fischer.
1934 4211 2003 4261 ad
2040 4211 2260 4263 Weller.
2289 4213 2336 4263 Ι.
2366 4229 2419 4278 p.
2456 4213 2575 4263 154.
2611 4212 2741 4261 Gre‘-

1649 4296 1765 4345 gor.
1821 4281 2068 4331 Corinth.
2120 4299 2175 4345 p.
2226 4282 2349 4332 414.
2397 4281 2631 4330 Bredov.
2682 4296 2736 4343 p.

1647 4349 1736 4400 91.
1773 4347 1861 4400 92.
1899 4348 2227 4400 Declaratur
2277 4354 2456 4399 autem
2505 4348 2735 4398 interius

1646 4419 1840 4469 Ionum
1869 4419 2258 4469 vestimentum
2278 4418 2406 4469 lana
2433 4417 2740 4469 confectum
