3109 5092
1301 376 1555 439 CLIO.
1600 378 1651 437 Ι.
1697 388 1788 444 93.
2557 378 2679 439 207

401 551 760 641 γαζόμεναι
793 553 1162 618 παιδίσκαι.
1232 540 1422 637 οὖροι
1466 549 1573 634 δὲ,
1614 551 1815 618 πέντε
1860 550 2114 636 ἐόντες,
2162 558 2258 620 ἔτι
2298 554 2411 620 καὶ
2456 554 2522 632 ἐς
2567 552 2682 640 ἐμὲ

403 647 577 744 ἦσαν
612 655 721 724 ἐπὶ
749 657 871 722 τοῦ
907 649 1379 740 σήματος·ἅνω
1398 672 1412 686 ·
1470 657 1589 722 καί
1625 672 1749 740 σφι
1787 653 2138 744 γράμματα
2177 653 2681 740 ἐνεκεκόλαπτο,

404 757 487 829 τὰ
529 760 792 828 ἕκαστοι
840 754 1299 844 ἐξεργάσαντο.
1379 757 1492 824 καὶ
1548 758 1865 843 ἐφαίνετο
1916 755 2362 848 μετρεόμενον
2419 756 2495 827 τὸ
2543 763 2684 827 τῶν

406 975 520 1009 ces:
556 955 951 1022 Handwerker)
979 954 1246 1020 distingui
1271 956 1391 1006 vult
1423 955 1493 1005 ab

405 1029 506 1090 iis,
545 1028 637 1092 qui
673 1019 920 1089 κάπηλοι
955 1029 1250 1087 vocantur,
1299 1040 1496 1091 caupo-

406 1112 610 1161 nesque
637 1093 1069 1160 (Kleinbandler)
1099 1093 1316 1144 dicendi
1340 1099 1494 1154 suut3

406 1158 715 1230 ἀγοραίους
735 1155 1091 1228 ἀνθρώπους
1104 1163 1364 1230 intelligit
1383 1179 1495 1226 eos,

409 1237 716 1301 quicunque
745 1235 799 1284 in
831 1234 952 1284 foro
983 1238 1268 1284 versantes
1294 1249 1498 1284 merces

410 1305 482 1355 ad
504 1305 708 1354 victum
729 1304 1062 1368 pertinentes
1084 1319 1150 1353 ex
1174 1304 1322 1367 agris
1336 1340 1351 1366 ,
1374 1304 1498 1354 hor·

407 1377 500 1435 tis,
537 1374 715 1425 fluviis
741 1372 939 1423 allatas
967 1378 1244 1439 exponunt
1265 1373 1499 1424 venden-

411 1444 512 1494 das
548 1449 643 1494 aut
679 1459 738 1493 se
775 1444 924 1508 ipsos
962 1443 1034 1493 ad
1070 1444 1295 1508 quaevis
1333 1458 1499 1508 opera

411 1513 656 1564 mercede
691 1512 1068 1563 conducendos
1102 1513 1384 1577 praebent.

479 1578 576 1632 καὶ
610 1575 673 1631 αἰ
720 1573 1268 1647 ἐνεργαζόμεναι
1304 1578 1498 1630 παιδί-

411 1650 562 1717 σκαι]
611 1652 750 1702 Sunt
797 1650 1008 1716 puellae
1025 1688 1038 1714 ,
1084 1666 1224 1715 quae
1272 1665 1498 1715 corpore

412 1726 698 1786 quaestum
764 1721 1005 1784 faciunt,
1068 1720 1347 1771 commode
1413 1719 1498 1784 (ut

410 1797 538 1841 utar
570 1790 921 1841 Valckenarii
966 1790 1170 1856 verbis)
1223 1781 1500 1852 ἐνεργα-

408 1852 705 1923 ζόμεναι
753 1859 960 1922 dictae,
1021 1858 1078 1908 id
1114 1865 1227 1922 est,
1279 1873 1502 1923 corpore

409 1928 499 1979 vel
533 1922 593 1977 ἐν
639 1919 867 1985 ἑαυταῖς
907 1920 1299 1994 ἐργαζόμεναι,
1350 1943 1503 1993 prae·

412 1999 600 2049 sertim
644 2014 768 2049 cum
821 1997 1089 2049 vocabula
1149 1989 1501 2062 ἐργάζεσθαι,

413 2060 649 2132 ἐργάτις,
674 2057 921 2132 ἐργασία,
941 2059 1310 2132 ἐργαστήριον
1335 2066 1501 2131 vulgo

415 2137 484 2187 de
517 2138 761 2200 opifieinis
796 2142 1085 2202 usurpata,
1124 2138 1253 2187 inde
1290 2151 1504 2201 quoque

325 2226 332 2232 ·
416 2206 488 2257 ad
523 2205 827 2272 prostibula
859 2223 926 2258 ac
949 2207 1259 2266 meretrices
1295 2222 1501 2256 eorum-

419 2291 523 2341 que
558 2281 872 2342 quaestum,
921 2275 1171 2341 opificum
1203 2276 1277 2326 ad
1307 2276 1500 2339 instar,

417 2346 846 2410 transferantur,
892 2348 1112 2412 egregie
1149 2346 1379 2396 docente
1415 2360 1503 2395 eo·

418 2414 539 2465 dem
579 2414 942 2466 Valckenario
987 2418 1060 2466 ad
1100 2416 1155 2466 h.
1192 2415 1230 2465 1.
1311 2417 1358 2465 Δ
1395 2430 1501 2479 quo

417 2486 500 2534 ita
533 2489 749 2535 tantum
793 2484 1023 2536 discedit
1057 2485 1340 2537 Thiersch.
1389 2484 1427 2534 l.
1462 2483 1499 2533 l.

418 2570 476 2619 p.
512 2555 616 2606 405
651 2570 765 2619 seq.
786 2593 800 2618 ,
845 2560 910 2605 ut
941 2555 1053 2603 vim
1089 2555 1319 2605 voculae
1352 2546 1412 2602 ἐν
1445 2555 1504 2602 111

420 2625 588 2674 verbo
626 2614 1049 2689 ἐνεργάζεσθαι
1085 2625 1289 2674 referat
1321 2623 1392 2673 ad
1427 2623 1503 2684 id,

421 2693 566 2758 quod
591 2687 780 2758 ἔνδον,
806 2696 844 2744 1.
869 2710 916 2745 e.
939 2694 996 2742 in
1021 2693 1266 2756 aedibus,
1295 2709 1327 2743 a
1355 2692 1506 2756 vulgi

421 2762 595 2812 oculis
630 2769 894 2814 remotum
923 2762 1039 2814 fiat.
1109 2763 1251 2813 Utut
1288 2762 1505 2822 statuis,

422 2832 490 2880 de
541 2837 772 2897 quaestu
829 2846 1053 2896 corpore
1110 2832 1359 2883 faciendo
1401 2832 1509 2882 No-

423 2906 592 2950 strum
658 2902 971 2953 adhibuisse
1025 2902 1128 2952 hoc
1183 2901 1510 2952 vocabulum

421 2971 771 3021 manifestum
791 2972 855 3021 fit
880 2986 947 3020 ex
969 2971 1066 3032 iis,
1109 2987 1248 3036 quae
1284 2971 1387 3020 hac
1425 2985 1512 3020 oc-

426 3041 644 3090 casione
689 3039 904 3090 dicendi
947 3040 1159 3102 oblata,
1222 3038 1508 3105 postmodo

426 3109 493 3159 de
531 3109 806 3174 Lydorum
853 3108 1072 3159 filiabus
1108 3125 1398 3174 earumque
1432 3108 1513 3157 vi-

425 3183 517 3228 tae
545 3194 745 3242 genere
779 3179 1033 3243 dotisque
1066 3177 1403 3243 colligendae
1430 3193 1512 3227 ra-

426 3249 602 3308 tione,
663 3248 808 3298 idem
847 3248 1048 3299 Noster
1090 3248 1261 3298 addit.
1336 3248 1515 3311 Atque

425 3317 672 3380 Heynius
719 3316 1068 3380 (Commentt.
1127 3317 1314 3366 societ.
1361 3317 1512 3367 Gott.

423 3385 574 3436 XVI.
594 3401 651 3450 p.
676 3386 765 3451 35)
792 3385 881 3436 hic
910 3387 1083 3435 unice‘
1106 3385 1174 3435 de
1207 3384 1513 3436 hominibus

428 3470 496 3504 ex
530 3454 688 3517 plebe
726 3455 912 3520 egenis
953 3456 1043 3519 agi
1079 3459 1265 3518 putat,
1315 3455 1363 3504 si
1399 3454 1512 3519 qui·

427 3524 554 3573 dem
576 3524 682 3574 hoc
704 3528 938 3588 quaestu
967 3523 1179 3588 puellae
1207 3524 1386 3573 dotem
1410 3522 1516 3572 sibi

428 3593 790 3658 quaesierint,
819 3609 890 3643 ne
911 3592 1175 3657 innuptae
1195 3592 1365 3642 vitam
1390 3607 1518 3656 age-

345 3715 362 3728 ,
428 3665 571 3714 rent.
653 3663 836 3724 Quare
878 3662 1044 3712 etiam
1079 3659 1285 3711 Λυδῶν
1331 3658 1520 3725 δῆμον

430 3731 540 3780 iam
596 3747 694 3796 per
745 3747 805 3781 se
846 3731 1040 3795 plebem
1096 3745 1299 3796 egenam
1339 3729 1519 3779 decla-

429 3815 552 3849 rare
598 3805 804 3851 censet.
872 3800 1065 3864 Neque
1117 3799 1278 3850 aliter
1326 3798 1523 3848 statuit

432 3869 718 3920 Thiersch.
757 3869 793 3919 l.
837 3868 903 3928 1.;
963 3868 1109 3933 quod
1144 3883 1275 3918 vero
1309 3867 1522 3930 puellas

431 3953 543 3988 non
574 3939 726 4003 ipsas
765 3939 878 3988 suis
916 3937 1168 3987 manibus
1214 3935 1525 3986 elaborasse

433 4006 583 4069 vult,
633 4006 730 4057 sed
777 4010 988 4056 sumtus
1038 4010 1252 4055 tantum
1303 4004 1376 4054 ad
1422 4004 1525 4054 hoc

433 4079 837 4125 monumentum
881 4075 1200 4140 praebuisse
1246 4089 1312 4123 ex
1366 4087 1526 4138 pecu-

437 4145 531 4195 nia
571 4145 814 4210 corporis
850 4148 1081 4209 quaestu
1117 4143 1417 4207 acquisita,
1473 4141 1530 4192 id

437 4228 549 4263 non
583 4215 722 4263 satis
755 4213 1011 4264 convenit
1041 4227 1163 4262 eum
1184 4212 1351 4270 verbo
1380 4201 1529 4275 ἐξερ-

436 4275 713 4346 γάσαντο,
772 4297 877 4347 (1110
913 4283 1117 4332 Noster
1161 4279 1286 4330 illas
1321 4278 1530 4344 puellas

436 4365 551 4401 una
583 4365 712 4400 cum
748 4350 944 4401 ceteris
995 4350 1053 4399 in
1087 4347 1415 4414 perficiendo
1451 4362 1534 4399 se-

441 4417 631 4484 pulcro
661 4432 880 4484 operam
902 4431 1058 4469 suam
1079 4416 1421 4484 praestitisse
1444 4414 1534 4467 de-

1595 956 1787 1008 clarat.
1826 988 1898 998 -—
1933 959 2220 1010 Caeterum
2259 959 2487 1009 similem
2523 974 2686 1024 quen-

1597 1026 1723 1075 dam
1739 1027 2058 1094 Cypriorum
2078 1045 2277 1079 morem
2296 1029 2522 1079 laudant
2542 1026 2687 1093 apud

1596 1095 1793 1146 Iustin.
1832 1098 1988 1162 XIII,
2026 1100 2078 1150 5.
2142 1100 2322 1164 Magis
2363 1105 2545 1149 tamen
2581 1097 2686 1146 huc

1599 1165 1838 1230 faciunt,
1888 1183 2031 1232 quae
2066 1183 2131 1218 ex
2171 1167 2431 1218 Clearcho
2466 1182 2688 1217 narran-

1598 1239 1687 1285 tur
1743 1237 1889 1301 apud
1943 1238 2283 1289 Athenaeum
2318 1239 2456 1302 XII,
2506 1239 2589 1288 11.
2628 1252 2683 1301 p.

1598 1305 1701 1355 515
1736 1307 1783 1356 F
1821 1322 1880 1357 se
1923 1343 1936 1356 .

1665 1361 1739 1422 οὖ
1777 1390 1833 1425 οι
1868 1321 1961 1440 (ἦ,
2006 1373 2174 1425 πέντε
2209 1367 2420 1439 ἐόντες,
2469 1369 2549 1424 ἔτι
2591 1368 2688 1422 καὶ

1597 1431 1653 1499 ἐς
1688 1435 1752 1509 ἐμ
1814 1432 1985 1512 ἦσαν]
2024 1447 2062 1497 i.
2101 1461 2150 1496 e.
2188 1449 2384 1497 ter-nuni
2415 1459 2564 1507 vero,
2606 1445 2693 1509 qui

1597 1516 1812 1580 quinque
1836 1524 1951 1565 sunt
1971 1532 2198 1578 numero,
2238 1516 2413 1566 adhuc
2441 1516 2513 1564 ad
2537 1528 2689 1589 αεσξη

1596 1597 1755 1650 mque
1797 1593 2008 1635 aetatem
2050 1587 2236 1650 intem-i
2267 1591 2532 1636 sceler-mit.
2591 1597 2691 1630 ου·

1598 1666 1716 1716 ροι,
1767 1654 1861 1730 qui
1896 1656 2111 1718 proprie
2148 1659 2275 1704 sunt
2319 1654 2539 1703 termini
2573 1652 2690 1700 sive

1595 1719 1806 1788 lapides
1842 1724 1900 1772 in
1936 1723 2106 1773 altum
2137 1725 2303 1774 erecti
2333 1723 2403 1772 ad
2440 1722 2574 1771 fines
2602 1721 2691 1769 de-

1604 1792 1919 1853 clarandos,
1959 1792 2009 1844 11.
2041 1793 2078 1842 l.
2119 1809 2239 1844 cum
2277 1791 2596 1842 Thierschio
2633 1805 2686 1854 p.

1604 1862 1709 1912 408
1755 1876 1866 1925 seq.
1906 1861 2152 1926 intelligo
2206 1862 2273 1911 de
2318 1859 2472 1911 stelis
2520 1877 2564 1910 s.
2603 1875 2692 1909 co-

1604 1931 1802 1981 lumnis
1819 1929 1888 1979 ad
1907 1931 2124 1981 modum
2152 1936 2331 1981 metae
2348 1931 2406 1979 in
2431 1944 2693 1978 cacumen

1604 2000 1902 2065 fastigatis,
1936 1999 1994 2049 in
2017 2016 2225 2050 summo
2256 1999 2462 2051 tumulo
2497 1998 2693 2049 erectis

1604 2071 1890 2135 ipsumque
1909 2067 2059 2133 σῆμα
2079 2069 2556 2120 constituentibus.
2587 2068 2693 2119 Ne-

1607 2155 1713 2205 que
1761 2139 2009 2203 quinario
2054 2155 2276 2190 numero
2322 2138 2693 2189 columnarum

1606 2208 1948 2271 offendimur,
1998 2210 2047 2258 si
2083 2210 2299 2274 quidem
2334 2209 2565 2260 eundem
2599 2223 2695 2257 nu-

1604 2294 1811 2329 merum
1847 2279 1904 2327 111
1938 2280 2216 2330 Porsenae
2254 2277 2505 2344 sepulcro
2547 2282 2604 2328 et
2638 2277 2694 2324 in

1605 2353 1951 2399 monumento
1980 2348 2345 2399 Curiatiorum
2368 2348 2693 2408 invenimus,

1607 2418 1675 2468 de
1727 2432 1833 2482 quo
1880 2418 1952 2469 cf.
1991 2419 2272 2469 Thiersch.
2320 2434 2376 2482 p.
2414 2420 2519 2468 414
2554 2431 2693 2479 seq„

1606 2488 1827 2537 Curtius
1869 2487 1907 2537 l.
1944 2487 1978 2537 l.
2030 2503 2083 2551 p.
2125 2488 2224 2539 159
2261 2492 2315 2537 et
2352 2487 2602 2536 Creuzer.
2637 2486 2696 2533 in

1608 2559 1855 2606 Excursu
1890 2555 1961 2604 ad
1997 2556 2050 2605 h.
2088 2556 2127 2607 1.
2199 2558 2316 2606 Hos
2352 2557 2610 2605 terminos
2646 2569 2692 2602 s.

1606 2625 1882 2676 columnas
1917 2625 2269 2689 symbolicam
2301 2625 2572 2690 quandam
2604 2622 2697 2670 ha—

1606 2696 1734 2745 bere
1783 2693 2231 2758 significationem
2249 2732 2262 2756 ,
2315 2694 2408 2742 vix
2445 2692 2695 2749 dubium3

1606 2761 1819 2829 phallos
1871 2764 2044 2814 fuisse
2090 2764 2234 2828 quod
2280 2759 2697 2812 statuit·Raoul

1610 2832 1876 2883 Rochette
1909 2825 2141 2883 Jou‘mal
2178 2832 2230 2882 d.
2271 2832 2400 2882 Sav.
2444 2829 2595 2882 1843.
2642 2846 2696 2895 p.

1610 2903 1714 2954 602
1763 2905 1819 2950 et
1860 2903 1917 2951 111
1965 2901 2422 2953 commentatione
2467 2901 2579 2949 iam
2614 2915 2701 2949 su-

1610 2987 1709 3037 pra
1748 2970 1818 3020 ad
1843 2972 1898 3034 1,
1929 2970 1962 3022 6
1997 2971 2223 3023 laudata
2270 2987 2394 3036 pag.
2424 2971 2493 3021 54
2526 2985 2700 3035 seqq„

1613 3042 1670 3090 id
1707 3056 1770 3090 eo
1807 3041 2070 3105 pertinet,
2121 3041 2266 3106 quod
2312 3045 2368 3090 et
2403 3039 2600 3091 Texier
2647 3043 2703 3088 et

1613 3110 1892 3160 Prokesch
1958 3109 2195 3175 lapidem
2253 3125 2534 3175 magnum,
2608 3107 2703 3173 qui

1613 3178 1783 3244 phalli
1834 3180 2062 3230 formam
2112 3180 2364 3231 exhibere
2408 3178 2703 3239 videretur,

1614 3249 1672 3298 in
1707 3264 1914 3299 summo
1951 3250 2200 3316 sepulcro
2224 3265 2284 3299 se
2315 3248 2591 3299 invenisse
2626 3252 2704 3296 te—

1615 3319 1750 3368 stati
1784 3323 1929 3368 sunt.

1686 3385 1795 3435 καί
1821 3401 1921 3450 σφι
1958 3378 2253 3451 γράμματα
2275 3376 2703 3447 ἐνεκεκόλαπτο]

1619 3457 1813 3507 Notari
1851 3456 2013 3572 (181181.
2045 3456 2135 3504 hic
2172 3454 2351 3516 locus,
2391 3454 2485 3518 (1111
2521 3452 2707 3502 chara-

1619 3529 1826 3574 cterum
1851 3539 1895 3574 s.
1942 3524 2201 3574 iterarum
2222 3538 2380 3572 usum
2400 3525 2553 3571 sexto
2580 3523 2708 3569 aute

1620 3594 1894 3643 Christum
1933 3592 2151 3641 saeculo
2178 3590 2325 3655 (nam
2347 3590 2597 3655 Alyattes
2629 3604 2709 3638 re·

1621 3677 1790 3727 gnare
1822 3663 2002 3725 coepit
2036 3660 2140 3711 616
2170 3675 2222 3710 a.
2261 3660 2386 3709 Chr.
2424 3674 2481 3709 n.
2520 3675 2584 3708 8ο
2619 3658 2709 3706 de-

1622 3731 1716 3780 siit
1752 3730 1855 3781 560
1898 3745 1951 3779 8.
1991 3729 2115 3779 Chr.
2154 3745 2238 3789 n.;
2289 3728 2434 3778 conf.
2483 3732 2599 3778 not.
2637 3725 2710 3775 ad

1623 3801 1678 3860 1,
1716 3799 1806 3864 45)
1855 3798 1999 3862 apud
2045 3796 2230 3862 Lydos
2250 3797 2572 3847 ‘invaluisse
2618 3795 2711 3845 do-

1624 3883 1749 3919 cere
1810 3867 2083 3918 videatur.
2173 3866 2332 3918 Conf.
2386 3867 2607 3931 Heyne·
2639 3863 2712 3915 ad

1625 3936 1785 3987 Iliad.
1803 3935 2068 3986 Observv.
2093 3935 2420 3986 Tom.V111.
2438 3951 2568 4001 pag.
2587 3934 2710 3984 812.

1626 4007 1710 4055 De
1746 4003 1855 4054 alio
1882 4005 2120 4070 Phrygio
2156 4009 2529 4066 monumento,
2569 4003 2715 4069 qnod

1629 4076 1776 4124 intra
1809 4089 1982 4124 annos
2017 4072 2294 4124 740-570
2343 4090 2394 4124 a.
2439 4073 2565 4124 Chr.
2607 4071 2716 4121 col-

1629 4143 1845 4207 locant,
1891 4142 2129 4194 dicemus
2173 4143 2231 4192 in
2266 4145 2515 4193 Excursu
2560 4139 2630 4190 ad
2668 4139 2713 4200 Ι,

1631 4211 1721 4263 94.
1786 4212 1945 4273 Quod
1981 4214 2027 4261 si
2063 4226 2253 4261 revera
2284 4210 2461 4261 literis
2485 4210 2717 4260 Graeco-

1632 4296 1751 4330 rum
1792 4279 2186 4345 antiquissimis
2228 4279 2335 4329 fuit
2376 4273 2716 4342 inscriptum,

1635 4363 1976 4414 consequens
2036 4363 2169 4398 sane
2213 4351 2323 4410 est,
2379 4345 2718 4396 Herodotum

1635 4415 1825 4467 literas
1872 4417 1929 4466 in
1960 4413 2200 4480 Alyattis
2236 4411 2484 4479 sepulcro
2520 4410 2718 4461 inscul-
