3109 5092
545 331 667 395 878
1324 331 1860 396 EXCURSUS
1900 332 2034 394 XII

533 507 894 574 testimoniis,
935 523 1078 576 quae
1121 506 1368 559 exhibuit
1391 506 1579 575 zoega
1602 506 1640 558 l.
1672 505 1710 558 l.
1744 525 1799 576 p.
1828 511 1966 575 382,
2009 506 2259 576 adeoque
2298 505 2425 574 ipsa
2464 507 2816 576 pyramidum

533 591 880 661 inspectione
907 592 1221 645 accuratius
1250 599 1307 644 et
1328 589 1651 660 diligentius
1682 592 1891 644 nostris
1914 591 2257 660 temporibus
2288 592 2451 657 sacta,
2485 592 2625 644 satis
2654 602 2812 645 certo

536 676 720 745 colligi
757 684 970 746 potest,
1021 677 1333 746 pyramides
1365 694 1395 728 e
1437 676 1822 746 sepulcr-alium
1860 682 2333 729 monumentorum
2364 693 2573 743 genere
2604 678 2806 746 fuisse,

536 768 848 815 exstructas
887 761 1011 815 illas
1051 762 1271 832 quidem
1310 761 1381 814 ad
1424 777 1615 829 regum
1657 770 1995 814 mortuorum
2045 761 2318 813 cadavera
2353 761 2495 815 bene
2538 762 2807 815 medicata

536 847 868 917 recipienda.
932 846 1055 899 vid.
1089 847 1278 916 Zoega
1309 846 1345 898 l.
1378 846 1414 897 Ι.
1459 846 1725 900 Creuzer.
1754 846 1997 914 Symbol.
2024 847 2098 898 11.
2131 864 2185 915 p.
2219 851 2324 906 113
2354 864 2513 916 seqq.
2562 854 2620 899 et
2653 854 2804 917 tert.,

534 932 634 1001 qui
673 933 986 1002 pyramides
1037 932 1293 1000 sepulcra
1337 931 1514 984 fuisse
1567 932 1870 984 arbitratur
1910 949 2104 1000 regum
2142 930 2643 1001 Memphiticorum,
2702 932 2801 1001 qui

534 1034 654 1072 cum
683 1018 967 1071 Thebanis
997 1016 1254 1086 regibus,
1293 1016 1390 1087 qui
1419 1016 1476 1067 in
1505 1017 1784 1069 montibus
1812 1034 1987 1085 prope
2022 1015 2246 1069 Thebas
2276 1016 2403 1069 sitis
2434 1022 2656 1087 cryptas
2687 1016 2803 1069 exi-

535 1103 640 1154 mia
676 1120 810 1155 cura
844 1104 1020 1155 factas
1065 1102 1173 1154 sibi
1205 1100 1617 1168 condidissent,
1665 1100 1799 1155 nihil
1828 1101 2025 1154 cedere
2055 1100 2294 1168 vellent,
2340 1101 2531 1154 eodem
2569 1101 2797 1154 consilio

533 1195 747 1241 montes
780 1196 897 1239 arte
927 1190 1136 1253 factos,
1181 1186 1373 1255 quales
1409 1186 1722 1255 pyramides
1751 1186 1811 1239 in
1840 1186 2017 1239 media
2044 1185 2138 1238 illa
2162 1186 2393 1256 planitie
2425 1204 2597 1256 prope
2630 1186 2797 1239 Mem-

533 1273 666 1341 phin
697 1272 926 1325 eductae
957 1289 1017 1324 re
1052 1290 1185 1324 vera
1212 1278 1347 1324 sunt
1376 1271 1689 1340 habendae,
1720 1279 2101 1337 exstruerent,
2132 1272 2189 1323 in
2222 1272 2429 1341 quibus
2459 1270 2568 1340 ipsi
2598 1272 2797 1324 mortui

533 1373 598 1408 ac
629 1357 732 1409 rite
765 1357 969 1409 conditi
1002 1364 1423 1424 reponerentur.
1485 1356 1665 1425 Atque
1697 1357 1753 1409 in
1786 1356 1886 1408 hac
1914 1356 2215 1422 sententia,
2253 1373 2365 1426 qua
2390 1373 2583 1423 regum
2613 1356 2801 1425 sepulo

535 1458 629 1493 cra
656 1441 834 1493 fuisse
865 1441 1172 1510 pyramides
1201 1439 1602 1507 existimamus,
1649 1441 1901 1513 plerique
1930 1440 2037 1492 viri
2067 1440 2215 1493 docti
2244 1458 2395 1494 nunc
2424 1442 2801 1509 consentiunt,

535 1543 566 1577 e
598 1543 828 1595 quorum
860 1543 1084 1579 numero
1115 1525 1370 1577 laudasse
1400 1524 1539 1577 satis
1570 1526 1679 1577 erit
1700 1528 1982 1579 Letronne
2011 1525 2096 1576 int
2132 1525 2367 1577 Journal
2391 1524 2447 1578 d.
2478 1525 2607 1577 Sav.
2639 1531 2796 1584 1841.

533 1628 588 1680 p.
614 1616 719 1670 449
741 1629 917 1680 seqq„
953 1610 1291 1679 Guigniaut=
1319 1608 1609 1676 Religions
1625 1609 1954 1679 d'Antiquit.
1981 1608 2025 1675 Ι,
2048 1615 2100 1666 2.
2122 1628 2178 1678 p.
2195 1615 2493 1680 763seqq.,
2520 1609 2801 1663 Prokesch

533 1694 571 1747 Ι.
602 1695 638 1748 Ι.
670 1696 698 1747 1
730 1713 784 1764 p.
817 1700 905 1762 73,
948 1695 1274 1764 Rus-egger
1309 1694 1345 1746 Ι.
1379 1711 1569 1764 supra,
1613 1694 1651 1746 l.
1692 1695 1746 1747 J.
1781 1694 1846 1747 A.
1889 1695 2163 1764 Spencer:
2206 1694 2477 1748 Sketches
2509 1695 2572 1747 of
2592 1695 2800 1747 travels

533 1780 590 1831 in
631 1781 823 1849 Egypt
868 1781 1130 1852 (London
1174 1779 1339 1845 1850)
1380 1797 1436 1849 p.
1472 1783 1541 1837 66
1586 1797 1705 1849 seq.
1784 1779 1944 1842 Quae
1984 1795 2105 1830 cum
2144 1779 2223 1832 ita
2259 1780 2404 1846 sint,
2448 1779 2662 1831 minime
2703 1797 2800 1832 au—

536 1864 721 1918 diendi
761 1872 897 1918 sunt
924 1866 992 1933 ii,
1039 1866 1135 1935 qui
1164 1863 1388 1933 Iosephi
1427 1863 1511 1916 vel
1539 1864 1885 1916 Pharaonum
1914 1864 2113 1915 horrea
2139 1864 2454 1934 pyramides
2484 1865 2659 1917 fuisse
2698 1866 2803 1917 iam

533 1950 842 2020 antiquitus
874 1950 1083 2019 opinati
1113 1957 1273 2002 sunt:
1318 1948 1386 2000 de
1417 1949 1621 2019 quibus
1651 1951 1797 2001 conf.
1832 1965 1973 2018 quae
2002 1947 2189 2001 attulit
2215 1948 2482 2003 Creuzer.
2512 1949 2602 2001 in:
2643 1948 2801 2016 Sym—

532 2035 643 2087 bol.
677 2035 751 2087 11.
786 2052 841 2103 p.
868 2039 971 2093 114
1000 2035 1086 2086 ed.
1118 2040 1246 2086 tert.
1281 2032 1493 2086 Melett.
1527 2032 1675 2089 critt.
1709 2033 1756 2085 Ι.
1791 2051 1847 2102 p.
1876 2039 1978 2100 96,
2013 2039 2070 2084 et
2096 2050 2239 2103 quae
2278 2033 2492 2088 monuit
2516 2033 2803 2088 Letronue

533 2119 569 2172 Ι.
606 2120 642 2172 Ι.
685 2139 742 2189 p.
773 2122 878 2179 394
902 2126 1038 2186 not.,
1076 2119 1174 2189 qui
1202 2119 1340 2171 hanc
1371 2118 1683 2187 opinionem
1708 2118 1884 2171 medio
1917 2118 2079 2171 etiam
2105 2134 2243 2171 aevo
2275 2126 2630 2189 propagatam
2662 2120 2802 2172 Ara-

533 2205 807 2272 bibusqne
850 2203 1215 2272 scriptoribus
1258 2202 1386 2255 inde
1425 2209 1699 2272 receptam
1746 2203 1967 2255 Iudaeis
2003 2202 2393 2257 Alexandrinis
2440 2203 2629 2257 deberi
2671 2222 2801 2257 con-

533 2287 744 2353 tendit;
782 2305 884 2340 nec
913 2288 1096 2356 magis,
1110 2287 1368 2341 audiendi
1403 2297 1572 2339 erunt
1602 2287 1661 2356 ii,
1694 2287 1791 2357 qui
1822 2287 2132 2341 recentiore
2161 2296 2343 2342 aetate
2370 2288 2495 2342 aliis
2519 2306 2587 2341 ex
2613 2290 2803 2342 causis

533 2371 844 2440 pyramides
888 2380 1102 2424 erectas
1147 2390 1272 2424 esse
1313 2378 1609 2440 putarunt,
1661 2387 1780 2424 cum
1820 2372 1910 2425 vel
1950 2372 2067 2424 Soli
2111 2371 2309 2426 aliisve
2345 2372 2660 2427 numinibus
2706 2392 2803 2426 eas

534 2462 887 2510 consecratas
917 2456 1141 2524 vellent,
1175 2452 1262 2509 vel
1282 2456 1350 2508 ad
1371 2455 1477 2508 alia
1497 2456 1765 2525 quaedam
1791 2474 1949 2510 sacra
1977 2457 2227 2527 adeoque
2254 2475 2457 2511 arcana
2484 2459 2805 2527 peragenda

532 2542 785 2595 conditas
827 2542 1076 2595 dicerent
1099 2540 1191 2610 *),
1242 2540 1331 2594 vel
1362 2542 1430 2593 ad
1460 2541 1645 2593 sidera
1681 2541 1913 2611 propius
1950 2542 2367 2613 contemplanda
2407 2550 2464 2596 et
2491 2559 2635 2611 quae
2666 2552 2806 2596 sunt

531 2627 639 2679 alia
663 2627 827 2681 huius
857 2628 1100 2695 generis,
1133 2629 1201 2680 de
1230 2626 1433 2697 quibus
1469 2626 1578 2679 vid.
1616 2626 1767 2678 Beck
1800 2626 1837 2679 l.
1871 2625 1907 2676 l.
1939 2645 1993 2696 p.
2028 2631 2153 2686 708.
2220 2628 2350 2691 Quo
2380 2627 2570 2681 eodem
2596 2629 2801 2695 refero,

532 2713 678 2782 quod
731 2730 912 2782 nuper
952 2712 1184 2782 protulit
1230 2711 1647 2764 Forchhammer
1687 2711 1745 2762 in
1790 2712 2240 2765 commentatione
2288 2712 2357 2764 de
2400 2712 2801 2782 pyramidibus,

532 2815 673 2868 quae
714 2797 926 2851 inserta
969 2797 1173 2866 legitur
1199 2796 1375 2848 Indici
1419 2795 1569 2847 lectt.
1615 2795 1906 2850 universit.
1939 2795 2177 2849 Kiliens.
2212 2800 2495 2858 1837—38
2531 2795 2654 2850 coll.
2688 2796 2805 2848 All-

531 2883 777 2951 gemeine
803 2882 1061 2950 Zeitung.
1095 2886 1252 2942 1843.
1288 2898 1371 2933 nr.
1405 2884 1529 2940 279.
1563 2879 1776 2949 Beilag.
1808 2887 1862 2942 6.
1897 2881 2159 2949 Octobr.,
2209 2882 2307 2952 qui
2350 2882 2665 2951 pyramides
2708 2899 2805 2934 ex-

530 2974 774 3020 structas
821 2966 995 3018 videri
1036 2964 1351 3031 contendit,
1394 2970 1456 3016 ut
1498 2981 1694 3033 aquam
1734 2982 1924 3034 puram
1969 2984 1998 3019 e
2032 2965 2161 3018 Nilo
2202 2984 2303 3037 per
2330 2965 2550 3019 canales
2579 2966 2805 3019 subter-

531 3067 731 3103 raneos
778 3049 836 3101 in
880 3065 1121 3102 cameras
1162 3049 1458 3102 interiores
1502 3049 1787 3103 deductam
1831 3068 2004 3121 aeque
2049 3067 2113 3103 ac
2142 3068 2301 3104 rores
2343 3049 2493 3104 coelo
2536 3050 2803 3121 delapsos

530 3133 848 3202 exciperent
875 3150 940 3184 ac
961 3139 1251 3187 servarent
1278 3132 1526 3201 adeoque
1562 3150 1826 3203 aquarum
1856 3142 2046 3188 essent
2069 3135 2433 3205 receptacula,
2463 3152 2604 3204 quae
2628 3152 2805 3205 aqua-

529 3235 650 3273 rum
690 3217 939 3287 inopiae,
991 3234 1101 3288 qua
1143 3218 1334 3287 utique
1366 3216 1581 3269 laborat
1610 3219 1931 3288 Aegyptus,
1981 3228 2394 3273 succurrerent.
2468 3219 2630 3272 Aliud
2664 3220 2807 3289 quid

529 3303 618 3359 vel
653 3303 827 3371 magis
857 3303 1050 3357 mirum
1085 3302 1420 3370 excogitavit
1455 3301 1641 3355 Fiolin
1673 3302 1741 3355 de
1768 3302 2045 3372 Persigny
2088 3304 2143 3356 in
2176 3303 2351 3371 libro,
2398 3303 2495 3374 qui
2539 3304 2806 3357 inscribi-

529 3397 651 3443 tur:
686 3388 770 3441 De
802 3387 856 3440 la
885 3388 1220 3442 destination
1254 3394 1310 3440 et
1339 3386 1406 3439 de
1437 3385 1657 3440 l’utilite
1687 3395 2040 3457 permanente
2070 3389 2139 3442 de
2166 3388 2489 3457 Pyramides
2518 3387 2809 3459 d’Egypte

528 3481 586 3527 et
607 3474 675 3526 de
698 3474 885 3527 Nubie
909 3480 1098 3527 contre
1131 3472 1211 3526 les
1235 3470 1539 3541 irruptionis
1570 3469 1971 3526 sablonneuses
2000 3473 2073 3526 du
2106 3474 2313 3527 desert.
2343 3472 2505 3525 Paris
2529 3477 2667 3532 1845
2683 3470 2805 3541 **).

529 3557 748 3612 Etenim
774 3559 860 3611 hic
884 3559 1195 3628 pyramides
1225 3576 1290 3610 eo
1321 3555 1550 3609 consilio
1575 3557 1891 3610 aedificatas
1921 3576 2048 3611 esse
2078 3559 2356 3628 opinatur,
2391 3564 2453 3610 ut
2484 3574 2709 3610 arenam
2732 3577 2807 3610 ex

528 3643 814 3697 interioris
835 3644 1047 3711 Libyae
1078 3642 1314 3695 desertis
1347 3649 1636 3693 ventorum
1665 3641 1722 3694 vi
1755 3642 2043 3695 conflatam
2075 3644 2433 3714 prohiberent
2459 3659 2492 3694 a
2517 3640 2808 3695 fertilibus

529 3725 768 3797 Aegypti
807 3727 1131 3797 regionibus
1171 3743 1378 3796 easque
1419 3723 1574 3792 ipsas
1607 3727 1707 3779 hoc
1739 3727 1896 3780 modo
1925 3732 2077 3781 tutas
2114 3747 2178 3781 ac
2207 3742 2436 3782 securas
2478 3726 2809 3779 redderent.

528 3808 636 3862 Cui
667 3814 917 3880 quamvis
949 3810 1321 3882 adstipulatus
1357 3810 1432 3861 sit
1463 3810 1536 3861 G.
1569 3810 1636 3862 F.
1671 3811 1961 3864 Guenther
1991 3812 2083 3864 in:
2114 3811 2502 3883 Ephemeridd.
2534 3811 2803 3864 lenense.

527 3897 684 3954 1846.
701 3913 787 3950 nr.
801 3904 996 3965 114.p.
1017 3901 1139 3963 456,
1168 3896 1361 3950 merito
1393 3892 1683 3947 oblocutus
1715 3900 1803 3948 est
1830 3896 1883 3950 J.
1900 3896 2203 3969 J.Ampere
2219 3897 2308 3950 in:
2338 3895 2533 3949 Revue
2558 3896 2613 3948 d.
2648 3894 2807 3948 deux

663 4078 718 4145 ¹⁸²)
769 4080 892 4142 Sic,
940 4082 1024 4132 uti
1052 4080 1156 4132 hoc
1193 4086 1350 4141 utar,
1402 4075 1669 4129 Gladisch
1718 4077 1774 4126 in
1822 4085 2258 4145 programmate,
2307 4079 2453 4145 quod
2487 4078 2698 4143 prodiit
2737 4078 2805 4131 in

524 4150 657 4204 urbe
677 4150 1010 4201 Krotoschin
1035 4166 1180 4201 anno
1207 4149 1367 4203 1849:
1410 4146 1556 4208 „Die
1594 4146 1976 4201 entschleierte
1998 4150 2127 4211 Isis,
2166 4149 2550 4201 insbesondere
2588 4148 2677 4199 die
2695 4150 2805 4199 Be-

522 4223 767 4287 deutung
802 4220 898 4271 der
934 4219 1232 4272 Obeliskeu
1267 4237 1319 4270 u.
1357 4216 1747 4281 Pyramiden“,
1790 4218 2057 4270 obeliscos
2094 4224 2150 4270 et
2188 4218 2500 4285 pyramides
2537 4217 2801 4282 symbola

521 4309 641 4344 esse
675 4291 797 4343 vult
832 4290 1080 4355 mysterii
1112 4286 1351 4340 Osiriaei
1382 4284 1448 4335 de
1486 4288 1726 4336 omnium
1760 4305 1943 4340 rerum
1979 4288 2188 4352 origine
2226 4304 2293 4339 ac
2330 4293 2549 4338 natura.
2624 4286 2796 4339 Cous.

520 4364 688 4413 etiam
722 4360 947 4413 Noack:
993 4357 1188 4409 Jahrb.
1225 4358 1266 4409 f.
1311 4353 1577 4419 speculat.
1616 4355 1931 4423 Philosoph.
1979 4358 2126 4408 1847.
2166 4374 2218 4423 p.
2261 4358 2357 4408 681
2396 4357 2453 4406 ff.
2492 4355 2596 4406 903
2632 4372 2796 4422 seqq.

654 4428 741 4494 ¹⁸¹⁸)
782 4428 938 4481 Conf.
976 4428 1233 4494 Literary
1271 4426 1503 4479 Gazette
1545 4422 1698 4475 1850.
1748 4426 1828 4478 12.
1867 4426 2062 4477 Octob.
2100 4442 2181 4478 nr.
2222 4416 2373 4479 1760.
2402 4442 2467 4492 -p.
2497 4424 2595 4477 751
2629 4440 2793 4492 seqq.
