3109 5092
1222 362 1475 424 CLIO.
1525 365 1577 423 Ι.
1623 375 1714 429 35.
2534 368 2606 429 81

321 556 433 615 σος
468 539 552 605 δέ
572 563 692 622 μιν
725 533 1040 625 ἐκάθηρε.
1089 542 1227 604 ἔστι
1265 536 1341 605 δὲ
1368 543 1799 628 παραπλησίη
1838 530 1873 625 ἦ
1905 535 2235 626 κάθαρσις
2264 555 2434 609 τοῖσι
2466 550 2608 610 Λυ-

245 647 305 702 18
323 644 497 707 δοῖσι
550 640 663 707 καὶ
701 653 876 707 τοῖσι
891 635 1181 728 Ἕλλησι.
1256 641 1409 709 ἐπεί
1448 667 1521 709 τε
1576 641 1651 709 δὲ
1699 637 1781 708 τὰ
1815 638 2214 728 νομιζόμενα
2259 646 2528 733 ἐποίησε
2571 640 2610 713 ὁ

318 749 643 832 Κροῖσος,
674 741 1096 812 ἐπυνθάνετο
1123 738 1375 813 ὁκόθεν
1401 769 1474 811 τε
1503 745 1614 813 καὶ
1648 749 1747 822 τίς
1785 753 1924 833 εἴη,
1959 746 2177 831 λέγων
2211 747 2402 815 τάδε·
2442 745 2604 816 Ὧν-

316 856 591 936 θρωπε,
629 852 729 925 τίς
755 872 829 913 τε
859 843 992 915 ἐῶν
1020 847 1133 914 καὶ
1162 844 1375 916 κόθεν
1399 851 1515 934 τῆς
1546 854 1851 937 Φρυγίης
1879 843 2101 936 ἥκων,
2145 853 2438 930 ἐπίστιος
2465 852 2608 938 ἐμοὶ

320 952 577 1036 ἐγένεος
623 956 778 1017 τίνα
819 975 892 1017 τε
928 945 1202 1037 ἀνδρῶν
1235 943 1276 1038 ἢ
1310 955 1659 1037 γυναικῶν
1704 949 2112 1037 ἐφόνευσας;

2179 948 2252 1019 Ὁ
2301 953 2376 1021 δὲ
2416 950 2606 1041 ἀμεί-

318 1059 504 1139 βετο·
553 1043 634 1120 Ὦ
671 1057 991 1139 βασιλεῦ,
1036 1057 1337 1143 Γορδίεω
1373 1053 1501 1141 μὲν
1543 1059 1667 1123 τοῦ
1698 1052 1945 1122 Μίδεω
1989 1060 2124 1142 εἰμι
2173 1071 2362 1139 παῖς,
2408 1053 2604 1126 οὐνο·

319 1154 596 1243 μάζομαι
629 1155 705 1225 δὲ
727 1152 1128 1245 'Adendros‘
1183 1155 1520 1243 φονεύσας
1546 1156 1623 1226 δὲ
1652 1144 1991 1244 ἇδελφεὸν
2019 1161 2363 1246 ἐμεωυτοῦ
2390 1155 2611 1229 ἀέκων

320 1259 614 1347 πάρειμι,
647 1257 1123 1346 ἐξεληλαμὲνος
1149 1285 1222 1328 τε
1249 1255 1383 1330 ὑπὸ
1409 1266 1530 1330 τοῦ
1558 1257 1805 1349 πατρὸς
1835 1260 1946 1329 καὶ
1976 1263 2412 1351 ἐστερημένος
2435 1262 2605 1332 πάν-

318 1388 474 1430 τῶν.

387 1552 610 1613 ὁκόθεν
646 1576 705 1612 τε
740 1560 837 1613 καὶ
860 1561 948 1620 τίς
973 1560 1085 1629 εἴη]
1124 1563 1212 1622 τίς
1236 1577 1294 1613 τε
1319 1558 1415 1612 καὶ

319 1628 512 1682 πόθεν
550 1631 807 1683 solemnis
844 1637 907 1683 ut
934 1633 1152 1684 videtur
1177 1634 1415 1699 peregri-

317 1718 415 1751 nos
446 1703 824 1768 interrogandi
861 1708 957 1752 ant
993 1703 1305 1767 appellandi
1330 1718 1414 1753 ra-

317 1773 422 1832 tio;
478 1772 545 1822 de
581 1787 689 1838 qua
718 1773 806 1823 Cr.
845 1772 1102 1823 admonet
1136 1773 1415 1823 Sehaefer.

316 1841 386 1890 ad
452 1842 706 1906 Sophoel.
788 1843 1047 1892 Trachin.
1115 1843 1213 1893 421
1280 1842 1413 1906 ibiq.

578 1369 867 1452 Κροῖσος
918 1365 999 1432 δέ
1037 1390 1158 1451 μιν
1198 1358 1511 1452 ἀμείβετο
1566 1368 1824 1434 τοῖσδε·

1904 1360 2208 1454 Ἀνδρῶν
2259 1392 2333 1434 τε
2385 1373 2610 1454 φίλων

1517 1569 1661 1614 stum
1706 1580 1988 1630 perperam
2033 1566 2304 1617 intellexit
2348 1576 2608 1632 „nepotem

1518 1635 1768 1693 Gor-diae,
1807 1638 1893 1700 qni
1913 1637 2015 1699 suit
2033 1636 2234 1687 Midiae
2257 1642 2474 1700 pater-:⁶⁴
2512 1637 2610 1689 sed

1517 1703 1690 1753 altero
1729 1703 1852 1754 loeo
1898 1705 1954 1766 1,
2004 1706 2073 1756 35
2118 1720 2309 1756 vocem
2362 1709 2499 1763 παῖς
2540 1707 2608 1756 de

1516 1778 1716 1838 nepote
1754 1774 2127 1838 accipiendam
2163 1775 2379 1825 statuit.
2452 1776 2611 1837 Quod

1518 1858 1625 1907 qno
1662 1843 1779 1893 iure
1810 1847 2051 1905 statuat,
2092 1843 2342 1908 equidem
2377 1860 2488 1894 non
2526 1861 2610 1894 as-

315 1912 478 1961 Hom.
508 1910 710 1976 Odyss.
738 1912 887 1973 XIX,
922 1913 1040 1964 105.
1114 1910 1222 1963 Sed
1257 1910 1416 1977 plura
1519 1927 1736 1977 sequor.
1793 1912 1873 1962 Ae
1901 1912 2119 1962 videtur
2136 1912 2498 1979 Wesselingio
2519 1914 2610 1964 hie

317 1996 384 2029 ex
408 1980 690 2033 Herodoto
727 1980 898 2032 allata
933 1982 1088 2031 vides
1126 1997 1160 2032 a
1183 1981 1407 2031 Struvio

318 2052 569 2113 (Quaest.
609 2050 676 2101 de
710 2051 975 2102 Herodot.
1014 2049 1234 2102 dialect.
1287 2066 1408 2114 spe-

999 2120 1083 2183 11,
1130 2120 1248 2172 115.
1300 2119 1407 2182 111,

1035 2190 1231 2254 quibus
1287 2205 1409 2254 pro·

316 2120 439 2169 eim.
480 2120 527 2169 Ι.
580 2136 633 2185 p.
670 2120 739 2172 49
778 2120 945 2187 not.):

321 2190 439 2239 156.
498 2190 607 2253 IV,
668 2191 766 2241 145
822 2196 960 2251 ete.3

317 2258 507 2308 batum
542 2260 717 2308 inovir
762 2260 981 2321 doetus,
1036 2259 1305 2320 Graecos,
1359 2259 1407 2307 si

315 2328 474 2392 plura
498 2329 737 2379 membra
766 2330 1165 2394 interrogativa
1188 2328 1407 2392 oblique

313 2404 613 2462 ponantur,
653 2403 708 2448 et
742 2398 1154 2463 interrogativis
1180 2402 1236 2448 et
1270 2397 1406 2447 rela-

313 2467 446 2517 tivis
482 2467 892 2532 pronominibus
935 2468 1240 2533 promiscue
1274 2482 1404 2517 usos

313 2552 453 2587 esse.
491 2567 565 2577 —
599 2538 732 2588 Mox
767 2528 1017 2593 ἐπίστιος
1040 2537 1234 2588 Ῑοιιιιιιι
1256 2551 1405 2586 more

312 2621 410 2671 pro
447 2598 706 2669 ἐφέστιος
755 2603 848 2669 (ef.
885 2605 1121 2657 Bredov.
1159 2623 1212 2671 p.
1258 2605 1399 2667 146),

312 2681 538 2726 anctore
574 2675 757 2727 Schol.
796 2675 1046 2740 Apollon.
1084 2675 1262 2726 Rhod.
1306 2675 1401 2737 IV,

314 2746 413 2795 747
438 2744 637 2795 dieitur
669 2735 700 2795 ὁ
729 2735 821 2794 ἐπὶ
844 2742 914 2811 τῇ
949 2737 1106 2814 ἑστία
1142 2760 1240 2801 ων,
1278 2745 1316 2794 i.
1353 2759 1401 2794 e.

311 2817 531 2878 simplex
551 2815 625 2864 ad
650 2816 818 2879 soctan
840 2829 937 2879 pro
963 2829 1110 2864 more
1142 2815 1401 2866 adsidens.

313 2884 440 2935 Alia
474 2884 625 2934 vocis
659 2884 908 2950 exempla
942 2883 1039 2933 dat
1072 2883 1404 2948 Wesseling.

315 2953 385 3004 ad
419 2953 473 3004 1ι.
516 2953 587 3018 1.,
627 2954 822 3020 quibus
859 2953 1013 3004 addit
1048 2954 1135 3007 Cr.
1176 2954 1406 3019 Gregor.

315 3023 560 3075 Corinth.
597 3039 652 3088 p.
691 3023 796 3075 500
832 3023 919 3074 ed.
957 3022 1176 3074 Sebaef.
1206 3024 1406 3074 Home-

314 3093 483 3143 ricum
514 3094 692 3143 locum
720 3092 900 3143 Ulixis
937 3093 1084 3143 facto
1132 3091 1405 3143 consimili

313 3162 583 3228 insignem
622 3163 678 3211 in
715 3162 917 3228 Odyss.
949 3162 1085 3225 VII,
1121 3161 1220 3213 153
1258 3165 1400 3211 attu-

311 3231 453 3282 lerat
486 3232 811 3283 Lareherus.
861 3231 947 3282 Cf.
974 3230 1225 3281 Creuzer.
1249 3230 1403 3296 Sym-

312 3301 567 3351 b01.111.
609 3318 664 3367 p.
706 3304 804 3352 124
843 3301 927 3355 ed.
966 3304 1093 3350 tert.

380 3368 644 3456 Γορδίεω
699 3365 804 3451 μὲν
867 3368 973 3419 τοῦ
1023 3360 1231 3419 Μίδεω
1289 3364 1403 3433 εἰμι

310 3443 475 3504 παῖς,
540 3430 925 3519 οὖνομᾶζομαι
970 3431 1035 3488 δὲ
1071 3384 1401 3504 Ἄδρηστος]

312 3509 453 3560 Dedi
489 3499 895 3589 οὖνομαζομαι
921 3524 1043 3558 eum
1067 3508 1319 3574 Schwgh.
1348 3514 1402 3557 et

314 3579 489 3629 Gaisf.
526 3578 706 3643 Vulgo
744 3570 1088 3644 ὀνομάζομαι
1116 3578 1294 3627 minus
1318 3577 1403 3627 Io-

311 3649 450 3698 niee.
523 3648 650 3698 Vid.
707 3647 938 3698 BredoV.
1000 3664 1054 3713 Ρ.
1109 3647 1226 3699 163.
1299 3647 1403 3697 Lo·

314 3732 434 3767 cum
469 3718 648 3781 ipsum
683 3722 742 3766 tu
763 3718 843 3767 sie
873 3718 1139 3782 accipias:
1178 3716 1405 3768 Gordius

312 3802 416 3837 sum
438 3789 601 3849 filius,
639 3787 820 3837 Midae
852 3801 1035 3850 nepos,
1075 3793 1151 3836 eet
1183 3785 1297 3836 milei
1317 3801 1404 3835 no·

312 3872 417 3906 mm
458 3856 708 3907 Adrasto.
781 3856 936 3906 Infra
979 3855 1034 3918 1,
1069 3857 1161 3906 45·
1207 3846 1404 3918 Ἀδρη-

316 3938 445 3982 στος
498 3918 564 3973 δὲ
620 3915 652 3973 ὁ
698 3921 958 3989 Γορδίεω
1019 3922 1123 3973 τοῦ
1179 3920 1402 3986 Μίδεω,

315 3993 457 4058 quod
520 3993 710 4044 eodem
776 3993 938 4043 modo
993 3993 1399 4058 accipiendum·

314 4064 589 4115 Adrastus.
603 4065 743 4126 filius
753 4063 997 4121 Gordius,
1022 4065 1108 4127 qui
1134 4071 1210 4112 est
1224 4062 1404 4112 Midae

307 4135 443 4195 flIius
463 4131 531 4196 (s.
555 4132 716 4195 Acir„
738 4132 922 4181 Midae
953 4131 1153 4196 nepos).
1204 4132 1401 4181 Moneo

313 4208 533 4267 propter
550 4202 847 4262 Sturzium‚
873 4201 965 4265 qui
989 4202 1044 4250 in
1064 4201 1400 4266 Programm.

314 4271 378 4321 de
401 4272 644 4322 nominn.
673 4271 902 4323 Graece.
943 4268 1292 4334 (Commentt.
1320 4284 1407 4319 so·

312 4342 436 4391 ciet.
522 4339 672 4391 hilol.
712 4340 948 4405 Lips.1.
988 4341 1040 4389 2.
1120 4338 1296 4405 ,2⁴26)
1333 4338 1405 4388 ad

313 4410 487 4461 artieu
511 4424 602 4460 nm
650 4408 909 4474 supplens
956 4422 1070 4459 πατ
1113 4425 1175 4475 ρ,
1236 4407 1412 4503 Adra-

392 4512 732 4557 ΗΕΒΟὩΟΤ
778 4511 824 4554 1.

1508 1981 1719 2044 Midas,
1776 1981 2014 2032 Gordiae
2050 1987 2232 2046 pater,
2288 1982 2430 2033 idem
2467 1999 2605 2046 esse,

1510 2051 1606 2115 qui
1659 2065 1825 2113 supra
1868 2067 1917 2101 e.
1969 2052 2036 2103 14
2080 2050 2338 2102 laudatur
2400 2053 2606 2118 primus

1508 2119 1783 2185 Phrygiae
1829 2116 1951 2182 r'ex,
2014 2122 2108 2185 qui
2159 2122 2402 2187 Delphos
2464 2123 2608 2173 dona

1508 2189 1751 2252 miserit,
1789 2190 1989 2255 quique
2014 2192 2108 2240 et
2094 2207 2211 2256 ipse
2248 2191 2450 2242 dieitur
2473 2194 2607 2243 Gor-

1509 2258 1634 2308 diae
1661 2258 1824 2310 filius.
1878 2259 1986 2311 Sed
2009 2266 2312 2326 temporum
2337 2263 2604 2313 rationem

1508 2329 2606 2467 332⁰2:1²..L33‘323‘3⁸;.331¹¹13¹1332223¹4

1507 2467 1698 2517 Croesi
1735 2472 1973 2519 aetatem
2003 2470 2209 2520 vixisse
2244 2486 2471 2521 necesse
2508 2471 2599 2520 sit.

1506 2536 1594 2587 Cf.
1631 2536 1821 2587 Osann
1855 2539 1913 2587 in
1949 2538 2088 2589 libro
2128 2554 2294 2603 supra
2321 2538 2414 2603 (ad
2442 2540 2486 2600 Ι,
2511 2539 2597 2603 14)

1505 2604 1732 2655 laudato
1783 2621 1911 2672 pag.
1962 2606 2030 2657 38
2079 2622 2194 2671 seq.
2255 2614 2310 2657 et
2359 2607 2598 2658 Clinton.

1503 2675 1661 2725 Fast.
1703 2675 1917 2725 Hellen.
1958 2676 2005 2726 1.
2045 2691 2100 2740 p.
2139 2674 2269 2739 346,
2321 2677 2414 2740 qui
2457 2675 2600 2726 hune

1507 2744 1732 2805 Midam,
1760 2744 1985 2794 Adrasti
2012 2760 2192 2807 avum,
2230 2746 2377 2795 eirca
2401 2760 2600 2795 annum

1505 2813 1611 2866 600
1644 2818 1773 2863 ante
1799 2813 1927 2864 Chr.
1951 2830 2005 2865 n.
2031 2829 2258 2879 regnum
2292 2816 2601 2879 suscepisse

1506 2884 1724 2934 statuit.
1814 2884 1953 2934 Sunt
2013 2886 2206 2950 utique
2262 2885 2487 2935 Gor-diae
2544 2888 2612 2934 et.

1508 2953 1691 3003 Midae
1743 2953 1965 3005 nomina
2020 2952 2284 3004 solemnia
2329 2955 2386 3003 in
2429 2953 2621 3019 Phry·⁴

1505 3039 1635 3089 gum
1670 3022 1900 3073 historia
1933 3023 2223 3090 pluresque
2243 3023 2406 3075 huius
2430 3024 2598 3075 nomi-

1503 3094 1591 3142 nis
1616 3097 1906 3142 oeeurrunt
1938 3109 2119 3159 reges,
2154 3094 2248 3159 qui
2274 3095 2406 3159 quin
2437 3093 2598 3143 facile

1506 3162 1767 3212 confundi
1822 3166 2128 3227 potuerint,
2187 3164 2309 3229 quis
2365 3178 2599 3228 negave-

1504 3233 1618 3281 rit?
1692 3231 1851 3281 Conf.
1878 3233 2133 3284 Bouhier.
2164 3234 2314 3283 Diss.
2350 3231 2594 3282 Herodd.

1504 3316 1553 3350 e.
1602 3299 1654 3351 8.
1701 3317 1756 3365 p.
1807 3300 1876 3351 85
1933 3308 1987 3352 et
2033 3302 2200 3352 Beek.
2257 3303 2315 3351 in
2360 3301 2594 3366 Allgem.

1502 3369 1838 3434 Weltgeseh.
1863 3369 1910 3421 1.
1939 3387 1995 3435 p.
2024 3371 2126 3422 304
2148 3386 2263 3434 seq.
2316 3370 2456 3419 Utut
2492 3375 2594 3432 est,

1502 3440 1688 3503 regiae
1713 3440 1902 3504 stirpis
1920 3440 2072 3488 illum
2084 3437 2381 3489 Adrastum
2403 3438 2594 3499 fuisse,

1501 3507 1952 3558 verisimillimum
2003 3508 2065 3557 fit
2104 3522 2170 3556 ex
2205 3506 2307 3556 hae
2347 3504 2598 3570 genealo-

1504 3578 1623 3643 gia;
1692 3575 1762 3625 ad
1822 3578 2084 3627 Croesum
2157 3574 2250 3624 ille
2326 3575 2593 3639 confugit,

1505 3647 1705 3727 quippe
1745 3647 1865 3709 qui,
1905 3644 2179 3709 Phrygiae
2214 3642 2434 3709 regibus
2471 3643 2596 3693 sub-

1503 3715 1674 3775 actis,
1707 3712 1850 3765 hane
1883 3720 2083 3764 terram
2107 3712 2304 3762 ditioni
2338 3727 2470 3764 suae
2503 3713 2596 3763 ad-

1504 3784 1721 3834 diderat
1765 3783 2247 3848 tributariamque,
2296 3781 2486 3845 erede,
2520 3783 2594 3833 fe·

1504 3857 1682 3913 cerat3
1723 3853 1795 3902 ef.
1833 3854 1879 3916 1,
1898 3854 1949 3916 6,
1980 3853 2066 3904 28.
2139 3851 2282 3902 Illud
2316 3868 2445 3903 vero
2484 3869 2596 3903 ma-

1503 3924 1590 3988 gis
1628 3923 1946 3986 tenendum,
1991 3923 2213 3973 Adrasti
2250 3938 2446 3973 nomen
2483 3938 2594 3973 non

1505 3991 1738 4057 amplius
1774 3993 1830 4042 in
1865 3993 2143 4059 Phrygum
2177 3992 2410 4042 historia
2443 4007 2594 4057 repe-

1504 4061 1623 4124 riri,
1670 4060 1767 4111 sed
1818 4062 1987 4112 multo
2037 4063 2279 4112 erebrius
2329 4062 2387 4110 in
2429 4061 2594 4112 Grae-

1505 4146 1691 4182 eorum
1729 4133 1890 4183 rebus
1935 4133 2180 4197 adeoque
2214 4132 2271 4180 in
2311 4131 2592 4191 Troianis,

1507 4215 1616 4266 qua
1653 4199 1718 4250 de
1755 4218 1813 4252 re
1848 4202 1961 4251 vid.
1999 4204 2231 4252 Excurs.
2268 4199 2338 4249 ad
2374 4198 2504 4251 1ι.1.

1580 4264 1870 4334 φονεύσας
1905 4266 1968 4320 δὲ
1991 4261 2274 4334 ἀδελφεὸν
2309 4259 2596 4332 ἐμεωυτοῦ

1505 4329 1713 4405 αέκων]
1761 4340 1971 4391 Fratris
2007 4354 2204 4390 nomen
2248 4337 2431 4402 prodit
2465 4338 2595 4386 Pto-

1504 4407 1747 4459 lemaeus
1782 4408 2119 4474 Hephaestio
2157 4405 2302 4471 apud
2336 4405 2596 4457 Photium

2148 4491 2187 4551 6
