3109 5092
7 4104 15 4295 ssfiffi„
7 4036 15 4089 ἡ
8 3976 9 3993 ᾼ

429 317 510 378 52
1296 314 1837 380 HERODOTI

429 490 562 581 γὰρ
596 488 884 583 ἡδονὴν,
935 499 1000 562 εί
1036 494 1346 581 με’λλοιεν
1380 488 1797 560 ἀκούσεσθαι
1841 490 1963 555 τοῦ
2003 483 2281 576 ἀρίστου
2324 482 2716 583 ἀνθρώπων

432 593 703 682 ἀοιδοῦ,
747 594 1173 686 ἀναχωρῆσαι
1209 598 1281 664 ἐκ
1311 599 1428 682 τῆς
1463 592 1773 682 πρύμνης
1806 594 1871 671 ἐς
1908 593 2121 678 μέσην
2145 590 2287 658 νέα.
2333 587 2452 659 τὸν
2488 589 2564 658 δὲ
2601 593 2711 659 ἐν·

436 700 648 769 δύντα
674 726 746 768 τε
779 705 1003 769 πᾶσαν
1035 697 1158 788 τὴν
1186 695 1439 786 σκευὴν
1473 698 1588 765 καὶ
1615 694 1909 784 λαβόντα
1935 691 2061 782 τὴν
2095 693 2425 782 κιθάρην,
2468 691 2716 761 στάντα

435 806 512 871 ἐν
548 818 721 872 τοῖσι
767 804 1139 887 ἑδωλίοισι,
1188 805 1567 883 διεξελθεῖν
1602 799 1814 886 νόμον
1847 794 1966 866 τὸν
2011 792 2286 884 ὄρθιον·
2343 801 2713 865 τελευτῶν-

434 932 545 985 τος
579 904 656 973 δὲ
688 911 811 975 τοῦ
836 903 1048 994 νόμου
1080 908 1273 994 ῥίψαι
1308 932 1426 992 μιν
1452 905 1522 984 ’ἐς
1561 900 1685 991 τὴν
1717 899 2072 971 θάλασσαν
2109 898 2396 985 ἑωυτὸν,
2443 894 2530 979 ὥς
2559 898 2716 986 εἶχε,

436 1005 569 1077 σὺν
603 1011 686 1096 τῇ
735 1014 946 1097 σκευῇ
992 1007 1191 1096 πάσῃ.
1266 1008 1379 1077 καὶ
1430 1002 1586 1085 τοὺς
1636 1003 1763 1092 μὲν
1806 1000 2176 1073 ἀποπλέειν
2230 1006 2296 1085 ἐς
2342 1001 2716 1091 Κόρινθον,

319 1130 323 1134 ’
434 1109 555 1180 τὸν
606 1110 683 1179 δὲ
737 1117 1027 1198 δελφῖνα
1067 1112 1339 1196 λέγουσι
1372 1104 1806 1194 ὑπολαβόντα
1843 1108 2166 1188 ἐξενεῖκαι
2204 1108 2314 1175 ἐπὶ
2359 1112 2715 1195 Ταίναρον.

438 1209 783 1301 ἀποβάντα
830 1213 906 1281 δὲ
952 1209 1163 1283 αὐτὸν
1193 1214 1473 1300 χωρέειν
1515 1214 1582 1289 ἐς
1617 1208 1971 1298 Κόρινθον
2009 1205 2141 1277 σὺν
2190 1214 2273 1298 τῇ
2317 1212 2559 1296 σκευῇ,
2607 1209 2719 1275 καὶ

438 1312 848 1404 ἀπικόμενον
890 1312 1309 1404 ἀπηγέεσθαι
1345 1319 1482 1383 πᾶν
1520 1310 1595 1381 τὸ
1631 1311 1928 1399 γεγονός.
2004 1317 2434 1401 Περίανδρον
2474 1311 2550 1379 δὲ
2584 1306 2719 1378 ὑπὸ

439 1415 749 1505 ἀπιστίης
781 1414 1048 1506 Ἀρίονα
1077 1417 1203 1505 μὲν
1230 1420 1305 1485 ἐν
1332 1420 1607 1504 φυλακῇ
1641 1421 1819 1502 ἔχειν
1830 1464 1858 1502 ,-
1885 1410 2150 1506 οὐδαμῇ
2177 1416 2519 1503 μετιέντα,
2554 1410 2719 1482 ἀνα-

441 1525 575 1600 κῶς
603 1520 679 1588 δὲ
708 1525 888 1607 ἔχειν
913 1525 1051 1589 τῶν
1082 1524 1476 1610 πορθμέων·
1526 1513 1617 1598 ὥς
1644 1518 1721 1587 δὲ
1747 1515 1876 1607 ἄρα
1910 1532 2222 1608 παρεῖναι
2249 1514 2527 1602 αὐτοὺς,
2558 1524 2719 1604 κλη-

443 1719 636 1783 possit.
674 1718 760 1769 Ad
786 1735 975 1771 vocem
994 1712 1259 1784 πρύμνης
1283 1722 1326 1771 C
1334 1737 1379 1769 r.
1408 1736 1534 1771 eon-

444 1786 557 1837 fert
596 1788 853 1841 Euntath.
892 1790 965 1840 ad
1005 1790 1205 1855 Odyss.
1243 1790 1407 1854 XIII,
1446 1791 1530 1841 75.

447 1872 501 1921 p.
541 1857 644 1908 504
690 1858 836 1908 infra.
872 1858 1046 1911 Basil.

516 1922 580 1975 εἰ
612 1924 867 1989 μέλλοιεν
910 1919 1289 1992 ἀκούσεσθαι]
1335 1928 1535 1979 Refero

445 1995 580 2058 huo,
617 2011 758 2061 quae
788 1998 1056 2049 Matthiae
1106 2001 1266 2048 notat
1314 1998 1380 2047 de
1416 2012 1537 2063 par·

447 2063 619 2114 ticula
664 2061 720 2114 εί
762 2070 888 2130 post
921 2066 1216 2117 affectuum
1246 2067 1412 2116 verba
1456 2068 1536 2116 ita

448 2135 664 2197 posita,
726 2134 821 2183 ubi
871 2134 1199 2199 particulam
1260 2125 1348 2184 ὅτι
1412 2150 1535 2184 eum

448 2202 616 2252 verbo
661 2201 815 2253 finito
864 2207 963 2253 aut
997 2203 1256 2254 infinitivi
1300 2209 1536 2254 structu-

330 2305 341 2313 .
450 2285 568 2320 ram
616 2285 738 2320 cum
787 2274 1110 2331 accusativo
1158 2274 1536 2336 exspectabu,

450 2354 574 2390 eum
612 2339 732 2403 ipsa
766 2355 853 2389 res
888 2341 1178 2403 indicetur,
1219 2357 1320 2391 neo
1354 2343 1540 2392 condi-

451 2410 533 2459 tio
567 2407 879 2459 adficiatur.
916 2409 1042 2461 Vid.
1071 2413 1121 2473 §-
1142 2409 1262 2461 617.
1298 2427 1351 2475 p.
1384 2412 1538 2462 1251.

452 2478 551 2529 Gr.
597 2477 671 2527 ad
716 2478 852 2528 haee
900 2480 1136 2530 conferri
1185 2480 1339 2530 iubet
1375 2480 1540 2530 Hein-

453 2546 593 2598 dorf.
643 2547 717 2597 ud
772 2547 919 2600 Plat.
966 2549 1276 2600 Parmenid.
1337 2564 1389 2613 p.
1439 2548 1536 2599 291

451 2615 651 2668 similia
686 2619 954 2682 quaedam
980 2619 1359 2684 proferentem.
1396 2618 1540 2668 Add.

448 2687 709 2753 Hartung
753 2688 927 2739 Lehre
969 2688 1024 2740 d.
1072 2687 1287 2741 Grieeh.
1325 2687 1538 2738 Partik.

523 2820 846 2885 διεξελθεῖν
909 2817 1090 2890 νόμον
1149 2817 1251 2874 τὸν
1306 2815 1538 2891 ὄρθιον]

449 2885 634 2956 ,νόμος
684 2909 780 2943 our
831 2895 895 2943 de
942 2895 1193 2958 rhythmo
1234 2909 1279 2944 ε.
1329 2893 1542 2944 harmo-

456 2962 551 3009 nia.
593 2962 801 3019 musica
846 2962 1089 3025 dicatur,
1141 2963 1387 3012 declarat
1421 2963 1547 3012 Plu-

458 3028 681 3078 tarchus
734 3030 800 3079 de
838 3030 1051 3081 Musica
1095 3047 1149 3095 p.
1195 3028 1332 3081 1133
1377 3032 1441 3080 Β.
1481 3031 1542 3081 O.

459 3098 643 3216 ἓΤοιιι.
693 3098 798 3161 ΙΙ.)
844 3114 898 3163 p.
943 3098 1048 3150 633
1090 3100 1292 3165 Wytt.:
1330 3090 1399 3147 οὗ
1441 3091 1546 3163 γὰρ

486 3162 595 3245 ξῆν
635 3157 701 3214 τὸ
749 3161 994 3217 παλαιὸν
1053 3157 1203 3216 οὕτω
1249 3166 1547 3217 ποιεῖσθαι

448 3248 560 3290 ’τας
594 3232 955 3302 κιθαρῳδίας
999 3226 1076 3293 ὥς
1121 3233 1230 3286 νῦν
1273 3226 1411 3285 οὐδὲ
1452 3251 1548 3316 με·

398 3304 407 3313 ’
458 3300 730 3367 ταφέρειν
783 3296 885 3361 τὰς
925 3295 1206 3370 ἁρμονίας
1242 3300 1355 3383 ,καὶ
1411 3319 1548 3383 τουις

460 3364 756 3438 ᾆυθμούς·
793 3363 854 3423 ἐν
893 3365 998 3440 γὰρ
1032 3377 1156 3431 τοῖς
1189 3386 1389 3436 νομοις
1426 3364 1550 3423 ἕκα-

464 3454 587 3493 στω,
613 3434 915 3507 διετήρουν
948 3434 1055 3493 τ“ν
1101 3439 1322 3492 οἰκείαν
1356 3432 1547 3492 τάσιν·

460 3489 555 3590 διᾷ
594 3507 693 3561 καὶ
734 3504 949 3577 ταύτην
980 3459 1323 3576 7ἐπωνυμίαν
1363 3504 1419 3560 εἷ
1454 3523 1550 3560 ον·

462 3594 496 3628 ν
508 3594 538 3628 o
550 3595 590 3644 μ
603 3595 633 3629 ο
648 3596 668 3628 ι
691 3572 797 3645 γὰρ
809 3574 1386 3648 προσηγορεύθησαν,
1476 3594 1551 3630 ει-

461 3640 535 3712 δὴ
572 3641 683 3698 οὐκ
717 3640 855 3712 ἐξῆν
889 3649 1217 3719 παραβῆναι
1251 3645 1397 3700 καθ’
1427 3645 1553 3700 ἕκα-

462 3728 598 3765 στον
650 3718 1062 3782 νενομισμένον
1104 3713 1258 3777 εἶδος
1310 3716 1412 3782 τῆς
1455 3710 1549 3769 τά-

462 3796 570 3833 σεω
606 3820 620 3831 .
658 3786 837 3850 Atque
882 3782 1092 3849 ὄρθιος
1136 3802 1257 3837 oum
1305 3788 1370 3837 de
1415 3803 1550 3838 voce

463 3798 609 3913 alt‘,
658 3852 834 3916 elata,
891 3855 1189 3919 eademque
1243 3856 1551 3906 clarissima

464 3920 683 3970 dicatur
726 3920 1025 3986 (nosti-um:
1061 3924 1416 3990 hocheeirmaia,
1451 3925 1551 3975 mit

458 3997 799 4055 qestrenyter,
822 3990 983 4041 heller
994 3990 1219 4048 Summe,-
1239 3993 1350 4042 vid.
1373 3994 1552 4044 Ruhn-

467 4059 591 4108 ken.
630 4062 687 4109 et
705 4060 780 4113 H.
815 4059 978 4111 Voss.
1007 4060 1082 4110 ad
1103 4061 1327 4111 Homeri
1350 4062 1553 4125 Hymn.

467 4128 527 4177 in
569 4126 748 4180 Cerer.
797 4127 914 4191 20),
951 4131 1089 4179 satis
1130 4129 1256 4180 inde
1303 4129 1558 4180 concludi

467 4198 696 4261 poterit,
736 4198 913 4263 qualis
935 4198 1220 4249 harmonia
1260 4198 1425 4249 fuerit
1460 4190 1554 4247 νό-

466 4277 572 4326 μος
608 4255 832 4331 ὄρθιος,
868 4268 1022 4319 ouius
1058 4272 1274 4332 praeter
1310 4268 1555 4319 Herodo-

466 4336 583 4383 tum
625 4333 722 4384 alii
770 4350 984 4402 quoque
1021 4342 1282 4389 ‘auctores
1329 4338 1558 4389 mentio·

1636 1733 1758 1768 nem
1781 1718 2012 1768 faciunt.
2045 1717 2204 1768 Conf.
2231 1722 2446 1782 praeter
2467 1716 2724 1768 Lai-cher.

1636 1792 1779 1839 nott.
1816 1789 1889 1838 ad
1910 1788 1964 1837 h.
1988 1787 2026 1839 1.
2044 1785 2349 1838 Blomfield.
2373 1787 2445 1838 ad
2469 1784 2723 1850 Aeschyl.

1639 1859 1792 1908 Pers.
1842 1856 2086 1908 Glossar.
2140 1872 2224 1908 vs.
2274 1856 2395 1908 395.
2456 1860 2514 1906 et
2574 1855 2726 1908 Bode

1641 1925 1838 1977 Gesch.
1888 1926 1942 1977 d.
1985 1924 2183 1977 hellen.
2218 1927 2412 1976 Poesie
2462 1926 2543 1988 11,
2584 1926 2633 1975 1.
2671 1944 2726 1993 p.

1709 2055 1787 2122 ὡς
1820 2054 1954 2130 εἶχε]
1984 2063 2022 2112 i.
2059 2079 2109 2113 e.
2149 2071 2204 2113 ut
2237 2070 2367 2127 erat,
2403 2070 2461 2113 ut
2490 2077 2604 2113 sese
2637 2061 2729 2110 Ica-

1637 2134 1803 2185 bebat.
1850 2133 1942 2183 Sic
1978 2148 2132 2181 mox:
2171 2121 2360 2195 ὥσπερ
2399 2124 2570 2195 ἔχων
2616 2120 2729 2191 ἐξε-

1639 2194 1880 2267 πήδησε.
1952 2201 2081 2251 Vid.
2127 2202 2328 2252 Matth.
2381 2200 2473 2252 Gr.
2528 2200 2622 2251 Gr.
2674 2202 2728 2261 §-

1641 2271 1764 2322 337.
1790 2285 1916 2335 pag.
1954 2269 2058 2321 643
2094 2286 2208 2335 seq.
2247 2272 2314 2320 In
2335 2278 2493 2335 ueqq.
2533 2267 2730 2319 retinui

1638 2332 1950 2389 ἀποπλέειν
1990 2354 2024 2387 a
2068 2340 2316 2391 Dietsch.
2359 2343 2628 2389 mutatum
2673 2338 2733 2385 in

1640 2399 2021 2470 ἀποπλῶειν,
2059 2413 2122 2458 ut
2158 2410 2205 2472 1,
2246 2409 2297 2460 1.
2333 2410 2420 2460 Tu
2455 2409 2571 2459 vid.
2599 2408 2732 2457 Bre-

1645 2479 1772 2528 doV.
1808 2493 1862 2541 p.
1897 2477 2017 2527 172.

1713 2538 1818 2594 τὸν
1872 2539 1937 2594 δὲ
1993 2540 2236 2610 δελφῖνα
2290 2541 2514 2611 λέγουσι
2556 2536 2732 2594 ὑπο-

1645 2607 1948 2682 λαβόντα
1975 2629 2028 2663 κ.
2061 2631 2110 2664 τ.
2150 2614 2227 2682 λ.]
2249 2606 2561 2682 ὑπολαβεῖν
2593 2614 2732 2664 bene

1647 2686 1758 2735 dici
1795 2685 1864 2735 do
1910 2682 2164 2748 delphino
2206 2686 2462 2735 Arionem
2508 2685 2566 2732 in
2614 2684 2736 2733 dor·

1647 2769 1766 2804 sum
1801 2754 2132 2817 suscipiente
2168 2768 2237 2804 ao
2270 2759 2616 2804 sustentante
2641 2767 2734 2801 no-

1645 2828 1732 2873 tat
1764 2821 2136 2872 Hemsterhus.
2178 2824 2252 2873 ad
2286 2824 2517 2873 Lucian.
2564 2822 2642 2872 ΙΙ.
2681 2837 2733 2885 p.

1645 2891 1745 2943 371
1792 2893 1881 2943 ed.
1929 2892 2052 2956 Bip.
2100 2892 2231 2956 Hug
2275 2894 2358 2942 in:
2417 2889 2737 2942 Zeitachrift

1650 2962 1700 3011 d.
1723 2961 1889 3013 Erzb.
1920 2960 2187 3025 Freiburg
2214 2961 2322 3011 ΙΙΙ.
2358 2978 2411 3026 p.
2456 2961 2574 3012 189.
2609 2961 2737 3010 Bre-

1649 3030 1776 3080 dov.
1820 3046 1874 3095 p.
1911 3030 1998 3079 64.
2039 3030 2140 3079 Cr.
2177 3030 2360 3081 addit:
2399 3031 2637 3080 Reimar.
2664 3027 2737 3076 ad

1647 3099 1815 3148 Dion.
1852 3098 2008 3148 Cass.
2049 3114 2176 3163 pag.
2216 3097 2319 3150 999
2356 3097 2485 3150 coll.
2515 3098 2735 3149 Platon.

1649 3166 1717 3217 de
1751 3168 1829 3217 Re
1872 3165 2020 3231 publ.
2051 3169 2118 3231 V,
2156 3170 2208 3217 4.
2246 3183 2299 3232 p.
2337 3169 2461 3220 453.
2499 3167 2578 3232 (p.
2616 3166 2736 3217 223.

1647 3235 1850 3300 Bekk.)
1885 3236 2068 3302 ibique
2104 3237 2226 3286 Ast.
2269 3253 2321 3300 p.
2360 3238 2482 3288 510.
2510 3266 2577 3277 -—
2608 3236 2740 3285 Tae-

1648 3320 1825 3354 narum
1884 3306 2020 3354 satia
2080 3310 2270 3355 notum
2318 3313 2404 3357 est
2464 3305 2740 3356 Laeoniae

1652 3375 2099 3438 promontorium,
2135 3376 2377 3439 Neptuni
2424 3374 2624 3439 templo
2662 3374 2739 3422 in-

1651 3444 1945 3507 signitum,
1989 3445 2061 3494 *de
2097 3459 2204 3508 quo
2241 3444 2424 3494 Strab.
2473 3444 2638 3494 VIII.
2685 3457 2738 3506 p.

1654 3511 1758 3563 558
1813 3513 1880 3561 A.
1940 3527 1986 3562 s.
2061 3529 2115 3576 p.
2168 3511 2290 3563 363.
2362 3513 2740 3578 Quadraginta

1653 3581 1778 3632 inde
1822 3582 2020 3631 stadiis
2069 3583 2243 3631 distat
2284 3583 2526 3632 eiusdem
2573 3580 2742 3631 nomi-

1652 3650 1738 3699 nis
1783 3651 1940 3713 urbs,
1991 3651 2061 3701 ab
2108 3651 2393 3701 Herodoto
2443 3654 2741 3702 memorata

1652 3719 1783 3782 VII,
1829 3719 1952 3771 168.
2026 3721 2185 3772 Nune
2232 3721 2604 3784 promontorio
2649 3734 2742 3769 no-

1653 3804 1773 3838 men
1807 3789 1913 3852 Gap
1965 3790 2222 3852 Matapan
2267 3804 2313 3839 ε.
2363 3791 2566 3840 Μαὶηα.
2615 3788 2740 3839 Vid.

1653 3856 1963 3908 Tzsehuck.
1998 3859 2071 3908 ad
2103 3859 2367 3923 Pompon.
2403 3859 2534 3911 Mel.
2573 3859 2651 3919 11,
2690 3857 2742 3907 3.

1655 3925 1705 3987 §-
1759 3925 1811 3975 8.
1858 3932 1915 3977 et
1963 3928 2230 3992 Forbiger
2279 3928 2503 3979 Handb.
2551 3929 2607 3980 d.
2643 3925 2740 3977 alt.

1655 3995 1855 4061 Geogr.
1893 3997 2003 4046 111.
2042 4012 2094 4060 p.
2133 3996 2254 4047 867.

1727 4056 1954 4120 ἀνακῶς
1987 4058 2053 4115 δὲ
2088 4060 2236 4132 ἔχειν
2272 4063 2387 4116 τῶν
2408 4061 2742 4130 πορθμέων]

1656 4133 1692 4183 i.
1733 4150 1781 4183 e.
1821 4148 1927 4183 eum
1958 4150 2130 4185 curam
2160 4136 2433 4186 intendis-se
2467 4140 2519 4185 in
2543 4144 2743 4185 nautas.

1659 4202 1927 4267 „Legitur
1961 4203 2018 4253 in
2055 4204 2243 4254 Lexie.
2281 4204 2526 4269 Seguier.
2567 4219 2621 4267 p.
2646 4202 2742 4252 391

1655 4272 1742 4321 ed.
1775 4271 1980 4321 Bekk.=
2018 4271 2377 4337 φυλακτικῶς
2424 4275 2480 4321 et
2521 4263 2749 4326 ἀνακῶς

1655 4333 1830 4403 ἔχειν·
1857 4340 2240 4405 φροντίζειν.“
2260 4341 2358 4391 Cr.
2389 4339 2599 4392 Eodem
2636 4340 2747 4389 fere
