3109 5092
1031 346 1163 406 AD
1206 343 1721 409 HERODOT.
1765 346 1849 419 11,
1888 353 1978 407 85.
2512 338 2635 402 863

367 535 400 569 a
431 517 672 570 transitu
717 516 776 569 in
815 515 921 567 alia
961 515 1191 569 aliorum
1234 516 1546 570 animalium
1589 533 1823 587 corpora
1854 520 2149 568 servarent
2185 531 2251 566 ac
2291 514 2629 581 retinerent;

368 602 425 655 id
461 603 650 672 potius
697 600 987 654 conditura
1028 608 1314 670 spectasse
1349 602 1687 671 Aegyptios,
1740 606 1801 653 ut
1841 600 2017 652 anima
2056 600 2432 667 migrationem
2462 600 2629 669 perfi-

368 705 494 740 cere
543 692 763 756 posset,
830 702 1144 738 concessam
1185 686 1329 739 illam
1370 687 1592 757 quidem
1630 686 1702 738 iis
1742 690 1955 738 tantum
1996 684 2333 750 hominibus,
2397 700 2630 754 quorum

368 788 573 840 corpus
604 771 711 823 rite
754 778 907 823 esset
934 770 1244 824 conditum:
1287 789 1397 842 quo
1428 772 1679 840 neglecto
1720 787 1943 823 cursum
1982 770 2182 840 cuique
2213 770 2422 822 animae
2461 769 2628 838 perfi-

369 856 621 908 ciendum
667 855 918 926 impediri
954 862 1050 908 aut
1085 874 1319 926 prorsus
1352 858 1471 910 fieri
1506 874 1616 909 non
1658 874 1845 926 posse.
1905 854 2073 907 Addit
2108 853 2251 907 idem
2291 854 2380 906 vir
2411 854 2626 919 doctus,

367 940 623 994 sanitatis
656 958 878 1011 quoque
907 940 1159 1011 publicae
1200 941 1259 995 in
1291 942 1375 994 his
1411 942 1678 994 rationem
1709 958 1833 994 esse
1868 938 2196 991 habendam:
2241 955 2402 1009 quam
2428 945 2629 991 terram

369 1025 702 1095 sepeliendis
743 1025 1105 1078 cadaveribus
1146 1034 1324 1096 aptam
1367 1034 1423 1079 et
1461 1044 1495 1077 a
1523 1027 1641 1079 Nili
1684 1025 1844 1096 aquis
1884 1032 2056 1076 tutam
2091 1023 2348 1093 Aegyptii
2389 1041 2498 1077 nou
2536 1022 2629 1073 ha·-

368 1110 622 1178 buerint,
665 1111 934 1162 cadavera
974 1116 1154 1163 autem
1194 1111 1574 1180 putrescentia
1603 1112 1784 1163 aerem
1817 1125 2166 1178 corrumpere
2208 1107 2448 1178 indeque
2480 1106 2629 1159 saui-

367 1194 470 1246 tati
522 1195 745 1247 officere
784 1195 1084 1263 potuerint.
1164 1195 1331 1258 Quod
1374 1214 1443 1249 ne
1485 1196 1673 1263 fieret,
1725 1195 1803 1247 ita
1846 1193 2202 1263 prospexisse
2247 1192 2369 1246 vult
2411 1198 2630 1246 veteres

372 1278 706 1347 Aegyptios,
756 1286 819 1331 ut
859 1285 1197 1333 mortuorum
1237 1282 1507 1334 cadavera
1548 1280 1841 1332 condirent
1882 1278 2211 1348 conditaque
2251 1279 2307 1329 in
2339 1277 2553 1347 cryptis
2598 1294 2632 1328 a

372 1362 487 1414 Nili
528 1362 886 1415 inundatione
924 1364 1309 1417 remotioribus
1340 1366 1709 1435 deponerent:
1748 1364 1878 1415 inde
1908 1381 2040 1415 vero
2085 1363 2340 1414 effectum
2371 1351 2632 1429 essesut

371 1446 630 1516 Aegyptii
663 1454 878 1499 veteres
910 1448 1111 1515 optima
1141 1450 1379 1502 sanitate
1411 1451 1732 1502 fruerentur
1766 1446 1910 1520 (vid.
1947 1447 2157 1500 Herod.
2194 1447 2267 1513 11,
2303 1448 2400 1514 77)
2447 1463 2629 1516 neque

373 1530 482 1584 ulla
508 1530 628 1583 lues
665 1532 912 1601 pestisve
942 1533 1249 1602 antiquitus
1281 1542 1652 1602 grassaretur.
1717 1534 1838 1585 Nec
1869 1532 2018 1599 fugit
2048 1533 2222 1584 virum
2253 1534 2488 1599 doctum,
2520 1529 2630 1582 tale

371 1615 505 1686 quid
547 1615 707 1667 etiam
746 1632 777 1667 a
805 1616 1012 1668 medico
1039 1616 1346 1671 Parisiensi
1379 1618 1649 1689 prolatum
1682 1636 1837 1685 esse,
1881 1617 2156 1668 mentione
2197 1618 2344 1668 facta
2373 1617 2431 1667 in
2459 1616 2630 1667 Jour-

373 1700 479 1752 nal.
524 1700 898 1768 complement.
950 1719 1020 1753 ou
1061 1701 1342 1755 Dictionn.
1396 1704 1464 1755 de
1508 1703 1753 1754 sciences
1806 1701 1996 1753 medic.
2051 1706 2093 1752 t.
2122 1699 2371 1753 XXXIV.
2411 1717 2467 1768 p.
2502 1703 2627 1757 380.

372 1784 592 1837 Etenim
630 1785 715 1836 hic
761 1786 848 1837 vir
890 1785 1116 1854 doctus,
1157 1786 1403 1856 Pariset‚
1450 1788 1505 1839 in
1543 1786 1965 1853 dissertatione,
2012 1801 2154 1855 quae
2185 1785 2398 1837 inserta
2426 1784 2631 1851 legitur

374 1869 461 1921 in:
507 1868 700 1922 Revue
740 1869 1000 1923 medicale
1039 1872 1321 1940 francaise
1364 1879 1420 1924 et
1463 1875 1758 1939 etrangere
1803 1876 1859 1922 et
1885 1869 2119 1923 Journal
2162 1869 2229 1921 de
2261 1868 2520 1938 Clinique
2560 1867 2629 1919 de

370 1953 743 2006 l'Hotel-Dieu
779 1962 883 2007 etc.
914 1954 1075 2007 Paris
1104 1959 1260 2014 1827.
1293 1957 1362 2008 Τ.
1385 1956 1457 2007 11.
1487 1973 1542 2024 p.
1573 1960 1869 2021 409——415‚
1902 1971 2122 2006 causam
2149 1953 2441 2006 condiendi
2470 1953 2631 2004 cada-

374 2056 535 2104 vera,
586 2040 835 2092 omnibus
866 2039 988 2092 aliis
1019 2041 1271 2109 reiectis,
1317 2058 1382 2093 ex
1415 2057 1525 2092 una
1568 2041 1666 2092 hac
1692 2039 1945 2109 publicae
1976 2039 2231 2090 sanitatis
2271 2037 2508 2091 tuendae
2540 2055 2629 2089 ra-

372 2123 520 2174 tione
551 2125 902 2192 repetendam
946 2142 1070 2177 esse
1101 2125 1357 2193 censuit,·
1394 2124 1636 2193 indeque
1675 2124 1835 2177 etiam
1876 2123 2282 2194 explicandum,
2324 2123 2472 2193 quod
2501 2122 2630 2175 inde

373 2224 406 2258 a
433 2214 631 2277 quarto
670 2215 799 2278 post
825 2208 957 2262 Chr.
992 2228 1046 2261 n.
1079 2210 1327 2276 saeculo,
1380 2226 1489 2279 quo
1522 2209 1670 2262 hicce
1707 2227 1822 2261 mos
1852 2209 1908 2261 in
1942 2208 2361 2261 desuetudinem
2397 2207 2629 2274 venerit,

371 2292 548 2362 pestis
579 2294 824 2359 grassari
865 2294 1109 2363 coeperit
1145 2296 1214 2347 ad
1246 2300 1487 2347 nostram
1527 2311 1705 2365 usque
1734 2299 1995 2363 aetatem,
2041 2293 2177 2346 adeo
2218 2300 2280 2346 ut
2308 2291 2632 2346 recentiori-

373 2377 478 2428 bus
509 2376 832 2446 Aegyptiis‚
874 2379 923 2431 si
953 2379 1204 2447 publicae
1246 2379 1471 2432 sanitati
1510 2379 1801 2431 consulere
1835 2386 2153 2449 pestemque
2199 2396 2231 2430 a
2271 2397 2333 2431 se
2378 2382 2633 2430 avertere

372 2460 591 2528 vellent,
624 2462 960 2515 redeundum
989 2472 1141 2516 esset
1168 2465 1236 2516 ad
1265 2464 1550 2533 antiquum
1574 2463 1864 2516 condiendi
1892 2463 2075 2515 ritum.
2130 2463 2401 2532 Equidem
2432 2462 2487 2513 in
2517 2468 2635 2513 tota

376 2546 474 2597 hac
505 2564 564 2597 re
596 2546 653 2597 id
686 2547 1028 2615 potissimum
1068 2549 1247 2601 teneri
1278 2547 1466 2615 velim,
1511 2549 1658 2600 hunc
1698 2547 1991 2600 condiendi
2035 2547 2284 2616 adeoque
2328 2544 2633 2615 sepeliendi

374 2630 584 2682 modum
624 2631 874 2683 omnibus
904 2632 1195 2702 Aegyptiis
1235 2649 1566 2685 communem
1606 2632 1813 2700 fuisse,
1862 2631 1983 2698 lege
2018 2631 2178 2700 quasi
2222 2630 2535 2699 impositum
2579 2637 2636 2680 et

375 2721 678 2767 sacratumt
737 2733 896 2785 quem
939 2718 988 2768 si
1032 2734 1152 2769 cum
1196 2725 1432 2787 utroque
1473 2716 1595 2768 viro
1640 2716 1800 2768 docto
1845 2715 2075 2767 dicimus
2117 2716 2371 2766 effectum
2415 2722 2471 2767 et
2507 2731 2635 2782 pro-

374 2799 592 2852 ductum
624 2800 803 2853 videri
831 2801 956 2871 ipsa
983 2805 1194 2869 terrae,
1226 2819 1386 2871 quam
1412 2799 1747 2852 incoluerint
1776 2798 2069 2868 Aegyptii,
2112 2805 2312 2851 natura
2341 2804 2399 2850 et
2428 2797 2632 2865 indole,

371 2891 549 2936 tamen
594 2884 699 2936 alia
739 2902 960 2955 quoque
992 2885 1135 2938 haud
1176 2886 1291 2938 scio
1333 2903 1399 2938 an
1439 2885 1804 2951 accesserint,
1851 2884 1995 2935 haud
2043 2882 2224 2936 minus
2266 2882 2635 2953 respicienda.

374 2968 634 3038 Aegyptii
669 2970 810 3022 enim
842 2971 921 3022 uti
952 2972 1161 3040 omnia,
1197 2988 1338 3041 quae
1375 2970 1444 3023 ad
1474 2969 1705 3022 hominis
1736 2969 1901 3021 vitam
1933 2968 1989 3021 in
2023 2969 2122 3020 hac
2152 2976 2303 3020 terra
2333 2967 2634 3037 pertinent,

375 3054 444 3105 ad
472 3053 607 3105 deos
644 3061 700 3106 et
737 3054 1059 3123 religionem
1090 3057 1432 3123 referebant,
1476 3054 1554 3110 ita
1586 3062 1856 3107 mortuum
1889 3071 2110 3124 quoque
2148 3054 2413 3106 hominem
2444 3054 2634 3105 horum

374 3155 539 3193 curae
567 3138 849 3192 immunem
877 3159 1002 3193 esse
1033 3142 1331 3194 noluerunt
1360 3140 1601 3210 indeque
1630 3141 1776 3193 hunc
1804 3138 2108 3209 sepeliendi
2136 3139 2352 3192 modum
2379 3146 2637 3208 tanquam

373 3222 547 3290 legem
578 3241 785 3276 sacram
818 3226 1066 3278 omnibus
1100 3226 1389 3296 Aegyptiis
1425 3226 1938 3296 praescripserunt,
1986 3225 2084 3294 qui
2117 3224 2175 3275 in
2219 3224 2439 3276 alteram
2472 3224 2636 3275 vitam

374 3307 617 3359 transire
658 3307 846 3377 ibique
880 3310 1091 3362 diutius
1122 3328 1340 3364 manere
1370 3309 1576 3363 vellent
1604 3311 1709 3363 sub
1754 3309 1979 3379 imperio
2008 3309 2140 3361 boni
2186 3308 2335 3360 illius
2369 3305 2632 3369 Osiridis,

377 3391 473 3460 qui
507 3390 809 3442 inferorum
837 3410 1065 3461 praeses
1095 3395 1397 3447 habebatur
1437 3402 1742 3464 auctorque
1774 3394 1940 3445 huius
1971 3393 2114 3444 ritus
2153 3397 2319 3460 atque
2364 3387 2636 3458 exemplar

377 3474 785 3540 celebrabatur,
832 3477 981 3545 quod
1023 3494 1292 3548 quemque
1334 3478 1599 3530 hominem
1640 3478 1802 3547 sequi
1847 3478 1930 3528 fas
1973 3482 2108 3527 erat.
2184 3476 2378 3544 Itaque
2409 3474 2477 3525 ad
2506 3471 2636 3525 reli-

377 3559 594 3627 gionem
637 3575 858 3627 quoque
895 3560 1233 3630 pertinuisse
1275 3563 1418 3614 hunc
1457 3578 1660 3613 morem
1699 3567 1755 3613 et
1791 3577 1911 3611 cum
1948 3566 2197 3612 veterum
2237 3558 2639 3626 Aegyptiorum

380 3644 638 3712 opinione
666 3643 733 3696 de
763 3644 994 3697 hominis
1030 3650 1178 3698 statu
1209 3655 1338 3716 post
1369 3653 1595 3698 mortem
1624 3645 1977 3697 coniunctum
2002 3644 2179 3697 fuisse
2210 3642 2461 3713 equidem
2491 3647 2640 3695 certe

378 3729 728 3789 crediderim=
765 3729 977 3800 reliqua
1010 3730 1233 3784 medicis
1263 3730 1612 3785 diiudicanda
1642 3729 1964 3799 relinquam.
