3109 5092
423 547 506 610 65

522 358 642 424 138
1392 360 1940 422 ΗΕΒΟΒΟΤΙ

684 536 853 620 Τούς
915 539 1041 627 μέν
1105 563 1239 607 νυν
1299 531 1704 623 Ἀθηναίους
1752 534 2028 605 τοιαῦτα
2086 532 2206 603 τὸν
2253 533 2501 622 χρόνον
2551 541 2795 606 τοῦτον

519 642 944 718 ἐπυνθάνετο
984 636 1021 710 ὁ
1051 648 1340 731 Κροῖσος
1376 642 1767 727 κατέχοντα·
1826 637 1981 717 τούς
2009 637 2084 706 δὲ
2110 643 2691 726 Λακεδαιμονίους
2719 642 2794 710 ἐκ

517 754 747 821 κακῶν
787 774 858 815 τε
895 744 1208 834 μεγάλων
1250 742 1700 831 πεφευγότας,
1757 743 1873 811 καὶ
1914 741 2144 821 ἐόντας
2193 738 2324 829 ἤδη
2373 747 2469 835 τῷ
2524 745 2791 837 πολέμῳ

518 853 1052 938 κατυπερτέρους
1088 849 1491 936 Τεγεητέων.
1548 847 1658 915 ἐπὶ
1702 844 1829 934 γὰρ
1857 849 2143 924 Λέοντος
2168 844 2642 932 βασιλεύοντος
2679 849 2794 916 καὶ

506 955 935 1045 Ἡγησικλέος
976 955 1051 1021 ἐν
1088 950 1370 1040 Σπάρτῃ
1414 947 1571 1030 τούς
1614 946 1860 1029 ἄλλους
1899 949 2229 1035 πολέμους
2269 944 2694 1036 εὐτυχέοντες
2729 955 2801 1020 οἱ

515 1056 1036 1157 Λαιξεὸαιμόνιοι
1103 1052 1268 1143 πρὸς
1318 1052 1643 1143 Τεγεήτας
1692 1052 1985 1141 μούνους
2037 1053 2508 1141 προσέπταιον.
2586 1049 2663 1121 τὸ
2716 1053 2793 1123 δὲ

520 1230 638 1281 117.
691 1232 747 1278 et
793 1224 936 1277 Guil.
983 1222 1239 1273 Vischer.
1284 1221 1469 1274 Ueber
1514 1222 1601 1272 die

516 1298 766 1361 Stellung
813 1296 907 1345 des
950 1291 1304 1343 Geschlechts
1349 1292 1444 1342 der
1479 1292 1607 1343 Alc-

520 1366 789 1418 maeonid.
815 1362 1014 1429 (Basil.
1045 1357 1229 1424 1847.)
1246 1377 1318 1443 p.
1349 1361 1435 1414 13.
1471 1362 1608 1412 Inde

514 1452 625 1487 rec.
692 1435 816 1484 edd.
882 1434 1201 1495 receperunt
1246 1422 1603 1495 Ἀλκμαιωνι-

518 1503 666 1554 δὲων
702 1503 893 1553 invitis
929 1502 1082 1551 libris
1120 1501 1370 1564 scriptis,
1408 1517 1443 1551 a
1490 1501 1607 1567 qui-

514 1577 618 1627 bus
656 1590 757 1640 ego
794 1571 1071 1623 discedere
1104 1569 1272 1621 nolui.

532 1754 562 1772 '
588 1746 611 1757 ‘⁹
886 1744 1019 1795 CAP.
1064 1706 1232 1794 LXV.

583 1840 688 1898 τὸν
748 1840 962 1914 χρόνον
1013 1843 1242 1912 τοῦτον]
1295 1846 1381 1897 Ad
1424 1850 1603 1897 totum

511 1918 646 1969 illud
680 1924 894 1983 tempus
932 1916 1323 1968 discordiarum
1360 1916 1600 1966 civilium

513 1991 713 2040 Noster
750 1991 982 2053 spectat,
1026 1987 1084 2036 in
1130 1987 1274 2052 quod
1320 1987 1602 2037 Pisistrati

512 2058 716 2123 pluries
754 2056 981 2107 Athenis
1019 2056 1184 2106 eiecti
1229 2072 1402 2119 eoque
1450 2056 1600 2106 rede-

512 2127 660 2177 untis
690 2142 775 2176 res
809 2125 1074 2175 incidunt.
1124 2124 1208 2174 Of.
1256 2128 1396 2174 nott.
1443 2124 1514 2174 ad
1550 2125 1597 2183 Ι,

513 2198 601 2248 50.
630 2195 850 2245 fluuit.
889 2225 960 2234 -—
1002 2196 1155 2254 Quae
1184 2199 1502 2259 sequuntur,
1529 2193 1600 2243 ad

512 2267 794 2316 Laconum
828 2279 915 2313 res
959 2263 1233 2327 pertinent
1277 2267 1332 2312 et
1378 2263 1447 2313 ad
1492 2263 1600 2326 Ly-

512 2333 975 2453 ezffiliaizffiffw’
1016 2332 1120 2451 htoc
1153 2331 1275 2451 1003
1312 2334 1602 2452 ocssasione

514 2419 546 2453 ο
773 2418 843 2452 au
915 2417 1045 2466 prae
1073 2417 1235 2451 ereun
1277 2417 1328 2451 a.
1418 2419 1446 2452 e
1483 2417 1602 2467 qui-

513 2474 616 2525 bus
652 2473 710 2521 in
744 2473 1055 2522 universum
1088 2487 1355 2536 exponere
1380 2488 1488 2523 non
1518 2477 1599 2521 at-

514 2544 655 2593 tinet
689 2546 816 2606 post
851 2558 941 2605 ea,
980 2557 1120 2607 quae
1162 2545 1248 2591 tot
1293 2542 1399 2592 viri
1447 2542 1597 2592 docti

514 2618 570 2664 et
624 2613 925 2663 recentiore
980 2616 1164 2663 aetate
1219 2615 1275 2662 et
1319 2612 1596 2676 superiore

513 2684 581 2734 de
616 2682 702 2732 his
750 2682 911 2733 rebus
960 2682 1423 2748 conscripserunt,
1464 2696 1596 2744 quo-

510 2769 629 2804 rum
648 2756 1001 2816 conspectum
1020 2750 1241 2802 exhibet
1276 2752 1338 2800 C.
1367 2752 1431 2801 F.
1454 2752 1593 2801 Her-

511 2837 695 2872 mann.
729 2821 946 2872 Griech.
982 2821 1389 2871 Staatsalterth.
1425 2821 1476 2883 §-
1504 2818 1591 2870 23.

510 2895 625 2942 not.
668 2891 719 2940 1.
757 2891 840 2941 ed.
881 2896 1090 2955 quart.;
1129 2904 1295 2940 unum
1330 2906 1475 2940 nunc
1499 2889 1591 2939 ad·

512 2959 581 3009 do
629 2960 859 3008 Kortiim
925 2959 1138 3010 Griech.
1188 2959 1386 3010 Gesch.
1432 2959 1479 3009 1.
1532 2976 1588 3024 p.

516 3028 618 3079 104
670 3042 821 3092 seqq.
878 3027 993 3077 Nos
1049 3043 1116 3077 ea
1166 3033 1403 3091 tantum,
1452 3033 1594 3093 quae

508 3094 580 3147 ad
614 3094 953 3147 Herodotum
996 3096 1376 3161 explicandum
1424 3099 1593 3161 perti-

506 3167 658 3225 nent,
693 3164 1001 3215 afferamus.

578 3228 675 3282 καὶ
724 3225 1107 3300 Ηγησικλέος]
1170 3233 1328 3315 Apud
1385 3235 1593 3285 Pausa-

508 3304 657 3355 niam
717 3304 822 3365 111,
884 3304 933 3352 7.
997 3303 1197 3353 dicitur
1248 3294 1585 3367 Ἀγασικλῆς,

507 3374 782 3427 Aristonis
818 3376 995 3438 pater,
1032 3373 1101 3424 de
1135 3388 1241 3437 quo
1274 3374 1321 3431 Ι,
1353 3372 1421 3423 67
1462 3374 1585 3424 init.

505 3444 649 3496 Add.
695 3445 937 3494 Paussn.
983 3443 1090 3503 111,
1138 3442 1189 3493 3.
1256 3443 1457 3494 Incidit
1502 3459 1588 3494 re-

504 3529 669 3579 gnum
717 3513 918 3564 Leonis
970 3517 1026 3563 et
1078 3512 1384 3577 Hegesiclis
1437 3513 1586 3564 circa

504 3581 782 3635 ooo—590
816 3586 945 3633 ante
979 3581 1106 3633 chr.
1156 3599 1213 3634 ιι.
1259 3582 1586 3634 observante

504 3652 743 3703 Clinton.
777 3653 933 3703 Fast.
969 3651 1116 3702 Hell.
1154 3652 1200 3701 Ι.
1239 3668 1292 3717 p.
1333 3650 1455 3705 339.

572 3713 719 3783 πρὸς
764 3711 1042 3785 Τεγεήτας
1081 3713 1335 3784 μούνους
1376 3718 1582 3784 προσέ-
1600 3721 1603 3725 ’

502 3787 732 3853 πταιον]
766 3791 804 3840 i.
844 3806 894 3841 e.
934 3789 1181 3840 adversus
1221 3788 1471 3855 Tegeatas
1499 3806 1583 3842 so-

504 3859 581 3908 los
623 3858 854 3918 infelices
886 3861 940 3908 in
981 3866 1155 3923 pugna
1199 3867 1367 3909 eran&
1404 3873 1582 3921 προσ-

504 3923 730 3974 πταίειν
796 3930 852 3975 et
912 3924 1271 3988 περιπταίειν
1326 3927 1582 3993 frequens

502 3995 607 4045 hoc
653 4009 818 4045 sensu
866 3992 1168 4059 (offendere,
1213 3995 1253 4047 i.
1290 4013 1340 4047 e.
1390 3998 1586 4048 cladem

502 4062 766 4127 accusem)
802 4068 919 4113 tum
953 4064 1099 4128 apud
1142 4064 1479 4116 Herodotum
1513 4064 1584 4130 (Ι,

509 4134 588 4184 16.
640 4132 715 4196 ΙΙ,
756 4132 875 4184 161.
923 4132 1029 4196 ῙΠ,
1068 4133 1155 4182 40.
1191 4133 1289 4193 vl,
1325 4135 1394 4184 45
1432 4134 1583 4199 etc.)‚

502 4207 620 4251 tum
654 4201 796 4266 apud
842 4200 1002 4252 alios.
1081 4200 1207 4253 Vid.
1263 4207 1467 4255 notatt.
1513 4204 1584 4254 ad

447 4287 454 4293 ·
502 4270 778 4322 Plutarch.
811 4269 1007 4349 Pyrrh.
1044 4286 1170 4335 pag.
1209 4270 1327 4322 166.

571 4332 637 4389 τὸ
659 4332 722 4388 δὲ
743 4335 823 4388 ἔτι
842 4331 1123 4421 πρότερον
1138 4331 1360 4390 τούτων
1376 4337 1472 4389 καὶ
1483 4355 1584 4390 κα-

501 4399 889 4474 κονομῶτατοι
918 4395 1067 4473 ἦσαν
1111 4400 1318 4475 σχεδὸν
1350 4402 1583 4460 πάντων

1692 1212 2004 1285 Ἑλλήνων]
2041 1219 2248 1271 Eodem
2282 1223 2499 1285 spectat
2518 1219 2788 1285 Thucydi-

1706 1292 1791 1342 dis
1836 1289 2206 1341 testimonium
2250 1289 2422 1351 1,18
2469 1289 2789 1340 scribentis.

1707 1353 1742 1425 ἡ
1779 1351 1886 1423 γὰρ
1899 1356 2312 1439 Λακεδαίμων
2342 1349 2480 1421 μετὰ
2523 1351 2639 1437 τὴν
2674 1358 2790 1408 κτί-

1708 1444 1800 1479 σιν
1844 1425 1960 1478 τῶν
2015 1424 2126 1478 νῦν
2177 1418 2360 1492 αὐτὴν
2408 1417 2790 1477 ἐνοικούντων

1708 1494 1978 1558 Δωριέων
2022 1489 2112 1547 ἐπὶ
2178 1497 2444 1546 πλεῖστον
2492 1512 2576 1546 ων
2628 1494 2790 1561 ἴσμεν

1707 1560 1921 1633 χρόνον
1953 1580 2300 1617 στασιασασα
2333 1582 2387 1615 κ.
2422 1581 2469 1614 τ.
2509 1566 2586 1627 λ.,
2627 1570 2793 1632 atque

1707 1638 1969 1689 Isocratis
2004 1637 2191 1688 eadem
2220 1637 2334 1687 fere
2366 1602 2698 1686 declarantis
2732 1637 2790 1686 in

1704 1707 2007 1759 Panathen.
2047 1703 2232 1771 (XII.)
2267 1709 2320 1768 §-
2360 1706 2479 1756 177.
2511 1721 2556 1755 s.
2588 1721 2644 1770 p.
2665 1706 2786 1757 270.

1704 1778 1829 1828 Vid.
1878 1779 2043 1827 etiam
2087 1776 2232 1826 Plut.
2282 1775 2393 1829 Vit.
2444 1776 2685 1841 Lycurg.
2733 1779 2785 1827 2.

1707 1851 1762 1897 et
1814 1847 1958 1897 conf.
2020 1846 2251 1896 Kortiim
2309 1844 2522 1897 Griech.
2589 1845 2786 1897 Gesch.

1653 1908 1661 1913 ’
1703 1917 1750 1967 Ι.
1802 1932 1857 1981 p.
1905 1916 2021 1967 104.
2098 1915 2255 1979 Quod
2299 1918 2426 1964 ante
2476 1916 2788 1981 Lycurgum

1698 1987 1926 2049 pessimis
1956 1984 2150 2050 lembus
2183 2000 2304 2036 usos
2336 2000 2447 2036 csse
2485 1984 2788 2049 Spartanos

1702 2057 1843 2106 inter
1890 2070 2075 2105 omnes
2136 2055 2250 2104 fere
2301 2054 2539 2105 Graecos
2596 2055 2789 2105 scribit

1700 2124 2032 2187 Herodotus,
2063 2124 2120 2174 id
2157 2123 2219 2176 C.
2251 2123 2319 2176 O.
2351 2123 2597 2176 Mueller.
2623 2123 2786 2190 (Dor.

1699 2195 1779 2244 11.
1824 2210 1877 2258 p.
1930 2197 1993 2245 15
2019 2162 2179 2258 seql)
2224 2193 2293 2243 ad
2348 2195 2533 2259 priora
2580 2195 2788 2244 Dorum

1700 2265 1958 2313 instituta
1995 2269 2246 2328 spectare
2292 2263 2439 2326 vult,
2483 2268 2786 2331 temporum

1702 2332 1933 2383 decursu
1968 2332 2323 2396 labefactata,
2347 2333 2587 2394 turbata,
2613 2334 2670 2382 in
2695 2333 2788 2383 de-

1699 2403 1870 2452 terius
1925 2393 2109 2467 lapsa:
2182 2418 2323 2467 quae
2388 2405 2513 2466 ipsa
2570 2403 2789 2467 integra

1699 2473 1859 2537 quasi
1894 2487 2185 2522 revocasse
2221 2476 2276 2523 et
2311 2472 2643 2534 restituisse,
2682 2488 2787 2523 nec

1697 2556 1826 2591 vero
1873 2556 2059 2591 recens
2102 2542 2412 2592 instituisse
2451 2543 2785 2606 Lycurgum,

1697 2611 1837 2661 idem
1874 2612 2070 2661 statuit
2089 2612 2177 2661 vir
2208 2611 2422 2662 doctus.
2456 2611 2785 2662 Accuratius

1696 2697 1841 2732 nunc
1898 2681 1954 2729 in
2018 2680 2160 2731 hanc
2214 2696 2326 2731 rem
2378 2681 2663 2745 inquisivit
2717 2682 2781 2731 C.

1695 2751 1760 2802 F.
1808 2751 2155 2801 Her-mannus
2197 2751 2253 2799 in
2296 2751 2667 2815 disputatione
2713 2750 2783 2801 de

1695 2824 1846 2870 statu
1890 2819 2445 2871 Lacedaemoniorum
2501 2824 2630 2869 ante
2674 2821 2781 2884 Ly-

1694 2904 1916 2954 curgum
1987 2887 2233 2955 (Antiqq.
2303 2889 2595 2940 Laconico.
2655 2889 2784 2938 libri

1694 2963 1945 3023 quatuor.
1992 2959 2270 3024 Marburg.
2330 2959 2483 3011 1841.
2531 2958 2607 3024 4.)
2650 2974 2779 3025 pag.

1694 3029 1727 3080 3
1763 3043 1914 3092 seqq.
1953 3028 2114 3093 idque
2137 3028 2371 3090 edocuit,
2397 3028 2540 3078 hunc
2577 3032 2783 3079 statum

1692 3113 1869 3147 rerum
1905 3098 2299 3149 Laconicamm
2342 3098 2647 3160 turbatum,
2687 3099 2783 3162 qui

1693 3171 1821 3217 ante
1854 3168 2163 3233 Lycurgum
2210 3167 2315 3217 fuit
2330 3205 2344 3231 ,
2393 3167 2529 3218 adeo
2578 3172 2639 3216 ut
2674 3169 2782 3218 La-

1694 3235 2070 3287 cedaemonios
2141 3238 2378 3288 omnium
2448 3237 2780 3287 Graecorum

1689 3306 1938 3370 pessimis
1994 3306 2208 3370 legibus
2259 3308 2341 3357 uti
2394 3307 2596 3357 Noster
2647 3307 2781 3356 scri-

1688 3375 1817 3426 bere
1856 3376 2125 3439 potuerit,
2170 3392 2233 3426 eo
2269 3377 2609 3441 potissimum
2645 3376 2780 3426 alla-

1687 3449 1803 3495 tum
1840 3444 2010 3495 fuisse
2041 3444 2246 3506 videri,
2294 3444 2440 3511 quod
2487 3449 2778 3510 postquam

1686 3515 1863 3566 Dores
1890 3514 2324 3579 Peloponnesum
2359 3516 2593 3580 ingressi
2617 3515 2777 3566 sedes

1686 3599 1857 3634 novas
1904 3585 2249 3649 occuparint,
2306 3586 2450 3634 inter
2503 3583 2669 3637 duces
2726 3600 2773 3636 s.

1684 3668 1840 3719 reges
1877 3658 1933 3704 et
1976 3654 2154 3719 ipsum
2187 3653 2445 3718 populum
2480 3652 2653 3704 multa
2686 3669 2776 3704 ea·

1687 3738 1792 3785 que
1827 3723 2152 3786 gravissima
2170 3722 2398 3774 dissidia
2431 3726 2622 3773 exorta
2645 3724 2776 3787 sint,

1684 3795 1814 3841 tam>
1834 3791 1902 3842 de
1935 3793 2098 3843 terris
2132 3792 2457 3859 expugnatis
2482 3807 2778 3857 earumque

1685 3860 2096 3924 distributione,
2134 3877 2297 3926 quam
2329 3861 2397 3912 de
2433 3861 2555 3911 aliis
2589 3862 2773 3924 rebus,

1687 3931 1883 3993 quibus
1918 3947 2105 3997 regum
2136 3935 2386 3995 potestas
2426 3931 2641 3995 augeri,
2680 3947 2776 3995 po-

1687 3999 1801 4063 puli
1847 4015 1934 4050 res
1991 4000 2217 4065 infringi
2259 4000 2562 4051 videretur:
2608 4014 2776 4064 quum

1687 4083 1913 4132 „reg-es,
1968 4071 2063 4134 qui
2098 4071 2395 4134 potestatis
2445 4084 2580 4120 suae
2635 4067 2776 4122 fines

1685 4138 1978 4188 extendere
2043 4139 2273 4204 plusque
2334 4140 2439 4191 sibi
2510 4154 2674 4204 quam
2738 4156 2775 4190 a

1685 4208 1981 4258 maioribus
2014 4208 2276 4258 traditum
2312 4208 2654 4272 accepissent
2678 4224 2776 4260 au-

1684 4277 1957 4327 ctoritatis
1993 4293 2252 4341 arrogare
2287 4279 2595 4338 studerent,
2636 4279 2776 4328 indi-

1684 4360 1943 4409 genarum
1980 4347 2088 4397 sibi
2113 4348 2326 4398 animos
2356 4346 2651 4398 conciliare
2687 4362 2777 4398 eo-

1681 4429 1906 4481 rumque
1954 4431 2122 4482 opera
2168 4422 2363 4469 contra
2403 4416 2555 4481 ipsos
2603 4431 2777 4482 popu·
