3109 5092
1246 349 1498 411 OLIO.
1543 350 1596 409 Ι.
1644 359 1767 414 132.

2517 347 2641 409 275

281 531 353 586 67
372 516 540 588 κατὰ
570 521 776 608 μέρεα
803 516 877 588 τὸ
904 518 1126 610 ἱρήιον
1154 521 1367 611 ἑψήσῃ
1395 519 1476 591 τὰ
1501 523 1665 611 κρέα
1681 573 1698 606 ,
1739 517 2090 602 ὑποπάσας
2116 527 2321 609 ποίην
2350 515 2440 601 ὥς
2465 516 2638 590 ἁπα-

371 623 706 710 λωτάτην,
737 621 1022 710 μάλιστα
1051 624 1126 693 δὲ
1153 622 1228 694 τὸ
1255 634 1662 713 τρίφυλλον,
1701 626 1810 693 ἐπὶ
1836 623 2078 712 ταύτης
2105 629 2312 712 ἔθηκε
2342 615 2440 692 ὦν
2468 623 2638 693 πάν-

372 752 452 793 τα
479 723 560 793 τὰ
589 727 752 814 κρέα
772 748 787 761 ·
831 729 1187 807 διαθέντος
1215 728 1290 797 δὲ
1331 724 1577 811 αὐτοῦ,
1617 724 1825 815 μάγος
1867 724 2037 815 ἀνὴρ
2067 723 2447 817 παρεστεώς
2476 729 2638 795 ἐπα-

375 832 540 897 είδει
582 836 983 918 θεογονίην,
1022 835 1177 919 οἴην
1216 829 1299 920 δὴ
1340 834 1586 900 ἐκεῖνοι
1628 833 1898 916 λέγουσι
1928 829 2101 899 εἶναι
2130 827 2254 919 τὴν
2281 828 2638 918 ἐπαοιδήν·

375 995 522 1045 denti
545 996 742 1045 Persas
779 1011 879 1045 nec
915 995 1113 1046 altaria
1147 998 1324 1047 facere
1355 1013 1455 1046 nec

373 1065 552 1128 ignem
584 1066 642 1113 in
679 1066 852 1115 sacris
887 1067 1185 1117 accendere
1220 1066 1456 1117 tradide-

373 1138 488 1198 rat,
551 1134 641 1183 hic
697 1135 764 1184 de
815 1135 1053 1186 victimis
1105 1136 1349 1201 loquitur
1397 1136 1455 1184 in

371 1208 553 1266 partes
588 1204 822 1254 concisis
849 1220 1140 1270 earumque
1170 1220 1334 1255 carne
1365 1204 1457 1253 eli-

372 1277 529 1333 xata3
583 1272 638 1321 id
683 1271 829 1336 quod
873 1276 988 1323 sine
1049 1275 1170 1325 foco
1223 1276 1457 1340 igneque

371 1340 490 1391 fieri
523 1342 712 1406 utique
747 1357 857 1392 non
879 1343 1073 1407 potuit.
1131 1345 1312 1406 Quare
1346 1344 1453 1393 iam

373 1411 767 1461 Valckenarius
836 1410 1012 1463 locum
1081 1414 1453 1464 Herodoteum

429 1496 532 1530 ane
566 1481 676 1530 alio
701 1479 860 1531 modo
885 1482 1197 1543 constituit3
1235 1483 1333 1533 alii
1355 1498 1453 1561 pro

371 1480 560 1630 {wien
595 1541 666 1599 τὰ
699 1544 839 1613 κρέα
872 1551 1202 1602 maluerunt:
1242 1547 1354 1618 ἕψῃ
1388 1543 1458 1601 τὰ

371 1615 508 1682 κρέα
554 1617 607 1682 (a
661 1619 825 1738 verbo
869 1614 987 1669 ἓπω
1033 1652 1104 1661 -
1145 1621 1232 1673 ubi
1271 1636 1457 1671 carnes

372 1689 676 1754 creaverit),
820 1684 1039 1757 ·ψησῃ
1078 1682 1149 1739 τὰ
1180 1688 1316 1752 κρέα
1353 1687 1461 1755 (ubi

371 1773 556 1808 earnes
572 1757 768 1807 ossibus
789 1743 1118 1823 detraaee'm't).
1145 1760 1258 1810 Sed
1278 1759 1460 1810 omnia

370 1826 505 1876 haec
541 1827 741 1877 absunt
774 1831 888 1877 tum
937 1843 972 1877 a
1002 1828 1264 1879 librorum
1305 1833 1456 1879 vetu—

371 1900 576 1946 storum
612 1896 894 1960 vestigiis,
940 1903 1057 1948 tum
1092 1899 1164 1948 ab
1201 1900 1320 1963 ipsa
1348 1900 1456 1948 He-

371 1964 552 2015 rodoti
578 1965 868 2028 sententia,
898 1968 988 2030 qui
1011 1968 1066 2017 in
1092 1966 1253 2017 altari
1276 1969 1456 2032 ignem

373 2034 542 2084 fuisse
577 2034 794 2085 minime
842 2036 1113 2097 declarat;
1165 2053 1266 2087 nec
1304 2038 1456 2102 quid-

372 2118 532 2169 quam
565 2104 819 2169 impedit,
856 2119 962 2169 quo
990 2106 1166 2156 minus
1198 2106 1307 2156 alio
1334 2105 1453 2157 loco

373 2187 585 2223 caesam
621 2175 901 2224 victimam
947 2180 1003 2225 et
1047 2176 1105 2226 in
1140 2181 1325 2241 partes
1362 2177 1457 2225 mi-

371 2243 604 2292 nutatim
660 2249 893 2306 sectam‚
962 2244 1216 2295 elixatam
1284 2244 1456 2295 fuisse

372 2310 675 2362 credamus.
765 2313 920 2364 Haec
977 2319 1063 2365 est
1109 2314 1458 2379 Wesselingii

370 2381 671 2442 sententia,
710 2381 1030 2433 confirmata
1064 2384 1159 2447 iis,
1212 2399 1350 2449 quae
1389 2383 1456 2432 de

370 2450 589 2513 Scythis
645 2448 873 2514 legimus
931 2452 1036 2516 IV,
1087 2453 1153 2503 59
1211 2467 1458 2518 quaeque

368 2520 656 2569 Persarum
723 2520 961 2570 moribus
1025 2521 1185 2587 plane
1263 2537 1458 2573 conve·

370 2588 541 2638 niunt.
614 2589 728 2639 Nec
771 2589 930 2640 aliter
967 2591 1143 2641 locum
1190 2591 1458 2642 intellexit

369 2656 760 2707 Brissoniusl.
797 2658 836 2710 1.
875 2660 952 2722 11,
989 2659 1075 2711 43.
1133 2660 1298 2711 Adde
1329 2676 1458 2726 quo-

372 2740 476 2789 que
513 2726 830 2779 Kleukerl.
868 2726 905 2779 1.
946 2745 1075 2795 pag.
1115 2729 1199 2781 16.
1233 2758 1306 2770 —-·
1340 2728 1458 2780 Tri-

260 2853 272 2862 ,
372 2794 584 2858 folium,
624 2811 732 2860 quo
765 2796 820 2846 in
856 2797 1006 2848 hisce
1039 2802 1168 2848 sunt
1204 2800 1317 2860 usi,
1357 2799 1461 2849 fre-

371 2865 784 2927 quentissimum
834 2866 943 2917 illis
1002 2869 1061 2917 in
1120 2868 1453 2933 regionibus.

370 2932 498 2984 Vid.
546 2934 790 2985 Brisson.
853 2937 929 2987 11.
994 2940 1044 3000 ὅ.
1106 2935 1202 2988 137
1272 2941 1328 2987 et
1380 2937 1452 2989 cf.

371 3001 525 3052 Snid.
557 2995 813 3082 Μηδικὴ
868 2996 1008 3067 πόα,
1069 2996 1104 3069 ἡ
1152 3003 1458 3069 τρίφυλλος

371 3065 660 3136 λεγομένη.
736 3073 823 3126 Cr.
866 3074 1022 3124 addit
1064 3075 1292 3125 Barkeri
1337 3078 1453 3125 not.

374 3140 432 3188 in
467 3140 580 3190 The
627 3141 847 3193 classic.
899 3144 1085 3193 Iourn.
1124 3145 1193 3195 V.
1238 3160 1292 3208 p.
1330 3142 1452 3194 243.

373 3210 504 3271 244,
554 3210 649 3259 ubi
685 3209 751 3260 de
785 3212 888 3262 hac
932 3212 1122 3278 planta
1167 3227 1326 3262 sacra
1361 3211 1454 3259 tri-

369 3278 672 3342 nitatisque
707 3281 970 3346 symbolo.
1021 3281 1129 3331 Sed
1153 3281 1328 3346 magia
1350 3279 1453 3330 buc

373 3347 585 3398 faciunt
625 3350 928 3416 Boettigeri
983 3356 1122 3401 nott.
1175 3350 1232 3399 in
1275 3348 1455 3399 Amal-

374 3416 499 3466 thea
535 3417 582 3467 1.
618 3434 672 3482 p.
709 3420 807 3470 107
841 3424 959 3471 not.

418 3513 619 3596 ἔθηκε
678 3550 749 3560 —-
800 3512 871 3569 τὰ
931 3516 1089 3584 κρέα]
1152 3520 1455 3571 Articulum

371 3579 442 3635 τὰ
493 3603 527 3637 a
564 3589 789 3639 Reiskio
846 3586 1058 3638 illatum
1115 3590 1455 3653 retinuimus,

373 3656 570 3722 quippe
644 3658 714 3708 ad
802 3659 1128 3708 sententiam
1208 3673 1457 3709 necessa-

375 3725 532 3777 rium.

441 3823 745 3884 διαθέντος
790 3820 853 3876 δὲ
900 3817 1107 3892 αὐτοῦ]
1155 3828 1192 3877 i.
1232 3843 1278 3877 e.
1328 3843 1457 3892 quae

368 3897 455 3946 ubi
503 3899 613 3960 ipre
669 3895 1131 3960 (sacrificaturus)
1196 3896 1455 3959 disposuit,

367 3981 540 4029 mamas
563 3963 874 4028 (sacerdos)
913 3966 1127 4016 adstans
1152 3965 1459 4031 cheoqoniam

365 4036 572 4094 accinit,
611 4038 805 4101 qualem
839 4037 915 4085 illi
940 4037 1317 4085 incantationem
1346 4051 1459 4086 esse

368 4105 558 4157 dimmt.
656 4104 742 4156 Cf.
801 4104 982 4156 Strab.
1041 4103 1159 4154 XV.
1219 4120 1272 4169 p.
1336 4103 1455 4156 753.

369 4172 438 4222 de
463 4173 641 4238 Magis
678 4172 1117 4224 sacrificantibus
1151 4171 1460 4223 consimilia

368 4242 715 4292 scribentem.
761 4241 1078 4293 Herodotea
1101 4242 1278 4307 carpit
1296 4243 1459 4307 Hyde

370 4310 440 4360 de
484 4310 640 4377 relig.
691 4313 876 4363 Persa.
920 4326 1042 4376 cap.
1086 4309 1138 4362 3.
1187 4326 1315 4376 pag.
1371 4311 1457 4372 99,

369 4394 495 4429 cum
549 4379 863 4431 Herodotus
923 4379 1200 4431 contraria
1254 4379 1459 4431 scribat

1554 998 1653 1059 iia,
1691 1013 1830 1063 quae
1866 1014 2033 1063 supra
2069 1001 2406 1058 narraverat,
2444 997 2642 1046 Persas

1556 1068 1689 1117 deos
1735 1083 1801 1117 ex
1836 1066 2142 1118 hominibus
2189 1067 2405 1130 genitos
2441 1080 2640 1130 negare

1558 1128 2092 1201 (ἀνθροποφυέας);
2132 1136 2271 1186 unde
2302 1137 2513 1187 Graeco
2550 1151 2643 1198 po·

1555 1206 1665 1255 tius
1701 1221 1874 1267 more,
1918 1221 2029 1255 non
2063 1205 2286 1255 Persico
2327 1201 2642 1268 θεογονίην

1558 1274 1863 1325 admisceri.
1937 1276 2090 1355 Quae
2126 1290 2247 1324 cum
2284 1289 2456 1339 prava
2489 1273 2640 1323 vocis

1553 1335 1994 1407 ἅνθρωποφυὴς
2047 1344 2497 1409 interpretatione
2563 1342 2642 1393 ni-

1555 1417 1770 1476 tantur,
1807 1414 2054 1463 refellere
2090 1429 2199 1464 non
2238 1415 2456 1464 attinet.
2525 1413 2641 1462 Nec

1558 1483 1884 1533 Graecorum
1916 1483 2198 1547 Theoyonia
2228 1483 2359 1534 hic
2342 1499 2400 1532 ιιι
2423 1497 2642 1533 censum

1556 1552 1743 1601 venire
1777 1557 1983 1616 potest,
2037 1558 2100 1602 ut
2134 1553 2270 1603 bene
2311 1553 2451 1602 vidit
2483 1551 2643 1601 Wes-

1556 1620 1819 1685 selingius
1866 1622 1999 1671 haec
2045 1621 2335 1672 adiicicns:
2403 1623 2642 1685 „Persae

1559 1695 1621 1740 nt
1665 1691 1820 1754 plura
1865 1691 2113 1755 variique
2156 1692 2372 1754 generis
2421 1689 2645 1739 numina

1558 1759 1983 1825 profitebantur,
2018 1760 2271 1809 videntur
2306 1759 2495 1808 eadem
2533 1757 2645 1807 alia

1559 1835 1725 1893 atque
1785 1828 1894 1879 alia
1953 1829 2185 1892 origine,
2260 1828 2362 1877 etsi
2426 1827 2642 1876 minime

1556 1898 1795 1948 humana
1829 1900 2108 1949 statuisse.
2178 1898 2376 1962 Cogita
2413 1896 2480 1945 de
2500 1895 2643 1946 Gno-

1560 1968 1818 2017 sticorum
1854 1968 2130 2017 Aeonibus
2178 1970 2233 2015 et
2269 1964 2644 2015 Emanationi-

1560 2037 1661 2086 bus
1716 2051 1782 2085 ex
1826 2037 2101 2086 Zoroastri
2148 2039 2202 2085 et
2252 2033 2645 2085 Chaldaeorum

1560 2104 1862 2169 Theologia
1906 2104 2247 2156 arcessitis.“
2316 2104 2440 2154 Erit
2477 2103 2643 2168 igitur

1560 2173 1840 2238 θεογονιή
1873 2191 1981 2225 non
2020 2189 2110 2238 ea,
2153 2188 2295 2239 quae
2328 2174 2413 2236 11,
2465 2173 2531 2224 53
2568 2172 2645 2221 di-

1558 2245 1726 2305 citur,
1785 2244 1879 2294 sed
1937 2245 1994 2293 in
2049 2244 2361 2295 universum
2415 2241 2483 2292 de
2538 2241 2645 2291 diis

1559 2313 1802 2363 narratio
1847 2313 2017 2380 deque
2056 2329 2241 2364 eorum
2286 2312 2521 2377 origine,
2564 2312 2644 2359 in-

1559 2383 1803 2433 cantatio
1848 2384 1904 2433 in
1950 2384 2121 2434 sacris
2170 2382 2415 2432 adhiberi
2457 2380 2641 2431 solita.

1558 2452 1859 2503 Declarant
1914 2453 2018 2503 hoc
2082 2452 2250 2503 verba
2303 2449 2552 2501 consulto
2610 2462 2644 2497 a

1558 2522 1762 2572 Nostro
1800 2522 2037 2573 Graecos
2073 2535 2283 2571 semer
2318 2519 2643 2583 respiciente

1559 2589 1800 2669 adiecta3
1856 2588 1989 2654 οιην
2041 2583 2114 2669 δῂ
2137 2537 2374 2638 ιιιἅιεινοι
2422 2586 2645 2650 λέγουσι

1561 2650 1711 2707 εἶναι
1731 2651 1837 2722 τὴν
1859 2651 2166 2721 ἐπαοιδὴν,
2208 2656 2353 2705 unde
2384 2652 2644 2718 intelligi-

1562 2743 1711 2790 mus,
1777 2727 2149 2792 theogeniam,
2211 2739 2372 2789 quam
2433 2723 2644 2773 Graeco

1560 2795 1720 2846 modo
1764 2795 1991 2860 loquens
2033 2795 2233 2844 Noster
2275 2792 2444 2854 dixit,
2506 2789 2645 2840 nihil

1561 2864 1711 2915 aliud
1757 2864 1928 2913 fuisse
1972 2862 2080 2912 nisi
2126 2860 2543 2944 appellationem
2595 2875 2640 2911 s.

1561 2933 2002 2992 incantationem,
2030 2937 2269 2993 cantum,
2307 2932 2401 2996 qui
2420 2946 2454 2980 a
2477 2931 2642 2994 Mago

1559 3002 1857 3064 accinitur,
1894 3003 2021 3053 dum
2051 3016 2139 3051 res
2170 3015 2328 3050 sacra
2363 2999 2645 3065 peragitur

1558 3086 1731 3136 eoque
1775 3078 1941 3121 cantu
1990 3070 2256 3121 contineri
2308 3070 2375 3120 de
2422 3070 2644 3120 deorum

1559 3140 1769 3204 origine
1798 3146 1853 3190 et
1888 3145 2087 3191 natura
2122 3139 2442 3190 orationem.
2498 3139 2645 3201 Qua·

1556 3208 1624 3258 lis
1648 3208 1942 3275 theogonia
1967 3209 2237 3275 quomodo
2275 3224 2395 3258 cum
2414 3207 2645 3259 Hesiodi

1559 3278 1853 3343 theogonia
1888 3279 2146 3330 contendi
2181 3278 2446 3342 potuerit,
2496 3276 2645 3341 equi·

1558 3346 1678 3396 dem
1697 3347 1843 3398 haud
1862 3349 2130 3414 perspicio
2153 3346 2429 3411 proboque
2448 3345 2646 3396 Schoe-

1559 3431 1760 3478 mann.‚
1797 3418 1890 3481 qui
1915 3419 1972 3467 in
1990 3417 2285 3468 Dissertat.
2315 3416 2381 3465 de
2400 3414 2645 3478 Theogo-

1556 3486 1651 3534 nia
1694 3486 1973 3536 Hesiodea
2016 3486 2072 3534 in
2117 3484 2290 3534 sacris
2335 3499 2445 3533 non
2490 3482 2644 3532 adhi-

1556 3554 1676 3603 bita
1718 3551 2357 3618 (Gryphisvald.1845.)
2404 3567 2458 3615 p.
2508 3553 2559 3601 5.
2611 3550 2643 3600 7

1560 3638 1711 3687 seqq.
1773 3623 2163 3687 Goettlingium
2201 3619 2313 3670 tale
2356 3619 2485 3684 quid
2531 3619 2647 3682 opi·

1559 3696 1779 3742 nantem
1803 3692 1857 3740 in
1869 3691 2125 3756 Prolegg.
2139 3689 2407 3739 Hesiodd.
2425 3705 2478 3753 p.
2493 3688 2643 3738 XLI.

1561 3760 1699 3810 satis
1738 3760 2020 3810 refutavit.
2087 3759 2172 3809 Ad
2197 3758 2307 3807 vim
2337 3757 2490 3808 vocis
2513 3749 2645 3805 ἐπα-

1562 3819 1695 3892 οιδὴ
1742 3829 1949 3880 consul.
1994 3828 2240 3879 Nitzech.
2286 3827 2343 3876 in
2382 3824 2643 3876 Corollar.

1561 3898 1800 3948 secundo
1832 3900 1903 3949 ad
1934 3897 2177 3949 Lobeck.
2203 3895 2470 3961 Aglaoph.
2510 3892 2644 3958 (Kil.

1565 3965 1749 4026 1839.)
1782 3983 1910 4032 pag.
1939 3968 2018 4017 VI
2054 3983 2167 4032 seq.
2238 3964 2375 4015 Inde
2406 3966 2649 4030 cogitare

1562 4036 1651 4086 hic
1685 4035 1815 4087 licet
1844 4038 1912 4088 de
1936 4038 2233 4088 carminum
2259 4033 2505 4085 formulis
2530 4034 2648 4084 eive

1560 4105 1839 4169 precibus,
1879 4107 2068 4171 quales
2105 4105 2415 4170 plerumque
2436 4103 2649 4154 brevio-

1561 4191 1649 4225 res
1688 4174 1841 4225 libris
1876 4175 2126 4226 Zendicis
2158 4174 2531 4235 continentur,
2581 4186 2648 4221 ac

1563 4243 1665 4294 de
1650 4244 1716 4294 iis
1739 4246 2052 4310 praecipue,
2085 4243 2280 4309 quibus
2315 4258 2508 4292 nomen
2530 4242 2650 4291 Ize-

1562 4312 1755 4363 schne.
1794 4313 1905 4364 vid.
1942 4311 2200 4365 Rhodel.
2229 4312 2270 4361 l.
2307 4326 2432 4374 pag.
2455 4310 2559 4362 510
2594 4312 2649 4358 et

1562 4381 1708 4432 conf.
1746 4381 2056 4433 Kleukerl.
2094 4381 2131 4432 l.
2170 4394 2298 4444 pag.
2339 4377 2422 4430 18.

2102 4456 2233 4519 18*
