3109 5092
988 346 1122 407 AD
1168 347 1685 411 HERODOT.
1730 352 1824 426 H,
1874 361 1992 413 102.
2504 357 2631 422 865

345 512 666 567 Sesostride
709 515 866 569 valde
911 518 1336 573 discernendum
1366 539 1493 574 esse
1523 522 1723 576 docent
1756 540 1821 575 ac
1862 523 2114 595 plerique
2157 545 2253 596 ea,
2300 546 2442 598 quae
2476 534 2625 602 apud

342 596 715 667 Herodotum,
746 600 1083 671 Diodorum,
1119 603 1259 657 alios
1294 605 1362 659 de
1392 606 1711 661 Sesostride
1743 609 1949 661 tradita
1976 609 2371 681 inveniuntur,
2406 615 2475 667 ad
2506 634 2628 671 eum

340 698 526 749 regem
556 686 769 738 referre
798 687 1035 759 malunt,
1081 689 1177 759 qui
1206 691 1354 760 apud
1384 691 1773 746 Mauethonem
1803 693 1861 746 in
1892 693 1980 761 iis,
2014 711 2157 764 quae
2189 696 2362 750 refert
2394 698 2624 767 Syncel-

338 765 429 819 lus
459 786 514 836 p.
548 770 616 826 72
647 770 768 823 sive
797 790 853 841 p.
891 778 994 832 134
1038 774 1124 827 ed.
1163 776 1378 843 Bonn.‚
1422 776 1662 830 decimae
1707 795 1885 831 nonae
1915 779 2208 846 dynastiae
2250 801 2348 835 rex
2390 791 2624 837 vocatur

329 843 622 923 Ῥάμψης,
670 855 765 925 qui
811 859 1102 926 sexaginta
1146 877 1245 912 sex
1288 878 1466 913 anuos
1508 863 1753 915 obtinuit
1790 881 2025 931 reguum
2065 865 2320 935 idemque
2363 884 2395 919 a
2422 867 2622 921 Tacito

335 934 373 986 1.
403 936 437 988 l.
475 946 707 992 vocatur
735 942 985 997 Ramnes:
1017 961 1127 1013 quo
1160 944 1349 997 eodem
1386 946 1601 999 nomine
1632 948 1864 1002 eundem
1896 967 2079 1017 regem
2111 967 2259 1003 nunc
2288 951 2413 1021 ipsa
2435 952 2621 1020 Aegy-

336 1020 577 1089 ptiorum
616 1025 875 1078 exhibent
913 1036 1287 1098 monumenta,
1339 1030 1394 1083 in
1426 1032 1632 1100 quibus
1662 1030 1785 1085 aliis
1817 1050 2041 1104 quoque
2077 1040 2309 1110 ornatus
2345 1036 2526 1089 titulis
2559 1053 2623 1089 ac

336 1107 452 1158 Soli
475 1111 768 1180 probatus,
807 1116 1003 1168 Amani
1026 1115 1274 1182 dilectus,
1308 1117 1446 1169 Solis
1475 1126 1678 1182 custos,
1711 1120 1947 1173 veritatis
1980 1122 2250 1188 columen,
2294 1118 2400 1173 alia
2434 1121 2490 1172 id
2521 1139 2617 1189 ge·

336 1207 472 1257 nus,
506 1195 889 1264 praedicatur3
928 1198 1075 1269 apud
1103 1200 1398 1269 Iosephum
1430 1206 1606 1253 contr.
1645 1201 1910 1271 Apionem
1943 1222 1999 1273 p.
2035 1211 2100 1262 15
2132 1204 2274 1257 idem
2305 1222 2619 1257 commemo-

333 1281 490 1328 ratur
535 1276 808 1349 habetque
846 1299 1148 1350 cognomen
1184 1285 1433 1340 Miunmn
1450 1282 1510 1352 ²⁴¹)
1552 1286 1806 1356 idemque
1842 1288 2135 1356 sexaginta
2175 1308 2274 1342 sex
2321 1306 2498 1342 annos
2531 1308 2618 1343 re-

330 1377 499 1427 gnum
540 1364 792 1417 tenuisse
842 1367 1073 1420 dicitur:
1127 1386 1159 1421 a
1202 1369 1608 1423 recentioribus
1646 1388 1795 1423 nuuc
1848 1373 2011 1440 vulgo
2053 1372 2259 1426 dicitur
2292 1375 2513 1428 Ramnes
2545 1377 2615 1441 11,

329 1443 497 1515 idque
539 1449 747 1501 rectius
780 1467 940 1519 quam
969 1455 1189 1508 Romses
1218 1457 1327 1520 111,
1378 1456 1683 1530 Magnique
1723 1456 1884 1509 titulo
1928 1456 2249 1527 plerumque
2289 1458 2613 1525 insignitur,
2673 1483 2677 1489 ‚
2728 1467 2733 1473 ⁴

330 1546 439 1598 quo
471 1548 503 1582 a
537 1531 792 1601 pluribus
823 1536 946 1588 aliis
971 1532 1367 1606 Aegyptiorum
1401 1540 1629 1607 regibus
1657 1539 1798 1594 idem
1832 1559 2023 1594 nomen
2056 1543 2383 1609 gerentibus
2415 1543 2614 1595 distin-

328 1622 552 1680 guatur.
629 1616 768 1670 Vide
812 1621 1125 1674 Wilkinsou
1172 1623 1438 1676 Manners
1479 1632 1586 1677 etc.
1619 1625 1666 1676 I.
1713 1643 1767 1693 p.
1805 1630 1875 1684 69
1916 1644 2094 1695 seqq.,
2140 1626 2412 1678 Rosellini
2453 1627 2609 1679 Mon.

326 1699 516 1751 storici
551 1701 596 1752 1.
632 1720 687 1770 p.
706 1709 811 1764 256
841 1722 997 1775 seqq.
1035 1711 1138 1765 267
1163 1726 1323 1777 seqq.
1358 1708 1461 1760 111.
1488 1727 1541 1777 p.
1562 1715 1613 1766 2.
1649 1727 1704 1778 p.
1724 1714 1792 1767 62
1807 1727 1952 1778 sqq„
1995 1710 2216 1761 Boeckh
2245 1710 2336 1762 in:
2367 1710 2615 1762 Schmidt

324 1782 652 1837 zeitschrift
681 1788 773 1839 fiir
803 1790 1008 1842 Gesch.
1046 1791 1118 1843 11.
1146 1796 1270 1851 666.
1300 1796 1407 1852 678
1436 1811 1616 1863 seqq.,
1665 1794 1949 1845 Gesenius
1981 1794 2068 1846 in:
2109 1792 2258 1846 Hau.
2294 1794 2610 1847 Litt.-Zeit.

325 1872 482 1926 1841.
502 1887 592 1922 110·
610 1873 729 1931 146.
750 1891 805 1942 p.
827 1880 949 1934 556.
982 1874 1442 1929 RaoulRochette
1475 1878 1530 1929 in
1552 1897 1567 1928 t
1600 1876 1833 1929 Journal
1863 1878 1961 1930 des
1978 1879 2193 1930 Savans
2217 1881 2371 1937 1848.
2393 1883 2609 1948 p.308.,

324 1951 390 2003 L.
423 1954 656 2023 Georgii
694 1956 750 2007 in
782 1957 958 2026 Pauly
992 1959 1417 2030 Realencyclop.
1453 1962 1545 2023 vl,
1575 1968 1625 2019 1.
1659 1980 1712 2031 p.
1748 1966 1851 2020 391
1883 1980 2073 2032 seqq.‚
2128 1962 2400 2032 Lepsius:
2433 1962 2608 2014 Chro-

326 2035 544 2105 nologie
574 2040 627 2090 d.
662 2040 899 2112 Aegypt.
933 2043 979 2096 1.
1015 2049 1191 2114 p.278
1224 2062 1404 2115 seqq„
1454 2046 1715 2098 Osburn:
1749 2046 1869 2098 The
1904 2045 2271 2099 monumental
2302 2047 2519 2114 history
2553 2047 2615 2098 of

323 2118 532 2190 Egypt.
565 2123 640 2174 II.
676 2144 732 2195 p.
762 2130 869 2186 430
896 2146 1053 2199 seqq.
1083 2133 1192 2188 434
1221 2147 1398 2199 seqq„
1442 2130 1535 2201 qui
1570 2136 1719 2183 recte
1752 2131 1975 2197 scribit,
2020 2131 2228 2183 nullius
2274 2131 2391 2183 fere
2420 2130 2605 2199 Aegy-

323 2204 562 2272 ptiorum
598 2210 748 2277 regis
795 2213 1229 2283 frequentiorem
1271 2215 1576 2267 memoriam
1616 2215 1758 2284 ipsis
1797 2214 2198 2285 Aegyptiorum
2239 2215 2608 2267 monumentis

323 2289 500 2343 adhuc
531 2295 931 2361 superstitibus
964 2298 1146 2368 iisque
1179 2298 1319 2351 varii
1350 2300 1576 2367 generis
1609 2300 1897 2353 declarari.
1950 2301 1996 2350 A
2028 2299 2233 2369 quibus
2258 2298 2394 2351 viris
2428 2300 2607 2351 doctis

325 2389 471 2428 uuus
502 2375 769 2432 dissentit
797 2380 1024 2434 Bunsen
1066 2383 1124 2434 in
1156 2382 1330 2435 altera
1360 2400 1535 2453 eaque
1570 2382 1801 2451 Anglica
1833 2384 2075 2436 editione
2112 2385 2298 2452 operis
2334 2382 2607 2452 praeclari

321 2457 389 2509 de
435 2459 689 2531 Aegypto
733 2469 921 2518 vetere
975 2468 1278 2536 conscripti
1324 2469 1589 2538 (Egypts
1641 2468 1804 2521 Place
1846 2469 1902 2521 in
1947 2468 2213 2520 Univers.
2256 2468 2493 2533 History
2527 2468 2602 2518 11.

320 2560 375 2611 p·
410 2550 515 2603 555
545 2549 767 2616 seqq.),
834 2550 930 2619 qui
971 2551 1341 2605 Sesostridem
1385 2554 1529 2604 hunc
1573 2553 2011 2617 celeberrimum,
2071 2568 2233 2620 quem
2280 2551 2604 2602 Herodotus

320 2634 376 2678 et
403 2628 683 2684 Diodorus
721 2633 956 2703 ipsaque
985 2642 1332 2689 monumenta
1355 2636 1755 2705 Aegyptiorum
1786 2637 2085 2699 declarant,
2128 2651 2234 2685 non
2266 2634 2517 2686 Ramsem
2553 2653 2601 2686 s,

317 2710 632 2769 Ramessem
673 2718 853 2770 fuisse
899 2721 1215 2787 contendit,
1263 2722 1363 2773 sed
1406 2728 1616 2790 patrem
1646 2721 1803 2787 eine,
1848 2720 1943 2790 qui
1974 2711 2183 2779 Σεθῶς
2220 2718 2367 2787 apud
2405 2717 2603 2770 Mane-

317 2798 535 2851 thonem
571 2807 829 2871 vocatur,
872 2805 1249 2858 confusionem
1278 2806 1408 2858 inde
1439 2811 1612 2858 ortam
1644 2823 1770 2857 esse
1800 2811 1988 2869 ratus,
2038 2801 2185 2872 quod
2227 2809 2497 2872 uterque,
2549 2808 2606 2853 et

317 2887 478 2950 pater
502 2889 558 2935 et
586 2885 755 2955 filius,
789 2888 991 2942 multas
1023 2891 1380 2960 susceperint
1407 2889 1635 2942 bellicas
1665 2888 2049 2958 expeditiones
2078 2885 2390 2956 multasque
2421 2892 2604 2938 terras

317 2969 716 3037 expugnarint‚
761 2973 935 3042 patris
969 2992 1099 3027 vero
1130 2973 1386 3029 memoria
1416 2992 1516 3044 per
1548 2973 1746 3040 filium,
1796 2971 1891 3042 qui
1922 2977 2028 3023 tam
2059 2971 2151 3023 diu
2183 2988 2417 3039 regnum
2459 2970 2601 3022 obti-

318 3054 506 3104 nuerit
545 3055 824 3126 multaque
865 3065 1213 3112 monumenta
1255 3066 1312 3112 et
1350 3060 1471 3128 ipse
1509 3057 1880 3124 exstruxerit,
1929 3055 2197 3108 oblivioni
2239 3055 2368 3108 data
2406 3055 2598 3108 fuerit.

317 3136 438 3189 Nec
467 3156 604 3190 saue
635 3139 841 3195 desunt
863 3136 1002 3212 alii,
1047 3144 1142 3213 qui
1175 3145 1231 3197 in
1269 3161 1390 3197 eum
1410 3184 1425 3209 ,
1459 3143 1556 3212 qui
1586 3141 1864 3194 Sesostris
1897 3146 2130 3194 vocatur
2157 3157 2190 3192 a
2221 3141 2457 3193 Graecis
2489 3156 2597 3192 ma-

316 3222 566 3292 ximeque
604 3225 948 3297 celebratur,
981 3228 1142 3297 plura
1174 3229 1390 3282 omniuo
1424 3227 1673 3279 coniecta
1705 3245 1832 3280 esse
1865 3226 2071 3293 velint,
2097 3222 2252 3294 *quae
2284 3225 2405 3277 sive
2437 3242 2468 3275 a
2502 3240 2599 3292 pa-
2685 3245 2689 3249 ·

316 3311 403 3358 tre
437 3308 554 3360 sive
585 3309 653 3360 ab
680 3309 802 3362 aliis
845 3313 1062 3364 omnino
1093 3314 1320 3381 regibus
1349 3311 1561 3363 fuerint
1603 3318 1764 3378 gesta
1805 3311 1902 3381 (de
1938 3328 2048 3380 qua
2078 3327 2139 3361 re
2175 3310 2323 3361 cons.
2356 3307 2599 3375 Lepsius

318 3388 353 3439 Ι.
383 3388 419 3440 l.
466 3409 522 3459 p.
551 3396 637 3448 52.
673 3395 838 3459 279);
886 3413 951 3446 ex
985 3411 1095 3463 qua
1125 3402 1180 3448 et
1209 3396 1384 3465 patris
1416 3400 1473 3445 et
1505 3394 1606 3446 filii
1640 3395 1971 3447 confusione
2001 3394 2137 3445 adeo
2184 3409 2379 3443 nomen
2419 3391 2600 3458 ipsum

318 3470 680 3546 (Σέσωστρις)
725 3482 901 3529 ortum
947 3477 1172 3542 volunt,
1230 3478 1376 3547 quod
1421 3478 1488 3528 ad
1518 3478 1695 3545 patris
1726 3494 1921 3528 nomen
1964 3468 2199 3543 (Σεθώς
2237 3492 2284 3526 s.
2317 3471 2600 3545 Σέθωσις)

315 3558 589 3611 detortum
630 3559 718 3611 vel
766 3560 894 3613 inde
945 3560 1309 3631 probabiliter
1351 3560 1645 3612 'deductum
1692 3577 1724 3611 a
1772 3560 2006 3611 Graecis
2055 3557 2216 3627 plane
2257 3558 2485 3611 differre
2530 3559 2599 3609 ab

315 3642 593 3712 Aegyptio
641 3644 856 3697 nomine
889 3646 1124 3709 Eumeis,
1163 3662 1272 3714 quo
1315 3644 1438 3713 ipso
1486 3644 1632 3695 hunc
1678 3661 1860 3711 regem
1902 3646 1970 3696 ab
2018 3643 2314 3710 Aegyptiis
2357 3641 2597 3712 appella-

316 3732 427 3779 tum
458 3728 638 3780 fuisse
670 3730 1070 3798 Aegyptiorum
1101 3734 1469 3799 monumenta,
1505 3727 1575 3780 ad
1611 3745 1754 3797 quae
1781 3729 1939 3781 modo
1972 3727 2416 3797 provocavimus,
2459 3727 2599 3779 satis

316 3812 545 3865 docent:
592 3815 663 3866 cf.
697 3813 858 3877 etiam
881 3814 959 3866 M.
985 3814 1237 3868 Fritsch=
1274 3812 1605 3885 Uebersicht
1634 3813 1735 3865 der
1760 3813 2046 3866 Ver-suche
2076 3828 2178 3864 zur
2201 3811 2599 3879 Entzifferung

315 3896 419 3947 der
444 3897 809 3968 Hieroglyph.
844 3918 900 3969 p.
934 3901 1020 3967 71,
1054 3897 1354 3952 Rossellini
1383 3899 1419 3950 l.
1455 3915 1628 3968 supra
1660 3898 1696 3949 l.
1756 3898 1879 3951 Alia
1909 3899 1978 3950 de
2007 3896 2346 3949 Sesostridis
2379 3897 2599 3948 nomine

314 3980 466 4032 dabit
495 3983 781 4035 iablonski
813 3983 980 4039 Voce.
1014 3985 1275 4053 Aegyptt.
1309 4002 1364 4053 p.
1398 3988 1504 4044 288
1544 3983 1695 4054 (sive
1727 4002 1783 4053 p.
1823 3981 2099 4035 CCLXXI
2132 3981 2188 4033 in
2216 3981 2290 4033 H.
2324 3981 2597 4051 Stephani

449 4148 504 4213 *)
552 4150 674 4201 Hoc
722 4164 1024 4214 cognomen
1071 4148 1143 4198 ad
1189 4164 1353 4199 unum
1402 4165 1430 4199 e
1480 4149 1782 4199 maioribus
1831 4147 2160 4201 Sesostridis
2195 4147 2387 4212 Magni
2431 4145 2595 4195 huius

309 4220 586 4283 pertinere
625 4235 837 4283 regem,
878 4219 970 4283 qui
1007 4222 1246 4269 vocatur
1282 4218 1494 4281 Ramses
1533 4218 1817 4282 Meiamzm,
1856 4218 2098 4269 decimus
2136 4221 2327 4268 sextus
2364 4232 2459 4266 rex
2498 4214 2591 4277 dy-

309 4289 529 4339 nastiae
566 4288 1041 4339 duodevicesimae
1069 4287 1514 4354 Diospolitanae,
1552 4290 1839 4340 contendit
1865 4286 2252 4352 Champollion
2288 4288 2372 4335 in:
2409 4281 2592 4331 Yon-ke

307 4362 363 4406 et
377 4357 590 4409 Leuke:
620 4359 726 4407 Les
747 4357 1076 4422 principaux
1098 4362 1439 4411 monuments
1451 4360 1761 4425 Egyptiens
1786 4360 1860 4409 du
1874 4356 2067 4409 Musee
2087 4358 2377 4437 Britan3p.
2401 4353 2487 4401 21.
2507 4354 2592 4401 22.

220 4436 226 4443 ⁴
305 4429 495 4491 Neque
532 4443 664 4478 vero
703 4425 836 4476 mihi
873 4429 1158 4492 persuasit
1195 4427 1282 4479 vir
1319 4428 1535 4479 doetus.

409 4532 745 4573 nnnono'r.
798 4533 843 4572 1.
2140 4511 2220 4568 55
