<?xml version="1.0" encoding="UTF-8"?>
<!DOCTYPE html PUBLIC "-//W3C//DTD XHTML 1.0 Transitional//EN"
    "http://www.w3.org/TR/xhtml1/DTD/xhtml1-transitional.dtd">
<html xmlns="http://www.w3.org/1999/xhtml" xml:lang="en" lang="en">
 <head>
  <title>
</title>
<meta http-equiv="Content-Type" content="text/html;charset=utf-8" />
  <meta name='ocr-system' content='tesseract 3.04.00' />
  <meta name='ocr-capabilities' content='ocr_page ocr_carea ocr_par ocr_line ocrx_word'/>
</head>
<body>
  <div class='ocr_page' id='page_1' title='image "./herodotihalicar02unkngoog_0250.png"; bbox 0 0 3109 5092; ppageno 0'>
   <div class='ocr_carea' id='block_1_1' title="bbox 437 403 559 464">
    <p class='ocr_par' dir='ltr' id='par_1_1' title="bbox 437 403 559 464">
     <span class='ocr_line' id='line_1_1' title="bbox 437 403 559 464; baseline 0 -1"><span class='ocrx_word' id='word_1_1' title='bbox 437 403 559 464; x_wconf 81' lang='lat'><strong>230</strong></span> 
     </span>
    </p>
   </div>
   <div class='ocr_carea' id='block_1_2' title="bbox 1309 390 1852 455">
    <p class='ocr_par' dir='ltr' id='par_1_2' title="bbox 1309 390 1852 455">
     <span class='ocr_line' id='line_1_2' title="bbox 1309 390 1852 455; baseline -0.007 0"><span class='ocrx_word' id='word_1_2' title='bbox 1309 390 1852 455; x_wconf 86' lang='lat' dir='ltr'><strong>HERODOTI</strong></span> 
     </span>
    </p>
   </div>
   <div class='ocr_carea' id='block_1_3' title="bbox 435 556 2718 972">
    <p class='ocr_par' dir='ltr' id='par_1_3' title="bbox 435 556 2718 972">
     <span class='ocr_line' id='line_1_3' title="bbox 435 556 2716 664; baseline -0.009 -20"><span class='ocrx_word' id='word_1_3' title='bbox 435 575 779 664; x_wconf 77' lang='grc' dir='ltr'><strong><em>βομένοισι</em></strong></span> <span class='ocrx_word' id='word_1_4' title='bbox 819 571 992 642; x_wconf 81' lang='grc' dir='ltr'><strong><em>εἶναι</em></strong></span> <span class='ocrx_word' id='word_1_5' title='bbox 1027 573 1102 639; x_wconf 79' lang='grc' dir='ltr'><strong>ἐν</strong></span> <span class='ocrx_word' id='word_1_6' title='bbox 1136 574 1216 658; x_wconf 86' lang='grc' dir='ltr'><strong>τῇ</strong></span> <span class='ocrx_word' id='word_1_7' title='bbox 1253 572 1556 657; x_wconf 80' lang='grc' dir='ltr'><strong><em>Μηδικῇ.</em></strong></span> <span class='ocrx_word' id='word_1_8' title='bbox 1604 561 1686 635; x_wconf 81' lang='grc' dir='ltr'><strong>οὐ</strong></span> <span class='ocrx_word' id='word_1_9' title='bbox 1721 568 1949 654; x_wconf 81' lang='grc' dir='ltr'><strong><em>μέντοι</em></strong></span> <span class='ocrx_word' id='word_1_10' title='bbox 1989 565 2059 630; x_wconf 80' lang='grc' dir='ltr'><strong>οἵ</strong></span> <span class='ocrx_word' id='word_1_11' title='bbox 2086 588 2164 648; x_wconf 79' lang='grc' dir='ltr'><strong>γε</strong></span> <span class='ocrx_word' id='word_1_12' title='bbox 2200 556 2472 628; x_wconf 83' lang='grc' dir='ltr'><strong><em>Σκύθαι</em></strong></span> <span class='ocrx_word' id='word_1_13' title='bbox 2507 557 2716 646; x_wconf 77' lang='grc' dir='ltr'><strong><em>ταύτῃ</em></strong></span> 
     </span>
     <span class='ocr_line' id='line_1_4' title="bbox 439 663 2713 765; baseline -0.008 -19"><span class='ocrx_word' id='word_1_14' title='bbox 439 680 794 765; x_wconf 79' lang='grc' dir='ltr'><strong><em>ἐσέβαλον,</em></strong></span> <span class='ocrx_word' id='word_1_15' title='bbox 850 670 1020 743; x_wconf 80' lang='grc' dir='ltr'><strong><em>ἀλλὰ</em></strong></span> <span class='ocrx_word' id='word_1_16' title='bbox 1059 670 1183 761; x_wconf 86' lang='grc' dir='ltr'><strong>τὴν</strong></span> <span class='ocrx_word' id='word_1_17' title='bbox 1227 668 1615 759; x_wconf 81' lang='grc' dir='ltr'><strong><em>κατύπερθε</em></strong></span> <span class='ocrx_word' id='word_1_18' title='bbox 1659 664 1822 739; x_wconf 82' lang='grc' dir='ltr'><strong><em>ὁδὸν</em></strong></span> <span class='ocrx_word' id='word_1_19' title='bbox 1871 670 2094 758; x_wconf 78' lang='grc' dir='ltr'><strong><em>πολλῷ</em></strong></span> <span class='ocrx_word' id='word_1_20' title='bbox 2136 664 2559 752; x_wconf 78' lang='grc' dir='ltr'><strong><em>μακροτέρην</em></strong></span> <span class='ocrx_word' id='word_1_21' title='bbox 2604 663 2713 730; x_wconf 79' lang='grc' dir='ltr'><strong>ἕκ-</strong></span> 
     </span>
     <span class='ocr_line' id='line_1_5' title="bbox 436 757 2718 870; baseline -0.008 -21"><span class='ocrx_word' id='word_1_22' title='bbox 436 778 876 870; x_wconf 78' lang='grc' dir='ltr'><strong><em>τραπόμενοι,</em></strong></span> <span class='ocrx_word' id='word_1_23' title='bbox 921 779 995 846; x_wconf 82' lang='grc' dir='ltr'><strong>ἐν</strong></span> <span class='ocrx_word' id='word_1_24' title='bbox 1036 779 1220 864; x_wconf 79' lang='grc' dir='ltr'><strong><em>δεξιῇ</em></strong></span> <span class='ocrx_word' id='word_1_25' title='bbox 1257 781 1522 863; x_wconf 80' lang='grc' dir='ltr'><strong><em>ἔχοντες</em></strong></span> <span class='ocrx_word' id='word_1_26' title='bbox 1566 770 1641 842; x_wconf 87' lang='grc' dir='ltr'><strong>τὸ</strong></span> <span class='ocrx_word' id='word_1_27' title='bbox 1680 769 2074 841; x_wconf 79' lang='grc' dir='ltr'><strong><em>Καυκάσιον</em></strong></span> <span class='ocrx_word' id='word_1_28' title='bbox 2118 757 2336 856; x_wconf 80' lang='grc' dir='ltr'><strong><em>οὖρος.</em></strong></span> <span class='ocrx_word' id='word_1_29' title='bbox 2417 768 2718 834; x_wconf 82' lang='grc' dir='ltr'><strong><em>ἐνθαῦτα</em></strong></span> 
     </span>
     <span class='ocr_line' id='line_1_6' title="bbox 437 870 2716 972; baseline -0.008 -20"><span class='ocrx_word' id='word_1_30' title='bbox 437 887 508 952; x_wconf 78' lang='grc' dir='ltr'><strong>οἰ</strong></span> <span class='ocrx_word' id='word_1_31' title='bbox 534 884 662 972; x_wconf 72' lang='grc' dir='ltr'><strong><em>μὲν</em></strong></span> <span class='ocrx_word' id='word_1_32' title='bbox 702 886 934 969; x_wconf 81' lang='grc' dir='ltr'><strong><em>Μῆδοι</em></strong></span> <span class='ocrx_word' id='word_1_33' title='bbox 980 883 1439 968; x_wconf 79' lang='grc' dir='ltr'><strong><em>συμβαλόντες</em></strong></span> <span class='ocrx_word' id='word_1_34' title='bbox 1469 892 1641 946; x_wconf 80' lang='grc' dir='ltr'><strong><em>τοῖσι</em></strong></span> <span class='ocrx_word' id='word_1_35' title='bbox 1676 873 1996 963; x_wconf 75' lang='grc' dir='ltr'><strong><em>Σκύθῃσι</em></strong></span> <span class='ocrx_word' id='word_1_36' title='bbox 2040 871 2152 940; x_wconf 85' lang='grc' dir='ltr'><strong>καὶ</strong></span> <span class='ocrx_word' id='word_1_37' title='bbox 2189 870 2600 947; x_wconf 75' lang='grc' dir='ltr'><strong><em>ἑσσωθέντες</em></strong></span> <span class='ocrx_word' id='word_1_38' title='bbox 2635 872 2716 954; x_wconf 84' lang='grc' dir='ltr'><strong>τῇ</strong></span> 
     </span>
    </p>
   </div>
   <div class='ocr_carea' id='block_1_4' title="bbox 513 984 767 1007">
    <p class='ocr_par' dir='ltr' id='par_1_4' title="bbox 513 984 767 1007">
     <span class='ocr_line' id='line_1_7' title="bbox 513 984 767 1007; baseline -0.016 0"><span class='ocrx_word' id='word_1_39' title='bbox 513 984 530 1007; x_wconf 79' lang='grc' dir='ltr'><strong><em>Ι</em></strong></span> <span class='ocrx_word' id='word_1_40' title='bbox 739 990 767 1003; x_wconf 62' lang='lat' dir='ltr'><strong>a·</strong></span> 
     </span>
    </p>
   </div>
   <div class='ocr_carea' id='block_1_5' title="bbox 438 968 2712 1075">
    <p class='ocr_par' dir='ltr' id='par_1_5' title="bbox 438 968 2712 1075">
     <span class='ocr_line' id='line_1_8' title="bbox 438 968 2712 1075; baseline -0.007 -21"><span class='ocrx_word' id='word_1_41' title='bbox 438 1013 647 1075; x_wconf 79' lang='grc' dir='ltr'><strong><em>μαχῃ,</em></strong></span> <span class='ocrx_word' id='word_1_42' title='bbox 688 1012 802 1073; x_wconf 80' lang='grc' dir='ltr'><strong>της</strong></span> <span class='ocrx_word' id='word_1_43' title='bbox 847 980 1050 1072; x_wconf 81' lang='grc' dir='ltr'><strong><em>ἀρχῆς</em></strong></span> <span class='ocrx_word' id='word_1_44' title='bbox 1089 981 1595 1070; x_wconf 78' lang='grc' dir='ltr'><strong><em>κατελύθησαν·</em></strong></span> <span class='ocrx_word' id='word_1_45' title='bbox 1644 982 1715 1047; x_wconf 78' lang='grc' dir='ltr'><strong>οἰ</strong></span> <span class='ocrx_word' id='word_1_46' title='bbox 1746 978 1819 1047; x_wconf 70' lang='grc' dir='ltr'><strong>δὲ</strong></span> <span class='ocrx_word' id='word_1_47' title='bbox 1853 975 2126 1046; x_wconf 80' lang='grc' dir='ltr'><strong><em>Σκύθαι</em></strong></span> <span class='ocrx_word' id='word_1_48' title='bbox 2172 970 2293 1063; x_wconf 83' lang='grc' dir='ltr'><strong>τὴν</strong></span> <span class='ocrx_word' id='word_1_49' title='bbox 2323 968 2552 1059; x_wconf 84' lang='grc' dir='ltr'><strong><em>Ἀσίην</em></strong></span> <span class='ocrx_word' id='word_1_50' title='bbox 2586 974 2712 1038; x_wconf 80' lang='grc' dir='ltr'><strong>πᾶ-</strong></span> 
     </span>
    </p>
   </div>
   <div class='ocr_carea' id='block_1_6' title="bbox 307 1075 2802 1175">
    <p class='ocr_par' dir='ltr' id='par_1_6' title="bbox 307 1075 2802 1175">
     <span class='ocr_line' id='line_1_9' title="bbox 307 1075 2802 1175; baseline -0.006 -15"><span class='ocrx_word' id='word_1_51' title='bbox 307 1100 424 1161; x_wconf 88' lang='grc'><strong>105</strong></span> <span class='ocrx_word' id='word_1_52' title='bbox 443 1109 570 1157; x_wconf 88' lang='grc' dir='ltr'><strong>σαν</strong></span> <span class='ocrx_word' id='word_1_53' title='bbox 605 1089 903 1175; x_wconf 79' lang='grc' dir='ltr'><strong><em>ἐπέσχον.</em></strong></span> <span class='ocrx_word' id='word_1_54' title='bbox 973 1082 1335 1154; x_wconf 84' lang='grc' dir='ltr'><strong><em>Ἐυθεῦτευ</em></strong></span> <span class='ocrx_word' id='word_1_55' title='bbox 1375 1083 1451 1153; x_wconf 73' lang='grc' dir='ltr'><strong>δὲ</strong></span> <span class='ocrx_word' id='word_1_56' title='bbox 1487 1081 1688 1173; x_wconf 75' lang='grc' dir='ltr'><strong><em>ἤϊσαν</em></strong></span> <span class='ocrx_word' id='word_1_57' title='bbox 1726 1076 1833 1150; x_wconf 82' lang='grc' dir='ltr'><strong>ἐπ’</strong></span> <span class='ocrx_word' id='word_1_58' title='bbox 1873 1090 2256 1166; x_wconf 77' lang='grc' dir='ltr'><strong><em>Αἴγυπτον·</em></strong></span> <span class='ocrx_word' id='word_1_59' title='bbox 2309 1075 2422 1143; x_wconf 86' lang='grc' dir='ltr'><strong>καὶ</strong></span> <span class='ocrx_word' id='word_1_60' title='bbox 2465 1076 2613 1142; x_wconf 80' lang='grc' dir='ltr'><strong><em>ἐπεί</em></strong></span> <span class='ocrx_word' id='word_1_61' title='bbox 2644 1100 2715 1141; x_wconf 86' lang='grc' dir='ltr'><strong>τε</strong></span> <span class='ocrx_word' id='word_1_62' title='bbox 2735 1093 2802 1146; x_wconf 75' lang='grc'><strong>53</strong></span> 
     </span>
    </p>
   </div>
   <div class='ocr_carea' id='block_1_7' title="bbox 439 1174 2715 1279">
    <p class='ocr_par' dir='ltr' id='par_1_7' title="bbox 439 1174 2715 1279">
     <span class='ocr_line' id='line_1_10' title="bbox 439 1174 2715 1279; baseline -0.007 -18"><span class='ocrx_word' id='word_1_63' title='bbox 439 1193 750 1279; x_wconf 79' lang='grc' dir='ltr'><strong><em>ἐγένοντο</em></strong></span> <span class='ocrx_word' id='word_1_64' title='bbox 789 1191 864 1258; x_wconf 82' lang='grc' dir='ltr'><strong>ἐν</strong></span> <span class='ocrx_word' id='word_1_65' title='bbox 900 1193 980 1276; x_wconf 84' lang='grc' dir='ltr'><strong>τῇ</strong></span> <span class='ocrx_word' id='word_1_66' title='bbox 1025 1194 1444 1275; x_wconf 78' lang='grc' dir='ltr'><strong><em>Παλαιστίνῃ</em></strong></span> <span class='ocrx_word' id='word_1_67' title='bbox 1476 1192 1734 1274; x_wconf 84' lang='grc' dir='ltr'><strong><em>Συρίῃ,</em></strong></span> <span class='ocrx_word' id='word_1_68' title='bbox 1783 1180 2214 1272; x_wconf 77' lang='grc' dir='ltr'><strong><em>Ψαμμήτιχος</em></strong></span> <span class='ocrx_word' id='word_1_69' title='bbox 2250 1200 2464 1266; x_wconf 81' lang='grc' dir='ltr'><strong><em>σφεας</em></strong></span> <span class='ocrx_word' id='word_1_70' title='bbox 2502 1174 2715 1264; x_wconf 78' lang='grc' dir='ltr'><em>Αἰγύ-</em></span> 
     </span>
    </p>
   </div>
   <div class='ocr_carea' id='block_1_8' title="bbox 410 1385 1542 3243">
    <p class='ocr_par' dir='ltr' id='par_1_8' title="bbox 440 1385 1529 1509">
     <span class='ocr_line' id='line_1_11' title="bbox 440 1385 1529 1454; baseline -0.004 -15"><span class='ocrx_word' id='word_1_71' title='bbox 440 1388 795 1454; x_wconf 83' lang='lat' dir='ltr'><strong>explieemus,</strong></span> <span class='ocrx_word' id='word_1_72' title='bbox 852 1387 1079 1451; x_wconf 84' lang='lat' dir='ltr'><strong>impedit</strong></span> <span class='ocrx_word' id='word_1_73' title='bbox 1125 1387 1317 1452; x_wconf 86' lang='lat' dir='ltr'><strong>opinor</strong></span> <span class='ocrx_word' id='word_1_74' title='bbox 1362 1385 1529 1451; x_wconf 86' lang='lat' dir='ltr'><strong>parti-</strong></span> 
     </span>
     <span class='ocr_line' id='line_1_12' title="bbox 440 1452 683 1509; baseline -0.008 0"><span class='ocrx_word' id='word_1_75' title='bbox 440 1459 567 1509; x_wconf 84' lang='lat' dir='ltr'><strong>cula</strong></span> <span class='ocrx_word' id='word_1_76' title='bbox 603 1452 683 1507; x_wconf 80' lang='grc' dir='ltr'><strong>δέ.</strong></span> 
     </span>
    </p>

    <p class='ocr_par' dir='ltr' id='par_1_9' title="bbox 410 1515 1542 3243">
     <span class='ocr_line' id='line_1_13' title="bbox 508 1515 1528 1589; baseline -0.004 -15"><span class='ocrx_word' id='word_1_77' title='bbox 508 1518 649 1576; x_wconf 76' lang='grc' dir='ltr'><strong><em>ἀλλὰ</em></strong></span> <span class='ocrx_word' id='word_1_78' title='bbox 688 1516 796 1589; x_wconf 78' lang='grc' dir='ltr'><strong>τὴν</strong></span> <span class='ocrx_word' id='word_1_79' title='bbox 831 1517 1158 1588; x_wconf 77' lang='grc' dir='ltr'><strong><em>κατύπερθε</em></strong></span> <span class='ocrx_word' id='word_1_80' title='bbox 1200 1515 1342 1573; x_wconf 81' lang='grc' dir='ltr'><strong><em>ὁδὸν</em></strong></span> <span class='ocrx_word' id='word_1_81' title='bbox 1392 1522 1528 1572; x_wconf 82' lang='grc' dir='ltr'><strong><em>πολ-</em></strong></span> 
     </span>
     <span class='ocr_line' id='line_1_14' title="bbox 439 1583 1525 1674; baseline -0.005 -30"><span class='ocrx_word' id='word_1_82' title='bbox 439 1592 519 1664; x_wconf 77' lang='grc' dir='ltr'><strong>λῷ</strong></span> <span class='ocrx_word' id='word_1_83' title='bbox 552 1591 911 1674; x_wconf 79' lang='grc' dir='ltr'><strong><em>μακροτέρην</em></strong></span> <span class='ocrx_word' id='word_1_84' title='bbox 947 1583 1355 1657; x_wconf 75' lang='grc' dir='ltr'><strong><em>ἐκτραπόμενοι</em></strong></span> <span class='ocrx_word' id='word_1_85' title='bbox 1392 1608 1444 1641; x_wconf 78' lang='grc' dir='ltr'><strong>κ.</strong></span> <span class='ocrx_word' id='word_1_86' title='bbox 1481 1607 1525 1639; x_wconf 94' lang='grc' dir='ltr'><strong>τ.</strong></span> 
     </span>
     <span class='ocr_line' id='line_1_15' title="bbox 440 1655 1528 1729; baseline -0.003 -17"><span class='ocrx_word' id='word_1_87' title='bbox 440 1662 514 1729; x_wconf 89' lang='grc' dir='ltr'><strong>λ.]</strong></span> <span class='ocrx_word' id='word_1_88' title='bbox 577 1655 990 1728; x_wconf 75' lang='grc' dir='ltr'><strong><em>ἐκτραπομενοι</em></strong></span> <span class='ocrx_word' id='word_1_89' title='bbox 1048 1663 1265 1712; x_wconf 82' lang='lat' dir='ltr'><strong>brevius</strong></span> <span class='ocrx_word' id='word_1_90' title='bbox 1324 1662 1528 1712; x_wconf 88' lang='lat' dir='ltr'><strong>dictum</strong></span> 
     </span>
     <span class='ocr_line' id='line_1_16' title="bbox 440 1730 1530 1796; baseline -0.002 -13"><span class='ocrx_word' id='word_1_91' title='bbox 440 1733 544 1783; x_wconf 85' lang='lat' dir='ltr'><strong>hoc</strong></span> <span class='ocrx_word' id='word_1_92' title='bbox 578 1747 767 1782; x_wconf 86' lang='lat' dir='ltr'><strong>sensu:</strong></span> <span class='ocrx_word' id='word_1_93' title='bbox 805 1734 1167 1796; x_wconf 77' lang='lat' dir='ltr'><strong>„deflectentes</strong></span> <span class='ocrx_word' id='word_1_94' title='bbox 1194 1732 1263 1782; x_wconf 88' lang='lat' dir='ltr'><strong>ab</strong></span> <span class='ocrx_word' id='word_1_95' title='bbox 1291 1730 1385 1780; x_wconf 88' lang='lat' dir='ltr'><strong>illa</strong></span> <span class='ocrx_word' id='word_1_96' title='bbox 1411 1732 1530 1781; x_wconf 87' lang='lat' dir='ltr'><strong>bre·</strong></span> 
     </span>
     <span class='ocr_line' id='line_1_17' title="bbox 442 1799 1529 1866; baseline -0.003 -14"><span class='ocrx_word' id='word_1_97' title='bbox 442 1803 595 1852; x_wconf 77' lang='lat' dir='ltr'><strong>viore</strong></span> <span class='ocrx_word' id='word_1_98' title='bbox 615 1801 723 1863; x_wconf 86' lang='lat' dir='ltr'><strong>via,</strong></span> <span class='ocrx_word' id='word_1_99' title='bbox 747 1799 1017 1866; x_wconf 84' lang='lat' dir='ltr'><strong>aliamque</strong></span> <span class='ocrx_word' id='word_1_100' title='bbox 1036 1801 1366 1865; x_wconf 87' lang='lat' dir='ltr'><strong>superiorem</strong></span> <span class='ocrx_word' id='word_1_101' title='bbox 1386 1816 1529 1850; x_wconf 87' lang='lat' dir='ltr'><strong>eam-</strong></span> 
     </span>
     <span class='ocr_line' id='line_1_18' title="bbox 444 1870 1530 1936; baseline -0.003 -15"><span class='ocrx_word' id='word_1_102' title='bbox 444 1886 548 1936; x_wconf 88' lang='lat' dir='ltr'><strong>que</strong></span> <span class='ocrx_word' id='word_1_103' title='bbox 580 1870 748 1920; x_wconf 87' lang='lat' dir='ltr'><strong>multo</strong></span> <span class='ocrx_word' id='word_1_104' title='bbox 788 1870 1086 1934; x_wconf 79' lang='lat' dir='ltr'><strong>long-iorem</strong></span> <span class='ocrx_word' id='word_1_105' title='bbox 1119 1871 1397 1934; x_wconf 47' lang='lat' dir='ltr'><strong>ingres-sifi</strong></span> <span class='ocrx_word' id='word_1_106' title='bbox 1444 1870 1530 1919; x_wconf 88' lang='lat' dir='ltr'><strong>In-</strong></span> 
     </span>
     <span class='ocr_line' id='line_1_19' title="bbox 445 1939 1532 2005; baseline -0.004 -14"><span class='ocrx_word' id='word_1_107' title='bbox 445 1941 657 1991; x_wconf 82' lang='lat' dir='ltr'><strong>dicatur</strong></span> <span class='ocrx_word' id='word_1_108' title='bbox 693 1944 875 1989; x_wconf 85' lang='lat' dir='ltr'><strong>autem</strong></span> <span class='ocrx_word' id='word_1_109' title='bbox 911 1955 974 1988; x_wconf 86' lang='lat' dir='ltr'><strong>ea</strong></span> <span class='ocrx_word' id='word_1_110' title='bbox 1005 1940 1123 2001; x_wconf 82' lang='lat' dir='ltr'><strong>via,</strong></span> <span class='ocrx_word' id='word_1_111' title='bbox 1161 1956 1268 2005; x_wconf 87' lang='lat' dir='ltr'><strong>qua</strong></span> <span class='ocrx_word' id='word_1_112' title='bbox 1293 1939 1532 2003; x_wconf 78' lang='lat' dir='ltr'><strong>Scythae</strong></span> 
     </span>
     <span class='ocr_line' id='line_1_20' title="bbox 410 1999 1532 2072; baseline -0.001 -14"><span class='ocrx_word' id='word_1_113' title='bbox 410 1999 423 2018; x_wconf 74' lang='lat'><strong>⁹</strong></span> <span class='ocrx_word' id='word_1_114' title='bbox 443 2009 565 2059; x_wconf 82' lang='lat' dir='ltr'><strong>inde</strong></span> <span class='ocrx_word' id='word_1_115' title='bbox 608 2024 641 2058; x_wconf 87' lang='lat' dir='ltr'><strong>a</strong></span> <span class='ocrx_word' id='word_1_116' title='bbox 665 2008 939 2058; x_wconf 79' lang='lat' dir='ltr'><strong>Maeotide</strong></span> <span class='ocrx_word' id='word_1_117' title='bbox 961 2008 1159 2072; x_wconf 86' lang='lat' dir='ltr'><strong>palude</strong></span> <span class='ocrx_word' id='word_1_118' title='bbox 1184 2013 1334 2058; x_wconf 89' lang='lat' dir='ltr'><strong>recta</strong></span> <span class='ocrx_word' id='word_1_119' title='bbox 1358 2009 1532 2058; x_wconf 90' lang='lat' dir='ltr'><strong>orien-</strong></span> 
     </span>
     <span class='ocr_line' id='line_1_21' title="bbox 444 2078 1531 2141; baseline -0.002 -13"><span class='ocrx_word' id='word_1_120' title='bbox 444 2083 555 2128; x_wconf 87' lang='lat' dir='ltr'><strong>tem</strong></span> <span class='ocrx_word' id='word_1_121' title='bbox 581 2092 773 2127; x_wconf 76' lang='lat' dir='ltr'><strong>versus</strong></span> <span class='ocrx_word' id='word_1_122' title='bbox 798 2079 1056 2141; x_wconf 83' lang='lat' dir='ltr'><strong>profecti,</strong></span> <span class='ocrx_word' id='word_1_123' title='bbox 1080 2078 1326 2127; x_wconf 79' lang='lat' dir='ltr'><strong>Caucaso</strong></span> <span class='ocrx_word' id='word_1_124' title='bbox 1350 2081 1531 2127; x_wconf 89' lang='lat' dir='ltr'><strong>monte</strong></span> 
     </span>
     <span class='ocr_line' id='line_1_22' title="bbox 448 2146 1532 2206; baseline -0.003 -9"><span class='ocrx_word' id='word_1_125' title='bbox 448 2147 520 2197; x_wconf 83' lang='lat' dir='ltr'><strong>ad</strong></span> <span class='ocrx_word' id='word_1_126' title='bbox 554 2146 800 2195; x_wconf 81' lang='lat' dir='ltr'><strong>dextram</strong></span> <span class='ocrx_word' id='word_1_127' title='bbox 846 2146 1067 2206; x_wconf 86' lang='lat' dir='ltr'><strong>relicto,</strong></span> <span class='ocrx_word' id='word_1_128' title='bbox 1124 2146 1248 2194; x_wconf 89' lang='lat' dir='ltr'><strong>dein</strong></span> <span class='ocrx_word' id='word_1_129' title='bbox 1285 2147 1532 2196; x_wconf 82' lang='lat' dir='ltr'><strong>occiden-</strong></span> 
     </span>
     <span class='ocr_line' id='line_1_23' title="bbox 448 2213 1532 2279; baseline -0.001 -14"><span class='ocrx_word' id='word_1_130' title='bbox 448 2213 558 2265; x_wconf 82' lang='lat' dir='ltr'><strong>tale</strong></span> <span class='ocrx_word' id='word_1_131' title='bbox 595 2214 781 2279; x_wconf 78' lang='lat' dir='ltr'>Caspii</span> <span class='ocrx_word' id='word_1_132' title='bbox 816 2216 978 2263; x_wconf 87' lang='lat' dir='ltr'><strong>maris</strong></span> <span class='ocrx_word' id='word_1_133' title='bbox 1014 2213 1146 2263; x_wconf 88' lang='lat' dir='ltr'><strong>litus</strong></span> <span class='ocrx_word' id='word_1_134' title='bbox 1182 2213 1422 2278; x_wconf 84' lang='lat' dir='ltr'><strong>legentes</strong></span> <span class='ocrx_word' id='word_1_135' title='bbox 1460 2215 1532 2265; x_wconf 85' lang='lat' dir='ltr'><strong>ad</strong></span> 
     </span>
     <span class='ocr_line' id='line_1_24' title="bbox 448 2283 1534 2348; baseline -0.002 -14"><span class='ocrx_word' id='word_1_136' title='bbox 448 2284 648 2348; x_wconf 80' lang='lat' dir='ltr'>Cyrum</span> <span class='ocrx_word' id='word_1_137' title='bbox 674 2298 847 2347; x_wconf 87' lang='lat' dir='ltr'><strong>usque</strong></span> <span class='ocrx_word' id='word_1_138' title='bbox 883 2284 937 2331; x_wconf 92' lang='lat' dir='ltr'><strong>in</strong></span> <span class='ocrx_word' id='word_1_139' title='bbox 964 2298 1114 2332; x_wconf 86' lang='lat' dir='ltr'><strong>mare</strong></span> <span class='ocrx_word' id='word_1_140' title='bbox 1139 2283 1285 2333; x_wconf 84' lang='lat' dir='ltr'><strong>istud</strong></span> <span class='ocrx_word' id='word_1_141' title='bbox 1311 2283 1534 2332; x_wconf 86' lang='lat' dir='ltr'><strong>influen-</strong></span> 
     </span>
     <span class='ocr_line' id='line_1_25' title="bbox 447 2352 1534 2417; baseline -0.001 -15"><span class='ocrx_word' id='word_1_142' title='bbox 447 2358 556 2403; x_wconf 88' lang='lat' dir='ltr'><strong>tem</strong></span> <span class='ocrx_word' id='word_1_143' title='bbox 575 2389 589 2414; x_wconf 93' lang='lat'>,</span> <span class='ocrx_word' id='word_1_144' title='bbox 626 2367 722 2417; x_wconf 89' lang='lat' dir='ltr'><strong>per</strong></span> <span class='ocrx_word' id='word_1_145' title='bbox 748 2352 975 2416; x_wconf 82' lang='lat' dir='ltr'><strong>Caspias</strong></span> <span class='ocrx_word' id='word_1_146' title='bbox 1013 2356 1199 2415; x_wconf 83' lang='lat' dir='ltr'><strong>portas</strong></span> <span class='ocrx_word' id='word_1_147' title='bbox 1223 2353 1278 2400; x_wconf 88' lang='lat' dir='ltr'><strong>in</strong></span> <span class='ocrx_word' id='word_1_148' title='bbox 1299 2353 1534 2401; x_wconf 82' lang='lat' dir='ltr'><strong>Mediam</strong></span> 
     </span>
     <span class='ocr_line' id='line_1_26' title="bbox 449 2421 1535 2486; baseline -0.003 -14"><span class='ocrx_word' id='word_1_149' title='bbox 449 2423 773 2486; x_wconf 85' lang='lat' dir='ltr'><strong>irruperunt.</strong></span> <span class='ocrx_word' id='word_1_150' title='bbox 871 2421 1045 2481; x_wconf 82' lang='lat' dir='ltr'><strong>Quam</strong></span> <span class='ocrx_word' id='word_1_151' title='bbox 1102 2421 1329 2470; x_wconf 87' lang='lat' dir='ltr'><strong>eandem</strong></span> <span class='ocrx_word' id='word_1_152' title='bbox 1391 2421 1535 2470; x_wconf 86' lang='lat' dir='ltr'><strong>viam</strong></span> 
     </span>
     <span class='ocr_line' id='line_1_27' title="bbox 449 2488 1536 2557; baseline -0.003 -16"><span class='ocrx_word' id='word_1_153' title='bbox 449 2494 576 2557; x_wconf 88' lang='lat' dir='ltr'><strong>post</strong></span> <span class='ocrx_word' id='word_1_154' title='bbox 623 2489 811 2539; x_wconf 83' lang='lat' dir='ltr'><strong>Hunni</strong></span> <span class='ocrx_word' id='word_1_155' title='bbox 858 2495 912 2539; x_wconf 88' lang='lat' dir='ltr'><strong>et</strong></span> <span class='ocrx_word' id='word_1_156' title='bbox 959 2488 1100 2540; x_wconf 89' lang='lat' dir='ltr'><strong>aliae</strong></span> <span class='ocrx_word' id='word_1_157' title='bbox 1150 2505 1363 2555; x_wconf 89' lang='lat' dir='ltr'><strong>quoque</strong></span> <span class='ocrx_word' id='word_1_158' title='bbox 1410 2505 1536 2553; x_wconf 81' lang='lat' dir='ltr'><strong>gen-</strong></span> 
     </span>
     <span class='ocr_line' id='line_1_28' title="bbox 450 2558 1538 2625; baseline -0.004 -14"><span class='ocrx_word' id='word_1_159' title='bbox 450 2566 535 2611; x_wconf 86' lang='lat' dir='ltr'><strong>tes</strong></span> <span class='ocrx_word' id='word_1_160' title='bbox 571 2558 809 2625; x_wconf 78' lang='lat' dir='ltr'><strong>ingressi</strong></span> <span class='ocrx_word' id='word_1_161' title='bbox 841 2559 1122 2620; x_wconf 80' lang='lat' dir='ltr'><strong>dicuntur,</strong></span> <span class='ocrx_word' id='word_1_162' title='bbox 1171 2574 1294 2608; x_wconf 88' lang='lat' dir='ltr'><strong>cum</strong></span> <span class='ocrx_word' id='word_1_163' title='bbox 1332 2560 1388 2607; x_wconf 88' lang='lat' dir='ltr'><strong>in</strong></span> <span class='ocrx_word' id='word_1_164' title='bbox 1425 2559 1538 2608; x_wconf 84' lang='lat' dir='ltr'><strong>Me·</strong></span> 
     </span>
     <span class='ocr_line' id='line_1_29' title="bbox 451 2628 1535 2693; baseline -0.003 -14"><span class='ocrx_word' id='word_1_165' title='bbox 451 2628 598 2680; x_wconf 80' lang='lat' dir='ltr'><strong>diam</strong></span> <span class='ocrx_word' id='word_1_166' title='bbox 632 2628 1017 2693; x_wconf 86' lang='lat' dir='ltr'><strong>Persidemque</strong></span> <span class='ocrx_word' id='word_1_167' title='bbox 1052 2628 1419 2689; x_wconf 78' lang='lat' dir='ltr'><strong>incursarent,</strong></span> <span class='ocrx_word' id='word_1_168' title='bbox 1471 2642 1535 2677; x_wconf 89' lang='lat' dir='ltr'><strong>ac</strong></span> 
     </span>
     <span class='ocr_line' id='line_1_30' title="bbox 451 2696 1536 2760; baseline -0.002 -12"><span class='ocrx_word' id='word_1_169' title='bbox 451 2699 742 2749; x_wconf 79' lang='lat' dir='ltr'><strong>recentiori</strong></span> <span class='ocrx_word' id='word_1_170' title='bbox 767 2703 946 2748; x_wconf 86' lang='lat' dir='ltr'><strong>aetate</strong></span> <span class='ocrx_word' id='word_1_171' title='bbox 972 2700 1167 2748; x_wconf 87' lang='lat' dir='ltr'><strong>Petrus</strong></span> <span class='ocrx_word' id='word_1_172' title='bbox 1193 2712 1420 2760; x_wconf 86' lang='lat' dir='ltr'><strong>magnus</strong></span> <span class='ocrx_word' id='word_1_173' title='bbox 1448 2696 1536 2746; x_wconf 87' lang='lat' dir='ltr'><strong>ille</strong></span> 
     </span>
     <span class='ocr_line' id='line_1_31' title="bbox 449 2766 1539 2832; baseline -0.004 -14"><span class='ocrx_word' id='word_1_174' title='bbox 449 2769 748 2819; x_wconf 79' lang='lat' dir='ltr'><strong>Bassorum</strong></span> <span class='ocrx_word' id='word_1_175' title='bbox 787 2768 1078 2832; x_wconf 87' lang='lat' dir='ltr'><strong>imperator</strong></span> <span class='ocrx_word' id='word_1_176' title='bbox 1114 2766 1218 2815; x_wconf 89' lang='lat' dir='ltr'><strong>hac</strong></span> <span class='ocrx_word' id='word_1_177' title='bbox 1253 2767 1345 2815; x_wconf 81' lang='lat' dir='ltr'><strong>via</strong></span> <span class='ocrx_word' id='word_1_178' title='bbox 1369 2770 1539 2814; x_wconf 87' lang='lat' dir='ltr'><strong>teten-</strong></span> 
     </span>
     <span class='ocr_line' id='line_1_32' title="bbox 453 2835 1540 2901; baseline -0.005 -14"><span class='ocrx_word' id='word_1_179' title='bbox 453 2837 560 2898; x_wconf 81' lang='lat' dir='ltr'><strong>dit,</strong></span> <span class='ocrx_word' id='word_1_180' title='bbox 607 2835 844 2901; x_wconf 88' lang='lat' dir='ltr'><strong>litusque</strong></span> <span class='ocrx_word' id='word_1_181' title='bbox 887 2836 1021 2886; x_wconf 87' lang='lat' dir='ltr'><strong>illud</strong></span> <span class='ocrx_word' id='word_1_182' title='bbox 1069 2841 1389 2900; x_wconf 85' lang='lat' dir='ltr'><strong>angustum,</strong></span> <span class='ocrx_word' id='word_1_183' title='bbox 1446 2851 1540 2898; x_wconf 90' lang='lat' dir='ltr'><strong>per</strong></span> 
     </span>
     <span class='ocr_line' id='line_1_33' title="bbox 453 2904 1540 2971; baseline -0.004 -16"><span class='ocrx_word' id='word_1_184' title='bbox 453 2906 598 2971; x_wconf 87' lang='lat' dir='ltr'><strong>quod</strong></span> <span class='ocrx_word' id='word_1_185' title='bbox 633 2907 737 2955; x_wconf 88' lang='lat' dir='ltr'><strong>iter</strong></span> <span class='ocrx_word' id='word_1_186' title='bbox 775 2906 926 2955; x_wconf 87' lang='lat' dir='ltr'><strong>ducit</strong></span> <span class='ocrx_word' id='word_1_187' title='bbox 964 2905 1032 2955; x_wconf 90' lang='lat' dir='ltr'><strong>ab</strong></span> <span class='ocrx_word' id='word_1_188' title='bbox 1067 2919 1176 2953; x_wconf 89' lang='lat' dir='ltr'><strong>una</strong></span> <span class='ocrx_word' id='word_1_189' title='bbox 1198 2909 1350 2968; x_wconf 85' lang='lat' dir='ltr'><strong>parte</strong></span> <span class='ocrx_word' id='word_1_190' title='bbox 1385 2904 1540 2965; x_wconf 88' lang='lat' dir='ltr'><strong>mari,</strong></span> 
     </span>
     <span class='ocr_line' id='line_1_34' title="bbox 452 2971 1541 3033; baseline -0.006 -8"><span class='ocrx_word' id='word_1_191' title='bbox 452 2975 523 3025; x_wconf 90' lang='lat' dir='ltr'><strong>ab</strong></span> <span class='ocrx_word' id='word_1_192' title='bbox 561 2973 736 3024; x_wconf 86' lang='lat' dir='ltr'><strong>altera</strong></span> <span class='ocrx_word' id='word_1_193' title='bbox 771 2974 1046 3023; x_wconf 83' lang='lat' dir='ltr'><strong>montibus</strong></span> <span class='ocrx_word' id='word_1_194' title='bbox 1093 2972 1220 3022; x_wconf 82' lang='lat' dir='ltr'><strong>altis</strong></span> <span class='ocrx_word' id='word_1_195' title='bbox 1257 2971 1541 3033; x_wconf 86' lang='lat' dir='ltr'><strong>inclusum,</strong></span> 
     </span>
     <span class='ocr_line' id='line_1_35' title="bbox 454 3039 1541 3094; baseline -0.004 0"><span class='ocrx_word' id='word_1_196' title='bbox 454 3042 650 3094; x_wconf 84' lang='lat' dir='ltr'><strong>ditioni</strong></span> <span class='ocrx_word' id='word_1_197' title='bbox 677 3058 810 3092; x_wconf 85' lang='lat' dir='ltr'><strong>suae</strong></span> <span class='ocrx_word' id='word_1_198' title='bbox 834 3044 1056 3092; x_wconf 85' lang='lat' dir='ltr'><strong>adiecit.</strong></span> <span class='ocrx_word' id='word_1_199' title='bbox 1109 3042 1266 3090; x_wconf 90' lang='lat' dir='ltr'><strong>Nunc</strong></span> <span class='ocrx_word' id='word_1_200' title='bbox 1301 3039 1413 3090; x_wconf 89' lang='lat' dir='ltr'><strong>illic</strong></span> <span class='ocrx_word' id='word_1_201' title='bbox 1448 3056 1541 3090; x_wconf 92' lang='lat' dir='ltr'><strong>no-</strong></span> 
     </span>
     <span class='ocr_line' id='line_1_36' title="bbox 453 3110 1541 3176; baseline -0.006 -14"><span class='ocrx_word' id='word_1_202' title='bbox 453 3112 703 3163; x_wconf 87' lang='lat' dir='ltr'><strong>bilitatae</strong></span> <span class='ocrx_word' id='word_1_203' title='bbox 729 3112 934 3174; x_wconf 78' lang='lat' dir='ltr'><strong>fauces,</strong></span> <span class='ocrx_word' id='word_1_204' title='bbox 975 3111 1169 3176; x_wconf 88' lang='lat' dir='ltr'><strong>quibus</strong></span> <span class='ocrx_word' id='word_1_205' title='bbox 1189 3125 1383 3160; x_wconf 86' lang='lat' dir='ltr'><strong>nomen</strong></span> <span class='ocrx_word' id='word_1_206' title='bbox 1407 3110 1541 3159; x_wconf 85' lang='lat' dir='ltr'><strong>Der-</strong></span> 
     </span>
     <span class='ocr_line' id='line_1_37' title="bbox 455 3178 1542 3243; baseline -0.004 -11"><span class='ocrx_word' id='word_1_207' title='bbox 455 3182 601 3232; x_wconf 82' lang='lat' dir='ltr'><strong>bend.</strong></span> <span class='ocrx_word' id='word_1_208' title='bbox 676 3180 781 3230; x_wconf 87' lang='lat' dir='ltr'><strong>Sed</strong></span> <span class='ocrx_word' id='word_1_209' title='bbox 820 3180 887 3230; x_wconf 85' lang='lat' dir='ltr'><strong>de</strong></span> <span class='ocrx_word' id='word_1_210' title='bbox 921 3181 1004 3230; x_wconf 87' lang='lat' dir='ltr'><strong>his</strong></span> <span class='ocrx_word' id='word_1_211' title='bbox 1032 3179 1279 3230; x_wconf 86' lang='lat' dir='ltr'><strong>omnibus</strong></span> <span class='ocrx_word' id='word_1_212' title='bbox 1312 3178 1542 3243; x_wconf 87' lang='lat' dir='ltr'><strong>plurima</strong></span> 
     </span>
    </p>
   </div>
   <div class='ocr_carea' id='block_1_9' title="bbox 453 3248 1546 3314">
    <p class='ocr_par' dir='ltr' id='par_1_10' title="bbox 453 3248 1546 3314">
     <span class='ocr_line' id='line_1_38' title="bbox 453 3248 1546 3314; baseline -0.005 -11"><span class='ocrx_word' id='word_1_213' title='bbox 453 3254 712 3302; x_wconf 85' lang='lat' dir='ltr'><strong>accurate</strong></span> <span class='ocrx_word' id='word_1_214' title='bbox 757 3248 1042 3314; x_wconf 85' lang='lat' dir='ltr'><strong>disputans</strong></span> <span class='ocrx_word' id='word_1_215' title='bbox 1079 3248 1395 3299; x_wconf 83' lang='lat' dir='ltr'><strong>consulatur</strong></span> <span class='ocrx_word' id='word_1_216' title='bbox 1431 3249 1546 3298; x_wconf 83' lang='lat' dir='ltr'><strong>Rit-</strong></span> 
     </span>
    </p>
   </div>
   <div class='ocr_carea' id='block_1_10' title="bbox 455 3319 1544 3384">
    <p class='ocr_par' dir='ltr' id='par_1_11' title="bbox 455 3319 1544 3384">
     <span class='ocr_line' id='line_1_39' title="bbox 455 3319 1544 3384; baseline -0.004 -13"><span class='ocrx_word' id='word_1_217' title='bbox 455 3320 847 3372; x_wconf 84' lang='lat' dir='ltr'><strong>terErdkunde</strong></span> <span class='ocrx_word' id='word_1_218' title='bbox 874 3320 950 3370; x_wconf 91' lang='grc' dir='ltr'><strong>ΙΙ.</strong></span> <span class='ocrx_word' id='word_1_219' title='bbox 977 3336 1030 3384; x_wconf 87' lang='lat' dir='ltr'><strong>p.</strong></span> <span class='ocrx_word' id='word_1_220' title='bbox 1056 3319 1153 3369; x_wconf 84' lang='grc'><strong>861</strong></span> <span class='ocrx_word' id='word_1_221' title='bbox 1179 3334 1414 3382; x_wconf 83' lang='lat' dir='ltr'><strong>seqq.--</strong></span> <span class='ocrx_word' id='word_1_222' title='bbox 1437 3319 1544 3367; x_wconf 90' lang='lat' dir='ltr'><strong>Pro</strong></span> 
     </span>
    </p>
   </div>
   <div class='ocr_carea' id='block_1_11' title="bbox 456 3380 1546 3456">
    <p class='ocr_par' dir='ltr' id='par_1_12' title="bbox 456 3380 1546 3456">
     <span class='ocr_line' id='line_1_40' title="bbox 456 3380 1546 3456; baseline -0.004 -15"><span class='ocrx_word' id='word_1_223' title='bbox 456 3380 765 3456; x_wconf 57' lang='grc' dir='ltr'><strong><em>τοὶς-,ὄρος</em></strong></span> <span class='ocrx_word' id='word_1_224' title='bbox 803 3405 925 3440; x_wconf 88' lang='lat' dir='ltr'><strong>cum</strong></span> <span class='ocrx_word' id='word_1_225' title='bbox 971 3388 1143 3438; x_wconf 86' lang='lat' dir='ltr'><strong>Bekk.</strong></span> <span class='ocrx_word' id='word_1_226' title='bbox 1188 3387 1422 3453; x_wconf 88' lang='lat' dir='ltr'><strong>aliisque</strong></span> <span class='ocrx_word' id='word_1_227' title='bbox 1467 3403 1546 3437; x_wconf 89' lang='lat' dir='ltr'><strong>re·</strong></span> 
     </span>
    </p>
   </div>
   <div class='ocr_carea' id='block_1_12' title="bbox 457 3451 1315 3527">
    <p class='ocr_par' dir='ltr' id='par_1_13' title="bbox 457 3451 1315 3527">
     <span class='ocr_line' id='line_1_41' title="bbox 457 3451 1315 3527; baseline -0.006 -15"><span class='ocrx_word' id='word_1_228' title='bbox 457 3461 653 3527; x_wconf 81' lang='lat' dir='ltr'><strong>scripsi</strong></span> <span class='ocrx_word' id='word_1_229' title='bbox 692 3451 893 3525; x_wconf 73' lang='grc' dir='ltr'><strong><em>οὖροςς</em></strong></span> <span class='ocrx_word' id='word_1_230' title='bbox 934 3459 1005 3508; x_wconf 87' lang='lat' dir='ltr'><strong>cf.</strong></span> <span class='ocrx_word' id='word_1_231' title='bbox 1047 3457 1117 3507; x_wconf 86' lang='lat' dir='ltr'><strong>ad</strong></span> <span class='ocrx_word' id='word_1_232' title='bbox 1152 3458 1229 3521; x_wconf 87' lang='grc' dir='ltr'><strong>ΙΙ,</strong></span> <span class='ocrx_word' id='word_1_233' title='bbox 1264 3459 1315 3507; x_wconf 86' lang='grc'><strong>6.</strong></span> 
     </span>
    </p>
   </div>
   <div class='ocr_carea' id='block_1_13' title="bbox 857 3631 1139 3681">
    <p class='ocr_par' dir='ltr' id='par_1_14' title="bbox 857 3631 1139 3681">
     <span class='ocr_line' id='line_1_42' title="bbox 857 3631 1139 3681; baseline 0 0"><span class='ocrx_word' id='word_1_234' title='bbox 857 3632 989 3681; x_wconf 63' lang='lat' dir='ltr'><strong>Cu.</strong></span> <span class='ocrx_word' id='word_1_235' title='bbox 1028 3631 1139 3681; x_wconf 85' lang='lat' dir='ltr'><strong>CV.</strong></span> 
     </span>
    </p>
   </div>
   <div class='ocr_carea' id='block_1_14' title="bbox 458 3717 1546 3937">
    <p class='ocr_par' dir='ltr' id='par_1_15' title="bbox 458 3717 1546 3937">
     <span class='ocr_line' id='line_1_43' title="bbox 515 3717 1546 3816; baseline -0.005 -32"><span class='ocrx_word' id='word_1_236' title='bbox 515 3726 822 3816; x_wconf 41' lang='grc' dir='ltr'><strong><em>Ἐντθεῦτεν</em></strong></span> <span class='ocrx_word' id='word_1_237' title='bbox 852 3729 915 3784; x_wconf 73' lang='grc' dir='ltr'><strong>δὲ</strong></span> <span class='ocrx_word' id='word_1_238' title='bbox 942 3724 1135 3800; x_wconf 81' lang='grc' dir='ltr'><strong><em>ἤϊσαν]</em></strong></span> <span class='ocrx_word' id='word_1_239' title='bbox 1188 3733 1366 3798; x_wconf 83' lang='lat' dir='ltr'><strong>Vulgo</strong></span> <span class='ocrx_word' id='word_1_240' title='bbox 1401 3717 1546 3799; x_wconf 81' lang='grc' dir='ltr'><strong><em>ᾖσαν</em></strong></span> 
     </span>
     <span class='ocr_line' id='line_1_44' title="bbox 458 3804 1258 3868; baseline -0.005 -12"><span class='ocrx_word' id='word_1_241' title='bbox 458 3809 554 3856; x_wconf 88' lang='lat' dir='ltr'><strong>aut</strong></span> <span class='ocrx_word' id='word_1_242' title='bbox 588 3819 754 3868; x_wconf 87' lang='grc' dir='ltr'><strong><em>ησαν.</em></strong></span> <span class='ocrx_word' id='word_1_243' title='bbox 829 3805 914 3854; x_wconf 82' lang='lat' dir='ltr'><strong>Cf.</strong></span> <span class='ocrx_word' id='word_1_244' title='bbox 960 3805 1010 3866; x_wconf 85' lang='grc' dir='ltr'><strong>Ι,</strong></span> <span class='ocrx_word' id='word_1_245' title='bbox 1044 3804 1130 3855; x_wconf 87' lang='grc'><strong>43.</strong></span> <span class='ocrx_word' id='word_1_246' title='bbox 1172 3805 1258 3854; x_wconf 79' lang='grc'><strong>62.</strong></span> 
     </span>
     <span class='ocr_line' id='line_1_45' title="bbox 529 3865 1538 3937; baseline -0.005 -16"><span class='ocrx_word' id='word_1_247' title='bbox 529 3866 656 3921; x_wconf 75' lang='grc' dir='ltr'><strong><em>ἐπεί</em></strong></span> <span class='ocrx_word' id='word_1_248' title='bbox 695 3887 750 3921; x_wconf 85' lang='grc' dir='ltr'><strong>τε</strong></span> <span class='ocrx_word' id='word_1_249' title='bbox 802 3866 1064 3937; x_wconf 79' lang='grc' dir='ltr'><strong><em>ἐγένοντο</em></strong></span> <span class='ocrx_word' id='word_1_250' title='bbox 1110 3865 1170 3921; x_wconf 78' lang='grc' dir='ltr'><strong>ἐν</strong></span> <span class='ocrx_word' id='word_1_251' title='bbox 1208 3870 1278 3936; x_wconf 89' lang='grc' dir='ltr'><strong>τῇ</strong></span> <span class='ocrx_word' id='word_1_252' title='bbox 1329 3869 1538 3919; x_wconf 76' lang='grc' dir='ltr'><strong><em>Παλαι-</em></strong></span> 
     </span>
    </p>
   </div>
   <div class='ocr_carea' id='block_1_15' title="bbox 373 3939 1544 4015">
    <p class='ocr_par' dir='ltr' id='par_1_16' title="bbox 373 3939 1544 4015">
     <span class='ocr_line' id='line_1_46' title="bbox 373 3939 1544 4015; baseline -0.005 -23"><span class='ocrx_word' id='word_1_253' title='bbox 373 4005 383 4015; x_wconf 51' lang='grc'>-</span> <span class='ocrx_word' id='word_1_254' title='bbox 456 3939 619 4006; x_wconf 81' lang='grc' dir='ltr'><strong><em>στίνῃ</em></strong></span> <span class='ocrx_word' id='word_1_255' title='bbox 657 3939 866 4007; x_wconf 71' lang='grc' dir='ltr'><strong><em>Συρίῃ]</em></strong></span> <span class='ocrx_word' id='word_1_256' title='bbox 913 3943 997 3989; x_wconf 91' lang='lat' dir='ltr'><strong>De</strong></span> <span class='ocrx_word' id='word_1_257' title='bbox 1033 3940 1347 3991; x_wconf 84' lang='lat' dir='ltr'><strong>Palaestina</strong></span> <span class='ocrx_word' id='word_1_258' title='bbox 1384 3939 1544 4004; x_wconf 80' lang='lat' dir='ltr'><strong>Syria</strong></span> 
     </span>
    </p>
   </div>
   <div class='ocr_carea' id='block_1_16' title="bbox 455 4009 1546 4491">
    <p class='ocr_par' dir='ltr' id='par_1_17' title="bbox 455 4009 1546 4491">
     <span class='ocr_line' id='line_1_47' title="bbox 457 4009 1543 4074; baseline -0.002 -14"><span class='ocrx_word' id='word_1_259' title='bbox 457 4010 703 4074; x_wconf 78' lang='lat' dir='ltr'><strong>inprimis</strong></span> <span class='ocrx_word' id='word_1_260' title='bbox 750 4025 986 4073; x_wconf 88' lang='lat' dir='ltr'><strong>compar.</strong></span> <span class='ocrx_word' id='word_1_261' title='bbox 1033 4009 1147 4070; x_wconf 86' lang='lat'>111,</span> <span class='ocrx_word' id='word_1_262' title='bbox 1187 4013 1238 4061; x_wconf 81' lang='lat'><strong>5.</strong></span> <span class='ocrx_word' id='word_1_263' title='bbox 1285 4009 1422 4067; x_wconf 86' lang='lat' dir='ltr'>v11,</span> <span class='ocrx_word' id='word_1_264' title='bbox 1475 4009 1543 4058; x_wconf 76' lang='lat'><strong>89</strong></span> 
     </span>
     <span class='ocr_line' id='line_1_48' title="bbox 458 4077 1546 4141; baseline -0.003 -13"><span class='ocrx_word' id='word_1_265' title='bbox 458 4077 707 4141; x_wconf 83' lang='lat' dir='ltr'><strong>aliosque</strong></span> <span class='ocrx_word' id='word_1_266' title='bbox 758 4078 910 4127; x_wconf 89' lang='lat' dir='ltr'><strong>locos</strong></span> <span class='ocrx_word' id='word_1_267' title='bbox 963 4077 1216 4126; x_wconf 83' lang='lat' dir='ltr'><strong>laudatos</strong></span> <span class='ocrx_word' id='word_1_268' title='bbox 1272 4093 1304 4127; x_wconf 89' lang='lat' dir='ltr'><strong>a</strong></span> <span class='ocrx_word' id='word_1_269' title='bbox 1357 4077 1546 4127; x_wconf 88' lang='lat' dir='ltr'><strong>Biller-</strong></span> 
     </span>
     <span class='ocr_line' id='line_1_49' title="bbox 457 4146 1545 4210; baseline -0.003 -12"><span class='ocrx_word' id='word_1_270' title='bbox 457 4147 617 4198; x_wconf 86' lang='lat' dir='ltr'><strong>beck.</strong></span> <span class='ocrx_word' id='word_1_271' title='bbox 661 4147 716 4194; x_wconf 89' lang='lat' dir='ltr'><strong>in</strong></span> <span class='ocrx_word' id='word_1_272' title='bbox 751 4147 900 4195; x_wconf 76' lang='lat' dir='ltr'><strong>Dies.</strong></span> <span class='ocrx_word' id='word_1_273' title='bbox 941 4146 1008 4195; x_wconf 89' lang='lat' dir='ltr'><strong>de</strong></span> <span class='ocrx_word' id='word_1_274' title='bbox 1052 4147 1342 4210; x_wconf 87' lang='lat' dir='ltr'><strong>quibusdd.</strong></span> <span class='ocrx_word' id='word_1_275' title='bbox 1380 4147 1545 4195; x_wconf 82' lang='lat' dir='ltr'><strong>Asiae</strong></span> 
     </span>
     <span class='ocr_line' id='line_1_50' title="bbox 457 4213 1543 4279; baseline -0.003 -13"><span class='ocrx_word' id='word_1_276' title='bbox 457 4216 747 4267; x_wconf 75' lang='lat' dir='ltr'><strong>Herodott.</strong></span> <span class='ocrx_word' id='word_1_277' title='bbox 817 4213 1042 4263; x_wconf 83' lang='lat' dir='ltr'><strong>diffieill.</strong></span> <span class='ocrx_word' id='word_1_278' title='bbox 1101 4230 1229 4279; x_wconf 66' lang='lat' dir='ltr'><strong>pag.</strong></span> <span class='ocrx_word' id='word_1_279' title='bbox 1289 4216 1340 4264; x_wconf 78' lang='grc'><strong>4.</strong></span> <span class='ocrx_word' id='word_1_280' title='bbox 1437 4215 1543 4276; x_wconf 82' lang='lat' dir='ltr'><strong>Qui</strong></span> 
     </span>
     <span class='ocr_line' id='line_1_51' title="bbox 455 4282 1542 4346; baseline -0.003 -11"><span class='ocrx_word' id='word_1_281' title='bbox 455 4287 600 4335; x_wconf 84' lang='lat' dir='ltr'><strong>idem</strong></span> <span class='ocrx_word' id='word_1_282' title='bbox 639 4283 871 4334; x_wconf 88' lang='lat' dir='ltr'><strong>nominis</strong></span> <span class='ocrx_word' id='word_1_283' title='bbox 913 4298 1029 4333; x_wconf 86' lang='lat' dir='ltr'><strong>eam</strong></span> <span class='ocrx_word' id='word_1_284' title='bbox 1069 4284 1225 4334; x_wconf 81' lang='lat' dir='ltr'><strong>affert</strong></span> <span class='ocrx_word' id='word_1_285' title='bbox 1259 4282 1542 4346; x_wconf 84' lang='lat' dir='ltr'><strong>rationem,</strong></span> 
     </span>
     <span class='ocr_line' id='line_1_52' title="bbox 458 4352 1541 4419; baseline -0.001 -14"><span class='ocrx_word' id='word_1_286' title='bbox 458 4353 604 4419; x_wconf 84' lang='lat' dir='ltr'><strong>quod</strong></span> <span class='ocrx_word' id='word_1_287' title='bbox 647 4353 967 4404; x_wconf 86' lang='lat' dir='ltr'><strong>Palaestina</strong></span> <span class='ocrx_word' id='word_1_288' title='bbox 1021 4353 1209 4418; x_wconf 79' lang='lat' dir='ltr'><strong>Syriae</strong></span> <span class='ocrx_word' id='word_1_289' title='bbox 1259 4352 1365 4402; x_wconf 88' lang='lat' dir='ltr'><strong>fuit</strong></span> <span class='ocrx_word' id='word_1_290' title='bbox 1414 4367 1541 4416; x_wconf 87' lang='lat' dir='ltr'><strong>pars</strong></span> 
     </span>
     <span class='ocr_line' id='line_1_53' title="bbox 459 4422 1541 4491; baseline -0.002 -15"><span class='ocrx_word' id='word_1_291' title='bbox 459 4424 616 4491; x_wconf 88' lang='lat' dir='ltr'><strong>eique</strong></span> <span class='ocrx_word' id='word_1_292' title='bbox 665 4423 940 4476; x_wconf 75' lang='lat' dir='ltr'><strong>accenseri</strong></span> <span class='ocrx_word' id='word_1_293' title='bbox 986 4422 1177 4489; x_wconf 82' lang='lat' dir='ltr'><strong>solita,</strong></span> <span class='ocrx_word' id='word_1_294' title='bbox 1237 4423 1353 4475; x_wconf 85' lang='lat' dir='ltr'><strong>sive</strong></span> <span class='ocrx_word' id='word_1_295' title='bbox 1397 4423 1541 4487; x_wconf 89' lang='lat' dir='ltr'><strong>quod</strong></span> 
     </span>
    </p>
   </div>
   <div class='ocr_carea' id='block_1_17' title="bbox 1631 1378 2732 4422">
    <p class='ocr_par' dir='ltr' id='par_1_18' title="bbox 1631 1378 2726 2968">
     <span class='ocr_line' id='line_1_54' title="bbox 1632 1378 2715 1447; baseline -0.006 -13"><span class='ocrx_word' id='word_1_296' title='bbox 1632 1382 1775 1447; x_wconf 82' lang='lat' dir='ltr'><strong>Syrii</strong></span> <span class='ocrx_word' id='word_1_297' title='bbox 1856 1381 2229 1432; x_wconf 78' lang='lat' dir='ltr'><strong>Palaestinam</strong></span> <span class='ocrx_word' id='word_1_298' title='bbox 2319 1378 2715 1428; x_wconf 86' lang='lat' dir='ltr'><strong>inhabitarunt.</strong></span> 
     </span>
     <span class='ocr_line' id='line_1_55' title="bbox 1631 1448 2721 1517; baseline -0.005 -15"><span class='ocrx_word' id='word_1_299' title='bbox 1631 1453 1770 1502; x_wconf 87' lang='lat' dir='ltr'><strong>Nam</strong></span> <span class='ocrx_word' id='word_1_300' title='bbox 1817 1452 2095 1517; x_wconf 78' lang='lat' dir='ltr'><strong>syriorum</strong></span> <span class='ocrx_word' id='word_1_301' title='bbox 2142 1449 2466 1500; x_wconf 81' lang='lat' dir='ltr'><strong>vocabulum</strong></span> <span class='ocrx_word' id='word_1_302' title='bbox 2525 1448 2721 1498; x_wconf 87' lang='lat' dir='ltr'><strong>latiore</strong></span> 
     </span>
     <span class='ocr_line' id='line_1_56' title="bbox 1633 1519 2720 1584; baseline -0.004 -14"><span class='ocrx_word' id='word_1_303' title='bbox 1633 1537 1797 1570; x_wconf 88' lang='lat' dir='ltr'><strong>sensu</strong></span> <span class='ocrx_word' id='word_1_304' title='bbox 1830 1536 1864 1570; x_wconf 88' lang='lat' dir='ltr'><strong>a</strong></span> <span class='ocrx_word' id='word_1_305' title='bbox 1901 1521 2102 1570; x_wconf 83' lang='lat' dir='ltr'><strong>Nostro</strong></span> <span class='ocrx_word' id='word_1_306' title='bbox 2150 1519 2429 1584; x_wconf 86' lang='lat' dir='ltr'><strong>usurpari,</strong></span> <span class='ocrx_word' id='word_1_307' title='bbox 2479 1519 2587 1567; x_wconf 78' lang='lat' dir='ltr'><strong>iam</strong></span> <span class='ocrx_word' id='word_1_308' title='bbox 2634 1533 2720 1567; x_wconf 89' lang='lat' dir='ltr'><strong>sn-</strong></span> 
     </span>
     <span class='ocr_line' id='line_1_57' title="bbox 1631 1587 2718 1655; baseline -0.002 -16"><span class='ocrx_word' id='word_1_309' title='bbox 1631 1606 1728 1655; x_wconf 90' lang='lat' dir='ltr'><strong>pra</strong></span> <span class='ocrx_word' id='word_1_310' title='bbox 1764 1592 1835 1640; x_wconf 87' lang='lat' dir='ltr'><strong>ad</strong></span> <span class='ocrx_word' id='word_1_311' title='bbox 1871 1591 1917 1652; x_wconf 92' lang='lat'><strong>1,</strong></span> <span class='ocrx_word' id='word_1_312' title='bbox 1952 1590 2002 1641; x_wconf 89' lang='grc'><strong>6.</strong></span> <span class='ocrx_word' id='word_1_313' title='bbox 2040 1591 2105 1639; x_wconf 78' lang='lat'><strong>7‘.)</strong></span> <span class='ocrx_word' id='word_1_314' title='bbox 2142 1588 2472 1639; x_wconf 75' lang='lat' dir='ltr'><strong>notavimuS.</strong></span> <span class='ocrx_word' id='word_1_315' title='bbox 2527 1587 2718 1637; x_wconf 84' lang='lat' dir='ltr'><strong>Palae-</strong></span> 
     </span>
     <span class='ocr_line' id='line_1_58' title="bbox 1632 1657 2717 1710; baseline -0.005 -1"><span class='ocrx_word' id='word_1_316' title='bbox 1632 1660 1780 1709; x_wconf 88' lang='lat' dir='ltr'><strong>stina</strong></span> <span class='ocrx_word' id='word_1_317' title='bbox 1813 1665 1995 1710; x_wconf 86' lang='lat' dir='ltr'><strong>autem</strong></span> <span class='ocrx_word' id='word_1_318' title='bbox 2036 1659 2235 1708; x_wconf 87' lang='lat' dir='ltr'><strong>haecce</strong></span> <span class='ocrx_word' id='word_1_319' title='bbox 2276 1662 2422 1707; x_wconf 88' lang='lat' dir='ltr'><strong>terra</strong></span> <span class='ocrx_word' id='word_1_320' title='bbox 2459 1672 2523 1706; x_wconf 85' lang='lat' dir='ltr'><strong>ex</strong></span> <span class='ocrx_word' id='word_1_321' title='bbox 2550 1657 2717 1705; x_wconf 81' lang='lat' dir='ltr'><strong>Hero·</strong></span> 
     </span>
     <span class='ocr_line' id='line_1_59' title="bbox 1633 1726 2719 1779; baseline -0.004 0"><span class='ocrx_word' id='word_1_322' title='bbox 1633 1729 1751 1779; x_wconf 88' lang='lat' dir='ltr'><strong>doti</strong></span> <span class='ocrx_word' id='word_1_323' title='bbox 1786 1730 2057 1779; x_wconf 86' lang='lat' dir='ltr'><strong>sententia</strong></span> <span class='ocrx_word' id='word_1_324' title='bbox 2093 1728 2218 1777; x_wconf 86' lang='lat' dir='ltr'><strong>inde</strong></span> <span class='ocrx_word' id='word_1_325' title='bbox 2256 1743 2289 1777; x_wconf 86' lang='lat' dir='ltr'><strong>a</strong></span> <span class='ocrx_word' id='word_1_326' title='bbox 2326 1726 2595 1777; x_wconf 84' lang='lat' dir='ltr'><strong>Phoenice</strong></span> <span class='ocrx_word' id='word_1_327' title='bbox 2633 1742 2719 1776; x_wconf 89' lang='lat' dir='ltr'><strong>us-</strong></span> 
     </span>
     <span class='ocr_line' id='line_1_60' title="bbox 1633 1794 2719 1863; baseline -0.003 -15"><span class='ocrx_word' id='word_1_328' title='bbox 1633 1814 1738 1863; x_wconf 90' lang='lat' dir='ltr'><strong>que</strong></span> <span class='ocrx_word' id='word_1_329' title='bbox 1773 1798 1847 1847; x_wconf 82' lang='lat' dir='ltr'><strong>ad</strong></span> <span class='ocrx_word' id='word_1_330' title='bbox 1883 1801 2191 1862; x_wconf 73' lang='lat' dir='ltr'><strong>Aegyptum</strong></span> <span class='ocrx_word' id='word_1_331' title='bbox 2229 1796 2496 1861; x_wconf 84' lang='lat' dir='ltr'><strong>processit</strong></span> <span class='ocrx_word' id='word_1_332' title='bbox 2548 1794 2719 1858; x_wconf 84' lang='lat' dir='ltr'><strong>(conf.</strong></span> 
     </span>
     <span class='ocr_line' id='line_1_61' title="bbox 1631 1866 2721 1932; baseline -0.004 -15"><span class='ocrx_word' id='word_1_333' title='bbox 1631 1868 1709 1917; x_wconf 86' lang='lat' dir='ltr'><strong>lv</strong></span> <span class='ocrx_word' id='word_1_334' title='bbox 1727 1905 1740 1929; x_wconf 89' lang='lat'>,</span> <span class='ocrx_word' id='word_1_335' title='bbox 1766 1869 1854 1932; x_wconf 75' lang='lat'><strong>30)</strong></span> <span class='ocrx_word' id='word_1_336' title='bbox 1898 1873 1952 1917; x_wconf 87' lang='lat' dir='ltr'><strong>et</strong></span> <span class='ocrx_word' id='word_1_337' title='bbox 1977 1866 2351 1932; x_wconf 86' lang='lat' dir='ltr'><strong>complectitur</strong></span> <span class='ocrx_word' id='word_1_338' title='bbox 2378 1866 2721 1930; x_wconf 83' lang='lat' dir='ltr'><strong>potissimum</strong></span> 
     </span>
     <span class='ocr_line' id='line_1_62' title="bbox 1633 1934 2721 1996; baseline -0.002 -10"><span class='ocrx_word' id='word_1_339' title='bbox 1633 1943 1864 1987; x_wconf 82' lang='lat' dir='ltr'><strong>tractum</strong></span> <span class='ocrx_word' id='word_1_340' title='bbox 1906 1937 2263 1996; x_wconf 81' lang='lat' dir='ltr'><strong>maritimum,</strong></span> <span class='ocrx_word' id='word_1_341' title='bbox 2310 1934 2520 1985; x_wconf 86' lang='lat' dir='ltr'><strong>inclusa</strong></span> <span class='ocrx_word' id='word_1_342' title='bbox 2556 1936 2721 1985; x_wconf 87' lang='lat' dir='ltr'><strong>Asca-</strong></span> 
     </span>
     <span class='ocr_line' id='line_1_63' title="bbox 1632 2006 2721 2069; baseline -0.003 -14"><span class='ocrx_word' id='word_1_343' title='bbox 1632 2006 1754 2056; x_wconf 89' lang='lat' dir='ltr'><strong>lone</strong></span> <span class='ocrx_word' id='word_1_344' title='bbox 1797 2006 1928 2055; x_wconf 90' lang='lat' dir='ltr'><strong>urbe</strong></span> <span class='ocrx_word' id='word_1_345' title='bbox 1975 2011 2028 2055; x_wconf 90' lang='lat' dir='ltr'><strong>et</strong></span> <span class='ocrx_word' id='word_1_346' title='bbox 2075 2006 2327 2068; x_wconf 88' lang='lat' dir='ltr'><strong>Iudaica,</strong></span> <span class='ocrx_word' id='word_1_347' title='bbox 2386 2019 2527 2069; x_wconf 80' lang='lat' dir='ltr'><strong>quae</strong></span> <span class='ocrx_word' id='word_1_348' title='bbox 2562 2018 2721 2053; x_wconf 85' lang='lat' dir='ltr'><strong>voca-</strong></span> 
     </span>
     <span class='ocr_line' id='line_1_64' title="bbox 1634 2072 2723 2138; baseline -0.003 -14"><span class='ocrx_word' id='word_1_349' title='bbox 1634 2080 1747 2138; x_wconf 88' lang='lat' dir='ltr'><strong>tur,</strong></span> <span class='ocrx_word' id='word_1_350' title='bbox 1799 2080 1963 2126; x_wconf 84' lang='lat' dir='ltr'><strong>terra.</strong></span> <span class='ocrx_word' id='word_1_351' title='bbox 2047 2077 2128 2125; x_wconf 82' lang='lat' dir='ltr'><strong>Tu</strong></span> <span class='ocrx_word' id='word_1_352' title='bbox 2185 2074 2294 2123; x_wconf 81' lang='lat' dir='ltr'><strong>vid.</strong></span> <span class='ocrx_word' id='word_1_353' title='bbox 2344 2075 2536 2124; x_wconf 85' lang='lat' dir='ltr'><strong>Ritter.</strong></span> <span class='ocrx_word' id='word_1_354' title='bbox 2589 2072 2723 2122; x_wconf 82' lang='lat' dir='ltr'><strong>Erd-</strong></span> 
     </span>
     <span class='ocr_line' id='line_1_65' title="bbox 1634 2141 2721 2208; baseline -0.003 -14"><span class='ocrx_word' id='word_1_355' title='bbox 1634 2145 1818 2194; x_wconf 86' lang='lat' dir='ltr'><strong>kunde</strong></span> <span class='ocrx_word' id='word_1_356' title='bbox 1858 2145 1932 2195; x_wconf 93' lang='lat'><strong>11.</strong></span> <span class='ocrx_word' id='word_1_357' title='bbox 1982 2161 2035 2208; x_wconf 90' lang='lat' dir='ltr'><strong>p.</strong></span> <span class='ocrx_word' id='word_1_358' title='bbox 2073 2146 2194 2196; x_wconf 78' lang='lat'><strong>302.</strong></span> <span class='ocrx_word' id='word_1_359' title='bbox 2243 2143 2344 2195; x_wconf 66' lang='lat'><strong>304</strong></span> <span class='ocrx_word' id='word_1_360' title='bbox 2391 2159 2506 2207; x_wconf 88' lang='lat' dir='ltr'><strong>seq.</strong></span> <span class='ocrx_word' id='word_1_361' title='bbox 2582 2141 2721 2191; x_wconf 82' lang='lat' dir='ltr'><strong>Add.</strong></span> 
     </span>
     <span class='ocr_line' id='line_1_66' title="bbox 1637 2212 2723 2278; baseline -0.004 -14"><span class='ocrx_word' id='word_1_362' title='bbox 1637 2214 1827 2264; x_wconf 85' lang='lat' dir='ltr'><strong>Stark:</strong></span> <span class='ocrx_word' id='word_1_363' title='bbox 1877 2217 2029 2264; x_wconf 83' lang='lat' dir='ltr'><strong>Gaza</strong></span> <span class='ocrx_word' id='word_1_364' title='bbox 2075 2230 2129 2264; x_wconf 91' lang='lat' dir='ltr'><strong>u.</strong></span> <span class='ocrx_word' id='word_1_365' title='bbox 2169 2212 2256 2264; x_wconf 85' lang='lat' dir='ltr'><strong>die</strong></span> <span class='ocrx_word' id='word_1_366' title='bbox 2304 2212 2508 2278; x_wconf 88' lang='lat' dir='ltr'><strong>philist.</strong></span> <span class='ocrx_word' id='word_1_367' title='bbox 2549 2212 2723 2261; x_wconf 84' lang='lat' dir='ltr'><strong>Kiiste</strong></span> 
     </span>
     <span class='ocr_line' id='line_1_67' title="bbox 1637 2281 2717 2347; baseline -0.003 -15"><span class='ocrx_word' id='word_1_368' title='bbox 1637 2299 1690 2347; x_wconf 92' lang='lat' dir='ltr'><strong>p.</strong></span> <span class='ocrx_word' id='word_1_369' title='bbox 1716 2285 1801 2334; x_wconf 70' lang='lat'><strong>59.</strong></span> <span class='ocrx_word' id='word_1_370' title='bbox 1841 2282 2139 2333; x_wconf 87' lang='lat' dir='ltr'><strong>Bertheau:</strong></span> <span class='ocrx_word' id='word_1_371' title='bbox 2177 2284 2284 2333; x_wconf 86' lang='lat' dir='ltr'><strong>Zur</strong></span> <span class='ocrx_word' id='word_1_372' title='bbox 2310 2281 2632 2332; x_wconf 86' lang='lat' dir='ltr'><strong>Geschichte</strong></span> <span class='ocrx_word' id='word_1_373' title='bbox 2666 2282 2717 2330; x_wconf 84' lang='lat' dir='ltr'><strong>d.</strong></span> 
     </span>
     <span class='ocr_line' id='line_1_68' title="bbox 1636 2350 2723 2416; baseline -0.002 -15"><span class='ocrx_word' id='word_1_374' title='bbox 1636 2350 1872 2402; x_wconf 83' lang='lat' dir='ltr'><strong>Israelit.</strong></span> <span class='ocrx_word' id='word_1_375' title='bbox 1922 2369 1975 2416; x_wconf 92' lang='lat' dir='ltr'><strong>p.</strong></span> <span class='ocrx_word' id='word_1_376' title='bbox 2026 2353 2161 2414; x_wconf 86' lang='grc'><strong>116,</strong></span> <span class='ocrx_word' id='word_1_377' title='bbox 2214 2351 2304 2416; x_wconf 90' lang='lat' dir='ltr'><strong>qui</strong></span> <span class='ocrx_word' id='word_1_378' title='bbox 2353 2357 2500 2400; x_wconf 88' lang='lat' dir='ltr'><strong>recte</strong></span> <span class='ocrx_word' id='word_1_379' title='bbox 2539 2350 2723 2400; x_wconf 85' lang='lat' dir='ltr'><strong>docuit</strong></span> 
     </span>
     <span class='ocr_line' id='line_1_69' title="bbox 1636 2419 2723 2485; baseline -0.003 -14"><span class='ocrx_word' id='word_1_380' title='bbox 1636 2422 1692 2473; x_wconf 85' lang='lat' dir='ltr'><strong>h.</strong></span> <span class='ocrx_word' id='word_1_381' title='bbox 1725 2421 1761 2469; x_wconf 87' lang='lat'><strong>1.</strong></span> <span class='ocrx_word' id='word_1_382' title='bbox 1788 2425 1843 2470; x_wconf 88' lang='lat' dir='ltr'><strong>et</strong></span> <span class='ocrx_word' id='word_1_383' title='bbox 1861 2419 1984 2470; x_wconf 85' lang='lat' dir='ltr'><strong>aliis</strong></span> <span class='ocrx_word' id='word_1_384' title='bbox 2009 2420 2110 2485; x_wconf 88' lang='grc' dir='ltr'>(ΙΙ,</span> <span class='ocrx_word' id='word_1_385' title='bbox 2150 2421 2267 2471; x_wconf 85' lang='grc'><strong>106.</strong></span> <span class='ocrx_word' id='word_1_386' title='bbox 2305 2420 2414 2482; x_wconf 88' lang='grc' dir='ltr'>ΙΙΙ,</span> <span class='ocrx_word' id='word_1_387' title='bbox 2445 2421 2588 2481; x_wconf 83' lang='grc'><strong>01.),</strong></span> <span class='ocrx_word' id='word_1_388' title='bbox 2620 2421 2723 2468; x_wconf 89' lang='lat' dir='ltr'><strong>Pa-</strong></span> 
     </span>
     <span class='ocr_line' id='line_1_70' title="bbox 1636 2489 2726 2540; baseline 0.001 -2"><span class='ocrx_word' id='word_1_389' title='bbox 1636 2489 1923 2540; x_wconf 88' lang='lat' dir='ltr'><strong>laestinam</strong></span> <span class='ocrx_word' id='word_1_390' title='bbox 1960 2506 2068 2539; x_wconf 85' lang='lat' dir='ltr'><strong>nou</strong></span> <span class='ocrx_word' id='word_1_391' title='bbox 2106 2490 2319 2540; x_wconf 86' lang='lat' dir='ltr'><strong>differre</strong></span> <span class='ocrx_word' id='word_1_392' title='bbox 2357 2507 2389 2540; x_wconf 91' lang='lat' dir='ltr'><strong>a</strong></span> <span class='ocrx_word' id='word_1_393' title='bbox 2425 2489 2726 2539; x_wconf 86' lang='lat' dir='ltr'><strong>Philistaea</strong></span> 
     </span>
     <span class='ocr_line' id='line_1_71' title="bbox 1639 2558 2725 2623; baseline -0.002 -14"><span class='ocrx_word' id='word_1_394' title='bbox 1639 2560 1753 2609; x_wconf 88' lang='lat' dir='ltr'><strong>sive</strong></span> <span class='ocrx_word' id='word_1_395' title='bbox 1783 2565 1930 2609; x_wconf 87' lang='lat' dir='ltr'><strong>terra</strong></span> <span class='ocrx_word' id='word_1_396' title='bbox 1955 2558 2403 2620; x_wconf 88' lang='lat' dir='ltr'><strong>Philistaeorum‚</strong></span> <span class='ocrx_word' id='word_1_397' title='bbox 2442 2575 2536 2623; x_wconf 89' lang='lat' dir='ltr'><strong>per</strong></span> <span class='ocrx_word' id='word_1_398' title='bbox 2562 2574 2725 2623; x_wconf 90' lang='lat' dir='ltr'><strong>quam</strong></span> 
     </span>
     <span class='ocr_line' id='line_1_72' title="bbox 1638 2629 2725 2694; baseline 0 -17"><span class='ocrx_word' id='word_1_399' title='bbox 1638 2629 1877 2692; x_wconf 86' lang='lat' dir='ltr'><strong>pedestri</strong></span> <span class='ocrx_word' id='word_1_400' title='bbox 1920 2629 2113 2679; x_wconf 88' lang='lat' dir='ltr'><strong>itinere</strong></span> <span class='ocrx_word' id='word_1_401' title='bbox 2158 2634 2352 2694; x_wconf 88' lang='lat' dir='ltr'><strong>petunt</strong></span> <span class='ocrx_word' id='word_1_402' title='bbox 2399 2630 2725 2693; x_wconf 85' lang='lat' dir='ltr'><strong>Aegyptum,</strong></span> 
     </span>
     <span class='ocr_line' id='line_1_73' title="bbox 1638 2697 2726 2762; baseline 0.001 -16"><span class='ocrx_word' id='word_1_403' title='bbox 1638 2698 1779 2746; x_wconf 88' lang='lat' dir='ltr'><strong>hanc</strong></span> <span class='ocrx_word' id='word_1_404' title='bbox 1824 2697 1999 2762; x_wconf 85' lang='lat' dir='ltr'><strong>ipsam</strong></span> <span class='ocrx_word' id='word_1_405' title='bbox 2047 2699 2114 2747; x_wconf 92' lang='lat' dir='ltr'><strong>ob</strong></span> <span class='ocrx_word' id='word_1_406' title='bbox 2153 2714 2373 2748; x_wconf 86' lang='lat' dir='ltr'><strong>causam</strong></span> <span class='ocrx_word' id='word_1_407' title='bbox 2412 2702 2603 2762; x_wconf 88' lang='lat' dir='ltr'><strong>opinor</strong></span> <span class='ocrx_word' id='word_1_408' title='bbox 2639 2714 2726 2747; x_wconf 91' lang='lat' dir='ltr'><strong>oc-</strong></span> 
     </span>
     <span class='ocr_line' id='line_1_74' title="bbox 1640 2768 2725 2832; baseline 0.001 -17"><span class='ocrx_word' id='word_1_409' title='bbox 1640 2771 1843 2829; x_wconf 86' lang='lat' dir='ltr'><strong>cupata</strong></span> <span class='ocrx_word' id='word_1_410' title='bbox 1895 2768 1962 2816; x_wconf 90' lang='lat' dir='ltr'><strong>ab</strong></span> <span class='ocrx_word' id='word_1_411' title='bbox 2018 2768 2303 2832; x_wconf 78' lang='lat' dir='ltr'><strong>Aegyptiis</strong></span> <span class='ocrx_word' id='word_1_412' title='bbox 2359 2768 2497 2818; x_wconf 87' lang='lat' dir='ltr'><strong>duce</strong></span> <span class='ocrx_word' id='word_1_413' title='bbox 2538 2769 2725 2818; x_wconf 88' lang='lat' dir='ltr'><strong>Psam-</strong></span> 
     </span>
     <span class='ocr_line' id='line_1_75' title="bbox 1642 2834 2726 2901; baseline 0.001 -17"><span class='ocrx_word' id='word_1_414' title='bbox 1642 2834 1903 2898; x_wconf 86' lang='lat' dir='ltr'><strong>metich0,</strong></span> <span class='ocrx_word' id='word_1_415' title='bbox 1953 2836 2045 2901; x_wconf 87' lang='lat' dir='ltr'><strong>qui</strong></span> <span class='ocrx_word' id='word_1_416' title='bbox 2091 2838 2256 2886; x_wconf 87' lang='lat' dir='ltr'><strong>etiam</strong></span> <span class='ocrx_word' id='word_1_417' title='bbox 2296 2837 2529 2887; x_wconf 80' lang='lat' dir='ltr'><strong>Azotum</strong></span> <span class='ocrx_word' id='word_1_418' title='bbox 2564 2852 2726 2901; x_wconf 85' lang='lat' dir='ltr'><strong>expu-</strong></span> 
     </span>
     <span class='ocr_line' id='line_1_76' title="bbox 1644 2904 2724 2968; baseline 0.003 -16"><span class='ocrx_word' id='word_1_419' title='bbox 1644 2908 1933 2968; x_wconf 76' lang='lat' dir='ltr'><strong>gnaverat3</strong></span> <span class='ocrx_word' id='word_1_420' title='bbox 1972 2904 2080 2954; x_wconf 85' lang='lat' dir='ltr'><strong>vid.</strong></span> <span class='ocrx_word' id='word_1_421' title='bbox 2120 2906 2198 2968; x_wconf 86' lang='lat'><strong>11,</strong></span> <span class='ocrx_word' id='word_1_422' title='bbox 2241 2907 2336 2956; x_wconf 79' lang='lat'><strong>157</strong></span> <span class='ocrx_word' id='word_1_423' title='bbox 2374 2907 2448 2955; x_wconf 90' lang='lat' dir='ltr'><strong>ibi</strong></span> <span class='ocrx_word' id='word_1_424' title='bbox 2492 2922 2558 2956; x_wconf 88' lang='lat' dir='ltr'><strong>ue</strong></span> <span class='ocrx_word' id='word_1_425' title='bbox 2585 2912 2724 2956; x_wconf 79' lang='lat' dir='ltr'><strong>nott.</strong></span> 
     </span>
    </p>

    <p class='ocr_par' dir='ltr' id='par_1_19' title="bbox 1644 2966 2732 4422">
     <span class='ocr_line' id='line_1_77' title="bbox 1720 2966 2728 3038; baseline 0.005 -19"><span class='ocrx_word' id='word_1_426' title='bbox 1720 2966 2089 3037; x_wconf 79' lang='grc' dir='ltr'><strong><em>Ψαμμήτιχος</em></strong></span> <span class='ocrx_word' id='word_1_427' title='bbox 2137 2988 2312 3038; x_wconf 73' lang='grc' dir='ltr'><strong><em>σφεας</em></strong></span> <span class='ocrx_word' id='word_1_428' title='bbox 2356 3007 2426 3014; x_wconf 88' lang='grc'><strong>--</strong></span> <span class='ocrx_word' id='word_1_429' title='bbox 2499 2967 2728 3032; x_wconf 73' lang='grc' dir='ltr'><strong><em>ντιοὶσας</em></strong></span> 
     </span>
     <span class='ocr_line' id='line_1_78' title="bbox 1644 3032 2725 3109; baseline 0.005 -22"><span class='ocrx_word' id='word_1_430' title='bbox 1644 3032 1886 3102; x_wconf 73' lang='grc' dir='ltr'><strong><em>δώροισί</em></strong></span> <span class='ocrx_word' id='word_1_431' title='bbox 1945 3056 2001 3089; x_wconf 81' lang='grc' dir='ltr'><strong>τε</strong></span> <span class='ocrx_word' id='word_1_432' title='bbox 2059 3039 2153 3091; x_wconf 76' lang='grc' dir='ltr'><strong>καὶ</strong></span> <span class='ocrx_word' id='word_1_433' title='bbox 2213 3043 2397 3109; x_wconf 86' lang='grc' dir='ltr'><strong><em>λιτῇσι</em></strong></span> <span class='ocrx_word' id='word_1_434' title='bbox 2451 3061 2502 3094; x_wconf 80' lang='grc' dir='ltr'><strong>κ.</strong></span> <span class='ocrx_word' id='word_1_435' title='bbox 2553 3060 2599 3093; x_wconf 91' lang='grc' dir='ltr'><strong>τ.</strong></span> <span class='ocrx_word' id='word_1_436' title='bbox 2653 3042 2725 3108; x_wconf 82' lang='grc' dir='ltr'><strong>λ.]</strong></span> 
     </span>
     <span class='ocr_line' id='line_1_79' title="bbox 1652 3100 2724 3189; baseline 0.007 -33"><span class='ocrx_word' id='word_1_437' title='bbox 1652 3100 2037 3189; x_wconf 60' lang='grc' dir='ltr'><strong><em>Ψαμμήτιχος</em></strong></span> <span class='ocrx_word' id='word_1_438' title='bbox 2072 3113 2350 3176; x_wconf 82' lang='lat' dir='ltr'><strong>rescripsi:</strong></span> <span class='ocrx_word' id='word_1_439' title='bbox 2393 3113 2502 3164; x_wconf 87' lang='lat' dir='ltr'><strong>vid.</strong></span> <span class='ocrx_word' id='word_1_440' title='bbox 2539 3114 2609 3162; x_wconf 82' lang='lat' dir='ltr'><strong>ad</strong></span> <span class='ocrx_word' id='word_1_441' title='bbox 2645 3113 2724 3176; x_wconf 87' lang='grc' dir='ltr'><strong>ΙΙ,</strong></span> 
     </span>
     <span class='ocr_line' id='line_1_80' title="bbox 1646 3172 2727 3246; baseline 0.004 -19"><span class='ocrx_word' id='word_1_442' title='bbox 1646 3179 1698 3227; x_wconf 81' lang='grc'><strong>2.</strong></span> <span class='ocrx_word' id='word_1_443' title='bbox 1735 3172 2045 3241; x_wconf 75' lang='grc' dir='ltr'><strong><em>ἄποτρεπει</em></strong></span> <span class='ocrx_word' id='word_1_444' title='bbox 2081 3180 2133 3240; x_wconf 78' lang='lat' dir='ltr'><strong>h,</strong></span> <span class='ocrx_word' id='word_1_445' title='bbox 2157 3182 2195 3231; x_wconf 91' lang='grc'><strong>1.</strong></span> <span class='ocrx_word' id='word_1_446' title='bbox 2219 3182 2450 3246; x_wconf 86' lang='lat' dir='ltr'><strong>aliisque</strong></span> <span class='ocrx_word' id='word_1_447' title='bbox 2480 3183 2727 3233; x_wconf 88' lang='lat' dir='ltr'><strong>omnibus</strong></span> 
     </span>
     <span class='ocr_line' id='line_1_81' title="bbox 1645 3246 2727 3312; baseline 0.005 -16"><span class='ocrx_word' id='word_1_448' title='bbox 1645 3246 1814 3308; x_wconf 81' lang='lat' dir='ltr'><strong>locis,</strong></span> <span class='ocrx_word' id='word_1_449' title='bbox 1849 3247 1906 3295; x_wconf 89' lang='lat' dir='ltr'><strong>in</strong></span> <span class='ocrx_word' id='word_1_450' title='bbox 1942 3248 2136 3312; x_wconf 84' lang='lat' dir='ltr'><strong>quihus</strong></span> <span class='ocrx_word' id='word_1_451' title='bbox 2168 3249 2303 3299; x_wconf 88' lang='lat' dir='ltr'><strong>haec</strong></span> <span class='ocrx_word' id='word_1_452' title='bbox 2346 3253 2519 3301; x_wconf 81' lang='lat' dir='ltr'><strong>forma</strong></span> <span class='ocrx_word' id='word_1_453' title='bbox 2564 3252 2727 3301; x_wconf 82' lang='lat' dir='ltr'><strong>obvia</strong></span> 
     </span>
     <span class='ocr_line' id='line_1_82' title="bbox 1647 3311 2728 3382; baseline 0.005 -17"><span class='ocrx_word' id='word_1_454' title='bbox 1647 3317 1793 3381; x_wconf 83' lang='lat' dir='ltr'><strong>apud</strong></span> <span class='ocrx_word' id='word_1_455' title='bbox 1814 3316 2164 3378; x_wconf 83' lang='lat' dir='ltr'><strong>Herodotum,</strong></span> <span class='ocrx_word' id='word_1_456' title='bbox 2192 3319 2246 3367; x_wconf 89' lang='lat' dir='ltr'><strong>in</strong></span> <span class='ocrx_word' id='word_1_457' title='bbox 2269 3311 2581 3382; x_wconf 76' lang='grc' dir='ltr'><strong><em>ἀποτράπει</em></strong></span> <span class='ocrx_word' id='word_1_458' title='bbox 2616 3337 2728 3371; x_wconf 87' lang='lat' dir='ltr'><strong>mu-</strong></span> 
     </span>
     <span class='ocr_line' id='line_1_83' title="bbox 1648 3384 2726 3455; baseline 0.006 -20"><span class='ocrx_word' id='word_1_459' title='bbox 1648 3384 1871 3435; x_wconf 89' lang='lat' dir='ltr'><strong>tandum</strong></span> <span class='ocrx_word' id='word_1_460' title='bbox 1920 3384 2037 3434; x_wconf 87' lang='lat' dir='ltr'><strong>vult</strong></span> <span class='ocrx_word' id='word_1_461' title='bbox 2086 3387 2315 3437; x_wconf 80' lang='lat' dir='ltr'><strong>Bredov.</strong></span> <span class='ocrx_word' id='word_1_462' title='bbox 2356 3404 2407 3451; x_wconf 91' lang='lat' dir='ltr'><strong>p.</strong></span> <span class='ocrx_word' id='word_1_463' title='bbox 2452 3391 2550 3440; x_wconf 73' lang='lat'><strong>145</strong></span> <span class='ocrx_word' id='word_1_464' title='bbox 2591 3406 2726 3455; x_wconf 65' lang='lat' dir='ltr'><strong>seq„</strong></span> 
     </span>
     <span class='ocr_line' id='line_1_84' title="bbox 1644 3454 2728 3521; baseline 0.004 -16"><span class='ocrx_word' id='word_1_465' title='bbox 1644 3471 1803 3521; x_wconf 88' lang='lat' dir='ltr'><strong>quem</strong></span> <span class='ocrx_word' id='word_1_466' title='bbox 1841 3454 2070 3505; x_wconf 85' lang='lat' dir='ltr'><strong>Dietsch</strong></span> <span class='ocrx_word' id='word_1_467' title='bbox 2107 3461 2325 3506; x_wconf 87' lang='lat' dir='ltr'><strong>secutus</strong></span> <span class='ocrx_word' id='word_1_468' title='bbox 2360 3462 2463 3508; x_wconf 84' lang='lat' dir='ltr'><strong>est.</strong></span> <span class='ocrx_word' id='word_1_469' title='bbox 2495 3489 2565 3499; x_wconf 91' lang='grc'><strong>--</strong></span> <span class='ocrx_word' id='word_1_470' title='bbox 2618 3461 2728 3509; x_wconf 88' lang='lat' dir='ltr'><strong>Me-</strong></span> 
     </span>
     <span class='ocr_line' id='line_1_85' title="bbox 1645 3523 2729 3591; baseline 0.006 -19"><span class='ocrx_word' id='word_1_471' title='bbox 1645 3525 1802 3573; x_wconf 86' lang='lat' dir='ltr'><strong>minit</strong></span> <span class='ocrx_word' id='word_1_472' title='bbox 1834 3523 1993 3572; x_wconf 88' lang='lat' dir='ltr'><strong>huius</strong></span> <span class='ocrx_word' id='word_1_473' title='bbox 2018 3524 2338 3589; x_wconf 79' lang='lat' dir='ltr'><strong>Scytharum</strong></span> <span class='ocrx_word' id='word_1_474' title='bbox 2373 3529 2729 3591; x_wconf 81' lang='lat' dir='ltr'><strong>expeditionis</strong></span> 
     </span>
     <span class='ocr_line' id='line_1_86' title="bbox 1644 3591 2725 3658; baseline 0.006 -16"><span class='ocrx_word' id='word_1_475' title='bbox 1644 3594 2009 3657; x_wconf 83' lang='lat' dir='ltr'><strong>Hieronymus</strong></span> <span class='ocrx_word' id='word_1_476' title='bbox 2068 3591 2349 3658; x_wconf 82' lang='lat' dir='ltr'><strong>(Epitaph.</strong></span> <span class='ocrx_word' id='word_1_477' title='bbox 2395 3596 2607 3647; x_wconf 86' lang='lat' dir='ltr'><strong>Fabiol.</strong></span> <span class='ocrx_word' id='word_1_478' title='bbox 2660 3600 2725 3649; x_wconf 88' lang='lat' dir='ltr'><strong>T.</strong></span> 
     </span>
     <span class='ocr_line' id='line_1_87' title="bbox 1646 3663 2724 3729; baseline 0.005 -17"><span class='ocrx_word' id='word_1_479' title='bbox 1646 3663 1744 3714; x_wconf 90' lang='lat' dir='ltr'><strong>IV.</strong></span> <span class='ocrx_word' id='word_1_480' title='bbox 1784 3678 1837 3727; x_wconf 86' lang='lat' dir='ltr'><strong>p.</strong></span> <span class='ocrx_word' id='word_1_481' title='bbox 1877 3663 1975 3712; x_wconf 91' lang='grc'><strong>661</strong></span> <span class='ocrx_word' id='word_1_482' title='bbox 2019 3663 2161 3726; x_wconf 85' lang='lat' dir='ltr'><strong>Opp.</strong></span> <span class='ocrx_word' id='word_1_483' title='bbox 2188 3679 2232 3714; x_wconf 90' lang='lat' dir='ltr'><strong>s.</strong></span> <span class='ocrx_word' id='word_1_484' title='bbox 2267 3663 2445 3729; x_wconf 85' lang='lat' dir='ltr'><strong>Epist.</strong></span> <span class='ocrx_word' id='word_1_485' title='bbox 2469 3667 2553 3715; x_wconf 85' lang='lat'><strong>77.</strong></span> <span class='ocrx_word' id='word_1_486' title='bbox 2582 3667 2649 3717; x_wconf 82' lang='lat' dir='ltr'><strong>T.</strong></span> <span class='ocrx_word' id='word_1_487' title='bbox 2679 3668 2724 3717; x_wconf 91' lang='grc' dir='ltr'>Ι.</span> 
     </span>
     <span class='ocr_line' id='line_1_88' title="bbox 1646 3730 2728 3797; baseline 0.005 -16"><span class='ocrx_word' id='word_1_488' title='bbox 1646 3749 1699 3797; x_wconf 92' lang='lat' dir='ltr'><strong>p.</strong></span> <span class='ocrx_word' id='word_1_489' title='bbox 1744 3731 1847 3782; x_wconf 77' lang='grc'><strong>460</strong></span> <span class='ocrx_word' id='word_1_490' title='bbox 1883 3732 1969 3782; x_wconf 88' lang='lat' dir='ltr'><strong>ed.</strong></span> <span class='ocrx_word' id='word_1_491' title='bbox 2005 3730 2296 3797; x_wconf 64' lang='lat' dir='ltr'><strong>vallarsii),</strong></span> <span class='ocrx_word' id='word_1_492' title='bbox 2352 3732 2493 3785; x_wconf 87' lang='lat' dir='ltr'><strong>male</strong></span> <span class='ocrx_word' id='word_1_493' title='bbox 2546 3739 2728 3785; x_wconf 87' lang='lat' dir='ltr'><strong>tamen</strong></span> 
     </span>
     <span class='ocr_line' id='line_1_89' title="bbox 1649 3800 2730 3866; baseline 0.003 -15"><span class='ocrx_word' id='word_1_494' title='bbox 1649 3816 1767 3851; x_wconf 89' lang='lat' dir='ltr'><strong>eam</strong></span> <span class='ocrx_word' id='word_1_495' title='bbox 1803 3801 1974 3850; x_wconf 89' lang='lat' dir='ltr'><strong>Dario</strong></span> <span class='ocrx_word' id='word_1_496' title='bbox 2022 3800 2194 3850; x_wconf 85' lang='lat' dir='ltr'><strong>Medis</strong></span> <span class='ocrx_word' id='word_1_497' title='bbox 2244 3803 2543 3866; x_wconf 86' lang='lat' dir='ltr'><strong>imperante</strong></span> <span class='ocrx_word' id='word_1_498' title='bbox 2590 3805 2730 3854; x_wconf 87' lang='lat' dir='ltr'><strong>acci-</strong></span> 
     </span>
     <span class='ocr_line' id='line_1_90' title="bbox 1648 3870 2729 3923; baseline 0.004 -4"><span class='ocrx_word' id='word_1_499' title='bbox 1648 3870 1795 3919; x_wconf 82' lang='lat' dir='ltr'><strong>disse</strong></span> <span class='ocrx_word' id='word_1_500' title='bbox 1824 3871 2082 3922; x_wconf 85' lang='lat' dir='ltr'><strong>reserens.</strong></span> <span class='ocrx_word' id='word_1_501' title='bbox 2145 3872 2575 3922; x_wconf 86' lang='lat' dir='ltr'><strong>Psammetichus</strong></span> <span class='ocrx_word' id='word_1_502' title='bbox 2600 3889 2729 3923; x_wconf 85' lang='lat' dir='ltr'><strong>vero</strong></span> 
     </span>
     <span class='ocr_line' id='line_1_91' title="bbox 1649 3939 2732 4005; baseline 0.004 -17"><span class='ocrx_word' id='word_1_503' title='bbox 1649 3955 1715 3989; x_wconf 84' lang='lat' dir='ltr'><strong>ex</strong></span> <span class='ocrx_word' id='word_1_504' title='bbox 1753 3939 2011 3989; x_wconf 77' lang='lat' dir='ltr'><strong>Lar-cheri</strong></span> <span class='ocrx_word' id='word_1_505' title='bbox 2046 3941 2349 3990; x_wconf 88' lang='lat' dir='ltr'><strong>rationibus</strong></span> <span class='ocrx_word' id='word_1_506' title='bbox 2386 3956 2610 4005; x_wconf 84' lang='lat' dir='ltr'><strong>regnum</strong></span> <span class='ocrx_word' id='word_1_507' title='bbox 2648 3958 2732 3992; x_wconf 91' lang='lat' dir='ltr'><strong>ce-</strong></span> 
     </span>
     <span class='ocr_line' id='line_1_92' title="bbox 1647 4008 2731 4073; baseline 0.005 -17"><span class='ocrx_word' id='word_1_508' title='bbox 1647 4009 1731 4073; x_wconf 89' lang='lat' dir='ltr'><strong>pit</strong></span> <span class='ocrx_word' id='word_1_509' title='bbox 1763 4008 1862 4059; x_wconf 81' lang='lat'><strong>671</strong></span> <span class='ocrx_word' id='word_1_510' title='bbox 1903 4024 1953 4058; x_wconf 87' lang='lat' dir='ltr'><strong>a.</strong></span> <span class='ocrx_word' id='word_1_511' title='bbox 1992 4008 2119 4060; x_wconf 87' lang='lat' dir='ltr'><strong>Chr.</strong></span> <span class='ocrx_word' id='word_1_512' title='bbox 2159 4025 2212 4058; x_wconf 90' lang='lat' dir='ltr'><strong>n.</strong></span> <span class='ocrx_word' id='word_1_513' title='bbox 2259 4015 2609 4073; x_wconf 83' lang='lat' dir='ltr'><strong>mortuusque</strong></span> <span class='ocrx_word' id='word_1_514' title='bbox 2647 4017 2731 4061; x_wconf 86' lang='lat' dir='ltr'><strong>est</strong></span> 
     </span>
     <span class='ocr_line' id='line_1_93' title="bbox 1644 4078 2732 4139; baseline 0.002 -11"><span class='ocrx_word' id='word_1_515' title='bbox 1644 4078 1747 4128; x_wconf 85' lang='lat'><strong>617</strong></span> <span class='ocrx_word' id='word_1_516' title='bbox 1787 4093 1838 4128; x_wconf 90' lang='lat' dir='ltr'><strong>a.</strong></span> <span class='ocrx_word' id='word_1_517' title='bbox 1879 4078 2003 4128; x_wconf 86' lang='lat' dir='ltr'><strong>Chr.</strong></span> <span class='ocrx_word' id='word_1_518' title='bbox 2042 4094 2125 4139; x_wconf 86' lang='lat' dir='ltr'><strong>n.,</strong></span> <span class='ocrx_word' id='word_1_519' title='bbox 2173 4083 2234 4128; x_wconf 86' lang='lat' dir='ltr'><strong>ut</strong></span> <span class='ocrx_word' id='word_1_520' title='bbox 2269 4078 2407 4129; x_wconf 87' lang='lat' dir='ltr'><strong>adeo</strong></span> <span class='ocrx_word' id='word_1_521' title='bbox 2443 4079 2603 4130; x_wconf 87' lang='lat' dir='ltr'>XVII</span> <span class='ocrx_word' id='word_1_522' title='bbox 2638 4096 2732 4130; x_wconf 90' lang='lat' dir='ltr'><strong>an-</strong></span> 
     </span>
     <span class='ocr_line' id='line_1_94' title="bbox 1645 4147 2731 4213; baseline 0.003 -17"><span class='ocrx_word' id='word_1_523' title='bbox 1645 4147 1731 4196; x_wconf 86' lang='lat' dir='ltr'><strong>nis</strong></span> <span class='ocrx_word' id='word_1_524' title='bbox 1770 4151 1895 4197; x_wconf 87' lang='lat' dir='ltr'><strong>ante</strong></span> <span class='ocrx_word' id='word_1_525' title='bbox 1936 4148 2108 4212; x_wconf 82' lang='lat' dir='ltr'><strong>ipsius</strong></span> <span class='ocrx_word' id='word_1_526' title='bbox 2144 4154 2372 4199; x_wconf 87' lang='lat' dir='ltr'><strong>mortem</strong></span> <span class='ocrx_word' id='word_1_527' title='bbox 2408 4149 2731 4213; x_wconf 82' lang='lat' dir='ltr'><strong>Scytharum</strong></span> 
     </span>
     <span class='ocr_line' id='line_1_95' title="bbox 1644 4216 2730 4282; baseline 0.002 -16"><span class='ocrx_word' id='word_1_528' title='bbox 1644 4218 1860 4267; x_wconf 81' lang='lat' dir='ltr'><strong>invasio</strong></span> <span class='ocrx_word' id='word_1_529' title='bbox 1893 4216 2163 4267; x_wconf 87' lang='lat' dir='ltr'><strong>accidisse</strong></span> <span class='ocrx_word' id='word_1_530' title='bbox 2190 4217 2263 4267; x_wconf 87' lang='lat' dir='ltr'><strong>sit</strong></span> <span class='ocrx_word' id='word_1_531' title='bbox 2282 4220 2546 4282; x_wconf 83' lang='lat' dir='ltr'><strong>putanda.</strong></span> <span class='ocrx_word' id='word_1_532' title='bbox 2586 4218 2730 4268; x_wconf 89' lang='lat' dir='ltr'><strong>Clin-</strong></span> 
     </span>
     <span class='ocr_line' id='line_1_96' title="bbox 1644 4284 2729 4353; baseline 0.002 -17"><span class='ocrx_word' id='word_1_533' title='bbox 1644 4291 1829 4337; x_wconf 87' lang='lat' dir='ltr'><strong>tonem</strong></span> <span class='ocrx_word' id='word_1_534' title='bbox 1877 4284 2051 4350; x_wconf 81' lang='lat' dir='ltr'><strong>(Fast.</strong></span> <span class='ocrx_word' id='word_1_535' title='bbox 2084 4286 2387 4338; x_wconf 83' lang='lat' dir='ltr'><strong>Hellenicc.</strong></span> <span class='ocrx_word' id='word_1_536' title='bbox 2427 4288 2473 4338; x_wconf 95' lang='lat' dir='ltr'><strong>I.</strong></span> <span class='ocrx_word' id='word_1_537' title='bbox 2513 4305 2564 4353; x_wconf 91' lang='lat' dir='ltr'><strong>p.</strong></span> <span class='ocrx_word' id='word_1_538' title='bbox 2602 4290 2729 4349; x_wconf 80' lang='lat'><strong>214;</strong></span> 
     </span>
     <span class='ocr_line' id='line_1_97' title="bbox 1646 4355 2732 4422; baseline 0.001 -17"><span class='ocrx_word' id='word_1_539' title='bbox 1646 4356 1717 4406; x_wconf 83' lang='lat' dir='ltr'><strong>cf.</strong></span> <span class='ocrx_word' id='word_1_540' title='bbox 1757 4355 1982 4406; x_wconf 82' lang='lat' dir='ltr'><strong>Fischer</strong></span> <span class='ocrx_word' id='word_1_541' title='bbox 2001 4356 2297 4406; x_wconf 85' lang='lat' dir='ltr'><strong>Zeittafeln</strong></span> <span class='ocrx_word' id='word_1_542' title='bbox 2337 4373 2390 4422; x_wconf 92' lang='lat' dir='ltr'><strong>p.</strong></span> <span class='ocrx_word' id='word_1_543' title='bbox 2411 4357 2497 4406; x_wconf 82' lang='grc'><strong>88.</strong></span> <span class='ocrx_word' id='word_1_544' title='bbox 2528 4357 2649 4420; x_wconf 71' lang='lat'>105)</span> <span class='ocrx_word' id='word_1_545' title='bbox 2687 4358 2732 4406; x_wconf 87' lang='lat' dir='ltr'><strong>si</strong></span> 
     </span>
    </p>
   </div>
   <div class='ocr_carea' id='block_1_18' title="bbox 1641 4425 2733 4493">
    <p class='ocr_par' dir='ltr' id='par_1_20' title="bbox 1641 4425 2733 4493">
     <span class='ocr_line' id='line_1_98' title="bbox 1641 4425 2733 4493; baseline 0.004 -19"><span class='ocrx_word' id='word_1_546' title='bbox 1641 4426 1942 4491; x_wconf 84' lang='lat' dir='ltr'><strong>sequimur,</strong></span> <span class='ocrx_word' id='word_1_547' title='bbox 1981 4425 2432 4490; x_wconf 85' lang='lat' dir='ltr'><strong>Psammetichus,</strong></span> <span class='ocrx_word' id='word_1_548' title='bbox 2472 4428 2564 4493; x_wconf 88' lang='lat' dir='ltr'><strong>qui</strong></span> <span class='ocrx_word' id='word_1_549' title='bbox 2593 4432 2733 4478; x_wconf 79' lang='lat' dir='ltr'><strong>teste</strong></span> 
     </span>
    </p>
   </div>
  </div>
 </body>
</html>
