3109 5092
372 925 490 988 102

498 330 624 391 650

1369 328 1906 393 HERODOTI

501 535 683 596 μνην
720 532 794 577 τε
837 504 1107 597 ὀρύξαι,
1172 512 1288 593 τῆς
1327 501 1367 595 ἡ
1412 512 1724 594 περίοδος
1760 501 1941 574 ὅσων
1983 507 2121 575 ἐστὶ
2148 512 2447 576 σταδίων
2492 503 2786 597 ὕστερον

506 611 823 700 δηλώσω,
868 614 1253 698 πυραμίδας
1296 636 1368 678 τε
1409 611 1485 678 ἐν
1510 607 1683 699 αὐτῇ
1713 614 2182 698 οἰκοδομῆσαι,
2225 614 2367 679 τῶν
2405 616 2529 680 τοῦ
2567 610 2779 700 μεγά-

504 727 667 796 θεος
708 718 860 802 πέρι
901 709 1071 803 ὁμοῦ
1114 708 1286 802 αὐτῇ
1322 718 1403 800 τῇ
1438 720 1641 802 λίμνῃ
1682 712 2148 802 ἐπιμνήσομαι.
2216 720 2459 785 τοῦτον
2497 715 2627 804 μὲν
2662 742 2777 784 το-

506 825 719 890 σαῦτα
748 815 1237 900 ἀποδέξασθαι,
1281 821 1418 886 τῶν
1450 815 1525 886 δὲ
1560 814 1787 886 ἄλλων
1827 814 2078 886 οὐδένα
2107 811 2332 888 οὐδέν.

642 919 1250 1013 Παραμειψάμενος
1282 910 1380 989 ὦν
1409 919 1722 1005 τούτους,
1765 928 1888 989 τοῦ
1931 921 2041 989 ἐπὶ
2071 918 2367 991 τούτοισι
2404 923 2782 1009 γενομένου

504 1030 846 1114 βασιλέος,
902 1030 996 1116 τῷ
1022 1021 1278 1111 οὕνομα
1316 1014 1404 1111 ἦν
1443 1026 1858 1111 Σέσωστρις,
1912 1024 2157 1094 τούτου
2195 1025 2466 1114 μνήμην
2494 1024 2776 1114 ποιήσο-

500 1158 640 1220 μαι.
714 1127 833 1199 τὸν
865 1136 1101 1215 ἔλεγον
1132 1131 1200 1196 οἱ
1225 1129 1396 1218 ἱρέες
1425 1132 1696 1218 πρῶτον
1723 1128 1848 1217 μὲν
1884 1135 2175 1198 πλοίοισι
2217 1144 2530 1219 μακροῖσι
2560 1123 2774 1219 ὁρμη-

498 1322 601 1380 τὸν
631 1321 776 1393 νηὸν
812 1329 966 1395 quasi
993 1330 1304 1396 cingent-0⁸3
1335 1344 1504 1393 quare
1528 1335 1586 1382 et

499 1401 590 1451 hic
625 1404 681 1449 et
728 1414 883 1464 seqq.
933 1414 1115 1464 capp„
1163 1400 1284 1459 ubi,
1335 1414 1476 1464 quae
1513 1401 1583 1450 ab

500 1469 623 1520 aliis
659 1466 891 1519 Vulcani
925 1467 1127 1534 templo
1160 1468 1352 1518 addita
1383 1467 1586 1520 fuerint

501 1537 824 1603 propylaea,
884 1543 1206 1589 enarrantur
1250 1536 1345 1602 (cf.
1392 1540 1469 1601 11,
1514 1539 1584 1592 99

502 1607 638 1674 fin.)‚
704 1607 1083 1671 intelliguntur
1145 1607 1279 1670 „des
1338 1613 1584 1659 constru-

502 1678 679 1728 ctione
742 1676 1172 1742 independantes
1239 1677 1310 1726 du
1384 1678 1584 1743 temple

501 1749 703 1805 meme,
751 1745 965 1798 dlevdes
1012 1747 1147 1797 dans
1180 1745 1275 1797 des
1312 1750 1584 1811 positione

501 1823 625 1868 tous
672 1816 982 1868 differentes
1029 1832 1127 1882 par
1167 1824 1390 1881 rapport
1426 1819 1460 1868 a
1496 1821 1585 1868 cet

503 1885 722 1949 edifica,
767 1884 985 1952 placees
1040 1903 1109 1937 au
1155 1886 1317 1948 nord,
1358 1890 1392 1939 a
1438 1887 1580 1949 l’est,

500 1973 572 2008 au
605 1956 732 2019 sud,
769 1958 804 2007 a
840 1957 1064 2021 l'ouest,
1103 1954 1164 2006 et'
1189 1954 1399 2021 erigdes
1428 1958 1462 2007 a
1487 1956 1582 2006 des

500 2025 736 2092 dpoques
773 2025 886 2077 tres
911 2022 1187 2092 dloignees
1214 2025 1297 2075 les
1327 2042 1459 2078 unes
1486 2027 1582 2076 des

500 2101 711 2157 κατι-ως
763 2112 830 2146 en
864 2100 1010 2147 sorte
1058 2111 1163 2159 que
1195 2099 1321 2146 tous
1354 2095 1434 2146 133
1472 2093 1583 2145 3ᾱί-

502 2165 657 2226 fices,
697 2164 829 2214 dont
868 2181 927 2215 se
963 2166 1268 2229 composait
1297 2165 1349 2215 le
1383 2164 1584 2229 temple

503 2235 569 2285 de
590 2232 845 2294 Vulcain,
874 2232 1085 2284 dlevdes
1104 2237 1582 2297 successivement,

500 2304 722 2355 avoient
763 2300 1006 2353 coexistd
1055 2303 1183 2353 bien
1232 2303 1582 2370 long-temps

503 2371 663 2437 apres
693 2371 748 2422 la
783 2372 1156 2422 construction
1188 2371 1260 2422 du
1296 2388 1477 2439 noyau
1516 2373 1585 2422 de

503 2458 565 2493 ce
602 2441 775 2506 grand
812 2440 1147 2492 ensemble.“
1196 2440 1286 2493 Ita
1309 2444 1584 2493 Letronne

503 2511 861 2573 (Recherches
885 2527 1019 2576 pour
1042 2510 1216 2562 servir
1249 2513 1284 2563 a
1316 2512 1585 2562 l'histoire

502 2582 571 2631 de
615 2581 857 2645 l'Egypt.
905 2581 1080 2634 Paris.
1137 2579 1286 2635 1823.
1335 2598 1463 2648 pag.
1514 2581 1583 2634 26

503 2666 615 2717 seq.
654 2656 710 2702 et
747 2651 971 2703 Recueil
1012 2651 1109 2702 des
1156 2649 1333 2705 Inscr.
1379 2654 1581 2717 Egypt.

501 2722 547 2772 Ι.
568 2737 694 2787 pag.
730 2723 816 2773 15.
852 2720 977 2773 coll.
1016 2722 1234 2772 Iomard
1267 2723 1326 2772 in
1351 2720 1583 2774 Journal

504 2791 598 2842 des
631 2791 761 2842 Sav.
787 2791 937 2843 1818.
965 2790 1076 2841 Mai
1107 2806 1234 2857 pag.
1260 2790 1407 2856 305),
1444 2790 1585 2842 bene

500 2875 724 2911 monens
758 2860 825 2910 de
857 2860 960 2911 hoc
984 2858 1351 2911 aedificiorum
1385 2876 1584 2927 genere

503 2943 537 2978 a
571 2929 794 2979 Graecis
828 2930 1044 2993 templis
1069 2928 1250 2982 alieno
1277 2931 1587 2995 Aegyptiis-

501 3012 607 3062 que
629 2997 866 3062 proprio,
894 2997 1041 3062 quod
1058 2998 1338 3050 introitum
1363 3000 1583 3065 quidem

504 3065 575 3116 ad
619 3066 768 3130 ipsas
820 3067 984 3116 aedes
1037 3070 1298 3132 praebere
1343 3074 1577 3133 peterat.

503 3137 654 3198 Quae
687 3135 884 3186 Strabo
917 3135 1059 3186 hanc
1104 3136 1162 3186 ἰιι
1208 3153 1319 3188 rem
1355 3138 1580 3202 profert,

389 3256 398 3271 ,
501 3204 569 3254 ab
608 3204 796 3254 eodem
829 3206 948 3255 viro
988 3205 1149 3257 docto
1193 3208 1300 3257 iam
1338 3213 1467 3257 sunt
1502 3207 1581 3257 al-

498 3262 644 3336 lafia3
681 3274 785 3324 hoc
826 3273 1074 3339 equidem
1117 3291 1181 3327 ex
1218 3278 1302 3328 Cr.
1341 3281 1474 3327 nota
1510 3277 1579 3327 ad

497 3344 643 3394 hunc
679 3343 856 3395 locum
886 3344 1112 3408 addam,
1165 3346 1458 3397 etiamnum
1492 3362 1579 3397 su-

498 3429 715 3481 peresse
733 3414 923 3465 horum
948 3415 1361 3481 propylaeorum
1382 3416 1579 3466 rudera

500 3484 786 3548 splendida
820 3488 877 3535 et
912 3485 1118 3550 ampla,
1169 3484 1353 3551 qualia
1397 3487 1454 3535 in
1490 3485 1581 3536 de-

499 3554 796 3619 scriptione
876 3555 1267 3621 Aegyptiarum
1347 3555 1582 3621 antiqui-

498 3627 673 3674 tatum
709 3639 743 3673 a
778 3623 952 3674 doctis
979 3624 1151 3675 Gallis
1188 3624 1337 3675 edita
1371 3640 1584 3690 reprae-

498 3697 716 3743 sentata
755 3693 1020 3744 videmus.
1091 3696 1164 3744 Et
1209 3693 1352 3746 hune
1380 3710 1580 3745 morem

496 3776 684 3826 regum
713 3762 1129 3828 AegyptIorum,
1169 3778 1276 3827 quo
1297 3764 1448 3815 ducti
1474 3765 1582 3814 sin-

497 3829 610 3895 guli
647 3829 899 3896 deinceps
929 3847 1025 3897 per
1057 3831 1340 3884 decursum
1379 3838 1583 3898 tempo-

497 3899 572 3948 ris
590 3900 864 3950 veteribus
890 3900 1183 3963 aedificiis,
1219 3902 1459 3967 templis,
1486 3916 1581 3951 no-

496 3982 569 4017 va
625 3976 944 4020 ornamenta
1005 3968 1278 4020 addebant
1334 3976 1430 4023 aut
1483 3970 1581 4021 illa

497 4036 759 4155 ffiffss‘ss
778 4037 1579 4161 'Jss‘sskffiqffiffi‘ssmffffi

497 4174 704 4239 phitico
751 4122 957 4225 *zetum
1004 4126 1342 4241 accepimuss
1391 4179 1460 4230 cf.
1500 4179 1578 4241 ΙΙ,

501 4242 943 4295 108.110.121.
995 4243 1113 4297 153.
1165 4244 1313 4309 175),
1362 4248 1582 4314 egregie

498 4313 887 4365 confirmarunt
921 4313 1158 4364 editores
1202 4317 1381 4380 operis
1420 4316 1581 4366 modo

497 4382 708 4433 laudati
748 4382 858 4434 vol.
907 4383 966 4433 11
1001 4381 1269 4448 (Thebes)
1304 4400 1432 4451 pag.
1476 4384 1581 4435 203

1688 1347 1772 1393 3ο,
1808 1330 1953 1396 quod
1988 1332 2045 1382 in
2083 1329 2291 1396 palatio
2329 1346 2498 1396 prope
2534 1332 2777 1393 Luksor,

1688 1400 1940 1452 orientali
1994 1400 2051 1450 in
2109 1401 2283 1451 latere
2330 1401 2470 1463 Nili,
2526 1400 2778 1466 singulas

1686 1475 1872 1535 partes
1910 1471 2025 1521 eius
2074 1470 2311 1522 aedificii
2359 1470 2587 1521 diversis
2623 1476 2779 1520 aeta·

1686 1541 1834 1591 tibus
1868 1540 2121 1606 deinceps
2166 1538 2416 1591 conditas
2464 1556 2586 1591 3333
2620 1556 2779 1590 ιιιοιι-

1688 1615 1949 1661 strarant.
1987 1612 2141 1660 Haec
2161 1610 2458 1661 sufficiant.
2495 1612 2580 1660 De
2605 1610 2781 1660 Athe-

1686 1679 1953 1730 niensium
2021 1678 2333 1745 propylaeis
2399 1681 2777 1741 conferantur,

1689 1764 1829 1814 quae
1873 1750 2013 1800 citat
2058 1749 2358 1800 Creuzerus
2415 1750 2473 1800 in
2527 1749 2775 1815 Symbol.

1691 1818 1799 1868 111.
1837 1835 1963 1884 pag.
2000 1819 2104 1870 469
2143 1818 2228 1870 ed.
2264 1822 2392 1869 tert.

1755 1900 1999 1952 υστερον
2030 1880 2289 1967 δηλώσω]
2319 1890 2442 1940 vid.
2472 1889 2548 1951 ΙΙ,
2578 1889 2699 1943 Mn,

1758 1972 1887 2007 των
1930 1956 2052 2007 τοῦ
2098 1949 2454 2021 μεγάθεος
2504 1927 2751 2023 uendi

1688 2044 1737 2077 e.
1776 2044 1986 2093 quarum
2020 2028 2083 2077 de
2126 2029 2460 2092 magnitudine
2490 2030 2635 2078 mul
2666 2043 2778 2077 eran

1684 2101 1795 2160 ipso
1822 2097 1914 2147 hoc
1947 2099 2063 2147 lacu
2086 2099 2372 2148 necationem
2400 2099 2606 2176 faciam.
2662 2097 2776 2147 Ubi

1685 2168 1854 2216 verba
1889 2164 2004 2216 τῶν
2037 2164 2142 2215 τοῦ
2184 2158 2466 2231 μεγαθεος
2511 2158 2643 2229 πέρι
2678 2167 2778 2216 ab·

1685 2237 1863 2287 solute
1884 2237 2203 2301 accipienda
2232 2252 2351 2287 3333
2383 2236 2543 2286 docet
2569 2236 2774 2286 Matth.

1687 2308 1778 2358 Gr.
1820 2308 1912 2359 Gr.
1951 2322 2077 2371 pag.
2116 2306 2269 2357 1175.
2306 2333 2374 2343 —-
2413 2306 2479 2355 In
2506 2306 2613 2356 fine
2650 2321 2778 2370 cap.

1685 2392 1807 2427 cum
1833 2377 2005 2427 Gaisf
2028 2377 2431 2440 ι333ιίρ3ἰιῃιι3.
2466 2369 2653 2425 ἄλλων
2676 2371 2777 2423 ου’-

1686 2444 1844 2508 afim,
1882 2462 2002 2496 cum
2036 2444 2201 2510 vulgo
2229 2446 2445 2515 inverso
2482 2444 2672 2495 ordine
2698 2443 2776 2495 13-

1686 2520 1961 2583 gerentur.
2047 2515 2339 2565 Schaefero
2397 2530 2541 2565 nunc
2594 2514 2774 2579 magis

1686 2586 1899 2650 placere
1951 2584 2111 2634 video
2167 2576 2427 2633 οὐδένα
2467 2575 2654 2633 ἄλλων
2716 2585 2773 2633 in

1685 2656 1948 2718 Apparet.
1970 2655 2145 2705 critic.
2165 2655 2236 2705 ad
2261 2653 2611 2705 Demosthen.
2636 2658 2769 2704 tom.

1686 2724 1795 2776 111.
1835 2738 1960 2790 pag.
2003 2724 2120 2775 177.

2076 2895 2210 2946 CAP.
2248 2896 2369 2947 011.

1756 2995 1834 3062 τῷ
1855 3010 2079 3061 ουνομα
2104 2984 2177 3063 ἦν
2202 2989 2541 3063 Σέσωστρις]
2568 2986 2645 3062 ἦν
2669 3016 2770 3064 pro

1684 3066 1811 3117 olim
1845 3066 1993 3131 vulg.
2027 3061 2145 3131 ἔην,
2185 3067 2325 3132 quod
2356 3068 2771 3134 Schweighaeu-

1681 3151 1834 3187 serus
1872 3141 1926 3187 et
1962 3136 2236 3188 Gaisford.
2287 3139 2656 3200 retinuerunt,
2690 3154 2772 3189 re-

1682 3206 1878 3272 scripsi
1912 3206 2192 3257 meliorum
2228 3208 2386 3258 codd.
2419 3209 2769 3270 auctoritate,

1682 3290 1819 3341 quos
1870 3275 2088 3326 eosdem
2145 3280 2376 3327 recentt.
2422 3276 2545 3329 edd.
2594 3279 2769 3328 secuti

1683 3348 1834 3406 sunt;
1870 3349 1932 3395 tu
1966 3344 2079 3395 vid.
2123 3345 2320 3395 Str-uve
2349 3346 2507 3409 Spec.
2548 3347 2594 3397 Ι.
2633 3347 2766 3400 dial.

1682 3412 1883 3465 Herod.
1939 3429 2066 3479 pag.
2122 3416 2192 3465 20
2240 3419 2296 3465 et
2350 3415 2584 3465 Bredov.
2637 3432 2766 3482 pag

1683 3482 1786 3533 405
1822 3498 1972 3549 seqq.
2031 3483 2097 3534 In
2131 3500 2268 3535 voce
2302 3476 2624 3548 Σέσωστρις
2658 3487 2769 3536 Η3-

1685 3552 1897 3603 rodotei
1928 3552 2053 3602 libri
2087 3568 2198 3603 non
2232 3553 2474 3603 variant:
2522 3552 2618 3603 alii
2667 3555 2769 3605 ali—

1685 3625 1768 3672 ter
1813 3622 1918 3672 hoc
1965 3637 2159 3672 nomen
2201 3622 2465 3686 scriptum
2503 3622 2765 3676 afferunt:

1684 3691 1752 3741 de
1794 3706 1903 3756 qua
1950 3692 2251 3756 scripturae
2300 3691 2619 3742 diversitate
2657 3693 2770 3744 dixi

1684 3761 1740 3810 in
1777 3762 2027 3811 Excursu
2061 3761 2132 3810 ad
2167 3760 2220 3812 h.
2260 3759 2319 3822 1.,
2355 3762 2412 3810 in
2444 3776 2551 3827 quo
2584 3761 2649 3813 de
2685 3779 2770 3814 ar-

1683 3828 2146 3949 {32222‘2333‘33
2169 3826 2612 3964 2⁰3200ss3¹3112³311t
2616 3847 2770 3967 ffi?

1684 3968 1835 4018 ribus
1894 3969 2144 4033 exposui,
2204 3969 2464 4019 adhibitis
2524 3975 2766 4022 veterum

1683 4037 2007 4102 scriptorum
2028 4052 2200 4102 aeque
2219 4053 2284 4088 ac
2303 4046 2768 4092 monumentorum

1679 4107 2069 4172 Aegyptiorum
2100 4108 2445 4158 testimoniis.

1751 4174 2002 4225 πλοίοισι
2013 4178 2278 4239 μακροισι
2298 4166 2634 4240 ὁρμηθέντα
2651 4192 2702 4230 κ.
2721 4196 2767 4233 τ.

1681 4243 1751 4311 λ.]
1786 4236 1976 4309 μακρὰ
2019 4244 2192 4293 πλοια
2226 4249 2354 4296 sunt
2388 4261 2542 4296 naves
2570 4250 2768 4313 longae,

1682 4316 1722 4364 i.
1737 4330 1785 4364 3.
1799 4314 2037 4375 bellicae,
2068 4313 2211 4364 conf.
2240 4313 2285 4376 1,
2300 4317 2350 4366 2.
2367 4314 2777 4382 1631b1qn0tt.

1682 4412 1752 4424 --
1787 4382 1921 4434 Cum
1957 4382 2286 4434 Herodoteis
2328 4384 2531 4449 optime
2577 4402 2773 4439 conve·
