3109 5092
473 349 598 438 33⁴6

1337 350 1878 412 HERODOTI

469 520 782 614 ἀρχαῖον,
821 528 943 594 τοῦ
977 529 1282 591 Μυσοῖσι
1314 523 1441 610 μὲν
1467 527 1581 593 καὶ
1614 530 1904 594 Λυδοῖσι
1942 522 2243 613 μέτεστι,
2290 519 2381 604 ὥς
2422 524 2747 613 κασιγνή-

470 651 642 697 τοισι
681 625 868 697 ἐοῦσι
907 642 1082 695 τοῖσι
1120 632 1362 716 Καρσί.
1454 625 1576 697 τὸν
1609 626 1739 720 γὰρ
1774 626 2011 698 Λυδὸν
2056 630 2169 697 καὶ
2203 626 2325 698 τὸν
2353 627 2608 698 Μυσὸν
2636 631 2745 698 λέ-

469 754 667 819 γουσι
709 731 884 801 εἶναι
912 727 1138 819 Καρὸς
1173 726 1569 819 ἀδελφεούς.
1635 732 1931 803 τούτοισι
1969 732 2097 820 μὲν
2138 730 2225 822 δὴ
2252 736 2516 822 μέτεστι
2534 754 2549 767 ·
2602 728 2748 801 ὅσοι

472 836 548 905 δὲ
568 887 589 922 ,
637 834 859 915 ἐόντες
903 831 1114 903 ἄλλον
1159 838 1431 922 ἔθνεος,
1478 832 1895 924 ὁμόγλωσσοι
1939 852 2109 906 τοῖσι
2150 836 2372 928 Καρσὶ
2418 838 2750 923 ἐγένοντο,

469 1134 691 1191 λάσοισι
719 1155 841 1192 οιιιιι
858 1147 1086 1192 recentt.
1107 1141 1422 1207 scripsimus
1445 1145 1559 1191 tum

468 1212 721 1263 binorum
782 1210 1041 1262 librorum
1100 1227 1167 1262 ex
1225 1211 1555 1261 auctoritate

469 1290 587 1332 tum
621 1281 908 1332 Strabonis
943 1296 974 1330 e
1004 1280 1144 1332 loce.
1219 1281 1397 1347 Vulgo
1429 1280 1562 1329 Mv-

470 1344 625 1400 λάσσ
640 1364 800 1400 οισι.
837 1351 903 1400 In
924 1351 1369 1416 inscriptionibus
1394 1350 1561 1402 Grae·

471 1421 550 1470 cis
596 1420 1004 1486 (Corp.1nscr.
1063 1421 1158 1472 Gr.
1216 1421 1410 1471 T.11.
1470 1436 1555 1470 ιιι.

471 1490 629 1541 2691.
677 1505 725 1544 c.
776 1494 832 1540 et
874 1489 1032 1555 2701)
1081 1505 1202 1540 cum
1248 1487 1559 1556 simplici*
1527 1506 1562 1541 σ

472 1561 736 1624 scriptum
760 1560 1044 1624 reperitur.
1091 1559 1249 1610 Conf.
1274 1564 1558 1625 praeterea

472 1630 722 1681 Holsten.
765 1629 836 1679 ad
870 1628 1057 1694 Steph.
1090 1630 1321 1695 Byzant.
1360 1646 1414 1695 p.
1454 1631 1558 1680 214

473 1704 529 1749 et
552 1700 787 1750 Bredov.
825 1714 878 1763 p.
905 1698 995 1753 97.
1065 1700 1150 1749 De
1178 1700 1416 1766 Mylasis,
1456 1699 1558 1749 Ca·

472 1770 586 1820 riae
629 1770 764 1820 urbe
813 1769 948 1819 satis
1001 1769 1181 1835 ampla
1223 1773 1286 1820 ut
1339 1768 1559 1820 videtur

471 1845 799 1905 ornataque,
851 1839 961 1891 vid.
1011 1839 1267 1891 Strabon.
1316 1839 1464 1889 XIV.
1502 1856 1555 1905 p.

471 1908 591 1961 658.
644 1926 698 1976 p.
743 1907 848 1959 973
897 1924 1013 1974 seq.
1101 1909 1362 1974 Reliquos
1412 1914 1560 1960 vete-

470 1995 589 2030 rum
636 1979 787 2031 locos
833 1994 1008 2044 aeque
1066 1994 1133 2028 ac
1180 1980 1560 2042 recentiorum,

471 2051 567 2115 qui
602 2049 701 2101 has
736 2049 985 2113 regiones
1028 2049 1317 2099 inviserint
1360 2065 1425 2099 ac
1470 2049 1560 2099 de-

470 2120 803 2184 scripserint,
824 2119 1350 2185 praebetForbiger:
1372 2118 1561 2168 Hand-

473 2188 615 2238 buch
640 2189 694 2238 d.
720 2187 817 2238 alt.
843 2188 1041 2253 Geogr.
1070 2188 1149 2239 11.
1178 2205 1229 2254 p.
1258 2187 1381 2239 232.
1414 2188 1554 2239 Add.

456 2258 634 2324 ,Coi-p.
667 2257 952 2322 Inscriptt.
992 2258 1218 2310 Graece.
1255 2259 1321 2308 T.
1355 2257 1432 2308 11.
1471 2273 1555 2309 nr.

471 2328 606 2378 2691
647 2341 798 2392 seqq.

539 2398 699 2449 Nunc
736 2396 879 2446 idem
912 2411 1108 2446 nomen
1137 2395 1251 2447 fere
1286 2400 1558 2446 retentum

470 2482 617 2519 esse
648 2467 713 2516 M
714 2468 880 2517 classo
932 2466 1260 2517 s.Me1assa
1317 2465 1553 2517 tradunt.

470 2538 700 2588 Rossius
732 2534 1074 2600 (Kleinasien
1104 2551 1160 2587 ιι.
1178 2534 1558 2587 Deutschland

476 2622 530 2672 p.
578 2609 677 2658 112
734 2622 848 2671 seq.
898 2605 1024 2657 coll.
1062 2606 1203 2685 127)
1252 2621 1286 2656 a
1330 2606 1555 2658 Graecis

469 2692 616 2729 nunc
650 2678 837 2728 vocari
861 2667 1115 2733 Μελισὸς
1145 2675 1353 2739 scribit,
1390 2680 1558 2727 tenue

470 2763 536 2798 ac
572 2746 682 2798 vile
718 2746 999 2812 oppidum,
1040 2746 1133 2795 vix
1167 2713 1369 2797 veteri's
1404 2746 1555 2796 urbis

467 2817 877 2898 amplitudinem
901 2815 1205 2951 ᾱῖοἱιιιαιιε.
1270 2815 1408 2867 Add.
1434 2815 1559 2865 Fel-

466 2886 601 2937 lows
628 2887 764 2937 Asia
787 2886 916 2936 min.
992 2883 1160 2935 .259.
1200 2886 1373 2950 Lycia
1405 2901 1459 2950 p.
1485 2884 1552 2935 67

468 2971 586 3020 seq.
611 2952 975 3005 Tchihatchef
1004 2955 1061 3002 in
1090 2954 1322 3004 Journal
1349 2954 1556 3005 Asiati-

469 3040 574 3090 que
608 3024 760 3075 Serie
777 3025 845 3074 V.
878 3024 947 3074 T.
984 3023 1081 3076 IV.
1112 3039 1166 3088 p.
1195 3023 1258 3073 71
1293 3038 1432 3088 seq„
1462 3024 1558 3088 qui

470 3093 655 3159 oppidi
692 3094 883 3144 domus
921 3092 1246 3156 antiquioris
1281 3093 1432 3142 urbis
1474 3108 1556 3144 re-

465 3164 665 3230 liquias
696 3167 785 3214 sat
802 3160 1001 3212 multas
1027 3161 1313 3212 ostendere
1338 3164 1552 3214 asserit.

469 3235 535 3285 In
586 3232 688 3283 hac
740 3232 871 3282 urbe
931 3229 1189 3296 templum
1246 3231 1354 3281 fuit
1403 3232 1554 3283 Iovis

465 3304 633 3364 carii,
665 3317 826 3368 quem
855 3301 1081 3351 eundem
1100 3307 1265 3366 atque
1289 3302 1554 3352 Stratium

466 3369 779 3440 (στράτιον)
795 3370 1045 3436 perhibet
1059 3371 1317 3422 Aelianus
1344 3372 1408 3421 de
1421 3372 1550 3423 Nat.

467 3442 727 3494 Animall.
763 3441 891 3504 XII,
926 3440 1014 3493 30.
1084 3440 1312 3492 Rectius
1350 3441 1553 3492 Strabo

464 3514 608 3565 inter
666 3516 955 3576 utrumque
1011 3510 1329 3576 distinguit,
1400 3512 1558 3562 varia

464 3586 748 3649 utriusque
780 3581 866 3631 dei
893 3580 1096 3647 templa
1129 3595 1554 3631 commemorans

466 3658 525 3704 et
574 3669 697 3704 cum
741 3650 1024 3702 Herodoto
1072 3650 1290 3717 egregie
1339 3651 1554 3715 conspi-

465 3737 623 3786 rans,
668 3721 765 3772 lib.
804 3721 952 3773 XIV.
1004 3736 1061 3785 p.
1108 3719 1211 3772 659
1257 3719 1385 3770 Cas.
1433 3721 1551 3771 sive

465 3808 521 3856 p.
568 3790 672 3843 973
709 3791 772 3842 C.
818 3791 923 3842 974
964 3791 1029 3840 A.
1103 3790 1356 3855 Namque
1405 3789 1553 3855 Iupi-

465 3869 548 3910 ter
586 3853 845 3942 στράτιος
882 3859 1121 3925 pertinet
1142 3859 1214 3909 ad
1238 3859 1549 3922 Labranda‚

467 3931 560 3995 qui
597 3936 680 3980 est
727 3930 882 3979 vicus
928 3943 1097 3992 prope
1140 3927 1387 3994 Mylasa.
1439 3929 1550 3979 vid.

467 3999 611 4048 infra
644 4003 784 4048 nott.
824 3998 896 4048 ad
931 3999 998 4060 V,
1042 3995 1554 4048 119.10viscarii

469 4068 727 4132 templum
748 4065 1121 4145 Mylasorum‘
1106 4082 1163 4116 ιιι
1186 4068 1319 4118 urbe
1354 4067 1551 4118 Strabo

470 4137 577 4219 1.(1.
593 4135 785 4186 scribit
807 4128 1008 4184 κοινὸν
1029 4126 1302 4185 ἁπάντων
1325 4134 1559 4203 Καρῶν,

473 4195 541 4257 οὖ
576 4203 792 4287 μέτεστι
829 4199 925 4254 καὶ
942 4201 1159 4261 Λυδοῖς
1193 4200 1290 4254 καὶ
1325 4205 1561 4264 Μυσοῖς

471 4267 548 4334 ὥς
582 4265 881 4339 ἀδελφοῖς,
929 4274 1003 4325 cf.
1054 4273 1187 4324 Otto
1234 4273 1396 4324 Iahn.
1456 4276 1560 4325 Ar-

470 4344 752 4410 chaeolog.
771 4345 1035 4395 Aufsiitze
1057 4359 1112 4408 p.
1129 4345 1199 4394 42
1224 4358 1340 4409 seq.
1363 4343 1560 4405 Quam-

468 4431 633 4484 quam
676 4415 846 4480 igitur
891 4414 983 4466 hic
1026 4413 1290 4480 distingui
1334 4428 1560 4466 necesse

340 951 459 1014 172
471 938 764 1009 τούτοισι
795 938 871 1008 δὲ
906 934 989 1006 οὐ
1016 939 1198 1026 μέτα.
1273 943 1365 1007 Οἱ
1397 939 1471 1008 δὲ
1497 939 1789 1010 Καύνιοι
1818 936 2260 1028 αὐτόχθονες,
2290 943 2554 1010 δοκέειν
2581 940 2751 1028 ἐμοὶ,

1665 1145 1777 1205 est,
1826 1157 1896 1192 ne
1932 1141 2039 1193 duo
2087 1142 2292 1209 templa
2337 1142 2497 1193 unius
2536 1141 2752 1207 quidem

1664 1211 1750 1261 dei
1785 1212 1882 1261 sed
1918 1212 2086 1263 variis
2120 1213 2532 1278 cognominibus
2572 1211 2755 1261 ornati

1662 1280 2087 1346 confundamus,
2124 1288 2338 1344 tamen,
2379 1284 2429 1331 si
2463 1282 2630 1331 altius
2673 1282 2752 1330 in-

1663 1351 1877 1414 quirere
1913 1351 2068 1416 velis,
2105 1354 2200 1402 vix
2234 1354 2458 1405 notione
2483 1367 2549 1401 ac
2584 1351 2751 1415 signi-

1660 1419 1915 1472 ficatione
1980 1420 2208 1474 multum
2263 1423 2406 1472 inter
2460 1425 2752 1486 utrumque

1661 1489 1848 1540 Iovem
1890 1493 2155 1543 intererit.
2240 1493 2488 1556 Namque
2531 1495 2752 1540 constat

1662 1559 1828 1610 Cares
1874 1567 1936 1611 ut
1990 1561 2307 1613 bellicosam
2352 1567 2571 1627 gentem
2618 1561 2750 1611 deos

1660 1633 2051 1713 quoquearmis
2072 1631 2311 1696 indutos,
2330 1628 2556 1681 militari
2581 1629 2750 1680 ferme

1662 1700 1842 1764 specie
1895 1706 1951 1751 et
1996 1703 2274 1766 cogitasse
2326 1706 2384 1751 et
2438 1714 2750 1766 repraesen-

1663 1773 1841 1832 tasse,
1899 1772 1982 1821 ita
2023 1776 2085 1821 ut
2129 1772 2319 1823 Iovem
2365 1771 2531 1821 Cares
2584 1769 2750 1819 simili

1663 1839 1855 1904 modo,
1893 1856 2000 1906 quo
2028 1842 2215 1893 Iovem
2253 1831 2546 1905 στράτιον,
2583 1841 2749 1890 armis

1658 1909 2010 1974 instructum,
2066 1915 2505 1976 repraesentasse
2556 1913 2612 1960 et
2659 1923 2752 1960 co-

1661 1977 1832 2030 luisse
1889 1949 2227 2032 crediderim.
2326 1980 2485 2031 Conf.
2541 1979 2750 2030 Soldan

1660 2047 1698 2098 l.
1737 2048 1775 2098 1.
1825 2064 1880 2114 p.
1932 2052 2051 2101 112.
2124 2051 2358 2101 Emeric.
2405 2048 2614 2100 David:
2661 2049 2751 2099 Iu-

1660 2118 1803 2183 piter
1837 2123 1943 2170 etc.
1978 2120 2054 2170 ΙΙ.
2075 2136 2129 2185 p.
2157 2122 2259 2172 457
2296 2135 2412 2184 seq.
2485 2119 2748 2169 Creuzer:

1661 2187 1900 2252 Symbol.
1941 2189 2021 2240 11.
2050 2206 2105 2255 p.
2133 2191 2254 2241 500.
2329 2190 2440 2240 111.
2475 2206 2529 2255 p.
2562 2187 2632 2239 98
2660 2188 2748 2238 ed.

1660 2261 1788 2309 tert.
1816 2259 2065 2310 Sti-eber:
2102 2259 2372 2310 Abhandl.
2401 2259 2457 2310 d.
2485 2258 2746 2309 Miinchn.

1661 2327 1841 2380 Akad.
1881 2328 1933 2377 d.
1974 2329 2063 2380 W.
2104 2327 2254 2393 (hist.
2290 2327 2424 2395 phil.
2463 2328 2571 2392 Ol.)
2604 2329 2650 2378 1.
2690 2343 2746 2391 p.

1660 2396 1781 2449 238.
1853 2397 1996 2448 Addi
2031 2413 2244 2463 quoque
2268 2399 2473 2464 poterit
2504 2396 2748 2450 Uschold

1659 2465 1878 2530 (Gesch.
1930 2467 1984 2518 d.
2026 2468 2252 2519 Troian.
2294 2469 2492 2533 Kriegs
2540 2484 2594 2533 p.
2645 2467 2747 2517 169

1659 2551 1775 2602 seq.
1827 2538 1926 2587 177
1976 2535 2144 2603 seq),
2193 2539 2286 2602 qui
2346 2538 2490 2588 hunc
2546 2538 2746 2587 Carum

1656 2606 1873 2668 Iovem,
1928 2622 2085 2672 quem
2138 2622 2173 2657 a
2225 2608 2556 2659 Graecorum
2609 2607 2747 2656 Iove

1660 2676 1947 2739 discernit,
2004 2675 2212 2728 nullum
2240 2677 2423 2728 'alium
2459 2692 2583 2727 esse
2625 2675 2746 2725 vult

1658 2747 1765 2796 nisi
1798 2747 2259 2812 Agamemnonem
2295 2747 2522 2798 Homeri
2556 2745 2749 2797 carmi-

1658 2816 1818 2866 nibus
1857 2815 2208 2870 celebratum.

1727 2944 1805 3012 ὡς
1821 2945 2210 3020 κασιγνήτοισι
2237 2945 2393 3005 ἐοῦσι
2420 2955 2568 3004 τοῖσι
2592 2953 2747 3016 Καρ-

1661 3021 1735 3087 σί]
1778 3023 1936 3074 Cous.
1982 3025 2304 3076 Strabonem
2341 3025 2488 3076 XIV.
2528 3039 2583 3089 p.
2619 3023 2745 3073 970.

1657 3123 1729 3132 -
1762 3093 1865 3142 His
1900 3095 2084 3144 verbis
2112 3099 2166 3145 et
2193 3093 2545 3160 sequentibus
2583 3093 2634 3142 si
2666 3093 2747 3141 ni-

1656 3161 1734 3212 hil
1750 3162 1920 3226 aliud,
1950 3169 2096 3214 certe
2121 3178 2457 3215 communem
2481 3162 2746 3227 originem

1660 3237 1825 3298 atque
1859 3232 2087 3298 stirpem
2122 3234 2352 3284 istarum
2385 3232 2626 3298 gentium
2659 3246 2747 3281 sa-

1657 3303 1731 3353 tis
1780 3301 2048 3353 declarari
2094 3307 2278 3368 putem
2331 3302 2427 3364 (cf.
2473 3300 2669 3352 Hoeck
2703 3299 2742 3352 l.

1661 3370 1700 3423 l.
1737 3386 1790 3435 p.
1829 3371 1926 3423 301
1967 3371 2124 3438 seq.);
2161 3387 2333 3437 quare
2366 3372 2424 3421 in
2458 3372 2631 3437 Lydis
2666 3375 2747 3420 at-

1657 3456 1762 3507 que
1795 3441 1992 3506 Mysiis
2047 3441 2271 3492 colonos
2322 3441 2520 3492 Carum
2581 3455 2746 3505 quae-

1658 3516 1813 3574 runt,
1866 3510 2008 3560 hanc
2053 3511 2229 3576 ipsam
2274 3510 2343 3563 ob
2389 3525 2613 3560 causam
2661 3524 2747 3559 sa-

1659 3595 1873 3632 crorum
1894 3580 2210 3646 participes.
2261 3580 2421 3631 Conf.
2440 3578 2620 3631 Raoul
2637 3579 2745 3630 Bo-

1658 3649 1839 3701 chette
1873 3650 2121 3700 Histoire
2169 3649 2237 3700 de
2271 3648 2559 3700 l'etabliss.
2602 3649 2650 3699 1.
2687 3664 2744 3713 p.

1656 3719 1759 3770 389
1808 3734 1923 3783 seq.
2012 3720 2166 3782 Quae
2208 3719 2257 3769 si
2308 3735 2440 3769 vera
2487 3720 2598 3768 sint
2645 3724 2745 3768 aut

1656 3793 1804 3839 certe
1837 3789 1952 3838 veri
1993 3790 2230 3855 speciem
2274 3789 2550 3854 quandam
2591 3802 2744 3852 prae-

1655 3860 1852 3922 beant,
1922 3858 2277 3924 intelligitur,
2347 3874 2444 3909 cur
2507 3856 2746 3922 reliquos

1655 3926 2022 3994 alienigenos,
2078 3927 2327 3995 quamvis
2373 3926 2601 3979 eandem
2647 3926 2748 3976 lin-

1655 4011 1818 4063 guam
1856 3999 2109 4062 edentes,
2158 3997 2504 4049 excluserint.
2575 3997 2747 4046 Perti-

1655 4067 1842 4118 nuisse
1876 4067 2019 4117 enim
2065 4068 2162 4118 isti
2196 4066 2452 4118 videntur
2497 4067 2568 4117 ad
2605 4065 2744 4116 alias

1661 4141 1851 4201 gentes
1889 4131 2204 4203 indigenas,
2241 4143 2370 4188 ante
2406 4135 2621 4186 illorum
2655 4152 2749 4186 co-

1660 4206 1908 4258 lonorum
1937 4207 2232 4258 adventum
2268 4207 2410 4258 hanc
2435 4212 2637 4257 terram
2670 4211 2748 4255 te-

1659 4281 1881 4340 nentes,
1930 4292 2054 4327 mox
2090 4292 2219 4328 vero
2266 4292 2553 4342 oppressas
2590 4291 2625 4325 a
2661 4290 2749 4324 co-

1659 4343 1801 4397 lonis
1851 4346 2181 4408 victoribus,
2238 4362 2464 4411 quorum
2507 4344 2595 4397 vel
2647 4342 2748 4394 lin-

1659 4430 1824 4480 guam
1858 4420 1920 4466 ut
1955 4416 2091 4467 victi
2125 4415 2479 4468 adsciverint.
