3109 5092
1031 356 1534 419 EUTERPE.
1580 358 1665 418 H.
1707 365 1798 420 42.
2429 352 2553 415 523

278 535 482 620 βαίου
526 532 692 614 εἰσὶ,
734 517 924 600 οὗτοι
956 530 1082 617 μέν
1120 556 1256 600 νυν
1290 530 1536 610 πάντες
1559 527 1728 601 ὀΐων
1755 526 2155 618 ἀπεχόμενοι
2191 528 2388 616 αἶγας
2414 528 2547 600 θύ-

277 655 449 705 ουσι.
503 631 714 714 θεοὺς
741 630 872 723 γὰρ
901 631 985 723 δὴ
1015 628 1099 702 οὐ
1123 631 1280 714 τοὺς
1309 630 1560 714 αὐτοὺς
1594 630 1883 715 ἅπαντες
1911 629 2157 722 ὁμοίως
2187 632 2551 720 Αἰγύπτιοι

277 741 619 826 σέβονται,
668 733 848 825 πλὴν
865 734 1072 817 Ἴσιός
1109 764 1182 806 τε
1225 740 1338 808 καὶ
1370 734 1691 828 Ὀσίριος,
1739 735 1859 807 τὸν
1888 734 1973 827 δὴ
2002 734 2348 808 Διόνυσον
2375 734 2551 807 εἶναι

274 941 428 990 ratur
450 938 631 990 verbis
664 930 930 1002 ἔκτηνται
956 929 1115 1002 ἱρὸν,
1150 944 1215 990 ut
1243 955 1365 991 mes

276 1007 491 1075 quidem
539 1007 815 1058 sententia
860 1007 1033 1058 omnis
1070 1008 1216 1059 absit
1251 1025 1362 1060 mu-

276 1076 433 1129 tendi
491 1091 677 1127 causs-
765 1077 906 1127 Nam
964 1076 1361 1144 intelliguntur,

273 1149 583 1213 quicunque
606 1146 794 1197 Iovem
809 1146 1151 1198 Ammonium
1178 1148 1366 1200 colunt

277 1222 332 1267 et
364 1217 438 1267 ad
473 1217 590 1266 eius
622 1215 878 1282 templum
900 1216 1220 1284 Thelganum
1244 1234 1364 1284 per-

276 1287 469 1338 tinent.
540 1285 656 1336 Nee
693 1285 868 1351 magis
919 1287 978 1335 in
1024 1301 1177 1352 seqq.
1225 1303 1361 1352 opus

273 1356 511 1406 lectione
546 1343 674 1404 ὅσοι
712 1349 777 1405 δὲ
811 1346 925 1418 δὴ,
962 1358 1025 1406 ut
1058 1356 1204 1406 idem
1235 1357 1362 1408 Vol-

277 1425 435 1477 cken.
472 1423 693 1486 maluit,
742 1440 864 1475 cum
913 1425 1161 1489 repetitis
1196 1427 1362 1490 perti-

275 1493 415 1546 culis
461 1486 566 1558 μὲν
610 1497 666 1544 et
711 1486 776 1543 δὲ
813 1482 963 1557 (ὅσοι
1005 1487 1128 1558 μὲν
1173 1488 1254 1560 δὴ
1289 1526 1360 1537 -

276 1551 437 1614 οὗτοι
472 1560 596 1624 μέν
631 1576 753 1612 νυν
799 1567 854 1614 et
889 1552 1016 1612 ὅσοι
1059 1557 1124 1613 δὲ
1157 1591 1228 1604 -
1263 1552 1360 1614 οὖ-

273 1648 364 1683 τοι
398 1625 501 1695 δὲ)
541 1632 678 1682 satis
724 1647 978 1698 magnam
1021 1633 1133 1683 vim
1177 1636 1361 1700 acqui-

277 1702 431 1753 sierit
473 1702 669 1753 oratio.
764 1702 889 1753 Vid.
935 1703 1255 1754 Buttmann.
1301 1705 1356 1753 in

275 1774 504 1823 Excurs.
537 1770 608 1822 sd
635 1772 917 1823 Demosth.
944 1771 1099 1823 Orat.
1139 1773 1275 1825 Mid.
1301 1790 1357 1838 p.

280 1843 378 1893 154
425 1845 482 1891 et
518 1842 587 1891 de
619 1840 900 1906 particulis
937 1835 1042 1905 μὲν
1085 1848 1142 1893 et
1176 1837 1242 1892 δὲ
1277 1843 1358 1894 ita

277 1910 598 1976 duplicatis,
658 1917 721 1961 ut
777 1912 835 1961 in
885 1911 1054 1976 priori
1117 1912 1357 1963 membro

273 1973 379 2045 μὲν
411 1985 646 2045 ponetur
681 1981 783 2042 bis,
833 1981 891 2031 in
925 1981 1154 2045 spodosi
1181 1996 1357 2047 seque

273 2055 439 2115 atque
472 2049 530 2100 in
565 2050 801 2114 protasi,
837 2051 893 2100 in
920 2050 1092 2101 altero
1118 2052 1355 2102 membro

271 2112 337 2169 δὲ
361 2119 438 2169 ὁίε
461 2118 688 2169 similem
714 2120 772 2169 in
803 2120 1018 2170 modum
1034 2158 1048 2182 ,
1085 2120 1351 2170 Herodot.

270 2189 348 2251 11,
375 2189 463 2241 26.
501 2188 587 2239 50.
633 2187 749 2251 102,
793 2188 932 2251 alia,
982 2205 1121 2255 quae
1165 2190 1355 2240 attulit

270 2257 501 2310 Werfer.
541 2257 581 2310 1.
619 2257 655 2308 1.
695 2275 748 2323 p.
786 2258 872 2309 90.
912 2289 983 2299 —
1017 2259 1182 2310 Iovem
1223 2259 1353 2311 Tlee-

269 2327 449 2378 banum
483 2328 709 2393 eiusque
733 2328 992 2392 templum
1017 2330 1220 2380 Noster
1244 2331 1353 2379 ism

270 2398 713 2448 commemoravit
739 2398 784 2456 Ι,
820 2398 916 2448 182
947 2398 1069 2460 (ubi
1089 2398 1156 2450 de
1179 2399 1354 2450 forms

270 2462 554 2530 Θηβαιέος
586 2471 643 2518 et
669 2466 724 2517 h.
763 2466 800 2516 l.
835 2473 890 2517 et
928 2468 1002 2530 Il,
1039 2470 1106 2519 54
1140 2484 1353 2534 quoque

270 2535 435 2586 obvia
468 2534 730 2600 diximus)
757 2542 1246 2604 commemoratque
1274 2539 1354 2588 in-

271 2606 356 2657 frs
386 2605 464 2668 11,
503 2607 589 2656 54.
630 2605 715 2669 56,
749 2607 986 2673 itemque
1022 2608 1097 2670 11,
1132 2608 1202 2659 29
1232 2607 1351 2670 (ubi

269 2674 337 2726 de
371 2690 436 2725 eo
479 2675 616 2726 Iove
648 2691 852 2738 sermo,
905 2677 999 2744 qui
1048 2678 1105 2727 in
1140 2679 1353 2728 Meroes

267 2743 447 2810 insula
481 2744 697 2812 colitur)
721 2751 778 2796 et
802 2746 879 2808 ΙΙ,
907 2746 977 2797 32
1014 2744 1128 2811 (ubi
1167 2748 1234 2798 de
1268 2748 1353 2798 Io-

268 2814 354 2865 vis
380 2813 580 2879 templo
599 2819 654 2865 et
667 2815 889 2867 oraculo
917 2818 972 2866 in
992 2814 1349 2877 oasiSiwah).

269 2883 532 2949 Reliquos
567 2900 754 2936 omnes
789 2890 1033 2936 veterum
1067 2885 1220 2938 locos
1258 2887 1352 2936 ds-

267 2953 350 3004 bit
385 2954 846 3005 Schmittbenner:
899 2957 983 3006 De
1019 2956 1151 3006 Iove
1185 2956 1352 3005 Ham-

267 3038 425 3074 mone
444 3023 728 3090 syntagm.
750 3024 797 3074 Ι.
824 3023 1146 3090 (Weilburg.
1175 3024 1351 3091 1840.)

266 3108 322 3157 p.
366 3092 431 3144 10
456 3108 606 3159 seqq.
656 3094 762 3156 Qui
783 3093 945 3156 deus,
974 3094 1178 3145 Thebis
1196 3111 1350 3160 prse-

270 3164 426 3227 cipue
462 3161 670 3225 cultus,
718 3163 897 3227 qualis
933 3164 1101 3215 fuerit
1145 3164 1203 3215 in
1242 3165 1348 3216 Ae·

266 3232 578 3297 gyptiorum
603 3233 850 3284 Pantheo
871 3249 1136 3300 quemque
1170 3234 1348 3286 locum

264 3302 322 3352 in
366 3301 758 3367 Aegyptiorum
803 3303 1023 3355 deorum
1068 3304 1350 3355 ordinibus

266 3371 487 3435 ceperit,
525 3372 574 3422 si
608 3388 868 3438 quaeras,
902 3373 1215 3438 primarium
1245 3376 1352 3425 uti-

269 3455 374 3505 que
417 3456 613 3491 nomen
659 3442 858 3502 fnisse,
906 3443 964 3492 in
1008 3444 1182 3507 primo
1225 3444 1352 3496 deo-

264 3525 382 3560 rum
395 3509 585 3561 ordine
600 3511 985 3576 reponendum,
1011 3517 1218 3563 eertum
1238 3519 1348 3564 est:

265 3578 384 3629 sive
411 3580 713 3644 profectum
736 3580 887 3632 dicas
924 3597 986 3631 eo
1022 3597 1087 3631 ex
1111 3582 1347 3644 numine,

264 3647 410 3714 quod
439 3649 675 3700 omnium
706 3650 1035 3716 primitirffln
1055 3651 1250 3704 volunt
1269 3653 1349 3702 in-

268 3715 438 3783 deque
485 3725 742 3784 sepes-snt
783 3719 968 3784 (Nux,
1019 3719 1250 3772 Chrubis
1299 3736 1346 3772 s.

263 3788 486 3851 Kneph:
523 3787 636 3841 vid.
664 3790 886 3842 Bunsen
917 3791 1149 3855 Egypt's
1184 3789 1349 3840 Plaee

262 3856 321 3917 iu
361 3857 653 3909 Universsl
693 3860 926 3924 History
974 3859 1021 3910 1.
1071 3875 1196 3924 pag.
1248 3859 1352 3913 369

264 3923 465 3992 seqq),
502 3928 621 3979 sive
655 3942 822 3980 unum
858 3928 1108 3995 idemque
1141 3929 1346 3981 habeas

262 4009 490 4059 numen,
544 3996 686 4062 quod
720 3997 979 4064 'spiritum
1022 3997 1264 4049 divinum
1298 4014 1343 4049 s.

259 4071 494 4116 mentem
529 4066 767 4118 divinam
803 4067 1045 4119 declaret
1078 4068 1348 4119 additum-

263 4151 366 4200 que
399 4140 558 4201 gerat
592 4137 749 4201 quasi
775 4136 993 4188 titulum
1015 4137 1181 4188 Am
1214 4136 1272 4203 (i.
1294 4154 1342 4188 e.

259 4206 522 4268 occultem,
557 4221 658 4256 non
689 4205 957 4272 epm).
1029 4209 1152 4259 Hoc
1178 4208 1348 4274 igitur

260 4289 527 4325 summum
560 4289 761 4326 numen
794 4275 931 4327 Solis
977 4275 1141 4342 globo
1177 4277 1347 4329 homi-

258 4344 421 4394 nibus
469 4344 745 4398 indicatur
794 4350 848 4395 et
904 4351 1346 4411 repraesentatur

257 4412 510 4479 idemque
543 4414 720 4466 omnis
739 4415 795 4465 in
827 4427 1004 4468 rerum
1036 4421 1232 4467 natur·
1262 4416 1342 4465 vi·

1465 944 1554 991 tae
1592 939 1751 991 initis
1799 944 1965 1006 atque
2009 938 2343 990 incrementa
2388 938 2446 987 in
2490 952 2551 990 se

1464 1010 1710 1061 continet
1739 1023 2055 1075 omnemque
2094 1022 2274 1058 rerum
2311 1006 2551 1057 ordinem

1465 1080 1776 1142 constituit,
1824 1093 2043 1130 cursum
2086 1092 2241 1128 suum
2285 1091 2382 1141 per
2426 1092 2549 1127 coe-

1462 1149 1575 1200 lum
1611 1150 1836 1215 eiusque
1866 1148 2025 1213 signs
2061 1146 2352 1198 absolvens
2377 1161 2551 1212 eoque

1463 1221 1642 1285 ipsum
1679 1234 1878 1270 annum
1913 1216 2145 1267 afferens
2185 1220 2240 1265 et
2279 1231 2549 1281 quaecun-

1463 1304 1570 1355 que
1605 1303 1699 1353 per
1733 1289 1865 1338 anni
1899 1302 2115 1338 cursum
2147 1285 2206 1334 in
2240 1300 2420 1335 rerum
2454 1301 2550 1336 ns-

1459 1363 1586 1409 turn
1630 1357 1768 1408 fiunt
1815 1356 2087 1407 efficiens:
2133 1355 2318 1421 itaque
2362 1355 2419 1404 in
2468 1356 2549 1405 in-

1460 1426 1849 1492 scriptionibus
1911 1425 2261 1491 praedicstur
2327 1425 2549 1476 Amun-

1461 1497 1540 1548 Re
1574 1512 1621 1547 s.
1654 1496 1754 1559 Ra,
1800 1496 1839 1546 i.
1891 1510 1939 1546 e.
1978 1495 2200 1546 domninus
2240 1496 2390 1554 coeli,
2445 1511 2548 1545 rex

1462 1567 1695 1617 deor-muz
1731 1564 1844 1615 vid.
1871 1564 2076 1615 Roeth=
2114 1563 2309 1615 Gesoh.
2342 1563 2394 1613 d.
2420 1564 2547 1615 Phi-

1463 1635 1568 1687 los.
1604 1637 1653 1688 1.
1691 1639 1832 1686 nott.
1871 1649 2000 1699 pag.
2038 1634 2125 1695 94,
2164 1632 2257 1697 qui
2295 1633 2438 1683 idem
2476 1633 2544 1686 de

1462 1707 1565 1756 hoc
1614 1706 1717 1756 deo
1760 1704 2005 1770 pluribus
2054 1703 2303 1767 exposuit
2348 1718 2402 1766 p.
2445 1703 2545 1756 132

1461 1790 1614 1841 seqq.
1651 1775 1752 1826 145
1789 1789 1904 1839 seq.
1941 1777 1997 1823 et
2030 1776 2168 1823 nott.
2206 1787 2260 1836 p.
2295 1770 2363 1822 35
2388 1788 2542 1838 seqq.

1459 1845 1530 1896 40
1566 1860 1715 1910 seqq.
1771 1842 2043 1908 Seyfferth
2074 1841 2110 1891 1.
2135 1841 2173 1891 1.
2194 1857 2246 1906 p.
2272 1840 2359 1891 97.
2399 1841 2541 1894 Add.

1457 1914 1681 1965 Bunsen
1727 1913 1766 1964 1.
1809 1912 1847 1963 l.
1898 1910 2223 1962 Wilkinson.
2282 1911 2542 1963 Manners

1458 1988 1567 2034 etc.
1605 1998 1714 2033 sec.
1752 1996 1857 2035 ser.
1902 1980 1949 2030 Ι.
1990 1998 2041 2046 p.
2077 1980 2180 2030 243
2224 1996 2377 2046 seqq.
2413 1982 2539 2032 coll.

1455 2052 1524 2104 26
1535 2055 1579 2102 4.
1636 2052 1869 2115 Lepsius
1895 2050 1977 2100 int
2001 2049 2293 2102 Abhandll.
2320 2049 2373 2100 d.
2394 2052 2539 2103 Berl.

1457 2122 1628 2172 Acad.
1683 2121 1837 2172 1851.
1886 2136 2014 2185 pag.
2069 2118 2169 2172 186
2216 2134 2367 2186 seqq.
2417 2121 2540 2174 194.

1456 2190 1671 2242 Εωότίο
1709 2188 1919 2240 David:
1968 2189 2177 2254 Iupiter
2214 2190 2262 2240 1.
2307 2205 2434 2256 pag.
2471 2191 2542 2242 82

1454 2276 1608 2327 seqq.
1649 2259 1752 2311 106
1786 2275 1939 2326 seqq.
2013 2259 2168 2321 Quae
2194 2260 2293 2323 ‘qui
2322 2266 2542 2325 reputa-

1453 2331 1624 2392 verit,
1676 2328 1844 2380 facile
1877 2329 2068 2394 opinor
2101 2328 2397 2396 intelliget,
2447 2333 2540 2396 qui

1457 2401 1666 2451 factum
1714 2401 1815 2463 sit,
1860 2403 1923 2449 ut
1972 2398 2169 2451 Graeci
2213 2398 2355 2450 hunc
2399 2416 2540 2452 sum-

1453 2486 1598 2520 mum
1620 2469 2013 2535 Aegyptiorum
2047 2468 2205 2519 deum
2233 2483 2355 2520 cum
2388 2469 2538 2535 Iove,

1455 2540 1548 2605 qui
1588 2543 1642 2588 et
1674 2539 1794 2603 ipse
1843 2553 2085 2589 summus
2121 2538 2254 2589 deus
2295 2538 2539 2590 deorum-

1454 2624 1558 2674 que
1595 2623 1689 2657 rex
1708 2607 2122 2673 perhibebatur,
2161 2607 2540 2659 contenderint

1450 2678 1712 2743 Iovemque
1745 2677 2046 2727 Ammonium
2079 2675 2206 2726 inde
2242 2678 2538 2729 constitue-

1450 2748 1589 2797 rint:
1626 2746 1694 2797 de
1727 2762 1832 2812 quo
1864 2746 2021 2810 plura
2053 2745 2197 2795 idem
2228 2745 2405 2796 Roeth
2434 2746 2470 2798 1.
2496 2747 2534 2799 l.

1451 2820 1592 2868 nott.
1627 2833 1682 2882 p.
1717 2818 1805 2867 41.
1865 2812 2084 2866 Emeric
2116 2814 2298 2865 David
2328 2815 2368 2867 1.
2406 2816 2444 2867 1.
2483 2821 2538 2867 et

1452 2888 1531 2939 11.
1572 2902 1623 2951 p.
1663 2886 1762 2936 401
1819 2900 1970 2950 seqq.
2001 2915 2073 2924 —
2106 2883 2390 2937 Caeterum
2433 2886 2539 2939 hoc

1451 2973 1517 3006 ex
1561 2955 1684 3007 loco
1725 2955 2093 3006 coniecturam
2137 2954 2205 3005 de
2255 2971 2536 3008 nomorum

1451 3026 1841 3091 Aegyptiorum
1876 3025 2088 3091 origine
2123 3023 2275 3075 ducit
2300 3025 2533 3081 Heereu.

1448 3095 1615 3146 Ideen
1644 3100 1749 3147 etc.
1786 3096 1861 3156 11,
1883 3096 1935 3146 2.
1968 3110 2095 3160 pag.
2128 3094 2228 3147 113
2253 3094 2377 3146 coll.
2414 3098 2534 3150 155.

1449 3167 1656 3217 Nomos
1678 3167 1821 3216 enim
1840 3165 2149 3231 suspicatur
2167 3164 2413 3230 singulos
2427 3169 2536 3220 sin-

1449 3235 1581 3298 gula
1614 3234 1685 3285 ad
1720 3233 1924 3300 templs.
1956 3233 2404 3301 sacerdotumque
2448 3253 2535 3288 eo-

1447 3304 1628 3356 loniss
1676 3305 2033 3370 pertinuisse,
2074 3318 2305 3369 quarum
2348 3306 2536 3371 singu-

1448 3374 1535 3425 lae
1587 3375 1829 3438 singulos
1886 3373 2270 3428 constituerint
2325 3389 2532 3436 nomos,

1449 3459 1550 3495 sus
1572 3458 1838 3509 quemque
1867 3439 2129 3508 religione
2152 3443 2432 3509 sacrisque
2457 3442 2535 3493 di-

1449 3513 1712 3564 stinctum
1739 3512 1807 3562 ab
1828 3511 1949 3562 aliis
1970 3512 2175 3572 nomin
2210 3512 2291 3563 its
2315 3516 2377 3562 ut
2402 3517 2535 3578 quot

1450 3582 1621 3644 nomi,
1678 3580 1905 3631 totidem
1950 3580 2292 3632 sacerdotum
2342 3581 2539 3646 civita...

1445 3656 1532 3702 tes
1567 3667 1612 3701 s.
1640 3649 1888 3701 coloniae
1923 3650 2173 3714 primitus
2205 3650 2529 3703 exstiterint.

1448 3722 1631 3784 Quare
1668 3719 1943 3771 Sesostrin
1987 3733 2265 3770 nomorum
2312 3718 2535 3769 divisio-

1448 3806 1569 3841 nem
1612 3789 1923 3840 instituisse
1973 3787 2110 3849 dici,
2157 3788 2285 3854 quis
2328 3790 2533 3853 primus

1446 3859 1618 3911 totins
1648 3858 1886 3925 Aegypti
1919 3857 2202 3923 imperium
2223 3863 2419 3909 nactus
2439 3859 2530 3911 sit.

1447 3930 1534 3980 Tu
1562 3928 1674 3983 vid.
1711 3927 1780 3979 de
1813 3929 1989 3980 nemis
2014 3932 2155 3980 nott.
2191 3928 2263 3978 sd
2296 3928 2371 3992 11,
2412 3928 2530 3980 109.

1445 3998 1797 4130 161’,ὸσίριοςὴ
1828 4054 1933 4113 τὸν
1966 4055 2040 4129 δὴ
2072 4055 2362 4116 Διόνυσον
2384 4057 2534 4115 εἶναι

1445 4133 1691 4203 λέγουσι]
1727 4134 1887 4184 Conf.
1908 4133 2112 4185 Herod.
2147 4134 2223 4197 11,
2258 4134 2361 4185 144
2396 4151 2532 4201 seq„

1445 4207 1634 4273 ibique
1667 4208 1828 4266 nott„
1863 4202 2002 4255 dios
2034 4203 2187 4255 locos
2216 4209 2279 4254 ut
2298 4208 2530 4256 taceam.

1445 4277 1526 4327 Ac
1572 4290 1705 4327 vers
1752 4273 1967 4339 quidem
2018 4273 2281 4325 historiae
2323 4280 2535 4340 patrem

1446 4344 1770 4406 tradidisse,
1806 4357 1908 4393 nec
1940 4342 2155 4409 lapsum
2182 4358 2329 4405 esse,
2367 4349 2428 4393 ut
2461 4345 2532 4394 iis

1445 4414 1644 4480 placet,
1673 4412 1766 4478 qui
1789 4411 2071 4463 Herodoto
2098 4412 2218 4478 plus
2249 4427 2309 4463 se
2340 4427 2533 4478 sapere
