3109 5092
462 382 587 444 454
735 463 740 467 ι
1334 324 1875 434 ΗΕΒούοΤῙ

467 552 688 642 ἅλμην
719 549 1222 632 ἐπανθέουσαν,
1256 543 1426 616 ὥστε
1468 546 1581 614 καὶ
1619 542 1735 625 τὰς
1778 546 2162 631 πυραμίδας
2205 541 2606 631 δηλέεσθαι,
2638 541 2752 610 καὶ

469 655 744 745 ψάμμον
769 657 1030 742 μοῦνον
1059 648 1416 737 Αἰγύπτου
1453 640 1656 737 οὖρος
1683 653 1882 718 τοῦτο
1912 643 1986 714 τό
2018 640 2194 731 ὑπὲρ
2224 648 2545 734 Μέμφιος
2576 650 2751 732 ἔχον,

469 756 637 849 πρὸς
677 755 752 825 δὲ
794 759 875 843 τῇ
916 752 1099 844 χώρῃ
1139 750 1295 822 οὔτε
1337 758 1417 841 τῇ
1444 749 1721 842 Ἀραβίῃ
1759 748 2113 840 προσούρῳ
2142 748 2344 837 ἐούσῃ
2375 746 2499 836 τὴν
2525 757 2744 833 Αἴγυ-

469 886 637 932 πτον
678 860 1120 948 προσεικέλην
1147 853 1303 926 οὔτε
1337 860 1418 946 τῇ
1450 854 1708 943 Λιβύῃ,
1752 851 1833 923 οὐ
1873 850 2007 940 μὴν
2035 848 2196 921 οὐδὲ
2223 859 2303 940 τῇ
2331 858 2552 940 Συρίῃ
2605 854 2749 938 (τῆς

468 961 598 1054 γὰρ
617 960 929 1052 Ἀραβίης
958 957 1040 1028 τὰ
1069 958 1248 1049 παρὰ
1266 958 1623 1028 θάλασσαν
1643 957 1888 1047 Σύριοι
1911 958 2276 1043 νέμονται),
2305 952 2473 1024 ἀλλά
2499 952 2745 1042 μελάγ-

467 1163 570 1214 rid.
604 1176 723 1226 cap.
751 1160 838 1210 40.
870 1174 921 1224 p.
949 1157 1052 1209 367
1081 1158 1148 1221 A,
1186 1157 1280 1207 nbi
1315 1156 1450 1206 haec
1484 1152 1561 1203 le-

469 1236 695 1298 guntur:
742 1221 1007 1277 θάλασσα
1050 1217 1159 1291 γὰρ
1206 1215 1282 1290 ἦν
1317 1217 1352 1289 ἡ
1392 1220 1559 1287 Αἴγυ-

467 1313 639 1357 πτος·
688 1288 782 1346 διὸ
828 1287 1009 1347 πολλὰ
1056 1288 1162 1359 μὲν
1198 1284 1259 1344 ἐν
1305 1295 1427 1349 τοῖς
1464 1305 1558 1356 με-

468 1360 691 1425 τάλλοις
720 1361 815 1415 καὶ
850 1365 974 1421 τοῖς
1007 1354 1202 1428 ὄρεσιν
1237 1353 1555 1427 εὑρίσκεται

469 1430 636 1504 μέχρι
680 1432 791 1484 νῦν
827 1424 1101 1497 κογχύλια
1149 1425 1325 1497 ἔχειν·
1377 1427 1556 1480 πᾶσαι

471 1500 535 1556 δὲ
569 1519 649 1568 πη
686 1499 749 1553 012
792 1498 887 1552 καὶ
936 1494 1158 1567 φρέατα
1197 1493 1385 1551 πάντα
1420 1497 1556 1548 πολ-

470 1571 586 1625 λῶν
636 1519 1043 1638 ἕπαρχόντων,
1094 1561 1352 1636 ἁλμυρὸν
1396 1558 1558 1648 {dmg

469 1639 566 1694 καὶ
614 1636 825 1707 πικρὸν
872 1633 1129 1703 ἔχουσιν,
1178 1630 1253 1696 ὡς
1293 1628 1368 1687 ἂν
1413 1650 1559 1686 υπο-

468 1713 671 1776 λειμμα
705 1708 807 1775 τῆς
845 1705 1020 1759 πάλαι
1051 1700 1346 1771 θαλάσσης
1382 1701 1560 1762 ’ἕωλον

469 1772 750 1832 ἕνταυθοί
783 1769 1252 1844 συνερρυηκότος.
1300 1775 1384 1827 Ad
1420 1788 1561 1840 quae

468 1849 797 1901 illustranda
841 1847 1238 1912 Wesselingius
1298 1843 1561 1895 nonnulla

469 1918 698 1986 protulit
733 1918 800 1969 de
834 1915 1162 1982 conchyliis,
1198 1929 1339 1980 quae
1373 1911 1559 1963 multis

468 1990 527 2039 in
552 1988 827 2038 montibus
865 1988 1213 2036 inveniantur
1236 1988 1291 2034 et
1324 1983 1395 2033 ad
1417 1984 1560 2032 Noa-

470 2058 727 2110 chiticam
772 2055 1187 2106 inundationem
1222 2051 1310 2103 vel
1344 2057 1559 2115 tempus

472 2126 808 2177 diluvianum
832 2124 997 2190 vulgo
1020 2123 1348 2173 referantur.
1384 2121 1561 2171 Accu·

469 2196 644 2246 ratius
681 2209 749 2243 ex
789 2192 1151 2243 recentiorum
1192 2190 1561 2256 peregrinato-

468 2279 588 2314 rum
632 2262 789 2311 libris
830 2261 898 2312 de
944 2261 1029 2311 his
1065 2260 1316 2325 exposuit
1351 2259 1556 2309 Ritter:

471 2331 772 2384 Erdkunde
806 2331 854 2380 1.
899 2346 954 2395 p.
977 2329 1082 2381 858
1122 2344 1235 2393 seq.
1310 2328 1559 2392 Namque

471 2416 637 2466 supra
668 2416 792 2450 eum
814 2399 1019 2462 locum,
1059 2398 1152 2448 ubi
1176 2394 1334 2449 Nilus
1368 2396 1425 2445 in
1453 2396 1559 2446 duo

470 2469 698 2522 brachia
726 2469 1057 2530 dissecatur,
1095 2467 1237 2518 duae
1270 2471 1402 2516 sunt
1435 2480 1562 2516 con-

468 2539 668 2602 valles,
708 2538 883 2592 altera
911 2539 1174 2589 orientem
1206 2551 1395 2587 versus
1432 2536 1559 2598 sita,

471 2607 654 2660 altera'
672 2608 1005 2659 occidentem
1027 2622 1237 2658 versus.
1275 2605 1397 2668 Illa,
1420 2620 1561 2670 quae

470 2694 616 2730 nunc
636 2678 835 2729 dicitur
855 2680 909 2728 V
905 2676 1098 2727 erl-Tic!
1120 2676 1181 2739 (i.
1195 2692 1242 2727 e.
1264 2674 1445 2739 „Thai
1465 2674 1561 2724 der

469 2746 830 2813 Verirrung“)
849 2785 862 2810 ,
903 2746 972 2796 ab
1008 2747 1143 2796 urbe
1183 2746 1344 2797 Cairo
1383 2743 1562 2794 tendit

470 2821 861 2949 {33232'1'2'0‘32
899 2813 1560 2935 53333232333323

470 2955 746 3018 regionem
772 2959 1035 3017 tangens,
1071 2954 1159 3003 cui
1185 2968 1330 3003 nune
1361 2967 1556 3002 nomen

472 3024 635 3074 Sues.
690 3022 757 3072 In
795 3036 862 3072 ea
898 3020 1162 3086 hodieque
1197 3036 1397 3086 magna
1432 3036 1560 3072 con-

472 3090 773 3157 chyliorum
830 3091 1105 3140 invenitur
1164 3092 1348 3155 copia,
1416 3105 1556 3153 quae

472 3175 683 3212 omnem
731 3159 845 3210 fere
889 3159 1226 3223 superficiem
1262 3159 1553 3223 obtegunt;

470 3233 761 3295 supersunt
813 3227 951 3278 adeo
1006 3227 1331 3279 concharum
1379 3233 1555 3279 testae

470 3315 579 3352 non
614 3297 981 3363 petrificata03
1022 3313 1161 3363 quae
1200 3298 1382 3349 omnia
1419 3299 1558 3347 satis

471 3370 758 3430 evincunt,
807 3368 969 3417 maris
1005 3368 1163 3417 undis
1202 3368 1346 3418 hunc
1380 3367 1559 3417 locum

470 3439 601 3490 olim
632 3438 802 3488 fuisse
839 3441 1060 3487 tectum.
1110 3436 1291 3499 Adde,
1332 3451 1471 3502 quae
1500 3438 1558 3487 in

471 3508 698 3560 eandem
743 3507 1072 3557 sententiam
1115 3506 1273 3556 affert
1308 3503 1559 3557 Wheeler

471 3576 796 3644 Geography
830 3576 892 3626 of
926 3575 1191 3626 Herodot.
1233 3593 1285 3640 p.
1307 3575 1410 3627 353
1441 3580 1556 3627 not.

469 3648 651 3713 Atque
680 3646 846 3696 etiam
871 3647 1094 3696 Dureau
1118 3645 1184 3695 de
1215 3646 1270 3695 la
1289 3644 1456 3695 Malle
1480 3646 1497 3695 l
1517 3645 1553 3696 l.

469 3732 594 3782 pag.
636 3717 737 3766 154
785 3730 877 3777 ee,
925 3714 1071 3780 quod
1114 3713 1234 3766 h.1.
1289 3706 1558 3778 κογχύλια

471 3785 539 3850 (ί.
562 3801 612 3836 e.
650 3783 910 3848 coquilles
947 3799 1055 3834 non
1091 3781 1347 3848 alterees)
1381 3799 1556 3848 neque

470 3849 732 3917 πετρώδη
779 3852 839 3915 (i.
867 3868 914 3903 e.
956 3852 1218 3917 eoqnilles
1254 3851 1554 3917 petrifiees)

470 3926 859 3984 memorentur,
896 3921 1168 3972 inferioris
1199 3922 1435 3987 Aegypti
1468 3938 1556 3972 so-

469 3990 582 4040 }um
616 4005 807 4041 reeens
842 3990 1074 4041 indicari
1109 3991 1335 4041 iudicat.
1369 4022 1438 4031 —-
1473 3992 1558 4042 De

470 4059 646 4110 altera
680 4057 825 4108 valle
860 4058 973 4110 vid.
1010 4067 1125 4110 not.
1163 4061 1233 4111 ad
1265 4061 1340 4123 11,
1377 4059 1456 4110 10.

537 4117 725 4190 ἅλμην
749 4117 1173 4196 ἐπανθέουσαν]
1196 4129 1279 4179 Ad
1307 4130 1417 4179 vim
1439 4145 1555 4179 ver-

467 4198 526 4248 bi
573 4186 856 4246 ἔπανθεῖν
909 4196 1150 4262 (superne
1204 4198 1552 4264 efflorescere)

468 4267 542 4319 cf.
581 4266 858 4317 Theocrit.
891 4267 958 4327 V,
1000 4266 1116 4317 131.
1151 4268 1271 4328 XX,
1304 4269 1390 4319 21.
1448 4270 1554 4318 Per

468 4351 677 4387 omnem
714 4335 952 4401 Aegypti
992 4335 1330 4400 superficiem
1370 4338 1554 4389 hodie-

467 4422 572 4475 que
607 4421 852 4473 sparsam
879 4399 1111 4457 inveniri
1149 4405 1282 4456 salis
1319 4409 1550 4473 copiam,

1662 1158 1935 1204 testantur
1989 1154 2319 1204 recentiores
2382 1153 2752 1219 peregrinato-

1662 1240 1767 1274 res.
1801 1223 1970 1273 Plura
1986 1224 2312 1272 Hartmann.
2329 1222 2750 1273 Erdbeschreib.

1660 1310 1715 1345 V.
1740 1295 1974 1358 Aegypt.
2014 1308 2140 1358 pag.
2172 1291 2269 1343 153
2306 1306 2420 1356 seq.
2463 1292 2585 1343 coll.
2629 1292 2750 1343 166.

1730 1359 1827 1412 καὶ
1847 1354 2086 1426 ψάμμον
2108 1357 2331 1425 μοῦνον
2354 1388 2415 1396 -
2440 1355 2592 1427 ἔχον]
2618 1358 2754 1425 μοῦ-

1661 1445 1768 1480 νον
1803 1432 1947 1480 refer
1981 1431 2047 1479 ad
2092 1417 2292 1494 οὖρος,
2346 1446 2466 1480 cum
2504 1431 2640 1481 haec
2678 1432 2751 1481 sit

1658 1500 1926 1550 Herodoti
1954 1499 2258 1562 sententia,
2296 1498 2472 1549 solum
2508 1504 2751 1550 montem

1662 1585 1831 1620 arena
1867 1569 2144 1619 obtectum
2168 1569 2417 1619 inveniri.
2468 1570 2647 1634 Supra
2668 1570 2746 1630 11,

1661 1639 1722 1689 8:
1768 1633 1836 1688 τὸ
1885 1630 1950 1687 δὲ
1999 1630 2145 1701 πρὸς
2179 1629 2400 1703 Λιβύης
2445 1635 2547 1702 τῆς
2583 1631 2751 1703 Αἰγύ-

1663 1721 1811 1757 πτου
1859 1694 2040 1770 οὖρος
2071 1696 2205 1755 ἄλλο
2259 1698 2533 1769 πέτρινον
2578 1708 2750 1758 τείνει

1662 1807 1733 1816 -
1768 1768 1982 1844 ψάμμῳ
2030 1768 2451 1840 κατειλυμένον.
2490 1804 2561 1813 —-
2606 1769 2753 1840 πρὸς

1663 1839 1727 1896 δὲ
1752 1850 1836 1895 est
1856 1853 2136 1909 praeterea
2152 1882 2166 1906 ‚
2191 1847 2428 1910 insuper,
2465 1851 2529 1896 ut
2551 1847 2598 1910 1,
2631 1847 2749 1898 156.

1665 1915 1820 1977 Quae
1873 1919 2173 1980 sequuntur
2226 1930 2391 1964 voces
2444 1913 2516 1981 τῇ
2574 1907 2750 2000 χαίρῃ,

1664 1984 1831 2049 vulgo
1871 2001 1994 2035 cum
2040 2000 2191 2049 seqq.
2243 1973 2374 2033 οὔτε
2410 1983 2481 2050 τῇ
2526 1975 2750 2051 Ἀραβιῃ

1660 2045 1821 2102 -οὔτε
1854 2051 1924 2120 τῇ
1957 2045 2143 2119 Λιβύῃ
2181 2053 2532 2116 coniunctae,
2571 2054 2639 2103 ab
2664 2054 2750 2105 his

1660 2123 1796 2188 ipsis
1837 2124 1918 2173 ita
1974 2122 2314 2188 separandae
2360 2126 2487 2172 sunt
2527 2127 2751 2174 auctore

1660 2192 1912 2243 Nauckio
1968 2192 2212 2257 (Iahrbb.
2270 2192 2310 2241 f.
2367 2191 2638 2258 Philolog.
2693 2208 2750 2244 u.

1659 2261 1901 2324 Paedag.
1947 2261 2136 2327 Suppl.
2175 2261 2324 2311 XIV.
2377 2277 2431 2326 p.
2453 2263 2550 2312 551
2589 2261 2749 2327 seq.),

1661 2334 1723 2380 ut
1760 2329 2072 2396 significent
2115 2330 2257 2380 idem
2306 2331 2421 2380 fere
2468 2336 2635 2395 atque
2678 2329 2751 2396 τῇ

1663 2390 1834 2465 φύσει
1871 2396 1971 2462 τῆς
2008 2389 2211 2463 χώρης,
2253 2400 2288 2448 i.
2316 2415 2363 2449 e.
2400 2415 2499 2463 pro
2527 2404 2626 2451 soli
2657 2417 2751 2450 na-

1662 2477 1795 2518 tura.
1850 2468 2008 2530 Quod
2034 2469 2162 2518 mihi
2189 2469 2406 2533 quidem
2441 2469 2527 2518 vir
2556 2469 2749 2520 doctus

1662 2553 1772 2588 non
1796 2539 2068 2602 persuasit
2083 2575 2097 2600 ,
2136 2539 2231 2602 qui
2252 2553 2473 2589 causam
2498 2554 2609 2589 non
2634 2554 2751 2604 per-

1663 2607 1855 2680 spici0,
1891 2623 1988 2657 cur
2013 2622 2047 2657 a
2080 2606 2308 2672 vulgata
2338 2609 2571 2672 ratione,
2610 2624 2750 2674 quae

1662 2678 1806 2727 hunc
1851 2676 2095 2727 dativum
2140 2692 2263 2726 cum
2298 2692 2451 2743 seqq.
2489 2678 2751 2744 coniungi
2806 2737 2817 2744 ι

1663 2746 1844 2810 iubet,
1881 2746 2148 2797 recedam.
2198 2747 2488 2797 Caeterum
2511 2748 2752 2812 pendent

1663 2816 1799 2866 haee
1842 2816 2009 2866 verba
2066 2832 2133 2865 ex
2176 2816 2424 2867 anteced.
2474 2809 2637 2867 ἰδών.
2680 2847 2752 2856 --

1663 2877 2038 2949 προσεικέλην
2074 2886 2305 2936 Bredov.
2337 2902 2392 2950 p.
2419 2887 2518 2938 160
2552 2888 2749 2938 mutari

1663 2954 1782 3004 vult
1819 2955 1876 3003 in
1916 2946 2289 3019 προσικέλην,
2332 2955 2496 3020 idque
2543 2958 2750 3022 recepit

1661 3024 1910 3074 Dietseh.
1967 3023 2102 3073 Mihi
2128 3025 2184 3073 in
2219 3023 2319 3074 tali
2344 3041 2402 3074 re
2438 3040 2472 3075 a
2502 3026 2779 3076 codicum.

1663 3107 1931 3143 consensu
1973 3092 2116 3143 haud
2164 3094 2552 3144 discedendum
2596 3094 2749 3145 vide—

1662 3166 1768 3212 tur.
1840 3162 1925 3211 De
1958 3162 2078 3227 ipsa
2115 3164 2419 3228 Aegyptiae
2454 3169 2634 3215 terrae
2670 3166 2750 3215 in-

1662 3230 1785 3280 dole
1835 3247 1900 3281 ac
1941 3236 2139 3281 natura
2179 3234 2454 3296 copiosius
2502 3235 2748 3298 disputat

1661 3301 2037 3350 Hartmannus
2054 3301 2092 3352 l.
2116 3301 2157 3352 l.
2183 3317 2309 3366 pag.
2330 3302 2443 3352 148.
2482 3304 2585 3352 Est
2603 3305 2746 3353 enim

1661 3368 1749 3419 vel
1784 3370 1964 3420 tenuis
1993 3375 2139 3420 terra
2177 3371 2373 3422 coloris
2406 3371 2620 3421 subalbi
2658 3387 2747 3423 ea-

1662 3439 1891 3504 demque
1928 3454 2189 3502 arenosa,
2230 3456 2368 3505 quae
2393 3440 2628 3505 Aegypti
2654 3442 2747 3491 Li·-

1658 3509 1909 3574 byaeque
1956 3508 2079 3559 loca
2113 3509 2332 3559 deserta
2376 3509 2611 3574 obtegit,
2657 3511 2744 3560 vel

1660 3579 1877 3643 pinguis
1900 3582 1953 3627 et
1971 3579 2195 3628 humida
2214 3579 2356 3644 nigri
2377 3579 2592 3642 coloris,
2608 3595 2749 3644 quae

1660 3648 1729 3697 ab
1755 3652 1988 3711 utraque
2010 3646 2124 3697 Nili
2147 3648 2267 3712 ripa
2292 3648 2629 3713 superficiem
2657 3649 2748 3699 ob-

1660 3718 1800 3782 tegit
1838 3717 2339 3783 fertilissimamque
2374 3717 2570 3768 reddit.

1729 3783 1832 3849 τῆς
1877 3778 1983 3849 γὰρ
2020 3777 2277 3851 Ἀραβίης
2325 3778 2395 3836 τὰ
2444 3779 2601 3850 παρὰ
2636 3779 2747 3837 θοὶ-

1659 3854 1873 3904 λασσαν
1924 3846 2132 3918 Σύριοι
2180 3853 2470 3923 νέμονται]
2539 3856 2747 3908 Intelli-

1661 3927 1862 3990 guntur
1884 3939 1950 3974 ea
1973 3922 2122 3984 loca,
2159 3940 2300 3990 qnae
2327 3941 2362 3975 a
2384 3926 2582 3990 Ienyso
2613 3927 2750 3978 urbe

1660 4008 1833 4058 usque
1868 3993 1937 4043 ad
1965 3992 2215 4057 paludem
2241 3995 2591 4046 Serbonidem
2630 4012 2750 4061 per-

1658 4063 1862 4124 tinent,
1892 4064 2035 4112 inter
2061 4063 2236 4127 ipsam
2260 4064 2632 4115 Palaestinam
2665 4071 2746 4115 at-

1658 4148 1763 4196 que
1810 4132 2117 4197 Aegyptum
2160 4134 2288 4184 sita.
2351 4133 2509 4183 Conf.
2548 4135 2667 4196 111,
2711 4138 2744 4187 5

1659 4207 1714 4251 et
1750 4200 2075 4252 Billerbeck.
2139 4202 2443 4254 Commeat.
2480 4204 2548 4254 de
2580 4204 2744 4255 Asiae
2778 4273 2797 4282 ὰ

1656 4271 1860 4321 Herod.
1898 4271 2128 4321 difficili.
2166 4287 2293 4338 pag.
2317 4271 2478 4323 9.10.
2504 4273 2586 4325 13.

1725 4331 1866 4389 ἀλλὰ
1892 4333 2250 4418 ’μελάγγαιόν
2288 4356 2345 4391 τε
2395 4336 2492 4390 καὶ
2537 4336 2740 4404 natab-

1657 4401 2043 4477 ὄηννυμένην]
2088 4404 2431 4477 μελάγγαιον
2474 4416 2622 4464 recte
2665 4426 2745 4463 re-

3096 0 3109 434 ᾼ-ψ-ἱψ
