3109 5092
465 304 590 367 652

469 477 558 562 ὥς
599 483 848 571 δυνάμι
897 489 977 575 τῇ
1019 484 1280 552 ἑωυτοῦ
1317 481 1810 570 κατεστρέψατο
1856 504 2087 572 σφεας.

1332 308 1867 373 HERODOTI

2192 479 2402 553 ὁτέων
2447 483 2521 553 δὲ
2562 480 2740 573 ἅμα·

467 588 614 673 χητὶ
651 589 764 655 καὶ
794 584 1124 667 εὐπετέως
1165 589 1501 675 παρέλαβε
1527 584 1645 666 τὰς
1673 586 1899 669 πόλις,
1941 586 2238 657 τούτοισι
2281 587 2356 656 δὲ
2402 589 2743 675 ἐνέγραφε

472 691 549 758 έν
575 694 726 780 τῇσι
755 691 1032 780 στήλῃσι
1074 687 1242 759 κατὰ
1284 686 1494 758 ταύτὰ
1523 691 1636 759 καὶ
1680 706 1853 760 τοῖσι
1880 687 2263 780 ἄνδρηΐοισι
2305 696 2444 759 τῶν
2474 693 2745 761 ἐθνέων

468 796 922 881 γενομένοισι,
976 795 1088 862 καὶ
1117 791 1201 882 δὴ
1229 793 1340 861 καὶ
1367 798 1594 861 αἰδοῖα
1620 790 1942 879 γυναικὸς
1971 796 2518 882 προσενέγραφε,
2566 800 2745 883 δῆλα

339 896 455 959 103
475 896 887 985 βουλόμενος
913 901 1203 981 ποιέειν,
1247 891 1335 974 ὡς
1366 906 1601 985 εἴησαν
1628 893 2006 977 ἀνάλκιδες.

2124 903 2345 967 Ταῦτα
2376 896 2460 985 δὴ
2488 900 2745 968 ποιέων

471 999 718 1089 διεξήιε
758 998 881 1088 τὴν
919 998 1234 1089 ἤπειρον,
1281 1001 1347 1078 ἐς
1382 995 1419 1068 ὃ
1446 1002 1520 1068 ἐκ
1546 1003 1664 1087 τῆς
1683 996 1901 1088 Ἀσίης
1942 1003 2007 1081 ἐς
2051 998 2176 1089 τὴν
2203 997 2546 1088 Εὐρώπην
2587 1007 2740 1069 δια-

467 1100 591 1191 βὰς
637 1104 795 1184 τούς
833 1131 905 1172 τε
934 1102 1219 1182 Σκύθας
1247 1106 1739 1189 κατεστρέψατο
1780 1104 1893 1172 καὶ
1921 1100 2077 1184 τούς
2105 1103 2417 1195 Θρήϊκας.
2487 1106 2554 1183 ἐς
2579 1102 2740 1173 τού-

469 1234 624 1286 τους
654 1211 734 1276 δέ
756 1234 869 1294 μοι
898 1209 1115 1276 δοκέει
1145 1207 1257 1274 καὶ
1281 1204 1675 1291 προσώτατα
1701 1202 2065 1276 ἀπικέσθαι
2090 1202 2126 1276 ὁ
2145 1207 2513 1294 Αἰγύπτιος
2535 1227 2740 1294 στρα-

468 1307 610 1389 τός·

471 1416 740 1499 στῆλαι,
795 1409 869 1480 τὸ
902 1411 977 1481 δὲ
1009 1413 1409 1500 προσωτέρω
1449 1410 1712 1481 τούτων
1753 1408 1999 1483 οὐκέτι.

471 1518 758 1602 στρέψας
796 1513 1009 1584 ὀπίσω
1049 1511 1154 1602 ἤϊε
1174 1534 1189 1548 ·

720 1311 795 1378 ἐν
834 1309 960 1397 μὶν
999 1306 1127 1398 γὰρ
1168 1313 1248 1398 τῇ
1295 1308 1558 1378 τούτων
1605 1307 1788 1399 χώρῃ
1846 1317 2206 1397 φαίνονται
2259 1320 2612 1380 σταθεῖσαι
2671 1314 2754 1379 αἱ

2109 1417 2438 1483 ἐνθεῦτεν
2481 1414 2555 1485 δὲ
2593 1416 2742 1482 ἐπι-

1298 1514 1411 1581 καὶ
1454 1516 1608 1583 έπεί
1643 1542 1714 1583 τε
1760 1517 2025 1601 ἐγένετο
2065 1519 2175 1586 ἐπὶ
2223 1515 2399 1585 Φάσι
2444 1521 2745 1608 ποταμῷ,

471 1614 597 1686 οὐκ
631 1623 758 1706 ἔχω
802 1615 877 1689 τὸ
924 1620 1251 1687 ἐνθεῦτεν
1290 1613 1621 1703 ἀτρεκέως
1654 1623 1906 1703 εἰπεῖν,
1952 1629 2081 1688 εἴτε
2123 1616 2326 1698 αὐτὸς
2365 1614 2400 1686 ὃ
2431 1617 2753 1707 βασιλεὺς

473 1724 856 1812 Σέσωστρις
897 1717 1405 1805 ἀποδασάμενος
1456 1726 1572 1809 τῆς
1622 1723 1879 1789 ἑωυτοῦ
1923 1728 2237 1811 στρατιῆς
2292 1720 2531 1811 μόριον
2585 1720 2753 1792 ὅσον

542 1920 688 1979 κατὰ
728 1922 905 1980 ταύτὰ
949 1926 1068 1997 καὶ]
1123 1927 1238 1982 καὶ
1282 1930 1429 1982 valet
1478 1939 1559 1981 at·

474 2015 597 2062 qne,
635 2016 797 2065 quam.
855 2000 1120 2053 conseras
1147 2002 1332 2066 viger.
1354 2016 1410 2065 p.
1435 2002 1559 2051 522.

472 2067 715 2118 Plurima
757 2085 822 2119 ex
858 2070 1139 2121 Herodoto
1181 2086 1325 2121 nunc
1374 2068 1564 2119 attulit

474 2137 674 2187 Struve
709 2139 869 2202 Spec.
911 2145 1125 2204 quaest.
1174 2140 1241 2190 de
1283 2138 1411 2190 dial.
1451 2139 1560 2189 He-

473 2206 590 2256 rod.
630 2222 684 2269 p.
726 2209 812 2258 25.

543 2269 638 2323 καὶ
683 2267 757 2339 δὴ
804 2271 900 2324 καὶ
944 2271 1143 2325 αἰδοῖα
1187 2269 1454 2341 γυναικὸς
1502 2291 1556 2325 κ.

473 2359 521 2393 τ.
562 2342 634 2408 L]
691 2345 900 2395 Eadem
950 2347 1062 2396 fere
1097 2346 1370 2397 Diodorus
1420 2345 1458 2396 1.
1495 2344 1554 2407 1.,

474 2412 568 2463 ubi
594 2412 697 2463 hoc
719 2419 1002 2478 praeterea
1031 2413 1260 2479 leg-imus
1276 2453 1290 2477 ‚
1330 2414 1438 2464 viri
1460 2429 1556 2479 pu-

476 2481 652 2532 denda
695 2483 967 2548 insculpta
1016 2485 1186 2535 fuisse
1233 2485 1289 2534 in
1337 2483 1558 2545 statuis,

476 2567 612 2617 quas
647 2552 704 2601 in
748 2554 989 2618 gentium
1035 2553 1416 2605 bellicosorum
1454 2557 1560 2603 ter-

476 2621 551 2671 ris
587 2636 678 2672 rex
715 2624 991 2675 statuerit.
1061 2623 1145 2674 Ad
1188 2639 1342 2689 quem
1379 2621 1560 2672 locum

476 2691 613 2742 alios
669 2692 807 2742 citat
850 2691 1275 2759 waselingin„
1339 2692 1432 2758 qui
1487 2690 1560 2741 ad

477 2761 746 2812 Herodoti
777 2761 956 2813 locum
980 2763 1200 2828 Iosephi
1235 2762 1479 2812 meminit
1506 2761 1565 2810 in

479 2830 702 2896 Antiqq.
740 2830 897 2883 Iudd.
930 2832 1087 2895 VIII,
1129 2833 1210 2894 10,
1247 2831 1281 2883 3
1316 2830 1567 2899 aliusque

478 2898 673 2949 similis
705 2901 1034 2951 narrationis
1081 2901 1148 2951 de
1195 2899 1566 2965 Margaretha,

478 2969 757 3018 Danorum
818 2969 944 3018 olim
1001 2971 1190 3035 regina
1248 2970 1566 3031 fortissima,

480 3050 619 3100 quae
672 3035 727 3085 in
780 3037 1015 3088 dedecus
1068 3038 1246 3102 gentis
1293 3038 1566 3089 Sueouum

476 3108 676 3154 natura
699 3105 944 3156 muliebri
969 3121 1214 3156 nummos
1244 3107 1565 3171 signaverit.

477 3175 562 3223 Tu
600 3175 744 3224 conf.
787 3190 1000 3240 quoque
1031 3176 1238 3225 Brunet
1274 3176 1340 3226 de
1377 3176 1566 3226 Presle

477 3245 720 3294 Examen
755 3244 936 3310 critiq.
978 3244 1072 3295 des
1106 3244 1322 3309 dynast.
1359 3246 1424 3295 de
1451 3244 1567 3295 l’E-

591 3316 632 3363 t.
669 3328 724 3379 p.
764 3312 850 3365 38.
881 3342 950 3352 -
1000 3315 1087 3365 Ad
1116 3329 1304 3364 vocem
1338 3305 1565 3364 ἀνάλκι-

477 3329 587 3440 Ξζξ
626 3387 753 3448 apte
795 3382 1077 3435 Blomfield
1138 3383 1295 3434 affert
1328 3383 1568 3449 Aeschy-

478 3452 613 3516 lum,
664 3454 757 3519 qui
795 3454 1113 3520 Aegisthum
1161 3457 1324 3504 vocat
1370 3443 1561 3502 λέοντ’

476 3514 717 3571 ἄναλκιν
750 3523 806 3573 in
838 3525 1156 3590 Agamemn.
1195 3523 1357 3585 1248,
1410 3524 1566 3573 item-

478 3593 905 3713 (Ῑῃιῗῖξι-οῐηοὼ.
953 3593 1057 3645 893
1104 3597 1159 3643 et
1202 3592 1425 3644 Pindar.
1471 3592 1561 3642 Ol.

510 3699 523 3725 ,
667 3699 680 3713 .

861 3763 994 3814 Cn.
1033 3762 1183 3813 cm.

536 3862 729 3913 Ταῦτα
753 3856 825 3927 δὴ
845 3855 1085 3931 ποιέων]
1111 3859 1185 3930 δὴ
1207 3881 1242 3915 a
1260 3866 1565 3931 Schweigh.

479 3938 535 3984 et
554 3932 830 3984 Gaisford.
855 3933 1113 3983 librorum
1137 3935 1474 3999 quorundam
1498 3951 1565 3985 ex

479 4002 810 4053 auctoritate
833 4008 1100 4053 mutatum
1126 4009 1211 4052 est
1233 4004 1286 4052 in
1315 3997 1407 4068 δὲ,
1447 4005 1567 4054 sine

481 4086 675 4133 causa,
713 4075 777 4120 ut
809 4071 1058 4151 equidem
1089 4073 1358 4122 existimo.

550 4135 645 4188 καὶ
667 4139 1022 4206 προσωτατα]
1065 4141 1220 4202 Quod
1247 4147 1373 4192 aute
1395 4156 1564 4204 προσ.

481 4207 645 4274 vulgo
671 4208 915 4259 additum
940 4208 1141 4274 legitur
1168 4224 1199 4257 ο
1215 4201 1249 4257 ὖ
1276 4226 1396 4261 cum
1421 4212 1568 4261 absit

483 4295 517 4330 a
535 4277 746 4329 duobus
767 4277 946 4340 codd.‚
966 4277 1242 4328 eiecerunt
1258 4279 1565 4344 Schweigh.

482 4352 540 4401 et
558 4346 730 4400 Gaisf.
751 4347 987 4413 itemque
1006 4351 1233 4398 recentt.
1258 4348 1403 4413 edd„
1429 4364 1566 4414 quos

1663 1944 1807 1980 nnnc
1844 1933 2065 1980 secutus
2101 1946 2246 1992 sum,
2293 1945 2417 1982 cum
2465 1933 2754 1997 superlati-

1662 2014 1794 2062 vus,
1833 2013 1990 2063 quem
2015 2000 2070 2048 in
2095 2000 2200 2050 hac
2226 2000 2460 2059 formula
2481 2017 2579 2067 pro
2605 2018 2754 2053 eom·

1661 2068 1912 2133 parativo
1950 2069 2079 2133 poni
2113 2069 2337 2132 volunt,
2383 2072 2464 2120 ita
2500 2087 2623 2121 cum
2658 2088 2753 2122 ne-

1662 2136 1830 2203 gandi
1863 2137 2135 2201 particula
2169 2144 2316 2189 stare
2351 2147 2605 2205 nequeat.
2667 2142 2753 2193 Ae

1660 2206 1857 2273 probat
1895 2221 2108 2273 quoque
2146 2208 2382 2261 Bredov.
2419 2226 2473 2275 p.
2509 2211 2609 2274 66,
2652 2211 2752 2261 ubi

1660 2275 1753 2326 vid

1723 2335 2164 2407 ἀποδασάμενος
2199 2343 2300 2410 τῆς
2336 2335 2553 2395 ἑωυτοῦ
2585 2360 2755 2411 στρα-

1657 2411 1791 2532 22²³}
1819 2402 2465 2549 ‘3232‘01'03'23013232
2499 2403 2751 2536 ⁸⁶⁰}.‘{‚'‘¹

1722 2519 1735 2532 ο
1797 2518 1811 2543 ’
1943 2517 1957 2532 Ο
2461 2522 2475 2536 υ
2506 2515 2571 2525 -
2728 2514 2751 2523 -

1659 2548 1979 2615 δασάμενος
2025 2556 2137 2604 est:
2189 2553 2276 2604 nbi
2316 2552 2624 2613 d'wulserah
2667 2571 2752 2605 se-

1659 2624 1903 2672 iunxerat
1954 2637 1988 2670 a
2036 2623 2233 2686 reliquo
2282 2625 2514 2675 exercitu
2552 2632 2753 2688 portem

1661 2692 2754 2823 {3211dm&milloltiefioi-ffit’uzgihzgffl:
2806 2746 2813 2752 ’

1664 2833 1807 2879 nott.
1875 2828 1957 2878 Ad
1995 2829 2169 2893 ipsam
2194 2831 2464 2881 Herodoti
2487 2834 2756 2883 narratio·

1664 2913 1785 2948 nem
1824 2896 1959 2947 facit
1996 2899 2246 2948 Valerius
2279 2899 2511 2952 Flaccus
2546 2903 2754 2967 Argon.

1665 2968 1733 3029 V,
1763 2966 1867 3018 418
1902 2982 2086 3031 seqq.‚
2137 2968 2234 3018 ubi
2274 2971 2423 3020 canit
2458 2972 2755 3032 Sesostrin,

1668 3034 1821 3087 Getis
1855 3034 2058 3086 bellum
2095 3037 2444 3102 inferentem,
2482 3041 2754 3106 repulsam

1667 3105 1891 3166 tulisse,
1940 3121 2102 3170 quam
2152 3108 2377 3160 eandem
2430 3110 2486 3159 in
2533 3111 2753 3163 Colchis

1668 3175 1786 3240 regi
1818 3175 2090 3239 Aegyptio
2137 3178 2407 3229 accidisse
2439 3179 2609 3229 tradit
2643 3179 2753 3231 Pli-

1665 3245 1788 3294 nius
1825 3243 1897 3294 Η.
1944 3244 2014 3295 N.
2053 3244 2324 3309 XXXIII,
2362 3248 2457 3311 13,
2503 3254 2758 3301 monente

1665 3310 1994 3378 wesseling.
2034 3315 2106 3365 ad
2137 3315 2362 3366 Diodor.
2400 3318 2445 3380 1,
2472 3319 2559 3370 52.
2622 3319 2756 3385 Scy-

1664 3381 1775 3432 this
1811 3379 2012 3432 bellum
2066 3383 2329 3436 indixisse
2363 3387 2638 3438 Sesostrin
2674 3405 2755 3440 re-

1665 3451 1772 3502 fert
1805 3467 2020 3517 quoque
2050 3453 2295 3505 Iustinus
2334 3456 2423 3519 11,
2460 3456 2520 3520 3,
2558 3457 2592 3508 8
2628 3457 2754 3510 coll.

1667 3520 1713 3582 1,
1764 3521 1809 3581 1,
1845 3521 1880 3571 6
1917 3527 1972 3571 et
2005 3522 2263 3573 Iornaud.
2299 3526 2365 3575 de
2394 3527 2507 3577 reb.
2538 3527 2662 3579 Get.
2689 3528 2752 3579 6:

1665 3605 1807 3655 quae
1853 3607 1920 3641 ex
1959 3592 2311 3659 Theopompo
2367 3594 2590 3647 fluxisse
2638 3612 2758 3661 pro-

1667 3659 1851 3710 babile
1893 3666 1997 3711 est.
2073 3661 2141 3712 Iu
2187 3663 2325 3727 ipsis
2364 3664 2757 3731 Aegyptiorum

1666 3731 2027 3781 monumentis
2048 3746 2191 3796 quae
2211 3732 2369 3782 huius
2396 3734 2541 3799 reg-is
2570 3750 2657 3785 res
2678 3750 2759 3785 re·

1668 3804 2023 3862 praesentant
2074 3806 2241 3866 atque
2274 3802 2632 3868 inscriptione
2666 3803 2758 3855 ad-

1668 3867 1785 3917 dita
1823 3874 2129 3933 exponunt,
2167 3886 2289 3920 cum
2323 3871 2636 3923 inveniatur
2666 3889 2759 3924 no·

1668 3952 1789 3987 men
1824 3936 1977 3989 Sceto
2022 3939 2138 3988 sive
2185 3944 2365 3992 terrae
2417 3941 2533 3993 sive
2580 3943 2758 4009 gentis

1671 4020 1705 4054 a
1743 4006 1985 4057 Sesostri
2031 4006 2360 4068 debellatae,
2416 4010 2483 4060 de
2516 4011 2758 4077 Scythis-

1669 4074 1981 4128 Bactrianis
1999 4076 2104 4127 hoc
2120 4076 2355 4144 intelligi
2378 4079 2550 4130 voluit
2568 4081 2759 4132 Cham-

1670 4143 1863 4208 polli03
1901 4145 1970 4195 de
1998 4146 2109 4196 alia
2139 4153 2301 4211 gente
2320 4149 2487 4199 Asiae
2511 4151 2762 4201 occiden-

1668 4212 1799 4264 talis
1822 4215 2065 4280 cogitare
2083 4216 2292 4266 mavult
2304 4216 2586 4279 Bosellini‚
2602 4235 2759 4285 quern

1666 4281 1795 4331 vide
1833 4284 2105 4349 copiosius
2142 4291 2496 4349 exponentem
2526 4289 2582 4337 in
2607 4290 2758 4341 Mon.
2842 4315 2864 4337 ο

1670 4351 1857 4404 storic.
1900 4354 2021 4417 111,
2069 4356 2122 4404 2.
2172 4370 2301 4420 pag.
2352 4357 2451 4407 119
2489 4372 2606 4423 seq.
2654 4357 2759 4419 m
