<?xml version="1.0" encoding="UTF-8"?>
<!DOCTYPE html PUBLIC "-//W3C//DTD XHTML 1.0 Transitional//EN"
    "http://www.w3.org/TR/xhtml1/DTD/xhtml1-transitional.dtd">
<html xmlns="http://www.w3.org/1999/xhtml" xml:lang="en" lang="en">
 <head>
  <title>
</title>
<meta http-equiv="Content-Type" content="text/html;charset=utf-8" />
  <meta name='ocr-system' content='tesseract 3.04.00' />
  <meta name='ocr-capabilities' content='ocr_page ocr_carea ocr_par ocr_line ocrx_word'/>
</head>
<body>
  <div class='ocr_page' id='page_1' title='image "./herodotihalicar02unkngoog_0014.png"; bbox 0 0 3109 5092; ppageno 0'>
   <div class='ocr_carea' id='block_1_1' title="bbox 459 1203 2746 3231">
    <p class='ocr_par' dir='ltr' id='par_1_1' title="bbox 459 1203 2746 3231">
     <span class='ocr_line' id='line_1_1' title="bbox 628 1203 2741 1330; baseline -0.001 -24"><span class='ocrx_word' id='word_1_1' title='bbox 628 1203 1054 1309; x_wconf 85' lang='lat' dir='ltr'><strong>Divenditis</strong></span> <span class='ocrx_word' id='word_1_2' title='bbox 1122 1243 1362 1330; x_wconf 89' lang='lat' dir='ltr'><strong>prioris</strong></span> <span class='ocrx_word' id='word_1_3' title='bbox 1439 1242 1748 1310; x_wconf 79' lang='lat' dir='ltr'><strong>editionis</strong></span> <span class='ocrx_word' id='word_1_4' title='bbox 1831 1236 2278 1307; x_wconf 88' lang='lat' dir='ltr'><strong>voluminibus</strong></span> <span class='ocrx_word' id='word_1_5' title='bbox 2345 1260 2522 1304; x_wconf 87' lang='lat' dir='ltr'><strong>nova</strong></span> <span class='ocrx_word' id='word_1_6' title='bbox 2592 1260 2741 1304; x_wconf 88' lang='lat' dir='ltr'><strong>eum</strong></span> 
     </span>
     <span class='ocr_line' id='line_1_2' title="bbox 459 1356 2741 1450; baseline -0.001 -23"><span class='ocrx_word' id='word_1_7' title='bbox 459 1358 753 1450; x_wconf 88' lang='lat' dir='ltr'><strong>paranda</strong></span> <span class='ocrx_word' id='word_1_8' title='bbox 795 1368 969 1424; x_wconf 86' lang='lat' dir='ltr'><strong>esset</strong></span> <span class='ocrx_word' id='word_1_9' title='bbox 1010 1359 1245 1443; x_wconf 87' lang='lat' dir='ltr'><strong>editio,</strong></span> <span class='ocrx_word' id='word_1_10' title='bbox 1290 1359 1486 1426; x_wconf 86' lang='lat' dir='ltr'><strong>huius</strong></span> <span class='ocrx_word' id='word_1_11' title='bbox 1526 1382 1746 1449; x_wconf 89' lang='lat' dir='ltr'><strong>neque</strong></span> <span class='ocrx_word' id='word_1_12' title='bbox 1781 1356 2130 1425; x_wconf 88' lang='lat' dir='ltr'><strong>consilium</strong></span> <span class='ocrx_word' id='word_1_13' title='bbox 2166 1378 2382 1444; x_wconf 89' lang='lat' dir='ltr'><strong>neque</strong></span> <span class='ocrx_word' id='word_1_14' title='bbox 2420 1357 2741 1424; x_wconf 88' lang='lat' dir='ltr'><strong>rationem</strong></span> 
     </span>
     <span class='ocr_line' id='line_1_3' title="bbox 460 1476 2744 1568; baseline -0.002 -22"><span class='ocrx_word' id='word_1_15' title='bbox 460 1488 714 1546; x_wconf 89' lang='lat' dir='ltr'><strong>mutare</strong></span> <span class='ocrx_word' id='word_1_16' title='bbox 781 1478 1126 1561; x_wconf 82' lang='lat' dir='ltr'><strong>constitui,</strong></span> <span class='ocrx_word' id='word_1_17' title='bbox 1202 1478 1321 1545; x_wconf 88' lang='lat' dir='ltr'><strong>sed</strong></span> <span class='ocrx_word' id='word_1_18' title='bbox 1375 1478 1447 1544; x_wconf 90' lang='lat' dir='ltr'><strong>id</strong></span> <span class='ocrx_word' id='word_1_19' title='bbox 1503 1501 1701 1568; x_wconf 89' lang='lat' dir='ltr'><strong>quam</strong></span> <span class='ocrx_word' id='word_1_20' title='bbox 1753 1477 2043 1544; x_wconf 81' lang='lat' dir='ltr'><strong>maxime</strong></span> <span class='ocrx_word' id='word_1_21' title='bbox 2096 1476 2236 1563; x_wconf 88' lang='lat' dir='ltr'><strong>egi,</strong></span> <span class='ocrx_word' id='word_1_22' title='bbox 2293 1485 2396 1560; x_wconf 86' lang='lat' dir='ltr'><strong>ut,</strong></span> <span class='ocrx_word' id='word_1_23' title='bbox 2453 1498 2622 1565; x_wconf 89' lang='lat' dir='ltr'><strong>quae</strong></span> <span class='ocrx_word' id='word_1_24' title='bbox 2672 1478 2744 1542; x_wconf 89' lang='lat' dir='ltr'><strong>in</strong></span> 
     </span>
     <span class='ocr_line' id='line_1_4' title="bbox 461 1594 2744 1687; baseline 0 -25"><span class='ocrx_word' id='word_1_25' title='bbox 461 1598 679 1687; x_wconf 87' lang='lat' dir='ltr'><strong>priore</strong></span> <span class='ocrx_word' id='word_1_26' title='bbox 730 1596 1019 1663; x_wconf 80' lang='lat' dir='ltr'><strong>editione</strong></span> <span class='ocrx_word' id='word_1_27' title='bbox 1076 1607 1528 1687; x_wconf 85' lang='lat' dir='ltr'><strong>spectaveram</strong></span> <span class='ocrx_word' id='word_1_28' title='bbox 1544 1649 1564 1683; x_wconf 90' lang='lat'><em>‚</em></span> <span class='ocrx_word' id='word_1_29' title='bbox 1626 1621 1706 1665; x_wconf 87' lang='lat' dir='ltr'><strong>ea</strong></span> <span class='ocrx_word' id='word_1_30' title='bbox 1753 1598 1824 1662; x_wconf 90' lang='lat' dir='ltr'><strong>in</strong></span> <span class='ocrx_word' id='word_1_31' title='bbox 1877 1594 2089 1662; x_wconf 84' lang='lat' dir='ltr'><strong>altera</strong></span> <span class='ocrx_word' id='word_1_32' title='bbox 2120 1616 2401 1683; x_wconf 89' lang='lat' dir='ltr'><strong>quoque</strong></span> <span class='ocrx_word' id='word_1_33' title='bbox 2452 1604 2744 1663; x_wconf 89' lang='lat' dir='ltr'><strong>tenerem</strong></span> 
     </span>
     <span class='ocr_line' id='line_1_5' title="bbox 461 1711 2744 1806; baseline 0.001 -26"><span class='ocrx_word' id='word_1_34' title='bbox 461 1714 824 1803; x_wconf 79' lang='lat' dir='ltr'><strong>meliusque</strong></span> <span class='ocrx_word' id='word_1_35' title='bbox 883 1716 1050 1781; x_wconf 87' lang='lat' dir='ltr'><strong>adeo</strong></span> <span class='ocrx_word' id='word_1_36' title='bbox 1118 1725 1538 1806; x_wconf 86' lang='lat' dir='ltr'><strong>praestarem.</strong></span> <span class='ocrx_word' id='word_1_37' title='bbox 1653 1716 1874 1798; x_wconf 77' lang='lat' dir='ltr'><strong>Quare</strong></span> <span class='ocrx_word' id='word_1_38' title='bbox 1926 1724 2080 1781; x_wconf 87' lang='lat' dir='ltr'><strong>ante</strong></span> <span class='ocrx_word' id='word_1_39' title='bbox 2150 1714 2369 1780; x_wconf 86' lang='lat' dir='ltr'><strong>omnia</strong></span> <span class='ocrx_word' id='word_1_40' title='bbox 2421 1711 2744 1783; x_wconf 75' lang='lat' dir='ltr'><strong>Herodoti</strong></span> 
     </span>
     <span class='ocr_line' id='line_1_6' title="bbox 460 1833 2741 1924; baseline 0 -22"><span class='ocrx_word' id='word_1_41' title='bbox 460 1834 667 1902; x_wconf 86' lang='lat' dir='ltr'><strong>verba</strong></span> <span class='ocrx_word' id='word_1_42' title='bbox 706 1833 944 1921; x_wconf 87' lang='lat' dir='ltr'><strong>relegi,</strong></span> <span class='ocrx_word' id='word_1_43' title='bbox 998 1835 1176 1903; x_wconf 89' lang='lat' dir='ltr'><strong>haud</strong></span> <span class='ocrx_word' id='word_1_44' title='bbox 1218 1836 1480 1924; x_wconf 85' lang='lat' dir='ltr'><strong>quidem</strong></span> <span class='ocrx_word' id='word_1_45' title='bbox 1525 1839 1716 1904; x_wconf 91' lang='lat' dir='ltr'><strong>novis</strong></span> <span class='ocrx_word' id='word_1_46' title='bbox 1759 1835 2077 1902; x_wconf 90' lang='lat' dir='ltr'><strong>librorum</strong></span> <span class='ocrx_word' id='word_1_47' title='bbox 2114 1855 2314 1899; x_wconf 90' lang='lat' dir='ltr'><strong>manu</strong></span> <span class='ocrx_word' id='word_1_48' title='bbox 2353 1836 2741 1923; x_wconf 88' lang='lat' dir='ltr'><strong>scriptorum</strong></span> 
     </span>
     <span class='ocr_line' id='line_1_7' title="bbox 463 1953 2740 2043; baseline -0 -22"><span class='ocrx_word' id='word_1_49' title='bbox 463 1953 777 2021; x_wconf 87' lang='lat' dir='ltr'><strong>subsidiis</strong></span> <span class='ocrx_word' id='word_1_50' title='bbox 807 1954 1187 2039; x_wconf 87' lang='lat' dir='ltr'><strong>instructus,</strong></span> <span class='ocrx_word' id='word_1_51' title='bbox 1233 1977 1400 2043; x_wconf 88' lang='lat' dir='ltr'><strong>quae</strong></span> <span class='ocrx_word' id='word_1_52' title='bbox 1432 1978 1663 2022; x_wconf 87' lang='lat' dir='ltr'><strong>vereor</strong></span> <span class='ocrx_word' id='word_1_53' title='bbox 1695 1976 1854 2020; x_wconf 87' lang='lat' dir='ltr'><strong>sane</strong></span> <span class='ocrx_word' id='word_1_54' title='bbox 1880 1961 1958 2018; x_wconf 89' lang='lat' dir='ltr'><strong>ut</strong></span> <span class='ocrx_word' id='word_1_55' title='bbox 1989 1975 2276 2042; x_wconf 86' lang='lat' dir='ltr'><strong>unquam</strong></span> <span class='ocrx_word' id='word_1_56' title='bbox 2312 1953 2564 2041; x_wconf 88' lang='lat' dir='ltr'><strong>acquiri</strong></span> <span class='ocrx_word' id='word_1_57' title='bbox 2595 1977 2740 2043; x_wconf 86' lang='lat' dir='ltr'><strong>pos·</strong></span> 
     </span>
     <span class='ocr_line' id='line_1_8' title="bbox 463 2070 2741 2162; baseline 0 -23"><span class='ocrx_word' id='word_1_58' title='bbox 463 2075 597 2139; x_wconf 89' lang='lat' dir='ltr'><strong>sint</strong></span> <span class='ocrx_word' id='word_1_59' title='bbox 606 2122 625 2158; x_wconf 86' lang='lat'><em>,</em></span> <span class='ocrx_word' id='word_1_60' title='bbox 667 2072 784 2138; x_wconf 87' lang='lat' dir='ltr'><strong>sed</strong></span> <span class='ocrx_word' id='word_1_61' title='bbox 814 2073 1079 2159; x_wconf 86' lang='lat' dir='ltr'><strong>egregie</strong></span> <span class='ocrx_word' id='word_1_62' title='bbox 1108 2073 1373 2140; x_wconf 89' lang='lat' dir='ltr'><strong>adiutus</strong></span> <span class='ocrx_word' id='word_1_63' title='bbox 1411 2075 1704 2142; x_wconf 86' lang='lat' dir='ltr'><strong>virorum</strong></span> <span class='ocrx_word' id='word_1_64' title='bbox 1736 2073 2075 2140; x_wconf 88' lang='lat' dir='ltr'><strong>doctorum</strong></span> <span class='ocrx_word' id='word_1_65' title='bbox 2110 2094 2310 2162; x_wconf 87' lang='lat' dir='ltr'><strong>opera</strong></span> <span class='ocrx_word' id='word_1_66' title='bbox 2345 2073 2416 2137; x_wconf 91' lang='lat' dir='ltr'><strong>in</strong></span> <span class='ocrx_word' id='word_1_67' title='bbox 2447 2070 2741 2139; x_wconf 87' lang='lat' dir='ltr'><strong>Herodo-</strong></span> 
     </span>
     <span class='ocr_line' id='line_1_9' title="bbox 461 2192 2744 2282; baseline -0 -24"><span class='ocrx_word' id='word_1_68' title='bbox 461 2202 609 2258; x_wconf 88' lang='lat' dir='ltr'><strong>teae</strong></span> <span class='ocrx_word' id='word_1_69' title='bbox 632 2192 946 2257; x_wconf 87' lang='lat' dir='ltr'><strong>orationis</strong></span> <span class='ocrx_word' id='word_1_70' title='bbox 970 2192 1179 2258; x_wconf 82' lang='lat' dir='ltr'><strong>forma</strong></span> <span class='ocrx_word' id='word_1_71' title='bbox 1204 2193 1597 2282; x_wconf 86' lang='lat' dir='ltr'><strong>dialectique</strong></span> <span class='ocrx_word' id='word_1_72' title='bbox 1620 2195 1872 2259; x_wconf 88' lang='lat' dir='ltr'><strong>ratione</strong></span> <span class='ocrx_word' id='word_1_73' title='bbox 1899 2193 2266 2257; x_wconf 81' lang='lat' dir='ltr'><strong>accuratius</strong></span> <span class='ocrx_word' id='word_1_74' title='bbox 2287 2192 2744 2277; x_wconf 84' lang='lat' dir='ltr'><strong>cognoscenda</strong></span> 
     </span>
     <span class='ocr_line' id='line_1_10' title="bbox 462 2309 2741 2400; baseline 0 -25"><span class='ocrx_word' id='word_1_75' title='bbox 462 2317 528 2375; x_wconf 91' lang='lat' dir='ltr'><strong>et</strong></span> <span class='ocrx_word' id='word_1_76' title='bbox 571 2311 764 2398; x_wconf 91' lang='lat' dir='ltr'><strong>quasi</strong></span> <span class='ocrx_word' id='word_1_77' title='bbox 819 2309 1214 2376; x_wconf 84' lang='lat' dir='ltr'><strong>stabilienda</strong></span> <span class='ocrx_word' id='word_1_78' title='bbox 1261 2310 1433 2377; x_wconf 90' lang='lat' dir='ltr'><strong>bene</strong></span> <span class='ocrx_word' id='word_1_79' title='bbox 1478 2314 1728 2400; x_wconf 86' lang='lat' dir='ltr'><strong>posita:</strong></span> <span class='ocrx_word' id='word_1_80' title='bbox 1777 2333 1907 2400; x_wconf 88' lang='lat' dir='ltr'><strong>qua</strong></span> <span class='ocrx_word' id='word_1_81' title='bbox 1950 2312 2019 2375; x_wconf 90' lang='lat' dir='ltr'><strong>in</strong></span> <span class='ocrx_word' id='word_1_82' title='bbox 2057 2332 2130 2375; x_wconf 89' lang='lat' dir='ltr'><strong>re</strong></span> <span class='ocrx_word' id='word_1_83' title='bbox 2175 2319 2525 2397; x_wconf 85' lang='lat' dir='ltr'><strong>quantum,</strong></span> <span class='ocrx_word' id='word_1_84' title='bbox 2579 2311 2741 2377; x_wconf 89' lang='lat' dir='ltr'><strong>alios</strong></span> 
     </span>
     <span class='ocr_line' id='line_1_11' title="bbox 459 2426 2745 2514; baseline -0 -20"><span class='ocrx_word' id='word_1_85' title='bbox 459 2437 535 2494; x_wconf 89' lang='lat' dir='ltr'><strong>ut</strong></span> <span class='ocrx_word' id='word_1_86' title='bbox 587 2436 875 2514; x_wconf 85' lang='lat' dir='ltr'><strong>taceam,</strong></span> <span class='ocrx_word' id='word_1_87' title='bbox 934 2426 1408 2508; x_wconf 77' lang='lat' dir='ltr'><strong>Quaestionum</strong></span> <span class='ocrx_word' id='word_1_88' title='bbox 1462 2432 1841 2497; x_wconf 87' lang='lat' dir='ltr'><strong>criticarum</strong></span> <span class='ocrx_word' id='word_1_89' title='bbox 1901 2429 1982 2495; x_wconf 89' lang='lat' dir='ltr'><strong>de</strong></span> <span class='ocrx_word' id='word_1_90' title='bbox 2038 2428 2319 2494; x_wconf 87' lang='lat' dir='ltr'><strong>dialecto</strong></span> <span class='ocrx_word' id='word_1_91' title='bbox 2366 2427 2745 2496; x_wconf 83' lang='lat' dir='ltr'><strong>Herodotca</strong></span> 
     </span>
     <span class='ocr_line' id='line_1_12' title="bbox 460 2546 2744 2638; baseline 0.001 -27"><span class='ocrx_word' id='word_1_92' title='bbox 460 2546 650 2613; x_wconf 90' lang='lat' dir='ltr'><strong>libris</strong></span> <span class='ocrx_word' id='word_1_93' title='bbox 695 2555 1002 2635; x_wconf 87' lang='lat' dir='ltr'><strong>quatuor,</strong></span> <span class='ocrx_word' id='word_1_94' title='bbox 1039 2569 1201 2635; x_wconf 88' lang='lat' dir='ltr'><strong>quos</strong></span> <span class='ocrx_word' id='word_1_95' title='bbox 1236 2550 1500 2638; x_wconf 81' lang='lat' dir='ltr'><strong>scripsit</strong></span> <span class='ocrx_word' id='word_1_96' title='bbox 1536 2554 1723 2616; x_wconf 81' lang='lat' dir='ltr'><strong>Ferd.</strong></span> <span class='ocrx_word' id='word_1_97' title='bbox 1766 2553 1893 2613; x_wconf 80' lang='lat' dir='ltr'><strong>Jul.</strong></span> <span class='ocrx_word' id='word_1_98' title='bbox 1956 2551 2122 2612; x_wconf 81' lang='lat' dir='ltr'><strong>Caes.</strong></span> <span class='ocrx_word' id='word_1_99' title='bbox 2169 2550 2507 2613; x_wconf 78' lang='lat' dir='ltr'><strong>Bredovius</strong></span> <span class='ocrx_word' id='word_1_100' title='bbox 2558 2547 2744 2638; x_wconf 87' lang='lat' dir='ltr'><strong>(Lip-</strong></span> 
     </span>
     <span class='ocr_line' id='line_1_13' title="bbox 463 2663 2741 2756; baseline -0 -24"><span class='ocrx_word' id='word_1_101' title='bbox 463 2667 635 2751; x_wconf 82' lang='lat' dir='ltr'><strong>siae,</strong></span> <span class='ocrx_word' id='word_1_102' title='bbox 705 2665 1029 2731; x_wconf 85' lang='lat' dir='ltr'><strong>sumtibus</strong></span> <span class='ocrx_word' id='word_1_103' title='bbox 1095 2676 1161 2733; x_wconf 92' lang='lat' dir='ltr'><strong>et</strong></span> <span class='ocrx_word' id='word_1_104' title='bbox 1212 2668 1389 2756; x_wconf 82' lang='lat' dir='ltr'><strong>typis</strong></span> <span class='ocrx_word' id='word_1_105' title='bbox 1449 2667 1529 2732; x_wconf 91' lang='lat' dir='ltr'><strong>B.</strong></span> <span class='ocrx_word' id='word_1_106' title='bbox 1602 2667 1686 2733; x_wconf 78' lang='lat' dir='ltr'><strong>G.</strong></span> <span class='ocrx_word' id='word_1_107' title='bbox 1753 2667 2086 2733; x_wconf 87' lang='lat' dir='ltr'><strong>Teubneri</strong></span> <span class='ocrx_word' id='word_1_108' title='bbox 2138 2663 2741 2752; x_wconf 78' lang='lat' dir='ltr'>MDOOOXLVI),</span> 
     </span>
     <span class='ocr_line' id='line_1_14' title="bbox 465 2784 2742 2876; baseline 0.002 -25"><span class='ocrx_word' id='word_1_109' title='bbox 465 2785 737 2851; x_wconf 83' lang='lat' dir='ltr'><strong>debeam</strong></span> <span class='ocrx_word' id='word_1_110' title='bbox 757 2835 776 2869; x_wconf 90' lang='lat'><em>‚</em></span> <span class='ocrx_word' id='word_1_111' title='bbox 833 2786 1108 2873; x_wconf 88' lang='lat' dir='ltr'><strong>quaevis</strong></span> <span class='ocrx_word' id='word_1_112' title='bbox 1161 2785 1302 2852; x_wconf 87' lang='lat' dir='ltr'><strong>fere</strong></span> <span class='ocrx_word' id='word_1_113' title='bbox 1346 2786 1541 2852; x_wconf 88' lang='lat' dir='ltr'><strong>huius</strong></span> <span class='ocrx_word' id='word_1_114' title='bbox 1591 2785 1900 2851; x_wconf 88' lang='lat' dir='ltr'><strong>editionis</strong></span> <span class='ocrx_word' id='word_1_115' title='bbox 1933 2786 2181 2872; x_wconf 87' lang='lat' dir='ltr'><strong>pagina</strong></span> <span class='ocrx_word' id='word_1_116' title='bbox 2213 2784 2446 2852; x_wconf 90' lang='lat' dir='ltr'><strong>docere</strong></span> <span class='ocrx_word' id='word_1_117' title='bbox 2479 2788 2742 2876; x_wconf 86' lang='lat' dir='ltr'><strong>poterit.</strong></span> 
     </span>
     <span class='ocr_line' id='line_1_15' title="bbox 462 2902 2743 2993; baseline 0.001 -25"><span class='ocrx_word' id='word_1_118' title='bbox 462 2902 1050 2970; x_wconf 87' lang='lat' dir='ltr'><strong>Emendationibus</strong></span> <span class='ocrx_word' id='word_1_119' title='bbox 1092 2925 1349 2992; x_wconf 89' lang='lat' dir='ltr'><strong>quoque</strong></span> <span class='ocrx_word' id='word_1_120' title='bbox 1384 2906 1636 2993; x_wconf 87' lang='lat' dir='ltr'><strong>aliquot</strong></span> <span class='ocrx_word' id='word_1_121' title='bbox 1668 2909 1891 2990; x_wconf 58' lang='lat' dir='ltr'><strong>Ceben,</strong></span> <span class='ocrx_word' id='word_1_122' title='bbox 1933 2904 2064 2970; x_wconf 88' lang='lat' dir='ltr'><strong>viri</strong></span> <span class='ocrx_word' id='word_1_123' title='bbox 2096 2904 2538 2991; x_wconf 86' lang='lat' dir='ltr'><strong>sagacissimi,</strong></span> <span class='ocrx_word' id='word_1_124' title='bbox 2582 2928 2743 2972; x_wconf 90' lang='lat' dir='ltr'><strong>usus</strong></span> 
     </span>
     <span class='ocr_line' id='line_1_16' title="bbox 464 3022 2746 3109; baseline 0.002 -23"><span class='ocrx_word' id='word_1_125' title='bbox 464 3043 607 3086; x_wconf 90' lang='lat' dir='ltr'><strong>sum</strong></span> <span class='ocrx_word' id='word_1_126' title='bbox 623 3071 643 3105; x_wconf 84' lang='lat'><em>‚</em></span> <span class='ocrx_word' id='word_1_127' title='bbox 704 3043 868 3109; x_wconf 86' lang='lat' dir='ltr'><strong>quas</strong></span> <span class='ocrx_word' id='word_1_128' title='bbox 927 3023 1283 3108; x_wconf 88' lang='lat' dir='ltr'><strong>singularis</strong></span> <span class='ocrx_word' id='word_1_129' title='bbox 1337 3028 1717 3104; x_wconf 71' lang='lat' dir='ltr'><strong>Surinaarii,</strong></span> <span class='ocrx_word' id='word_1_130' title='bbox 1771 3024 2044 3091; x_wconf 87' lang='lat' dir='ltr'><strong>rectoris</strong></span> <span class='ocrx_word' id='word_1_131' title='bbox 2098 3022 2449 3090; x_wconf 88' lang='lat' dir='ltr'><strong>Leidensis</strong></span> <span class='ocrx_word' id='word_1_132' title='bbox 2507 3024 2746 3091; x_wconf 86' lang='lat' dir='ltr'><strong>doctis-</strong></span> 
     </span>
     <span class='ocr_line' id='line_1_17' title="bbox 462 3141 2744 3231; baseline 0.001 -23"><span class='ocrx_word' id='word_1_133' title='bbox 462 3142 643 3225; x_wconf 84' lang='lat' dir='ltr'><strong>simi,</strong></span> <span class='ocrx_word' id='word_1_134' title='bbox 688 3141 1151 3208; x_wconf 87' lang='lat' dir='ltr'><strong>benevolentia</strong></span> <span class='ocrx_word' id='word_1_135' title='bbox 1194 3141 1281 3207; x_wconf 87' lang='lat' dir='ltr'><strong>ad</strong></span> <span class='ocrx_word' id='word_1_136' title='bbox 1320 3165 1425 3207; x_wconf 91' lang='lat' dir='ltr'><strong>me</strong></span> <span class='ocrx_word' id='word_1_137' title='bbox 1469 3144 1835 3208; x_wconf 88' lang='lat' dir='ltr'><strong>transmisit</strong></span> <span class='ocrx_word' id='word_1_138' title='bbox 1858 3143 1947 3229; x_wconf 69' lang='lat'><strong>³⁸).</strong></span> <span class='ocrx_word' id='word_1_139' title='bbox 2035 3141 2268 3231; x_wconf 83' lang='lat' dir='ltr'><strong>Neque</strong></span> <span class='ocrx_word' id='word_1_140' title='bbox 2322 3144 2393 3210; x_wconf 90' lang='lat' dir='ltr'><strong>in</strong></span> <span class='ocrx_word' id='word_1_141' title='bbox 2434 3142 2559 3209; x_wconf 88' lang='lat' dir='ltr'><strong>hac</strong></span> <span class='ocrx_word' id='word_1_142' title='bbox 2600 3166 2744 3213; x_wconf 91' lang='lat' dir='ltr'><strong>ver-</strong></span> 
     </span>
    </p>
   </div>
   <div class='ocr_carea' id='block_1_2' title="bbox 436 3467 2749 4490">
    <p class='ocr_par' dir='ltr' id='par_1_2' title="bbox 467 3467 2749 3621">
     <span class='ocr_line' id='line_1_18' title="bbox 603 3467 2749 3537; baseline 0.001 -16"><span class='ocrx_word' id='word_1_143' title='bbox 603 3467 657 3535; x_wconf 82' lang='lat'><strong>*)</strong></span> <span class='ocrx_word' id='word_1_144' title='bbox 697 3470 970 3521; x_wconf 83' lang='lat' dir='ltr'><strong>Nonnulla</strong></span> <span class='ocrx_word' id='word_1_145' title='bbox 989 3506 1002 3533; x_wconf 89' lang='lat'>,</span> <span class='ocrx_word' id='word_1_146' title='bbox 1043 3484 1187 3536; x_wconf 85' lang='lat' dir='ltr'><strong>quae</strong></span> <span class='ocrx_word' id='word_1_147' title='bbox 1213 3469 1285 3520; x_wconf 85' lang='lat' dir='ltr'><strong>ad</strong></span> <span class='ocrx_word' id='word_1_148' title='bbox 1313 3483 1400 3518; x_wconf 89' lang='lat' dir='ltr'><strong>me</strong></span> <span class='ocrx_word' id='word_1_149' title='bbox 1430 3475 1831 3534; x_wconf 82' lang='lat' dir='ltr'><strong>pervenerunt,</strong></span> <span class='ocrx_word' id='word_1_150' title='bbox 1871 3486 1993 3521; x_wconf 87' lang='lat' dir='ltr'><strong>cum</strong></span> <span class='ocrx_word' id='word_1_151' title='bbox 2020 3469 2235 3537; x_wconf 86' lang='lat' dir='ltr'><strong>reliqua</strong></span> <span class='ocrx_word' id='word_1_152' title='bbox 2263 3475 2413 3537; x_wconf 81' lang='lat' dir='ltr'><strong>typis</strong></span> <span class='ocrx_word' id='word_1_153' title='bbox 2449 3474 2561 3523; x_wconf 83' lang='lat' dir='ltr'><strong>iam</strong></span> <span class='ocrx_word' id='word_1_154' title='bbox 2597 3472 2749 3526; x_wconf 86' lang='lat' dir='ltr'><strong>edita</strong></span> 
     </span>
     <span class='ocr_line' id='line_1_19' title="bbox 467 3556 2206 3621; baseline -0.002 -10"><span class='ocrx_word' id='word_1_155' title='bbox 467 3561 685 3621; x_wconf 85' lang='lat' dir='ltr'><strong>essent,</strong></span> <span class='ocrx_word' id='word_1_156' title='bbox 722 3556 775 3608; x_wconf 89' lang='lat' dir='ltr'><strong>h.</strong></span> <span class='ocrx_word' id='word_1_157' title='bbox 816 3557 852 3608; x_wconf 90' lang='lat'><strong>1.</strong></span> <span class='ocrx_word' id='word_1_158' title='bbox 894 3557 1216 3609; x_wconf 83' lang='lat' dir='ltr'><strong>subiiciam:</strong></span> <span class='ocrx_word' id='word_1_159' title='bbox 2200 3602 2206 3608; x_wconf 84' lang='lat'><strong>.</strong></span> 
     </span>
    </p>

    <p class='ocr_par' dir='ltr' id='par_1_3' title="bbox 436 3632 2746 4490">
     <span class='ocr_line' id='line_1_20' title="bbox 603 3632 2746 3710; baseline 0 -15"><span class='ocrx_word' id='word_1_160' title='bbox 603 3646 665 3709; x_wconf 91' lang='lat'><strong>1,</strong></span> <span class='ocrx_word' id='word_1_161' title='bbox 708 3645 790 3695; x_wconf 93' lang='grc'><strong>11.</strong></span> <span class='ocrx_word' id='word_1_162' title='bbox 840 3660 894 3710; x_wconf 98' lang='grc' dir='ltr'><strong>Ρ.</strong></span> <span class='ocrx_word' id='word_1_163' title='bbox 929 3646 996 3696; x_wconf 83' lang='grc'><strong>28</strong></span> <span class='ocrx_word' id='word_1_164' title='bbox 1044 3646 1128 3696; x_wconf 84' lang='lat' dir='ltr'><strong>ed.</strong></span> <span class='ocrx_word' id='word_1_165' title='bbox 1166 3649 1337 3697; x_wconf 86' lang='lat' dir='ltr'><strong>nostr.</strong></span> <span class='ocrx_word' id='word_1_166' title='bbox 1383 3643 1441 3693; x_wconf 91' lang='lat' dir='ltr'><strong>in</strong></span> <span class='ocrx_word' id='word_1_167' title='bbox 1474 3641 1686 3694; x_wconf 87' lang='lat' dir='ltr'><strong>verbis:</strong></span> <span class='ocrx_word' id='word_1_168' title='bbox 1735 3632 1779 3691; x_wconf 80' lang='grc' dir='ltr'>ὥ</span> <span class='ocrx_word' id='word_1_169' title='bbox 1824 3636 1888 3692; x_wconf 73' lang='grc' dir='ltr'><strong>δὲ</strong></span> <span class='ocrx_word' id='word_1_170' title='bbox 1920 3632 2101 3708; x_wconf 80' lang='grc' dir='ltr'><strong><em>ἡμέρη</em></strong></span> <span class='ocrx_word' id='word_1_171' title='bbox 2150 3636 2452 3709; x_wconf 73' lang='grc' dir='ltr'><strong><em>τάχιστα</em></strong></span> <span class='ocrx_word' id='word_1_172' title='bbox 2497 3636 2746 3710; x_wconf 66' lang='grc' dir='ltr'><strong>ἐγεγόνεε</strong></span> 
     </span>
     <span class='ocr_line' id='line_1_21' title="bbox 462 3721 2744 3797; baseline -0.001 -14"><span class='ocrx_word' id='word_1_173' title='bbox 462 3732 673 3784; x_wconf 85' lang='lat' dir='ltr'><strong>Cobeto</strong></span> <span class='ocrx_word' id='word_1_174' title='bbox 699 3733 887 3797; x_wconf 83' lang='lat' dir='ltr'><strong>spuria</strong></span> <span class='ocrx_word' id='word_1_175' title='bbox 932 3733 1153 3781; x_wconf 84' lang='lat' dir='ltr'><strong>videtur</strong></span> <span class='ocrx_word' id='word_1_176' title='bbox 1178 3746 1288 3783; x_wconf 82' lang='lat' dir='ltr'><strong>vox</strong></span> <span class='ocrx_word' id='word_1_177' title='bbox 1323 3721 1574 3795; x_wconf 75' lang='grc' dir='ltr'><strong>τάχιστα.</strong></span> <span class='ocrx_word' id='word_1_178' title='bbox 1611 3756 1679 3765; x_wconf 90' lang='grc'><strong>-</strong></span> <span class='ocrx_word' id='word_1_179' title='bbox 1715 3730 1743 3780; x_wconf 93' lang='grc' dir='ltr'>Ῑ</span> <span class='ocrx_word' id='word_1_180' title='bbox 1761 3767 1774 3792; x_wconf 90' lang='grc'><strong>,</strong></span> <span class='ocrx_word' id='word_1_181' title='bbox 1804 3729 1888 3781; x_wconf 88' lang='grc'><strong>18.</strong></span> <span class='ocrx_word' id='word_1_182' title='bbox 1917 3746 1971 3796; x_wconf 90' lang='grc' dir='ltr'><strong>Ρ.</strong></span> <span class='ocrx_word' id='word_1_183' title='bbox 1999 3729 2064 3781; x_wconf 86' lang='grc'><strong>41</strong></span> <span class='ocrx_word' id='word_1_184' title='bbox 2096 3729 2238 3779; x_wconf 86' lang='lat' dir='ltr'><strong>idem</strong></span> <span class='ocrx_word' id='word_1_185' title='bbox 2261 3730 2458 3782; x_wconf 79' lang='lat' dir='ltr'><strong>verba:</strong></span> <span class='ocrx_word' id='word_1_186' title='bbox 2485 3723 2744 3781; x_wconf 76' lang='grc' dir='ltr'><strong><em>Σαδυάτ-</em></strong></span> 
     </span>
     <span class='ocr_line' id='line_1_22' title="bbox 461 3803 2737 3883; baseline 0.001 -16"><span class='ocrx_word' id='word_1_187' title='bbox 461 3833 564 3883; x_wconf 80' lang='grc' dir='ltr'><strong>της</strong></span> <span class='ocrx_word' id='word_1_188' title='bbox 596 3809 702 3883; x_wconf 74' lang='grc' dir='ltr'><strong>γὰρ</strong></span> <span class='ocrx_word' id='word_1_189' title='bbox 742 3803 913 3873; x_wconf 79' lang='grc' dir='ltr'><strong><em>οὖτος</em></strong></span> <span class='ocrx_word' id='word_1_190' title='bbox 946 3812 1044 3866; x_wconf 76' lang='grc' dir='ltr'><strong>καὶ</strong></span> <span class='ocrx_word' id='word_1_191' title='bbox 1069 3807 1100 3866; x_wconf 85' lang='grc' dir='ltr'><strong>ὁ</strong></span> <span class='ocrx_word' id='word_1_192' title='bbox 1123 3807 1227 3866; x_wconf 75' lang='grc' dir='ltr'><strong>τὸν</strong></span> <span class='ocrx_word' id='word_1_193' title='bbox 1264 3807 1516 3881; x_wconf 74' lang='grc' dir='ltr'><strong><em>πόλεμον</em></strong></span> <span class='ocrx_word' id='word_1_194' title='bbox 1552 3808 1816 3881; x_wconf 75' lang='grc' dir='ltr'><strong><em>συνάψας</em></strong></span> <span class='ocrx_word' id='word_1_195' title='bbox 1844 3832 2069 3882; x_wconf 87' lang='lat' dir='ltr'><strong>prorsus</strong></span> <span class='ocrx_word' id='word_1_196' title='bbox 2094 3816 2264 3867; x_wconf 86' lang='lat' dir='ltr'><strong>deleri</strong></span> <span class='ocrx_word' id='word_1_197' title='bbox 2295 3816 2435 3868; x_wconf 84' lang='lat' dir='ltr'><strong>vult.</strong></span> <span class='ocrx_word' id='word_1_198' title='bbox 2476 3844 2543 3853; x_wconf 93' lang='lat'>—</span> <span class='ocrx_word' id='word_1_199' title='bbox 2576 3819 2624 3880; x_wconf 89' lang='grc' dir='ltr'><strong>Ι,</strong></span> <span class='ocrx_word' id='word_1_200' title='bbox 2652 3821 2737 3870; x_wconf 82' lang='lat'><strong>24.</strong></span> 
     </span>
     <span class='ocr_line' id='line_1_23' title="bbox 457 3894 2742 3971; baseline -0 -15"><span class='ocrx_word' id='word_1_201' title='bbox 457 3921 511 3971; x_wconf 89' lang='lat' dir='ltr'><strong>p.</strong></span> <span class='ocrx_word' id='word_1_202' title='bbox 543 3904 607 3957; x_wconf 81' lang='lat'><strong>51</strong></span> <span class='ocrx_word' id='word_1_203' title='bbox 646 3902 890 3969; x_wconf 85' lang='lat' dir='ltr'><strong>praefert</strong></span> <span class='ocrx_word' id='word_1_204' title='bbox 911 3902 1100 3953; x_wconf 84' lang='lat' dir='ltr'><strong>Cobet.</strong></span> <span class='ocrx_word' id='word_1_205' title='bbox 1139 3894 1699 3965; x_wconf 72' lang='grc' dir='ltr'><strong>κατεργάσεσθαι.</strong></span> <span class='ocrx_word' id='word_1_206' title='bbox 1738 3929 1805 3939; x_wconf 90' lang='grc'>-</span> <span class='ocrx_word' id='word_1_207' title='bbox 1834 3906 1862 3954; x_wconf 91' lang='grc'><strong>1</strong></span> <span class='ocrx_word' id='word_1_208' title='bbox 1881 3942 1894 3968; x_wconf 89' lang='grc'><strong><em>,</em></strong></span> <span class='ocrx_word' id='word_1_209' title='bbox 1921 3903 2007 3957; x_wconf 87' lang='lat'><strong>31.</strong></span> <span class='ocrx_word' id='word_1_210' title='bbox 2033 3920 2087 3970; x_wconf 96' lang='grc' dir='ltr'><strong>Ρ.</strong></span> <span class='ocrx_word' id='word_1_211' title='bbox 2119 3903 2186 3954; x_wconf 84' lang='grc'><strong>70</strong></span> <span class='ocrx_word' id='word_1_212' title='bbox 2220 3904 2391 3955; x_wconf 85' lang='lat' dir='ltr'><strong>scribi</strong></span> <span class='ocrx_word' id='word_1_213' title='bbox 2413 3904 2558 3955; x_wconf 87' lang='lat' dir='ltr'><strong>idem</strong></span> <span class='ocrx_word' id='word_1_214' title='bbox 2583 3905 2742 3958; x_wconf 85' lang='lat' dir='ltr'><strong>vult:</strong></span> 
     </span>
     <span class='ocr_line' id='line_1_24' title="bbox 455 3977 2737 4057; baseline 0 -16"><span class='ocrx_word' id='word_1_215' title='bbox 455 3988 582 4041; x_wconf 79' lang='grc' dir='ltr'><strong>τοῦ</strong></span> <span class='ocrx_word' id='word_1_216' title='bbox 614 3980 912 4057; x_wconf 73' lang='grc' dir='ltr'><strong><em>ἀνθρώπῳ</em></strong></span> <span class='ocrx_word' id='word_1_217' title='bbox 942 3990 1134 4054; x_wconf 78' lang='grc' dir='ltr'><em>τυχεῖν</em></span> <span class='ocrx_word' id='word_1_218' title='bbox 1170 3977 1407 4051; x_wconf 77' lang='grc' dir='ltr'><strong><em>ἄριστόν</em></strong></span> <span class='ocrx_word' id='word_1_219' title='bbox 1429 3980 1541 4037; x_wconf 80' lang='grc' dir='ltr'><strong><em>ἐστι</em></strong></span> <span class='ocrx_word' id='word_1_220' title='bbox 1577 4004 1676 4054; x_wconf 89' lang='lat' dir='ltr'><strong>pro</strong></span> <span class='ocrx_word' id='word_1_221' title='bbox 1703 3988 1851 4056; x_wconf 81' lang='lat' dir='ltr'><strong>vulg.</strong></span> <span class='ocrx_word' id='word_1_222' title='bbox 1891 3983 1984 4041; x_wconf 84' lang='grc' dir='ltr'><strong>τό.</strong></span> <span class='ocrx_word' id='word_1_223' title='bbox 2027 4018 2093 4027; x_wconf 89' lang='grc'>-</span> <span class='ocrx_word' id='word_1_224' title='bbox 2131 3992 2189 4055; x_wconf 89' lang='lat'><strong>1,</strong></span> <span class='ocrx_word' id='word_1_225' title='bbox 2227 3991 2312 4043; x_wconf 79' lang='lat'><strong>32.</strong></span> <span class='ocrx_word' id='word_1_226' title='bbox 2352 4008 2406 4057; x_wconf 90' lang='grc' dir='ltr'><strong>Ρ.</strong></span> <span class='ocrx_word' id='word_1_227' title='bbox 2445 3993 2513 4044; x_wconf 85' lang='lat'><strong>75</strong></span> <span class='ocrx_word' id='word_1_228' title='bbox 2547 4008 2737 4045; x_wconf 86' lang='lat' dir='ltr'><strong>vocem</strong></span> 
     </span>
     <span class='ocr_line' id='line_1_25' title="bbox 450 4068 2733 4144; baseline 0 -16"><span class='ocrx_word' id='word_1_229' title='bbox 450 4068 705 4134; x_wconf 75' lang='grc' dir='ltr'><strong><em>ἄνουσος</em></strong></span> <span class='ocrx_word' id='word_1_230' title='bbox 738 4082 1056 4142; x_wconf 82' lang='lat' dir='ltr'><strong>suspectam</strong></span> <span class='ocrx_word' id='word_1_231' title='bbox 1090 4075 1259 4127; x_wconf 83' lang='lat' dir='ltr'><strong>habet</strong></span> <span class='ocrx_word' id='word_1_232' title='bbox 1294 4074 1455 4125; x_wconf 83' lang='lat' dir='ltr'><strong>idem.</strong></span> <span class='ocrx_word' id='word_1_233' title='bbox 1503 4102 1571 4112; x_wconf 89' lang='lat'>—</span> <span class='ocrx_word' id='word_1_234' title='bbox 1617 4075 1674 4138; x_wconf 91' lang='grc' dir='ltr'><strong>Ι,</strong></span> <span class='ocrx_word' id='word_1_235' title='bbox 1713 4076 1800 4127; x_wconf 83' lang='grc'><strong>41.</strong></span> <span class='ocrx_word' id='word_1_236' title='bbox 1839 4095 1893 4144; x_wconf 89' lang='lat' dir='ltr'><strong>p.</strong></span> <span class='ocrx_word' id='word_1_237' title='bbox 1931 4078 1998 4129; x_wconf 82' lang='lat'><strong>88</strong></span> <span class='ocrx_word' id='word_1_238' title='bbox 2038 4094 2136 4143; x_wconf 87' lang='lat' dir='ltr'><strong>pro</strong></span> <span class='ocrx_word' id='word_1_239' title='bbox 2173 4077 2322 4142; x_wconf 80' lang='lat' dir='ltr'><strong>vulg.</strong></span> <span class='ocrx_word' id='word_1_240' title='bbox 2360 4068 2733 4143; x_wconf 79' lang='grc' dir='ltr'><strong><em>ἄπολαμπρύ-</em></strong></span> 
     </span>
     <span class='ocr_line' id='line_1_26' title="bbox 447 4152 2727 4229; baseline 0.002 -16"><span class='ocrx_word' id='word_1_241' title='bbox 447 4178 571 4214; x_wconf 79' lang='grc' dir='ltr'><strong><em>νεαι</em></strong></span> <span class='ocrx_word' id='word_1_242' title='bbox 619 4162 791 4214; x_wconf 83' lang='lat' dir='ltr'><strong>scribi</strong></span> <span class='ocrx_word' id='word_1_243' title='bbox 837 4163 958 4214; x_wconf 86' lang='lat' dir='ltr'><strong>vult</strong></span> <span class='ocrx_word' id='word_1_244' title='bbox 1003 4152 1591 4227; x_wconf 79' lang='grc' dir='ltr'><strong><em>ἆπολαμπρυνέεαι,</em></strong></span> <span class='ocrx_word' id='word_1_245' title='bbox 1642 4164 1786 4229; x_wconf 92' lang='lat' dir='ltr'><strong>quod</strong></span> <span class='ocrx_word' id='word_1_246' title='bbox 1834 4165 1978 4217; x_wconf 90' lang='lat' dir='ltr'><strong>idem</strong></span> <span class='ocrx_word' id='word_1_247' title='bbox 2025 4166 2247 4218; x_wconf 81' lang='lat' dir='ltr'><strong>restitui</strong></span> <span class='ocrx_word' id='word_1_248' title='bbox 2294 4164 2448 4215; x_wconf 86' lang='lat' dir='ltr'><strong>iubet</strong></span> <span class='ocrx_word' id='word_1_249' title='bbox 2495 4165 2727 4218; x_wconf 80' lang='lat' dir='ltr'><strong>Bredov.</strong></span> 
     </span>
     <span class='ocr_line' id='line_1_27' title="bbox 444 4242 2730 4320; baseline 0 -19"><span class='ocrx_word' id='word_1_250' title='bbox 444 4266 498 4316; x_wconf 87' lang='lat' dir='ltr'><strong>p.</strong></span> <span class='ocrx_word' id='word_1_251' title='bbox 525 4250 648 4303; x_wconf 84' lang='lat'><strong>375.</strong></span> <span class='ocrx_word' id='word_1_252' title='bbox 687 4276 754 4285; x_wconf 93' lang='lat'>—</span> <span class='ocrx_word' id='word_1_253' title='bbox 788 4251 847 4315; x_wconf 92' lang='lat'><strong>1,</strong></span> <span class='ocrx_word' id='word_1_254' title='bbox 883 4249 970 4300; x_wconf 82' lang='lat'><strong>52.</strong></span> <span class='ocrx_word' id='word_1_255' title='bbox 1007 4265 1060 4315; x_wconf 90' lang='lat' dir='ltr'><strong>p.</strong></span> <span class='ocrx_word' id='word_1_256' title='bbox 1104 4248 1202 4300; x_wconf 87' lang='grc'><strong>107</strong></span> <span class='ocrx_word' id='word_1_257' title='bbox 1234 4249 1582 4301; x_wconf 82' lang='lat' dir='ltr'><strong>scribendum</strong></span> <span class='ocrx_word' id='word_1_258' title='bbox 1608 4255 1834 4302; x_wconf 86' lang='lat' dir='ltr'><strong>auctore</strong></span> <span class='ocrx_word' id='word_1_259' title='bbox 1859 4251 2050 4304; x_wconf 84' lang='lat' dir='ltr'><strong>Cobet.</strong></span> <span class='ocrx_word' id='word_1_260' title='bbox 2093 4249 2196 4317; x_wconf 76' lang='grc' dir='ltr'><strong>τῆς</strong></span> <span class='ocrx_word' id='word_1_261' title='bbox 2224 4242 2434 4317; x_wconf 75' lang='grc' dir='ltr'><strong><em>λόγχης</em></strong></span> <span class='ocrx_word' id='word_1_262' title='bbox 2457 4269 2556 4318; x_wconf 85' lang='grc' dir='ltr'><strong>Ρι·ο</strong></span> <span class='ocrx_word' id='word_1_263' title='bbox 2594 4251 2730 4320; x_wconf 81' lang='grc' dir='ltr'><strong><em>τῇσι</em></strong></span> 
     </span>
     <span class='ocr_line' id='line_1_28' title="bbox 441 4328 2724 4404; baseline 0.002 -18"><span class='ocrx_word' id='word_1_264' title='bbox 441 4328 691 4404; x_wconf 80' lang='grc' dir='ltr'><strong>λόγχῃσι.</strong></span> <span class='ocrx_word' id='word_1_265' title='bbox 746 4361 813 4371; x_wconf 92' lang='grc'>-</span> <span class='ocrx_word' id='word_1_266' title='bbox 867 4336 925 4399; x_wconf 87' lang='grc' dir='ltr'><strong>Ι,</strong></span> <span class='ocrx_word' id='word_1_267' title='bbox 960 4334 1046 4387; x_wconf 82' lang='grc'><strong>53.</strong></span> <span class='ocrx_word' id='word_1_268' title='bbox 1087 4350 1140 4399; x_wconf 89' lang='lat' dir='ltr'><strong>p.</strong></span> <span class='ocrx_word' id='word_1_269' title='bbox 1183 4334 1298 4387; x_wconf 82' lang='lat'><strong>108.</strong></span> <span class='ocrx_word' id='word_1_270' title='bbox 1352 4336 1458 4388; x_wconf 86' lang='lat' dir='ltr'><strong>Pro</strong></span> <span class='ocrx_word' id='word_1_271' title='bbox 1494 4335 1641 4403; x_wconf 82' lang='lat' dir='ltr'><strong>vulg.</strong></span> <span class='ocrx_word' id='word_1_272' title='bbox 1682 4330 2037 4402; x_wconf 75' lang='grc' dir='ltr'><strong><em>προσθέοιτο</em></strong></span> <span class='ocrx_word' id='word_1_273' title='bbox 2079 4337 2265 4390; x_wconf 86' lang='lat' dir='ltr'><strong>Cobet.</strong></span> <span class='ocrx_word' id='word_1_274' title='bbox 2305 4339 2724 4393; x_wconf 84' lang='lat' dir='ltr'><strong>coniunctivum</strong></span> 
     </span>
     <span class='ocr_line' id='line_1_29' title="bbox 436 4418 2722 4490; baseline 0.001 -15"><span class='ocrx_word' id='word_1_275' title='bbox 436 4424 632 4490; x_wconf 86' lang='lat' dir='ltr'><strong>reponi</strong></span> <span class='ocrx_word' id='word_1_276' title='bbox 664 4420 785 4474; x_wconf 80' lang='lat' dir='ltr'><strong>vult</strong></span> <span class='ocrx_word' id='word_1_277' title='bbox 820 4418 1180 4488; x_wconf 73' lang='grc' dir='ltr'><strong><em>προσθῆται,</em></strong></span> <span class='ocrx_word' id='word_1_278' title='bbox 1230 4437 1420 4475; x_wconf 83' lang='lat' dir='ltr'><strong>vocem</strong></span> <span class='ocrx_word' id='word_1_279' title='bbox 1472 4421 1723 4489; x_wconf 76' lang='grc' dir='ltr'><strong><em>Κροῖσος</em></strong></span> <span class='ocrx_word' id='word_1_280' title='bbox 1760 4423 1931 4475; x_wconf 87' lang='lat' dir='ltr'><strong>deleri</strong></span> <span class='ocrx_word' id='word_1_281' title='bbox 1969 4427 2024 4475; x_wconf 86' lang='lat' dir='ltr'><strong>et</strong></span> <span class='ocrx_word' id='word_1_282' title='bbox 2059 4421 2372 4474; x_wconf 75' lang='grc' dir='ltr'><strong><em>καταλῦσαι</em></strong></span> <span class='ocrx_word' id='word_1_283' title='bbox 2409 4427 2616 4477; x_wconf 82' lang='lat' dir='ltr'><strong>mutari</strong></span> <span class='ocrx_word' id='word_1_284' title='bbox 2661 4428 2722 4478; x_wconf 83' lang='lat' dir='ltr'><strong>in</strong></span> 
     </span>
    </p>
   </div>
   <div class='ocr_carea' id='block_1_3' title="bbox 3079 7 3080 726">
    <p class='ocr_par' dir='ltr' id='par_1_4' title="bbox 3079 7 3080 726">
     <span class='ocr_line' id='line_1_30' title="bbox 3079 7 3080 726; baseline 0 0"><span class='ocrx_word' id='word_1_285' title='bbox 3079 7 3080 726; x_wconf 95' lang='lat' dir='ltr'><strong> </strong></span> 
     </span>
    </p>
   </div>
  </div>
 </body>
</html>
