3109 5092
462 288 582 350 4ae

1331 282 1867 347 HERODOTI

463 493 595 551 νοι,
623 461 792 533 κατὰ
819 458 1015 551 ἡμέες
1043 461 1429 549 διαιρέομεν
1459 456 1635 527 εἶναι
1666 467 2020 545 Αἴγυπτον
2048 453 2180 525 ἀπὸ
2207 460 2331 525 τοῦ
2360 455 2740 546 Πλινθινή-

467 667 573 728 cit,
625 662 771 729 quod
816 660 980 727 paulo
1030 660 1254 710 inferius
1300 663 1551 710 notatur:

467 737 761 786 schoenum
785 731 1072 796 sexaginta
1098 730 1292 779 stadiis
1320 746 1438 780 esse
1462 745 1555 794 pa·

465 820 604 867 rem,
653 808 716 853 ut
764 802 938 852 omnis
987 815 1115 850 orae
1161 800 1399 864 Aegypti
1445 814 1554 849 ma-

465 876 680 925 ritimae
714 870 999 936 longitudo
1035 870 1106 919 sit
1134 870 1433 919 stadiorum
1470 876 1555 918 ter

467 943 612 993 mille
648 946 1054 1002 sexcentorum,
1092 954 1231 1003 quae
1273 940 1395 1004 ipsa
1431 954 1553 988 cum

467 1014 695 1063 ducentis
711 1011 1051 1075 quadraginta
1065 1009 1427 1058 Romanorum
1439 1007 1555 1056 mil-

464 1082 638 1132 liariis
675 1080 1023 1129 convenient.
1096 1077 1255 1127 Conf.
1294 1079 1439 1126 infra
1475 1077 1550 1138 11,

469 1151 571 1202 149
609 1150 729 1199 init.
772 1154 828 1198 et
861 1147 1084 1197 Diodor.
1127 1146 1341 1196 Siculus
1380 1147 1425 1208 Ι,
1464 1146 1550 1207 31,

469 1221 561 1285 qni
600 1234 729 1268 orae
765 1217 1067 1267 maritimae
1104 1216 1209 1265 duo
1246 1215 1416 1265 millia
1456 1215 1553 1263 tri-

467 1290 587 1339 buit
622 1286 948 1347 stadiorum,
995 1301 1100 1335 nec
1135 1290 1318 1336 tamen
1348 1284 1555 1334 indica-

468 1359 540 1406 tis
581 1357 745 1417 locis,
795 1371 824 1404 e
861 1355 1057 1419 quibus
1107 1354 1200 1403 illa
1231 1354 1463 1418 incipiat
1497 1358 1554 1402 et

469 1427 564 1476 ubi
609 1425 782 1474 finiat.
858 1423 1067 1485 Quodsi
1111 1439 1242 1472 vero
1294 1423 1398 1472 iste
1445 1437 1554 1471 non

467 1495 717 1559 vulgaria
751 1492 1021 1543 intellexit
1064 1492 1278 1555 stadia,
1327 1507 1552 1557 quorum

469 1565 757 1628 sexaginta
794 1562 1065 1626 complent
1097 1562 1418 1622 schoenum,
1458 1560 1555 1610 sed

470 1633 757 1698 Olympica
809 1646 982 1695 eaque
1036 1632 1271 1694 maiora,
1329 1645 1554 1695 quorum

470 1704 577 1752 duo
614 1706 668 1752 et
703 1701 935 1764 triginta
980 1706 1219 1764 aequant
1264 1700 1555 1750 schoenum

471 1771 638 1838 (teste
683 1770 861 1822 Plinio
908 1770 981 1819 H.
1026 1770 1095 1820 N.
1140 1770 1271 1830 XII,
1320 1769 1389 1819 14
1432 1768 1556 1819 coll.

470 1842 549 1903 11,
587 1840 677 1906 23)
733 1844 787 1888 et
837 1843 960 1888 octo
1004 1838 1310 1887 milliarium
1359 1839 1559 1888 Roma-

470 1926 626 1972 num,
665 1908 934 1959 efficietur
971 1908 1095 1957 inde
1130 1922 1339 1957 summa
1375 1909 1558 1956 ducen-

470 1989 630 2029 torum
641 1981 996 2043 quinquaqinta
1006 1977 1095 2025 mil
1103 1976 1396 2037 liariorum3
1411 1977 1556 2041 quod

472 2050 540 2098 ab
575 2048 905 2097 Herodoteis
939 2047 1203 2095 mensuris
1253 2061 1361 2094 non
1397 2045 1558 2094 valde

472 2118 664 2167 abesse
698 2131 855 2164 nemo
888 2130 997 2164 non
1022 2115 1301 2178 intelligit.
1374 2116 1558 2179 Magis

471 2186 541 2235 ad
577 2183 892 2234 Herodotea
926 2185 1139 2233 accedit
1175 2183 1440 2262 Iosephus
1474 2185 1558 2233 De

469 2253 597 2304 bell.
614 2253 734 2302 Iud.
748 2253 844 2315 IV,
863 2252 944 2314 10,
964 2253 1279 2302 5seribens:
1312 2266 1418 2301 ovs
1441 2244 1559 2301 ἀπὸ

471 2320 575 2400 τῆς
588 2320 913 2384 Πλινθίνης
932 2290 1233 2376 ἀνάπλους
1253 2317 1334 2376 εἰς
1352 2314 1414 2369 τὸ
1439 2320 1558 2384 Πη-

471 2382 709 2440 λούσιον
739 2388 988 2438 σταδίων
1011 2387 1335 2453 τρισχιλίων
1367 2382 1559 2450 §gotno-

473 2458 638 2522 σίων,
677 2474 819 2524 quae
854 2462 1099 2507 tractans
1134 2459 1464 2508 Letronnius
1497 2474 1551 2523 p.

473 2526 575 2580 158
589 2528 755 2578 scribi
779 2528 896 2578 vult
909 2520 1260 2588 παράπλους,
1291 2527 1559 2592 simulque

468 2596 683 2676 lapsum
731 2613 852 2648 esse
899 2596 1053 2647 addit
1097 2596 1416 2660 Iosephum,
1466 2597 1559 2660 qui

469 2663 552 2723 εἰς
598 2659 662 2715 τὸ
698 2659 919 2715 Κάσιον
942 2656 1091 2746 ὅρος
1127 2666 1364 2717 seribere
1400 2667 1559 2715 debe-

471 2737 569 2787 bat
621 2751 717 2799 pro
767 2730 849 2792 εἰς
899 2728 961 2785 τὸ
1007 2727 1358 2798 Πηλούσιον.
1442 2737 1559 2784 Nec

471 2806 700 2855 multum
735 2805 916 2866 abest,
954 2804 1099 2868 quod
1137 2805 1334 2854 Strabo
1370 2804 1553 2857 xv11.

471 2890 527 2938 p.
565 2873 668 2923 786
703 2889 747 2921 s.
784 2889 839 2936 p.
873 2873 1006 2923 1137
1044 2888 1076 2921 a
1103 2873 1387 2923 Pelusiaco
1416 2873 1558 2923 ostio

471 2956 644 3005 usque
675 2941 744 2989 ad
788 2943 1120 3004 Canopicum
1162 2940 1559 3006 longitudinem

473 3011 799 3059 maritimam
815 3014 898 3058 ter
913 3009 1059 3059 mille
1071 3015 1432 3060 trecentorum
1451 3017 1561 3060 sta-

474 3079 682 3128 diorum
703 3092 820 3128 esse
836 3078 1044 3138 scribit,
1067 3080 1314 3143 quamvis
1335 3080 1476 3128 idem
1501 3096 1553 3144 p.

473 3148 574 3199 788
592 3163 637 3197 s.
668 3147 801 3197 1140
825 3146 970 3196 mille
991 3151 1237 3197 trecenta
1262 3154 1432 3212 ponat
1447 3154 1560 3198 sta·

473 3217 592 3274 dia;
629 3232 735 3280 quo
765 3217 944 3280 spatio
965 3232 1085 3265 cum
1107 3217 1380 3266 Diodorus
1409 3219 1454 3278 1,
1491 3217 1559 3267 34

472 3285 710 3349 regionis
746 3285 911 3334 Delta
947 3301 1095 3335 oram
1128 3286 1371 3348 definiat,
1407 3287 1560 3337 hves-

393 3367 401 3373 ·
472 3354 734 3419 selingius
773 3354 841 3403 ad
862 3355 1091 3405 Diodor.
1133 3355 1179 3418 1,
1225 3355 1286 3406 31
1317 3371 1425 3405 non
1462 3356 1559 3405 du-

470 3425 644 3486 bitat,
693 3424 822 3488 quin
867 3424 1014 3488 prior
1065 3425 1351 3475 Strabonis
1401 3425 1554 3475 locus

474 3510 540 3544 ex
584 3493 875 3557 posteriori
917 3494 1117 3557 corrigi
1165 3493 1386 3550 debeat,
1435 3510 1556 3544 cum

470 3565 742 3613 Diodorus
778 3562 949 3613 altero
981 3562 1100 3612 loco
1140 3563 1184 3626 Ι,
1220 3563 1280 3613 31
1315 3579 1431 3612 eam
1461 3564 1556 3613 ad-

473 3632 568 3681 dat
616 3632 855 3696 Aegypti
910 3636 1149 3696 partem,
1205 3647 1345 3697 quae
1400 3638 1554 3681 extra

472 3700 638 3751 Delta
684 3701 849 3751 fuerit
894 3703 1021 3751 sita.
1102 3701 1554 3752 Schlichthorstio

473 3776 665 3820 contra
707 3771 855 3834 prior
890 3770 1175 3821 Strabonis
1221 3771 1372 3820 locus
1409 3771 1556 3820 vide-

471 3842 561 3888 tur
611 3849 776 3888 sanus
826 3844 882 3888 et
929 3855 993 3889 ex
1039 3855 1101 3889 eo
1151 3841 1448 3903 posterior,
1497 3841 1553 3889 in

472 3922 579 3971 quo
603 3906 812 3957 librarii
834 3909 974 3971 lapsi
1004 3909 1234 3972 fuerint,
1272 3908 1555 3958 emendan-

474 3976 603 4037 dus,
664 3992 789 4041 pag.
846 3980 931 4026 ⁸26.
982 3979 1049 4027 27
1098 3983 1211 4026 not.
1260 3976 1296 4027 l.
1347 3978 1384 4028 l.
1471 3978 1556 4028 Ad

471 4043 824 4109 Wesselingii
860 4046 1115 4095 iudicium
1155 4047 1331 4096 denuo
1372 4062 1427 4096 se
1464 4062 1558 4112 ap-

471 4112 646 4177 plicat⁴
677 4114 1010 4177 Larcberus,
1059 4130 1160 4164 nec
1202 4121 1385 4166 tamen
1435 4122 1555 4165 tan-

471 4186 586 4231 tum
644 4186 803 4246 putat
862 4182 1005 4231 inter
1060 4184 1327 4233 Herodoti
1389 4189 1553 4249 atque

404 4287 407 4292 -
471 4251 757 4301 Strabonis
771 4251 1107 4316 (quiscilieet
1128 4254 1420 4304 maioribus
1445 4259 1554 4304 sta-

473 4321 577 4374 diis
616 4319 913 4388 olympicis
962 4321 1124 4374 fuerit
1166 4323 1319 4393 usus)
1369 4339 1554 4376 nume-

1655 664 1744 710 ros
1803 657 2138 708 intercedere
2198 656 2555 720 discriminis,
2612 658 2742 722 quin

1656 729 1945 779 convenire
1987 728 2042 777 in
2094 742 2303 776 summa
2358 729 2471 777 fere
2515 733 2744 792 uterque

1656 799 2010 848 existimetur.
2079 798 2261 857 Quare
2287 797 2741 861 acquiescendum

1656 869 1848 933 opinor
1882 869 1940 916 in
1960 868 2056 928 iis,
2096 881 2237 930 quae
2261 867 2570 916 Danvillius
2601 867 2743 933 (Me-

1656 939 1811 987 moir.
1860 952 1951 985 sur
1993 936 2237 999 l‘Egypt.
2291 951 2343 999 p.
2408 937 2492 1001 11)
2539 937 2741 1001 posuit,

1656 1007 1895 1071 Aegypti
1927 1004 2321 1068 longitudinem
2353 1007 2677 1056 maritimam
2706 1020 2741 1053 a

1655 1076 1989 1126 Plinthinete
2037 1075 2159 1123 sinu
2208 1089 2381 1137 usque
2433 1075 2502 1124 ad
2548 1074 2742 1132 Serbo-

1655 1146 1837 1194 nidem
1896 1143 2074 1193 lacum
2122 1158 2302 1207 parem
2352 1159 2473 1193 esse
2521 1145 2743 1193 ducentis

1655 1215 1996 1280 quadraeeyinta
2013 1229 2130 1270 ,sex
2153 1213 2516 1262 Romanorum
2555 1213 2745 1262 millia-

1655 1284 1781 1343 riis;
1840 1300 1873 1333 a
1921 1298 2028 1347 quo
2075 1298 2185 1331 non
2234 1281 2463 1332 multum
2510 1282 2744 1333 discedit

1655 1353 1996 1414 Herodotus,
2058 1367 2215 1416 quem
2264 1351 2439 1401 minus
2490 1357 2743 1402 accurate

1657 1422 2012 1486 caeteroquin
2050 1420 2325 1471 definiisse
2360 1422 2595 1486 Aegypti
2628 1421 2745 1472 lon-

1657 1493 1957 1556 gitudinem
2014 1490 2295 1541 contendit
2350 1489 2745 1541 Schlichthorst

1659 1561 1697 1612 1.
1734 1562 1771 1610 1.
1818 1577 1944 1626 pag.
1984 1562 2070 1621 24,
2111 1561 2203 1609 ubi
2240 1561 2352 1611 vid.
2389 1560 2589 1624 plura.-
2641 1559 2745 1621 Qui

1660 1635 1853 1695 postea
1886 1629 2200 1693 disquisivit
2235 1629 2471 1679 Iomard.
2511 1628 2629 1678 loco
2666 1630 2745 1677 in-

1660 1701 1745 1749 fra
1782 1699 2057 1749 laudando
2091 1714 2217 1763 pag.
2259 1698 2362 1748 508
2395 1714 2508 1763 seq.
2550 1699 2650 1749 657
2690 1703 2744 1747 et

1659 1770 1777 1833 ipse
1812 1785 1921 1818 non
1966 1766 2193 1816 multum
2226 1783 2259 1816 a
2294 1783 2421 1818 vero
2457 1767 2746 1817 abhorrere

1660 1838 1868 1888 iudicat
1897 1852 2178 1886 mensuras
2214 1837 2282 1886 ab
2319 1837 2598 1887 Herodoto
2626 1853 2747 1902 pro-

1662 1907 1835 1968 ditas,
1888 1907 2046 1956 modo
2092 1906 2368 1972 intelligas
2406 1907 2590 1956 stadia
2625 1922 2745 1955 cen-

1659 1982 1775 2026 tum
1798 1981 2089 2025 metrorum
2108 1973 2379 2040 (me'tres),
2415 1976 2494 2024 ita
2518 1981 2579 2025 ut
2604 1991 2746 2024 sum-

1661 2062 1749 2095 ma
1764 2044 1965 2095 evadat
1979 2044 2206 2106 36⁰‚000
2221 2050 2530 2095 metrorum.
2565 2046 2745 2107 Quare

1661 2115 1879 2164 minime
1910 2114 2211 2164 audiendus
2234 2115 2507 2165 Mannert.
2532 2115 2588 2162 in
2610 2115 2746 2165 Geo-

1662 2184 1850 2249 graph.
1891 2183 1943 2233 d.
1988 2184 2081 2234 Gr.
2113 2198 2168 2234 u.
2195 2185 2385 2235 Roem.
2422 2185 2488 2245 X,
2530 2184 2577 2233 1.
2615 2199 2745 2248 pag.

1661 2253 1763 2302 ‘253
1812 2269 1991 2317 seqq.,
2055 2253 2148 2316 qui
2200 2252 2365 2303 ullam
2419 2253 2744 2302 Herodoteis

1638 2322 1928 2371 ·mensuris
1955 2320 2115 2371 fidem
2145 2321 2487 2372 tribuendam
2517 2337 2638 2372 esse
2657 2339 2746 2371 ne-

1661 2397 1783 2457 gat,
1834 2391 2035 2455 quippe
2081 2391 2258 2440 minus
2303 2391 2575 2441 accuratis
2614 2390 2746 2440 mul-

1660 2467 1881 2524 tumque
1921 2475 2128 2523 semper
2148 2461 2522 2526 exaggeratis,
2559 2461 2745 2510 confu-

1661 2531 1737 2579 sis
1786 2536 2070 2593 praeterea
2124 2531 2291 2579 variis
2341 2535 2396 2579 et
2444 2530 2746 2579 stadiorum

1661 2605 1716 2649 et
1773 2599 1992 2648 schoeni
2038 2600 2320 2647 mensuris.
2409 2599 2564 2660 Quae
2611 2597 2747 2648 talia

1660 2674 1805 2728 sunt,
1843 2673 1904 2716 ut
1941 2666 2186 2716 refellere
2221 2668 2468 2731 putidum
2494 2669 2583 2717 sit.
2632 2669 2745 2718 Nu-

1659 2738 1889 2802 pcrrime
1925 2736 2060 2786 haec
2097 2738 2279 2786 omnia
2316 2738 2492 2787 denuo
2525 2738 2583 2786 in
2623 2754 2747 2787 exa-

1661 2822 1783 2856 men
1807 2808 2027 2856 vocavit
2050 2806 2373 2855 Letronnius
2387 2806 2747 2870 (Reeherehes

1663 2891 1755 2925 sur
1775 2875 1852 2924 les
1883 2876 2178 2938 fragments
2200 2876 2439 2925 d'Heron
2459 2875 2747 2925 d'Alexan-

1663 2945 1777 2993 drie
1815 2960 1865 3008 p.
1905 2945 2007 2994 156
2043 2943 2216 3009 seqq.)
2267 2944 2427 3009 idque
2473 2959 2745 2994 common-

1662 3018 1837 3063 strare
1872 3013 2098 3075 studuit,
2137 3015 2550 3078 Aegyptiorum,
2588 3014 2636 3061 si
2671 3014 2742 3063 ab

1662 3083 1795 3132 urbe
1839 3082 2142 3145 Plinthine,
2200 3083 2267 3131 ab
2319 3081 2550 3145 Iosepho
2593 3089 2743 3132 recte

1662 3152 1903 3201 indicata
1940 3151 2301 3216 proficiscaris
2332 3166 2501 3215 usque
2537 3151 2607 3200 ad
2642 3151 2744 3201 Ca-

1662 3222 1799 3270 sium
1838 3226 2099 3280 montem,
2138 3220 2418 3284 aliquanto
2442 3221 2743 3270 breviorem

1660 3290 1891 3339 indicari
1928 3291 1996 3339 ab
2031 3290 2339 3352 Herodoto,
2380 3290 2474 3355 qui
2510 3291 2565 3356 si
2594 3306 2746 3339 sexa-

1660 3360 1814 3424 ginta
1865 3367 2081 3423 quatuor
2134 3360 2407 3421 posuisset
2460 3359 2743 3421 schoenos,

1660 3444 1846 3478 avero
1870 3427 2016 3477 baud
2040 3427 2367 3478 aberrasset.
2417 3428 2622 3477 Contra
2644 3430 2744 3477 Le-

1658 3498 1933 3547 tronnium
1990 3497 2234 3560 disputat
2278 3498 2354 3546 M.
2414 3499 2488 3547 H.
2538 3498 2743 3548 Martin

1656 3565 1776 3617 loco
1814 3566 2001 3616 statim
2036 3565 2308 3616 afferendo
2354 3582 2409 3630 p.
2447 3566 2549 3616 157
2575 3583 2739 3646 seqq.

1728 3628 1870 3684 κατὰ
1922 3626 2088 3699 ἡμέες
2144 3651 2195 3683 κ.
2244 3649 2291 3684 τ.
2337 3633 2409 3701 λ.]
2453 3627 2597 3684 κατὰ
2644 3652 2740 3701 pro

1658 3696 1801 3753 καθ’
1821 3694 1892 3781 ὁὶ,
1926 3709 1988 3753 ut
2025 3705 2070 3765 Ι,
2109 3703 2229 3754 208.

1725 3764 1840 3821 ἀπὸ
1899 3771 2002 3821 τοῦ
2058 3766 2461 3836 Πλινθινήτεω
2523 3764 2744 3822 κόλπου

1657 3834 1819 3924 μέχρι
1851 3839 2212 3907 Σερβωνίδος
2242 3839 2464 3907 λίμνης]
2503 3841 2743 3891 Πλινθι-

1659 3906 1835 3975 νήτης
1869 3913 2019 3960 sinus
2046 3925 2241 3960 nomen
2267 3912 2482 3974 accepit
2517 3912 2586 3961 ab
2611 3912 2746 3961 urbe

1660 3978 1971 4043 Πλινθίνῃ,
2009 3995 2148 4045 quae
2184 3986 2268 4031 est
2286 3981 2630 4030 maritimam
2657 3996 2746 4030 ex-

1659 4053 1833 4100 trema
1867 4050 2099 4114 Aegypti
2143 4065 2240 4099 ora
2274 4050 2505 4113 Libyam
2554 4065 2745 4100 versus

1658 4119 1767 4168 sita
1800 4118 1943 4168 inter
1975 4119 2264 4182 Taposirin
2287 4124 2341 4168 et
2361 4119 2506 4168 Nicii
2525 4135 2745 4184 pagum,

1658 4193 1713 4236 et
1747 4188 1891 4237 lacui
1920 4189 2246 4248 Mareotim,
2286 4189 2371 4237 cui
2396 4188 2580 4237 vicina
2605 4193 2742 4248 erat,

1656 4249 2054 4321 Πλινθινήτου
2082 4272 2276 4306 nomen
2295 4257 2464 4306 dedit.
2502 4258 2586 4306 De
2610 4258 2743 4307 urbe

1656 4325 1800 4378 conf.
1850 4326 2047 4378 Strabo
2085 4326 2266 4378 XVII.
2306 4341 2357 4393 p.
2412 4326 2544 4377 1150
2578 4328 2642 4378 Β.
2695 4342 2741 4379 s.
