3109 5092
484 357 602 419 160
693 415 699 421 ,
1352 333 1889 419 HERODOTI

477 526 876 620 Ματιηνοὺς
899 530 1025 619 μὲν
1066 526 1142 600 ἐν
1182 534 1367 621 δεξιῇ
1408 538 1541 621 ἔχει
1572 534 1750 621 ῥέων
1768 584 1788 619 ,
1832 529 1906 602 ἐκ
1934 531 2012 602 δὲ
2036 537 2159 603 τοῦ
2188 534 2419 622 ἑτέρου
2445 534 2722 626 Φρύγας
2740 557 2754 572 ·

478 633 1053 725 παραμειβόμενος
1083 633 1159 702 δὲ
1198 634 1512 722 τούτους,
1548 638 1664 704 καὶ
1706 639 1883 725 ῥέων
1920 634 2062 705 ἅνω
2107 635 2272 726 πρὸς
2309 642 2560 727 βορέην
2600 637 2757 708 ἅνε-

476 766 638 827 μον,
683 743 891 808 ἔνθεν
929 737 1056 826 μὲν
1093 746 1393 828 Συρίους
1431 738 1895 820 Καππαδόκας
1920 737 2231 828 ἀπέργει,
2285 737 2354 823 ἐξ
2399 739 2759 830 εὐωνύμου

478 843 554 911 δὲ
605 841 1082 931 Παφλαγόνας.
1180 839 1360 911 οὕτω
1413 839 1450 913 ὁ
1493 840 1700 923 ’Ἅλυς
1756 842 2046 933 ποταμὸς
2097 841 2465 934 ἀποτάμνει
2515 845 2760 935 σχεδὸν

473 1011 546 1060 tis
607 1026 824 1076 quoque
876 1009 1107 1073 tabulis,
1171 1024 1313 1076 quae
1364 1011 1566 1061 montis

475 1082 766 1145 imaginem
803 1080 1075 1131 exhibent.

545 1142 963 1214 Ματιηνοὺς
1009 1143 1117 1213 μὲν
1151 1139 1211 1197 ἐν
1252 1145 1416 1213 δεξιῇ
1451 1141 1564 1213 ἔχει

475 1212 641 1287 ῥ’έων]
705 1221 924 1270 Matiem'
979 1222 1465 1269 commemorantur
1516 1218 1562 1281 1,

475 1291 595 1340 202.
632 1290 729 1352 lv,
765 1289 853 1339 94.
889 1289 955 1353 V,
984 1288 1070 1352 49,
1106 1293 1425 1353 partemque
1448 1289 1564 1338 Me-

475 1360 598 1409 diae
658 1360 897 1409 tenuisse
953 1357 1234 1419 dicuntur,
1293 1357 1562 1409 Strabone

474 1434 616 1478 teste
649 1428 725 1478 11.
762 1444 817 1493 p.
857 1427 944 1479 73.
983 1444 1030 1478 s.
1072 1429 1188 1478 124.
1225 1428 1322 1478 ΙΧ.
1360 1443 1415 1492 Ρ.
1436 1428 1556 1477 509.

475 1514 521 1548 s.
560 1498 682 1549 776.
740 1499 847 1559 Qui
903 1496 1068 1547 iidem
1121 1496 1266 1562 quod
1318 1498 1376 1545 in
1426 1497 1564 1546 Asia

474 1568 668 1618 minori
720 1567 1098 1629 inveniuntur,
1146 1567 1241 1617 ubi
1286 1567 1560 1617 Larchero

474 1643 698 1688 auctore
759 1637 848 1700 (T.
900 1637 1059 1687 VIII.
1124 1652 1180 1701 Ρ.
1233 1635 1385 1699 324.)
1442 1651 1562 1686 eam

473 1707 859 1772 Cappadociae
904 1712 1116 1772 partem
1157 1710 1370 1769 tenent,
1421 1721 1563 1771 quae

474 1778 755 1827 Morimene
792 1792 827 1826 a
862 1777 1131 1826 Strabone
1168 1775 1324 1841 (XII.
1370 1791 1420 1840 p.
1457 1775 1561 1826 808

471 1848 537 1900 Β.
577 1847 676 1898 811
715 1847 780 1897 Β.
816 1847 919 1897 814
963 1846 1055 1911 Α.)
1094 1851 1150 1896 et
1182 1845 1359 1895 Plinio
1393 1846 1564 1911 (Hist.

472 1917 602 1967 Nat.
650 1916 756 1979 VI,
808 1915 860 1970 3.
913 1917 1069 1967 Tom.
1122 1916 1170 1966 Ι.
1219 1932 1273 1981 p.
1322 1915 1425 1966 303
1475 1915 1562 1965 ed.

471 1985 673 2052 Hard.)
706 1985 1032 2052 appellatur,
1068 1985 1125 2035 id
1169 1986 1225 2035 in
1261 1992 1423 2050 gente
1452 1986 1565 2049 opi-

471 2073 573 2107 nor
619 2057 913 2121 pastoritia
960 2055 1296 2120 multumque
1339 2055 1563 2119 palante

473 2142 574 2175 nec
608 2131 789 2176 certas
825 2125 982 2177 sedes
1017 2129 1240 2175 tenente
1276 2139 1339 2174 eo
1382 2125 1562 2174 minus

473 2195 746 2246 offendere
771 2195 949 2257 debet,
970 2210 1075 2259 quo
1102 2195 1276 2259 magis
1300 2196 1392 2258 qui
1418 2210 1562 2244 nunc

471 2265 838 2315 Matienorum
893 2265 951 2313 in
1005 2265 1126 2315 loca
1181 2267 1563 2314 successerunt

472 2335 670 2397 Karai,
710 2334 900 2384 eodem
945 2334 1105 2384 modo
1153 2338 1425 2397 vagantur
1461 2349 1562 2382 nec

472 2404 585 2454 ulla
621 2403 827 2453 habent
863 2410 1016 2453 certa
1051 2402 1343 2454 domicilia.
1404 2403 1564 2453 Unde

471 2473 771 2535 Herodoto,
809 2489 1049 2524 errorum
1100 2480 1263 2539 atque
1307 2472 1564 2522 inscitiae

471 2549 695 2608 propter
726 2543 863 2593 haec
901 2545 1171 2606 incusato,
1217 2543 1563 2607 patrocinan-

473 2613 599 2663 dum
633 2619 793 2679 putat
826 2614 1022 2665 Ritter.
1059 2612 1357 2664 Erdkunde
1393 2612 1468 2663 H.
1502 2629 1555 2678 p.

473 2685 593 2735 781.
629 2683 769 2735 Add.
816 2684 1015 2735 Vivien
1061 2683 1129 2733 de
1171 2683 1560 2734 Saint-Martin

470 2753 509 2807 l.
545 2753 584 2804 l.
620 2769 749 2820 pag.
788 2754 823 2807 9
853 2769 1005 2819 seqq.

538 2815 855 2905 ἀποτάμνει
929 2813 1133 2889 σχεδὸν
1197 2812 1386 2870 πάντα
1458 2817 1562 2884 τῆς

462 2883 644 2957 Ἀσίης
676 2909 747 2944 τα
775 2884 927 2941 κάτω
963 2908 1016 2942 τι.
1049 2908 1096 2940 τ.
1135 2890 1208 2956 ³..]
1247 2889 1348 2954 τῆς
1377 2881 1562 2953 Ἀσίης

470 2954 541 3010 τὰ
584 2954 735 3011 κάτω
782 2965 866 3013 est
916 2977 983 3012 ea
1039 2961 1153 3011 fere
1199 2960 1367 3009 Asiae
1413 2974 1559 3024 pars,

471 3046 634 3096 quam
687 3047 787 3082 nos
850 3031 1026 3081 Asiam
1078 3036 1311 3080 minorem
1380 3030 1562 3079 dicere

471 3099 733 3163 solemus,
787 3100 941 3150 cuius
993 3099 1118 3150 finis
1172 3114 1238 3154 ex
1289 3097 1561 3148 Herodoti

470 3176 651 3220 mente
698 3171 959 3220 orientem
1006 3183 1196 3218 versus
1253 3172 1337 3217 est
1382 3167 1558 3232 Halys

468 3241 687 3305 fluvius,
725 3241 838 3305 qui,
875 3255 996 3289 cum
1041 3254 1071 3289 e
1106 3237 1331 3288 Ciliciae
1367 3238 1560 3287 monti-

468 3312 571 3362 bus
610 3326 719 3361 non
752 3309 944 3377 procul
978 3309 1047 3360 ab
1084 3308 1203 3373 ipso
1242 3307 1559 3358 mediterra-

467 3397 569 3433 neo
622 3381 760 3432 mari
814 3380 1088 3446 profluens
1136 3378 1561 3443 septentrionem

467 3467 659 3503 versus
716 3450 842 3502 inde
886 3451 944 3500 in
1001 3451 1237 3503 Pontum
1284 3448 1559 3498 Euxinum

469 3527 647 3587 exeat,
689 3536 900 3573 omnem
936 3520 1052 3571 fere
1070 3520 1258 3569 Asiam
1296 3518 1558 3567 minorem

466 3591 674 3643 hancce
708 3608 742 3642 a
778 3591 991 3657 reliqua
1019 3589 1170 3653 Asia,
1204 3587 1450 3653 inprimis
1486 3588 1556 3638 ab

466 3662 726 3712 Armenia
773 3660 830 3725 (a
886 3661 1060 3725 Syriis
1109 3658 1556 3724 Cappadocibus)

468 3746 724 3796 separare
777 3732 894 3781 iure
948 3730 1054 3779 dici
1108 3733 1311 3793 potest.
1384 3729 1556 3791 Mare,

469 3801 616 3864 quod
652 3816 682 3849 e
715 3801 940 3865 regione
965 3800 1131 3864 Cypri
1168 3804 1270 3861 est,
1308 3797 1559 3848 mediter·

468 3884 692 3919 rancum
740 3874 851 3930 est,
904 3868 1050 3932 quod
1082 3868 1330 3918 Ciliciam
1380 3867 1555 3929 alluit,

469 3940 525 3986 in
562 3938 716 3987 cuius
753 3937 1028 3987 montibus
1068 3937 1253 4001 Halyn
1292 3937 1556 4002 originem

469 4022 663 4071 capere
699 4012 864 4056 antea
897 4006 1109 4055 dixerat
1141 4007 1360 4056 Noster.
1399 4008 1561 4057 Hanc

466 4091 598 4125 vero
634 4081 834 4126 terram
871 4075 1012 4124 inter
1057 4079 1346 4140 utrumque
1391 4091 1559 4138 mare,

468 4144 922 4196 mediterraneum
957 4144 1078 4194 dico
1123 4149 1288 4210 atque
1324 4146 1559 4195 Pontum

467 4215 771 4277 Euxinum,
819 4218 983 4264 vocat
1019 4204 1257 4278 αὐχένα,
1302 4217 1556 4274 cervicem,

468 4284 522 4334 id
559 4289 644 4335 est
680 4287 973 4350 angustum
1008 4288 1262 4347 meatum,
1281 4284 1561 4349 angustio-

470 4370 583 4405 rem
618 4360 798 4405 terrae
831 4357 1084 4415 tractum,
1122 4354 1350 4405 cervicis
1384 4353 1560 4405 instar

468 4430 806 4490 porrectum,
843 4429 906 4474 ut
940 4425 1047 4474 iam
1081 4440 1190 4475 non
1226 4424 1294 4474 de
1327 4425 1558 4475 termino

1667 1011 1948 1062 Asiaticae
2019 1013 2180 1064 istius
2239 1014 2477 1079 regionis
2543 1019 2758 1078 agatur,

1667 1081 1765 1131 sed
1814 1097 1921 1146 quo
1981 1081 2078 1132 illa
2140 1085 2252 1133 situ
2304 1084 2497 1147 fuerit,
2546 1084 2639 1133 ubi
2687 1084 2757 1134 ab

1664 1151 1845 1216 Halye
1881 1167 2040 1201 amne
2072 1153 2323 1215 radatur,
2361 1168 2632 1218 quamque
2665 1168 2758 1203 an-

1665 1225 1825 1286 guste
1856 1237 1891 1271 a
1926 1222 2152 1272 Ciliciae
2184 1222 2384 1273 finibus
2433 1223 2490 1272 in
2523 1224 2757 1273 Pontum

1665 1292 1740 1339 sit
1785 1295 2028 1341 extensa.
2081 1292 2296 1342 Monuit
2340 1291 2756 1358 Wesselingius,

1662 1359 1896 1410 laudans
1938 1362 2036 1425 IV,
2086 1361 2174 1413 85.
2222 1362 2310 1413 89.
2355 1362 2452 1425 VI,
2500 1362 2586 1414 36.
2629 1362 2755 1424 VII,

1664 1430 1785 1493 223,
1824 1430 1953 1481 alia.
2002 1432 2138 1481 Cum
2175 1447 2305 1481 vero
2348 1436 2558 1482 tractus
2594 1431 2687 1482 ille
2724 1446 2759 1481 a

1665 1499 1891 1550 Ciliciae
1941 1500 2140 1551 finibus
2188 1516 2362 1567 usque
2411 1502 2482 1551 ad
2520 1503 2756 1552 Pontum

1662 1571 1950 1634 angustior
1985 1571 2186 1621 Nostro
2220 1572 2490 1635 videatur,
2525 1587 2634 1621 non
2662 1571 2757 1620 mi-

1665 1654 1811 1702 rum,
1860 1640 2003 1705 quod
2046 1643 2260 1705 quinque
2306 1641 2480 1692 diebus
2519 1640 2671 1691 illum
2724 1655 2759 1690 a

1663 1709 1848 1774 pedite
1880 1709 2133 1775 expedito
2156 1711 2427 1775 permeari
2446 1726 2611 1775 posse
2633 1725 2755 1776 pro-

1666 1778 1748 1828 dit
1793 1784 1849 1829 et
1897 1779 2001 1829 hoc
2049 1779 2169 1830 loco
2224 1784 2279 1830 et
2332 1781 2479 1830 infra
2528 1780 2607 1843 11,
2654 1780 2754 1840 3⁴3

1667 1863 1768 1898 nec
1822 1848 1985 1898 latuit
2039 1848 2143 1899 hoc
2198 1850 2492 1913 Scymnum
2545 1849 2756 1911 Chium,

1667 1919 1762 1983 qui
1799 1922 1984 1968 tamen
2034 1919 2151 1983 ipse
2195 1928 2387 1984 septem
2435 1920 2591 1984 ponit
2639 1919 2755 1969 dies

1665 2003 1750 2038 vs.
1786 1986 1910 2050 926,
1936 2004 2060 2038 mox
2089 2004 2219 2038 vero
2251 2004 2334 2039 vs.
2364 1989 2469 2040 929
2492 2004 2606 2053 seq.
2645 1989 2756 2038 He-

1666 2056 1846 2107 rodoti
1902 2058 2076 2123 ipsius
2125 2058 2372 2109 meminit
2422 2058 2543 2107 loco
2611 2058 2758 2107 lacu-

1664 2142 1820 2189 noso,
1859 2142 2019 2192 quem
2056 2143 2124 2177 ex
2155 2128 2424 2178 Herodoti
2461 2127 2640 2177 verbis
2665 2143 2756 2193 ‘re-

1665 2197 1894 2247 stituere
1930 2201 2158 2247 conatus
2198 2202 2282 2247 est
2305 2197 2557 2247 Meineke
2584 2212 2638 2262 p.
2664 2197 2750 2246 58.

1666 2266 1873 2329 Quodsi
1930 2272 2112 2316 autem
2180 2267 2371 2317 diurno
2424 2266 2609 2317 itineri
2666 2265 2755 2316 vel

1665 2341 1880 2385 centum
1934 2336 2336 2401 quinquaginta
2380 2335 2466 2386 vel
2519 2336 2756 2386 ducenta

1664 2404 1846 2454 stadia
1901 2403 2020 2469 (IV,
2078 2406 2197 2456 101.
2259 2407 2324 2469 V,
2381 2405 2491 2471 53.)
2554 2406 2756 2456 contri-

1662 2475 1930 2536 buuntur,
1989 2475 2273 2541 longitudo
2327 2475 2487 2525 huius
2544 2478 2752 2525 tractus

1666 2543 1769 2593 erit
1800 2543 1948 2594 mille
1983 2545 2302 2594 stadiorum.
2342 2545 2388 2594 A
2424 2560 2532 2609 quo
2563 2544 2754 2595 abbor-

1660 2618 1782 2663 rent
1820 2618 1875 2663 et
1910 2614 2300 2664 Eratosthenes
2334 2614 2541 2675 (Strab.
2581 2615 2658 2664 11.
2691 2629 2747 2679 p.

1661 2682 1796 2747 68.)‚
1835 2684 1930 2748 qui
1953 2684 2061 2733 tria
2082 2683 2253 2733 millia
2283 2689 2532 2734 numerat
2551 2683 2756 2733 stadio·

1660 2768 1797 2816 rum,
1836 2757 1891 2803 et
1913 2753 2124 2804 Plinius
2165 2754 2260 2815 (H.
2299 2754 2487 2815 N.V1,
2513 2755 2620 2817 2.),
2659 2752 2754 2802 du-

1661 2827 1825 2872 centa
1882 2823 1959 2873 M.
2021 2824 2082 2873 P.
2140 2822 2417 2885 indicans3
2480 2823 2754 2873 consentit

1662 2907 1785 2942 cum
1839 2893 2122 2942 Herodoto
2179 2892 2382 2957 Scylax
2437 2893 2496 2941 in
2548 2891 2751 2957 Peripl.

1661 2978 1716 3027 p.
1761 2961 1828 3012 97
1877 2960 1964 3012 ed.
2013 2962 2250 3013 Gronov.
2330 2961 2437 3012 Sed
2487 2962 2754 3012 recentio-

1664 3047 1781 3080 rum
1836 3031 2355 3097 investigationibus
2413 3030 2753 3095 exploratum

1662 3100 1940 3163 habemus,
1986 3106 2222 3151 tractum
2269 3101 2422 3150 illum
2463 3102 2616 3151 recta
2661 3101 2755 3151 via

1663 3172 1953 3235 sexaginta
1974 3171 2227 3221 milliaria
2243 3170 2612 3236 geographica
2635 3169 2751 3220 lon-

1662 3255 1788 3304 gum
1826 3256 1962 3303 esse,
1993 3241 2073 3291 ita
2096 3246 2157 3291 ut
2179 3242 2237 3290 in
2259 3256 2425 3291 unum
2457 3239 2599 3291 diem
2621 3239 2752 3290 duo-

1661 3308 1835 3360 decim
1868 3310 2124 3360 milliarIa
2161 3309 2330 3374 pediti
2371 3310 2551 3360 forent
2588 3308 2752 3359 confi-

1661 3380 1873 3441 cienda,
1909 3380 1997 3429 vel
2035 3381 2250 3430 omissis
2280 3380 2531 3430 omnibus
2567 3378 2750 3429 amba-

1660 3449 1820 3513 gibus
1872 3464 1938 3500 ac
1984 3451 2159 3499 deviis
2208 3450 2363 3500 locis.
2436 3448 2596 3500 Unde
2641 3464 2751 3499 non

1660 3519 1900 3582 defuere,
1937 3520 2031 3584 qui
2063 3520 2403 3570 Herodotum
2436 3520 2633 3569 erroris
2669 3519 2751 3567 in·

1659 3594 1941 3649 cusarent,
2001 3589 2145 3654 quod
2193 3589 2474 3639 dimidium
2537 3592 2750 3639 tantum

1657 3658 2020 3724 longitudinis
2067 3658 2228 3709 huius
2283 3662 2495 3709 tractus
2540 3657 2751 3707 indica-

1658 3729 1818 3779 verit.
1854 3728 2011 3778 Conf.
2049 3727 2277 3779 Rennel.
2316 3728 2356 3778 1.
2391 3728 2427 3777 1.
2468 3742 2596 3793 pag.
2624 3728 2748 3777 457.

1658 3798 1923 3849 Defendit
1941 3798 2280 3849 Herodotum
2316 3797 2388 3846 ab
2415 3797 2612 3847 erroris
2650 3797 2752 3846 cri-

1625 3864 1804 3918 ‘mine
1833 3867 2162 3918 Dahlmann.
2214 3865 2510 3930 (Herodot.
2557 3880 2611 3929 Ρ.
2658 3864 2746 3917 96.

1660 3938 1792 4004 97.).
1829 3938 2021 4002 Neque
2067 3937 2209 3987 enim
2255 3935 2345 3986 hic
2395 3933 2749 4000 cogitandum

1661 4006 1728 4056 de
1767 4007 2014 4058 ducentis
2052 4006 2278 4068 stadiis,
2329 4004 2470 4070 'quae
2518 4002 2749 4068 plerum-

1662 4091 1766 4142 que
1819 4077 1983 4142 pedes
2041 4076 2324 4142 expeditus
2373 4090 2441 4125 ex
2483 4074 2752 4124 Herodoti

1662 4152 1843 4197 mente
1880 4145 2139 4212 perficere
2187 4149 2381 4211 queat,
2430 4143 2527 4194 sed
2576 4143 2751 4193 videri

1662 4230 1963 4266 sermonem
1998 4231 2120 4266 esse
2154 4214 2223 4265 de
2258 4230 2350 4278 ee,
2402 4212 2547 4279 quod
2584 4208 2750 4263 semel

1661 4285 1850 4336 forsan
1886 4291 2167 4350 expertum
2203 4284 2370 4335 fuerit
2416 4299 2450 4334 a
2495 4283 2749 4348 quopiam

1661 4355 1844 4419 pedite
1878 4355 2106 4421 insigni.⁴
2164 4353 2561 4404 Testimonium
2612 4353 2751 4417 petit

1661 4441 1728 4475 ex
1788 4426 1884 4487 iis,
1944 4440 2085 4490 quae
2133 4424 2233 4487 VI,
2284 4422 2402 4474 106.
2454 4421 2603 4485 (coll.
2653 4422 2749 4484 VI,
