3109 5092
965 343 1099 403 AD
1147 341 1665 405 HERODOT.
1709 344 1760 417 Ι,
1811 350 1929 406 130.
2466 340 2593 404 845

335 515 601 582 excitavi,
659 513 751 567 vix
793 520 973 568 tamen
1020 516 1316 586 quidquam
1349 518 1731 585 proferentes,
1780 532 1890 585 quo
1934 516 2258 586 perturbata
2296 523 2597 586 temporum

333 602 476 655 ratio
509 600 648 653 satis
684 598 1019 653 illustretur.
1074 601 1298 670 Quippe
1329 601 1752 670 discrepantiam
1781 599 1924 653 illam
1956 600 2103 653 inter
2134 601 2484 655 Herodoteos
2513 610 2595 654 at—

333 704 444 756 que
473 685 768 737 Ctesianos
797 702 1056 738 numeros
1086 704 1151 738 eo
1180 687 1390 739 referre
1423 684 1661 753 malunt,
1712 684 1860 757 quod
1890 685 2031 739 alter
2073 686 2214 739 istos
2257 704 2434 739 annos
2466 686 2595 740 omi·-

335 770 491 836 serit‚
521 787 624 839 per
653 787 795 840 quos
825 770 996 839 Medi,
1039 772 1106 823 ab
1128 770 1380 839 Assyriis
1411 788 1532 824 cum
1563 772 1915 840 defecissent,
1948 771 2186 824 iudicum
2217 789 2265 824 s.
2288 771 2597 842 principum

336 855 680 925 quorundam
739 854 1053 908 auctoritati
1115 873 1206 908 res
1258 872 1391 908 suas
1447 856 1909 910 administrandas
1971 855 2352 925 permiserint,
2421 856 2596 909 donec

335 939 590 992 Deiocem
623 957 806 1007 regem
851 938 1137 1008 elegerint.
1210 940 1331 993 Nec
1369 941 1543 1008 magis
1585 948 1737 994 certa
1766 940 2054 1007 videntur,
2104 958 2246 1011 quae
2275 941 2596 993 Hammerus

334 1024 531 1077 statuit
559 1024 616 1076 in
632 1024 1203 1078 Annall.Viennenss.
1227 1024 1322 1077 IX.
1357 1043 1414 1095 p.
1442 1031 1667 1086 13-16,
1727 1027 1869 1079 Nam
1889 1026 2162 1091 Deiocem,
2195 1034 2257 1078 ut
2284 1026 2352 1077 ad
2381 1043 2501 1095 cap.
2527 1029 2597 1084 96

335 1108 747 1177 adnotavimus,
793 1110 1076 1163 contendit
1104 1127 1229 1163 esse
1264 1110 1632 1166 Dschemsclu'd
1655 1119 1710 1164 et
1732 1112 2047 1164 Phraortem
2070 1113 2336 1176 Feridun3
2381 1110 2478 1181 qui
2508 1127 2595 1162 re-

333 1193 472 1264 liqui
503 1200 986 1248 commemorentur
1021 1213 1119 1247 sex
1160 1213 1324 1264 reges
1367 1203 1484 1249 tum
1505 1195 1652 1266 apud
1677 1196 1918 1250 Ctesiam
1948 1202 2060 1249 tum
2092 1196 2149 1248 in
2186 1196 2429 1248 carmine
2458 1194 2594 1246 Per-

336 1296 548 1347 sarum,
593 1279 683 1332 cui
713 1298 905 1333 nomen
929 1280 1329 1347 Schahnameh,
1372 1280 1685 1350 interpositi
1718 1298 1893 1351 usque
1923 1281 1991 1333 ad
2015 1281 2349 1348 Cyaxarem‚
2397 1297 2494 1332 eos
2529 1280 2596 1331 ab

335 1364 617 1416 Herodoto
674 1365 955 1431 neglectos
1005 1383 1131 1417 esse
1169 1365 1306 1417 vult.
1376 1365 1682 1418 Niebuhrio
1724 1369 1817 1434 (v.
1863 1365 2240 1418 Denkschrift.
2287 1366 2343 1417 d.
2384 1363 2594 1416 Berlin.

335 1448 505 1500 Acad.
543 1449 642 1502 der
677 1449 1019 1501 Wissensch.
1054 1453 1398 1508 1820-1821
1448 1468 1502 1519 p.
1536 1453 1624 1509 49.
1651 1450 1748 1516 50)
1800 1450 1900 1501 hae
1942 1449 2297 1503 difficultates
2344 1449 2425 1502 sic
2474 1447 2595 1501 tolli

336 1550 502 1600 posse
537 1533 819 1598 videntur,
858 1541 919 1587 ut
947 1534 1004 1586 in
1037 1534 1303 1586 Herodoti
1335 1534 1484 1601 loco,
1527 1544 1787 1604 corrupto
1823 1534 2059 1599 scilicet,
2097 1534 2345 1602 legatur:
2393 1525 2596 1602 ἄρξαν-

331 1636 421 1680 τες
446 1619 545 1687 τῆς
574 1649 644 1658 -
667 1611 787 1671 ἅνω
813 1610 987 1688 Ἀσίης
1020 1612 1113 1673 ἐπ’
1146 1614 1269 1673 ἔτεα
1298 1613 1749 1688 πεντήκοντα
1775 1618 1873 1673 καὶ
1902 1613 2132 1689 ἑκατὸν,
2178 1613 2352 1688 πάρεξ
2392 1608 2431 1688 ἢ
2459 1611 2596 1671 ὅσον

335 1698 394 1755 οἴ
423 1696 656 1756 Σκύθαι
685 1691 888 1773 ἦρχον,
929 1698 1231 1773 τριήκοντα
1261 1705 1413 1757 δυῶν
1444 1701 1659 1757 δέοντα.
1720 1704 1840 1756 Nec
1877 1710 2053 1758 tamen
2091 1703 2222 1756 haec
2249 1703 2427 1756 textui
2464 1720 2594 1754 con-

335 1787 492 1840 tinuo
531 1787 821 1840 inferenda
863 1806 988 1841 esse
1017 1795 1213 1841 censet
1251 1789 1337 1841 vir
1366 1788 1735 1842 doctissimus.
1802 1790 1866 1841 ln
1901 1787 2145 1840 clausula
2181 1787 2420 1857 denique
2455 1804 2594 1839 com-

332 1872 675 1925 memoranda
703 1878 791 1924 est
818 1873 1063 1942 scriptio,
1097 1890 1238 1942 quae
1262 1873 1524 1926 Wetzlar.
1553 1878 1693 1932 1828
1720 1873 1955 1943 prodiit,
1989 1879 2213 1925 auctore
2237 1873 2416 1925 Graff.
2482 1871 2597 1934 Qui

337 1974 457 2009 cum
499 1957 554 2008 in
587 1956 992 2025 chronologiam
1027 1957 1182 2009 valde
1217 1959 1489 2010 turbatam
1523 1957 1683 2026 regni
1718 1957 2031 2025 Assyriaci‚
2077 1956 2432 2023 Babylonici,
2475 1956 2596 2008 Me-

338 2041 448 2093 dici
475 2041 737 2111 inquirit,
786 2049 1034 2095 nostrum
1068 2059 1290 2112 quoque
1326 2041 1502 2095 locum
1528 2042 1714 2110 attigit
1742 2060 1796 2111 p.
1832 2046 1893 2108 9,
1931 2059 2088 2112 quem
2120 2058 2293 2112 prava
2324 2042 2595 2111 interpre-

338 2126 544 2177 tatione
585 2125 652 2177 ad
698 2142 850 2178 suam
894 2127 1221 2180 sententiam
1268 2127 1347 2179 ita
1393 2127 1726 2197 detorquere
1765 2127 1982 2194 studet,
2036 2134 2099 2178 ut
2137 2126 2307 2179 verba
2348 2119 2521 2193 πάρεξ
2562 2114 2600 2193 ἢ

336 2202 471 2265 ὅσον
502 2205 561 2263 οἴ
582 2204 815 2263 Σκύθαι
851 2199 1023 2280 ἦρχον
1054 2229 1340 2281 perperam
1378 2211 1542 2280 vulgo
1578 2212 1658 2264 sic
1687 2210 1859 2280 accipi
1897 2211 2222 2264 contendat:
2279 2213 2501 2278 „dormis
2538 2211 2600 2262 iia

339 2297 510 2361 annis,
541 2297 723 2363 qulbus
745 2314 908 2366 penes
930 2299 1146 2366 Scythas
1169 2303 1352 2361 ruerat
1381 2298 1653 2368 imperium
1669 2300 1722 2363 ‚“
1759 2312 1877 2348 cum
1900 2296 2087 2364 potius
2111 2296 2430 2365 explicanda
2454 2295 2597 2347 sint:

339 2396 798 2449 „ausgenommen
841 2380 927 2432 die
963 2382 1086 2433 Zeit
1129 2383 1261 2434 oder
1306 2398 1643 2448 zusammen,
1687 2381 1743 2433 in
1788 2380 2150 2448 Verbindung
2185 2382 2283 2433 mit
2330 2380 2429 2433 der
2456 2379 2597 2445 Zeit,

339 2483 423 2518 wo
457 2464 546 2517 die
562 2464 804 2531 Scythen
830 2467 1148 2518 herrschten
1170 2507 1185 2535 ,
1225 2484 1289 2519 so
1321 2467 1451 2519 dass
1480 2466 1632 2519 diese
1653 2466 1777 2519 Zeit
1805 2466 1973 2518 schon
2000 2465 2095 2519 mit
2122 2467 2176 2518 in
2211 2466 2315 2518 den
2344 2469 2445 2524 128
2468 2464 2598 2516 Jah-

339 2567 435 2602 ren
487 2549 849 2615 einbegriffen
903 2550 1040 2602 ist.“
1112 2550 1294 2621 Atque
1330 2552 1600 2604 Graffium
1642 2568 1788 2603 nunc
1835 2550 1972 2602 satis
2030 2550 2293 2602 refutavit
2332 2548 2598 2617 Hupfeld.

340 2635 500 2703 Spec.
535 2633 591 2683 11
621 2633 867 2686 Herodd.
901 2635 1170 2687 Exercitt.
1204 2636 1272 2687 de
1307 2643 1495 2688 vetere
1521 2635 1706 2687 Medd.
1740 2651 1911 2701 regno
1942 2652 1997 2702 p.
2028 2637 2099 2691 54
2125 2651 2305 2703 seqq„
2340 2633 2433 2702 qui
2462 2633 2601 2684 idem

341 2736 394 2787 p.
414 2724 483 2776 58
510 2721 568 2769 et
588 2717 880 2770 Niebuhrii
902 2720 1328 2774 emendationem
1351 2725 1498 2772 recte
1524 2720 1685 2772 nobis
1708 2717 1927 2771 videtur
1948 2717 2273 2786 repudiasse
2295 2722 2352 2768 et
2371 2716 2601 2783 Hitzigii

340 2802 710 2855 coniecturam
733 2803 1050 2856 Herodotea
1080 2806 1251 2857 verba
1278 2805 1361 2857 sic
1388 2803 1680 2857 mutantis:
1712 2795 1802 2856 ἐπ’
1834 2798 1956 2855 ἔτεα
1981 2795 2181 2855 ἑκατὸν
2203 2801 2356 2855 δυῶν
2385 2797 2600 2869 δέοντα,

338 2881 511 2955 πάρεξ
538 2876 576 2955 ἢ
604 2877 739 2939 ὅσον
768 2882 827 2940 οἱ
851 2881 1082 2942 Σκύθαι
1110 2878 1280 2959 ἦρχον
1310 2889 1397 2942 vel
1426 2888 1645 2958 potiusz
1690 2879 1782 2942 ἐπ’
1818 2882 1942 2941 ἔτεα
1971 2886 2147 2940 εἴκοσι
2193 2905 2246 2939 κ.
2278 2906 2329 2939 τ.
2360 2888 2408 2939 2.
2458 2884 2599 2953 (vid.

340 2972 407 3024 ad
440 2971 612 3023 Jesai.
644 2988 699 3039 p.
731 2974 884 3040 294).

507 3054 695 3108 Retuli
738 3072 1098 3126 quaecunque
1140 3074 1171 3108 a
1202 3058 1339 3110 viris
1371 3056 1548 3109 doctis
1583 3055 1796 3127 prolata
1825 3055 2046 3122 invenig
2091 3056 2296 3126 quibus
2328 3072 2448 3108 cum
2480 3062 2600 3106 tan-

339 3148 429 3193 tae
459 3141 721 3193 tenebrae
765 3141 857 3194 vix
889 3140 1302 3211 dissolvantur,
1349 3140 1502 3194 nolui
1533 3141 1653 3212 ipse
1698 3158 1873 3193 novae
1906 3141 2257 3193 coniecturae
2300 3140 2602 3210 periculum

339 3228 520 3279 facere
552 3225 620 3278 ad
656 3242 720 3277 ea
749 3227 1117 3295 concilianda,
1147 3243 1290 3295 quae
1319 3226 1412 3279 vix
1448 3243 1685 3298 uuquam
1717 3242 1899 3278 secum
1929 3225 2207 3279 conciliari
2230 3230 2327 3278 aut
2348 3224 2417 3276 ad
2439 3223 2600 3292 liqui-

342 3310 468 3363 dum
508 3310 738 3378 perduci
777 3328 943 3379 posse
984 3311 1298 3363 existimem.
1375 3312 1576 3380 Neque
1619 3311 1778 3364 aliter
1816 3310 1939 3362 mihi
1984 3309 2335 3362 statuendum
2382 3307 2602 3359 videtur

344 3393 658 3462 respicienti
702 3394 771 3446 ad
802 3411 893 3457 ea,
946 3411 1086 3464 quae
1124 3395 1434 3462 nuperrime
1476 3394 1531 3446 in
1569 3395 1707 3447 hanc
1748 3393 1970 3446 eandem
2003 3411 2115 3445 rem
2156 3393 2437 3461 disputata
2471 3398 2606 3441 sunt

343 3495 374 3528 a
403 3476 771 3545 compluribus
814 3478 953 3529 viris
984 3477 1181 3530 doctis.
1248 3478 1467 3530 Etenim
1499 3483 1721 3546 praeter
1744 3476 2097 3545 Hupfeldium
2141 3476 2178 3527 l.
2210 3475 2247 3526 1.
2283 3471 2607 3543 disquisivit

343 3562 410 3613 de
440 3560 524 3612 his
556 3560 797 3613 numeris
833 3560 1077 3612 Clinton.
1113 3562 1269 3613 Fast.
1299 3561 1556 3614 Hellenn.
1582 3561 1628 3612 1.
1662 3579 1717 3629 p.
1741 3564 1842 3619 257
1866 3577 2022 3628 seqq.
2041 3600 2055 3627 ,
2099 3558 2167 3611 R.
2202 3559 2360 3610 Scott
2390 3557 2449 3608 in
2481 3555 2605 3606 The

343 3645 591 3698 classical
606 3644 857 3697 Museum
872 3644 946 3696 ΙΙ.
963 3662 1018 3713 p.
1042 3647 1138 3703 186
1153 3662 1331 3714 seqq„
1352 3646 1552 3697 Grote=
1572 3643 1806 3710 Histoi-y
1822 3644 2103 3696 ofGreece
2119 3642 2215 3694 IV.
2231 3661 2288 3712 p.
2303 3644 2412 3698 304
2423 3657 2604 3708 seqq„

343 3731 427 3782 De
455 3729 687 3797 Saulcyz
731 3727 1116 3795 „Recherches
1158 3746 1257 3782 sur
1294 3728 1345 3780 la
1374 3727 1728 3795 chronologie
1760 3727 1857 3779 des
1887 3726 2119 3795 empires
2150 3726 2218 3778 de
2251 3725 2491 3789 Ninive,
2537 3723 2604 3774 de

343 3815 625 3881 Babylone
673 3820 729 3865 et
756 3812 1145 3866 d’Ecbatane“
1187 3813 1274 3864 in:
1320 3814 1540 3880 Memm.
1581 3812 1650 3865 de
1676 3811 1884 3863 l'Acad.
1933 3811 1987 3862 d.
2025 3809 2309 3880 Inscriptt.
2354 3808 2425 3860 T.
2456 3806 2603 3859 xlx.

343 3898 406 3950 P.
431 3900 476 3951 Ι.
508 3917 565 3968 p.
592 3903 694 3957 184
711 3915 869 3966 seqq.
906 3897 1153 3968 inprimis
1189 3915 1245 3965 p·
1268 3903 1373 3955 212
1392 3916 1572 3968 seqq„
1616 3898 1661 3948 1.
1689 3895 1961 3948 Brandis=
1997 3893 2223 3962 Assyrr.
2260 3910 2444 3947 rerum
2476 3900 2606 3944 tem-

348 4001 483 4052 pora
518 3983 801 4036 emendata
829 3982 1037 4051 (Bonn.
1069 3981 1234 4048 1852)
1262 4000 1319 4051 p.
1343 3988 1378 4041 3
1400 4000 1579 4052 seqq„
1624 3980 1928 4033 Godofred.
1962 3979 2163 4047 Muys:
2205 3979 2438 4042 Quaest.
2472 3976 2605 4028 Cte-

345 4067 525 4119 siann.
560 4064 916 4132 chronologg.
947 4065 1283 4136 (Monaster.
1313 4072 1466 4126 1853.
1493 4068 1556 4133 8)
1587 4084 1642 4135 p.
1660 4070 1922 4134 20seqq.,
1951 4063 2331 4134 quiHerodoti
2364 4059 2607 4114 numeris

348 4150 758 4218 patrocinatur,
798 4148 857 4199 in
888 4149 1091 4218 quibus
1122 4166 1238 4201 mea
1271 4150 1485 4218 quidem
1528 4149 1810 4202 sententia
1842 4147 1976 4200 nihil
2006 4156 2215 4200 mutare
2256 4145 2461 4200 licebit.
2531 4143 2609 4194 Et

347 4235 556 4286 confer.
593 4248 815 4303 quoque
846 4232 1031 4284 Iatho:
1061 4233 1175 4285 Zur
1189 4232 1563 4301 Chronologie
1594 4233 1648 4284 d.
1681 4232 1863 4285 altest.
1893 4232 2225 4284 Geschichte
2256 4229 2310 4283 d.
2351 4225 2607 4281 Mensch-

348 4316 461 4368 heit
489 4316 854 4387 (Hildesheim
888 4317 1051 4382 1853)
1094 4334 1148 4385 p.
1182 4323 1251 4374 10
1275 4334 1466 4386 seqq.,
1524 4317 1599 4368 H.
1635 4316 1844 4369 Hessez
1887 4316 1970 4367 De
1998 4315 2249 4382 Assyriis
2281 4308 2608 4383 (Vratislav.

346 4402 510 4469 1836)
541 4419 598 4471 p.
627 4405 712 4469 19,
745 4417 809 4453 ac
837 4400 1132 4470 praecipue
1158 4401 1350 4453 Ioann.
1383 4418 1416 4452 a
1438 4401 1722 4470 Gumpach
1751 4400 1883 4472 (Die
1896 4398 2308 4465 Zeitrechnung
2339 4396 2392 4449 d.
2414 4392 2611 4461 Babyl.
