3109 5092
1326 384 1579 446 OLIO.
1623 388 1675 446 I.
1720 397 1808 451 62.
2501 458 2508 463 ‚
2587 396 2704 457 133

423 565 683 642 ἴσχουσι
714 561 1141 645 Μαραθῶνα.
1198 561 1272 627 ἐν
1312 559 1386 628 δὲ
1414 558 1629 629 τούτω
1658 566 1752 630 τῶ
1778 562 1973 654 χῶρῳ
2012 584 2134 650 σφι
2171 573 2699 653 στρατοπεδευο-

422 661 681 747 με’νοισι
723 663 793 728 οἵ
822 686 894 728 τε
933 662 1006 727 ἐκ
1046 665 1170 729 τοῦ
1208 658 1441 742 αστεος
1482 669 1842 735 στασιῶται
1880 661 2239 751 απίκοντο,
2282 665 2472 739 αλλοι
2509 698 2581 740 τε
2627 675 2702 742 ἐκ

423 767 562 830 τῶν
601 761 837 850 δήμων
877 766 1323 852 προσέρρεον,
1380 760 1593 835 οἷσι’
1556 796 1598 855 η
1651 770 1972 857 τυραννὶς
2016 767 2146 857 πρὸ
2184 767 2658 862 ἐλευθερίης
2615 803 2705 864 ην

423 862 941 953 ἀσπαστότερον.
998 855 1184 935 οὗτοι
1210 867 1335 956 μὲν
1365 867 1448 957 δὴ
1477 878 1933 958 συνηλίζοντο.
2008 868 2393 961 Ἀθηναίων
2422 876 2496 945 δὲ
2538 882 2608 946 οἱ
2628 880 2703 947 ἐκ

422 973 544 1037 τοῦ
592 965 860 1051 ἄστεος,
914 971 1040 1049 ἕως
1091 970 1217 1057 μὲν
1254 978 1736 1062 Πεισίστρατος
1785 974 1866 1043 τὰ
1918 973 2219 1064 χρήματα
2271 973 2533 1067 ἤγειρε,
2589 982 2701 1050 καὶ

421 1075 735 1159 μεταῦτις
763 1066 853 1150 ὦς
889 1077 1038 1160 ἔσχε
1068 1080 1511 1162 Μαραθῶνα,
1558 1076 1764 1163 λόγον
1801 1074 2049 1147 οὐδένα
2085 1078 2293 1166 εἶχον.
2351 1083 2504 1150 ἐπεί
2523 1108 2595 1150 τε
2627 1084 2703 1152 δὲ

422 1173 764 1244 ἐπύθοντο
796 1177 870 1242 ἐκ
914 1180 1036 1245 τοῦ
1060 1183 1499 1265 Μαραθῶνος
1541 1176 1754 1250 αὐτὸν
1798 1179 2211 1270 πορεύεσθαι
2249 1184 2358 1252 ἐπὶ
2395 1181 2470 1252 τὸ
2508 1206 2701 1272 αστυ,

421 1273 599 1346 οὕτω
641 1275 726 1366 δὴ
765 1280 1136 1365 βοηθέουσι
1175 1276 1285 1348 ἐπ’
1317 1277 1546 1350 αὐτόν.
1595 1284 1707 1352 καὶ
1749 1273 1944 1354 οὗτοί
1965 1310 2036 1353 τε
2063 1292 2477 1377 πανστρατιῇ
2502 1283 2703 1375 ἤι’σαν

423 1381 533 1449 ἐπὶ
562 1379 718 1461 τούς
746 1381 1124 1462 κατιόντας·
1173 1384 1286 1450 καὶ
1313 1389 1383 1452 ol*
1402 1381 1575 1473 ἀμφὶ
1605 1394 2124 1475 Πεισίστρατον,
2176 1383 2265 1468 ῶς
2293 1384 2703 1477 ὁρμηθέντες

329 1487 501 1553 3οἐκ
540 1488 978 1571 Μαραθῶνος
1016 1482 1216 1573 ἤϊσαν
1254 1488 1362 1555 ἐπὶ
1408 1484 1482 1556 τὸ
1526 1484 1730 1575 ἄστυ,
1783 1492 1850 1570 ἐς
1892 1486 2110 1559 τῶυτό
2148 1491 2497 1573 συνιόντες
2541 1490 2697 1563 ἀπι-

417 1589 728 1658 κνέονται
760 1588 869 1655 ἐπὶ
896 1594 1322 1677 Παλληνίδος
1353 1586 1714 1679 Ἀθηναίης
1746 1589 1928 1680 ἱρὸν,
1965 1595 2078 1661 καὶ
2112 1590 2306 1663 ἆντία
2350 1600 2591 1665 ἔθεντο
2620 1594 2703 1666 τὰ

414 1791 563 1840 intra
598 1788 655 1838 id
690 1793 933 1853 tempus,
990 1788 1136 1853 quod
1172 1790 1505 1841 nominatur.

412 1888 485 1897 —
532 1859 617 1908 De
658 1863 981 1923 argumento
1042 1858 1186 1909 conf.
1239 1864 1381 1910 nott.
1434 1860 1505 1910 ad

446 1967 602 2046 οἷσι
630 1987 675 2077 ἡ
722 1990 1009 2076 τυραννὶς
1034 1987 1171 2057 πρὸ
1219 1987 1505 2045 ἐλευθε-

416 2065 489 2130 ρι’
494 2081 570 2129 ης
619 2055 733 2129 ἦν
752 2056 1201 2144 ἀσπαστότερον]
1261 2067 1345 2115 De
1401 2081 1506 2116 usu

412 2121 835 2202 praepositionis
882 2126 994 2199 πρὸ
1053 2134 1198 2185 conf.
1250 2135 1506 2185 Kuehner

414 2208 507 2258 Gr.
548 2206 640 2257 Gr.
687 2207 738 2267 §-
775 2203 877 2255 597
919 2207 975 2253 et
1011 2218 1152 2267 quae
1188 2203 1387 2254 similia
1426 2205 1505 2254 af-

413 2276 520 2325 fert
539 2274 737 2325 Iacobs
765 2273 836 2322 ad
855 2272 1070 2324 Aelian.
1100 2273 1167 2321 N.
1191 2273 1258 2323 A.
1285 2273 1390 2331 111,
1414 2273 1502 2325 23.

410 2346 519 2395 Pro
556 2337 671 2393 οἷσι
706 2343 905 2393 Struve
929 2340 1165 2406 specim.
1200 2342 1426 2403 Quaest.
1454 2343 1502 2393 1.

411 2431 464 2480 p.
517 2413 584 2464 23
630 2412 972 2463 scribendum
1038 2416 1227 2461 censet
1293 2414 1501 2461 τοῖσι.

411 2483 520 2535 Sed
566 2482 693 2533 libri
729 2482 1100 2545 refragantur,
1146 2495 1375 2546 quorum
1412 2497 1505 2531 au·

411 2553 655 2605 ctoritati
672 2553 730 2601 in
755 2551 841 2601 his
875 2549 1122 2600 nonnihil
1155 2550 1504 2601 tribuendum

411 2636 714 2674 censemus.

479 2687 575 2742 καὶ
612 2706 681 2740 ου
659 2678 781 2739 ’ἱτοί
810 2701 868 2736 τε
916 2684 1269 2750 πανστρατιῇ
1306 2679 1501 2767 ἤϊσαν]

410 2762 589 2828 Vulgo
624 2748 799 2825 ἦσαν,
856 2758 1011 2809 cuius
1045 2756 1167 2807 loco
1203 2757 1299 2807 alii
1334 2745 1500 2823 ἦσαν,

411 2831 556 2914 quod
596 2828 889 2895 nuperi-imi
934 2827 1170 2877 editores
1224 2832 1504 2878 mutarunt

411 2903 468 2952 in
504 2892 702 2966 ἤϊσαν,
741 2898 797 2947 ἱιι
826 2896 1106 2947 Herodoto
1137 2895 1297 2946 unice
1331 2897 1505 2947 feren-

413 2972 567 3032 dum,
603 2975 667 3020 ut
690 2970 999 3018 monstrant
1024 2964 1192 3015 allata
1216 2981 1250 3015 a
1267 2966 1501 3017 Bredov.

410 3056 466 3105 p.
503 3008 627 3091 409.
660 3066 733 3076 -
775 3028 1077 3091 κατιόντας
1111 3034 1168 3084 ἰιι
1204 3049 1358 3100 seqq.
1396 3036 1508 3086 No·

410 3116 527 3160 ster
561 3124 653 3159 eos
691 3106 851 3169 dicit,
889 3121 972 3171 qm
996 3103 1060 3154 ab
1080 3105 1264 3154 exsilio
1289 3106 1508 3155 redeant

408 3182 489 3231 vel
522 3180 717 3229 reditus
749 3177 877 3226 viam
899 3174 998 3226 sibu·
1020 3180 1224 3237 parent.
1284 3173 1502 3236 cf.111,

411 3251 500 3301 45.
542 3248 639 3309 IV,
678 3246 729 3298 3.
754 3246 834 3325 V,
870 3243 958 3294 02.
997 3244 1094 3305 IX,
1134 3241 1221 3293 26.

478 3310 536 3374 ἐς
596 3305 777 3365 τῶυτὸ
820 3281 1147 3377 συνιόντες]
1200 3313 1238 3361 i.
1290 3327 1339 3363 e.
1386 3327 1504 3361 con·

402 3388 577 3453 gressi
606 3384 813 3436 eundem
855 3386 906 3433 in
942 3385 1099 3432 locum
1139 3396 1245 3431 cum
1280 3383 1372 3443 iis,
1419 3383 1506 3447 qui

410 3473 481 3507 ex
519 3455 645 3505 urbe
686 3454 879 3504 obviam
912 3454 1104 3513 ierant,
1149 3466 1195 3501 s.
1234 3464 1505 3501 occurren·

411 3534 489 3577 tes
534 3524 705 3575 eodem
755 3524 808 3573 in
852 3525 960 3571 loco
1003 3525 1109 3570 etc.
1181 3519 1504 3570 Distinctio·

409 3610 563 3655 nem,
602 3607 742 3657 quae
776 3592 903 3642 olim
937 3593 1064 3655 post
1092 3581 1387 3647 συνιόντες
1421 3592 1502 3639 in-

408 3663 758 3743 veniebatur,
824 3675 947 3710 cum
993 3658 1168 3709 Gaisf.
1219 3658 1498 3723 posuimus

411 3737 539 3798 post
563 3744 721 3779 αστυ.
771 3730 904 3779 Cum
928 3743 1035 3794 quo
1055 3727 1279 3778 eodem·
1264 3744 1322 3777 ιιι
1345 3743 1498 3793 seqq.

413 3801 659 3852 dedimus
680 3790 1052 3848 ἀπικνέονται
1087 3802 1143 3847 et
1175 3792 1379 3846 ἔθεντο
1402 3813 1502 3862 pro

409 3887 505 3989 23:
550 3857 1506 4001 ἓῖθέοὲὶῗξαέἔξὶξθζὲἒῖᾜ

410 4008 588 4060 sendit
607 4009 905 4058 Hermann.
930 4005 1001 4055 ad
1022 4006 1210 4071 Vigor.
1229 4019 1358 4086 pag.
1382 4003 1502 4065 700,

412 4079 524 4144 qui,
560 4077 915 4127 distinctione
951 4079 1097 4155 post
1098 4067 1391 4130 συνιόντες
1424 4089 1506 4124 re-

412 4151 643 4208 vocata,
718 4145 787 4194 ad
842 4143 1010 4194 verba
1064 4135 1394 4192 ἀπικνέεται
1451 4146 1505 4192 et

414 4211 584 4265 ἔθετο
622 4213 842 4296 supplet
877 4227 909 4262 o
944 4211 1370 4277 Πεισίστρατος.
1441 4211 1507 4261 Id

415 4283 561 4350 quod
598 4282 901 4361 speciosius
939 4296 1103 4347 quam
1140 4283 1324 4332 verius
1358 4281 1509 4331 vide·

414 4359 523 4404 tur.
557 4381 632 4391 -·
676 4344 738 4400 οἷ
777 4341 927 4413 ἀμφὶ
973 4349 1383 4416 Πεισίστρατον
1430 4352 1508 4400 in-

1607 1793 1766 1855 ipsius
1811 1794 2038 1843 asseclis.
2112 1791 2271 1843 Cous.
2305 1793 2559 1844 Kuehner
2605 1795 2700 1847 Gr.

1610 1861 1702 1912 Gr.
1743 1864 1795 1924 g.
1834 1862 1957 1923 474,
1997 1861 2050 1911 d.

1653 1921 2025 1979 ἀπικνέονται
2043 1919 2134 1979 ἐπὶ
2149 1926 2511 1993 Παλληνίδος
2536 1921 2700 1995 Ἀθη-

1611 1998 1778 2063 ναίης
1820 1991 1973 2063 ΐρὸν]
2035 2000 2140 2049 Est
2199 1998 2455 2064 templum
2501 1999 2698 2077 Mineg

1607 2084 1731 2129 vae,
1769 2083 1911 2132 quae
1930 2068 2249 2118 Pellenensis
2277 2072 2506 2119 vocatur
2526 2083 2555 2117 e
2578 2068 2697 2120 loco

1610 2138 1758 2201 ipso,
1805 2137 1901 2186 ubi
1935 2136 2194 2201 templum
2242 2142 2327 2187 est
2363 2143 2697 2189 exstructum

1609 2211 1663 2255 et
1705 2206 1800 2255 ubi
1845 2204 1949 2255 dea
2010 2205 2229 2257 colitur.
2310 2207 2449 2257 Nam
2487 2207 2699 2258 Pallene

1607 2275 1736 2341 pagi
1772 2274 1945 2325 Attici
1989 2281 2075 2325 est
2118 2291 2341 2339 nomen,
2394 2277 2488 2341 qui
2528 2293 2697 2342 prope

1605 2344 1889 2395 Acharnas
1917 2345 2088 2396 fuisse
2112 2345 2348 2409 videtur,
2371 2345 2698 2397 observante

1606 2415 1784 2465 Kruse
1812 2413 2022 2479 (Hellas
2051 2415 2132 2477 ΙΙ,
2155 2415 2204 2465 1.
2229 2431 2357 2480 pag.
2379 2414 2508 2479 ⁴290)
2531 2421 2697 2479 atque

1606 2483 1792 2534 Leake
1835 2485 1966 2548 (Die
2000 2484 2207 2533 Demen
2252 2484 2485 2534 Attica's
2532 2500 2587 2549 p.
2625 2485 2696 2534 40

1607 2569 1637 2603 e
1692 2567 1836 2602 vers.
1899 2553 2350 2615 Westermann.),
2407 2553 2500 2617 qui
2552 2554 2697 2603 intra

1606 2620 1944 2671 Pentelicum
1975 2625 2214 2670 montem
2250 2626 2305 2670 et
2326 2621 2577 2684 Hymetti
2612 2637 2698 2671 ra-

1607 2689 1754 2740 dices
1802 2690 2254 2754 septentrionales
2306 2689 2450 2740 hunc
2495 2705 2698 2754 pagum

1606 2761 1778 2825 pouit.
1853 2757 1937 2808 Ad
1974 2757 2351 2808 Antiochidem
2387 2759 2697 2823 pertinebat

1606 2829 1696 2879 ille
1742 2828 1971 2890 tribum,
2026 2827 2180 2878 cuius
2224 2843 2395 2892 aeque
2442 2844 2508 2877 ac
2562 2827 2694 2880 deae

1607 2897 1732 2948 inde
1768 2898 2185 2961 cognominatae
2222 2897 2511 2962 aliquoties
2550 2899 2694 2962 apud

1607 2972 1820 3017 veteres
1859 2967 1920 3017 fit
1960 2967 2182 3017 mentio.
2257 2966 2415 3017 Conf.
2450 2967 2691 3018 Boeckh.

1605 3039 1780 3089 Inscr.
1804 3036 1964 3102 Corp.
2001 3037 2045 3087 1.
2072 3037 2124 3088 3.
2165 3053 2218 3102 p.
2255 3034 2376 3087 907.
2450 3036 2696 3102 Splendi-

1607 3106 1732 3157 dum
1794 3106 1964 3157 fuisse
2023 3104 2282 3171 templum
2346 3106 2695 3171 donariisque

1607 3176 1788 3225 multis
1828 3182 2075 3226 ornatum
2107 3175 2234 3225 inde
2270 3174 2499 3240 conigo,
2550 3175 2695 3241 quod

1604 3245 1895 3310 peculiaris
1932 3245 2277 3295 Themisonis
2321 3244 2574 3294 exstabat
2629 3244 2696 3295 de
2787 3280 2792 3285 -

1605 3315 1690 3364 his
1738 3314 1901 3375 liber,
1962 3315 2054 3379 qui
2100 3313 2499 3364 inscribebatur
2545 3311 2694 3361 Παλ-

1604 3380 1793 3447 ληνὶς,
1836 3388 1977 3434 teste
2002 3382 2283 3432 Athenaeo
2308 3382 2404 3442 VI,
2439 3381 2523 3431 26.
2563 3396 2690 3445 pag.

1606 3452 1708 3503 ‘234
1759 3453 1807 3502 F
1859 3467 1994 3517 seq„
2059 3451 2152 3500 ubi
2214 3449 2326 3499 vid.
2386 3448 2690 3513 Schweigh.

1605 3524 1761 3572 Tom.
1781 3521 1887 3571 111.
1909 3536 2034 3585 pag.
2059 3518 2161 3569 358
2186 3519 2412 3568 Annott.
2449 3516 2603 3566 Adde
2629 3518 2692 3569 G.

1604 3592 1669 3642 0.
1694 3590 1916 3640 Miiller:
1953 3587 2148 3638 Kleine
2184 3584 2445 3636 deutsche
2471 3585 2694 3638 Schrift.

1604 3661 1680 3711 11.
1691 3675 1774 3739 p.
1817 3659 1912 3709 151
1953 3672 2068 3721 seq.

1674 3722 1842 3776 ἀντία
1879 3721 2134 3775 ἔθεντο
2170 3714 2251 3771 τὰ
2287 3709 2484 3786 οπλα]
2515 3721 2695 3788 Vulgo

1604 3799 1850 3847 vertunt:
1898 3801 2111 3857 „castra
2149 3808 2219 3843 ex
2263 3791 2481 3841 adverso
2512 3806 2696 3853 posue-

1605 3874 1740 3917 runt.
1748 3864 1785 3890 “
1836 3864 1952 3914 Nec
1988 3862 2146 3913 aliter
2182 3861 2414 3926 Negris‚
2451 3860 2697 3911 Herodo-

1606 3941 1700 3987 tea
1737 3932 1818 3983 sic
1856 3932 2064 3984 Graece
2100 3946 2401 4013 exponens.
2438 3919 2696 3993 ἐστρατο-

1607 4000 1894 4054 πέδευσαν
1940 3993 2067 4051 κατ’
2100 3991 2337 4064 ἀντικρὺ
2386 3994 2492 4048 τοῦ
2531 3995 2697 4049 ναοῦ.
2759 4016 2782 4039 ·

1608 4072 1931 4125 Accuratius
1962 4071 2183 4136 opinor:
2221 4069 2427 4133 „ibique
2459 4069 2507 4117 in
2544 4070 2700 4117 aciem

1607 4144 1953 4195 constiterunt.
1963 4142 1999 4169 ‘⁴
2018 4142 2158 4191 Nam
2172 4107 2448 4188 τίθεσθαι
2464 4127 2532 4185 τὰ
2550 4125 2700 4184 ὅπλα

1613 4216 1725 4264 est:
1770 4215 1862 4275 „in
1891 4214 2046 4262 aciem
2068 4226 2124 4260 se
2144 4210 2436 4268 consistere,
2454 4204 2559 4255 sich
2585 4204 2699 4266 aus-

1610 4283 1803 4333 stellen.
1814 4282 1852 4309 ‘⁴
1919 4280 2088 4338 Vide,
2136 4292 2277 4343 quae
2313 4274 2426 4325 dixi
2468 4273 2538 4323 ad
2574 4271 2701 4323 Plu-

1615 4350 1789 4401 tarch.
1840 4348 2113 4401 Alcibiad.
2160 4347 2250 4399 30
2277 4343 2419 4408 (ubiz
2469 4332 2702 4391 ἐναντία

416 4422 610 4487 telligo
654 4421 720 4471 de
764 4421 1045 4470 Pisistrato
1096 4424 1209 4484 ipso
1252 4436 1354 4470 una
1405 4436 1513 4470 cum
1618 4409 1768 4468 ὅπλα
1814 4413 2116 4480 τίθεσθαι)
2158 4430 2285 4480 pag.
2325 4411 2429 4464 226
2474 4414 2530 4461 et
2573 4409 2698 4462 add.
