3109 5092
451 278 573 341 728

1323 275 1859 344 HERODOTJ

452 455 526 526 δὲ
558 455 828 542 λέγουσι
860 452 1349 540 φλυηρέοντες,
1392 445 1480 531 ὦς
1509 447 1643 537 ἐγὼ
1676 450 1925 534 δοκέω,
1957 451 2037 519 τά
2069 477 2139 518 τε
2167 446 2338 518 ἅλλα
2368 450 2481 518 καὶ
2509 447 2593 538 δὴ
2623 452 2745 518 καὶ

450 557 530 628 τὰ
570 560 723 646 περὶ
763 553 878 636 τὰς
921 571 1144 645 χεῖρας
1185 559 1321 622 τῶν
1367 558 1745 623 κολοσσῶν·
1813 559 2024 621 ταῦτα
2066 550 2195 642 γὰρ
2245 544 2343 621 ὧν
2386 555 2499 621 καὶ
2544 548 2761 648 ἡμεῖς,

452 657 784 751 (ὁρέομεν,
833 655 935 729 ὅτι
969 653 1102 727 ὑπὸ
1143 657 1393 746 χρόνου
1433 656 1550 737 τὰς
1591 672 1817 746 χεῖρας
1860 653 2316 745 ἇποβλήκασι,
2363 662 2439 724 αἳ
2469 658 2545 725 ἐν
2575 658 2739 725 ποσὶ

321 763 712 840 132αύτέων
758 766 1119 852 ἐφαίνοντο
1165 763 1394 830 ἐοῦσαι
1437 767 1531 829 ἔτι
1563 763 1675 829 καὶ
1716 763 1783 839 ἐς
1828 762 1962 847 ἐμέ.

2037 756 2126 827 Ἡ
2160 759 2235 828 δὲ
2280 764 2444 846 βοῦς
2490 756 2569 827 τὰ
2609 758 2743 847 μὲν

450 867 620 937 ἄλλα
660 870 1196 955 κατακέκρυπται
1238 867 1563 957 φοινικέῳ
1605 869 1822 952 εἵματι
1845 914 1863 948 ,
1903 860 2023 931 τὸν
2051 860 2303 950 αὐχένα
2347 862 2422 930 δὲ
2456 865 2569 930 καὶ
2610 860 2743 949 τὴν

456 968 764 1060 κεφαλὴν
792 975 1022 1058 φαίνει
1054 972 1532 1057 κεχρυσωμένα
1564 969 1762 1054 παχέϊ
1798 964 2008 1054 κάρτα
2026 966 2265 1057 χρυσῷ
2285 987 2300 1000 ·
2367 963 2615 1052 μεταξὺ
2661 965 2737 1033 δὲ

450 1081 588 1144 τῶν
628 1077 851 1162 κρέων
889 1069 926 1140 ὃ
974 1076 1097 1140 τοῦ
1136 1066 1334 1158 ἡλίου
1382 1071 1629 1150 κύκλος
1667 1072 2120 1158 μεμιμημένος
2164 1074 2389 1136 ἔπεστι
2429 1068 2735 1157 χρύσεος.

453 1186 592 1247 ἔστι
633 1177 707 1246 δὲ
745 1173 980 1265 ἡβοῦς
1022 1171 1146 1243 οὐκ
1176 1170 1390 1262 ὀρθὴ,
1436 1171 1586 1243 ἀλλ’
1624 1176 1698 1242 ἐν
1740 1171 2023 1259 γούνασι
2070 1172 2377 1258 κειμένη·
2436 1173 2740 1258 μέγαθος

454 1282 562 1363 δὲ,
607 1277 730 1367 ὅση
762 1305 889 1366 περ
916 1278 1169 1366 μεγάλη
1211 1282 1376 1363 βοῦς
1405 1277 1554 1365 ζωή.
1641 1279 1992 1364 ἐκφέρεται
2023 1275 2097 1343 δὲ
2128 1277 2200 1342 ἐκ
2227 1278 2349 1342 τοῦ
2381 1274 2741 1362 οἰκήματος

459 1380 589 1452 ἀνὰ
650 1381 868 1451 πάντα
911 1378 992 1448 τὰ
1034 1386 1205 1448 ἔτεα.
1281 1378 1489 1448 ἐπεὰν
1525 1379 1908 1448 τύπτωνται
1951 1382 2021 1446 oc
2046 1375 2402 1464 Αἰγύπτιοι
2447 1375 2565 1446 τὸν
2609 1375 2743 1445 οὐκ

520 1554 702 1606 ταῦτα
740 1552 774 1602 ὃ
791 1547 815 1602 ὲ
852 1551 1098 1618 λέγουσι]
1135 1554 1315 1619 Vulgo
1344 1545 1416 1618 δὴ
1443 1569 1542 1618 pro

450 1621 532 1691 δὲ,
564 1625 707 1691 quod
732 1640 766 1674 a
790 1622 1065 1689 plerisque
1099 1623 1252 1672 libris
1277 1639 1544 1673 commen·

452 1699 640 1748 datum
674 1694 976 1758 recepimus
1003 1709 1122 1742 cum
1147 1692 1451 1770 Schweigh.
1488 1699 1542 1742 et

449 1767 625 1817 Gaisf.
704 1763 833 1812 Mox
869 1763 1038 1813 verba
1080 1759 1257 1810 ταῦτα
1302 1756 1407 1825 γὰρ
1460 1749 1542 1808 ὦν

450 1832 547 1885 καὶ
585 1826 747 1899 ἡμεῖς
779 1823 1029 1895 (ὁρέομεν
1063 1847 1185 1881 cum
1221 1831 1276 1878 vi
1307 1831 1540 1895 quadam

452 1906 603 1956 dicta
639 1919 762 1980 esse
797 1917 966 1976 aeque
1003 1917 1069 1951 ac
1105 1916 1269 1978 supra
1303 1900 1382 1961 ΙΙ,
1417 1901 1540 1951 127:

449 1972 625 2023 ταῦτα
672 1965 778 2037 γὰρ
828 1986 910 2018 ων
956 1967 1050 2018 καὶ
1105 1961 1265 2033 ἡμεις
1316 1938 1540 2032 ἐμετρή-

453 2055 655 2107 σαιιεν,
694 2041 962 2091 neminem
999 2040 1160 2104 fugit.

781 2210 913 2260 Cn.
951 2208 1226 2259 CXXXII.

511 2307 580 2361 ‘H
610 2306 672 2361 δὲ
696 2308 836 2379 βοῦς
853 2343 922 2350 —-
947 2308 1159 2377 εἵματι]
1197 2313 1402 2362 Sensus
1437 2312 1544 2362 loci

453 2384 540 2434 hic
579 2383 688 2432 fere
729 2387 840 2430 est:
879 2381 1016 2442 „bos
1045 2381 1244 2430 haecce
1279 2381 1543 2446 reliquum

453 2467 649 2515 corpus
686 2450 849 2500 habet
887 2451 1161 2500 obtectum
1208 2449 1374 2515 pallio
1417 2466 1544 2515 pur-

453 2538 618 2585 pureo
657 2519 732 2583 (id
770 2525 879 2581 est,
930 2519 1345 2585 pretiosissimo)
1391 2535 1545 2585 prae·

455 2598 536 2641 ter
567 2590 766 2641 collum
802 2597 856 2639 et
897 2593 1090 2653 caput,
1135 2589 1280 2652 quod
1320 2588 1545 2653 (nudum

449 2661 617 2711 habet
653 2660 729 2725 et)
768 2660 990 2723 praebet
1025 2674 1211 2709 crasso
1254 2659 1544 2708 admodum

453 2747 584 2780 auro
631 2729 979 2779 inauratum!
1032 2755 1102 2764 —
1140 2727 1205 2776 In
1242 2743 1396 2793 seqq.
1434 2718 1546 2776 ἀνὰ

452 2791 639 2849 πάντα
675 2790 743 2847 τὰ
789 2790 914 2846 ἔτεα
958 2797 1146 2846 eodem
1189 2796 1348 2846 modo
1399 2797 1540 2846 dixit

411 2892 416 2896 ·
452 2868 792 2926 Herodotum
842 2882 948 2930 quo
988 2882 1108 2929 cap.
1155 2864 1249 2917 130
1283 2856 1396 2914 ἀνὰ
1435 2881 1540 2914 πα-

453 2927 1029 3052 σηέἷτέὲνέξύῖττωνται
1047 2995 1106 3049 οἷ
1117 2992 1417 3063 Αἰγύπτιοι
1443 2994 1543 3050 τὸν

456 3065 562 3121 οὐκ
604 3062 1066 3135 ούνομαζόμενον
1098 3064 1245 3118 θεὸν
1275 3071 1340 3118 “κ.
1383 3085 1431 3120 τ.
1467 3069 1539 3134 λ.]

456 3144 493 3191 i.
533 3156 581 3190 e.
620 3140 820 3204 quando
852 3142 1098 3203 planqunt
1127 3138 1371 3202 Aegyptii
1404 3140 1542 3189 deum

454 3213 611 3268 illum,
659 3210 802 3258 cuius
843 3223 1014 3257 nomen
1057 3209 1107 3256 in
1158 3211 1252 3258 tali
1295 3224 1353 3258 re
1389 3209 1541 3259 edere

452 3280 567 3330 milti
591 3279 742 3342 nefas
767 3285 873 3338 est,
917 3285 1013 3326 tum
1042 3277 1172 3326 Ιιιιηι·
1202 3277 1365 3328 bovem
1390 3281 1438 3328 in
1465 3281 1542 3327 Iu-

453 3367 556 3400 cem
582 3349 869 3412 profer-emt.
925 3346 1009 3397 Ad
1034 3352 1363 3396 structuram
1394 3347 1544 3397 verbi

451 3411 770 3469 τύπτεσθαι
806 3417 951 3467 conf.
993 3431 1157 3481 supra
1189 3416 1263 3480 11,
1302 3417 1364 3467 61
1407 3417 1541 3481 ibiq.

453 3493 568 3539 not.
607 3486 733 3537 coll.
769 3487 848 3548 ΙΙ,
887 3487 1005 3537 170.
1084 3486 1235 3548 Quae
1272 3487 1319 3535 si
1357 3491 1543 3536 eontu-

451 3558 580 3609 leris
636 3571 922 3606 unaaeum
973 3555 1256 3606 Plutarchi
1307 3554 1427 3605 loco
1477 3555 1544 3604 de

453 3627 590 3678 Isid.
635 3631 799 3691 atque
827 3624 1027 3675 Osirid.
1057 3641 1108 3690 p.
1140 3624 1243 3675 366
1267 3640 1311 3677 ε.
1340 3641 1395 3688 p.
1423 3624 1542 3675 501.

454 3711 576 3760 cap.
615 3696 684 3747 39
721 3694 837 3759 (ubi
874 3694 1125 3744 conseras
1154 3695 1222 3743 W
1224 3693 1543 3758 yttenbach.

452 3765 799 3817 Animadvss.
839 3763 927 3824 11,
973 3764 1019 3812 l.
1058 3779 1184 3828 pag.
1224 3760 1374 3823 225),
1411 3761 1545 3812 nibil

456 3834 693 3893 dubium,
725 3833 828 3881 hoc
857 3831 978 3881 loco
1003 3831 1177 3893 deum,
1202 3847 1360 3895 quem
1387 3831 1544 3882 edere

452 3902 608 3952 nefas
642 3900 888 3962 videtur,
927 3898 1172 3950 osiridem
1206 3916 1344 3950 esse.
1386 3901 1547 3950 ’Nar-

453 3975 542 4021 rat
562 3970 703 4019 enim
731 3968 1075 4030 Plutarchus,
1113 3969 1415 4034 Aegyptios
1444 3986 1543 4034 pro

452 4038 601 4089 Iside
658 4036 895 4086 coluisse
945 4052 1146 4087 vaccae
1198 4038 1546 4089 simulacrum

454 4110 799 4166 deauratum,
864 4105 1009 4169 quod
1054 4107 1251 4156 annuis
1297 4107 1546 4158 solemni-

454 4178 574 4238 bus,
616 4190 736 4225 cum
776 4174 1048 4224 Osiridem
1083 4173 1350 4240 lugerent,
1388 4178 1543 4242 nigro

452 4244 613 4312 peplo
638 4244 932 4305 obtectum,
957 4259 1156 4307 pompa
1178 4246 1380 4309 septies
1399 4247 1545 4296 circa

452 4313 713 4379 templum
751 4313 1033 4365 ducerent.
1107 4313 1375 4364 Osiridem
1414 4331 1543 4365 vero

1644 1551 1872 1616 periisse
1912 1551 2171 1601 dicebant
2221 1550 2556 1616 eundemque
2589 1550 2745 1616 luge-

1644 1621 1806 1681 bant,
1861 1621 2077 1685 quando
2125 1620 2282 1669 Nilus
2337 1621 2567 1681 recedit,
2631 1636 2744 1670 nox

1644 1690 1862 1754 longior
1935 1688 1998 1738 fit
2064 1689 2312 1753 lucisque
2383 1689 2579 1739 solaris
2652 1690 2742 1739 vis

1646 1760 1802 1823 quasi
1838 1764 2127 1822 superatur
2163 1764 2218 1808 et
2257 1759 2509 1809 tabescit.
2585 1760 2743 1820 Quae

1647 1827 1835 1876 eadem
1873 1827 1930 1876 in
1966 1828 2200 1877 medium
2239 1827 2522 1892 proferens
2556 1829 2746 1893 Zoega

1648 1896 1714 1945 de
1777 1896 2031 1947 obelisco.
2095 1911 2220 1962 pag.
2266 1896 2370 1947 415
2431 1897 2743 1947 universam

1645 1965 1712 2014 de
1765 1965 2031 2029 Mycerini
2084 1965 2200 2015 filia
2257 1966 2625 2016 narrationem
2684 1967 2741 2015 in

1646 2035 2009 2099 suspicionem
2035 2035 2435 2098 quodammodo
2454 2041 2620 2085 vocat
2643 2037 2745 2085 mi-

1646 2104 1897 2167 nimeque
1923 2102 2181 2153 credibile
2214 2108 2419 2166 censet,
2455 2104 2744 2155 muliercu-

1649 2173 1754 2222 lam
1790 2172 1939 2222 nullo
1969 2173 2212 2223 facinore
2241 2172 2445 2223 claram
2479 2175 2621 2224 tanti
2646 2173 2746 2223 ha-

1646 2242 1819 2291 bitam
1870 2242 2040 2291 fuisse
2087 2242 2230 2307 apud
2279 2249 2549 2307 posteros.
2623 2244 2743 2293 Nos

1646 2310 1783 2360 haec
1811 2311 2028 2375 quidem
2056 2312 2354 2373 mittamus,
2381 2328 2742 2378 apponamus,

1645 2395 1785 2444 quae
1848 2378 2147 2430 Crcuzerus
2217 2381 2521 2446 disputavit
2584 2382 2744 2431 Com—

1647 2451 1839 2498 mentt.
1900 2448 2142 2500 Herodd.
2204 2466 2332 2515 pag.
2394 2451 2492 2500 127
2558 2466 2742 2516 seqq.:

1649 2517 1802 2580 „Iam
1828 2518 1878 2567 si
1905 2534 2155 2583 quaeras,
2185 2534 2282 2569 cur
2304 2518 2743 2570 excellentiorem

1646 2585 1790 2636 filiae
1828 2586 2166 2652 sepulturam
2202 2590 2260 2638 in
2290 2590 2493 2639 bucula
2520 2605 2745 2639 censue-

1648 2657 1721 2705 rit
1742 2657 2074 2720 Mycerinus‚
2113 2672 2274 2739 quam
2310 2658 2364 2707 in
2402 2658 2618 2708 arcula:
2655 2675 2745 2708 ex-

1647 2725 1835 2789 pedita
1874 2727 1983 2776 iam
2018 2727 2301 2791 responsio
2337 2732 2447 2790 est,
2484 2726 2746 2778 videlicet

1646 2795 1807 2844 haec·
1867 2796 2122 2860 quoniam
2169 2797 2261 2861 qui
2307 2798 2363 2845 in
2412 2797 2598 2847 arcula
2642 2788 2744 2846 ἆν-

1646 2861 2010 2926 θρωποειᾶει
2033 2865 2437 2928 condebantur,
2474 2867 2514 2915 ii
2544 2872 2601 2917 et
2635 2867 2743 2930 ipsi

1646 2933 1865 2998 quidem
1916 2933 2155 2983 loculum
2201 2934 2479 2985 habebant
2528 2936 2584 2985 in
2634 2952 2744 2985 me-

1646 3002 1874 3052 moriam
1903 3003 2135 3053 Osiridis
2175 3001 2412 3066 factum,
2452 3020 2627 3071 neque
2659 3011 2743 3054 ta-

1648 3086 1771 3120 men
1825 3072 2014 3122 eodem
2071 3088 2324 3137 prorsus,
2386 3089 2492 3138 quo
2545 3074 2741 3132 Osirim

1647 3141 1806 3190 modo
1866 3141 2266 3203 condebantur,
2329 3149 2522 3207 utpote
2582 3144 2739 3193 cuius

1647 3211 1928 3262 membra·
1914 3227 1969 3259 m
1996 3211 2190 3261 bovem
2223 3212 2469 3261 immissa
2502 3213 2739 3262 fuerant.

1646 3281 1816 3329 Porro
1864 3281 1957 3344 qui
2004 3281 2061 3329 in
2098 3295 2255 3330 sacro
2303 3282 2609 3332 conditorio
2655 3298 2741 3331 se-

1646 3348 1782 3413 pulti
1821 3354 1979 3410 sunt,
2031 3353 2186 3399 erant
2222 3348 2335 3398 illi
2351 3350 2564 3416 quidem
2606 3341 2735 3413 ὁμό·

1646 3431 1820 3480 ταφοι
1849 3386 2134 3500 Ὀσίριδος
2163 3419 2350 3468 eodem
2378 3435 2499 3470 cum
2524 3420 2743 3469 Osiride

1646 3485 1854 3536 tumulo
1882 3487 2071 3551 potiti·
2109 3487 2205 3538 sed
2230 3488 2325 3537 illa
2347 3493 2528 3538 tamen
2556 3488 2743 3552 puella

1648 3557 1924 3605 sanctiore
1962 3556 2197 3620 quodam
2233 3558 2452 3608 vinculo
2490 3559 2594 3607 fuit
2620 3559 2744 3608 Osi-

1650 3625 1755 3674 ridi
1790 3625 2048 3691 copulata
2070 3633 2125 3676 et
2149 3627 2307 3692 quasi
2338 3633 2507 3692 nupta
2544 3628 2594 3677 ei
2618 3627 2741 3678 deo.

1648 3694 1807 3744 Hanc
1857 3695 1925 3744 ob
1963 3710 2187 3745 causam
2232 3701 2441 3760 patrem
2486 3711 2747 3747 exorave-

1649 3768 1762 3824 rat,
1816 3768 1878 3812 ut
1930 3764 2095 3815 semel
2143 3766 2199 3814 in
2246 3781 2390 3814 anno
2431 3766 2600 3815 solem
2638 3766 2741 3815 sibi

1646 3831 1927 3895 adspicere
1972 3833 2185 3896 liceret,
2237 3834 2544 3899 eductaque
2592 3840 2675 3884 est
2713 3851 2743 3885 e

1648 3900 1894 3951 conclavi
1926 3918 1989 3952 eo
2029 3903 2143 3965 die,
2181 3918 2287 3967 quo
2323 3904 2554 3967 populus
2589 3903 2742 3969 plan-

1647 3969 1815 4034 gebat
1835 3970 2126 4022 osiridem.
2193 3974 2314 4034 Quo
2334 3973 2455 4036 ipso
2484 3972 2572 4022 die
2597 3973 2741 4038 quod

1647 4039 1924 4102 suspicere
1977 4041 2201 4090 volebat
2267 4042 2466 4102 solem,
2526 4041 2629 4092 hoe
2684 4043 2743 4091 in

1648 4123 1797 4172 spem
1834 4109 2001 4159 fiebat
2036 4110 2315 4161 redeuntis
2360 4111 2528 4172 lucis,
2579 4126 2741 4176 quam

1648 4178 1824 4241 ipsam
1863 4192 2014 4243 spem
2051 4179 2152 4229 hoc
2192 4185 2437 4243 tempore
2472 4180 2744 4243 concipie-

1649 4247 1782 4295 bant
1816 4247 2092 4312 Aegyptii.
2164 4248 2329 4298 Haud
2368 4248 2603 4298 absurde
2638 4249 2743 4312 igi-

1648 4321 1733 4365 tur
1770 4317 2062 4379 suspiceris
2095 4317 2434 4382 Mycerinum
2475 4321 2584 4366 tam
2626 4332 2739 4366 am-
