3109 5092
1169 360 1421 425 CLIO.
1465 362 1518 422 Ι.
1568 372 1687 426 135.
1736 369 1857 426 136.

2533 365 2653 430 281

384 565 608 626 ρηκας.
691 539 805 607 καὶ
850 532 1220 617 εὐπαθείας
1278 562 1349 604 τε
1395 532 1827 614 παντοδαπὰς
1869 537 2377 626 πυνθανόμενοι
2427 536 2655 631 ἐπιτη-

384 639 661 712 δεύουσι
678 694 697 727 ,
727 641 840 710 καὶ
869 637 953 727 δὴ
982 641 1125 724 καὶ,
1170 636 1275 710 ἀπ’
1299 635 1639 729 Ἑλλήνων
1664 636 2034 728 μαθόντες,
2067 642 2256 710 παισὶ
2283 649 2656 731 μίσγονται.

386 747 707 834 γαμέουσι
752 740 815 813 δ’
867 746 1141 823 ἕκαστος
1183 740 1411 812 αὐτῶν
1452 740 1700 823 πολλὰς
1747 741 1872 830 μὲν
1924 749 2270 831 κουριδίας
2310 763 2656 833 γυναῖκας,

384 853 610 941 πολλῷ
638 845 703 917 δ’
737 852 835 917 ἔτι
864 850 1158 926 πλεῦνας
1187 842 1527 925 παλλακὰς
1570 851 1879 915 κτῶνται.
1939 842 2396 936 Ἀνδραγαθίη
2428 846 2496 918 δ’
2529 847 2654 919 αῧ-
2680 854 2796 916 136

385 979 464 1039 τη
494 948 936 1021 ἀποδέδεκται
957 1000 975 1034 ,
1017 946 1182 1037 μετα
1221 947 1298 1018 τὸ
1333 946 1667 1038 μάχεσθαι
1713 947 1888 1017 εἶναι
1928 945 2230 1036 ἀγαθὸν,
2269 946 2342 1032 ὃς
2368 946 2455 1022 ἂν
2486 963 2651 1024 πολ-

380 1169 533 1205 meae
569 1152 686 1203 sive
722 1153 964 1218 squamis
1001 1157 1312 1212 consertae3
1362 1166 1469 1216 quo

381 1223 667 1274 Strabonis
706 1220 845 1283 (XV.
873 1239 929 1285 p.
958 1220 1082 1287 734)
1114 1226 1168 1272 et
1201 1221 1468 1273 Hermbti

382 1291 512 1356 (IX,
548 1294 615 1342 22
648 1291 773 1343 coll.
808 1293 937 1354 VII,
974 1290 1064 1354 61)
1104 1291 1310 1342 ducunt
1339 1289 1466 1341 loci.

378 1362 464 1413 Ad
503 1363 687 1426 priora
729 1365 973 1425 tempora
1009 1360 1262 1411 videntur
1307 1362 1469 1424 perti-

382 1432 569 1481 nuisse
625 1430 805 1482 lineae
859 1429 1090 1491 loricae,
1148 1430 1213 1481 de
1271 1430 1467 1510 quibus

382 1500 627 1565 Xenoph.
638 1500 863 1578 Cyn-,op
912 1500 1021 1560 VI,
1053 1466 1114 1561 4⁹,
1153 1502 1211 1550 2:
1255 1493 1374 1548 ἐπεὶ
1410 1490 1463 1547 δ’

384 1566 568 1649 ἔμελλε
595 1560 697 1619 τὸν
728 1567 927 1619 λινοῦν
956 1537 1051 1618 &ui
1088 1584 1215 1630 α,κα
1255 1558 1317 1623 ὃς
1357 1558 1476 1618 ἔπι-

383 1632 590 1704 χαῖριος
647 1625 723 1702 ἦν
774 1629 1000 1702 αὐτοῖς,
1121 1630 1369 1688 δυεσθαι
1419 1653 1471 1687 τι.

383 1726 429 1759 τ.
466 1707 545 1771 λ.,
583 1709 675 1759 ubi
714 1708 860 1759 conf.
900 1709 1076 1773 interp
1078 1712 1207 1759 rett.

451 1773 617 1827 παισὶ
661 1776 979 1844 μίσγονται]
1044 1779 1167 1829 Hoc
1207 1775 1474 1827 Herodoti

382 1848 696 1898 testimonio
719 1863 851 1898 usus
871 1852 955 1896 est
974 1847 1287 1898 Athenaeus
1307 1846 1471 1906 XIII,

385 1916 472 1968 79.
535 1916 715 1967 Alium
747 1917 908 1967 huius
946 1917 1141 1982 flagitii
1180 1915 1321 1981 apud
1346 1916 1472 1965 Per-

383 2002 475 2037 sas
551 1991 747 2036 testem
819 1987 1026 2036 excitat
1077 1985 1472 2049 Wesselingius

384 2057 606 2107 Sextum
641 2054 1015 2121 philosophum
1044 2056 1391 2120 Hypotypos.
1425 2056 1470 2117 Ι,

387 2127 471 2176 14.
509 2141 564 2190 p.
595 2125 682 2187 38,
719 2129 886 2189 atque
916 2124 1050 2175 illud
1082 2123 1474 2189 reprehenden-

382 2199 490 2245 tem
525 2194 877 2245 Plutarchum
914 2195 969 2243 in
1013 2193 1153 2245 libro
1206 2194 1272 2243 de
1301 2192 1473 2243 Hero-

383 2265 499 2315 doti
534 2263 760 2329 malign.
797 2265 863 2313 T.
902 2264 979 2313 II.
1018 2279 1072 2328 p.
1101 2264 1204 2314 857
1230 2264 1294 2313 B.
1362 2262 1472 2312 Sed

380 2334 697 2385 Ammianus
749 2332 1097 2383 Marcellinus
1165 2331 1357 2394 (XIII,
1414 2331 1469 2396 6)

383 2419 476 2454 eos
523 2402 813 2467 puerilium
858 2408 1165 2467 stuprorum
1222 2405 1468 2465 expertes

381 2473 552 2524 fuisse
608 2472 828 2530 scribit3
886 2472 1034 2536 quod
1085 2472 1131 2521 si
1187 2471 1256 2521 de
1308 2470 1468 2520 huius

382 2543 664 2606 scriptoris
704 2545 886 2592 aetate
921 2540 1214 2607 intelliges,
1254 2545 1471 2591 consta-

380 2612 464 2662 bit
497 2610 777 2662 Herodoto
813 2610 948 2662 fides
997 2626 1115 2661 sua.
1186 2612 1260 2660 Et
1296 2609 1470 2673 loqui-

382 2685 472 2731 tur
507 2681 588 2732 ita
617 2696 831 2746 quoque
868 2680 1093 2730 Orsines
1118 2680 1290 2730 Persa
1325 2678 1469 2742 apud

384 2750 625 2801 Curtium
657 2751 726 2811 X,
768 2751 814 2812 1,
841 2751 935 2800 12:
975 2764 1116 2810 „nec
1151 2749 1318 2799 moris
1350 2763 1469 2798 esse

382 2820 593 2882 Persis,
645 2834 822 2869 mares
868 2819 1094 2879 ducere,
1147 2819 1241 2882 qui
1278 2822 1467 2881 stupro

388 2887 891 2940 effeminarentur.“
961 2887 1166 2939 Attulit
1209 2887 1347 2938 haec
1393 2891 1470 2936 te-

386 2957 641 3007 stimonia
681 2959 993 3009 Brissonius
1037 2957 1077 3009 l.
1122 2957 1162 3008 l.
1214 2957 1306 3015 11,
1346 2956 1465 3007 162.

384 3027 589 3076 Nostra
641 3029 822 3077 tamen
872 3031 1057 3078 aetate
1111 3026 1287 3077 denno
1344 3025 1469 3075 huic

385 3094 577 3146 sceleri
600 3094 758 3146 valde
785 3096 998 3147 deditos
1028 3111 1150 3146 esse
1170 3097 1367 3147 Persas
1387 3110 1470 3145 re-

386 3165 653 3215 centiores
697 3167 1132 3228 peregrinatores
1173 3165 1495 3231 affirmant..

384 3234 469 3283 Cf.
508 3235 783 3284 Hammer.
818 3235 875 3283 in
909 3236 1130 3285 Wiener
1165 3234 1467 3286 Jahrbiich.

383 3303 545 3354 VIII.
588 3317 641 3366 p.
683 3301 805 3354 378.
878 3305 1020 3354 Utut
1058 3307 1175 3366 est,
1226 3303 1471 3354 Herodo-

383 3378 497 3422 tum
532 3371 669 3421 haec
703 3372 940 3422 seribere
972 3372 1044 3422 ad
1078 3387 1145 3422 ea
1179 3374 1470 3437 respicien-

383 3446 523 3500 tem,
591 3455 730 3505 quae
774 3441 918 3504 apud
967 3441 1204 3491 Graecos
1253 3443 1310 3492 in
1366 3456 1469 3491 usu

384 3511 556 3561 fnisse
590 3510 926 3570 invenimus,
972 3511 1066 3558 vix
1103 3509 1353 3570 dubium;
1403 3512 1470 3561 de

384 3579 610 3631 Graecis
635 3578 706 3628 cf.
730 3577 899 3628 allata
925 3579 993 3628 ab
1015 3578 1468 3630 Winckelmanno

382 3648 449 3698 ad
479 3647 765 3700 Plutarch.
801 3648 1011 3697 Erotio.
1048 3663 1102 3709 p.
1143 3648 1262 3699 120.
1304 3649 1363 3699 Ο.
1402 3650 1469 3700 F.

381 3718 680 3768 Hermann.
720 3715 933 3767 Griech.
969 3716 1383 3769 Privatalterth.
1418 3721 1468 3781 §-

383 3786 470 3838 29.
511 3790 628 3838 not.
670 3786 734 3835 17
770 3800 923 3869 seqq.

427 3848 722 3934 γαμέουσι
749 3844 806 3900 δ’
844 3866 1078 3910 nactos
1111 3843 1303 3904 αὐτῶν
1337 3853 1472 3903 πολ-

384 3915 483 3981 λὰς
552 3919 657 3982 μὲν
723 3919 1103 3982 κουριδίας
1171 3920 1469 3988 γυναικας]

383 3988 649 4053 κουριδίῃ
684 3984 826 4053 γυνὴ
865 3991 1148 4043 Herodoto
1200 3996 1256 4042 et
1288 3991 1380 4041 hic
1415 3997 1471 4042 et

381 4062 458 4122 V,
500 4060 584 4111 18.
630 4060 739 4120 VI,
781 4059 883 4112 138
930 4063 1015 4110 est
1057 4062 1467 4140 umorleqitima,

383 4130 470 4180 cui
519 4129 811 4193 opponitur
863 4128 1040 4193 pellex
1093 4143 1140 4180 s.
1188 4120 1466 4191 παλλακή.

381 4198 700 4261 Disputavit
750 4196 817 4248 de
857 4198 964 4248 hac
997 4213 1134 4248 voce
1175 4198 1471 4249 Homerica

379 4268 698 4318 Buttmann.
726 4268 784 4316 in
807 4266 1057 4332 Lexilog.
1083 4267 1132 4316 1.
1158 4282 1212 4330 p.
1238 4265 1466 4328 32—34,

381 4336 452 4385 ad
485 4336 620 4385 iusti
640 4336 971 4386 matrimonii
996 4339 1053 4386 et
1082 4335 1324 4400 coniugii
1357 4335 1470 4384 vim

379 4404 647 4466 referens3
692 4404 888 4472 quibus
932 4404 1133 4455 addere
1164 4403 1296 4455 licet
1328 4404 1469 4455 Doe-

1573 1151 1798 1203 derlein.
1842 1148 2044 1213 (Lectt.
2073 1153 2323 1204 Homerr.
2357 1153 2515 1217 Spec.
2552 1154 2658 1205 111.

1572 1238 1625 1286 p.
1664 1222 1697 1271 8
1735 1227 1791 1272 et
1815 1219 2057 1273 Glossar.
2093 1222 2314 1273 Homer.
2355 1222 2433 1273 11.
2470 1239 2523 1287 p.
2556 1223 2662 1274 209

1572 1291 1741 1371 seq.,)
1781 1290 1875 1357 qui
1908 1289 2011 1341 hoc
2044 1292 2397 1353 vocabulum,
2445 1293 2592 1357 quod
2625 1309 2660 1343 a

1570 1352 1770 1421 κύριος
1824 1359 2135 1422 derivatur,
2193 1378 2228 1412 a
2282 1361 2553 1426 dignitate
2605 1367 2661 1412 et

1571 1434 1845 1495 potestate
1880 1444 2075 1480 nomen
2106 1432 2341 1482 traxisse
2362 1431 2501 1482 vult.
2560 1431 2662 1482 As-

1571 1500 1804 1550 sentitur
1823 1498 2048 1550 Iacobs·
2035 1537 2047 1550 .
2075 1499 2414 1552 Vermiscbte
2433 1500 2660 1553 schrift.

1580 1570 1675 1620 IV.
1725 1585 1782 1634 p.
1826 1569 1946 1620 289.
2022 1569 2206 1633 Ipsam
2251 1571 2481 1621 formam
2531 1586 2665 1620 κου-

1581 1635 1765 1698 ρίδιος
1812 1638 2002 1703 attigit
2050 1639 2283 1691 Bredov.
2335 1656 2389 1704 p.
2434 1640 2552 1692 166.
2596 1673 2666 1682 -—

1576 1709 1803 1758 Praeter
1846 1707 2183 1759 Herodotum
2241 1713 2515 1759 testantur
2571 1709 2667 1759 alii

1576 1792 1793 1842 quoque
1828 1777 2147 1841 scriptores,
2185 1794 2219 1828 a
2241 1778 2525 1828 Brissonio
2548 1777 2588 1829 l.
2623 1779 2662 1830 l.

1578 1847 1653 1896 11.
1694 1850 1745 1908 §-
1789 1846 1889 1896 154
1924 1845 2168 1907 laudati,
2222 1847 2404 1897 Persis
2443 1844 2664 1897 licuisse

1577 1915 1878 1980 complures
1913 1914 2111 1965 ducere
2139 1931 2337 1966 uxores
2372 1916 2440 1966 ob
2477 1931 2663 1967 nume-

1575 2000 1736 2035 rosae
1798 1984 2004 2034 sobolis
2062 1985 2526 2050 procreationem,
2596 2001 2663 2036 ac

1574 2059 1858 2118 praeterea
1901 2058 2169 2118 quotquot
2227 2054 2455 2116 vellent,
2513 2054 2664 2118 pelli-

1576 2139 1687 2174 ces.
1738 2122 2046 2172 Discrimen
2083 2128 2262 2173 tamen
2293 2125 2436 2173 inter
2461 2128 2665 2174 utrum-

1575 2208 1681 2257 que
1716 2191 1998 2242 mulierum
2044 2208 2215 2257 genus
2266 2194 2444 2244 ubivis
2481 2193 2664 2244 obser-

1575 2267 1762 2312 vatum
1807 2261 2112 2311 invenimus
2158 2278 2279 2313 cum
2327 2263 2663 2328 privatorum

1574 2334 1631 2381 in
1688 2330 1913 2381 aedibus
1972 2335 2087 2381 tum
2145 2348 2331 2396 regum
2390 2334 2447 2382 in
2511 2332 2659 2384 aula.

1575 2401 1732 2452 Conf.
1785 2401 2044 2450 Heerenii
2103 2402 2271 2451 Ideen
2333 2407 2436 2452 etc.
2504 2402 2558 2463 1,
2611 2404 2660 2454 1.

1571 2487 1699 2535 pag.
1746 2469 1866 2521 468.
1916 2501 1987 2509 —
2045 2470 2111 2521 In
2157 2470 2260 2521 fine
2310 2487 2428 2535 cap.
2468 2471 2662 2536 reliqui

1572 2538 1842 2594 κτῶνται.
1909 2539 1978 2589 ab
2025 2540 2273 2590 omnibus
2328 2539 2482 2590 libris
2531 2540 2662 2590 alla-

1573 2614 1715 2668 tum,
1765 2624 1799 2658 a
1833 2608 2156 2669 Schaefero‚
2208 2625 2366 2675 quem
2415 2610 2660 2674 sequitur

1571 2677 1825 2739 Dindorf,
1853 2680 2155 2728 mutatum‘
2139 2696 2195 2728 ιιι
2216 2674 2493 2738 κτέονται,
2516 2681 2661 2742 quod

1572 2747 1713 2797 idem
1746 2747 1961 2797 restitui
1996 2745 2119 2797 vult
2151 2748 2385 2798 Bredov.
2411 2764 2467 2812 p.
2489 2747 2611 2799 387.

1880 2917 2013 2970 Car.
2052 2917 2343 2971 CXXXVI.

1634 3012 2018 3088 Ἀνδραγαθίη
2078 3012 2128 3071 δ”
2188 3010 2335 3086 αὕτη
2382 3013 2661 3074 ἀποδέδε-

1570 3107 1698 3142 κται
1732 3109 1783 3143 κ.
1826 3108 1873 3143 τ.
1914 3090 1987 3157 λ.]
2025 3094 2064 3143 i.
2091 3108 2138 3142 e.
2159 3100 2276 3156 post
2306 3092 2660 3156 bellic-amsar-

1572 3163 1828 3214 timdinem
1872 3162 1964 3212 hoc
2006 3161 2218 3212 habetur
2253 3176 2317 3211 ac
2364 3163 2662 3214 declaratur

1572 3232 1689 3282 boni
1726 3235 1826 3284 viri
1874 3233 2088 3294 officium
2142 3246 2187 3282 s.
2236 3234 2287 3281 iu
2333 3246 2392 3282 eo
2435 3235 2663 3283 cernitur·

1572 3301 1729 3352 bonus
1763 3305 1867 3362 vir,
1915 3304 1965 3351 si
1996 3303 2106 3366 φάε
2147 3303 2322 3351 maltos
2355 3314 2662 3363 procreave-

1572 3374 1642 3420 rit
1666 3372 1818 3432 filios.
1879 3370 1945 3419 In
1957 3385 2119 3449 Nquo
2120 3369 2471 3419 observamus
2503 3386 2659 3421 usum

1572 3440 1904 3504 pronominis
1951 3452 2025 3494 ος
2081 3453 2154 3486 αν
2223 3442 2485 3501 sequente
2538 3454 2662 3488 con-

1572 3508 1844 3570 iunctivo,
1892 3508 1987 3557 ubi
2021 3506 2346 3569 particulam
2386 3501 2440 3554 εἰ
2476 3522 2663 3570 exspe-

1575 3577 1783 3628 ctabas.
1870 3575 2179 3636 Excitavit,
2239 3578 2491 3624 monente
2552 3577 2659 3638 Cr„

1572 3647 1714 3697 hanc
1765 3646 1821 3694 in
1857 3660 1967 3695 rem
2005 3612 2271 3708 quosd’am
2304 3642 2457 3694 locos
2494 3644 2662 3695 Hein-

1575 3713 1776 3765 dorfius
1812 3713 1882 3763 ad
1905 3712 2152 3764 Platonis
2178 3712 2458 3762 Phaedon.
2485 3728 2539 3775 p.
2570 3715 2658 3765 54.

1575 3781 1816 3847 Sophist.
1864 3798 1919 3846 p.
1966 3779 2094 3842 388,
2150 3781 2326 3831 nostri
2372 3780 2480 3831 loci
2516 3780 2661 3831 haud

1574 3854 1876 3910 immemor3
1928 3865 2161 3916 quocum
2206 3850 2354 3900 conf.
2395 3865 2534 3914 quae
2570 3850 2662 3901 do-

1575 3926 1663 3972 cet
1711 3919 1965 3970 Kuehner
2018 3919 2112 3969 Gr.
2163 3918 2257 3971 Gr.
2318 3922 2369 3982 §-
2425 3918 2558 3982 80⁶2,
2607 3919 2660 3971 6.

1570 3981 1801 4053 ἀγαθὸν
1820 3981 2104 4053 μάχεσθαι
2131 3988 2332 4038 Noster
2357 3988 2496 4038 dixit
2517 3957 2663 4039 h'aud

1575 4060 1682 4110 alio
1714 4072 1878 4108 sensu
1915 4063 2079 4122 atque
2104 4057 2232 4119 VII,
2262 4057 2384 4119 238,
2416 4057 2511 4107 ubi
2534 4060 2662 4108 Per-

1573 4144 1663 4179 sas
1712 4126 1903 4176 scribit
1948 4126 2180 4176 maxime
2235 4126 2502 4176 honorare
2560 4117 2661 4175 ἄν·

1573 4195 1716 4262 δρας
1751 4186 2016 4258 ἀγαθοὺς
2049 4187 2118 4244 τὰ
2154 4189 2410 4259 πολέμια.

1641 4267 1725 4315 De
1786 4268 2107 4328 argumento
2172 4262 2280 4313 loci
2345 4262 2663 4313 consulatur

1571 4333 1887 4384 Brissonius
1936 4332 1973 4382 l.
2027 4332 2066 4383 l.
2156 4332 2273 4380 Nec
2324 4332 2469 4395 apud
2522 4331 2662 4380 alias

1572 4403 1824 4454 nationes
1860 4399 2170 4452 huiusmodi
2208 4400 2452 4466 praemia
2488 4398 2662 4448 πολυ-
