3109 5092
1281 367 1441 429 CLI
1458 367 1533 428 Ο.
1580 369 1631 428 Ι.
1679 376 1800 432 106.

2561 368 2683 431 233

392 540 654 630 θήλεαν
701 545 985 627 νοῦσον,
1038 539 1208 612 ὥστε
1256 537 1390 630 ἅμα
1444 546 1721 630 λέγουσί
1766 569 1839 611 τε
1886 546 1957 611 οἱ
1998 542 2274 613 Σκύθαι
2321 541 2435 614 διὰ
2483 545 2680 615 τοῦτό

392 664 604 732 σφεας
649 646 945 729 νοσέειν,
997 648 1109 714 καὶ
1164 642 1332 734 ὁρᾶν
1375 643 1542 735 παρ’
1601 648 1906 716 ἑωυτοῖσι
1949 643 2105 726 τούς
2146 642 2683 736 ἀπικνεομένους

393 751 460 827 ἐς
489 746 614 836 τὴν
636 745 999 836 Σκυθικὴν
1030 747 1258 838 χώρην
1290 743 1379 829 ὥς
1414 751 1795 834 διακέαται,
1830 747 1985 831 τούς
2021 751 2335 819 καλέουσι
2365 747 2682 842 Ἐνάρεας

388 856 457 921 οἱ
502 851 798 921 Σκύθαι.
893 848 1039 920 Ἐπὶ
1087 854 1214 941 μέν
1265 879 1397 922 νυν
1448 850 1624 922 ὀκτώ
1676 854 1787 922 καὶ
1838 863 2049 923 εἴκοσι
2099 860 2249 923 ἔτεα
2298 844 2506 943 ἦρχον
2560 860 2817 945 τῆςῙΟθ

382 951 602 1043 Ἀσίης
637 959 705 1024 ol
735 956 1044 1039 Σκύθαι,
1095 958 1207 1026 καὶ
1251 954 1332 1026 τὰ
1371 956 1591 1027 πάντα
1630 977 1752 1045 σφι
1794 952 1929 1027 ὑπό
1977 984 2049 1026 τε
2094 954 2326 1046 ὕβριος
2375 961 2488 1028 καὶ
2529 955 2671 1030 ὄλι-

386 1159 686 1221 „Nostrum
750 1161 1028 1208 auctorem
1089 1159 1270 1210 verbis
1327 1153 1481 1226 νόσῳ

387 1224 598 1295 θηλείᾳ
662 1243 852 1278 verum
930 1227 1173 1280 indicare
1241 1230 1481 1282 voluisse

385 1297 659 1359 morbum,
713 1298 807 1363 qni
851 1297 982 1348 viris
1021 1314 1208 1349 omnes
1252 1301 1482 1350 virilita-

384 1369 456 1418 tis
490 1371 652 1418 notas
690 1369 771 1417 ita
808 1368 1045 1428 adimat,
1084 1374 1144 1418 nt
1170 1386 1263 1422 eos
1290 1371 1359 1422 ad
1386 1387 1480 1435 ge·

384 1437 680 1487 nerandum
718 1453 829 1487 non
867 1436 1024 1488 modo
1052 1438 1321 1492 invalidos
1360 1440 1478 1490 red-

386 1506 511 1569 dat,
560 1507 658 1557 sed
694 1508 860 1557 etiam
900 1506 971 1558 ad
1007 1507 1283 1560 muliebris
1321 1515 1479 1560 natu-

382 1592 478 1627 rae
522 1576 935 1628 similitudinem
993 1576 1152 1641 plane
1199 1580 1473 1641 traducat,

383 1662 492 1696 non
561 1646 795 1710 amplius
866 1647 923 1697 in
994 1647 1215 1699 dubium
1287 1649 1477 1700 vocari

384 1730 571 1781 posse,
618 1715 716 1765 sed
750 1715 821 1765 ad
855 1715 1120 1782 liquidum
1159 1720 1477 1783 perductum

387 1800 533 1846 esse,
573 1801 730 1848 spero
768 1792 933 1851 atque
969 1786 1222 1838 confido“
1251 1787 1327 1854 (p.
1353 1786 1472 1850 49).

385 1856 538 1916 Quae
584 1852 976 1919 disputationis
1028 1871 1161 1907 suae
1208 1864 1364 1921 parte
1402 1858 1478 1908 al-

382 1930 503 1975 tera
528 1925 782 1975 Starkius
810 1925 956 1975 haud
984 1926 1157 1978 minus
1183 1929 1344 1979 docte
1369 1928 1477 1978 dis-

385 1994 518 2044 serit
578 1993 645 2043 de
709 1998 907 2044 natura
964 1996 1254 2062 causisque
1312 1998 1474 2048 huius

384 2064 554 2114 morbi
595 2063 899 2126 muliebris,
940 2080 1004 2114 ea
1042 2081 1163 2116 cum
1201 2067 1271 2117 ad
1311 2069 1475 2118 medi-

384 2149 567 2184 corum
624 2134 802 2197 potins
859 2135 1098 2185 rationes
1148 2138 1474 2200 pertineant,

389 2219 550 2268 qnam
610 2203 679 2252 ad
735 2204 911 2268 ipsum
957 2204 1295 2256 Herodotum
1358 2206 1476 2256 illu-

386 2271 667 2323 strandum
705 2272 836 2337 (qua
872 2274 929 2323 in
963 2289 1022 2323 re
1058 2275 1216 2325 nimis
1253 2276 1475 2342 longum

385 2358 471 2392 me
495 2342 664 2392 fuisse
692 2343 921 2392 forsitan
941 2347 1100 2393 erunt
1122 2347 1215 2410 qni
1243 2346 1474 2410 dicant),

385 2411 566 2462 malim
592 2412 737 2475 apud
758 2413 932 2477 ipsum
958 2412 1094 2476 legi;
1119 2430 1245 2466 nam
1277 2416 1481 2480 optime

386 2480 775 2533 confirmantur
814 2481 940 2544 illa,
993 2499 1135 2547 quae
1194 2486 1260 2536 de
1306 2486 1479 2550 signis

385 2550 560 2602 morbi
607 2551 677 2601 ab
723 2552 1085 2616 Hippocrate,
1148 2554 1270 2606 aliis
1326 2571 1480 2605 enar-

385 2625 577 2672 rantur
622 2636 686 2671 ac
746 2621 813 2672 de
870 2621 994 2685 ipsa
1054 2625 1227 2674 morbi
1281 2630 1479 2675 natura

384 2695 719 2742 statuuntur.
782 2691 989 2741 Starkii
1020 2694 1344 2744 sententiam
1371 2710 1481 2744 am-

387 2761 574 2827 plexos
600 2775 718 2810 esse
743 2760 901 2811 video
921 2761 1222 2813 Haeserum
1243 2762 1477 2826 (Histor.

385 2829 592 2895 pathol.
646 2830 976 2881 Untersncb.
1028 2830 1075 2881 1.
1135 2848 1189 2896 p.
1241 2833 1365 2896 187)
1426 2840 1482 2884 et

388 2899 693 2960 Stat-Mum,
730 2898 925 2961 filium,
964 2899 1020 2948 in
1058 2899 1197 2960 libro
1239 2903 1304 2952 de
1330 2903 1483 2954 Gaza

388 2983 556 3034 supra
596 2967 820 3019 laudato
872 2984 997 3034 pag.
1047 2969 1149 3020 313
1199 2987 1313 3036 seq.
1403 2974 1485 3022 De

391 3038 642 3089 morboso
690 3038 923 3104 quodam
983 3039 1150 3089 animi
1200 3046 1350 3091 statu
1399 3033 1486 3092 cd-

391 3108 556 3174 gitari
591 3107 708 3158 vult
747 3108 1058 3158 Friedreich
1096 3109 1396 3171 (Analectt.
1435 3128 1482 3162 z.

391 3180 569 3229 Natur
638 3193 691 3227 u.
749 3177 1076 3229 Heilkunde.
1141 3180 1483 3245 lVirceburg.

402 3247 557 3300 1831.
605 3262 686 3297 nr.
724 3246 819 3295 IV.
869 3262 921 3311 p.
967 3246 1197 3311 28-33)
1246 3250 1493 3301 reiicien-

402 3318 631 3381 damque
661 3331 782 3365 esse
811 3331 995 3366 eorum
1021 3319 1368 3380 sententiam,
1402 3321 1496 3385 qui

402 3387 473 3437 ad
513 3384 866 3451 siphilitidem
909 3385 1027 3437 sive
1063 3388 1306 3438 morbum
1338 3406 1498 3440 vene-

401 3465 567 3508 reurre
590 3456 735 3504 hunc
767 3455 1011 3505 morbum
1048 3456 1362 3508 muliebrem
1388 3460 1497 3509 He-

406 3526 594 3576 rodoti’
631 3523 934 3574 retulerint.
1014 3526 1081 3575 In
1128 3529 1353 3578 eandem
1388 3545 1498 3579 ma-

407 3596 600 3646 teriam
635 3597 832 3659 postea
861 3594 1237 3659 copiosissime
1273 3598 1498 3663 inquisi-

409 3667 490 3714 vit
525 3664 874 3715 Rosenbaum
909 3664 967 3713 in
1003 3663 1166 3716 libro:
1203 3668 1309 3717 Die
1336 3668 1499 3718 Lust-

411 3733 608 3784 seucbe
649 3733 722 3781 im
771 3731 1094 3785 Alterthum.
1155 3735 1306 3788 Han.
1349 3736 1500 3788 1839.

409 3820 464 3867 p.
515 3803 606 3853 141
652 3817 836 3867 seqq.,
892 3803 989 3856 ubi
1033 3804 1219 3854 varias
1261 3805 1502 3856 virorum

411 3873 694 3923 doctorum
738 3871 1044 3923 sententias
1091 3875 1321 3938 protulit
1366 3876 1505 3939 ipse-

413 3956 517 4007 que
551 3941 697 3991 hunc
732 3942 975 3993 morbum
1008 3941 1077 3991 ad
1103 3944 1501 4007 paederastiam

415 4009 629 4072 retulit,
666 4011 762 4060 ubi
798 4026 907 4061 non
943 4015 1057 4060 tam
1092 4014 1306 4078 agentis
1342 4030 1503 4080 quam

413 4081 671 4145 patientis
723 4083 905 4131 status
962 4082 1304 4145 respiciatur.
1401 4083 1503 4133 Cui

414 4149 700 4200 oblocutus
726 4154 811 4199 est
831 4148 1127 4200 Paldamus
1150 4153 1234 4201 in:
1270 4153 1308 4204 J
1311 4151 1502 4204 ahrbb.

412 4219 501 4269 fiir
535 4217 731 4268 Philol.
780 4234 834 4269 u.
879 4218 1120 4285 Paedag.
1166 4220 1289 4271 Vol.
1327 4222 1500 4273 XXX.

413 4289 552 4337 fasc.
598 4287 649 4339 3.
688 4303 741 4351 p.
779 4289 882 4339 322
919 4303 1065 4353 seq.‚
1126 4290 1220 4354 qui
1267 4291 1382 4355 ipse
1431 4291 1500 4340 ad

406 4356 758 4408 Valckenarii
836 4359 1164 4408 sententiam
1240 4359 1500 4411 accedere

407 4425 643 4489 mavult,
691 4441 801 4493 qna
835 4427 903 4480 de
933 4427 1362 4481 haemorrhoidis
1395 4428 1499 4484 hoc

1585 1161 1706 1214 loeo
1743 1158 2095 1222 cogitandum
2132 1158 2223 1208 sit.
2295 1159 2369 1210 At
2393 1177 2583 1213 vereor
2619 1167 2680 1213 ut

1585 1232 1690 1282 hoc
1731 1229 1983 1292 cuiquam
2012 1229 2365 1292 persuaserit.
2439 1233 2522 1282 De
2549 1233 2683 1284 Gal-

1582 1301 1651 1350 lis
1689 1298 1974 1359 castratis,
2013 1298 2103 1363 qni
2140 1303 2397 1365 tanquam
2423 1302 2675 1352 mulieres

1582 1371 1639 1421 in
1676 1367 1892 1433 templis
1920 1383 1981 1417 se
2016 1367 2276 1431 offerant,
2316 1372 2557 1435 corporis
2584 1389 2673 1422 co-

1581 1442 1725 1505 piam
1788 1439 2084 1498 faciente8‚
2159 1440 2369 1503 cogitat
2429 1441 2674 1492 Movers:

1582 1509 1685 1559 Die
1727 1508 1987 1558 Phoeniz.
2038 1507 2082 1556 1.
2132 1523 2185 1572 p.
2224 1508 2347 1559 633.
2405 1511 2510 1560 635
2557 1527 2673 1576 seq.

1581 1579 1704 1629 Alia
1729 1578 1960 1642 denique
1990 1576 2144 1626 dabit
2164 1577 2367 1628 Littre:
2405 1581 2514 1630 Les
2535 1581 2682 1631 Oeu-

1580 1665 1703 1698 vres
1744 1647 2136 1711 d’Hippocrate
2183 1648 2250 1697 T.
2290 1648 2367 1697 11.
2410 1665 2535 1715 pag.
2578 1652 2674 1701 XL

1579 1734 1731 1783 seqq.
1772 1717 1931 1793 etq'l'.
1976 1716 2074 1766 IV.
2113 1731 2168 1780 p.
2208 1716 2285 1766 IX
2320 1732 2472 1800 seqq.

1649 1786 1790 1836 ὥστε
1825 1800 1943 1848 αμα
1976 1780 2209 1849 λέγουσι’
2248 1799 2305 1835 τε
2346 1800 2401 1835 οι
2439 1779 2680 1837 Σκύθαι

1580 1849 1679 1906 διὰ
1722 1852 1892 1904 τοῦτο
1929 1869 1981 1904 κ.
2024 1870 2069 1902 t.
2110 1853 2180 1919 1,]
2228 1855 2265 1904 i.
2318 1871 2366 1906 e.
2424 1858 2539 1919 „ita
2578 1861 2684 1923 qui-

1581 1928 1689 1976 dem
1723 1932 1778 1975 ut
1813 1922 2197 1986 eciamScytkae
2228 1925 2428 1989 dicant,
2468 1926 2529 1976 ob
2550 1925 2687 1977 hanc

1578 2011 1782 2045 causam
1814 1993 1985 2044 morbo
2017 1992 2109 2042 Ιιοο
2146 1992 2388 2044 laborare
2442 1998 2582 2056 illos,
2639 2006 2689 2048 et

1577 2066 1721 2129 apud
1753 2079 1811 2114 se
1842 2062 1907 2112 ab
1944 2061 2242 2112 adeuntibus
2261 2062 2543 2128 Scythicam
2575 2074 2682 2117 ter-

1576 2151 1687 2184 ram
1728 2133 1975 2196 conspici,
2040 2132 2277 2196 quomodo
2333 2132 2457 2199 (illi)
2509 2137 2684 2200 affecti

1577 2208 1706 2264 sint,
1773 2219 1898 2269 quos
1942 2200 2184 2276 Euorgas
2228 2201 2449 2268 Scythae
2505 2208 2682 2269 appel-

1578 2273 1742 2325 lant.“
1832 2272 2039 2335 Scripsi
2117 2264 2397 2338 Ενάρεας,
2461 2274 2685 2327 iubente

1580 2342 1810 2394 Bredov.
1862 2358 1914 2406 p.
1967 2343 2097 2404 224,
2145 2346 2205 2392 ut
2254 2343 2359 2405 IV,
2410 2342 2477 2393 67
2519 2337 2686 2394 Ἐνά-

1583 2428 1723 2477 ρεες.
1797 2410 1988 2461 Lectio
2027 2413 2177 2477 ipsa,
2215 2417 2277 2462 nt
2314 2414 2369 2462 in
2408 2429 2516 2479 qua
2554 2431 2687 2465 con-

1583 2483 1794 2547 spirant
1823 2480 1967 2543 libri,
2007 2482 2225 2532 minime
2261 2483 2541 2545 mutanda,
2579 2500 2683 2534 nec

1584 2552 1663 2602 illi
1699 2549 1984 2612 audiendi,
2026 2551 2120 2616 qni
2164 2542 2483 2615 ἐναγέας,
2533 2553 2572 2602 i.
2631 2570 2681 2603 e.

1568 2622 1780 2685 ‚piaculo
1805 2619 2053 2670 obnoxios
2082 2635 2126 2668 s.
2153 2622 2532 2682 contaminatos,
2568 2638 2683 2672 cor-

1584 2692 1782 2756 rigant.
1857 2687 2044 2739 Altero
2081 2687 2201 2739 loco
2240 2689 2552 2740 Herodotus
2586 2691 2685 2741 ad-

1584 2761 1663 2811 dit
1702 2751 1764 2807 οΐ
1808 2747 2191 2821 ἆνὸρόγυνοι;
2241 2759 2310 2809 ab
2347 2758 2690 2823 Hippocrate

1585 2830 1625 2880 l.
1664 2829 1700 2878 l.
1739 2826 1902 2877 iidem
1941 2827 2197 2877 dicuntur
2245 2817 2593 2892 ἆνανὸριεῖς,
2647 2832 2685 2881 i.

1587 2917 1635 2950 e.
1668 2900 1905 2960 castrati,
1957 2897 2224 2962 probante
2265 2898 2397 2947 Pott
2443 2899 2683 2964 Etymol.

1585 2967 1813 3020 Forsch.
1853 2966 1900 3017 1.
1949 2983 2004 3032 p.
2039 2967 2237 3017 XLIV.
2310 2967 2470 3018 Unde
2522 2970 2687 3020 inter-

1587 3043 1768 3104 pretes
1795 3053 1858 3088 eo
1890 3037 2282 3101 confugerunt,
2327 3042 2389 3087 ut
2430 3029 2691 3103 Ἐνάρεες

1588 3109 1903 3173 Scythicum
1965 3107 2213 3157 dicerent
2266 3122 2384 3157 esse
2446 3111 2690 3161 vocabu-

1587 3178 1727 3241 lum,
1776 3176 1920 3243 quod
1958 3178 2166 3229 Graeco
2221 3192 2467 3228 sermone
2514 3181 2692 3230 reddi-

1597 3249 1739 3300 derit
1756 3248 2139 3312 Hippocrates.
2192 3246 2298 3297 Sed
2324 3248 2501 3312 ipsam
2526 3251 2693 3301 Grae-

1598 3334 1717 3370 cam
1751 3333 1871 3367 esse
1917 3332 2106 3367 vocem
2154 3316 2386 3366 coniecit
2421 3318 2604 3369 Stark.
2651 3318 2689 3367 l.

1594 3389 1634 3438 l.
1675 3403 1802 3453 pag.
1843 3388 1937 3448 25,
1978 3402 2118 3451 qnae
2154 3385 2417 3449 originem
2457 3387 2695 3437 fortasse

1596 3458 1783 3509 trahat
1804 3458 1872 3507 ab
1896 3449 2118 3516 ἐναίρω,
2132 3457 2342 3516 spolior,
2368 3449 2558 3519 ἔναρα,
2578 3472 2696 3518 ερο-

1598 3532 1699 3588 lia,
1733 3528 1965 3591 indeque
1989 3525 2234 3574 virilitate
2256 3525 2502 3585 spoliatos
2529 3525 2698 3590 signi-

1598 3598 1763 3648 ficare
1799 3596 1996 3661 possit.

1991 3766 2123 3816 Car.
2169 3765 2310 3814 CVI.

1669 3862 1801 3920 Ἐπὶ
1824 3866 1928 3936 μέν
1953 3884 2060 3919 νυν
2082 3858 2228 3918 ὀκτώ
2254 3863 2350 3917 καὶ
2369 3863 2551 3917 εἴκοσι
2577 3863 2701 3918 ἔτεα

1606 3929 1790 4006 ἦρχον
1827 3939 1927 4005 τῆς
1966 3931 2150 4002 Ἀσίης
2196 3931 2256 3987 οἷ
2301 3929 2557 4004 Σκύθαι]
2608 3931 2699 3989 ἐπὶ

1608 4015 1692 4062 est
1735 4026 1860 4074 per,
1919 4009 2286 4074 temporisque
2339 4009 2701 4059 continuatio-

1605 4097 1729 4131 nem
1752 4080 1979 4131 indicat.
2032 4079 2157 4129 vid.
2187 4077 2434 4128 Fischer.
2462 4078 2534 4127 ad
2557 4078 2702 4127 Wel·

1606 4150 1705 4202 ler.
1748 4151 1856 4213 111,
1884 4151 1938 4200 b.
1977 4166 2032 4214 p.
2071 4150 2191 4199 244.
2230 4181 2299 4189 --
2337 4150 2421 4198 De
2460 4148 2580 4212 ipso
2620 4162 2702 4195 ar-

1607 4225 1865 4286 gumento
1908 4219 2055 4271 conf.
2094 4219 2359 4268 Herodot.
2396 4217 2455 4277 1,
2498 4215 2598 4266 130
2648 4220 2703 4265 et

1607 4306 1748 4354 quae
1796 4290 1873 4339 ibi
1918 4292 2272 4339 annotantur.
2345 4277 2564 4337 Sufficit
2600 4282 2703 4334 hoc

1605 4358 1726 4409 loco
1764 4373 1984 4409 monere
2023 4357 2091 4406 de
2123 4356 2338 4407 illorum
2373 4369 2570 4415 errore,
2609 4354 2702 4417 qui

1602 4428 1661 4480 in
1712 4427 1982 4482 Herodoti
2038 4425 2222 4476 verbis
2276 4423 2473 4480 m'enda
2530 4422 2702 4477 latere
