3109 5092
1220 336 1720 401 EUTERPE.
1760 337 1846 396 H.
1888 343 1976 400 41.
2609 333 2734 396 519

373 526 473 585 123
623 508 796 590 Τοὺς
854 512 980 598 μέν
1036 538 1168 580 νυν
1223 505 1569 597 καθαροὺς
1623 513 1786 597 βοῦς
1836 504 1994 588 τοὺς
2056 514 2331 596 ἔρσενας
2394 510 2510 578 καὶ
2569 506 2728 589 τούς
2744 514 2819 574 41

454 612 745 702 μόσχους
779 616 852 683 οἰ
893 612 1136 696 πάντες
1175 610 1539 701 Αἰγύπτιοι
1576 611 1829 682 θύουσι
1846 663 1865 698 ,
1919 608 2038 691 τὰς
2070 611 2145 680 δὲ
2184 612 2436 700 θηλέας
2480 608 2563 681 οὔ
2604 633 2727 702 σφι

456 781 593 845 tiqq.
623 777 731 830 vol.
753 778 831 830 11.
853 793 981 844 pag.
1008 778 1075 827 27
1103 793 1148 828 s.
1169 775 1272 828 355
1292 782 1348 827 et
1378 777 1487 828 vol.
1518 779 1547 829 1

455 850 569 900 tab.
597 848 746 900 685⁹
783 847 942 898 Cous.
972 846 1045 900 11.
1081 847 1144 899 61
1184 847 1367 913 ibique
1403 852 1546 899 nott.

526 909 595 970 τὰ
614 909 880 968 ἐλίποντο
907 912 1021 966 τῶν
1041 910 1206 983 ἴρῶν]
1225 916 1403 984 Vulgo
1423 918 1546 968 red-

456 988 618 1039 dunt:
670 989 864 1051 epulum
911 985 1170 1048 adponant
1211 1003 1283 1036 ex
1327 989 1547 1037 victima-

456 1075 562 1108 rum
589 1059 817 1123 reliquiis
829 1074 852 1114 ,-
895 1056 1139 1120 pressius
1178 1056 1248 1106 ad
1279 1056 1547 1107 Herodoti

454 1128 624 1179 verba
658 1125 887 1177 reddere
921 1124 1078 1176 licet=
1127 1129 1307 1189 epulas
1347 1127 1549 1188 faciunt

457 1214 528 1249 ex
563 1199 652 1248 iis.
685 1211 820 1261 quae
853 1210 950 1245 non
984 1210 1055 1245 ex
1088 1197 1291 1246 victimis
1325 1197 1543 1260 relique-

453 1274 572 1317 runt
590 1264 719 1328 (sibi
738 1264 809 1314 ad
828 1262 1120 1326 edendum,
1157 1265 1369 1315 intacta
1397 1266 1545 1314 flam-

453 1333 609 1398 mis):
640 1334 735 1385 ubi
771 1333 1046 1399 genitivus
1091 1331 1209 1382 τῶν
1255 1325 1397 1398 ἱρῶν
1441 1334 1545 1383 erit

453 1403 771 1456 referendus
815 1402 887 1453 ad
920 1393 1006 1452 τά.
1080 1403 1278 1453 Moneo
1322 1407 1544 1469 propter

451 1475 692 1526 Eltzium
744 1472 994 1536 (Quaest.
1042 1471 1286 1522 Herodd.
1349 1472 1538 1523 fascic.

452 1545 500 1595 1.
539 1560 594 1609 p.
634 1542 735 1593 821
777 1556 893 1606 seq.
930 1542 987 1591 in
1016 1541 1248 1593 Jahrbb.
1273 1541 1327 1591 d.
1358 1542 1540 1593 Philo-

450 1613 561 1679 log.
601 1617 707 1663 etc.
745 1610 936 1676 Suppl.
984 1611 1051 1661 Τ.
1089 1609 1213 1674 IX),
1251 1611 1344 1676 qui
1390 1611 1537 1676 geni-

450 1685 625 1734 tivum
658 1681 802 1732 hunc
849 1681 922 1731 ad
968 1671 1232 1730 ἐλίποντο
1275 1680 1534 1744 referens,

452 1752 597 1819 qnod
617 1750 843 1816 yerbnm
866 1765 986 1801 cum
1001 1749 1240 1801 secundo
1264 1765 1395 1801 casu
1411 1767 1537 1802 con·

451 1823 696 1873 iunctum
743 1818 1042 1870 neutralem
1082 1834 1293 1885 semper
1335 1820 1537 1870 habeat

452 1888 932 1956 significationem,
991 1893 1169 1940 totum
1224 1887 1402 1939 locum
1451 1890 1535 1940 sie

449 1961 604 2011 reddi
639 1958 783 2009 vultz
830 1959 1057 2023 „epulas
1098 1958 1313 2008 faciunt
1346 1975 1414 2009 ex
1446 1959 1533 2022 iis,

451 2045 592 2096 quae
628 2029 696 2079 de
728 2028 965 2078 victimis
999 2027 1193 2078 relicta
1230 2029 1416 2091 sunt“,
1454 2029 1532 2078 in-

451 2099 626 2166 deque
661 2097 926 2149 aoristum
958 2098 1125 2149 medii
1158 2096 1213 2147 h.
1250 2097 1287 2148 l.
1326 2098 1534 2162 passivi

452 2184 616 2220 sensu
641 2166 887 2218 adhiberi
922 2166 1222 2218 contendit.
1292 2168 1367 2218 At
1403 2183 1530 2219 vero

449 2239 566 2304 ipse
602 2236 827 2303 pluralis
862 2227 1128 2286 ἐλίποντο
1166 2236 1302 2287 satis
1338 2237 1533 2287 docere
1555 2247 1569 2262 ¹

448 2312 693 2371 poterat,
738 2297 806 2355 τὰ
844 2321 942 2371 pro
994 2306 1311 2357 accusativo
1359 2321 1533 2371 neque

484 2394 546 2428 ro
599 2375 934 2427 nominativo
991 2376 1226 2428 subiecti
1279 2372 1367 2439 (ex
1425 2392 1530 2442 quo

474 2445 667 2497 λίπετο
702 2446 1128 2511 exspectandum
1172 2443 1397 2510 fuisset)
1443 2461 1530 2496 ac-

445 2517 556 2582 cipi
593 2516 808 2568 debere.

827 2685 961 2738 Cu.
995 2685 1143 2737 XLI.

513 2784 614 2850 τὰς
666 2783 730 2841 δὲ
786 2786 1002 2853 θηλέας
1063 2779 1138 2839 οὔ
1191 2802 1295 2855 σφι
1350 2785 1530 2852 ἔξεστι

446 2853 619 2913 θύειν
652 2878 704 2911 κ.
741 2876 790 2909 τ.
826 2855 901 2924 L]
937 2860 1200 2911 Eiusdem
1248 2860 1530 2912 interdicti

445 2931 688 2983 meminit
729 2927 1062 2994 Porpnyrius
1106 2930 1174 2981 de
1219 2930 1419 2981 abstin.
1458 2931 1526 2981 ab

445 3017 543 3053 esu
577 3016 665 3053 an.
706 3000 784 3064 11,
834 2999 926 3063 qui
969 2998 1113 3051 haud
1160 3000 1319 3051 aliter
1362 3005 1528 3066 atque

441 3072 807 3135 Hieronymus
858 3067 1071 3120 advers.
1123 3069 1303 3121 levin.
1361 3069 1442 3132 ΙΙ,
1495 3071 1527 3120 7

442 3142 546 3192 hoc
589 3140 658 3191 ad
698 3137 950 3191 animalis
1006 3138 1304 3190 utilitatem
1358 3139 1528 3192 refert

444 3211 688 3274 adeoque
722 3209 1026 3259 raritatem.
1081 3209 1212 3259 'Nec
1233 3209 1393 3259 aliter
1416 3213 1528 3259 sta·

442 3281 552 3330 tuit
586 3278 914 3330 Wilkinson.
953 3278 1210 3329 Manners
1251 3294 1363 3330 sec.
1414 3294 1519 3329 ser.

442 3350 492 3402 Ι.
530 3366 586 3415 p.
625 3348 746 3400 394.
779 3348 857 3398 11.
895 3362 952 3411 Ρ.
982 3347 1085 3398 194
1119 3363 1232 3414 seq.
1269 3348 1341 3397 ad
1382 3349 1524 3413 agri-

442 3418 710 3470 culturam
746 3416 1066 3483 respiciens,
1122 3419 1211 3468 cui
1257 3418 1523 3483 prospici-

442 3494 594 3540 entes
631 3486 944 3539 sacerdotes
980 3485 1083 3537 hoc
1121 3487 1326 3538 animal
1363 3503 1522 3554 quam

439 3559 673 3610 maxime
727 3557 809 3607 ita
868 3556 1011 3606 tueri
1067 3557 1401 3620 studuerint,
1463 3561 1527 3607 ut

440 3627 578 3680 Isidi
632 3630 1015 3679 consecrarent
1071 3642 1247 3693 neque
1296 3626 1526 3677 mactari

441 3698 698 3749 sinerent.
787 3696 948 3759 Quod
1005 3696 1180 3762 magis
1241 3702 1524 3748 consenta-

439 3783 597 3818 neum
633 3769 782 3820 certe
814 3765 1058 3828 videtur,
1112 3781 1273 3831 quam
1321 3781 1524 3816 morem

439 3837 609 3900 hunc,
649 3851 755 3903 quo
788 3836 958 3887 boves
1002 3834 1275 3887 masculos
1315 3840 1524 3886 macta-

439 3912 584 3970 rent,
625 3923 659 3957 a
678 3906 864 3957 vaccis
894 3905 1256 3967 abstinerent,
1283 3905 1410 3955 inde
1441 3921 1524 3957 re·

436 3981 639 4041 petere,
669 3975 813 4042 quod
835 3973 1113 4025 masculae
1132 3975 1388 4025 victimae
1414 3991 1523 4025 om-

435 4046 567 4097 nino
584 4045 915 4110 perfectiora
934 4048 989 4094 et
1012 4044 1416 4107 praestantiora
1430 4059 1522 4094 an-

437 4116 669 4181 tiquitus
712 4114 937 4164 habitae
984 4112 1215 4175 fuerint,
1269 4114 1353 4163 uti
1397 4128 1521 4165 con-

437 4185 615 4235 tendit
634 4183 817 4236 Scholl
853 4184 938 4232 in:
976 4181 1204 4233 Studien
1231 4181 1284 4233 d.
1322 4197 1519 4248 evang.

438 4253 762 4306 Geistlichk.
801 4252 1230 4316 Wiirtembergs.
1267 4253 1335 4314 V,
1371 4253 1419 4304 l.
1464 4268 1518 4317 p.

443 4323 559 4374 126.
629 4321 885 4373 Valuisse
933 4327 1114 4373 autem
1158 4321 1262 4372 hoc
1299 4321 1520 4372 institu-

437 4397 552 4442 tum
595 4407 768 4458 usque
814 4392 886 4443 ad
934 4391 1247 4443 Constantii
1291 4392 1522 4456 impera·

1648 779 1785 830 toris
1840 782 2116 844 tempora,
2171 792 2237 827 ex
2280 778 2546 829 Athanas.
2599 778 2731 832 hist.

1649 849 1866 899 Arrian.
1904 847 1978 898 ad
2019 846 2270 898 Monach.
2316 863 2437 914 cap.
2479 849 2566 900 56.
2601 865 2731 914 pag.

1649 918 1749 971 378
1785 917 1972 984 colligi
2004 921 2206 984 potest.
2267 917 2448 984 Atque
2477 918 2615 969 Isidi
2648 935 2734 970 sa-

1649 1002 1770 1038 cras
1797 986 2069 1053 perhiberi
2107 1000 2339 1049 vaccas,
2377 1003 2535 1038 nemo
2572 989 2733 1039 mira-

1646 1057 1821 1119 bitur,
1871 1056 1967 1122 qui
2010 1057 2183 1121 ipsam
2219 1056 2612 1122 Aegyptiorum
2647 1074 2732 1109 sa·

1648 1142 1861 1178 crorum
1895 1141 1960 1176 ac
1994 1125 2275 1192 religionis
2311 1127 2575 1177 rationem
2613 1141 2731 1193 per-

1647 1195 1902 1261 spexerit.
1972 1195 2051 1246 Ut
2085 1196 2227 1245 enim
2266 1194 2532 1246 Osiridem
2568 1196 2733 1248 Solem

1644 1265 1726 1315 illi
1755 1264 2140 1330 perhibebant,
2176 1264 2258 1314 ita
2281 1263 2485 1316 Isidem
2515 1266 2728 1328 Lunam,

1645 1339 1790 1385 teste
1822 1332 2116 1384 Plutarcho
2155 1334 2223 1383 de
2257 1333 2394 1388 Isid.
2434 1339 2489 1385 et
2523 1334 2726 1387 Osirid.

1645 1419 1768 1469 cap.
1805 1405 1894 1455 52.
1927 1419 1982 1468 p.
2004 1403 2125 1454 -372
2152 1420 2196 1454 s.
2223 1403 2328 1454 525
2350 1403 2554 1469 wytt.;
2589 1420 2730 1470 quae

1644 1472 1860 1539 qnando
1909 1486 2203 1538 congressa
2253 1472 2457 1524 suerint
2506 1474 2730 1525 numina

1646 1541 1712 1608 (s.
1764 1542 1981 1608 quando
2030 1541 2114 1592 sol
2156 1543 2215 1592 in
2262 1542 2420 1593 domo
2470 1545 2616 1593 tauri
2649 1543 2728 1594 lo-

1640 1616 1797 1663 catus
1833 1627 1954 1662 cum
1990 1610 2119 1662 luna
2165 1611 2331 1662 fuerit
2374 1609 2729 1678 congressus)

1639 1681 1935 1748 generandi
1970 1681 2055 1731 vis
2102 1681 2159 1730 in
2194 1686 2394 1731 terram
2434 1682 2721 1734 redundat.

1639 1750 2019 1803 Generationis
2072 1764 2202 1800 vero
2248 1751 2538 1801 universae
2583 1767 2725 1817 sym—

1636 1820 1821 1871 bolum
1860 1825 1946 1869 est
1980 1820 2080 1869 bos
2124 1834 2190 1868 ae
2234 1834 2434 1883 vacca,
2483 1825 2546 1870 ut
2589 1820 2724 1871 nihil

1640 1890 1713 1939 sit
1742 1890 2005 1940 absonum
2033 1888 2139 1938 illis
2158 1889 2467 1940 numinibus
2494 1889 2597 1940 hoc
2609 1892 2725 1940 ani-

1637 1958 1744 2009 mal
1782 1959 1953 2009 fuisse
1985 1962 2379 2009 consecratum.
2452 1958 2581 2010 Sive
2614 1959 2724 2010 Ost*-

1635 2029 1793 2080 ridem
1826 2027 2131 2092 intelligere
2165 2026 2322 2078 malis
2368 2028 2558 2091 Nilum,
2608 2029 2720 2079 iam

1639 2099 1737 2149 Isis
1787 2099 1892 2149 erit
1945 2105 2091 2149 terra
2148 2097 2431 2164 alemania,
2503 2113 2537 2147 a
2590 2097 2719 2148 Nilo

1635 2167 1945 2219 exundante
1988 2169 2247 2232 vegetata
2300 2171 2355 2217 et
2409 2167 2569 2232 quasi
2609 2167 2722 2218 foe-

1635 2237 1898 2301 cundata,
1957 2241 2020 2286 ut
2076 2236 2155 2286 ait
2203 2234 2530 2287 Plutarchus
2579 2235 2619 2287 l.
2676 2236 2714 2287 l.

1635 2323 1756 2372 cap.
1795 2306 1881 2358 38.
1922 2322 2048 2372 pag.
2088 2305 2191 2357 366
2225 2306 2291 2356 Α.
2323 2306 2511 2355 Manet
2546 2320 2720 2357 vacca

1633 2376 1798 2427 Isidis
1833 2377 2048 2442 signum
2090 2375 2578 2456 procreatricisqpe
2625 2390 2721 2426 na-

1635 2451 1791 2497 turae
1821 2444 2151 2512 symbolum3
2189 2440 2335 2511 βοῦν
2370 2436 2476 2510 γὰρ
2526 2440 2722 2502 Ισιδος

1633 2508 1832 2565 εἰκόνα
1864 2511 1961 2564 καὶ
1984 2511 2093 2578 γῆν
2111 2511 2455 2577 νομίζουσιν,
2492 2519 2555 2563 ut
2591 2514 2719 2564 Plu-

1631 2584 1852 2635 tarchus
1886 2584 2081 2635 scribit
2121 2581 2160 2633 l.
2200 2582 2239 2633 l.
2285 2597 2406 2648 cap.
2451 2581 2538 2636 39.
2587 2598 2714 2649 pag.

1633 2653 1755 2706 366.
1815 2653 2035 2719 „Igitur
2055 2650 2135 2701 nil
2158 2651 2351 2701 mirum
2375 2648 2529 2716 (sunt
2546 2652 2718 2703 verba

1633 2723 1888 2773 Creuzeri
1921 2724 1978 2772 in
2014 2720 2221 2772 Comm.
2257 2721 2392 2771 Her.
2433 2734 2562 2786 pag.
2614 2719 2715 2772 123

1631 2791 1757 2843 coll.
1800 2789 1916 2842 121.
1955 2789 2078 2855 125)
2104 2790 2393 2840 universae
2419 2790 2576 2855 quasi
2595 2804 2716 2854 pro-

1630 2861 1911 2912 creatricis
1961 2863 2193 2910 naturae
2236 2858 2432 2909 bovem
2475 2875 2544 2909 ac
2585 2873 2716 2910 vac-

1629 2946 1751 2982 cam
1792 2929 2040 2996 symbola
2084 2928 2255 2979 fuisse
2296 2928 2600 2990 veteribus3
2658 2932 2715 2979 et

1630 2999 1846 3066 quando
1897 2999 1953 3048 in
2002 2998 2315 3049 sementivis
2364 2998 2524 3049 festis
2569 2998 2715 3064 agri-

1630 3069 1876 3121 culturae
1930 3068 2338 3119 vicissitudines
2391 3083 2426 3119 a
2475 3067 2713 3119 siderum

1629 3144 1812 3191 meatu
1847 3152 2141 3204 suspensas
2189 3137 2576 3203 significabant
2615 3153 2712 3204 per

1628 3210 1795 3261 bovem
1827 3209 1917 3259 vel
1955 3215 2138 3259 aratro
2170 3208 2417 3258 iunctum
2450 3207 2539 3258 vel
2584 3222 2712 3258 vac-

1625 3294 1723 3330 cae
1772 3278 2076 3329 admotum:
2135 3278 2240 3328 hoc
2291 3278 2411 3342 ipso
2463 3276 2710 3342 symbolo

1623 3350 1807 3400 varias
1839 3350 1896 3399 in
1919 3354 2105 3414 partes
2138 3361 2402 3398 converso
2433 3348 2602 3397 etiam
2629 3346 2710 3397 vi·

1623 3425 1715 3470 tae
1748 3418 2017 3469 humanae
2061 3416 2244 3468 orbem
2293 3420 2349 3467 et
2392 3415 2712 3466 immortali-

1624 3489 1757 3539 tatis
1801 3489 2102 3539 animorum
2147 3501 2298 3551 spem
2345 3484 2709 3551 significatam

1627 3558 1886 3609 voluisse.
1959 3558 2084 3607 Non
2115 3553 2547 3622 philosophicam
2580 3554 2709 3605 dici-

1625 3642 1744 3678 mus
1777 3626 1867 3677 hic
1901 3625 2230 3688 doctrinam,
2274 3625 2372 3675 sed
2407 3639 2558 3690 spem
2589 3623 2709 3674 uni-

1624 3712 1839 3748 versam
1873 3696 2024 3746 vitae
2059 3694 2436 3746 reviviscentis
2472 3698 2528 3744 et
2551 3694 2707 3744 uber·

1625 3768 1759 3817 tatis
1793 3781 2069 3831 nunquam
2104 3762 2547 3828 exstinguendae.
2601 3764 2708 3814 Ea-

1625 3837 1744 3887 dem
1770 3835 2038 3886 ubertatis
2066 3849 2190 3902 spes
2220 3838 2445 3885 ostensa
2470 3849 2505 3884 a
2529 3832 2708 3899 Sibyl-

1624 3905 1751 3955 linis
1811 3904 2044 3956 oraculis
2099 3903 2300 3971 populo
2347 3906 2592 3956 Romano
2648 3903 2706 3953 in

1622 3974 1878 4040 Dionysii
1893 3974 2075 4027 Halic.
2103 3976 2251 4037 XIV,
2288 3974 2376 4029 20.
2400 3990 2456 4039 p.
2479 3972 2551 4025 60
2574 3971 2706 4037 (1⁴21-

1624 4048 1819 4110 cerptt.
1856 4059 1890 4095 a
1939 4042 2119 4109 Mai.).
2194 4044 2316 4106 Qua
2363 4045 2421 4094 in
2465 4059 2524 4094 re
2568 4041 2706 4092 nihil

1622 4113 1771 4165 aliud
1818 4115 2052 4166 Romani
2095 4116 2272 4166 fecere
2318 4130 2480 4182 quam
2527 4115 2704 4180 Aegy-

1621 4184 1723 4250 ptii
1765 4183 1911 4248 apud
1955 4185 2293 4236 Herodotum
2328 4186 2404 4248 11,
2453 4185 2539 4238 40.
2610 4183 2701 4236 Illi

1616 4256 1883 4317 placentas
1915 4252 1971 4303 in
2010 4260 2209 4306 terram
2246 4255 2611 4318 immiseruut3
2644 4255 2703 4305 hi

1586 4339 1780 4387 ‚panes
1822 4324 2027 4375 mmudos
2070 4325 2130 4374 in
2176 4325 2341 4376 bovem
2355 4363 2369 4388 ,
2429 4325 2524 4390 qui
2567 4325 2701 4390 ipsis

1618 4408 1716 4459 pro
1760 4398 1906 4443 terra
1963 4393 2144 4444 erat.“
2184 4419 2253 4431 -
2295 4394 2563 4459 Equidem
2618 4393 2703 4443 his
