3109 5092
1002 356 1135 417 AD
1185 353 1531 417 HEROD
1552 353 1697 415 OT.
1741 354 1825 428 H,
1865 360 1951 416 53.
2487 348 2611 413 859

352 531 590 602 siugulis
625 531 732 584 diis
768 548 871 602 pro
898 547 1126 583 munere
1159 532 1295 581 sunt
1326 528 1595 581 attributa
1635 529 1720 598 (v.
1745 546 1793 581 c.
1832 542 2011 594 arma,
2048 531 2352 596 sceptrum,
2387 529 2611 597 fulmen,

349 619 512 686 alia),
558 623 810 687 spectare
833 620 1002 685 patet.

524 704 635 754 Iam
670 703 753 754 his
791 700 1030 769 singulis
1069 698 1385 769 explicatis,
1433 715 1577 767 quae
1610 697 1835 751 Homeri
1870 702 2036 768 atque
2070 696 2302 750 Hesiodi
2343 697 2509 767 opera
2556 700 2612 752 in

351 792 688 842 Graecorum
723 786 993 853 religione
1030 784 1228 837 effecta
1251 783 1422 836 tradit
1451 783 1804 851 Herodotus,
1848 783 2137 853 quaeritur
2167 781 2434 851 denique,
2484 783 2616 836 haec

350 876 473 944 ipsa
508 889 632 925 num
666 872 725 924 in
762 878 1053 940 utrumque
1086 874 1302 939 poetam
1342 886 1516 939 aeque
1549 870 1692 922 bene
1739 869 1916 922 omnia
1949 867 2300 921 conveniant.
2366 867 2619 921 Affirmst

353 957 617 1011 Muetzell
648 957 685 1009 1.
711 972 881 1026 supra
905 954 941 1007 l.
979 973 1033 1025 p.
1058 961 1180 1021 358,
1218 970 1398 1024 neque
1436 971 1570 1007 sane
1591 953 1913 1006 Herodotus
1944 954 2004 1006 in
2028 953 2114 1005 his
2153 952 2394 1020 siugulis
2434 953 2615 1006 decla-

352 1042 543 1098 randis
578 1042 744 1095 ullum
781 1040 1070 1093 discrimen
1109 1040 1313 1093 fecisse
1345 1039 1593 1108 videtur,
1639 1038 1739 1091 sed
1773 1039 1851 1091 ita
1875 1038 2222 1109 disposuisse
2244 1036 2406 1103 haec,
2455 1045 2516 1091 ut
2545 1040 2614 1092 ad

355 1135 646 1196 utrumque
668 1130 880 1197 poetam
899 1126 1156 1177 referret.
1202 1125 1267 1176 ln
1299 1124 1626 1192 Theogonis
1660 1140 1825 1193 sane,
1868 1130 1931 1176 ut
1964 1125 2070 1177 iam
2103 1140 2274 1193 supra
2294 1122 2509 1190 monui,
2546 1124 2615 1176 ad

354 1213 655 1265 Hesiodum
688 1212 922 1280 eiusque
953 1226 1167 1262 carmen
1203 1210 1519 1278 respexisse
1546 1209 1792 1276 videtur,
1840 1210 1988 1279 qnod
2026 1209 2205 1279 ipsum
2239 1209 2307 1260 ab
2328 1207 2613 1262 Herodoto

354 1314 543 1350 verum
564 1295 798 1348 Hesiodi
829 1312 970 1364 opus
992 1295 1232 1347 habitum
1268 1295 1445 1347 fuisse
1466 1294 1558 1346 vel
1587 1312 1655 1347 ex
1689 1294 1791 1346 hoc
1817 1293 1937 1346 loco
1967 1293 2247 1361 colligam,
2295 1292 2419 1344 aliis
2453 1293 2616 1348 aliter

355 1381 761 1447 statuentibus,
816 1380 912 1449 qui
946 1386 1090 1432 teste
1121 1378 1401 1432 Pausania
1424 1378 1518 1445 IX,
1544 1385 1633 1438 31.
1678 1383 1729 1443 S.
1766 1383 1802 1437 4
1838 1380 2057 1432 unicum
2091 1378 2160 1429 de
2199 1395 2362 1447 opere
2402 1380 2612 1432 rustico

353 1483 568 1519 carmen
608 1467 676 1518 ab
715 1465 962 1517 Hesiodo
996 1465 1118 1532 ipso
1158 1465 1462 1534 profectum
1509 1482 1635 1516 esse
1682 1464 2040 1516 contendunt.
2097 1463 2298 1531 Neque
2328 1481 2462 1515 vero
2495 1465 2613 1517 Ho-

351 1551 484 1605 meri
527 1551 792 1616 carmina,
835 1550 892 1601 in
929 1549 1132 1618 quibus
1167 1549 1310 1600 haud
1349 1565 1525 1618 pauca
1558 1548 1627 1601 ad
1657 1549 1883 1601 deorum
1917 1548 2307 1616 generationes
2342 1552 2613 1619 ortusque

353 1636 689 1706 pertinentia
726 1634 1117 1701 inveniuntur,
1154 1651 1386 1703 prorsus
1423 1633 1648 1686 exclusa
1678 1634 1839 1686 velim
1878 1653 1907 1687 e
1940 1637 2118 1686 mente
2142 1633 2368 1699 Nostri,
2418 1635 2515 1702 qui
2553 1635 2611 1686 in

353 1721 608 1788 caeteris,
642 1720 680 1772 i.
698 1738 745 1772 e.
770 1719 827 1771 in
849 1718 939 1786 iis,
965 1735 1106 1787 quae
1137 1719 1204 1770 ad
1227 1713 1561 1786 ἐπωνυμίας,
1589 1712 1771 1787 τιμὰς,
1800 1716 1992 1788 τέχνας
2019 1724 2185 1788 atque
2209 1717 2362 1771 εἴδεα
2389 1718 2612 1771 deorum

352 1809 633 1877 spectant,
677 1803 900 1856 Homeri
942 1803 1182 1854 carmina
1215 1802 1559 1873 potissimum
1591 1804 1719 1855 mihi
1752 1803 2067 1873 respexisse
2104 1803 2360 1869 videtur,
2402 1819 2521 1855 cum
2553 1803 2610 1857 in

349 1889 582 1944 Hesiodi
619 1888 974 1956 Theogonis,
1009 1886 1189 1957 qualis
1224 1904 1372 1940 nunc
1404 1889 1617 1955 fertur,
1661 1888 1730 1939 de
1766 1887 1851 1939 his
1886 1905 2061 1957 pauca
2096 1888 2299 1939 tradita
2337 1888 2610 1958 legantur,

352 1976 463 2029 nisi
483 1974 591 2027 alia
612 1974 857 2027 eiusdem
880 1976 1077 2043 poetae
1101 1972 1356 2038 carmina,
1392 1988 1534 2042 quae
1571 1972 1693 2024 olim
1726 1974 2083 2039 ferebantur,
2128 1972 2400 2025 Herodoti
2435 1973 2613 2026 animo

354 2062 647 2114 obversata
681 2076 807 2111 esse
842 2057 1056 2125 credas,
1097 2062 1222 2125 aut,
1266 2073 1408 2126 quae
1432 2057 1739 2110 Muetzellii
1777 2064 1863 2109 est
1897 2057 2084 2126 opinio
2122 2057 2157 2108 l.
2196 2074 2368 2127 supra
2394 2057 2463 2125 l.,
2498 2058 2613 2111 He-

353 2146 606 2199 rodotum
628 2142 1004 2211 Theogoniam
1037 2142 1297 2195 habuisse
1319 2146 1484 2211 putes
1508 2142 1699 2194 saltem
1723 2144 1991 2195 honorum
2023 2142 2396 2211 descriptione
2430 2143 2616 2213 aliqua

353 2248 418 2283 ex
450 2235 608 2300 parte
645 2227 922 2294 ditiorem,
971 2243 1130 2296 quam
1167 2244 1309 2296 qnae
1341 2243 1489 2278 nunc
1530 2232 1730 2280 exstat.
1793 2228 2044 2290 Quorum
2079 2232 2332 2279 neutrum
2354 2228 2482 2279 mihi
2517 2228 2612 2281 ad-

348 2315 561 2368 modum
592 2314 808 2383 placere
842 2312 1127 2382 profiteor.
1188 2311 1411 2363 Homeri
1442 2312 1618 2379 igitur
1641 2318 1807 2382 atque
1835 2312 2064 2364 Hesiodi
2095 2312 2333 2365 carmina
2355 2330 2531 2383 aeque
2554 2314 2610 2366 in

348 2400 435 2452 his
471 2398 716 2451 valuisse
752 2414 872 2449 cum
906 2400 1121 2463 statuo,
1173 2414 1281 2449 non
1318 2394 1478 2449 valde
1513 2397 1643 2449 mihi
1682 2400 1749 2449 ab
1784 2398 1853 2449 iis
1892 2397 2149 2450 recedere
2185 2398 2413 2465 videor,
2469 2416 2613 2468 quae

350 2486 417 2537 de
440 2483 711 2537 Herodoti
738 2481 857 2534 loco
881 2481 1188 2550 disputavit
1209 2480 1418 2533 Preller
1451 2481 1823 2553 (Griechisch.
1850 2481 2158 2550 Mytholog.
2183 2483 2229 2535 Ι.
2268 2500 2323 2551 p.
2350 2488 2419 2542 13
2441 2484 2611 2553 seq.),

349 2568 528 2622 nostri
577 2567 867 2637 scriptoris
902 2565 1072 2618 verba
1107 2565 1354 2618 nonnihil
1389 2565 1781 2635 restringenda
1816 2584 1942 2619 esse
1978 2572 2163 2636 ratus,
2220 2583 2340 2618 cum
2377 2574 2613 2638 uterque

348 2659 512 2724 poeta
545 2652 761 2704 minime
798 2650 951 2703 solus
984 2649 1043 2702 id
1081 2652 1301 2703 efficere
1335 2651 1610 2720 potuerit,
1664 2653 1814 2721 qnod
1847 2652 1913 2702 ab
1947 2651 2140 2703 eodum
2178 2652 2434 2704 effectum
2477 2652 2531 2704 h.
2574 2652 2610 2704 l.

347 2739 555 2792 scribat
594 2736 947 2801 Herodotus,
1006 2735 1223 2806 aliaque
1269 2735 1429 2787 etiam
1472 2735 1710 2788 carmina
1754 2735 2193 2806 praecesserint,
2251 2735 2307 2786 in
2353 2735 2453 2787 hac
2496 2739 2613 2788 tota

347 2824 675 2895 quaestione
718 2836 893 2889 aeque
936 2820 1300 2888 respicienda.
1364 2819 1530 2882 Quod
1571 2821 1621 2872 si
1658 2820 1744 2873 vel
1791 2820 2016 2872 maxime
2059 2820 2438 2885 concedimus,
2485 2826 2614 2873 ante

349 2913 645 2977 utrumque
668 2910 879 2976 poetam
902 2904 1006 2956 iam
1032 2905 1316 2957 exstitisse
1340 2905 1445 2956 alia
1480 2906 1747 2972 carmina,
1786 2906 1920 2956 haec
1942 2904 2066 2973 ipsa
2090 2906 2157 2956 ab
2183 2908 2419 2974 utroque
2448 2910 2616 2976 poeta

349 2994 428 3045 ita
450 2991 692 3045 adhibita
713 2990 892 3043 fuisse
918 2989 1307 3057 existimamus,
1347 2994 1410 3042 ut
1433 2994 1668 3059 uterque
1689 2994 1851 3060 poeta
1873 3006 1989 3042 eam
2005 2989 2237 3042 Graecis
2262 2989 2367 3041 diis
2391 2991 2613 3043 formam

349 3096 412 3131 ac
434 3078 669 3146 speciem
688 3117 702 3145 ‚
749 3091 858 3145 qua
893 3073 1058 3142 vulgo
1092 3074 1450 3143 exhibentur,
1498 3073 1777 3127 dedidisse
1800 3074 2082 3145 putandus
2110 3074 2212 3141 sit,
2254 3073 2390 3127 adeo
2414 3081 2479 3128 ut
2498 3077 2613 3128 He-

347 3163 530 3216 rodoti
581 3159 883 3214 auctoritas
927 3176 1088 3229 quam
1134 3158 1360 3212 maxime
1405 3161 1810 3229 comprobetur.
1894 3159 2008 3222 Qui
2042 3159 2165 3229 ipse
2201 3161 2347 3212 unde
2385 3161 2613 3214 edoctus

345 3247 479 3299 talia
524 3247 593 3299 de
638 3246 875 3297 Homero
920 3245 1262 3313 potissimum
1309 3244 1553 3297 scribere
1601 3244 1874 3314 potuerit,
1927 3244 1974 3296 si
2014 3261 2281 3314 quaeras,
2328 3245 2385 3296 in
2429 3245 2614 3298 insula

346 3332 506 3383 Samo
554 3347 586 3382 a
624 3328 1000 3397 Creophyliis,
1059 3329 1153 3398 qui
1188 3330 1256 3381 ab
1286 3330 1526 3381 Homero
1575 3346 1755 3396 genus
1798 3329 2094 3395 ducerent,
2151 3329 2284 3380 haec
2331 3329 2612 3397 accepisse

345 3415 523 3467 videri
546 3418 753 3484 patrem
776 3412 1036 3463 historiae
1062 3414 1322 3464 observat
1333 3413 1731 3480 Lengebusch:
1765 3414 1991 3465 Jahrbb.
2018 3414 2071 3464 d.
2087 3411 2283 3463 Philol.
2299 3412 2610 3479 u.Paedag.

346 3499 519 3551 LXII.
546 3517 600 3567 p.
627 3499 733 3554 373
761 3513 878 3564 seq.
944 3495 1246 3547 Hesiodum
1281 3513 1442 3562 vero,
1490 3514 1651 3566 quem
1687 3502 1901 3548 centum
1932 3498 2049 3548 fere
2080 3495 2239 3547 annis
2262 3502 2392 3564 post
2412 3496 2613 3548 Home-

347 3599 466 3636 rum
491 3582 698 3634 vixisse
725 3578 894 3646 vulgo
918 3578 1137 3645 dicunt,
1170 3579 1318 3648 quod
1343 3596 1461 3631 cum
1489 3581 1729 3631 Homero
1753 3580 1962 3632 Noster
1984 3580 2335 3632 coniunxerit
2356 3586 2614 3649 tanquam

349 3667 662 3737 aequalem,
707 3663 766 3716 id
799 3680 914 3715 eam
948 3663 1015 3714 ab
1039 3679 1255 3714 causam
1289 3664 1491 3715 sactum
1526 3682 1652 3715 esse
1676 3668 1836 3732 putat
1867 3664 2007 3716 idem
2042 3665 2129 3716 vir
2166 3663 2363 3716 doctus
2402 3682 2458 3733 p.
2488 3668 2612 3731 375,

348 3753 495 3822 quod
532 3751 755 3819 utrique
793 3751 987 3816 poetae
1021 3746 1160 3799 idem
1183 3747 1526 3816 propositum
1562 3748 1815 3816 idemque
1848 3749 2008 3802 etiam
2045 3749 2299 3800 effectum
2333 3748 2513 3801 fuisse
2554 3749 2611 3801 in

345 3836 597 3890 doctrina
636 3835 704 3886 de
736 3832 842 3885 diis
879 3832 1091 3883 Noster
1128 3832 1423 3885 crediderit
1452 3832 1623 3903 idque
1663 3832 1805 3903 ipsis
1844 3833 1916 3885 iis
1958 3832 2328 3903 temporibus,
2373 3833 2429 3886 in
2473 3851 2615 3903 quae

347 3922 640 3991 utriusque
663 3924 859 3988 poetae
889 3922 1041 3968 aetas
1064 3916 1287 3969 incidat.
1335 3917 1529 3987 (Cous.
1558 3934 1778 3987 quoque
1801 3918 2049 3970 Nitzsch.
2075 3917 2287 3969 Melett.
2317 3918 2391 3971 II.
2417 3937 2471 3988 p.
2498 3919 2614 3986 79).

346 4006 505 4057 Hanc
529 4023 663 4057 vero
688 4006 918 4055 aetatem
940 4001 1026 4072 (in
1053 4006 1191 4053 nott.
1217 4003 1284 4053 ad
1313 4001 1383 4065 ΙΙ,
1410 4003 1506 4069 53)
1543 4002 1776 4055 diximus
1810 4003 2089 4072 pertinere
2125 4002 2193 4054 ad
2217 4020 2346 4055 ann.
2368 4008 2475 4063 884
2494 4004 2615 4055 sive

346 4093 453 4148 889
474 4106 524 4140 a.
553 4088 685 4140 Chr.
722 4106 775 4139 n.
810 4105 876 4138 ex
893 4086 1161 4138 Herodoti
1198 4087 1633 4154 computatione,
1671 4105 1737 4140 ex
1772 4104 1917 4139 anno
1944 4087 2186 4141 eiusdem
2224 4088 2391 4139 natali
2415 4088 2612 4153 ducta3

344 4167 531 4241 ἀκμὴν
569 4174 715 4225 vitae
733 4171 1093 4223 Herodoteae
1129 4188 1343 4223 sumere
1379 4172 1428 4222 si
1460 4170 1616 4223 malis
1655 4189 1717 4224 ac
1748 4190 1956 4241 ponere
1991 4172 2190 4225 aetatis
2224 4188 2426 4225 annum
2450 4172 2612 4223 trice-

345 4258 535 4310 simum
559 4258 757 4323 ferme,
795 4256 832 4308 i.
866 4276 914 4309 e.
949 4259 1058 4314 454
1093 4273 1140 4307 s.
1173 4260 1278 4315 459
1306 4273 1356 4307 a.
1385 4255 1518 4308 Chr.
1546 4274 1603 4309 n.
1647 4259 1748 4328 (cf.
1783 4257 2028 4310 Clinton.
2062 4259 2219 4310 Fast.
2244 4257 2390 4309 Hell.
2426 4275 2480 4325 p.
2512 4258 2610 4313 145

344 4360 500 4411 seqq.
536 4345 642 4401 359
663 4359 816 4410 seqq.
869 4341 1129 4392 Fischer:
1166 4340 1389 4393 Griech.
1415 4341 1636 4394 Zeittaf.
1662 4361 1716 4412 p.
1743 4346 1812 4400 49
1827 4343 2043 4412 seqq.),
2083 4342 2377 4410 utriusque
2412 4346 2611 4408 poetae

345 4434 499 4480 aetas
532 4425 740 4478 incidet
772 4423 828 4476 in
860 4441 988 4477 ann.
1023 4429 1130 4485 854
1165 4443 1212 4477 s.
1237 4430 1342 4485 859
1372 4431 1498 4479 ante
1524 4425 1657 4479 Chr.
1697 4445 1753 4480 ιι.
1814 4427 1898 4479 De
1928 4426 2153 4479 Homeri
2190 4430 2368 4480 aetate
2400 4442 2542 4495 quae
2581 4440 2615 4476 a
