3109 5092
430 341 554 402 246

1304 335 1848 399 HERODOTI

431 510 588 594 τούς
626 512 753 600 μὲν
789 517 1003 591 οἰκίας
1045 512 1498 598 οἰκοδομέειν,
1544 507 1702 589 τοὺς
1740 507 1815 579 δὲ
1860 505 2285 595 δορυφόρους
2326 504 2538 589 εἶναι,
2587 503 2709 573 τὸν

432 620 513 687 δέ
544 643 670 683 κου
704 611 857 682 τινὰ
887 612 1115 682 αὐτῶν
1151 610 1512 702 ὀφθαλμὸν
1542 615 1853 702 βασιλέος
1893 609 2101 695 εἶναι,
2162 613 2255 701 τῷ
2297 612 2379 678 δέ
2413 634 2547 677 τινι
2589 605 2705 687 τὰς

430 717 744 805 ἀγγελίας
783 718 1112 805 ἐσφέρειν·
1139 720 1370 785 ἐδίδου
1413 717 1645 802 γέρας,
1702 710 1791 794 ως
1830 715 2082 805 ἑκάστῳ
2129 718 2329 801 ἔργον
2370 709 2701 800 προστάσ-

430 843 590 889 σων.
649 814 743 898 εἷς
790 816 875 907 δὴ
912 820 1172 888 τούτων
1210 824 1349 887 των
1383 824 1679 887 παιδίων
1705 822 2127 904 συμπαίζων,
2177 812 2308 883 ἐών
2342 811 2703 903 Ἀρτεμβά-

432 950 581 1012 ρεος
608 936 797 1004 παῖς,
842 918 1087 1011 ἀνδρὸς
1124 927 1406 1008 δοκίμου
1445 923 1520 989 έν
1553 918 1887 1008 Μήδοισι,
1923 916 2006 987 οὐ
2034 916 2164 1006 γὰρ
2201 915 2286 1005 δὴ
2325 919 2594 1005 ἐποίησε
2631 913 2707 984 τὸ

433 1024 856 1112 προσταχθὲν
891 1025 964 1091 ἐκ
1000 1027 1119 1092 τοῦ
1147 1022 1417 1111 Κύρου,
1456 1025 1725 1091 ἐκέλευε
1766 1019 1973 1091 αὐτὸν
2011 1018 2167 1100 τοὺς
2192 1017 2435 1098 ἄλλους
2463 1023 2707 1099 παῖδας

433 1132 802 1213 διαλαβεῖν.
872 1128 1302 1212 πειθομένων
1343 1125 1418 1193 δὲ
1456 1129 1593 1193 τῶν
1643 1129 1941 1207 παίδων,
1993 1118 2031 1190 ὁ
2069 1129 2295 1207 Κῦρος
2339 1119 2459 1191 τὸν
2499 1126 2708 1190 παῖδα

433 1230 723 1317 τρηχέως
767 1227 975 1314 κάρτα
1024 1230 1341 1316 περιέσπε
1383 1229 1789 1315 μαστιγέων·
1856 1221 1892 1295 ὃ
1937 1224 2047 1310 δὲ,
2109 1226 2260 1293 ἐπεί
2300 1250 2370 1290 τε
2424 1229 2709 1311 μετείθη

431 1331 736 1417 τάχιστα,
792 1324 880 1407 ὥς
923 1356 999 1415 γε
1041 1328 1126 1417 δὴ
1162 1326 1398 1411 ἀνάξια
1442 1331 1698 1397 ἑωυτοῦ
1741 1325 2020 1409 παθών,
2067 1325 2324 1413 μᾶλλόν
2360 1352 2423 1393 τι
2470 1352 2704 1413 περιη-

379 1435 697 1519 ,μέκτεε·
749 1428 1102 1500 κατελθων
1132 1431 1206 1499 δὲ
1250 1433 1316 1510 ές
1353 1430 1589 1514 πόλιν,
1637 1428 1799 1519 πρὸς
1836 1427 1957 1498 τὸν
1993 1431 2246 1518 πατέρα
2273 1425 2709 1512 ἀποικτίζετο,

504 1591 692 1651 οἰκίας
727 1590 1199 1660 οἰκοδομέειν]
1243 1594 1522 1644 Pauwium

436 1664 812 1715 emendantem
852 1660 1228 1727 οἰκονομέειν,
1270 1667 1331 1712 ut
1366 1661 1523 1711 intel-

434 1734 677 1799 ligantur
733 1733 876 1798 regis
935 1727 1262 1796 οἰκονόμοι,
1324 1731 1522 1797 quibus

433 1804 692 1852 universa
727 1807 781 1852 et
818 1801 1032 1852 aedium
1062 1806 1116 1850 et
1147 1816 1319 1851 rerum
1346 1801 1524 1850 dome-

435 1872 697 1921 sticarum
733 1871 900 1921 fuerit
936 1885 1095 1930 cura,
1140 1871 1276 1920 bene
1323 1870 1525 1918 refuta-

434 1942 516 1990 vit
551 1940 973 2006 Wesselingius,
1011 1955 1134 1988 cum
1169 1940 1257 1989 hic
1303 1938 1370 1988 de
1399 1953 1526 2002 pue-

436 2025 617 2059 rorum
672 2009 797 2059 lusu
856 2010 930 2057 sit
977 2024 1179 2071 sermo,
1235 2008 1322 2057 cui
1377 2012 1526 2056 certe

437 2078 639 2141 optime
688 2078 943 2126 convenit
988 2092 1174 2137 casas,
1220 2075 1383 2125 aedes
1437 2091 1525 2125 ae-

437 2145 774 2195 dificare.1n
798 2146 1149 2210 sequentibus
1170 2145 1354 2193 itidem
1369 2144 1525 2194 Gais-

438 2214 673 2264 sordium
723 2228 907 2263 sumus
955 2213 1145 2290 secuti,
1193 2212 1523 2262 scribentes·

438 2274 565 2330 τὸν
632 2279 696 2329 δέ
749 2295 855 2330 κου
910 2274 1039 2329 τινὰ
1084 2272 1294 2343 αὐτῶν,
1339 2296 1526 2344 quam-

440 2365 603 2415 quam
656 2349 800 2411 libri,
854 2364 963 2398 uno
1028 2354 1282 2413 excepto,
1344 2350 1524 2398 ferunt

439 2417 574 2466 τῶν
622 2413 685 2465 δέ
729 2431 854 2466 κου
907 2419 1088 2481 Atque
1133 2418 1239 2465 iam
1276 2417 1524 2481 Wytten-

439 2486 668 2536 bachius
716 2487 772 2535 in
821 2484 1020 2536 Select.
1068 2486 1200 2536 hist.
1248 2501 1373 2550 pag.
1423 2485 1521 2536 351

439 2556 706 2606 maluerat
753 2545 882 2618 τὸν,
930 2555 1023 2619 qui
1071 2557 1212 2606 idem
1248 2555 1416 2605 verba
1452 2545 1529 2611 ὡς

440 2616 653 2691 ἑκάστῳ
687 2617 856 2688 ἔργον
880 2617 1257 2687 προστάσσων
1281 2624 1360 2673 sic
1388 2625 1529 2674 verti

440 2694 616 2744 iubet.
666 2709 792 2756 opus
837 2695 1101 2758 unic-reique
1139 2707 1240 2754 pro
1282 2708 1373 2742 suo
1420 2697 1529 2756 ipse

439 2763 621 2814 iudicio
655 2762 926 2816 mandans.
975 2777 1018 2811 s.
1070 2778 1196 2824 opus
1236 2764 1441 2825 cuique,
1480 2768 1534 2810 ut

440 2832 750 2892 conveniret,
824 2830 1069 2880 mandans
1144 2828 1238 2894 (ad
1313 2830 1528 2880 Platon.

441 2898 720 2948 Phaedon.
756 2913 811 2960 p.
850 2896 1000 2956 215).
1067 2899 1152 2948 Tu
1189 2899 1332 2948 conf.
1367 2899 1532 2947 etiam

441 2965 595 3027 1,29
628 2965 812 3030 ibique
847 2971 988 3016 nott.
1042 2967 1368 3031 scripsimus
1404 2982 1534 3031 quo-

443 3048 549 3097 que
585 3029 845 3098 βασιλέος
881 3050 978 3097 pro
1017 3031 1314 3099 βασιλῆος,
1353 3039 1414 3083 ut
1447 3050 1533 3083 su-

441 3116 560 3166 pra,
597 3106 653 3149 et
691 3091 952 3164 ἐσφέρειν
988 3119 1084 3167 pro
1123 3100 1348 3166 φέρειν,
1387 3104 1532 3166 quod

441 3168 699 3233 vulgatas
733 3168 997 3220 editiones
1036 3171 1163 3220 olim
1201 3171 1528 3235 occupabat.

442 3238 570 3289 Vid.
605 3238 714 3298 111,
754 3239 838 3288 77.
878 3239 965 3302 84,
1005 3239 1318 3290 ubieodem
1351 3240 1408 3288 in
1443 3256 1533 3289 ne-

445 3307 597 3372 gotio
634 3275 996 3369 ἒσὝαγγελεις.
1064 3308 1195 3359 Fuit
1228 3308 1317 3357 bic
1351 3308 1535 3359 Medo-

446 3392 565 3426 rum
599 3391 786 3440 regum
823 3390 958 3438 mos,
996 3383 1058 3426 ut
1092 3392 1249 3426 nemo
1278 3376 1349 3427 ad
1386 3377 1535 3442 ipsos

444 3444 750 3506 accederet,
788 3445 895 3495 nisi
919 3460 1016 3510 per
1043 3447 1321 3496 ministros
1354 3449 1534 3511 regios

445 3521 610 3565 antea
668 3513 961 3577 indicatus,
1022 3517 1110 3565 cui
1166 3515 1272 3580 ipsi
1327 3517 1535 3565 aditum

444 3590 847 3635 concesserant.
911 3585 1071 3646 Quod
1124 3585 1275 3645 dein,
1332 3591 1395 3635 ut
1451 3591 1535 3635 tot

444 3652 574 3716 alia,
610 3652 681 3701 ad
715 3653 1003 3703 Persarum
1041 3670 1196 3719 reges
1247 3655 1534 3704 transiisse

445 3723 712 3773 neminem
748 3722 862 3771 fere
901 3722 1061 3786 fugit.
1126 3724 1354 3773 Praeter
1390 3725 1534 3773 Bris-

445 3791 674 3849 sonium,
717 3792 869 3839 cuius
905 3790 1084 3840 locum
1121 3792 1228 3841 iam
1263 3808 1428 3856 supra
1466 3792 1535 3842 ad

447 3861 493 3916 1,
547 3859 646 3906 100
694 3859 1002 3921 citavimus,
1039 3860 1187 3910 conf.
1215 3861 1450 3912 Heeren.
1479 3862 1533 3909 iu

447 3925 614 3976 Ideen
668 3924 713 3983 Ι,
778 3926 824 3975 1.
885 3941 1051 4058 pag.p
1069 3929 1193 3980 473.
1272 3930 1535 3980 Gesenius

444 3993 651 4044 Phoen.
688 4006 978 4043 monumm.
1057 3997 1231 4048 ,282
1279 3999 1538 4049 Hammer

449 4057 774 4114 Geschichte
801 4060 896 4110 der
920 4062 1198 4114 Osmanen
1235 4065 1282 4115 1.
1320 4082 1371 4129 p.
1414 4068 1534 4117 157.

448 4133 532 4180 De
579 4118 912 4190 ὀφθαλμοῖς
959 4145 1003 4179 s.
1063 4135 1246 4194 oculi-3,
1311 4150 1537 4198 quorum

450 4202 569 4249 erat
607 4195 677 4244 ad
711 4210 890 4259 regem
926 4198 1153 4261 deferre,
1181 4201 1444 4266 quidquid
1479 4205 1538 4253 in

449 4271 567 4317 toto
601 4279 768 4327 regno
804 4273 1073 4329 ageretur,
1111 4268 1342 4332 plurima
1378 4271 1538 4323 colle-

448 4335 530 4404 git
563 4332 838 4385 Stanleius
868 4334 938 4388 ad
958 4336 1212 4405 Aeschyl.
1238 4340 1390 4392 Pers.
1412 4341 1534 4394 973.

1622 1592 2077 1672 Inter-nuntiorum,
2127 1594 2239 1669 qui
2257 1593 2463 1643 Graece
2498 1607 2712 1674 quoque

1625 1663 1881 1712 dicuntur
1931 1653 2333 1742 ἀγγελιαφόροι
2395 1676 2441 1712 s.
2505 1654 2567 1709 οἴ
2611 1653 2713 1718 τὰς

1622 1723 1883 1795 ἀγγελίας
1917 1726 2295 1794 εἰσφέροντες,
2326 1746 2518 1779 munus
2552 1729 2713 1780 intel-

1624 1799 1815 1864 ligitur
1852 1816 1917 1849 ex
1954 1799 2125 1864 ipsius
2154 1798 2423 1849 Herodoti
2459 1799 2495 1850 l.
2532 1798 2570 1850 l.
2606 1800 2712 1849 Per

1625 1870 1724 1918 hos
1773 1869 1913 1918 enim
1972 1883 2231 1933 responsa
2285 1868 2492 1918 dabant
2554 1884 2713 1933 reges

1628 1938 1713 2000 iis,
1752 1938 1845 2003 qui
1880 1938 2027 2001 ipsos
2059 1937 2287 1986 adibant
2331 1944 2430 1987 aut
2475 1936 2605 2002 quid
2641 1938 2712 1986 ab

1628 2006 1762 2071 ipsis
1815 2006 2095 2070 petebant.
2153 2005 2312 2056 Conf.
2372 2006 2711 2055 Brissonium

1628 2076 1694 2125 de
1730 2091 1861 2191 mgb
1884 2077 2033 2125 Pers,
2038 2075 2243 2151 princ.
2280 2074 2327 2136 1,
2364 2075 2466 2124 212
2504 2089 2619 2138 seq.

1699 2138 1861 2199 εἷςδ
1866 2135 1899 2206 ὴ
1946 2135 2166 2192 τούτων
2214 2157 2266 2190 κ.
2316 2158 2364 2191 τ.
2405 2142 2477 2207 λ.]
2520 2143 2713 2193 Oratio

1627 2211 1933 2290 interrupta
1967 2210 2177 2262 causali
2210 2211 2486 2261 sententia
2513 2203 2583 2260 οὖ
2609 2203 2714 2276 γὰρ

1626 2273 1700 2343 δὴ
1738 2271 1971 2342 ἐποίησε
2004 2295 2055 2327 x.
2093 2295 2140 2328 τ.
2178 2277 2225 2329 λ.
2258 2280 2555 2345 multisque
2588 2280 2714 2330 aliis

1624 2349 1806 2399 verbis
1844 2348 2099 2407 adiectis3
2146 2353 2209 2398 tu
2244 2350 2316 2399 cf.
2357 2349 2430 2398 ad
2465 2351 2512 2410 l,
2554 2347 2604 2399 8.
2645 2352 2713 2399 24

1629 2422 1770 2468 nott.
1811 2418 1927 2467 155.
1983 2416 2101 2467 174.
2157 2417 2241 2466 Ad
2283 2386 2512 2467 ἐκέλευε
2534 2422 2716 2469 mente

1631 2485 1936 2535 addendum
1992 2500 2113 2535 esse
2168 2476 2198 2534 ὁ
2237 2484 2449 2563 Κῦρος,
2506 2487 2716 2537 monitu

1629 2555 1722 2604 vix
1759 2571 1914 2618 opus.
1958 2585 2028 2593 —-
2077 2523 2471 2618 Ἀρτεμβάρεος
2510 2556 2600 2605 hic
2634 2571 2716 2606 re-

1629 2624 1763 2689 liqui
1818 2624 2112 2685 intactum,
2164 2639 2286 2673 cum
2340 2623 2435 2672 alii
2486 2631 2714 2675 recentt.

1631 2693 1751 2743 edd.
1779 2696 2082 2743 mutassent
2113 2691 2171 2739 in
2200 2683 2592 2756 Ἆρτεμβᾰρεω.
2631 2694 2717 2743 Τιι

1632 2763 1703 2813 cf.
1728 2762 1961 2811 Bredom
2004 2776 2059 2825 p.
2099 2761 2201 2811 232
2238 2765 2292 2810 et
2327 2760 2439 2811 vid.
2476 2777 2614 2827 quae
2648 2762 2719 2812 ad

1632 2830 1678 2892 1,
1722 2830 1816 2880 111
1855 2829 1985 2880 dixi.
2051 2829 2204 2879 Idem
2238 2844 2435 2879 nomen
2468 2830 2526 2879 in
2558 2831 2720 2881 Nico·

1634 2899 1707 2948 lai
1734 2899 2064 2948 Damasceni
2088 2898 2374 2961 Excerptis
2408 2914 2463 2962 p.
2503 2899 2607 2950 398
2632 2916 2720 2950 oc-

1635 2967 1805 3017 currit
1851 2968 1954 3016 viri
2005 2966 2331 3016 nobilissimi
2387 2981 2452 3016 ac
2510 2968 2720 3032 pincer-

1634 3051 1825 3085 narum
1862 3035 2125 3101 praei'ecti
2164 3035 2220 3084 in
2247 3036 2399 3099 regia
2434 3035 2590 3098 aula,
2627 3039 2720 3101 qui

1633 3105 1831 3169 Cyrum
1882 3120 2104 3169 puerum
2158 3119 2445 3168 pauperem
2492 3110 2547 3154 et
2584 3106 2721 3155 infe-

1632 3173 1866 3223 rioribus
1903 3173 2211 3222 muneribus
2250 3173 2428 3222 adhuc
2476 3173 2722 3224 functum

1635 3242 1706 3291 ad
1742 3257 1802 3291 se
1835 3243 2093 3303 admittit,
2120 3257 2185 3291 ac
2211 3241 2405 3291 deinde
2438 3240 2608 3292 filium
2630 3244 2725 3292 ad-

1636 3314 1792 3374 optat
1826 3316 1881 3360 et
1914 3312 1972 3360 in
2004 3311 2091 3359 sui
2130 3309 2302 3374 ipsius
2349 3310 2529 3360 locum
2576 3312 2724 3376 apud

1635 3382 1937 3443 Astyagem
1995 3379 2307 3438 substituit,
2367 3380 2461 3443 qui
2508 3389 2723 3431 mortuo

1636 3448 1957 3498 Artembare
1992 3462 2177 3498 omnes
2229 3448 2345 3496 eius
2401 3463 2532 3511 opes
2590 3450 2725 3499 alia-

1636 3533 1741 3582 que
1791 3517 1933 3566 dona
1984 3516 2157 3566 multa
2202 3515 2345 3580 Cyro
2406 3517 2599 3566 tribuit
2654 3518 2725 3568 ad

1638 3601 1901 3635 summam
1937 3585 2261 3649 dignitatem
2296 3586 2404 3633 iam
2442 3591 2651 3636 evecto.

1705 3645 1921 3703 ἐκέλευε
1980 3683 2049 3694 —-
2101 3650 2488 3719 διαλαβεῖν]
2530 3651 2724 3703 διαλα-

1637 3720 1758 3789 βεῖν
1797 3721 1914 3787 (pro
1950 3719 2296 3788 διαλαβὲειν)
2337 3738 2365 3772 e
2413 3722 2725 3773 melioribus

1636 3792 1793 3841 libris
1839 3807 1961 3841 cum
2009 3790 2322 3842 Gaisfordio
2370 3791 2724 3842 adscivimus.

1637 3862 1739 3911 Est
1767 3876 1895 3910 vero
1929 3860 2045 3910 hic:
2089 3861 2298 3910 medium
2341 3862 2552 3925 aliquem
2597 3877 2726 3911 cone-

1632 3928 1966 3992 prehendere,
2006 3934 2069 3978 ut
2104 3929 2201 3990 IV,
2226 3928 2314 3980 94.
2341 3929 2429 3991 68,
2453 3929 2547 3979 ubi
2574 3931 2723 3981 conf.

1638 3998 1965 4063 wesseling.
2004 3998 2401 4049 Grammaticus
2436 3998 2629 4049 Graec.
2667 3999 2726 4048 in

1637 4067 1873 4118 Bekkeri
1939 4068 2183 4117 Anecdd.
2246 4068 2294 4117 1.
2350 4082 2404 4130 p.
2463 4066 2532 4117 36
2594 4068 2726 4120 bina

1638 4136 1804 4185 verbo
1865 4132 2158 4212 διαλαβεῖν
2178 4135 2503 4214 significari
2558 4137 2726 4186 adno-

1640 4210 1751 4267 tat,
1787 4204 2017 4254 alterum
2060 4196 2124 4252 τὸ
2168 4193 2522 4267 εκατέρωθέν
2568 4218 2727 4261 τινος

1639 4271 1915 4333 λαβέσθαι
1948 4273 2222 4338 (sequitur
2268 4272 2357 4321 hic
2403 4270 2608 4336 locus);
2650 4272 2728 4320 al-

1639 4348 1813 4394 terum
1835 4346 1919 4392 est
1938 4341 2089 4404 illud,
2106 4342 2175 4391 de
2195 4355 2302 4406 quo
2322 4340 2435 4392 vid.
2458 4338 2528 4390 ad
2546 4341 2591 4403 1,
2606 4340 2726 4393 190.
