3109 5092
1136 353 1632 416 EUTERPE.
1678 356 1761 415 ΙΙ.
1804 364 1896 419 49.

2529 360 2653 420 545

375 517 617 599 θόντες
650 524 918 590 ποιεῦσι
963 519 1045 592 τὰ
1077 529 1342 594 ποιεῦσι
1350 520 1691 614 ”Ελληνες.
1769 524 1936 615 Ἐγώ
1964 531 2091 617 μέν
2124 529 2255 598 νύν
2296 559 2469 619 φημι
2497 539 2647 601 Με-

376 621 687 711 λάμποδα
718 622 1089 713 γενόμενον
1118 624 1337 717 ἄνδρα
1363 626 1609 717 σοφου,
1655 631 1985 721 μαντικήν
2023 659 2097 701 τε
2138 634 2366 727 ἑωυτῷ
2401 640 2647 723 συστῆ-

374 743 519 812 σαι,
571 727 685 794 καὶ
720 726 1116 816 πυθόμενον
1149 726 1268 799 ἀπ’
1311 731 1700 818 Αἰγύπτου,
1755 730 1928 804 ἄλλα
1957 761 2032 803 τε
2072 733 2287 805 πολλὰ
2291 736 2647 857 ‘senatrice-

373 839 539 899 σθαι
556 826 828 919 Ἕλλησι
866 832 980 902 καὶ
1015 828 1097 901 τὰ
1137 834 1292 923 περὶ
1331 831 1453 903 τὸν
1477 834 1857 924 Διόνυσον,
1903 835 2100 925 ὀλίγα
2135 834 2364 908 αὐτῶν
2390 848 2647 927 παραλ-

291 944 391 1001 123
402 933 713 1016 λᾶξαντα.

802 931 885 1003 οὐ
918 932 1048 1023 γὰρ
1085 933 1168 1024 δὴ
1204 953 1578 1024 συμπεσεῖν
1614 966 1691 1025 γε
1731 941 1928 1028 φήσω
1962 940 2045 1008 τά
2092 967 2164 1009 τε
2205 944 2281 1010 ἐν
2321 940 2648 1067 Alyziam?

377 1034 745 1125 ποιεύμενα
781 1042 874 1130 τῷ
909 1043 1059 1132 θεῷ
1085 1040 1197 1107 καὶ
1241 1067 1321 1107 τα
1361 1043 1437 1109 ἐν
1469 1057 1642 1109 τοῖσι
1662 1037 1973 1131 ”Ε·λλησι
2019 1038 2361 1133 ομότροπα
2401 1043 2530 1133 γὰρ
2564 1073 2650 1115 αν

375 1130 461 1228 ἦν
493 1154 665 1209 τοῖσι
674 1135 982 1228 Ἕλλησι,
1014 1144 1126 1212 καὶ
1154 1138 1238 1211 οὐ
1267 1145 1509 1213 νεωστὶ
1537 1147 1890 1233 ἐσηγμένα.
1957 1142 2039 1214 οὐ
2075 1143 2210 1234 μὴν
2239 1143 2401 1216 οὐδὲ
2430 1146 2646 1236 φήσω,

444 1330 726 1404 μαντικήν
761 1353 821 1389 τε
860 1328 1051 1406 ἑωυτῷ
1089 1337 1387 1408 συστῆσαι]
1424 1341 1463 1394 i.

376 1424 424 1459 e.
461 1417 621 1460 artem
655 1410 962 1460 vaticinandi
991 1410 1184 1460 sibiae
1121 1413 1463 1478 acquisivisse,

375 1493 715 1560 comparasse.
756 1477 1084 1534 Of.1.103.

445 1538 514 1597 οὖ
559 1539 665 1612 γὰρ
713 1539 806 1625 δὴ
840 1550 1150 1628 συμπεσεῖν
1192 1563 1252 1613 γε
1295 1540 1464 1614 φήσω

375 1608 444 1665 τά
478 1630 539 1666 τε
574 1608 636 1666 ἐν
657 1606 930 1684 Αἰγυπτφ
963 1610 1299 1685 ποιευμενα]
1329 1631 1463 1682 συμ-

375 1689 572 1736 πεσεῖν
622 1700 721 1750 pro
767 1685 916 1752 vulg.
965 1684 1300 1752 συμπεσέειν
1338 1686 1466 1737 dedi

376 1771 496 1805 cum
532 1754 767 1805 Bredov.
814 1771 869 1820 p.
906 1754 1027 1806 327.
1081 1757 1238 1807 Haec
1272 1757 1459 1819 verba,

376 1825 446 1875 ab
476 1824 598 1874 aliis
615 1826 792 1875 minus
811 1830 961 1875 recte
983 1824 1290 1888 intellecta,
1323 1827 1462 1876 bene

379 1895 458 1944 sic
494 1891 752 1958 explicuit
779 1893 1204 1959 Wesselingius:
1242 1897 1463 1960 „Negat

379 1962 691 2014 Herodotus
727 1977 859 2014 essu
896 1964 1125 2015 fortuito
1163 1965 1462 2029 quadi-asse

376 2032 646 2097 Dionysia
691 2033 1081 2097 Aegyptiorum
1128 2038 1185 2083 et
1230 2035 1463 2086 Graeco·

377 2117 521 2151 rum:
558 2106 674 2150 tum
709 2103 853 2152 enim
889 2101 946 2150 in
971 2102 1220 2152 omnibus
1246 2104 1463 2170 gemina

377 2185 634 2236 germana
679 2170 849 2237 (quod
895 2185 1052 2221 secus
1098 2170 1246 2236 erat)
1288 2186 1462 2239 neque

380 2240 596 2290 noviter
638 2239 695 2289 in
738 2239 1024 2291 Graeciam
1074 2241 1293 2291 invecta
1344 2256 1464 2293 esse

377 2309 650 2360 debuisse.
689 2309 885 2375 Itaque
909 2309 1129 2360 aliunde
1155 2310 1460 2373 advenisse,

378 2378 473 2429 sed
513 2379 571 2428 in
616 2379 806 2444 paucis
859 2381 1285 2432 transmutete.“
1357 2382 1461 2430 Est

375 2449 548 2514 igitur
573 2447 919 2512 συμπίπτειν
938 2464 1079 2509 casu,
1112 2450 1325 2512 for-mito
1348 2465 1463 2500 con-

376 2520 572 2583 venire,
618 2532 925 2582 comt-uere,
974 2519 1266 2583 quadr-aru
1316 2519 1462 2584 quod

378 2586 631 2652 displicet
654 2586 1193 2652 Schweighaeusero‚
1221 2589 1315 2654 qui
1346 2590 1463 2654 ipse

381 2653 722 2720 συμπίπτειν
769 2654 836 2707 de
880 2656 947 2706 iis
993 2657 1154 2709 rebus
1200 2657 1307 2708 dici
1354 2662 1463 2708 sta-

377 2726 508 2789 tuit,
546 2740 686 2792 quse
720 2727 889 2788 simul,
928 2726 1098 2777 eodem
1128 2736 1345 2790 tempore
1378 2742 1463 2776 ac·

378 2796 551 2846 eidam
576 2793 664 2844 vel
693 2797 978 2858 exsistant,
1018 2796 1098 2846 its.
1129 2800 1191 2846 ut
1221 2796 1463 2846 Herodo-

378 2870 468 2916 tus
516 2879 720 2931 negare
778 2864 1013 2914 voluerit
1065 2868 1235 2926 siml,
1295 2866 1465 2916 eodem

381 2943 602 2997 tempore
652 2934 913 2985 exstitisse
965 2941 1219 3001 ortumque
1268 2938 1465 2998 cepisse

379 3003 574 3055 Bacchi
624 3005 802 3053 σιιὶιιαιι
855 3002 1000 3067 apud
1052 3005 1352 3069 Aegyptios
1410 3007 1465 3053 et

381 3072 525 3138 apud
555 3073 814 3123 Graecos.
886 3072 996 3122 Sed
1015 3072 1117 3123 hoc
1134 3073 1369 3124 alienum
1393 3072 1464 3122 ab

381 3141 651 3193 Herodoti
696 3145 877 3192 mente
932 3156 1049 3192 esse
1095 3148 1348 3208 apparet,
1403 3146 1467 3192 nt

382 3213 476 3277 qui
511 3226 620 3261 non
657 3209 724 3261 de
757 3215 999 3275 tempore
1016 3211 1069 3262 h.
1105 3212 1144 3262 l.
1180 3211 1464 3274 edisserat,

385 3296 489 3347 quo
524 3279 730 3330 Bacchi
759 3294 920 3330 secra
957 3280 1012 3328 in
1034 3280 1265 3332 Graecis.
1302 3280 1466 3332 exsti·

385 3351 579 3413 terim,
631 3349 728 3399 sed
776 3348 843 3399 de
889 3348 1243 3400 similitudine
1287 3365 1468 3401 sacro-

384 3436 501 3470 rum
546 3418 938 3469 Bacchicorum
990 3419 1136 3483 apud
1181 3425 1466 3485 utramque

384 3493 598 3554 gentem
638 3493 692 3538 et
729 3486 796 3536 de
829 3502 1014 3536 eorum
1054 3489 1287 3554 origine;
1324 3489 1465 3538 hanc

386 3559 527 3609 enim
547 3555 958 3608 similitudinem
982 3571 1257 3607 sacrorum
1274 3595 1288 3621 ‚
1328 3572 1467 3622 quae

387 3626 533 3693 apud
556 3631 840 3691 utramque
867 3629 1082 3690 gentem
1112 3626 1367 3677 instituta
1389 3627 1469 3676 in-

384 3697 702 3755 veniantur,
741 3710 874 3745 casu
909 3695 1112 3745 factam
1147 3711 1266 3746 esse
1303 3700 1468 3760 negat

382 3767 600 3817 Noster.
683 3765 842 3815 Hanc
888 3764 945 3814 in
990 3765 1319 3816 sententiam
1361 3764 1471 3814 He·

385 3835 564 3886 rodeti
605 3834 775 3885 verba
813 3849 1028 3900 quoque
1075 3832 1309 3899 intelligi
1351 3832 1472 3883 vult

385 3903 606 3955 Dresler
630 3905 688 3954 in
719 3903 878 3953 huius
898 3903 1008 3954 loci
1033 3901 1469 3955 commentariolo

387 3972 575 4024 addito
612 3972 971 4037 disputationi
1019 3973 1087 4025 de
1134 3971 1470 4038 Thucydidis

385 4042 509 4094 libr.
546 4043 594 4094 Ι.
629 4041 933 4120 (wiesbad.
942 4042 1202 4124 1827)p.
1243 4042 1470 4095 14—16.

454 4102 749 4176 ὁμότροπα
783 4102 887 4176 γὰρ
929 4127 1003 4161 αν
1046 4098 1122 4176 ἦν
1159 4112 1314 4162 τοισι
1338 4098 1469 4158 ''Ez-

384 4177 532 4247 λησι]
572 4180 865 4245 Scriptoris
912 4181 1080 4232 verba
1115 4182 1194 4233 sic
1232 4180 1467 4245 accipio·

385 4254 500 4300 tum
538 4251 677 4300 enim
714 4247 783 4313 (si
820 4250 878 4299 in
923 4251 1045 4315 ipss
1082 4250 1314 4303 Graecia
1349 4253 1470 4299 orta

387 4324 596 4382 essent5
645 4334 713 4369 ex
756 4319 879 4383 ipsa
932 4320 1163 4372 Graecis.
1208 4319 1471 4384 originem

388 4387 671 4439 duxissent
719 4387 854 4439 hsce
899 4389 1080 4457 sacra)
1141 4390 1470 4443 Graecorum

476 4490 811 4535 mmono'r.
856 4490 902 4533 1.

1567 1343 1806 1395 moribus
1828 1349 2195 1396 consentanea
2224 1361 2270 1396 s.
2296 1346 2535 1397 eiusdem
2560 1363 2651 1412 ge-

1566 1414 1710 1463 neris
1738 1429 1951 1480 quoque
1976 1419 2159 1465 essent
2175 1431 2240 1466 ac
2258 1415 2467 1481 reliqua
2485 1417 2650 1468 Grae-

1567 1498 1749 1533 corum
1799 1484 2057 1533 instituta
2105 1488 2160 1535 et
2210 1500 2330 1535 cum
2378 1485 2463 1537 his
2514 1487 2649 1552 ipsis

1566 1552 1726 1602 simul
1754 1557 1876 1602 orta
1902 1568 2078 1618 neque
2113 1568 2285 1619 nuper
2318 1553 2536 1606 aliunde
2555 1555 2651 1605 nd-

1565 1627 1746 1672 vects..
1817 1622 1997 1685 Quare
2036 1622 2171 1673 nihil
2208 1623 2552 1688 mutandum,
2589 1628 2653 1675 ut

1566 1696 1713 1740 recte
1751 1706 1965 1757 quoque
2012 1692 2153 1742 vidit
2185 1691 2405 1743 Dresler
2441 1693 2476 1743 l.
2517 1693 2554 1744 l.
2592 1709 2648 1758 p.

1566 1760 1650 1822 16,
1700 1775 1874 1826 neque
1923 1776 2058 1825 opus
2104 1760 2285 1826 legere
2330 1752 2647 1826 ὅμότροφα,

1563 1834 1625 1879 ιιι
1658 1829 1786 1879 οΙίιιι
1824 1830 2132 1895 suspicatus
2171 1836 2255 1881 est
2293 1830 2489 1881 doctus
2526 1829 2653 1881 Gal-

1563 1896 1666 1961 lus,
1702 1899 1789 1948 cui
1819 1897 2221 1963 adstipulantur
2240 1899 2653 1965 Schweighaeu-

1565 1982 1717 2018 serus
1763 1970 1819 2016 et
1853 1966 2053 2017 Studet
2088 1968 2126 2017 l.
2170 1967 2209 2019 l.
2258 1985 2312 2033 p.
2349 1970 2449 2030 57,
2497 1967 2653 2019 intel-

1564 2035 1663 2102 ligi
1700 2037 1843 2086 enim
1876 2036 2068 2086 volunt
2100 2039 2333 2088 instituta
2367 2039 2512 2089 simul
2543 2054 2651 2088 cum

1560 2109 1748 2170 populo
1783 2107 1950 2170 aliquo
1984 2112 2129 2171 nata,
2168 2107 2353 2170 on‘qtm‘
2376 2112 2543 2189 aencis
2566 2123 2653 2158 co·

1565 2191 1709 2226 aeva.
1768 2174 1924 2224 Infra
1942 2174 2099 2239 VIII,
2124 2176 2224 2227 144
2242 2174 2469 2242 legimus
2496 2167 2650 2242 ἤθεα

1564 2234 1887 2306 ὁμότροπα,
1944 2260 2109 2295 mores
2159 2247 2467 2304 consirtzileu
2522 2246 2648 2298 edd.

1563 2312 1924 2377 Theophrast.
1965 2313 2124 2364 Cher.
2164 2315 2256 2376 26;
2296 2319 2486 2366 contra
2515 2306 2653 2380 ὁμό·

1562 2395 1751 2445 τροφα
1799 2383 2053 2433 dicuntur
2105 2383 2321 2447 quidem
2372 2384 2649 2448 animalia,

1565 2466 1706 2515 quse
1725 2467 1835 2501 nna
1870 2467 1991 2502 cum
2011 2452 2317 2503 hominibus
2349 2452 2568 2504 aluntur
2593 2459 2649 2504 et

1564 2520 1757 2570 vivunt
1794 2520 1890 2585 (H,
1930 2518 2044 2584 66),
2084 2520 2180 2571 sed
2227 2520 2291 2572 de
2328 2523 2491 2573 rebus
2527 2538 2651 2573 cae-

1564 2590 1892 2639 remoniisve
1935 2595 2115 2639 utrum
2164 2589 2409 2640 adhiberi
2454 2593 2649 2656 possit,

1564 2658 1681 2707 iure
1731 2656 1947 2708 dubitat
2000 2659 2420 2724 Wesselingius‚
2476 2660 2649 2710 donec

1565 2725 1743 2776 simile
1777 2726 2087 2791 proferatur
2109 2728 2429 2792 exemplum.
2491 2728 2651 2791 Quod

1567 2810 1689 2845 cum
1705 2801 1869 2861 neget
1888 2795 2211 2862 Schweigh„
2231 2796 2436 2846 nullum
2465 2802 2650 2848 temen

1564 2864 1743 2916 locum
1762 2864 1967 2926 attulit,
2007 2880 2113 2929 quo
2145 2866 2477 2916 contrarium
2503 2867 2653 2917 evin

1568 2938 1731 2985 ceret.
1809 2934 1969 2999 Apud
2012 2934 2232 2987 Platon.
2281 2934 2485 2986 Phaed.
2521 2952 2648 3002 pag.

1566 3005 1636 3057 83
1667 3005 1738 3054 D.
1786 3008 1915 3068 apte
1944 3008 2251 3084 utrumque
2301 3005 2649 3056 coniunctum

1565 3072 1896 3123 invenimus.
1934 3063 2259 3137 ομότροπός
2290 3087 2350 3123 τε
2384 3069 2479 3123 καὶ
2517 3065 2654 3140 ὁμό-

1565 3155 1783 3206 τροφος
1804 3139 2123 3207 γίγνεσθαι.
2136 3173 2207 3184 --
2226 3133 2505 3207 ἐσηγμένα
2527 3158 2651 3194 cum

1568 3216 1798 3262 recentt.
1831 3211 1954 3263 edd.
1974 3212 2194 3294 scripsi,
2232 3212 2497 3277 probante
2522 3214 2653 3263 Bre-

1569 3282 1693 3332 ᾶον.
1731 3295 1785 3345 p.
1826 3280 1930 3332 293
1968 3286 2023 3331 et
2061 3282 2153 3347 qui
2199 3280 2303 3331 hoc
2344 3280 2464 3332 loco
2511 3283 2652 3331 bene

1569 3365 1740 3415 nuper
1787 3364 1920 3400 usus
1977 3355 2061 3400 est
2108 3349 2176 3399 ed
2220 3350 2422 3413 Lysiae
2468 3348 2650 3400 locum

1569 3418 1731 3482 (orat.
1768 3419 1827 3468 in
1865 3417 2078 3470 Philon.
2126 3422 2179 3500 9.
2226 3417 2317 3483 30)
2364 3418 2651 3468 emendan-

1567 3489 1694 3539 dum
1741 3488 1803 3538 C.
1849 3488 2078 3538 Scheibe
2123 3488 2178 3536 in
2204 3486 2514 3537 Emendatt.
2545 3488 2651 3552 Ly-

1568 3559 1736 3609 siacc.
1773 3557 1963 3607 fascic.
2003 3504 2649 3674 (Neustrelitz.1852)}.

1569 3627 1656 3679 23.
1728 3626 1910 3676 Verba
1948 3625 2233 3691 sequentia
2270 3615 2339 3673 οὗ
2363 3639 2479 3689 μην
2515 3639 2585 3674 ου
2627 3620 2655 3674 ὲ

1570 3688 1736 3760 φήσω
1773 3710 1824 3745 κ.
1864 3711 1911 3745 τ.
1948 3696 1997 3744 λ.
2035 3710 2156 3745 cum
2183 3694 2241 3742 vi
2274 3694 2507 3758 quadem
2532 3709 2655 3759 pro-

1570 3766 1687 3814 lata
1716 3766 1799 3815 its.
1834 3764 2060 3815 reddere
2081 3763 2287 3815 malim:
2324 3778 2499 3829 neque
2532 3778 2655 3828 pro-

1572 3835 1717 3884 fecto
1761 3849 1824 3884 eo
1861 3834 2184 3885 temeritatis
2220 3833 2539 3900 procedam,
2592 3836 2654 3882 ut

1572 3903 1871 3968 Aegyptios
1888 3903 2024 3955 haec
2036 3918 2196 3954 sacra
2213 3900 2300 3953 vel
2316 3902 2485 3953 ullum
2502 3901 2655 3952 aliud

1572 3972 1881 4023 institutum
1922 3987 1956 4023 a
1991 3973 2214 4024 Graecis
2258 3971 2539 4038 accepisse
2575 3971 2653 4022 di-

1574 4057 1718 4092 cam:
1753 4041 1944 4106 itaque
1982 4058 2103 4093 cum
2138 4041 2274 4092 haec
2312 4057 2471 4092 sacre.
2506 4044 2652 4092 cete·

1571 4111 1647 4160 ris
1697 4110 2027 4162 Graecorum
2073 4112 2313 4162 moribus
2363 4115 2526 4177 atque
2569 4110 2650 4159 in-

1571 4180 1782 4231 stitutis
1810 4185 2178 4231 consentanea
2204 4196 2313 4231 non
2339 4180 2481 4243 sint,
2518 4178 2652 4229 nihil

1572 4247 1722 4300 eliud
1753 4253 1952 4312 restat,
1991 4265 2153 4316 quam
2174 4254 2238 4300 ιιι
2272 4250 2341 4300 ab
2367 4247 2655 4314 Aegyptiis

1574 4318 1813 4370 Graecos
1839 4318 1934 4370 ills
1957 4333 2087 4369 acce
2126 4319 2235 4370 isse
2257 4321 2513 4368 statuam.
2567 4314 2655 4366 Ad

1572 4387 1872 4455 particulas
1918 4379 1987 4439 οὗ
2035 4403 2075 4453 μ
2118 4402 2152 4436 ν
2197 4378 2334 4437 οὐδὲ
2377 4385 2450 4437 ef.
2489 4399 2655 4450 snpra

2161 4467 2240 4529 35
