3109 5092
443 319 568 383 580

1313 318 1853 381 HERODOTI

443 495 724 579 λύκους,
773 489 858 564 οὗ
893 499 1118 587 πολλῷ
1155 496 1284 585 τέῳ
1322 492 1553 573 ἐόντας
1587 488 1962 563 ἀλωπέκων
1994 496 2310 582 μέζονας,
2348 492 2562 564 αὐτοῦ
2598 495 2735 565 θά-

446 619 724 682 πτουσι,
774 602 854 685 τῇ
890 591 977 667 ἂν
1013 594 1384 687 εὑρεθέωσι
1414 603 1736 685 κείμενοι.

350 716 430 776 68
605 706 756 771 Τῶν
787 701 860 769 δὲ
898 706 1354 791 κροκοδείλων
1388 700 1592 789 φύσις
1629 699 1769 768 ἐστὶ
1805 697 2052 787 τοιήδε.

444 904 570 954 niri.
648 904 806 954 Ursos
844 903 984 952 satis
1031 906 1251 952 constat
1298 913 1408 952 non
1456 916 1538 951 re-

444 973 610 1038 periri
641 988 736 1037 per
771 973 1103 1036 Aegyptum:
1143 972 1235 1037 qui
1273 971 1415 1036 quod
1450 971 1534 1020 bis

446 1044 503 1093 in
537 1044 897 1092 monumentis
945 1041 1221 1091 Thebanis
1266 1041 1536 1105 conspici-

444 1119 633 1173 untur,
684 1117 826 1162 teste
871 1110 1213 1161 Wilkinsono
1254 1111 1534 1174 (Manners

444 1187 552 1232 etc.
587 1181 694 1231 111.
733 1197 787 1245 p.
831 1181 898 1230 20
944 1196 1058 1245 seq.
1112 1179 1234 1230 coll.
1274 1195 1387 1231 sec.
1425 1194 1531 1229 ser.

442 1253 520 1302 11.
556 1266 682 1315 pag.
721 1250 864 1314 136),
903 1250 958 1298 id
995 1248 1184 1299 eodem
1214 1250 1333 1298 viro
1369 1249 1533 1299 docto

442 1327 666 1370 auctore
692 1320 819 1369 inde
842 1317 1239 1384 explicandum,
1271 1318 1415 1384 quod
1443 1319 1534 1367 be-

443 1390 584 1439 stiae
619 1388 724 1438 hae
756 1390 898 1437 inter
931 1403 1158 1438 munera
1191 1389 1307 1453 regi
1344 1387 1532 1437 oblata

443 1462 759 1523 comparent
791 1462 956 1522 atque
990 1457 1328 1507 extrinsecus
1364 1456 1531 1507 addu-

439 1532 565 1578 ctae
597 1526 870 1576 videntur.
938 1527 1118 1591 Atque
1154 1526 1295 1576 tales
1335 1526 1528 1590 imagi-

438 1612 535 1647 nes
554 1595 893 1646 Herodotum
918 1596 1124 1646 vidisse
1147 1595 1380 1660 indeque
1393 1595 1527 1646 haec

437 1665 692 1717 retulisse
711 1666 1010 1716 arbitratur
1030 1666 1334 1715 Letronne:
1372 1666 1410 1717 J
1413 1680 1529 1715 our-

437 1736 531 1786 nal
566 1737 621 1788 d.
659 1736 790 1787 Sav.
826 1736 976 1787 1844.
1014 1750 1070 1799 p.
1109 1735 1230 1786 566.
1257 1763 1329 1772 —
1354 1736 1529 1796 Lupos

434 1810 711 1856 testantur
721 1804 1046 1856 Aristoteles
1058 1805 1235 1866 (Hist.
1250 1804 1355 1856 An.
1369 1804 1528 1865 VIII,

435 1877 526 1940 28)
566 1881 622 1927 et
655 1876 866 1926 Plinius
903 1874 1073 1939 (Hist.
1098 1875 1226 1925 Nat.
1248 1873 1403 1935 VIII,
1434 1876 1526 1936 22)

435 1961 532 2011 per
566 1946 875 2011 Aegyptum
916 1945 1151 1994 minores
1208 1959 1330 1994 esse
1365 1958 1526 2008 quam

436 2016 493 2064 in
551 2015 800 2067 Graecia.
883 2013 1018 2064 Cum
1063 2028 1193 2063 vero
1248 2012 1409 2063 hodie
1469 2012 1527 2060 in

437 2084 690 2149 Aegypto
726 2084 885 2148 lupos
911 2083 1135 2148 reperiri
1169 2082 1412 2148 plerique
1435 2097 1526 2131 ne-

433 2158 593 2218 gent,
649 2151 772 2201 aliis
811 2152 1056 2216 quamvis
1095 2166 1155 2200 se
1190 2151 1277 2201 vel
1321 2151 1526 2201 vidisse

436 2222 593 2286 lupos
630 2219 720 2271 vel
766 2218 1039 2270 ululantes
1089 2220 1334 2272 audiisse
1378 2235 1524 2270 asse-

433 2289 770 2352 verantibus,
806 2304 890 2350 ea,
923 2304 1065 2353 quae
1099 2288 1167 2339 de
1203 2289 1288 2339 his
1321 2291 1524 2340 anima-

430 2360 577 2410 libus
615 2358 762 2423 apud
809 2362 1024 2408 veteres
1058 2364 1409 2421 enarrantur,
1453 2357 1521 2407 ad

430 2431 578 2492 lupos
589 2431 850 2480 cer-varios
875 2441 921 2481 s.
941 2426 1202 2478 schaz-alos
1232 2428 1406 2478 relata
1432 2443 1524 2477 vo-

429 2497 566 2561 lunt,
589 2499 789 2564 quippe
817 2512 1044 2563 quorum
1064 2498 1360 2547 etiamnum
1376 2496 1522 2547 haud

429 2583 638 2634 paucae
673 2570 1015 2633 reperiantur
1061 2568 1323 2632 marniae,
1371 2568 1526 2617 testi-

430 2638 533 2688 bus
566 2638 818 2689 Iomardo
858 2636 918 2703 (l.
961 2636 999 2687 l.
1037 2637 1108 2687 X.
1153 2635 1202 2698 §-
1237 2636 1289 2686 8.
1326 2652 1381 2701 p.
1420 2636 1524 2688 353

431 2723 477 2758 s.
503 2709 854 2759 Recueiletc.
884 2724 938 2772 p.
965 2706 1086 2758 314.
1116 2707 1240 2771 317)
1269 2706 1526 2774 aliisque,-

430 2792 569 2841 quos
596 2776 786 2828 laudat
809 2775 1129 2827 Reinhardt.
1161 2776 1216 2825 in
1238 2776 1519 2827 dissertat.

432 2845 583 2896 laud.
634 2862 762 2911 pag.
813 2847 895 2898 16.
948 2845 1011 2895 17
1065 2843 1190 2895 coll.
1239 2846 1290 2895 7.
1375 2844 1518 2895 Add.

427 2913 743 2978 Langguth.
781 2913 848 2963 de
893 2913 1060 2963 bestt.
1101 2914 1361 2978 Aegyptt.
1409 2919 1516 2965 etc.

431 2996 486 3045 p.
520 2980 590 3031 30
625 2997 736 3046 seq.
811 2981 1076 3045 Equidem
1109 2983 1186 3031 nil
1210 2982 1516 3033 discernam

428 3049 489 3098 in
527 3050 627 3111 iis,
677 3065 818 3114 quae
855 3065 938 3099 me
972 3050 1324 3115 peritioribus
1357 3057 1517 3102 erunt

436 3117 804 3168 diiudicanda.
865 3119 985 3168 Hoc
1010 3119 1167 3168 modo
1194 3119 1410 3184 addam,
1438 3121 1518 3172 lu-

432 3203 531 3252 pos
584 3187 1023 3253 frequentissime
1078 3196 1517 3253 repraesentatos

431 3257 718 3307 memorari
751 3258 806 3306 in
856 3257 1247 3322 Aegyptiorum
1295 3260 1519 3325 anagly-

431 3327 554 3392 phis
605 3331 770 3393 atque
814 3328 1134 3378 mumiarum
1187 3328 1514 3390 involucris3

433 3411 542 3461 qua
578 3397 647 3448 de
693 3413 752 3447 re
789 3397 933 3447 conf.
979 3401 1121 3447 nott.
1172 3398 1244 3448 ad
1279 3398 1354 3461 ΙΙ,
1396 3400 1514 3450 122.

331 3482 344 3494 ·
425 3466 571 3524 Add.
609 3467 938 3518 Wilkinson.
975 3467 1230 3517 Manners
1266 3472 1370 3518 etc.
1403 3469 1512 3520 ῙΙΙ.

429 3551 481 3600 p.
521 3537 586 3586 27
624 3552 795 3602 seqq„
832 3537 927 3602 qui
961 3551 1098 3601 quae
1117 3536 1428 3588 Herodotus
1451 3539 1517 3589 de

428 3604 569 3670 lupis
621 3606 994 3672 magnitudine
1036 3606 1389 3658 inferioribus
1425 3624 1518 3673 per

427 3676 734 3792 Aggyptum
767 3676 985 3737 scribit,
1026 3691 1093 3726 ea
1120 3692 1255 3728 vera
1283 3678 1516 3729 inveniri

429 3758 461 3791 a
539 3745 603 3794 it.

752 3913 885 3965 Car.
925 3915 1181 3969 LXVIII.

503 4011 633 4062 Τῶν
665 4009 726 4063 δὲ
765 4014 1150 4097 κροκοδείλων
1186 4009 1359 4095 φύσις
1397 4010 1511 4068 ἐστὶ

423 4075 640 4147 τοιήδε]
678 4085 980 4134 Articulum
1015 4077 1050 4148 ἦ
1070 4092 1199 4137 ante
1225 4078 1400 4150 φύσις
1421 4104 1509 4138 ex-

423 4152 624 4201 cidisse
659 4158 818 4215 putat
854 4152 1183 4205 Schaeferus
1210 4156 1270 4204 in
1295 4156 1505 4208 Melett.

421 4236 473 4284 p.
509 4222 585 4270 ll.
622 4221 702 4272 12.
761 4222 913 4271 Libri
945 4225 1150 4272 vetusti
1177 4223 1326 4274 illum
1355 4227 1504 4292 iguo-

420 4294 545 4339 rant
583 4289 685 4339 hoc
730 4289 879 4353 loco,
924 4296 985 4340 ut
1024 4292 1070 4354 1,
1107 4292 1192 4356 93,
1228 4294 1322 4344 ubi
1359 4297 1502 4346 conf.

419 4363 559 4410 nott.
632 4360 812 4422 Quare
862 4327 1166 4412 addendum
1213 4363 1501 4414 articulum

2145 695 2303 779 τούς
2335 727 2688 789 χειμεριω-
2716 717 2827 771 136

1638 897 1784 949 haud
1821 900 2033 961 censui,
2083 899 2334 964 quamvis
2383 899 2454 949 ab
2492 898 2616 949 edd.
2650 914 2735 949 re-

1637 973 1807 1018 centt.
1855 972 2158 1033 receptum.
2203 997 2268 1006 —
2309 970 2516 1019 Locum
2562 970 2737 1018 Hero-

1638 1037 1755 1088 doti
1794 1038 1862 1088 de
1906 1038 2199 1089 crocodilis
2248 1037 2409 1089 valde
2456 1039 2731 1103 insignem

1638 1107 1792 1157 multi
1814 1113 1870 1158 et
1901 1114 2150 1160 veterum
2174 1113 2231 1159 et
2257 1109 2621 1158 recentiorum
2644 1107 2733 1157 vel

1635 1179 1939 1243 attigerunt
1994 1177 2081 1227 vel
2138 1182 2469 1229 tractarunt.
2549 1178 2732 1241 Atque

1636 1246 1744 1297 iam
1786 1253 1919 1298 ante
1951 1247 2291 1298 Herodotum
2336 1246 2404 1297 de
2437 1245 2733 1297 crocodilis

1636 1317 1924 1382 Aegyptiis
1996 1317 2266 1381 quaedam
2341 1316 2730 1381 perscripsisse

1634 1386 1854 1435 videtur
1878 1387 2192 1437 Hecataeus
2215 1385 2491 1449 Milesius,
2527 1401 2593 1435 ex
2617 1400 2727 1450 quo

1635 1456 1755 1519 ipso
1775 1455 2037 1506 nonnulla
2060 1457 2320 1506 Nostrum
2339 1457 2600 1506 sumsisse
2614 1461 2730 1504 sta-

1634 1530 1811 1574 tuunt.
1884 1525 2011 1577 Vid.
2057 1526 2332 1591 Fragmm.
2379 1526 2593 1590 antiqq.
2646 1524 2729 1574 hi-

1633 1595 1852 1645 storicc.
1894 1610 1948 1659 p.
1992 1593 2057 1645 10
2103 1595 2189 1645 ed.
2237 1595 2427 1646 Oreus.
2469 1601 2524 1644 et
2559 1593 2749 1645 Klau-.

1629 1678 1728 1712 sen
1764 1664 1836 1714 ad
1860 1665 2130 1714 Hecataei
2166 1664 2414 1730 fragium.
2440 1679 2567 1729 pag.
2602 1663 2725 1715 128.

1631 1733 1712 1783 Ac
1737 1732 1898 1798 longe
1926 1738 2055 1784 ante
2082 1739 2371 1799 utrumque
2405 1735 2725 1798 scriptorem

1632 1802 1874 1852 Graecus
1927 1803 2050 1853 Iobi
2106 1806 2338 1868 scriptor
2391 1802 2725 1855 crocodilum

1631 1872 1786 1921 novit
1811 1879 1867 1921 et
1904 1872 2193 1938 descripsit
2223 1873 2338 1934 XL,
2376 1874 2447 1924 20
2478 1877 2534 1924 et
2568 1889 2733 1938 seqq„

1630 1940 1877 2006 Namque
1900 1942 2181 1992 Leviatloean
2209 1942 2277 1992 de
2310 1942 2414 1993 hac
2439 1942 2618 1992 bestia
2645 1944 2726 1991 in-

1629 2009 1985 2075 telligendum
2038 2026 2160 2062 esse
2217 2013 2326 2061 iam
2373 2012 2562 2062 docuit
2617 2013 2724 2066 Bo-

1630 2079 1784 2128 chart
1833 2080 2143 2132 Hierozoic.
2197 2080 2304 2131 111.
2358 2097 2415 2146 p.
2466 2081 2565 2132 737
2602 2097 2721 2146 seq.

1628 2149 1763 2198 Post
1798 2150 2136 2201 Herodotum
2186 2151 2279 2215 qui
2329 2151 2398 2201 de
2431 2150 2721 2202 crocodilis

1627 2224 1885 2283 egerunt,
1934 2234 2028 2269 eos
2068 2219 2274 2270 excitat
2308 2220 2623 2271 Schneider.
2661 2220 2721 2269 in

1624 2286 1797 2351 libro,
1845 2289 1939 2354 qui
1975 2289 2320 2340 inscribitur.
2357 2291 2569 2340 Histor.
2606 2305 2720 2339 am-

1626 2356 1861 2421 phibior.
1911 2358 2179 2408 naturalis
2236 2363 2292 2408 et
2338 2358 2482 2410 liter.
2523 2360 2717 2410 fascic.

1625 2426 1683 2475 11
1722 2424 1863 2490 (Ien.
1906 2426 2068 2489 1801)
2107 2428 2230 2477 init.
2270 2429 2512 2479 Primum
2539 2428 2720 2479 locum

1627 2495 1840 2545 obtinet
1872 2496 2232 2559 Aristoteles,
2268 2502 2441 2548 totam
2470 2499 2582 2548 fere
2608 2499 2721 2548 He-

1626 2564 1808 2614 rodoti
1848 2566 2219 2616 narrationem
2254 2571 2527 2632 repetens,
2567 2565 2717 2617 nist.

1626 2633 1729 2685 An.
1755 2633 1833 2696 II,
1869 2635 1946 2684 10.
1987 2635 2053 2696 V,
2081 2634 2148 2686 33
2179 2635 2302 2685 coll.
2332 2636 2492 2698 VIII,
2523 2638 2585 2686 15
2609 2642 2716 2686 etc.

1626 2702 1727 2753 Cui
1801 2702 1973 2753 addas
2036 2704 2261 2756 Diodor.
2319 2705 2365 2768 1,
2426 2705 2523 2767 35,
2594 2707 2719 2756 Am-

1621 2772 1787 2822 mian.
1809 2773 2053 2824 Marcell.
2070 2774 2248 2836 XXII,
2281 2774 2361 2826 15.
2382 2779 2435 2838 §-
2458 2776 2518 2825 15
2542 2791 2715 2840 seqq.‚

1623 2841 1797 2904 alios,
1836 2843 1929 2906 qui
1964 2842 2052 2893 vel
2084 2844 2424 2894 Herodotum
2460 2843 2548 2894 vel
2597 2846 2717 2894 Ari-

1619 2911 1873 2961 stotelem
1889 2911 2052 2975 plane
2068 2919 2388 2979 sequuntur.
2424 2914 2576 2965 Inter
2598 2929 2713 2975 eos,

1620 2982 1714 3044 qui
1752 2982 2042 3032 recentiori
2077 2987 2262 3033 aetate
2296 2984 2355 3033 in
2382 2983 2518 3034 haec
2539 2984 2714 3047 inqui-

1620 3050 1891 3111 siverunt,
1936 3051 2186 3116 inprimis
2235 3053 2448 3103 consuli
2486 3053 2712 3104 debent:

1620 3119 1821 3172 eamus
1870 3118 1940 3168 ad
1989 3120 2220 3171 Aristot.
2273 3123 2424 3173 Hist.
2472 3121 2709 3173 Animal.

1618 3188 1924 3239 versionem
1952 3188 2237 3254 Gallicam,
2266 3197 2413 3242 tomo
2438 3192 2710 3252 secundo;

1618 3257 1982 3308 Schneiderus
2006 3258 2078 3308 ad
2100 3261 2331 3311 Aristot.
2351 3262 2500 3312 Hist.
2517 3264 2619 3314 An.
2643 3262 2711 3325 V,

1619 3328 1686 3377 27
1724 3332 1767 3377 t.
1802 3327 1901 3377 IV.
1938 3343 2066 3393 pag.
2107 3331 2228 3380 415.
2278 3331 2399 3393 416,
2452 3337 2508 3381 et
2547 3333 2603 3380 in
2650 3331 2713 3380 li-

1615 3396 1715 3447 bro
1742 3396 1965 3447 laudato
1989 3397 2249 3449 historiae
2285 3400 2711 3465 amphibiorum·

1619 3463 1946 3530 (Ξόοίῖι-ογη
1953 3450 2369 3528 ‚Observations
2391 3485 2484 3520 sur
2510 3469 2590 3520 les
2614 3470 2710 3520 ha-

1617 3535 1833 3585 bitudes
1858 3535 2159 3589 attribuees
2181 3554 2280 3603 par
2300 3540 2578 3590 Herodoto
2599 3555 2709 3590 aux

1617 3604 1920 3655 crocodilea
1967 3606 2039 3655 du
2074 3606 2224 3671 Nil,“
2271 3609 2330 3658 iu
2374 3609 2592 3660 Annali.
2634 3609 2706 3659 du

1616 3672 1800 3725 musee
1837 3674 2021 3724 d'hist.
2060 3680 2177 3726 nat.
2218 3678 2425 3742 (Paris.
2467 3677 2621 3742 1807)
2662 3683 2707 3730 t.

1614 3742 1714 3793 IX.
1755 3760 1808 3808 p.
1847 3742 1952 3794 373
1985 3760 2164 3810 seqq.,·
2205 3753 2260 3796 et
2297 3747 2517 3799 Cuvier.
2561 3747 2707 3810 „Sur

1614 3811 1694 3862 les
1711 3811 2019 3864 differentes
2036 3814 2260 3880 especes
2282 3815 2349 3866 de
2366 3816 2706 3868 crocodiles“

1615 3880 1773 3945 (ibid.
1813 3882 1882 3931 X.
1919 3898 2048 3949 pag.
2089 3883 2124 3934 8
2160 3885 2373 3951 seqq.);
2418 3885 2703 3937 Minutoliz

1613 3951 1664 4002 N
1667 3951 1929 4016 achtriige
1952 3969 1999 4003 z
2028 3953 2192 4005 Reise
2214 3971 2337 4006 zum
2355 3956 2578 4020 Tempel
2597 3960 2705 4007 etc.

1612 4036 1740 4086 pag.
1774 4021 1875 4072 154
1913 4036 2065 4088 seqq.
2138 4025 2434 4076 Praeterea
2468 4026 2703 4076 maxima

1613 4105 1733 4139 cum
1770 4089 2012 4140 utilitate
2048 4092 2332 4144 adhibebis
2372 4095 2703 4159 peculiarem

1614 4158 1680 4208 de
1712 4160 2000 4210 crocodilis
2036 4160 2305 4226 libellum,
2342 4165 2433 4229 qui
2469 4163 2573 4215 hoc
2607 4180 2702 4214 no-

1611 4228 1753 4277 mine
1799 4229 1979 4280 editus
2041 4236 2153 4281 est:
2207 4200 2705 4298 Na’turgeschichte

1610 4296 1706 4345 der
1732 4298 2053 4363 Amphibien
2081 4315 2185 4350 von
2220 4302 2313 4352 Fr.
2345 4303 2701 4364 Tiedemann,

1608 4366 1684 4416 M.
1725 4367 1899 4433 Oppel
1935 4367 2045 4420 und
2079 4370 2129 4422 Ι.
2167 4369 2507 4474 Liboscbits.
2552 4374 2700 4424 lstes
