3109 5092
970 401 1474 462 EUTERPE.
1520 403 1607 461 11.
1652 411 1741 465 26.
1786 411 1875 465 27.
1922 413 2010 466 28.
2501 404 2628 464 479

345 578 468 641 δον
495 568 682 663 αὐτῷ
699 593 712 606 ·
755 566 934 640 οὕτω
962 576 1076 660 τῆς
1102 571 1360 660 Λιβύης
1387 571 1468 643 τὰ
1494 571 1637 644 ἅνω
1670 573 1874 664 θέρος
1902 577 2034 643 αἰεὶ
2064 572 2345 661 κατέχει.
2417 582 2506 644 Εἰ
2542 578 2626 646 δὲ

346 671 386 762 ἡ
414 673 644 753 στάσις
685 671 974 762 ἤλλακτο
1014 680 1151 744 τῶν
1178 670 1444 764 ωρέων,
1488 679 1601 745 καὶ
1647 683 1769 747 τοῦ
1809 673 2106 763 οὐρανοῦ
2143 682 2226 765 τῇ
2267 678 2392 766 μὲν
2421 684 2552 748 νῦν
2583 677 2619 746 ὁ

347 778 587 879 βορέης
611 804 678 845 τε
709 773 874 846 καὶὸ
902 774 1153 866 χειμών
1184 782 1431 864 ἑστᾶσι,
1457 780 1667 870 ταύτῃ
1695 782 1819 871 μὲν
1846 785 1967 848 τοῦ
1996 779 2196 849 νότου
2223 771 2308 868 ἦν
2327 775 2367 868 ἡ
2386 781 2617 861 στάσις

345 884 456 949 καὶ
481 888 596 970 τῆς
619 887 1068 969 μεσαμβρίης,
1109 885 1190 969 τῇ
1220 876 1354 951 δὲ
1323 909 1359 950 ο
1385 882 1576 965 νότος
1602 891 1734 954 νῦν
1765 888 2036 970 ἕστηκε,
2077 880 2283 971 ταύτῃ
2331 879 2464 953 δὲ’
2435 913 2470 953 ο
2501 892 2624 971 βο-·

347 988 531 1074 ρέης
576 990 639 1052 εἰ
663 989 873 1052 ταῦτα
904 1010 1081 1052 ουτω
1116 984 1283 1071 εἶχε,
1325 980 1360 1054 ὁ
1389 983 1575 1073 ἥλιος
1613 983 1699 1056 ἄν
1731 984 2276 1072 ἀπελαυνόμενος
2308 984 2380 1055 ἐκ
2408 985 2625 1075 μέσου

344 1094 463 1176 τοῦ
490 1083 788 1173 οὐρανοῦ
818 1080 951 1155 ὑπὸ
993 1091 1114 1155 τοῦ
1141 1093 1465 1176 χειμῶνος
1506 1093 1618 1160 καὶ
1661 1095 1781 1159 τοῦ
1819 1087 2074 1177 βορέω,
2114 1085 2220 1176 ἤϊε
2248 1083 2334 1158 ἂν
2361 1087 2440 1158 τὰ
2478 1087 2621 1160 ἅνω

266 1207 358 1257 115
376 1197 491 1279 τῆς
521 1186 889 1278 Εὐρώπης,
929 1188 1225 1278 κατάπερ
1252 1196 1386 1259 νῦν
1410 1199 1526 1280 τῆς
1553 1192 1813 1282 Λιβύης
1849 1198 2128 1278 ἔρχεται.
2188 1192 2521 1275 διεξιόντα
2553 1189 2615 1260 δ’

343 1291 429 1362 ἄν
459 1322 576 1383 μιν
604 1291 715 1362 διὰ
743 1293 955 1379 πάσης
983 1289 1319 1381 Εὐρώπης
1362 1300 1644 1385 ἔλπομαι
1679 1293 1934 1366 ποιέειν
1971 1287 2057 1361 ἂν
2085 1290 2511 1383 τόνἿστρον,
2541 1293 2623 1363 τά

345 1421 472 1484 περ
513 1400 644 1465 νῦν
686 1393 1022 1483 ἐργάζεται
1064 1393 1183 1465 τὸν
1221 1404 1496 1468 Νεῖλον.
1589 1405 1718 1487 Τῆς
1757 1395 1968 1486 αὔρης
2009 1396 2085 1463 δὲ
2129 1396 2318 1486 πέρι,
2359 1395 2459 1469 ὅτι
2495 1395 2620 1467 οὐκ
2635 1401 2712 1462 27

344 1495 702 1585 ἀποπνέει,
729 1499 933 1587 τήνδε
962 1505 1090 1586 ἔχω
1121 1497 1431 1586 γνώμην,
1477 1497 1567 1581 ὥς
1606 1501 1813 1592 κάρτα
1851 1496 1984 1569 άπό
2026 1507 2308 1589 θερμῶν
2345 1500 2624 1590 χωρέων

345 1599 470 1670 οὐκ
498 1599 678 1680 οἰκός
707 1598 844 1671 ἐστι
872 1599 1079 1671 οὐδὲν
1105 1599 1504 1672 ἀποπνέειν·
1538 1602 1714 1694 αὔρη
1743 1604 1818 1672 δὲ
1846 1600 1978 1672 ἀπὸ
2005 1610 2273 1690 ψυχροῦ
2299 1603 2478 1683 τινὸς
2504 1633 2620 1693 φι-

344 1705 480 1776 λέει
515 1704 766 1775 πνέειν.

501 1813 723 1878 Ταῦτα
750 1805 875 1897 μέν
899 1835 1033 1875 νυν
1063 1813 1254 1894 ἔστω,
1285 1802 1373 1886 ὥς
1401 1813 1538 1877 ἔστι
1567 1835 1639 1876 τε
1668 1810 1780 1877 καὶ
1801 1803 1890 1887 ὥς
1914 1805 2127 1897 ἀρχὴν
2146 1803 2433 1894 ἐγένετο.
2479 1812 2614 1875 Τοῦ
2633 1810 2713 1871 28

350 2003 418 2055 ad
447 2005 655 2066 aerem,
695 2005 787 2069 qui
814 2004 945 2056 solis
975 2005 1211 2055 transitu
1240 2022 1434 2055 excan-
1535 2025 1614 2059 sc.
1642 2009 1873 2073 Libyam
1899 2007 2185 2073 permeat),
2218 2006 2361 2056 idem
2390 2008 2446 2057 in
2479 2009 2622 2057 Istro

350 2074 567 2136 descat,
619 2074 809 2123 referri
854 2074 973 2124 vult
1007 2075 1431 2140 Wesselingius;
1536 2078 1795 2141 efficeret,
1829 2077 1971 2142 quod
2000 2093 2141 2126 nunc
2177 2079 2233 2125 in
2270 2076 2392 2127 Nilo
2431 2078 2620 2127 efficit.

350 2143 446 2193 sed
483 2143 685 2193 rectius
733 2143 924 2208 opinor
958 2144 1434 2209 Schweighaeuse-

351 2228 441 2262 rus
489 2212 758 2263 intellexit
803 2213 871 2262 de
914 2212 1055 2275 sole,
1113 2217 1199 2278 qni
1245 2223 1435 2264 exurat
1883 2248 1997 2299 Cu,
2055 2249 2271 2298 XXVII

349 2299 487 2331 smum
530 2283 817 2344 transitum,
866 2283 904 2332 i.
954 2300 1001 2332 e.
1063 2286 1252 2343 omnia,
1301 2299 1433 2346 quae
2003 2286 2015 2298 '
2275 2284 2288 2297 ⁸

351 2359 597 2414 nauseat,
624 2359 832 2401 exurat.
861 2342 1127 2411 διέξοδος
1159 2352 1300 2401 enim
1325 2353 1431 2402 erit
1603 2343 1680 2409 ὥς
1725 2343 1903 2416 κάρτα
1937 2342 2053 2400 ἀπὸ
2093 2347 2337 2418 ,θερμῶν
2388 2342 2620 2416 χωρέων

348 2426 557 2470 tractus
594 2419 686 2469 ille
723 2421 779 2469 in
823 2419 974 2470 coelo
1016 2435 1176 2485 super
1210 2425 1428 2483 terram,
1531 2437 1584 2473 ιι.
1634 2437 1682 2472 τ.
1731 2420 1801 2487 L]
1852 2422 2011 2485 Conf.
2070 2421 2144 2481 11,
2200 2419 2263 2470 19
2309 2419 2398 2469 fin.
2486 2421 2620 2469 Cum

352 2506 506 2553 quem
541 2495 782 2554 permeat
816 2489 928 2549 ⁸013
966 2491 1111 2540 conf.
1150 2505 1315 2554 supra
1351 2491 1428 2552 11,

348 2562 491 2708 {2320
533 2549 1309 2693 .ἷῖἕὲιῖ.“ιέἑῖ.ἶιῗ.“ἴὲἀῗῖξ
1331 2560 1432 2691 5ῆῖ-

351 2689 636 2778 Εὐρώπης
659 2696 802 2746 conf.
826 2702 966 2747 nott.
981 2696 1066 2746 ‘ad
1094 2697 1170 2758 11,
1198 2699 1284 2747 24.
1345 2696 1432 2746 Ad

349 2757 946 2898 ἶιρᾶειῖιὲιῃέιῖέωέοῃιὲιιῗ
960 2774 1277 2886 teffigeseates
1314 2768 1436 2816 anni

420 2934 515 2986 καὶ
569 2933 671 2986 τοῦ
729 2928 984 3000 οὐρανοῦ
1042 2935 1112 3003 τῇ
1159 2932 1263 3001 μὲν
1323 2935 1433 2986 νῦν

352 2997 382 3055 ὃ
412 2999 619 3074 βορέης
654 3021 704 3054 κ.
756 3022 803 3056 τ.
843 3005 912 3072 λ.]
950 3007 1099 3056 Bene
1142 3007 1231 3056 hic
1268 3008 1434 3072 parti-

353 3075 506 3126 culae
540 3076 649 3126 sibi
694 3076 926 3125 invicem
973 3077 1030 3124 in
1075 3077 1321 3126 oratione
1358 3077 1437 3125 bi-

353 3146 572 3195 membri
607 3145 963 3222 respondent3
1009 3160 1137 3194 nam
1173 3146 1231 3194 in
1263 3145 1437 3228 priori

352 3219 414 3264 ut
446 3212 516 3280 τῇ
553 3207 656 3276 μὲν
692 3218 746 3262 et
778 3207 952 3279 ταύτῃ
983 3208 1111 3276 μὲν,
1145 3215 1227 3263 ita
1263 3217 1315 3264 in
1420 3244 1438 3252 -

352 3283 568 3333 steriori
595 3279 726 3348 τῇδ
691 3275 753 3330 δὲ
774 3288 1047 3348 ponuntur
1069 3288 1125 3332 et
1147 3275 1322 3349 ταύτῃ
1346 3231 1437 3342 ἕὲς

354 3353 499 3403 conf.
539 3351 798 3402 Schaefer
843 3354 899 3402 in
933 3351 1146 3402 Melett.
1194 3355 1339 3402 eritt.
1381 3368 1433 3416 p.

359 3422 452 3471 111
492 3426 607 3471 not.
621 3459 634 3486 ,
677 3421 903 3470 Werfer.
943 3422 1000 3470 in
1038 3424 1186 3471 Actt.
1225 3421 1435 3486 philoll.

354 3492 604 3541 Monacc.
639 3491 685 3552 I,
726 3490 775 3539 1.
813 3506 865 3555 p.
905 3489 990 3548 90,
1027 3496 1081 3539 et
1119 3492 1434 3540 Buttmann.

356 3560 426 3610 ad
459 3559 812 3610 Demosthen.
847 3559 1075 3609 Midian.
1116 3576 1171 3625 p.
1211 3561 1312 3610 156
1348 3558 1433 3608 ed.

356 3644 465 3681 sec.
535 3630 738 3693 Attigit
780 3629 944 3678 etiam
979 3628 1114 3678 haec
1148 3630 1432 3692 Hartung:

356 3697 530 3747 Lehre
577 3697 630 3747 d.
679 3696 889 3747 Partik.
944 3698 990 3746 Ι.
1037 3713 1090 3762 p.
1143 3698 1262 3748 175.
1313 3697 1429 3747 189.

355 3767 420 3815 In
465 3781 614 3831 seqq.
636 3766 922 3844 duplicem
964 3767 1266 3815 invenimus
1314 3780 1434 3830 par-

355 3835 576 3884 ticulam
624 3850 724 3896 αν,
784 3851 922 3899 quae
979 3834 1149 3884 altero
1195 3834 1315 3883 loco
1365 3833 1434 3882 ad

354 3903 531 3967 ipsum
577 3905 949 3968 participium,
998 3903 1168 3953 altero
1212 3903 1329 3953 loco
1365 3901 1432 3951 ad

354 3972 574 4024 verbnm
613 3972 825 4022 finitum
859 3973 1048 4022 referri
1081 3972 1308 4035 poterit,
1344 3970 1436 4020 do-

355 4046 512 4090 cente
571 4040 755 4090 eodem
810 4041 1058 4090 Werfero
1110 4039 1148 4090 l.
1197 4041 1233 4091 l.
1285 4041 1330 4102 I,
1382 4041 1436 4089 2.

352 4124 478 4174 pag.
519 4111 643 4160 250.

424 4202 714 4271 διεξιόντα
766 4201 822 4257 δ’
873 4199 948 4258 ἄν
999 4224 1098 4273 μιν
1153 4224 1204 4258 κ.
1264 4224 1310 4257 τ.
1359 4203 1437 4271 λ.]

353 4280 439 4330 Ad
474 4278 641 4330 solem
685 4279 821 4328 haec
859 4277 1169 4340 referenda,
1214 4277 1305 4342 qui
1345 4276 1438 4341 (ex

353 4348 621 4398 Herodoti
657 4347 857 4411 mente)
897 4348 944 4396 si
978 4346 1047 4396 ab
1076 4345 1250 4395 altera
1284 4349 1439 4409 parte

353 4417 625 4482 Europam
650 4417 1182 4481 omnem-permearet
1199 4413 1281 4478 (ut
1298 4427 1440 4464 nunc

1532 2490 1811 2541 Herodoto
1843 2492 1901 2539 in
1925 2490 2009 2538 his
2041 2489 2371 2538 conveniunt
2406 2487 2619 2538 Plinius

1533 2562 1605 2610 Η.
1654 2561 1723 2610 Ν.
1762 2560 1828 2622 V,
1874 2559 1936 2621 9,
1992 2557 2262 2607 Diodorus
2307 2556 2524 2608 Siculus
2570 2558 2616 2618 I,

1533 2630 1620 2690 38,
1660 2628 1784 2689 alii,
1832 2643 1967 2693 quos
2004 2627 2329 2690 interpretes
2373 2627 2442 2675 ad
2489 2626 2541 2678 h.
2582 2625 2616 2675 l.

1530 2699 1820 2749 adiiciunt.

1865 2868 1995 2918 Car.
2026 2866 2284 2917 XXVIII.

1606 2965 1701 3020 καὶ
1758 2959 1835 3026 ὡς
1890 2961 2074 3035 ἀρχὴν
2136 2961 2381 3036 ἐγένετο]
2434 2959 2619 3033 ἀρχ“ν

1535 3038 1864 3103 wesseling.
1932 3040 2110 3090 reddit
2166 3040 2229 3088 ab
2284 3039 2438 3090 ἰηέἰο.
2582 3053 2619 3087 ιι

1538 3109 1685 3160 conf.
1736 3109 1782 3168 I,
1829 3108 1863 3158 9
1911 3116 1965 3159 et
2021 3109 2090 3160 80
2142 3109 2276 3174 ibiq.
2328 3115 2441 3157 not.
2495 3110 2613 3158 140.

1537 3178 1699 3229 Haud
1724 3193 1966 3240 necesse,
2008 3178 2151 3244 quod
2177 3179 2262 3227 vir
2289 3177 2482 3227 doctus
2510 3175 2614 3241 (in.

1537 3247 1804 3297 Classical
1848 3247 2029 3298 Iourn.
2068 3247 2267 3297 XLIV.
2311 3262 2445 3326 pag.
2483 3243 2614 3325 375)

1536 3317 1701 3367 scribi
1734 3314 1851 3366 vult
1892 3309 1999 3381 τὴν
2046 3307 2228 3381 ἀρχὴν
2274 3331 2371 3380 pro
2408 3305 2486 3371 ὡς
2517 3306 2615 3377 ἆρ-

1533 3377 1660 3450 χήν.
1732 3386 1817 3435 Τιι
1853 3386 1998 3435 cons.
2039 3383 2209 3434 allata
2242 3384 2311 3432 ad
2348 3385 2393 3444 Ι,
2436 3382 2553 3433 140.

1606 3451 1709 3503 τοῦ
1754 3448 1818 3502 δὲ
1856 3452 2069 3501 Νείλου
2114 3444 2212 3508 τὰς
2257 3445 2443 3515 πηγὰς
2476 3465 2527 3497 κ.
2566 3464 2614 3497 τ.

1533 3521 1605 3587 λ.]
1646 3523 1713 3571 Ιιι
1750 3522 1975 3574 eandem
2013 3521 2338 3571 sententiam
2372 3520 2617 3583 disputat

1533 3591 1759 3641 Diodor.
1784 3589 2068 3652 Siculusl,
2096 3588 2181 3639 37.
2244 3588 2448 3638 Scribit
2475 3589 2617 3635 enim

1535 3659 1648 3710 Nili
1698 3659 1878 3710 fontes
1926 3662 2023 3708 aut
2068 3657 2276 3718 locum,
2332 3656 2475 3706 unde
2521 3654 2615 3703 ille

1514 3729 1846 3793 proveniat,
1886 3727 2150 3776 neminem
2182 3741 2417 3790 unquam
2438 3723 2617 3774 adhuc

1530 3796 1738 3847 vidisse
1772 3801 1867 3845 aut
1910 3795 2236 3859 cognovisse
2270 3810 2477 3854 eorum,
2524 3792 2618 3857 qui

1529 3865 1659 3916 illos
1706 3880 1765 3914 se
1799 3863 2001 3915 vidisse
2045 3863 2345 3928 probarint.
2416 3862 2616 3911 Memo-

1535 3938 1623 3984 rat
1652 3949 1812 3998 porro
1849 3933 2240 3997 Aegyptiorum
2273 3931 2615 3982 sacerdotum

1538 4003 1875 4067 opinionem,
1920 4016 2028 4066 qua
2062 4000 2242 4050 Nilum
2289 4016 2356 4050 ex
2396 3999 2616 4049 Oceano

1537 4076 1738 4120 terram
1772 4068 2175 4120 circumfluente
2213 4069 2450 4119 derivari
2493 4084 2617 4117 con-

1539 4139 1852 4201 tenderent,
1888 4138 2129 4202 aliasque
2152 4137 2380 4188 aliorum
2404 4140 2618 4186 senten-

1537 4208 1648 4258 tias
1674 4208 1955 4272 ipsiusque
1994 4207 2131 4257 adeo
2162 4205 2455 4268 Herodoti,
2492 4219 2619 4270 qua-

1541 4292 1659 4326 rum
1710 4279 1892 4324 tamen
1943 4274 2090 4324 nulla
2159 4276 2266 4339 ipsi
2335 4275 2616 4339 probatur.

1539 4345 1709 4395 Iubae
1746 4344 1892 4408 regis
1925 4344 2279 4404 sententiam,
2324 4357 2432 4406 qua
2461 4339 2620 4393 Nilus

1540 4428 1571 4462 e
1601 4413 1724 4463 lacu
1754 4416 1998 4476 erumpat
2018 4410 2163 4461 haud
2196 4409 2358 4476 longe
2391 4409 2460 4460 ab
2485 4408 2621 4459 Oce-
