3109 5092
473 343 602 406 498

1332 348 1879 412 HERODO'PI

455 515 708 615 Ἴστρος
734 551 806 594 τε
831 523 972 613 γὰρ·
987 523 1278 614 ποταμὸς
1305 522 1673 614 ἀρξάμενος
1714 519 1789 593 ἐκ
1816 528 2098 594 Κελτῶν
2125 524 2238 592 καὶ
2266 519 2591 612 Πυρήνης
2625 520 2749 591 πό-

474 639 613 710 λιος
661 632 799 718 ῥέει
838 633 1051 718 μέσην
1091 636 1334 717 σχίζων
1367 624 1492 715 τὴν
1525 624 1889 717 Εὐρώπην.
1961 632 2032 696 οἱ
2062 626 2139 696 δὲ
2164 633 2417 697 Κελτοί
2453 631 2582 693 εἰσι
2626 627 2751 706 ἔξω

472 802 730 847 accurate
767 795 1050 862 disputans
1105 796 1190 844 in:
1252 796 1481 846 Jahrbb.
1521 795 1561 844 f.

470 865 666 916 Philol.
703 882 760 917 u.
797 866 1039 930 Paedag.
1076 865 1263 929 Suppl.
1298 865 1463 915 XIII.
1506 880 1560 928 p.

473 937 508 985 8
543 951 660 1000 seq.
748 937 832 985 De
870 951 1029 986 cursu
1064 935 1197 985 Istri
1231 935 1379 985 conf.
1418 935 1565 984 infra

475 1006 570 1066 IV,
602 1006 689 1055 49.
763 1004 892 1055 Istri
940 1020 1006 1055 ac
1043 1003 1155 1054 Nili
1205 1004 1563 1069 comparatio-

473 1089 595 1123 nem
630 1074 870 1124 instituit
905 1074 1070 1124 etiam
1116 1073 1351 1138 Oppian.
1390 1073 1564 1138 Cyne-

474 1149 596 1207 get.·
615 1143 692 1204 11,
727 1144 842 1195 138.
901 1145 986 1193 De
1011 1144 1140 1193 Istri
1175 1143 1419 1193 fontibus
1456 1142 1564 1208 pri-

475 1213 676 1262 marius
705 1217 884 1262 exstat
905 1213 1126 1262 Pindari
1159 1211 1310 1262 locus
1342 1211 1559 1277 Olymp.

476 1282 585 1342 111,
626 1283 694 1330 25
731 1281 854 1331 coll.
891 1281 1049 1343 VIII,
1085 1280 1185 1344 63,
1221 1282 1366 1331 unde
1403 1279 1564 1345 profi-

476 1349 703 1401 ciscitur
733 1351 1039 1400 Pausanias
1075 1351 1142 1412 V,
1181 1353 1230 1401 7.
1301 1349 1563 1416 Reliquos

474 1424 718 1469 veterum
755 1419 922 1480 locos,
962 1418 1276 1480 Strabonis,
1313 1420 1562 1480 aliorum,

476 1488 570 1552 qui
604 1487 729 1537 inde
765 1488 834 1536 ab
875 1489 1107 1553 Augusti
1142 1493 1326 1538 aetate
1365 1487 1429 1538 de
1449 1490 1563 1538 Da—

477 1557 627 1606 nubii
663 1556 907 1606 fontibus
945 1558 1273 1619 retulerunt,
1321 1557 1567 1608 exhibuit

475 1631 840 1690 accurateque
861 1627 1122 1677 tractavit
1144 1627 1202 1676 C.
1225 1629 1289 1678 B.
1315 1630 1377 1677 A.
1401 1627 1564 1677 Fick-

475 1696 581 1745 ler:
634 1696 737 1745 Die
781 1695 1256 1759 Donau-Quellen
1308 1696 1419 1747 und
1463 1696 1563 1746 das

474 1763 898 1830 Abnobagebirg
934 1766 1030 1816 der
1051 1765 1231 1817 Alten.
1274 1765 1563 1816 Carlsrube

479 1833 631 1885 1840.
679 1851 731 1899 p.
789 1835 851 1883 14
886 1850 1036 1902 seqq.
1110 1835 1251 1886 Add.
1298 1836 1564 1900 Forbiger

477 1903 695 1954 Haudb.
736 1904 788 1954 d.
826 1903 927 1956 alt.
964 1905 1162 1970 Geogr.
1204 1906 1400 1969 111.·p.
1439 1905 1560 1955 324.

480 1975 631 2034 Quae
668 1975 868 2024 Noster
903 1975 969 2024 de
1016 1975 1146 2024 Istri
1186 1976 1428 2025 fontibus
1472 1973 1564 2023 hic

478 2042 696 2104 scribit,
755 2047 816 2090 ut
864 2044 934 2092 ab
981 2045 1259 2094 Hecataeo
1313 2044 1565 2113 desumta

478 2111 694 2159 credam
753 2109 836 2174 (ut
889 2112 1211 2164 Grotefend:
1266 2114 1373 2162 Zur
1426 2113 1565 2163 Geo-

479 2179 667 2244 graph.
706 2194 761 2228 u.
801 2180 999 2231 Gesch.
1036 2197 1088 2232 ν.
1131 2181 1450 2232 Alt·1talien
1485 2182 1562 2231 11.

477 2264 531 2313 p.
570 2246 685 2309 15),
725 2249 819 2296 vix
856 2248 1057 2300 adduci
1091 2265 1340 2315 possum,
1381 2251 1563 2312 certis,

479 2317 674 2382 quibus
706 2319 1066 2381 comprobem,
1105 2322 1438 2386 argumentis
1476 2321 1567 2368 de-

479 2387 733 2436 stitutus:
804 2387 911 2435 nisi
978 2388 1084 2439 huc
1153 2390 1369 2440 trahere
1425 2388 1564 2438 velis

415 2491 420 2496 -
478 2454 643 2505 verba
690 2471 811 2522 cap.
849 2456 943 2507 34:
997 2449 1028 2506 ὃ
1078 2452 1181 2521 μὲν
1226 2450 1300 2522 δὴ
1347 2448 1565 2522 Ἴστρος

479 2557 549 2566 -
571 2515 718 2587 πρὸς
753 2523 981 2575 πολλοῦ
991 2542 1027 2576 ν
1060 2520 1411 2592 γινώσκεται,
1449 2528 1565 2593 qui-

478 2595 581 2644 bus
624 2595 962 2645 Hecataeum
1012 2612 1224 2663 quoque
1270 2598 1424 2660 tangi
1470 2612 1566 2645 vo-

479 2665 623 2724 lunt3
657 2664 943 2715 cf.Ukert:
979 2667 1269 2717 Damastes
1297 2668 1564 2717 etHeeat.

479 2750 533 2799 p.
576 2733 641 2784 16
675 2749 788 2799 seq.
861 2735 997 2784 Mihi
1043 2736 1381 2801 probabilius
1417 2737 1567 2786 vide·

478 2809 594 2866 tur,
646 2803 984 2854 Herodotum
1029 2806 1164 2857 haec
1206 2808 1484 2870 accepisse
1531 2822 1566 2854 a

480 2873 662 2921 nautis
699 2889 744 2922 s.
775 2875 1193 2938 mercatoribus,
1230 2891 1364 2941 quos
1389 2875 1457 2925 de
1482 2874 1566 2923 his

481 2947 599 2990 erat
635 2942 966 2993 sciscitatus.

529 2999 756 3071 Ἴστρος
791 3025 850 3058 τε
887 3004 994 3088 ἵὰρ
1030 3004 1288 3076 ποταμὸς
1322 3003 1565 3076 ἀρξάμε-

481 3091 582 3132 νος
617 3066 676 3125 ἐκ
723 3078 950 3128 Κελτων
998 3076 1093 3129 καὶ
1131 3072 1409 3144 Πυρήνης
1461 3072 1566 3129 πό-

479 3143 620 3211 λιος]
657 3147 868 3210 Pyrene
894 3148 1023 3199 urbs
1048 3149 1139 3198 vix
1169 3149 1387 3198 aliunde
1414 3154 1562 3200 uota.

482 3213 615 3264 Cum
669 3231 800 3267 vero
855 3218 993 3266 satis
1049 3223 1296 3280 constet,
1361 3218 1565 3269 Istrum

480 3298 591 3332 non
645 3283 702 3332 in
757 3287 1030 3337 montibus
1081 3288 1376 3352 Pyrenaeis
1436 3286 1565 3353 (quo

482 3353 698 3417 quidem
742 3353 892 3405 ducit
936 3357 1249 3407 Herodotea
1291 3357 1422 3408 urbs
1463 3359 1568 3423 Py·

483 3420 669 3485 rene),
734 3439 920 3475 verum
979 3426 1034 3476 in
1094 3427 1324 3477 Abnoba
1382 3434 1567 3477 monte

483 3489 944 3560 (Schwarzwald)
1016 3497 1241 3558 exoriri,
1313 3497 1383 3546 ad
1446 3512 1567 3546 eum

480 3560 657 3624 ipsum
681 3568 918 3615 montem
951 3565 1296 3630 eiusdemque
1321 3566 1434 3615 fere
1469 3570 1567 3615 aut

480 3632 702 3694 cognati
727 3634 962 3684 nominis
984 3634 1170 3684 urbem
1191 3633 1439 3684 locumve
1457 3637 1568 3685 He-

479 3699 659 3749 rodoti
723 3697 1006 3767 Πυρήνην
1065 3704 1311 3754 nonnulli
1366 3705 1568 3753 referre

479 3769 819 3822 studuerunt.
882 3772 1039 3834 Quod
1075 3773 1215 3822 enim
1253 3773 1463 3822 duobus
1499 3773 1571 3821 ri-

480 3836 650 3900 vulis,
686 3840 883 3904 quibus
915 3857 1058 3890 nunc
1092 3857 1286 3892 nomen
1324 3842 1481 3906 Priey
1514 3846 1569 3891 et

481 3903 652 3971 Breye
685 3924 730 3958 s.
767 3909 995 3974 Bm’yaclt
1032 3914 1086 3960 et
1124 3911 1299 3976 Breye
1314 3947 1327 3969 ,
1366 3911 1569 3961 forma-

478 3977 570 4021 tur
589 3975 872 4027 Danubius
899 3979 1042 4028 infra
1065 3980 1317 4044 oppidum
1344 3981 1568 4030 Donau-

480 4041 798 4108 eschingen‚
838 4048 1002 4097 tertio
1026 4049 1258 4113 quodam
1297 4049 1446 4099 fonte
1479 4064 1570 4100 ac-

481 4109 734 4190 cedente,
786 4128 885 4164 nec
928 4116 1089 4180 longe
1124 4118 1192 4168 ab
1228 4117 1331 4167 hoc
1367 4119 1569 4183 oppido

481 4182 757 4231 mvenitnr
789 4185 945 4232 vicus
971 4186 1223 4246 Pfoleren,
1266 4202 1331 4236 ex
1363 4187 1449 4237 his
1473 4203 1571 4238 no·

480 4249 739 4312 minibus,
803 4251 1118 4304 obscuriora
1165 4257 1310 4320 quod
1365 4263 1566 4320 essent,

477 4317 566 4367 vel
605 4317 918 4384 depravatis
963 4321 1050 4371 vel
1088 4326 1432 4376 commutatis
1479 4342 1569 4376 ex-

479 4389 687 4440 stitisse
727 4391 962 4458 Pyrenes
1009 4407 1204 4444 nomen
1241 4395 1388 4459 apud
1435 4396 1566 4445 scri-

1664 799 1848 860 ptores
1909 793 2267 854 celebratum,
2327 790 2424 841 sed
2490 788 2624 839 nihil
2682 787 2753 838 ad

1665 864 1809 914 hune
1844 863 2022 913 locum
2066 863 2343 927 pertinens
2388 862 2496 910 iam
2532 857 2754 910 Glarea-

1666 949 1767 984 nus
1815 932 1992 998 (cuius
2028 931 2209 983 locum
2234 930 2401 981 affert
2436 927 2672 980 Fickler.
2714 928 2751 977 l.

1662 1003 1702 1053 l.
1742 1019 1794 1067 p.
1842 1002 1926 1067 12)
1967 1002 2395 1051 existimaverat.
2468 998 2649 1062 Atque
2684 997 2751 1046 de

1664 1071 1856 1122 iisdem
1882 1072 2192 1136 reg-ionibus
2219 1067 2639 1132 nominibusque
2666 1081 2755 1116 co-

1665 1142 1847 1207 gitans
1886 1141 2120 1192 fortasse
2154 1136 2438 1204 πρυγένης
2473 1134 2660 1202 χώρας
2681 1136 2755 1186 le-

1666 1210 1899 1276 gendum
1947 1226 2067 1260 esse
2110 1211 2324 1275 putavit
2364 1205 2753 1271 Dalecampius

1665 1280 1737 1330 ad
1755 1280 1898 1330 Plin.
1933 1280 2006 1329 Η.
2036 1280 2105 1330 N.
2126 1278 2221 1340 IV,
2249 1278 2333 1328 12.
2367 1274 2417 1337 §-
2437 1279 2523 1326 24.
2562 1276 2649 1326 Ad
2678 1275 2757 1324 vi-

1666 1365 1788 1400 cum
1816 1348 1967 1399 illum
1988 1349 2229 1399 Psohren
2257 1346 2628 1397 Herodoteam
2650 1345 2756 1409 Py-

1665 1434 1832 1469 renen
1868 1418 2059 1469 referri
2103 1432 2319 1483 quoque
2362 1415 2535 1464 voluit
2572 1416 2753 1480 Eques

1668 1489 1733 1537 (le
1766 1488 1949 1553 Lang:
1986 1488 2217 1538 Baierns
2257 1486 2448 1537 Gauen
2485 1490 2590 1534 etc.
2619 1500 2673 1548 p.
2700 1484 2752 1533 3.

1667 1556 1813 1620 Quid
1881 1557 2025 1622 quod
2091 1557 2159 1607 de
2213 1554 2487 1605 Tirolensi
2552 1557 2753 1613 monte,

1667 1643 1825 1692 quem
1852 1642 1997 1677 nunc
2022 1630 2224 1677 vocant
2254 1625 2510 1688 Brenner,
2535 1623 2623 1673 hic
2645 1636 2756 1672 ser-

1667 1712 1876 1746 monem
1900 1712 2020 1746 esse
2038 1695 2255 1760 putavit
2272 1694 2510 1745 Ioannes
2532 1708 2566 1742 a
2583 1690 2757 1742 Muel-

1666 1766 1747 1816 ler
1783 1765 1954 1831 (Opp.
1976 1766 2075 1816 VI.
2103 1781 2156 1829 p.
2188 1764 2335 1830 398).
2409 1763 2619 1824 Quibus
2643 1760 2755 1811 noli

1669 1842 1729 1885 tu
1783 1835 2065 1894 assentiri3
2125 1833 2393 1884 Herodoti
2450 1832 2594 1881 enim
2637 1831 2757 1881 uni·

1666 1919 1878 1954 versam
1914 1905 2285 1954 narrationem
2321 1907 2377 1952 et
2406 1901 2755 1961 sententiam,

1667 1987 1830 2038 quam
1878 1973 1945 2022 de
1981 1972 2107 2024 Nilo
2155 1979 2319 2038 atque
2358 1972 2503 2021 Istro
2552 1986 2616 2020 ex
2662 1969 2757 2020 iis-

1668 2045 1788 2093 dem
1826 2042 2070 2092 fontibus
2096 2044 2396 2107 profluente
2420 2040 2755 2104 eundemque

1667 2127 1884 2162 cursum
1935 2111 2023 2175 (ex
2077 2113 2328 2177 opposito
2383 2109 2623 2175 quidem)
2676 2114 2756 2159 te-

1666 2188 1831 2231 nente
1865 2181 2125 2245 protulit,
2163 2183 2475 2232 accuratius
2512 2178 2756 2230 conside-

1665 2252 1811 2300 ranti
1844 2252 1937 2299 vix
1982 2235 2232 2314 dubium,
2282 2252 2412 2316 quin
2449 2250 2756 2314 Pyrenaeo·

1667 2335 1784 2369 rum
1831 2320 2092 2370 montium
2135 2321 2381 2384 reg-iones
2428 2318 2755 2369 intellexerit

1666 2390 1851 2453 ibique
1876 2389 2006 2439 Istri
2031 2391 2211 2438 fontes
2236 2388 2599 2460 collocaverit.
2650 2388 2701 2438 N
2704 2403 2755 2436 e·

1668 2474 1773 2523 que
1810 2473 1938 2508 vero
1985 2458 2113 2508 inde
2162 2459 2435 2524 sequitur,
2482 2460 2538 2508 in
2585 2458 2758 2508 Hero-

1668 2528 1797 2578 doto
1821 2527 2109 2593 legendum
2140 2543 2262 2578 esse
2284 2518 2558 2591 Πυρήνης
2584 2519 2758 2589 ὄρους

1668 2613 1714 2648 s.
1755 2586 1957 2659 ὄρεους
2004 2596 2173 2660 (certe
2211 2588 2440 2660 οὔρεος,
2488 2601 2551 2646 ut
2586 2598 2756 2646 Hero·

1668 2667 1784 2716 doti
1805 2665 2038 2716 dialecto
2061 2665 2395 2728 conveniat),
2420 2666 2604 2732 prouti
2628 2665 2755 2716 olim

1666 2736 1723 2784 in
1759 2740 1994 2785 mentem
2040 2741 2268 2787 venerat
2300 2735 2496 2786 Stukio
2543 2735 2616 2784 ad
2653 2736 2755 2785 Pe-

1667 2804 1788 2869 ripl.
1829 2805 1995 2854 Ponti
2030 2806 2233 2855 Euxini
2275 2821 2328 2869 p.
2374 2803 2473 2854 164
2520 2805 2590 2855 ob
2637 2804 2757 2854 Ari-

1668 2874 1882 2924 stotelis
1909 2875 2101 2938 opinor
2123 2875 2326 2937 locum,
2353 2875 2446 2939 qui
2473 2874 2529 2923 in
2553 2874 2758 2925 Meteo-

1669 2944 1920 3008 rolog.·1‚
1958 2944 2019 2994 13
2052 2946 2305 3009 Pyrenen
2345 2943 2483 2993 dicit
2521 2949 2757 2993 montem

1670 3027 1791 3063 esse
1837 3014 1896 3062 in
1932 3011 2142 3063 Celtica
2193 3019 2366 3076 terra,
2424 3012 2565 3062 unde
2613 3012 2761 3062 Ister

1669 3084 1956 3147 proveniat
1974 3086 2148 3133 totam
2171 3084 2445 3148 Europam
2470 3096 2756 3147 permeans

1667 3153 1726 3201 in
1761 3153 1996 3201 Pontum
2032 3152 2322 3203 Euxinum.
2406 3153 2654 3216 Namque
2696 3156 2759 3201 ut

1668 3226 1910 3284 taceam,
1946 3222 2186 3287 Pyrenae
2210 3222 2489 3272 civitatem
2520 3221 2651 3271 olim
2679 3221 2757 3271 di-

1665 3291 1935 3341 tissimam
1994 3296 2050 3341 et
2114 3296 2452 3342 mercaturae
2518 3290 2759 3341 deditam

1670 3362 2076 3410 commemorari
2129 3360 2198 3410 ab
2245 3361 2456 3411 Avieno
2505 3360 2601 3410 Or.
2644 3361 2760 3410 Ma-

1670 3431 1760 3480 rit.
1787 3431 1908 3490 558,
1933 3430 2274 3493 Herodotus,
2303 3432 2396 3495 qui
2415 3431 2553 3481 haec
2577 3430 2760 3481 omnia

1671 3514 1736 3548 ex
1772 3500 1962 3549 auditu
1998 3498 2213 3562 retulit,
2264 3515 2444 3551 errore
2480 3515 2545 3551 eo
2582 3500 2758 3564 magis

1672 3569 1775 3618 erit
1814 3569 2187 3629 excusandus,
2225 3584 2332 3633 quo
2366 3569 2470 3620 hae
2504 3570 2757 3635 regiones

1669 3638 1841 3701 ipsius
1866 3643 2049 3688 aetate
2069 3652 2289 3703 prorsus
2309 3638 2625 3704 incognitae
2646 3640 2761 3689 fue-

1672 3710 1823 3768 runt,
1850 3707 2076 3773 ipseque
2107 3707 2370 3758 historiae
2398 3714 2555 3773 pater
2578 3725 2643 3759 eo
2671 3723 2761 3758 us-

1669 3789 1774 3840 que
1793 3776 1850 3825 in
1873 3777 2158 3827 itineribus
2180 3778 2294 3828 suis
2314 3779 2597 3842 pervenire
2613 3776 2759 3828 haud

1670 3846 1928 3908 potuerit.
1981 3847 2136 3898 Conf.
2168 3847 2337 3896 etiam
2356 3846 2760 3898 Dahlmannum

1668 3914 1725 3977 in
1753 3914 2019 3965 Herodot.
2058 3931 2112 3981 p.
2141 3914 2211 3966 89
2241 3915 2512 3966 Herodoti
2546 3915 2761 3982 lapsum

1671 3983 1727 4032 in
1750 3982 1836 4032 his
1861 3988 2235 4049 exponentem.
2272 3985 2412 4035 Add.
2432 3987 2630 4036 Zeuss:
2671 3986 2763 4035 die

1669 4052 1983 4104 Deutschen
2024 4069 2078 4103 u.
2116 4053 2233 4103 ihre
2268 4054 2761 4107 Nachbarstiimme

1670 4137 1724 4185 p.
1751 4122 1868 4187 ‚160
1913 4139 2027 4188 seq.
2094 4123 2344 4173 Lueken:
2393 4124 2619 4175 Einheit
2662 4124 2761 4175 des

1669 4191 2309 4258 Menschengeschleehts
2345 4208 2399 4258 p.
2434 4193 2554 4244 147.
2592 4194 2759 4244 Fick-

1668 4259 1749 4309 ler
1780 4260 1820 4310 l.
1862 4260 1901 4312 l.
1937 4278 1992 4328 p.
2027 4261 2218 4314 8—13.
2742 4297 2747 4302 -

1739 4323 1799 4378 οἷ
1814 4322 1878 4379 δὲ
1903 4329 2114 4380 Κελτοί
2127 4326 2237 4380 εἰσι
2262 4325 2368 4392 ἔξω
2398 4323 2761 4398 Ἡρακληΐων
2782 4349 2799 4366 ·

1671 4395 1941 4464 στηλέων]
1980 4400 2207 4451 Retinui
2235 4392 2628 4468 Ἡραιληΐων,
2690 4402 2759 4451 ab
