3109 5092
429 344 555 404 516

1289 342 1828 406 HERODOTI

429 513 756 604 τάμνουσι
796 514 925 606 τὴν
962 516 1286 608 κεφαλήν.
1366 523 1559 606 σῶμα
1605 517 1732 605 μὲν
1766 513 1850 603 δὴ
1892 518 2016 584 τοῦ
2055 512 2332 604 κτήνδῡς
2374 517 2699 601 δείρουσι,

429 624 693 708 κεφαλῇ
742 619 817 689 δὲ
869 623 1095 710 ἐκείνῃ
1136 618 1351 691 πολλὰ
1403 619 1939 710 καταρησάμενοι
1989 620 2306 708 φέρουσι,
2359 631 2535 686 τοῖσι
2577 615 2702 704 μὲν

428 715 516 790 ἂν
558 713 603 812 ᾖ
655 719 866 812 ἀγορὴ
911 726 1024 793 καὶ
1058 720 1378 815 Ἕλληνές
1421 745 1614 814 σφισι
1673 729 1833 792 ἔωσι
1876 721 2221 811 ἐπιδήμιοι
2272 726 2589 810 ἔμποροι,
2639 721 2709 786 οἰ

431 824 508 893 δὲ
561 828 881 913 φέροντες
934 829 1001 908 ἐς
1045 825 1170 916 τὴν
1209 826 1466 917 ἀγορὴν
1510 824 1631 896 ἀπ’
1677 816 1777 895 ὦν
1817 830 2087 895 ἔδοντο·
2156 838 2330 894 τοῖσι
2369 822 2446 891 δὲ
2484 816 2572 891 ἄν
2612 819 2702 909 μὴ

431 930 726 1016 παρέωσι
747 925 1102 1018 Ἕλληνες,
1145 936 1216 1001 οἰ
1237 930 1300 1000 δ’
1335 931 1735 1020 ἐκβάλλουσι
1780 931 1847 1008 ἐς
1881 927 1999 996 τὸν
2028 924 2349 1016 ποταμόν.
2413 921 2694 1014 καταρὲ-

427 1057 616 1099 ονται
650 1031 760 1117 δὲ,
814 1031 975 1102 τάδε
1005 1036 1346 1122 λέγοντες,
1394 1041 1544 1127 τῇσι
1569 1037 1901 1122 κεφαλῇσι
1921 1053 1935 1068 ·
1976 1040 2048 1100 εἴ
2076 1057 2140 1100 τι
2176 1033 2405 1119 μέλλοι
2437 1022 2479 1118 ἦ
2506 1034 2697 1115 σφίσι

425 1149 599 1202 τοῖσι
628 1132 880 1203 θύουσι
909 1132 951 1224 ἢ
984 1138 1309 1231 Αἰγύπτῳ
1338 1143 1420 1226 τῇ
1449 1138 1805 1224 συναπάσῃ
1842 1131 2053 1204 κακὸν
2087 1136 2443 1222 γενέσθαι,
2488 1133 2558 1212 ἐς
2584 1157 2696 1199 κε-

427 1234 658 1327 φαλὴν
704 1237 957 1327 ταύτην
1007 1244 1403 1329 τραπέσθαι.

420 1379 567 1452 nott.
623 1400 694 1452 ad
740 1403 947 1454 Herod.
995 1404 1091 1468 IV,
1149 1406 1247 1458 145
1286 1411 1341 1458 et
1376 1422 1517 1472 quae

428 1469 539 1521 alia
575 1471 808 1524 Bredov.
842 1472 1018 1524 affert.

498 1555 719 1623 κεφαλῇ
762 1588 834 1598 —-
889 1552 1366 1628 καταρησάμενοι]
1424 1563 1516 1627 qui

427 1640 525 1690 pro
545 1625 706 1692 κείνῃ
740 1619 972 1696 (ἐκείνῃ)
996 1630 1163 1680 scribi
1199 1630 1317 1681 vult
1355 1629 1518 1698 κεινῇ

428 1696 512 1744 vir
531 1695 725 1746 doctus
758 1700 816 1746 in
843 1698 962 1748 The
989 1699 1243 1750 classical
1266 1701 1514 1751 Museum

429 1779 513 1815 nr.
551 1765 683 1816 XXI
728 1766 922 1830 (1848)
966 1784 1023 1833 p.
1069 1769 1191 1833 310,
1235 1770 1400 1834 idque
1447 1771 1514 1820 de

428 1835 611 1899 capite
670 1836 917 1888 abscisso
973 1837 1261 1905 intelligit,
1325 1855 1514 1904 parum

427 1910 576 1953 recte
612 1904 718 1955 loci
744 1908 1071 1957 sententiam
1099 1910 1405 1973 percepIsse
1438 1910 1516 1958 vi-

431 1974 610 2025 detur.
679 1975 948 2040 Equidem
989 1978 1318 2029 Bredovium
1364 1993 1515 2029 secu-

429 2047 518 2092 tus
562 2058 618 2107 p.
669 2043 770 2094 119
830 2045 955 2096 dedi
1000 2037 1215 2114 ἐκείνῃ,
1263 2053 1327 2099 ut
1370 2048 1515 2097 infra

429 2111 505 2172 11,
545 2111 645 2162 133
678 2103 900 2164 ἐκεῖνον
933 2131 1031 2179 pro
1062 2119 1283 2180 κεῖνον,
1335 2122 1388 2168 et
1425 2133 1515 2167 su·

429 2195 530 2244 pra
564 2179 618 2242 1,
658 2182 781 2232 209.
854 2185 1083 2235 Dietsch
1124 2186 1179 2236 h.
1215 2186 1253 2236 l.
1291 2187 1514 2253 reliquit

429 2250 699 2299 intactum
734 2251 920 2319 κείνῃ,
974 2254 1070 2304 sed
1118 2271 1241 2305 mox
1290 2246 1518 2320 ἐκείνην

431 2317 601 2369 dedit.
633 2320 914 2384 Dativum‚
955 2324 1048 2388 qui
1086 2329 1142 2374 et
1165 2324 1267 2374 hoc
1302 2325 1426 2376 loco
1463 2329 1517 2375 et

429 2387 526 2450 IV,
561 2388 664 2439 184
697 2389 918 2440 additur
943 2394 1109 2444 verbo
1134 2393 1513 2459 καταρᾶσθαι,

425 2457 535 2507 iam
568 2458 837 2509 Homerus
876 2460 1091 2512 addidit
1119 2462 1320 2529 Odyss.
1358 2465 1509 2526 XIX,

427 2525 548 2580 330.
621 2527 770 2580 Satis
810 2546 939 2581 vero
983 2531 1100 2598 ipse
1133 2534 1272 2584 ritus
1309 2535 1510 2600 arguit,

425 2611 524 2662 pro
546 2597 765 2662 piaculo
790 2598 983 2651 baberi
1008 2603 1231 2667 animal,
1264 2603 1322 2654 in
1354 2605 1508 2655 cuius

427 2672 591 2732 caput
605 2669 788 2720 omnia
809 2684 909 2721 sua
933 2678 1162 2736 peecata
1190 2676 1347 2741 quasi
1382 2689 1510 2724 con-

423 2735 655 2788 iicerent
730 2739 983 2805 quodque
1048 2743 1324 2795 bominum
1394 2759 1512 2794 sce-

427 2804 539 2856 lera
576 2809 736 2872 quasi
780 2808 934 2860 luens
974 2812 1108 2862 diris
1159 2813 1508 2864 devoverent.

423 2875 611 2926 Simile
657 2877 971 2928 institutum
1031 2882 1177 2946 apud
1228 2883 1511 2933 Hebraeos

419 2943 695 2995 invenitur
735 2946 918 2998 Levit.
965 2950 1110 3013 XVI,
1163 2951 1196 3002 6
1238 2967 1387 3018 seqq.
1442 2953 1508 3002 21

422 3027 558 3076 seq„
609 3013 706 3063 ubi
751 3016 942 3066 merito
995 3019 1066 3068 ad
1115 3020 1388 3072 Herodoti
1430 3020 1512 3071 lo-

424 3096 547 3130 cum
597 3097 905 3151 moremque
950 3086 1278 3153 Aegyptium
1315 3105 1514 3155 provo·

424 3155 516 3199 cat
546 3150 801 3216 Spencer.
838 3154 903 3204 de
941 3156 1055 3207 ritt.
1092 3158 1287 3209 Hebrr.
1322 3160 1427 3222 111,
1457 3161 1510 3211 8.

423 3234 551 3284 pag.
591 3220 741 3272 1064.
814 3224 993 3290 Atque
1026 3225 1375 3279 inveniuntur
1393 3230 1515 3294 ipsa

422 3289 736 3356 anaglypha
791 3293 1091 3360 Aegyptia,
1154 3312 1292 3362 quae
1349 3297 1511 3348 hosce

423 3359 562 3409 ritus
587 3360 658 3409 ad
683 3359 964 3413 oculorum
991 3380 1210 3416 sensum
1229 3366 1511 3419 traductos

423 3428 697 3482 exhibent.
758 3431 883 3484 Vid.
906 3433 1128 3486 Costaz.
1153 3436 1212 3486 in
1237 3437 1509 3502 Descript.

424 3498 491 3548 de
537 3498 680 3567 ΓΕΒ.
732 3499 889 3555 mem.
939 3501 1208 3571 (Antiqq.)
1256 3507 1300 3559 Ι.
1354 3522 1406 3571 p.
1442 3506 1510 3558 73

424 3573 479 3617 et
536 3570 607 3620 cf.
657 3571 970 3622 Wilkinson
1029 3575 1399 3642 Topography
1451 3577 1514 3626 of

418 3637 633 3690 Thebes
669 3657 724 3706 p.
763 3642 884 3694 147.

492 3739 760 3808 φέρουσι,
812 3748 963 3795 τοῖσι
1008 3738 1113 3811 μὲν
1150 3734 1224 3796 ἂν
1259 3732 1299 3813 ἦ
1330 3738 1512 3812 ἀγορὴ

421 3823 473 3859 κ.
512 3826 559 3859 τ.
594 3809 670 3877 λ.]
707 3814 914 3880 Scripsi
959 3832 1081 3867 cum
1119 3821 1352 3867 recentt.
1391 3807 1510 3866 ἐπι-

419 3869 616 3994 δῄὲιιοι
649 3897 746 3945 pro
784 3875 1054 3949 ἔπίδημοι
1105 3891 1162 3936 et
1207 3880 1267 3935 οἰ
1309 3879 1373 3935 δὲ
1409 3901 1507 3950 pro

420 3959 475 3994 οι
519 3960 571 4009 ε,
635 3956 888 4002 monente
940 3954 1188 4006 Werfero
1242 3957 1299 4005 in
1357 3957 1507 4006 Actt.

419 4014 572 4079 phill.
610 4017 860 4070 Monacc.
893 4021 939 4085 1,
982 4024 1030 4075 l.
1067 4041 1119 4089 p.
1158 4025 1228 4076 88
1277 4040 1343 4075 ac
1386 4040 1508 4089 pro-

419 4084 587 4135 bante
616 4086 934 4140 Buttmann.
967 4090 1023 4140 in
1045 4094 1276 4144 Excurs.
1300 4092 1374 4144 ad
1401 4095 1508 4145 De-

419 4153 719 4234 mosthqnis
740 4157 969 4210 Midian.
999 4176 1052 4224 p.
1082 4163 1203 4215 158.
1261 4164 1329 4213 In
1353 4179 1505 4230 seqq.

416 4222 492 4342 iul
523 4218 616 4345 {Z
678 4213 768 4275 ὧν
803 4220 1053 4278 ἔδοντο
1077 4232 1224 4282 conf.
1255 4237 1396 4285 nott.
1435 4234 1504 4284 ad

449 4329 463 4357 ,
505 4295 529 4344 1
609 4329 624 4344 .

488 4371 550 4428 οἰ
588 4372 653 4429 δὲ
701 4377 975 4448 φέροντες
1009 4410 1070 4424 -
1124 4378 1354 4452 ἔδοντο]
1401 4386 1504 4437 His

1510 1237 1702 1309 Κατὰ
1741 1241 1867 1326 μέν
1894 1265 2029 1306 νυν
2069 1235 2185 1316 τὰς
2224 1232 2519 1324 κεφαλὰς
2564 1239 2703 1304 τῶν

1618 1404 1800 1455 verbis
1829 1401 2225 1470 quodammodo
2249 1407 2569 1467 repetuntur
2598 1401 2706 1480 pgi-

1618 1489 1717 1524 ora
1748 1474 1945 1524 verba:
1994 1471 2263 1537 φέρουσι,
2309 1474 2458 1521 τοῖσι
2491 1463 2596 1536 μὲν
2627 1484 2703 1518 αν

1617 1533 1656 1610 ᾖ
1693 1558 1746 1592 κ.
1784 1559 1832 1593 τ.
1871 1543 1918 1592 λ.
1975 1542 2086 1592 Ubi
2118 1547 2252 1592 nota
2274 1555 2433 1591 usum
2466 1540 2705 1607 particu-

1617 1612 1790 1663 larum
1840 1605 1944 1677 μὲν
1987 1616 2042 1661 et
2086 1605 2177 1670 δὲ,
2228 1626 2367 1676 quae
2416 1611 2474 1660 in
2533 1609 2712 1675 priori-

1618 1682 1880 1733 orationis
1917 1686 2073 1745 parte
2120 1681 2228 1731 sibi
2270 1680 2505 1731 invicem
2538 1694 2705 1744 oppo-

1616 1757 1819 1802 nuntur
1853 1749 2023 1816 (τοῖσι
2058 1744 2176 1815 μὲν
2206 1738 2279 1799 ἂν
2303 1780 2375 1791 —-
2398 1744 2460 1799 οἱ
2491 1742 2566 1798 δὲ
2602 1746 2702 1812 φέ-

1622 1819 1859 1886 ροντες),
1909 1835 2033 1870 cum
2076 1820 2133 1869 in
2179 1819 2468 1884 posteriori
2514 1812 2579 1867 δὲ
2609 1818 2705 1867 dn-

1618 1890 1833 1953 pliciter
1867 1890 2050 1954 posita
2084 1894 2141 1939 et
2184 1890 2433 1953 protasin
2475 1893 2531 1938 et
2577 1902 2706 1952 apo-

1621 1959 1777 2008 dosin
1808 1958 2039 2022 incipiat
2084 1958 2262 2024 (τοῖσι
2310 1951 2382 2007 δὲ
2427 1945 2501 2007 ἄν
2533 1987 2607 1997 —-
2647 1948 2709 2004 οἱ

1617 2019 1677 2076 δ’
1717 2019 2093 2095 ἐκβάλλουσι).
2170 2027 2499 2079 Monuerunt
2545 2027 2704 2076 Wer—

1620 2098 1718 2147 ser.
1756 2098 1795 2149 1.
1846 2097 1883 2147 l.
1926 2113 1980 2161 p.
2019 2096 2106 2149 90.
2145 2095 2233 2148 93.
2276 2103 2333 2148 et
2382 2098 2700 2147 Buttmann.
2804 2119 2811 2126 ·

1615 2165 1652 2217 l.
1690 2166 1728 2216 l.
1800 2168 1915 2217 Nec
1950 2181 2170 2216 moveor
2209 2167 2303 2230 iis,
2357 2167 2478 2231 qui,
2514 2171 2577 2215 ut
2611 2179 2704 2230 pa-

1620 2235 1973 2286 rallelismum
2028 2236 2298 2300 quendam
2344 2237 2706 2286 membrorum

1616 2305 1962 2366 inducerent,
2021 2305 2190 2369 priori
2250 2306 2307 2355 in
2355 2306 2595 2356 membro
2641 2296 2706 2351 δὲ

1618 2373 1771 2439 (ante
1815 2372 2109 2439 φέροντες)
2156 2380 2439 2426 mutarunt
2480 2376 2536 2424 in
2578 2366 2701 2439 μὲν,

1617 2442 2703 2580 i33m1x⁸¹i31⁵s>qi¹5q35÷013⁰ss⁸011<330¹2⁷1}

1724 2552 1737 2564 ·
1863 2551 1876 2575 ν

1613 2582 1790 2634 locum
1827 2584 2093 2648 repetitae
2120 2583 2423 2648 particulae
2448 2577 2553 2648 μὲν
2584 2597 2706 2632 suc-

1615 2653 1775 2704 cedat
1822 2651 2020 2703 vocula
2056 2650 2137 2702 δέ.
2213 2652 2373 2704 Conf.
2421 2653 2703 2704 Werserus

1614 2738 1669 2786 p.
1708 2723 1776 2774 95
1812 2737 1929 2786 seq.
1969 2727 2023 2771 et
2054 2721 2328 2773 Kuehner.
2371 2723 2466 2773 Gr.
2515 2722 2608 2773 Gr.
2648 2719 2699 2781 ἐ.

1614 2790 1735 2854 733,
1784 2793 1837 2842 5.
1909 2792 2055 2841 Hinc
2102 2791 2231 2842 talis
2275 2792 2389 2842 fere
2430 2791 2539 2842 loci
2580 2805 2703 2844 sen-

1614 2876 1732 2910 sns:
1785 2861 1997 2925 ,serunt
2039 2860 2248 2927 (caput)
2282 2863 2354 2924 ii,
2407 2860 2584 2926 quibus
2616 2861 2701 2923 so-

1612 2946 1722 2980 rum
1755 2940 1835 2982 esc
1866 2938 1916 2980 et
1951 2931 2127 2996 quibus
2156 2933 2343 2982 Graec-i
2363 2931 2551 2981 adsunt
2572 2945 2701 2979 mer·

1613 3009 1846 3065 catores,
1892 2999 1955 3049 Ιιί
1998 3002 2206 3066 igitur
2250 3008 2406 3064 capue
2451 3002 2504 3050 in
2532 3001 2701 3062 forum

1609 3070 1791 3134 ferunt
1820 3078 1869 3119 ee
1902 3070 2121 3121 vendere
2154 3073 2339 3128 solenh
2375 3069 2550 3135 quibus
2578 3081 2720 3118 vero·

1619 3140 1807 3190 Graeci
1841 3155 1938 3189 non
1973 3140 2187 3204 adsunt,
2234 3139 2288 3190 1ιί
2328 3148 2485 3204 caput
2516 3141 2567 3189 in
2600 3138 2701 3204 flu·-

1613 3224 1721 3259 men
1755 3209 2086 3260 coniieiune.“

1680 3270 1746 3328 οἱ
1789 3269 1846 3326 δ’
1895 3268 2223 3342 ἐκβάλλουσι
2272 3269 2328 3335 ἐς
2375 3268 2480 3326 τὸν
2525 3290 2699 3328 ποτα-

1614 3338 1746 3412 μόν]
1790 3345 1963 3397 Affert
2009 3347 2312 3398 Larcherus
2360 3346 2575 3397 Aeliani
2622 3345 2702 3397 lo-

1616 3431 1737 3466 cum
1772 3416 1842 3466 N.
1879 3416 1947 3467 A.
1985 3417 2053 3479 X,
2094 3416 2180 3479 21,
2228 3417 2322 3468 ubi
2361 3416 2456 3466 ille
2490 3416 2700 3476 scribit,

1614 3487 1684 3536 ab
1723 3486 1959 3536 Ombitis
1996 3484 2111 3552 (qui
2147 3487 2406 3552 Aegyptii
2449 3491 2578 3536 sunt
2608 3485 2703 3534 ho-

1612 3553 1807 3620 mines)
1858 3556 2161 3606 hostiarum
2222 3557 2436 3622 capita,
2504 3554 2701 3621 quibus

1612 3624 1898 3690 gustandis
1960 3625 2066 3690 ipsi
2121 3626 2467 3688 abstineant,
2539 3623 2703 3674 obiici

1612 3692 1902 3746 crocodilis
1937 3693 2297 3758 comedenda,
2335 3694 2431 3761 qui
2464 3696 2522 3744 in
2553 3694 2702 3744 lacu-

1611 3762 1713 3814 bus
1751 3762 1953 3814 idcirco
1987 3764 2151 3814 factis
2187 3765 2257 3818 ab
2292 3765 2427 3830 ipsis
2459 3764 2702 3815 nutrian-

1611 3836 1719 3885 tur.
1789 3835 1864 3884 Et
1886 3835 2161 3897 pertinent
2193 3833 2301 3885 huc
2325 3848 2543 3900 quoque
2577 3831 2703 3883 Plu-

1610 3901 1787 3953 tarchi
1835 3903 2004 3953 verba
2060 3902 2179 3954 loco
2233 3919 2401 3969 supra
2443 3903 2699 3954 laudato:

1611 3963 1706 4021 διὸ
1741 3968 1812 4038 τῇ
1848 3963 1953 4035 μὲν
1982 3969 2204 4037 κεφαλῇ
2229 3971 2335 4023 τοῦ
2358 3966 2573 4038 ἱερείου
2602 3985 2702 4022 κα-

1609 4033 1993 4105 ταρασάμενοι
2035 4036 2132 4090 καὶ
2166 4034 2574 4106 ἀποκόψαντες
2619 4035 2704 4099 εἰς

1609 4100 1713 4158 τὸν
1736 4101 1996 4173 ποταμὸν
2017 4102 2326 4176 ι’ρὅπτουν
2352 4103 2545 4175 πάλαι,
2591 4107 2703 4160 νῦν

1612 4172 1675 4227 δὲ
1710 4181 1832 4237 τοῖς
1878 4175 2069 4239 ξένοις
2114 4171 2520 4230 ἀποδίδονται.
2597 4180 2702 4230 Cu—

1608 4248 1846 4299 iusmodi
1860 4248 2281 4314 imprecationes
2303 4250 2447 4315 apud
2466 4249 2702 4300 Iudaeos

1610 4317 1728 4367 fieri
1763 4316 1956 4368 solitas
1992 4318 2050 4368 in
2082 4318 2220 4369 hirci
2251 4325 2417 4385 caput
2452 4320 2704 4370 novimus

1609 4401 1677 4437 ex
1712 4386 1892 4439 Levit.
1930 4387 2079 4452 XVI,
2117 4388 2203 4439 21.
2479 4396 2493 4409 '
