3109 5092
511 336 638 398 556

1372 338 1919 401 HERODOTI

521 519 783 602 ἔφασαν
836 512 1001 602 πρὸς
1054 519 1264 584 ταῦτα
1281 566 1299 600 ,
1364 514 1634 604 ζήτησιν
1681 512 1983 603 μεγάλην
2021 510 2154 584 ἀπὸ
2190 516 2425 603 σφέων
2471 516 2801 602 γενέσθαι

518 623 657 687 τῶν
700 623 1047 704 γυναικῶν
1086 621 1408 688 τουτέων·
1477 620 1588 687 καὶ
1625 615 1945 708 ἀνευρεῖν
1988 621 2117 707 μέν
2149 614 2361 706 amsa}
2400 615 2484 689 οὐ
2512 620 2801 689 δυνατοὶ

515 722 869 808 γενέσθαι,
910 724 1257 792 πυθέσθαι
1289 721 1363 791 δὲ
1394 717 1679 812 ὕστερον
1702 727 1913 791 ταῦτα
1954 724 2106 810 περὶ
2134 719 2432 808 αὐτέων,
2468 722 2680 812 τάπερ
2711 721 2801 812 δὴ

422 831 503 891 55
520 831 778 911 ἔλεγον.
877 829 1103 893 Ταῦτα
1140 828 1266 913 μέν
1303 852 1436 895 νυν
1467 831 1608 895 τῶν
1651 828 1727 895 ἐν
1759 825 2020 916 Θήβῃσι
2057 828 2260 913 ἱρέων
2302 823 2590 913 ἤκουον,
2630 823 2801 896 τάδε

520 930 594 998 δὲ
624 934 1064 999 Δωδωναίων
1099 930 1264 1016 φασὶ
1303 932 1380 997 αἰ
1403 927 1836 1018 προμάντιες·
1884 929 2035 997 Δύο
2077 929 2436 1010 πελειάδας
2474 936 2804 1018 μελαίνας

514 1132 597 1194 V,
633 1134 687 1183 2.
724 1131 780 1192 1,
821 1132 904 1182 14.
992 1129 1147 1191 Quae
1198 1128 1246 1178 si
1291 1134 1606 1194 reputasset

516 1201 689 1252 Cobet
723 1201 881 1250 Varr.
919 1200 1100 1249 Lectt.
1132 1214 1185 1263 p.
1224 1199 1344 1260 276,
1382 1200 1438 1249 in
1476 1199 1601 1250 aliis

513 1270 650 1321 locis
675 1268 1046 1320 consimilibus
1065 1268 1393 1319 Herodoteis
1425 1269 1497 1330 (V
1501 1307 1514 1330 ,
1546 1273 1599 1320 2.

515 1341 611 1402 vl,
629 1339 720 1405 98)
735 1354 830 1404 pro
853 1329 970 1387 ἀπὸ
988 1353 1096 1387 non
1115 1338 1450 1403 reposuisset
1465 1330 1602 1392 ὑπό.

917 1510 1050 1561 Cn.
1081 1510 1197 1561 LV.

590 1613 783 1665 Ταῦτα
814 1611 918 1677 μέν
952 1628 1059 1662 νυν
1096 1603 1407 1679 ἒνΘήβῃσι
1429 1592 1601 1676 ἷρὲων

512 1675 757 1752 ἤκουον]
790 1684 952 1735 Facit
973 1683 1097 1745 buc,
1127 1681 1269 1748 quod
1299 1697 1464 1747 supra
1489 1685 1597 1733 iam

515 1756 613 1819 (11,
652 1755 741 1822 52)
779 1755 1013 1806 omnium
1052 1754 1107 1802 in
1144 1752 1375 1804 Graecia
1411 1768 1599 1803 oracu-

512 1827 684 1878 lorum
720 1824 1154 1890 antiquissimum
1187 1822 1400 1872 dixerat
1416 1822 1598 1873 Dodo-

512 1911 735 1958 naeum,
791 1894 856 1945 de
903 1894 1058 1944 cuius
1108 1892 1316 1956 origine
1358 1890 1460 1942 hoc
1510 1908 1599 1942 ca·

514 1967 629 2031 pite
665 1971 721 2017 et
757 1981 906 2029 seqq.
942 1962 1039 2027 (11,
1069 1961 1277 2014 55—58
1303 1960 1454 2027 incl.)
1493 1963 1600 2013 dis-

514 2037 731 2087 seritur.
803 2035 957 2084 Haec
987 2034 1128 2082 enim
1162 2033 1311 2096 regio
1338 2033 1601 2098 antiquis-

514 2105 654 2155 sima
690 2104 952 2156 Graeciae
985 2103 1173 2162 sedes,
1210 2101 1352 2152 unde
1387 2107 1442 2152 et
1475 2118 1602 2167 gen-

512 2179 597 2224 tes
627 2179 683 2223 et
716 2172 1010 2236 religiones
1036 2186 1130 2235 per
1152 2170 1414 2235 reliquam
1439 2172 1604 2222 Grae-

515 2244 655 2293 ciam
688 2245 1026 2306 propagatae
1061 2243 1219 2302 sunt,
1273 2256 1407 2305 quas
1451 2242 1601 2305 ipsas

515 2328 581 2363 ex
621 2312 871 2377 Aegypto
922 2309 1184 2359 advectas
1228 2324 1375 2370 esse,
1431 2311 1603 2360 Hero·

455 2417 474 2438 .
515 2382 632 2432 doti
678 2382 735 2430 in
777 2380 914 2429 haec
966 2378 1276 2428 accuratius
1331 2379 1388 2427 in
1425 2381 1606 2429 uiren-

514 2453 587 2502 tis
620 2455 675 2501 et
710 2449 954 2500 diversas
986 2447 1368 2498 Thebanorum
1427 2448 1605 2513 Aegy-

512 2521 770 2588 ptiorum)
804 2535 870 2570 ac
897 2518 1314 2569 Dodonaeorum
1353 2517 1604 2568 sacerdo-

514 2597 630 2643 tum
651 2589 993 2641 narrationes
1024 2587 1303 2638 afferentis
1323 2589 1430 2638 fert
1451 2588 1605 2638 testi-

513 2662 770 2714 monium.
854 2659 935 2710 Ac
983 2657 1162 2723 plures
1197 2657 1303 2707 viri
1352 2657 1499 2708 docti
1534 2657 1603 2707 de

514 2729 735 2783 oraculo
753 2729 1053 2780 Dodonaeo
1077 2732 1467 2792 exposueruntx
1505 2728 1599 2778 Fr.

514 2800 719 2852 Cor-des
756 2800 812 2848 in
848 2800 1068 2864 Disput.
1116 2798 1185 2848 de
1220 2797 1456 2849 Oraculo
1491 2798 1600 2847 Do-

514 2871 723 2922 donaeo
762 2868 1026 2932 Groning.
1054 2865 1208 2928 1826,
1250 2868 1340 2931 qui
1366 2867 1434 2917 ad
1453 2868 1600 2917 Deu-

514 2938 742 2990 calionis
784 2938 899 2987 fere
933 2942 1182 3000 tempora
1217 2937 1364 2986 eirca
1396 2951 1600 2986 annum

520 3007 653 3059 1539
677 3021 730 3058 a.
755 3005 879 3055 Chr.
909 3021 964 3056 n.
998 3004 1206 3056 oraculi
1242 3006 1480 3071 origines
1518 3021 1601 3055 re-

513 3080 707 3136 vocat,
743 3090 798 3139 p.
838 3075 906 3124 58
945 3073 1071 3124 coll.
1105 3089 1160 3138 p.
1188 3075 1256 3122 22
1294 3089 1447 3140 seqq.
1484 3075 1599 3125 Ios.

512 3144 748 3197 Arneth:
808 3143 992 3194 Ueber
1038 3143 1136 3192 das
1182 3143 1602 3194 Taubenorakel

510 3231 621 3266 von
665 3214 919 3265 Dodona.
977 3213 1156 3263 Wien.
1214 3211 1370 3264 1840.
1424 3214 1492 3263 E.
1539 3229 1595 3264 v.

511 3283 781 3337 Lasaulx=
841 3284 957 3334 Das
1009 3281 1355 3349 pelasgische
1392 3281 1597 3334 Orakel

511 3355 607 3406 des
649 3355 788 3405 Zeus
842 3367 908 3402 au
956 3351 1206 3404 Dodona.
1263 3352 1593 3417 Wiirzburg.

510 3426 668 3477 1840.
733 3422 997 3489 (Studien
1053 3421 1149 3472 des
1203 3421 1368 3473 class.
1421 3421 1598 3472 Alter-

509 3494 690 3546 thums
727 3509 853 3558 pag.
892 3492 996 3544 283
1030 3491 1113 3554 ff.)
1152 3491 1405 3542 Oreuzer.
1441 3491 1598 3556 Sym-

507 3563 617 3615 bol.
655 3564 765 3615 111.
801 3562 871 3614 80
906 3577 1058 3628 seqq.
1094 3576 1149 3622 p.
1184 3562 1283 3613 175
1312 3576 1466 3626 seqq.
1507 3561 1596 3612 ed.

508 3638 635 3685 tert.
676 3633 978 3696 Guigniaut
1019 3630 1058 3682 l.
1094 3629 1135 3681 l.
1173 3631 1258 3693 II,
1285 3630 1334 3681 3.
1374 3647 1428 3694 p.
1459 3629 1595 3680 1267

507 3718 659 3769 seqq.
689 3702 825 3756 1336
853 3718 1007 3767 seqq.
1036 3700 1273 3752 Zander:
1309 3698 1459 3750 Hall.
1488 3702 1598 3750 En-

510 3773 686 3837 cyclp.
739 3774 888 3824 Sect.
928 3773 974 3821 1.
1009 3771 1134 3821 Vol.
1169 3770 1367 3821 XXVI.
1405 3785 1459 3833 p.
1492 3770 1596 3821 257

508 3854 660 3906 seqq.
698 3841 902 3893 Preller
946 3842 1032 3891 int
1089 3838 1264 3905 Pauly
1299 3837 1597 3902 Realency·

510 3909 651 3974 clop.
689 3911 771 3961 11.
808 3927 862 3974 p.
905 3910 1041 3960 1190
1074 3925 1255 3975 seqq.,
1295 3907 1414 3967 alii,
1457 3922 1595 3971 quos

509 3992 695 4029 omnes
731 3979 926 4031 afferre
963 3979 1033 4028 ab
1067 3978 1172 4029 hoc
1205 3978 1328 4028 loco
1360 3976 1597 4027 alienum

508 4060 626 4096 esse
657 4052 818 4111 puto,
855 4063 961 4112 quo
997 4047 1054 4097 id
1092 4047 1222 4097 mihi
1257 4047 1595 4111 propositum

509 4118 622 4178 est,
653 4120 721 4165 ut
748 4115 1015 4167 Herodoti
1048 4116 1218 4167 verba
1249 4121 1399 4166 recte
1434 4114 1595 4165 intel-

505 4183 749 4249 ligantur
806 4201 874 4235 ac
931 4184 1315 4236 diiudicentur.
1405 4185 1598 4249 Neque

507 4252 648 4304 euim
681 4254 737 4304 in
774 4254 956 4305 animo
989 4258 1074 4306 est
1110 4270 1231 4305 cum
1269 4254 1338 4304 iis
1376 4257 1597 4303 conten-

507 4321 662 4385 dere,
701 4324 793 4389 qui
817 4324 1099 4374 Herodoto
1135 4323 1258 4388 plus
1288 4337 1480 4387 sapere
1516 4327 1597 4371 at-

506 4406 612 4457 que
646 4392 715 4444 de
762 4392 924 4445 rebus
960 4394 1289 4446 Graecorum
1331 4392 1597 4456 antiquis-

1702 1130 1856 1180 simis
1907 1129 2171 1181 historiae
2228 1133 2387 1196 patre
2440 1130 2634 1183 melius
2688 1133 2800 1184 sibi

1701 1199 1879 1251 edocti
1926 1198 2181 1251 videntur
2221 1199 2453 1266 indeque
2487 1203 2671 1252 omnia
2709 1218 2798 1266 ea,

1702 1284 1841 1334 quae
1877 1284 1943 1320 ex
1965 1269 2217 1334 Aegypto
2246 1270 2304 1320 iu
2326 1270 2616 1322 Graeciam
2636 1271 2802 1323 illata

1698 1337 1793 1388 ille
1847 1338 2012 1401 dicit,
2065 1353 2130 1388 ex
2176 1340 2524 1404 opinionibus
2570 1346 2799 1406 postera

1701 1408 1915 1458 demum
1953 1413 2136 1458 aetate
2170 1424 2267 1474 per
2286 1408 2574 1460 Graeciam
2601 1427 2800 1477 propa-

1701 1478 1846 1543 gatis
1870 1478 2090 1529 fluxisse
2111 1477 2465 1542 contendunt,
2487 1480 2662 1544 ipsum
2683 1482 2800 1532 He-

1703 1547 1953 1598 rodotum
1982 1548 2179 1598 erroris
2208 1548 2608 1601 insimulantes.
2655 1551 2801 1601 Mihi

1704 1618 1884 1682 potior
1899 1617 2165 1669 Herodoti
2190 1619 2510 1681 auctoritas,
2567 1620 2624 1670 ui
2648 1622 2803 1686 quod

1706 1702 1773 1736 ex
1793 1687 2042 1752 Aegypto
2065 1687 2353 1738 Dodonaei
2388 1703 2553 1739 oraeu
2632 1690 2801 1755 origi-

1704 1772 1801 1806 nes
1837 1757 2057 1821 repetit,
2094 1756 2239 1807 haud
2269 1757 2548 1808 adversari
2578 1759 2803 1811 videtur

1702 1826 1790 1887 iis,
1829 1827 1920 1890 qui
1958 1826 2062 1876 hoc
2097 1825 2392 1889 oraculum,
2430 1828 2576 1892 quod
2613 1827 2801 1878 Πελα-

1702 1891 1854 1959 σγῶν
1881 1890 2127 1960 ἕδρανον
2150 1895 2290 1945 dixit
2317 1897 2596 1948 Hesiodus
2623 1895 2800 1964 (apud

1701 1965 1955 2016 Strabon.
2005 1965 2131 2016 VII.
2181 1982 2234 2030 p.
2283 1965 2442 2017 2263.
2492 1967 2615 2019 327.
2664 1968 2795 2019 coll.

1702 2035 1923 2097 Scymn.
1943 2034 2063 2085 Chi.
2088 2035 2191 2084 449
2213 2039 2268 2085 et
2286 2035 2510 2086 Homer.
2538 2036 2796 2102 mxvl,

1702 2102 1807 2154 233
1846 2103 2052 2170 seqq.),
2090 2103 2436 2168 Pelasgicum
2471 2106 2645 2156 fuisse
2679 2112 2797 2157 sta-

1702 2177 1892 2233 tuunt3
1931 2172 2090 2223 modo
2115 2178 2352 2238 reputes,
2391 2189 2532 2239 quae
2562 2176 2630 2226 de
2652 2177 2794 2241 ipsis

1701 2242 1952 2307 Pelasgis
1988 2257 2279 2307 eorumque
2314 2244 2619 2309 originibus
2646 2246 2716 2296 ad
2744 2248 2795 2309 1,

1705 2313 1774 2365 56
1820 2313 2144 2363 monuimus.
2215 2313 2374 2374 Quod
2420 2328 2553 2365 vero
2601 2330 2797 2367 sacrae

1706 2381 1944 2431 feminae
1985 2381 2259 2432 oraculum
2295 2381 2563 2434 Dodonae
2607 2385 2797 2435 condi-

1705 2449 1854 2501 disse
1891 2451 2154 2514 feruntur,
2191 2451 2295 2502 hoc
2331 2451 2402 2501 ad
2439 2455 2797 2518 praecipuum

1702 2520 1895 2570 harum
1933 2521 2272 2583 feminarum,
2305 2521 2505 2587 quippe
2538 2523 2799 2575 fatidica-

1703 2605 1850 2650 rum,
1913 2589 2172 2641 honorem
2217 2591 2273 2640 in
2327 2589 2545 2643 colonia
2602 2609 2796 2645 recens

1705 2659 1928 2710 condita
1963 2660 2133 2711 refert
2164 2661 2399 2711 Heeren.
2425 2661 2593 2712 Ideen
2628 2663 2707 2725 11,
2742 2664 2796 2717 1.

1704 2745 1758 2793 p.
1784 2729 1905 2791 486,
1944 2730 2037 2794 qui
2074 2727 2209 2780 illud
2240 2744 2453 2794 quoque
2486 2731 2597 2782 iam
2631 2732 2798 2783 intel-

1699 2798 1799 2863 ligi
1845 2813 2009 2862 posse
2046 2805 2254 2859 monet,
2302 2814 2397 2849 our
2433 2801 2798 2853 Dodonaeum

1702 2867 1980 2918 oraculum
2026 2868 2291 2934 Pelasgos
2337 2868 2563 2921 iusserit
2614 2873 2799 2937 Aegy-

1700 2938 1819 3004 ptia
1879 2935 2099 2988 deorum
2173 2938 2394 2988 nomina
2465 2940 2797 3004 adsciscere,

1704 3021 1844 3073 quae
1878 3006 2003 3056 inde
2037 3007 2105 3057 ad
2141 3008 2381 3059 Graecos
2417 3011 2638 3060 omnino
2674 3027 2799 3075 per-

1699 3076 1972 3127 venerint.
2056 3078 2197 3127 Nam
2241 3075 2419 3127 media
2467 3079 2526 3128 in
2558 3079 2800 3132 Graecia

1699 3146 2054 3208 Pelasgorum
2111 3147 2170 3196 in
2228 3146 2446 3198 sedibus
2510 3149 2795 3201 conditum

1701 3220 1819 3265 erat
1869 3215 2225 3266 Dodonaeum
2288 3216 2548 3282 templum
2601 3235 2797 3270 oracu-

1698 3285 1919 3349 lumque
1965 3285 2354 3349 Aegyptiorum
2413 3301 2448 3336 a
2492 3289 2799 3339 sacerdoti-

1700 3354 1804 3404 bus
1839 3352 1946 3404 buc
1982 3353 2197 3405 delatis.

1771 3418 1913 3486 φασὶ
1950 3416 2016 3472 αἱ
2046 3414 2414 3488 προμάντιες]
2469 3423 2628 3476 Conf.
2668 3430 2794 3479 not.

1700 3490 1771 3541 ad
1811 3492 1856 3555 1,
1885 3493 2001 3544 182.
2074 3494 2141 3543 In
2175 3509 2325 3558 seqq.
2368 3493 2437 3543 ad
2470 3495 2642 3545 verba
2677 3490 2794 3546 δύο

1699 3552 1999 3618 πελειάδας
2045 3561 2310 3626 μελαίνας
2358 3577 2409 3612 κ.
2445 3578 2493 3615 τ.
2541 3563 2588 3612 λ.
2639 3565 2795 3616 conf.

1699 3633 1814 3680 not.
1851 3630 1921 3680 ad
1957 3631 2034 3692 II,
2071 3633 2138 3683 57
2172 3633 2295 3682 init.
2334 3635 2389 3681 et
2419 3632 2491 3683 ad
2522 3627 2797 3698 ἱζομένην

1699 3695 1763 3747 δέ
1803 3713 1903 3761 μιν
1933 3690 2026 3750 ἐπὶ
2064 3693 2255 3765 φηγὸν
2290 3698 2363 3764 (in
2395 3703 2523 3767 saqo
2558 3704 2797 3754 residen-

1698 3766 1813 3833 tem)
1852 3770 1997 3819 conf.
2035 3774 2179 3821 nott.
2218 3769 2287 3821 ad
2326 3770 2373 3831 1,
2411 3771 2497 3832 14,
2538 3772 2635 3822 ubi
2666 3771 2796 3825 loco

1697 3838 2121 3902 praepositionis
2149 3829 2260 3899 ἐπὶ,
2298 3853 2439 3902 quae
2463 3844 2518 3890 et
2540 3841 2643 3891 hoc
2667 3840 2796 3892 loco

1699 3908 1756 3957 et
1791 3906 1916 3956 aliis
1953 3906 2070 3971 (IV,
2096 3908 2219 3960 203.
2244 3908 2341 3970 VI,
2378 3908 2486 3960 108.
2515 3910 2669 3971 VIII,
2699 3910 2793 3974 52)

1698 3975 2001 4038 invenitur,
2049 3972 2132 4032 εἰς
2175 3977 2411 4042 ponitur.
2483 3977 2569 4029 Cf.
2623 3981 2795 4031 etiam

1701 4044 1914 4095 adnott.
1959 4047 2030 4095 ad
2067 4047 2172 4106 IV,
2221 4046 2341 4097 145.
2414 4046 2499 4097 De
2537 4048 2659 4112 ipsa
2709 4065 2797 4099 ar·

1695 4115 1828 4165 bore
1860 4114 2101 4165 dicemus
2140 4114 2210 4166 ad
2243 4114 2325 4176 11,
2367 4115 2453 4166 56.
2528 4116 2594 4167 In
2634 4133 2790 4184 seqq.

1697 4198 1883 4234 vocem
1912 4180 2128 4248 Λίβυας
2152 4184 2208 4233 in
2233 4180 2440 4248 Λίβυς,
2480 4201 2590 4250 qua
2613 4188 2797 4238 forma

1700 4253 2003 4303 accusativi
2035 4257 2317 4304 contracta
2345 4254 2551 4306 Noster
2580 4255 2639 4305 in
2663 4255 2792 4306 aliis

1699 4321 2007 4371 nominibus
2053 4323 2136 4373 uti
2187 4322 2361 4384 solet,
2416 4326 2617 4375 mutari
2668 4324 2794 4376 vult

1698 4390 1933 4442 Bredov.
1982 4406 2039 4456 p.
2075 4392 2174 4444 271
2217 4395 2274 4442 et
2309 4391 2413 4443 hoo
2452 4389 2574 4444 loco
2610 4398 2667 4445 et
2701 4411 2795 4446 ee-
