3109 5092
1156 339 1657 400 EU'PERPE.
1704 337 1788 397 H.
1832 348 1920 400 81.
2551 335 2676 396 605

400 515 554 601 περὶ
603 509 686 582 τὰ
737 513 979 581 σκέλεα
1029 507 1473 590 θυσανωτοῦς
1492 561 1511 596 ,
1569 506 1688 589 οὓς
1747 511 2060 579 καλέουσι
2114 513 2492 596 καλασίρις·
2568 508 2678 577 ἐπὶ

398 616 692 686 τούτοισι
736 614 809 683 δὲ
852 618 1107 701 εἰρίνεα
1144 618 1377 703 εἵματα
1424 610 1633 682 λευκὰ
1671 609 2142 700 ἐπαναβληδὸν
2182 611 2525 699 φορέουσι.
2594 605 2678 678 οὐ

398 722 628 808 μέντοι
657 724 724 796 ἔς
754 744 831 803 γε
860 715 943 786 τὰ
978 716 1088 805 ἱρὰ
1129 718 1480 806 ἐσφέρεται
1514 722 1806 805 εἰρίνεα,
1843 712 2003 783 οὐδὲ
2047 713 2686 801 συγκαταθάπτεταί

393 844 517 911 σφι
540 844 554 858 ·
602 818 685 890 οὐ
716 818 847 909 γὰρ
875 816 1081 891 ὅσιον.
1144 815 1580 909 ὁμολογέουσι
1613 818 1687 887 δὲ
1717 823 1926 887 ταῦτα
1954 833 2125 887 τοῖσι
2146 815 2524 906 Ὀρφικοῖσι
2552 843 2673 885 κα-

470 977 593 1045 οός
658 985 944 1053 καλέουσι]
1002 987 1234 1037 Miratur
1298 986 1483 1036 stmv.

398 1060 555 1124 Spec.
607 1058 655 1108 Ι.
694 1058 921 1119 Quaest.
973 1057 1177 1107 Herod.
1226 1070 1355 1121 pag.
1398 1054 1485 1117 20,

400 1129 488 1178 cui
522 1129 580 1177 in
617 1125 818 1192 plurali
861 1140 1083 1176 numero
1129 1140 1338 1190 semper
1375 1123 1489 1188 pla-

399 1198 575 1247 cuerit
592 1187 791 1259 τούς,
829 1188 963 1256 τὰς,
995 1189 1099 1259 τὰ,
1126 1211 1221 1246 cur
1241 1195 1344 1244 hoc
1368 1193 1489 1243 loco

399 1266 679 1330 scripserit
742 1254 867 1322 οὕς.
937 1265 1053 1315 Nec
1085 1265 1259 1330 magis
1307 1267 1491 1340 tampn

401 1335 646 1401 equidem
682 1323 785 1391 οὓς
819 1334 875 1384 h.
903 1333 941 1385 l.
972 1334 1227 1384 mutarim
1257 1335 1313 1382 in
1334 1346 1488 1394 τους,

401 1420 562 1471 quam
611 1404 688 1465 11,
752 1404 848 1454 113
885 1391 918 1451 ὃ
965 1404 1023 1454 in
1071 1396 1155 1465 τὸ,
1203 1408 1266 1453 ιιι
1310 1401 1484 1452 eidem

401 1475 519 1524 viro
555 1474 717 1523 docto
754 1471 955 1537 placet.
1009 1474 1056 1523 Ε
1083 1473 1237 1523 libris
1265 1472 1486 1536 scriptis

403 1542 551 1594 nulla
614 1542 839 1592 affertur
907 1540 1160 1592 lectionis
1225 1542 1485 1591 varietas.

405 1612 684 1664 Struvium
744 1611 916 1661 secuti
973 1616 1101 1661 sunt
1145 1608 1376 1661 Dietsch
1434 1614 1488 1659 et

402 1682 640 1732 Dindorf
681 1680 776 1745 (cf.
823 1680 1068 1731 Praefat.
1119 1696 1245 1746 pag.
1294 1679 1486 1729 XVIII

401 1746 1362 1884 wax?⁰²⁵²“2310‘2123t”⁶;22{⁶‘
1413 1763 1490 1867 ‚23

403 1881 658 1938 τούτοισι
702 1882 766 1938 δὲ
808 1903 859 1937 κ.
914 1903 960 1937 τ.
1013 1888 1059 1938 λ.
1112 1889 1258 1939 conf.
1321 1890 1489 1939 etiam

400 1963 539 2008 nott.
578 1958 649 2007 ad
689 1957 734 2020 1,
776 1958 896 2016 155.

473 2019 544 2076 οὗ
618 2019 773 2075 ἐντοι
818 2021 874 2083 ἔς
910 2039 970 2089 γε
1004 2016 1075 2075 τὰ
1118 2016 1216 2088 fo&
1261 2015 1488 2089 ἐσφέρε-

402 2111 492 2145 ται
532 2109 558 2144 ε
588 2091 769 2158 ρίνεα]
829 2096 976 2145 Hinc
1029 2094 1339 2145 sacerdotes
1386 2094 1491 2144 Ae·

400 2164 574 2230 gyptii
595 2165 922 2214 vestimenta
941 2163 1086 2213 linea
1097 2167 1334 2229 gestant,
1355 2178 1491 2214 sem-

401 2250 496 2299 per
515 2248 703 2283 recens
731 2233 861 2296 lota,
889 2232 1053 2298 idque
1078 2249 1238 2298 quam
1255 2234 1486 2283 maxime

402 2308 633 2365 curant,
682 2307 742 2351 ut
789 2303 988 2353 Noster
1035 2303 1229 2353 scribit
1270 2303 1349 2364 11,
1396 2303 1482 2365 37,

401 2374 492 2423 ubi
529 2371 676 2422 conf.
714 2378 828 2422 not.
903 2371 1029 2421 Vid.
1069 2373 1234 2422 etiam
1271 2372 1482 2422 Brann:

401 2444 488 2493 De
524 2442 711 2493 vestit.
748 2440 1043 2492 sacerdott.
1095 2443 1294 2493 Hebrr.
1333 2441 1380 2503 1,
1428 2442 1480 2490 9.

400 2510 452 2573 ᾗ.
498 2513 610 2562 147.
651 2526 702 2575 p.
747 2510 863 2563 16⁴2.
940 2511 1184 2573 „Scribit
1217 2510 1484 2575 Hierony-

401 2596 518 2630 mus
558 2583 613 2630 in
651 2581 818 2632 catal.
867 2581 1081 2645 scriptt.
1121 2580 1316 2631 eccleS.
1353 2595 1481 2644 pag.

405 2650 505 2701 170
524 2650 590 2700 F.
629 2650 714 2700 ed.
735 2649 992 2700 Francos.
1022 2650 1088 2700 de
1121 2651 1322 2700 Iacobo
1347 2652 1489 2713 Apo-

403 2719 572 2771 stolo:
622 2714 760 2777 ἔθος
799 2713 862 2768 δὲ
897 2707 973 2783 ἦν
1010 2710 1166 2783 αὐτῷ
1204 2715 1489 2768 εἰσελθεῖν

401 2783 484 2845 εἰς
500 2778 570 2837 τὰ
591 2777 724 2851 ἅγια
747 2785 863 2836 τῶν
880 2781 1061 2852 ἁγίων
1076 2779 1277 2852 ἐσθῆτι
1298 2777 1486 2853 ἐρεΐνῃ

402 2851 481 2922 μὴ
518 2849 870 2921 κεχρημένου,
910 2850 1048 2906 ἀλλὰ
1066 2854 1258 2922 λινῇ.“
1297 2857 1384 2908 Gr.
1417 2885 1488 2895 —-

402 2927 530 2977 Mox
565 2942 663 2991 pro
697 2906 850 2987 0562,
889 2926 1194 2976 Werferum
1220 2925 1267 2974 si
1294 2926 1486 2976 audias

403 2996 457 3045 in
489 2997 636 3046 Actt.
676 2994 825 3059 phill.
876 2995 1125 3045 Monacc.
1174 2995 1222 3045 Ι.
1270 3010 1325 3059 p.
1365 2996 1486 3058 250,

401 3065 744 3115 scribendum
779 3054 848 3112 οὐ
886 3058 968 3128 δὲ,
1006 3064 1312 3118 seiunctim.

469 3125 842 3198 ὁμολογέουσι
882 3126 946 3182 δὲ
973 3131 1152 3182 ταῦτα
1186 3135 1334 3183 τοῖσι
1364 3124 1486 3196 Ὁρ-

400 3205 621 3266 φικοῑσι
661 3217 711 3250 κ.
744 3217 793 3251 τ.
831 3199 906 3265 λ.]
944 3202 1125 3252 Verba
1161 3197 1256 3251 καὶ
1287 3204 1487 3266 Βακχι-

397 3274 577 3335 κοῖσι,
624 3261 782 3320 ἐοῦσι
824 3265 886 3319 δὲ
924 3265 1285 3335 Αἰγυπτίοισι
1326 3272 1483 3334 male,

396 3341 454 3391 in
487 3339 808 3405 quibusdam
844 3338 996 3390 libris
1021 3340 1241 3405 scriptis
1266 3342 1483 3401 omissa,

397 3410 748 3469 retinuimus,
807 3414 869 3458 ut
915 3408 1115 3460 dudum
1163 3414 1488 3461 monuerunt

397 3478 824 3541 Valckenarius,
883 3477 1007 3541 alii,
1074 3494 1139 3529 ac
1185 3494 1359 3543 nuper
1394 3479 1486 3529 ad-

397 3548 615 3598 modum
663 3547 960 3598 Creuzerus
1008 3534 1342 3598 Commentfl
1379 3548 1488 3597 He-

398 3616 553 3667 rodd.
594 3633 646 3681 p.
697 3616 812 3679 167,
858 3618 951 3682 qui
992 3618 1047 3666 iu
1098 3617 1204 3666 hac
1250 3630 1485 3681 quorun-

398 3685 523 3735 dam
556 3685 815 3737 librorum
839 3685 1033 3736 lacuna
1066 3686 1359 3736 manifesta
1392 3700 1486 3735 ve-

399 3756 568 3821 stigia
614 3756 876 3806 audaciae
923 3755 1339 3817 Graeculorum,
1393 3755 1486 3820 qui

397 3823 670 3875 Bacchica
692 3840 793 3875 sua
815 3839 973 3875 saera
998 3825 1065 3874 ab
1097 3824 1385 3888 Aegyptiis
1406 3839 1486 3874 re-

399 3894 514 3958 peti
552 3894 786 3957 nollent,
826 3894 930 3944 sibi
950 3892 1371 3957 deprehendisse
1407 3894 1488 3941 vi-

403 3962 578 4014 detur.
650 3965 754 4014 Est
779 3963 919 4013 enim
939 3963 1171 4028 insignis
1196 3962 1385 4013 Nostri
1409 3961 1485 4012 lo-

398 4047 521 4093 cus,
557 4047 676 4083 cum
699 4032 808 4082 alio
833 4031 929 4095 (11,
965 4032 1055 4096 49)
1087 4031 1485 4096 quodammodo

398 4101 835 4166 coniungendus,
881 4117 987 4165 quo
1038 4105 1268 4165 utroque
1300 4114 1486 4149 neces-

395 4170 688 4221 situdinem
724 4170 969 4221 declarat
1001 4168 1339 4233 disciplinae,
1377 4184 1484 4233 qua

397 4240 727 4290 Graecorum
761 4244 918 4289 vates
935 4254 1003 4289 ac
1021 4237 1326 4302 philosophi
1361 4242 1484 4288 tan-

395 4324 558 4372 quam
593 4308 797 4359 alumni
817 4323 940 4359 cum
962 4307 1355 4372 Aegyptiorum
1395 4321 1484 4355 sa·

396 4377 708 4429 cerdotibus
755 4381 817 4427 ut
867 4377 979 4429 suis
1034 4376 1312 4441 magistris
1366 4376 1484 4426 iun-

1591 989 1810 1049 gantur.
1886 983 2041 1045 Quod
2074 999 2137 1034 eo
2159 985 2334 1050 magis
2366 982 2679 1047 tenendum,

1592 1069 1698 1118 quo
1720 1053 1981 1103 illibatior
1999 1054 2198 1105 Noster
2218 1055 2291 1103 sit
2313 1053 2383 1103 ab
2403 1052 2681 1120 illa,1quae

1591 1122 1876 1187 postmodo
1896 1123 2099 1185 floruit,
2133 1124 2435 1189 cupiditate
2453 1122 2682 1172 miscen-

1593 1193 1783 1242 darum
1820 1191 2170 1257 relig-ionum,
2225 1207 2439 1258 quoque
2472 1193 2680 1257 impen-

1593 1262 1708 1312 sius
1740 1262 1797 1311 id
1835 1267 1969 1327 agat
1999 1261 2105 1313 hoc
2138 1262 2195 1310 in
2228 1261 2394 1325 libro,
2437 1267 2508 1324 ¹ut
2541 1275 2681 1326 qnae

1595 1331 1830 1393 Graeca,
1869 1345 2008 1396 quae
2040 1330 2313 1396 Aegyptia
2337 1331 2466 1394 sint,
2503 1331 2682 1380 seiun-

1591 1405 1689 1466 gat
1724 1416 1789 1451 ac
1826 1399 2129 1465 distinguat
2149 1400 2318 1464 (conf.
2354 1400 2681 1450 Crenzerum

1590 1470 1627 1519 l.
1665 1470 1701 1520 l.
1743 1486 1795 1535 p.
1840 1470 1959 1521 168.
1999 1470 2098 1519 172
2135 1470 2295 1536 seq.).
2368 1471 2476 1532 Qui
2510 1469 2683 1535 igitur

1592 1539 1835 1604 Orphica
1868 1554 2012 1604 quae
2046 1538 2304 1590 dicuntur
2352 1540 2416 1606 (a
2452 1539 2680 1590 Graecis

1591 1608 1735 1674 scil.)
1774 1613 1831 1659 et
1864 1607 2137 1658 Bacchica
2183 1610 2494 1660 consentire
2542 1608 2683 1657 dixit

1591 1693 1713 1728 cum
1750 1677 2144 1743 Aegyptiorum
2182 1693 2355 1743 aeque
2383 1694 2449 1728 ac
2476 1677 2682 1742 Pytha-

1590 1763 1875 1812 goreorum
1937 1747 2209 1797 institutis
2269 1747 2415 1812 (nam
2465 1747 2681 1797 dativos

1590 1818 1740 1866 τοῖσι
1764 1808 2087 1879 Ὀρφικοῖσι
2115 1821 2221 1869 etc.
2246 1815 2567 1866 neutraliter
2588 1831 2680 1866 ac-

1592 1885 1871 1951 cipiendos
1899 1900 2019 1935 esse
2044 1884 2112 1935 de
2138 1886 2410 1936 institutis
2440 1901 2483 1937 s.
2508 1886 2679 1936 sacris

1594 1955 1864 2020 Orphicis,
1888 1969 1998 2003 non
2018 1953 2085 2005 de
2106 1954 2412 2005 hominibus
2434 1970 2480 2004 s.
2503 1969 2683 2005 sacer-

1593 2025 1813 2075 dotibus
1838 2023 2109 2089 Orphicis,
2135 2040 2349 2075 monere
2372 2025 2466 2074 vix
2498 2023 2679 2089 opus),

1593 2096 1640 2143 is
1697 2094 1941 2159 profecto
2003 2093 2240 2158 Orphica
2295 2098 2352 2144 et
2405 2094 2682 2145 Bacchica

1594 2179 1766 2228 aeque
1804 2179 1871 2213 ex
1908 2164 2159 2229 Aegypto
2196 2164 2490 2228 repetenda
2526 2163 2682 2213 duxit

1587 2238 1753 2298 atque
1779 2232 2165 2298 Pythagorica,
2191 2234 2547 2299 omnibusque
2573 2233 2682 2283 his-

1589 2318 1652 2352 ce
1679 2302 2011 2353 Graecorum
2046 2303 2317 2352 institutis
2355 2304 2681 2368 Aegyptiam

1589 2373 1668 2422 ita
1716 2372 1909 2422 tribuit
1956 2372 2250 2437 originem,
2308 2378 2370 2423 ut
2412 2373 2680 2437 principia

1589 2445 1735 2492 certe
1785 2442 1900 2491 sive
1946 2441 2206 2505 primaria
2250 2440 2518 2492 elementa
2563 2443 2679 2491 eius

1589 2510 1870 2560 doctrinae
1924 2516 2092 2575 atque
2148 2526 2332 2560 eorum
2382 2525 2679 2567 sacrorum,

1588 2594 1728 2644 quae
1762 2594 1797 2629 a
1834 2579 2057 2630 Graecis
2095 2580 2164 2629 ad
2204 2579 2479 2645 Orpheum
2515 2585 2682 2644 atque

1588 2648 1864 2698 Bacchum
1923 2648 2257 2711 reseruntur,
2321 2665 2386 2699 ex
2430 2650 2679 2714 Aegypto

1591 2717 1759 2767 ducta
1794 2721 2045 2782 putemus
2081 2717 2315 2782 indeque
2357 2718 2523 2768 etiam
2558 2733 2678 2767 eam

1590 2792 1898 2851 repetamus
1956 2787 2191 2836 vestitus
2248 2786 2677 2850 similitudinem,

1589 2871 1749 2921 quarn
1789 2857 1932 2905 inter
1966 2856 2267 2921 Aegyptios
2315 2860 2480 2922 atque
2514 2856 2680 2907 Grae-

1590 2940 1682 2976 cos
1720 2923 1784 2989 (i.
1812 2941 1861 2976 e.
1900 2924 2166 2989 Orphieos
2199 2926 2316 2977 sive
2351 2926 2678 2989 Bacchicos)

1590 2996 1904 3045 sacerdotes
1926 2999 2190 3061 vatesque
2214 2996 2593 3047 intercessisse
2620 2996 2677 3047 h.

1589 3062 1627 3114 1.
1666 3065 1865 3116 Noster
1913 3064 2104 3115 tradit.
2176 3065 2367 3131 Neque
2412 3065 2539 3116 inde
2583 3068 2680 3115 mi-

1589 3149 1735 3196 rum,
1804 3132 1948 3199 quod
2012 3134 2287 3201 Orpheum
2347 3136 2678 3201 Aegyptium

1588 3203 1752 3268 vulgo
1802 3203 2083 3265 ferebant,
2134 3204 2510 3270 Orphicosque
2549 3205 2679 3254 inde

1589 3272 1845 3339 aequales
1882 3288 1946 3322 ac
1985 3289 2145 3338 pares
2188 3274 2503 3339 Aegyptiis3
2541 3274 2677 3322 Bac-

1587 3341 1746 3392 chica
1793 3357 1922 3392 vero
1970 3358 2131 3392 sacra
2176 3358 2242 3392 ex
2284 3345 2537 3407 Aegypto
2585 3341 2678 3391 ad-

1588 3415 1751 3460 vecta
1787 3425 1952 3474 supra
1987 3412 2065 3474 11,
2101 3412 2171 3463 49
2204 3412 2315 3461 iam
2350 3411 2552 3461 Noster
2590 3409 2679 3459 de·
2766 3429 2792 3452 e

1589 3478 1922 3541 claraverat,
1959 3485 2028 3537 et,
2049 3480 2152 3529 hoc
2187 3481 2386 3529 iterum
2420 3478 2678 3528 admonet

1587 3547 1738 3611 loco,
1777 3549 1957 3598 verbis
1994 3547 2139 3598 haud
2180 3546 2489 3598 inconsulto
2525 3547 2679 3597 addi-

1589 3617 1689 3666 tis:
1739 3609 1896 3667 ἐοῦσι
1945 3610 2007 3665 δὲ
2053 3611 2431 3680 Αἰγυπτίοισι.
2518 3617 2678 3677 Quod

1587 3685 1821 3751 denique
1859 3685 2229 3751 Pythagorica
2272 3691 2676 3750 commemorat,

1589 3755 1880 3805 tenendum
1919 3758 2032 3817 est,
2067 3754 2227 3805 huius
2255 3754 2578 3820 disciplinae
2597 3757 2679 3805 in-

1586 3826 1784 3874 stituta
1837 3824 2125 3873 maximam
2186 3828 2398 3888 partem
2444 3827 2679 3889 repetita

1585 3892 1761 3943 videri
1808 3908 1875 3942 ex
1922 3894 2173 3958 Aegypto
2229 3893 2463 3958 indeque
2510 3896 2678 3945 etiam

1590 3962 1886 4012 coniuncta
1923 3961 2050 4010 ferri
2085 3977 2207 4012 cum
2252 3967 2438 4013 vetere
2484 3964 2679 4029 Orphi-

1588 4044 1775 4081 corum
1806 4030 2100 4094 disciplina
2123 4046 2189 4081 ac
2220 4031 2497 4093 doctrina;
2535 4033 2677 4084 unde

1588 4100 1765 4164 ipsum
1797 4099 2168 4165 Pythagoram
2204 4100 2454 4165 Orphicis
2479 4108 2678 4167 myste-

1590 4169 1687 4217 riis
1722 4169 2000 4219 initiatum
2025 4169 2191 4235 vulgo
2225 4170 2527 4223 iactabant.
2569 4172 2677 4222 Sed

1589 4237 1727 4287 haec
1762 4238 1882 4302 ipsa
1917 4237 2160 4315 pluribus
2203 4255 2470 4303 exponere
2512 4240 2676 4290 huius

1588 4305 1698 4357 loci
1749 4322 1857 4356 non
1903 4311 2014 4357 est:
2072 4309 2139 4358 de
2160 4305 2551 4373 ‘Pythagorica
2596 4309 2677 4358 di-

1593 4374 1823 4440 sciplina
1859 4392 1926 4426 ex
1962 4377 2215 4442 Aegypto
2250 4376 2545 4442 repetenda
2576 4392 2677 4427 nos
