3109 5092
441 366 564 427 208

1297 365 1842 429 HERODOTI

441 540 852 607 παιδισκέων
894 542 1095 626 ἔργον
1132 534 1246 607 ἐὰν
1284 541 1618 625 μέγιστον.
1737 544 1872 607 Τοῦ
1911 537 2038 628 γὰρ
2078 536 2162 627 δὴ
2202 544 2456 609 Λυδῶν
2497 538 2714 629 δήμου

439 647 515 710 αἱ
547 641 916 730 θυγατέρες
958 639 1400 729 πορνεύονται
1437 647 1674 726 πᾶσαι,
1716 646 2161 729 συλλέγουσαι
2204 651 2396 731 σφίσι
2436 640 2711 732 φερνὰς,

440 746 507 823 ἐς
547 740 586 811 ὃ
640 738 729 812 ἂν
775 742 1263 832 συνοικήσωσι,
1312 750 1508 814 τοῦτο
1563 745 1940 822 ποιέουσαι·
2013 749 2356 814 ἐκδιδοῦσι
2399 746 2476 814 δὲ
2516 743 2712 814 αὐταὶ

442 846 711 927 ἑωυτάς.
783 841 824 934 ἦ
866 846 993 933 μὲν
1034 843 1118 934 δὴ
1163 853 1474 936 περίοδος
1514 852 1635 917 τοῦ
1677 846 1963 935 σήματος
2009 850 2136 917 εἰσὶ
2184 848 2442 917 στάδιοι
2491 852 2558 930 ἓξ
2601 850 2712 916 καὶ

441 949 567 1019 δύο
612 953 911 1039 πλέθρα,
955 948 1031 1018 τὸ
1057 949 1133 1018 δὲ
1172 942 1366 1040 εὖρός
1398 953 1536 1019 ἐστι
1583 953 1846 1039 πλέθρα
1882 956 2336 1041 τριακαίδεκα.
2406 958 2607 1039 λίμνη
2636 951 2711 1019 δὲ

438 1155 562 1215 ptas
595 1148 899 1213 intelligere
923 1155 978 1199 et
999 1150 1369 1215 inscriptionis
1407 1166 1527 1200 sen-

441 1236 561 1269 sum
591 1219 793 1269 referre
827 1220 1090 1283 potuisse.

511 1280 566 1346 ἕς
600 1277 635 1336 ὃ
660 1278 735 1336 ἂν
769 1280 1166 1354 συνοικήσωσι]
1206 1289 1312 1338 Pro
1339 1300 1527 1337 συνοι-

437 1351 676 1422 κήσουσι
709 1357 953 1408 dedimus
987 1373 1110 1406 cum
1147 1358 1320 1408 Gaisf.
1360 1357 1526 1407 libro-

437 1443 556 1477 rum
586 1427 922 1490 quorundam
960 1427 1290 1476 auctoritate
1335 1439 1526 1475 συνοι-

439 1488 680 1560 κήσωσι,
743 1511 863 1546 cum
919 1494 1139 1561 linguae
1189 1495 1339 1561 leges
1399 1512 1525 1546 con-

440 1566 739 1614 iunctivum
764 1570 1014 1629 poscant.
1052 1566 1137 1615 Tu
1157 1564 1266 1615 vid.
1288 1565 1522 1614 Werfer.

438 1635 495 1683 iu
518 1635 666 1683 Actt.
691 1634 841 1698 phin.
865 1636 1114 1684 Monacc.
1154 1635 1201 1684 Ι.
1237 1650 1363 1716 pffg.
1407 1635 1521 1695 105,

439 1702 751 1754 Biiumlein:
803 1704 987 1754 Ueber
1023 1704 1110 1753 die
1140 1704 1293 1754 Medi
1327 1719 1381 1769 p.
1424 1703 1516 1754 161

437 1788 552 1837 seq.
588 1801 659 1812 —-
692 1772 777 1823 Ad
813 1774 981 1823 verba
1017 1765 1280 1837 ἐφαίνετο
1317 1804 1388 1812 -
1425 1763 1523 1822 ἐὸν

438 1845 533 1892 Cr.
574 1840 786 1892 confert
803 1843 1029 1893 Barker.
1056 1843 1112 1893 in
1128 1843 1244 1893 The
1272 1840 1523 1893 classical

436 1913 620 1962 Iourn.
665 1911 734 1963 V.
782 1928 908 1979 pag.
957 1912 1061 1964 380
1118 1913 1187 1963 ob
1245 1911 1523 1977 participii

434 1997 612 2031 usum.

507 2042 799 2099 ἐκδιδοῦσι
844 2046 908 2098 δὲ
947 2039 1115 2099 adrat
1162 2042 1393 2116 ἕωυτὰς]
1440 2041 1524 2099 ἔκ-

434 2111 665 2168 διδόναι
688 2118 860 2182 patris
891 2123 1000 2180 est,
1040 2119 1133 2183 qui
1154 2118 1322 2169 filiam
1343 2123 1524 2179 elocat,

437 2187 533 2238 alii
567 2189 625 2237 in
656 2188 1058 2237 matrimonium
1097 2189 1186 2249 (ex
1222 2203 1323 2239 sua
1353 2189 1522 2253 ipsius

438 2255 625 2318 domo)
677 2257 801 2319 dat,
858 2256 1075 2306 adiecta
1133 2257 1278 2307 dote.
1360 2259 1519 2308 Cous.

438 2325 704 2376 Herodot.
746 2326 801 2387 Ι,
837 2325 958 2376 196.
1002 2326 1084 2387 11,
1124 2327 1209 2376 47.
1260 2327 1365 2390 IV,
1401 2327 1519 2378 146.

441 2398 616 2458 Quam
652 2395 830 2445 dotem
871 2411 992 2445 cum
1045 2394 1150 2443 sibi
1183 2396 1336 2460 ipsae
1381 2396 1528 2446 colli-

439 2470 574 2528 gant
607 2463 780 2526 filiae,
836 2478 894 2512 se
929 2465 1077 2529 ipsas
1121 2466 1279 2529 quasi
1316 2464 1526 2516 elocare

438 2534 708 2584 dicuntur.
758 2534 936 2583 Verba
973 2530 1076 2583 τοῦ
1107 2531 1314 2584 Λυδῶν
1338 2526 1524 2599 δήμου

437 2603 502 2653 de
548 2604 704 2669 plebe
758 2618 929 2668 egena
977 2608 1033 2653 et
1079 2603 1240 2668 inope
1289 2603 1522 2669 intelligi

436 2678 703 2724 monstrat
738 2672 783 2736 Ι,
823 2672 941 2734 196,
979 2673 1072 2722 ubi
1104 2673 1247 2723 vide.
1318 2675 1403 2723 De
1422 2674 1522 2723 Ar-

435 2744 646 2794 meniae
695 2740 886 2806 puellis
930 2742 1091 2792 simili
1142 2741 1301 2792 modo
1338 2743 1520 2792 dotem

435 2811 539 2861 sibi
574 2810 960 2876 quaerentibus
988 2816 1174 2864 narrat
1212 2812 1409 2862 Strabo
1441 2812 1521 2861 XI

437 2880 493 2928 in
526 2880 620 2930 fin.
658 2896 713 2944 p.
746 2879 866 2930 532.
887 2916 902 2940 ,
936 2880 1082 2929 haud
1117 2881 1394 2930 immemor
1432 2896 1520 2930 eo·

435 2963 580 3012 rum,
604 2963 765 3012 ·quae
813 2948 878 2997 de
924 2948 1132 3012 Lydiae
1181 2948 1376 3013 puellis
1413 2950 1520 2999 No-

435 3021 549 3065 ster
583 3016 779 3076 tradit;
819 3016 949 3081 quin
984 3018 1127 3081 apud
1151 3019 1412 3066 Etruscos
1449 3019 1518 3067 si·

434 3085 561 3134 mile
584 3084 715 3149 quid
748 3085 1049 3135 obtinuisse
1069 3085 1315 3136 indicant
1332 3087 1519 3137 Plauti

433 3168 623 3203 versus
660 3153 717 3202 in
739 3153 947 3203 Cistell.
973 3154 1048 3216 11,
1075 3155 1125 3217 3,
1158 3155 1243 3217 20,
1278 3156 1336 3205 id
1372 3158 1518 3221 quod

433 3223 503 3273 ad
525 3223 809 3287 utriusque
830 3224 1027 3287 gentis,
1053 3225 1321 3274 Etruscae
1345 3229 1399 3274 et
1415 3226 1521 3290 Ly—

434 3292 613 3354 dicae,
660 3293 1036 3357 cognationem
1081 3309 1519 3359 communemque

433 3361 696 3426 originem
750 3365 999 3425 spectare
1049 3367 1232 3413 monet
1280 3363 1516 3414 Becker:

433 3429 668 3481 Charicl.
708 3431 817 3481 111.
866 3447 920 3496 p.
959 3432 1080 3481 274.
1149 3431 1308 3506 Apud
1344 3433 1518 3483 Vene-

430 3505 517 3550 tos
585 3499 762 3550 medio
832 3516 968 3551 aevo
1027 3500 1256 3551 similem
1315 3517 1514 3552 morem

431 3570 673 3620 invenire
718 3568 906 3620 scribit
940 3570 1137 3621 Iacobs
1176 3570 1514 3622 Vermischte

430 3638 655 3688 schrift.
701 3635 799 3689 VI.
857 3655 911 3703 p.
962 3641 1048 3690 40.
1094 3667 1165 3676 --
1222 3632 1512 3688 ἐκδιδοῦσι

429 3708 626 3772 scripsi
649 3708 801 3757 iussu
825 3708 1083 3758 Brcdovii
1107 3723 1234 3773 pag.
1264 3709 1361 3760 401
1382 3745 1395 3770 ,
1421 3708 1514 3772 qui

428 3776 668 3825 Atticam
705 3776 934 3826 formam
968 3776 1057 3827 hic
1083 3777 1209 3827 olim
1235 3777 1514 3842 vulgatam

429 3833 719 3892 ἐκδιδόασι
769 3844 825 3892 in
885 3845 1166 3896 Herodoto
1223 3845 1352 3895 ferri
1405 3861 1515 3895 non

427 3925 590 3974 posse
625 3916 831 3961 censet.

496 3968 533 4041 ἡ
567 3974 671 4041 μὲν
708 3971 781 4042 δὴ
818 3975 1091 4043 περίοδος
1126 3995 1177 4028 κ.
1206 3995 1254 4029 τ.
1292 3978 1368 4045 λ.]
1404 3975 1513 4030 εἰσὶ

426 4046 628 4097 Noster
672 4048 891 4112 scripsit
935 4048 1230 4111 respiciens
1279 4048 1349 4098 ad
1394 4065 1512 4098 eam

426 4130 642 4176 vocem,
694 4128 835 4179 quae
867 4115 1110 4179 proxime
1148 4116 1328 4179 posita
1363 4132 1511 4181 repe-

423 4184 563 4233 ritur
590 4180 885 4247 (στοίδιοι)ε
922 4184 989 4232 de
1015 4199 1120 4247 quo
1145 4184 1257 4234 vid.
1276 4185 1508 4236 Bredov'.

422 4268 478 4317 p.
533 4251 654 4304 336.
726 4251 928 4301 Vocem
974 4249 1246 4313 περίοδος
1292 4251 1358 4302 de
1401 4269 1511 4303 am-

422 4319 543 4374 bitu
587 4334 632 4370 s.
682 4320 989 4384 perIpheria
1033 4321 1364 4372 monumenti
1409 4323 1510 4372 cir-

423 4387 532 4439 culi
587 4387 659 4439 ad
711 4389 889 4441 instar
942 4389 1206 4441 exstructi
1250 4387 1508 4457 intelligit

1629 1148 1909 1198 Thiersch.
1934 1165 1989 1214 Ρ.
2010 1149 2116 1199 410
2144 1164 2286 1214 seq.,
2322 1134 2491 1213 εὖρος
2515 1148 2581 1198 de
2603 1147 2716 1198 dia-

1630 1223 1800 1267 metro
1844 1218 2073 1283 accipit,
2121 1218 2355 1283 indeque
2398 1224 2462 1268 ut
2505 1233 2717 1267 mensu-

1627 1302 1808 1339 rarum
1830 1289 1972 1338 ratio
2008 1288 2113 1337 sibi
2142 1293 2426 1352 congruat,
2460 1285 2715 1352 τριακαί-

1628 1353 1767 1405 δεκα
1801 1357 1857 1405 in
1895 1349 2122 1406 δώδεκα
2158 1358 2355 1407 mutari
2391 1357 2529 1408 vult.
2584 1357 2714 1406 Pro—

1628 1425 1816 1475 kesch.
1857 1425 1894 1476 l.
1930 1424 1968 1475 l.
2005 1442 2133 1491 pag.
2173 1428 2233 1477 51
2276 1442 2420 1491 seq.,
2465 1426 2559 1491 qui
2597 1426 2713 1490 ipse

1628 1494 1808 1544 locum
1843 1495 2062 1558 invisit,
2105 1496 2370 1546 tumulum
2403 1496 2711 1558 maximum,

1627 1579 1784 1629 quem
1829 1580 1925 1628 pro
1975 1564 2214 1630 Alyattis
2268 1565 2475 1616 tumulo
2529 1565 2712 1626 habet,

1626 1634 1888 1684 ambitum
1925 1635 2185 1698 praebere
2222 1635 2300 1684 ait
2346 1635 2482 1685 3444
2518 1635 2711 1698 pedum

1625 1704 1831 1753 Pariss.
1882 1703 2047 1768 idque
2100 1705 2180 1754 sic
2234 1704 2369 1753 satis
2424 1704 2715 1754 convenire

1625 1787 1747 1821 cum
1794 1773 2061 1822 Herodoti
2105 1774 2446 1836 narratione,
2497 1788 2561 1822 ex
2605 1787 2714 1837 qua

1626 1841 1861 1891 ambitus
1902 1832 1961 1905 (ἡ
2002 1839 2302 1906 περίοδος)
2346 1844 2419 1891 sit
2454 1842 2592 1893 3800
2626 1857 2714 1905 pe-

1626 1912 1753 1960 dum
1789 1911 2018 1974 Pariss.,
2054 1912 2374 1975 praesertim
2404 1912 2451 1961 si
2482 1912 2711 1976 cogites,

1630 1980 1890 2031 imbribus
1944 1981 2472 2046 tempestatibusque
2518 1979 2712 2030 tumuli

1627 2054 1835 2114 partem
1884 2064 2005 2099 esse
2051 2049 2316 2099 avulsam.
2399 2051 2471 2100 At
2517 2050 2716 2100 Texier

1626 2118 1663 2167 l.
1701 2117 1740 2168 l.
1776 2118 2040 2169 Herodoti
2076 2134 2357 2170 mensuras
2402 2119 2482 2169 ait
2516 2120 2712 2169 nimias

1628 2203 1751 2237 esse
1822 2203 1997 2254 neque
2052 2188 2167 2246 allo
2223 2189 2383 2239 modo
2440 2187 2711 2251 ferendas,

1625 2256 1713 2306 vel
1747 2257 1796 2307 si
1832 2257 2024 2308 tumuli
2071 2258 2334 2308 ambitum
2384 2258 2512 2308 olim
2546 2258 2713 2309 maio-

1624 2341 1765 2388 rem,
1819 2327 1915 2377 sed
1952 2330 2253 2392 temporum
2283 2327 2514 2378 decursu
2549 2327 2714 2378 demi-

1629 2399 1820 2445 nutum
1851 2396 2025 2445 fuisse
2060 2397 2356 2447 existimes.
2430 2396 2537 2459 Qui
2570 2396 2711 2446 idem

1626 2480 1901 2584 ww
1921 2470 2711 2600 ..2⁸011‘12‘33AEt‘1'1ffi0'22233

1624 2607 1848 2667 putatas
1915 2619 2178 2654 summam
2236 2605 2496 2669 praebere
2552 2605 2710 2669 ponit

1623 2673 1853 2724 Fraucc.
1892 2672 2086 2724 Gallie.
2132 2673 2214 2736 10,
2253 2673 2374 2736 603,
2413 2673 2535 2724 200.

1689 2740 1859 2806 λίμνη
1897 2735 1961 2790 δὲ
1997 2737 2179 2806 ἔχεται
2214 2757 2266 2791 κ.
2295 2757 2343 2792 τ.
2372 2738 2445 2806 λ.]
2472 2743 2510 2791 i.
2535 2756 2581 2792 e.
2610 2756 2710 2791 mo-

1623 2818 1846 2861 numento
1894 2814 2156 2875 contiguus
2201 2819 2303 2869 est,
2365 2819 2713 2862 monimentum

1619 2884 1853 2941 proxime
1898 2882 2098 2944 attinoit
2138 2882 2281 2930 lacus
2329 2896 2552 2946 magnus.
2624 2879 2709 2930 Ad

1621 2948 2074 3012 significationem
2126 2950 2278 2998 verbi
2326 2944 2557 3013 ἔχεσθαι
2590 2964 2709 3012 per—

1621 3017 1798 3067 tinent
1832 3017 1937 3068 loci
1974 3017 2271 3068 Herodotei
2310 3018 2385 3079 11,
2424 3018 2543 3070 148.
2584 3019 2703 3068 170.

1620 3086 1725 3149 IV,
1778 3086 1894 3138 169.
1947 3088 2066 3138 170.
2116 3087 2234 3137 178.
2288 3087 2406 3137 180.
2460 3087 2579 3138 190.
2639 3087 2705 3149 V,

1623 3155 1718 3215 493
1758 3155 1823 3205 de
1850 3157 2092 3220 genitivo
2116 3155 2304 3205 addito
2328 3157 2476 3206 conf.
2503 3155 2703 3205 Matth.

1622 3226 1672 3285 g.
1697 3223 1821 3278 330.
1872 3225 2081 3275 Lacum
2107 3226 2359 3289 Gygaeum
2384 3241 2430 3275 s.
2452 3230 2707 3289 stagnum

1622 3294 1892 3359 Gygaeum,
1932 3294 2076 3358 quod
2095 3293 2274 3343 Plinio
2308 3294 2509 3345 dicitur
2533 3294 2604 3344 H.
2633 3294 2704 3344 N.

1618 3362 1696 3425 V,
1734 3363 1830 3422 29,
1868 3361 1964 3424 30,
2013 3378 2122 3412 nou
2164 3362 2328 3427 longe
2373 3368 2637 3414 remotum
2672 3378 2707 3411 a

1619 3430 1880 3480 Sardibus
1918 3431 2051 3495 ipsis
2087 3435 2253 3495 atque
2289 3431 2358 3481 ab
2388 3431 2483 3482 illo
2530 3437 2704 3482 tumu-

1615 3497 1789 3549 lorum
1825 3500 1972 3560 loco,
2009 3501 2103 3563 qui
2141 3514 2284 3549 nuuc
2319 3505 2549 3551 vocatur
2580 3501 2704 3551 Bin-

1624 3567 1784 3631 Tepe,
1850 3569 1957 3617 iam
1987 3569 2257 3618 Homerus
2299 3570 2455 3620 novit
2505 3569 2590 3620 Ili.
2627 3569 2703 3632 11,

1617 3637 1720 3689 863
1755 3635 1870 3700 (ubi
1895 3638 2038 3687 cons.
2061 3637 2407 3703 interpretes)
2436 3637 2558 3688 coll.
2584 3639 2703 3699 XX,
2768 3689 2789 3706 ο

1617 3704 1746 3766 391,
1796 3705 2033 3771 itemque
2082 3706 2279 3757 Strabo
2316 3707 2474 3757 XIII.
2508 3723 2560 3771 p.
2600 3706 2704 3757 626

1618 3779 1672 3824 et
1695 3773 1816 3838 627,
1836 3775 1930 3839 qui
1947 3775 2102 3824 illum
2120 3775 2299 3825 lacum
2318 3775 2533 3825 nomine
2558 3779 2705 3840 post-

1612 3843 1718 3893 hac
1773 3847 1983 3893 mutato
2030 3835 2261 3908 Κολόην
2316 3843 2521 3893 dictum
2584 3858 2704 3893 esse

1617 3911 1811 3961 scribit
1886 3911 2251 3977 templumque
2321 3916 2703 3972 commemorat

1614 3980 1828 4031 Dianae
1857 3980 1984 4033 inde
2010 3996 2072 4031 co
2151 3982 2423 4031 ominatae
2447 3979 2569 4046 (τῆς
2588 3979 2701 4030 Κο-

1614 4047 1828 4114 λοηνῆς
1856 4040 2075 4113 Ἀρτεμί
2102 4049 2195 4114 ος)
2222 4065 2389 4115 prope
2423 4051 2602 4115 ipsum
2624 4049 2702 4100 la-

1615 4133 1738 4168 cum
1774 4123 2106 4168 exstructum
2140 4123 2306 4183 atque
2330 4119 2499 4169 sacris
2522 4119 2702 4184 Lydo-

1612 4202 1731 4236 rum
1766 4186 2094 4253 solemnibus
2127 4187 2368 4252 insigne:
2408 4188 2474 4238 de
2504 4188 2699 4252 quibus

1614 4256 1688 4306 cf.
1726 4255 1947 4305 Curtius
1983 4255 2021 4306 1.
2062 4255 2097 4306 l.
2136 4270 2265 4320 pag.
2294 4257 2414 4307 150.
2448 4257 2546 4306 156
2582 4272 2697 4320 seq.

1613 4323 1827 4389 Templi
1872 4324 2058 4374 ruinas
2105 4324 2369 4388 quasdam
2415 4324 2728 4389 ipsumque·

1609 4390 1816 4455 lacum,
1855 4391 1944 4442 cui
1976 4404 2123 4442 nunc
2155 4406 2353 4443 nomen
2388 4389 2700 4462 Mer-menela-
