3109 5092
1335 362 1590 425 CLIO.
1634 364 1685 424 Ι.
1730 374 1820 429 68.

2595 372 2712 432 151

431 532 743 624 θώυματι
785 524 905 621 ἦν,
950 529 1166 622 ὁρέων
1203 533 1278 605 τὰ
1319 536 1737 626 ποιεόμενον.
1793 537 2041 627 μαθων
2083 544 2165 610 δέ
2195 571 2316 628 μιν
2353 538 2390 612 ὁ
2428 543 2714 631 χαλκεύς

431 635 1011 726 ἀποθωυμοὶζοντα
1055 637 1202 708 εἶπε
1244 640 1674 730 παυσάμενος
1729 649 1850 712 τοῦ
1892 649 2128 731 ἔργου·
2195 636 2286 715 H
2317 674 2442 715 κου
2482 676 2601 731 αν,
2658 677 2710 718 ω

432 746 605 825 ξεῖνε
635 742 918 827 Λάκων,
962 752 1032 811 εἰ
1062 769 1189 830 περ
1233 742 1409 824 εἶδες
1444 745 1521 816 τό
1563 772 1691 835 περ
1734 743 1900 834 ἐγω,
1943 747 2152 837 κάρτα
2191 744 2278 817 ἀν
2308 747 2710 839 ἐθωυμαζες,

431 841 595 915 ὅκου
621 852 754 916 νῦν
779 841 956 916 οὕτω
982 846 1333 934 τυγχάνεις
1370 853 1619 936 θῶυμα
1659 850 2055 938 ποιεύμενος
2079 851 2205 939 τὴν
2243 855 2563 941 ἐργασίην
2587 861 2711 924 τοῦ

431 948 732 1039 σιδήρου.
790 945 921 1036 ἐγώ
967 947 1097 1039 γάρ
1135 953 1211 1021 ἐν
1247 957 1407 1044 τῇδε
1437 946 1666 1023 θέλὼν
1707 960 1788 1043 τῇ
1827 950 2001 1046 αὐλῇ
2027 957 2245 1044 φρέαρ
2274 955 2706 1045 ποιήσασθαι,

429 1049 742 1141 ὀρύσσων
771 1055 1092 1140 ἐπέτυχον
1128 1061 1305 1148 σορῷ
1333 1056 1700 1145 ἑπταπήχεϊ
1711 1077 1725 1090 ·
1794 1053 1928 1127 ὑπὸ
1966 1057 2042 1128 δὲ
2085 1054 2426 1147 ἀπιστίης,
2467 1057 2558 1148 μὴ
2584 1059 2711 1148 μὲν

430 1158 748 1244 γενέσθαι
776 1155 1050 1246 μηδαμὰ
1075 1161 1350 1246 μέζονας
1386 1156 1796 1249 ἀνθρώπους
1827 1165 1965 1231 τῶν
2007 1166 2172 1248 νῦν,
2219 1158 2442 1256 ἀνῷξα
2469 1159 2707 1252 αὐτὴν,

499 1348 690 1406 ἐλθὼν
748 1349 802 1414 ἐς
859 1350 1226 1437 χαλκήϊον,
1286 1349 1516 1424 ἐθηεῖτο

429 1424 673 1491 σίδηρον
700 1418 1168 1508 ἐξελαυνόμενον]
1182 1429 1387 1480 Eodem
1406 1446 1517 1481 mo·

430 1498 499 1547 do
522 1497 681 1562 paulo
705 1501 831 1561 post
854 1487 884 1547 ὃ
911 1490 1166 1563 χαλκεὺς,
1186 1515 1515 1565 quamquam

422 1569 706 1630 serr-ariam
738 1568 908 1627 fuisse
938 1569 1221 1633 ipsamque
1239 1570 1513 1620 officinam

396 1637 735 1699 ,ser-ruriam,
783 1639 919 1688 satis
957 1643 1072 1688 tum
1129 1655 1194 1688 ex
1249 1639 1351 1690 hoc
1396 1640 1514 1704 ipso

424 1706 547 1757 loco
583 1711 696 1757 tum
734 1722 799 1757 ex
832 1708 1142 1758 Pausaniae
1184 1708 1223 1759 l.
1274 1709 1310 1760 1.
1361 1710 1515 1759 Intel-

423 1776 632 1841 ligitur.
701 1776 808 1827 Sed
868 1782 995 1841 apte
1045 1778 1153 1827 iam
1211 1778 1353 1827 inter
1403 1778 1514 1828 alia

424 1845 663 1896 Pollucis
720 1845 899 1896 locum
967 1845 1157 1895 attulit
1221 1846 1515 1898 Wesselin-

425 1916 569 1993 gius,
606 1915 662 1964 in
699 1914 1035 1969 Onomastic.
1072 1915 1202 1977 VII,
1229 1915 1346 1967 106.
1384 1916 1513 1981 χαλ-

425 1977 618 2035 κεύειν
658 1977 723 2034 δὲ
767 1979 863 2033 καὶ
915 1977 979 2034 τὸ
1030 1952 1356 2067 σιδηρεύειν
1402 1981 1514 2036 ἔλε-

460 2070 549 2117 ον,
581 2049 676 2103 καὶ
711 2049 948 2118 χαλκέας
979 2069 1114 2113 τους
1138 2069 1239 2104 τον
1269 2052 1514 2140 σίδηρον

424 2070 458 2176 Ξ
452 2123 848 2188 ργαζομένους.
916 2125 1165 2190 Namque
1198 2140 1293 2175 aes
1331 2126 1513 2191 cogni-

426 2201 542 2245 tum
579 2193 802 2245 Graecis
838 2199 969 2245 ante
1007 2194 1237 2255 ferrum3
1280 2196 1513 2261 indeque

427 2264 727 2316 communis
772 2264 1034 2314 remansit
1087 2264 1412 2330 appellatio,
1452 2270 1514 2316 ut

425 2336 502 2396 is,
550 2335 643 2399 qui
690 2333 887 2383 ferrum
943 2334 1275 2396 elaboraret,
1323 2335 1513 2386 eodem

425 2405 640 2455 nomine
674 2404 957 2465 diceretur,
980 2419 1141 2469 quam
1178 2405 1271 2471 qui
1307 2405 1362 2454 in
1387 2421 1513 2455 aere

424 2475 824 2526 elaboraverat.
862 2475 1068 2524 Probat
1094 2474 1325 2525 Hesiodi
1358 2474 1512 2526 locus

423 2546 482 2595 in
519 2544 661 2609 Opp.
701 2548 757 2594 et
789 2544 862 2595 D.
899 2559 983 2595 vs.
1037 2545 1129 2595 151
1178 2544 1266 2595 ed.
1314 2545 1405 2595 Br.
1450 2548 1513 2595 'et

426 2615 669 2665 Lucretii
705 2611 793 2678 (V,
832 2610 996 2676 1292)
1026 2614 1108 2665 ita
1144 2615 1418 2665 canentis·

494 2685 653 2734 Prior
688 2683 831 2734 aeris
875 2687 995 2733 erat
1042 2700 1205 2749 quam
1241 2685 1371 2735 ferri

859 2754 1112 2818 cognitus
1147 2769 1301 2805 usus.

424 2824 668 2902 Pariter,
705 2826 766 2872 ut
802 2827 985 2873 monet
1020 2824 1142 2885 Cr„
1178 2815 1249 2874 τὰ
1282 2822 1513 2888 χαλκεῖα

427 2898 483 2945 et
516 2884 585 2942 τὰ
622 2860 850 2957 σιδήρια
885 2892 1185 2958 iunguntur
1231 2894 1289 2944 in
1327 2894 1510 2944 Plato-

424 2963 509 3013 nis
555 2961 881 3026 Euthydem.
939 2979 995 3027 p.
1052 2962 1172 3015 300.
1222 2979 1348 3030 pag.
1406 2962 1510 3014 449

424 3032 604 3084 Bekk.
640 3032 783 3084 Add.
820 3033 875 3097 ip
878 3047 996 3083 sum
1017 3032 1358 3084 Herodotum
1382 3033 1508 3095 VII,

423 3103 493 3154 84
537 3091 759 3181 χάλκεα
810 3048 907 3151 καὶ
962 3094 1199 3167 σιδήρεα
1257 3071 1511 3166 ἐξεληλα-

422 3170 567 3236 μένα
607 3162 899 3235 ποιήματα
933 3173 1273 3238 iungentem‚
1311 3173 1405 3222 ubi
1445 3174 1513 3224 de

424 3241 760 3307 quorundam
772 3242 1060 3293 Persarum
1075 3248 1393 3307 tegumento
1425 3259 1514 3294 ca-

422 3312 554 3377 pitis
620 3309 881 3375 loquitur.
961 3312 1077 3363 Nec
1136 3313 1296 3363 aliter
1364 3312 1509 3377 apud

421 3381 621 3433 Athen.
660 3381 757 3431 VI.
795 3397 851 3446 p.
888 3380 992 3433 230
1027 3384 1095 3433 Ε.
1143 3379 1383 3444 κέντρον
1417 3372 1512 3432 ἐπὶ

421 3442 631 3500 λεπτὸν
657 3439 1092 3515 ἕξεληλαμένονε
1124 3452 1180 3501 in
1208 3451 1403 3517 quibus
1434 3456 1512 3502 te-

420 3520 602 3572 nenda
636 3520 720 3570 vis
754 3520 908 3571 verbi
951 3511 1276 3581 ἐξελαύνειν
1311 3521 1369 3571 ἰιι
1402 3537 1512 3572 me-

423 3589 604 3653 tallis,
645 3605 787 3655 quae
835 3590 1031 3642 malleo
1086 3595 1396 3642 tractantur
1456 3596 1511 3642 et

422 3659 813 3727 procuduntur,
849 3659 1105 3723 adhibiti,
1145 3666 1208 3711 ut
1253 3676 1419 3726 supra
1464 3662 1508 3723 Ι,

423 3730 511 3781 50.
549 3729 676 3781 Alia
713 3730 866 3780 dabit
901 3730 1153 3781 Oreuzer.
1182 3730 1507 3781 Commentt.

420 3799 663 3851 Herodd.
699 3815 753 3864 p.
795 3799 915 3851 302.
972 3800 1058 3851 Ad
1093 3800 1322 3852 formam
1357 3799 1511 3852 verbi

420 3860 653 3934 ἔθηειτο
690 3869 762 3921 cf.
800 3874 942 3921 nott.
980 3869 1198 3931 adI,8.
1227 3870 1314 3920 10.
1352 3870 1510 3921 Unde

421 3956 553 3991 vero
588 3938 894 3990 Larcherus
937 3940 996 3989 in
1039 3939 1395 3990 annotatione
1438 3940 1509 3989 ad

420 4012 470 4069 1,
523 4009 592 4061 25
637 4007 886 4075 colligat,
923 4009 1067 4060 hunc
1100 4007 1363 4071 loculum,
1400 4024 1506 4073 quo

422 4079 637 4131 Orestis
656 4095 783 4130 ossa
802 4079 1240 4140 continebantur,
1257 4085 1312 4129 et
1330 4079 1508 4144 ipsum
1545 4121 1556 4129 .

422 4149 656 4201 ferreum
693 4148 893 4212 fuisse,
930 4149 1132 4214 quippe
1164 4148 1269 4199 hoc
1304 4147 1511 4198 metalli

421 4235 621 4283 genere
669 4224 802 4271 tunc
859 4219 1121 4284 temporis
1180 4218 1510 4283 pretiosissi-

420 4305 529 4351 mo,
569 4303 674 4353 quo
703 4289 987 4340 carissima
1017 4303 1266 4354 quaeque
1296 4286 1510 4338 inclusa

422 4359 646 4417 fuerint,
682 4358 741 4409 id
777 4358 1027 4424 equidem
1073 4359 1292 4424 ignoro,
1340 4361 1510 4408 recte-

420 4444 528 4495 que
564 4428 702 4479 alios
739 4429 791 4479 ei
823 4427 1109 4479 oblocutos
1146 4443 1268 4479 esse
1294 4442 1508 4479 censeo.

1692 1376 1834 1412 οκου
1868 1359 1978 1410 νῦν
2025 1375 2175 1411 ουτω
2212 1352 2526 1428 τυγχάνεις]
2565 1377 2708 1412 οιιου

1621 1431 1861 1482 causalis
1910 1431 1998 1481 hic
2057 1438 2143 1481 est
2198 1430 2496 1498 particula,
2545 1449 2707 1497 qm,

1619 1503 1706 1552 da.
1748 1501 1913 1553 Plura
1950 1502 2178 1552 Werser.
2219 1503 2275 1551 in
2309 1503 2458 1552 Actt.
2499 1502 2704 1567 philoll.

1618 1572 1868 1622 Monacc.
1905 1572 1951 1631 Ι,
1991 1573 2040 1622 l.
2077 1587 2132 1635 p.
2166 1571 2304 1634 118„
2340 1572 2596 1622 Kuehner
2612 1574 2706 1624 Gr.

1620 1642 1715 1692 Gr.
1750 1644 1800 1703 9.
1844 1609 1968 1692 813.
2002 1642 2096 1704 (Τ.
2137 1641 2213 1690 ΙΙ.
2252 1657 2305 1704 p.
2345 1642 2489 1718 542).
2549 1641 2707 1704 Quod

1618 1712 1819 1760 Noster
1852 1709 1941 1759 hic
1978 1710 2200 1773 scripsit
2233 1702 2615 1773 ποιεύμενος,
2644 1717 2708 1761 ut

1615 1779 1866 1828 meliores
1900 1778 2025 1826 libri
2071 1777 2352 1839 exhibent,
2401 1779 2492 1843 qui
2539 1779 2704 1843 paulo

1617 1852 1797 1897 autea
1817 1847 2032 1896 dixerat
2067 1840 2464 1911 ποιεόμενον,
2505 1853 2709 1898 utram-

1617 1933 1721 1981 que
1754 1932 1887 1967 sane
1925 1916 2153 1966 sormam
2202 1917 2260 1965 in
2309 1916 2591 1968 Herodoto
2633 1919 2707 1969 fe-

1615 1987 1842 2037 rendam
1875 2001 1998 2036 esse
2033 1985 2220 2036 docuit
2238 1985 2472 2037 Bredov.
2499 2002 2553 2052 p.
2578 1986 2699 2039 372.

1617 2056 1739 2108 374.
1783 2057 1964 2118 Quare
1999 2056 2151 2106 nolui
2172 2071 2294 2106 cum
2321 2060 2550 2107 recentt.
2579 2057 2701 2108 edd.

1613 2126 1855 2177 scribere
1890 2117 2276 2189 ποιεύμενον.
2339 2125 2425 2175 Ad
2470 2132 2705 2178 structu-

1616 2212 1732 2247 ram
1774 2212 1904 2247 vero
1941 2195 2232 2246 locutionis
2268 2192 2480 2259 θῶυμα
2519 2199 2702 2247 ποιεῖ-

1616 2264 1758 2315 σθαι
1808 2282 1929 2317 cum
1982 2266 2301 2317 accusativo
2346 2265 2490 2316 conf.
2542 2267 2698 2330 VIII,

1616 2338 1702 2399 74,
1747 2351 1817 2386 ne
1866 2335 2041 2401 plura.
2094 2336 2378 2386 Pertinent
2422 2335 2528 2387 huc
2569 2352 2700 2402 quo-

1615 2421 1720 2471 que
1765 2405 1980 2468 similia,
2032 2421 2170 2471 quae
2220 2410 2441 2456 exstant
2481 2406 2701 2469 1,127.

1620 2476 1737 2527 160.
1769 2476 1874 2556 ΙΠ,
1913 2476 1998 2555 25,
2034 2476 2128 2525 ubi
2166 2476 2310 2525 conf.
2349 2480 2491 2526 nott.

1683 2536 1803 2594 ὑπὸ
1841 2537 1906 2594 δὲ
1940 2512 2234 2624 ἀπιστίης,
2287 2536 2364 2608 μὴ
2408 2537 2512 2608 μὲν
2548 2541 2699 2609 γενέ-

1616 2612 1756 2664 σθαι
1791 2605 2025 2677 μηδαμὰ
2060 2629 2112 2662 κ.
2145 2629 2193 2662 τ.
2234 2611 2312 2679 L]
2350 2613 2386 2662 i.
2422 2629 2470 2664 e.
2510 2628 2701 2678 „quom

1611 2686 1710 2735 iam
1751 2682 2040 2744 diffidebam
2085 2679 2155 2745 (s.
2201 2682 2529 2745 persuadere
2570 2682 2702 2731 mihi

1611 2769 1723 2803 non
1752 2750 2021 2817 poteram)
2051 2751 2215 2813 βόεια
2237 2767 2451 2816 unquam
2483 2754 2702 2802 maiores

1610 2824 1848 2885 homines,
1884 2837 2032 2887 quam
2073 2823 2160 2886 qui
2187 2836 2318 2870 nemo
2360 2824 2516 2874 suntf
2524 2820 2708 2881 ‘Ubi

1611 2891 1962 2944 Valckenarii
2030 2890 2432 2941 emendatione.
2500 2886 2699 2954 μηδα-

1610 2977 1779 3046 μους
1832 2958 2101 3026 γενέσθαι
2169 2951 2404 3026 μηδαμὰ
2462 2956 2701 3025 μέζονας

1608 3024 1965 3094 ἀνθρωπους
1998 3028 2114 3080 τῶν
2151 3027 2277 3080 νῦν
2320 3030 2381 3097 (i.
2433 3045 2480 3080 e.
2534 3031 2699 3079 nullos

1707 3104 1803 3152 iam
1832 3099 2040 3167 titisse),
2084 3102 2302 3151 minime
2329 3115 2500 3181 opus.
2556 3099 2698 3149 Nam

1611 3118 1706 3238 υῗὴρ
1727 3163 1832 3235 μὲν
1864 3172 2104 3236 positum
2140 3187 2237 3236 pro
2272 3160 2349 3234 μὴ
2384 3162 2518 3234 μὴν,
2555 3183 2700 3235 quae

1613 3241 1847 3294 formula
1882 3246 1967 3291 est
2000 3240 2059 3289 in
2092 3239 2321 3291 iurando
2349 3239 2565 3290 omnino
2592 3238 2701 3289 usi-

1612 3316 1751 3373 tata,
1787 3310 1971 3375 prouti
2004 3297 2040 3373 ἦ
2076 3301 2208 3373 μήν.
2248 3309 2407 3359 Conf.
2423 3309 2598 3358 Koen.
2627 3307 2700 3357 ad

1615 3382 1841 3446 Gregor.
1889 3378 2136 3429 Corinth.
2181 3394 2235 3443 p.
2284 3378 2382 3428 471
2439 3393 2556 3442 seq.
2609 3375 2696 3426 ed.

1614 3450 1834 3501 Schaef.
1874 3454 1929 3499 et
1974 3446 2362 3507 Herodot.11,
2412 3445 2513 3496 118
2563 3445 2695 3509 ibiq.

1614 3524 1729 3571 not.
1770 3518 1911 3568 Add.
1943 3515 2177 3566 Bredov.
2223 3532 2274 3580 p.
2314 3515 2431 3565 143.
2487 3515 2571 3563 De
2606 3529 2698 3563 ne-

1613 3589 1836 3670 gatione
1870 3589 1998 3650 post
2022 3584 2348 3635 vocabulum
2381 3583 2698 3647 negativum

1611 3650 1952 3734 (ἀπιστίης)
1965 3654 2107 3704 conf.
2149 3654 2256 3716 ΠΙ,
2285 3653 2371 3705 66.
2410 3653 2540 3702 Mox
2567 3654 2701 3702 scri-

1612 3729 1695 3793 psi
1730 3715 1983 3804 μηδαμὰ
1997 3739 2095 3789 pro
2130 3719 2389 3787 μηδαμὸω
2428 3722 2500 3772 cs.
2531 3722 2579 3785 1,
2608 3722 2696 3774 56.

1611 3794 1906 3860 vulgatum
1951 3783 2147 3858 ἀνῷξα
2202 3792 2330 3843 ferri
2355 3807 2551 3873 posse
2606 3806 2698 3843 ne·
2779 3795 2786 3803 ”

1610 3871 1706 3931 gat
1739 3864 1971 3914 Bredov.
2010 3878 2064 3927 p.
2094 3862 2213 3925 314,
2254 3863 2310 3912 ἰιι
2343 3851 2550 3922 ανοιξα
2584 3878 2698 3912 mu-

1608 3934 1859 3997 tandum,
1915 3937 1976 3983 ut
2026 3933 2156 3982 fecit
2200 3900 2502 3995 ’Eekkeruffi
2539 3948 2698 3997 quem

1609 4003 1838 4057 Dietsch
1898 4009 1952 4053 et
2003 4002 2245 4053 Dindorf
2302 4003 2478 4053 secuti
2537 4006 2696 4063 sunt;

1613 4076 1662 4126 si
1704 4073 1920 4140 quidem
1963 4073 2130 4123 verba
2185 4088 2219 4123 a
2261 4071 2597 4137 diphthongo
2641 4073 2698 4121 δι

1612 4144 1837 4195 inducta
1883 4142 2027 4209 apud
2067 4144 2406 4193 Herodotum
2441 4156 2697 4204 augmen·

1610 4220 1726 4265 tum
1760 4213 2058 4278 temporale
2101 4228 2375 4277 nunquam
2419 4212 2699 4275 accepisse

1613 4284 1893 4336 contendit
1904 4283 2138 4335 BredOV.
2162 4282 2295 4332 Mihi
2319 4280 2458 4332 hac
2445 4296 2501 4330 m
2524 4296 2582 4330 re
2604 4297 2697 4331 ne-

1613 4370 1716 4420 que
1733 4354 2014 4435 vulgatam
2038 4357 2248 4403 mutare
2270 4349 2696 4416 nequeAtticam

1615 4425 1842 4475 formam
1877 4414 2099 4489 ἀνέῳξα
2134 4436 2392 4485 reponere
2435 4417 2661 4485 placuit.
