3109 5092
1231 376 1485 440 OLIO.
1530 378 1585 437 Ι.
1630 385 1752 443 172.

2504 375 2629 442 337

351 558 520 626 εἰσί·
568 548 762 621 αὐτοὶ
789 549 1019 639 μέντοι
1056 552 1132 620 ἐκ
1159 553 1428 641 Κρήτης
1467 553 1636 640 φασὶ
1669 549 1862 621 εἶναι.
1931 552 2522 643 προσκεχωρήκασι
2551 552 2629 623 δὲ

350 660 667 745 γλῶσσαν
691 653 818 743 μὲν
844 650 1007 742 πρὸς
1033 651 1109 724 τὸ
1135 653 1440 744 Καρικὸν
1467 661 1702 741 ἔθνος,
1731 649 1773 742 ἦ
1799 659 1868 723 οἱ
1887 660 2111 745 Κᾶρες
2140 654 2305 747 πρὸς
2332 654 2408 726 τὸ
2435 665 2626 727 Καυ-

351 757 575 830 νικόν·
643 762 842 827 τοῦτο
883 753 1014 846 γὰρ
1067 755 1192 827 οὐκ
1247 764 1375 846 ἔχω
1419 754 1749 847 ἀτρεκέως
1790 763 2151 848 διακρῖναι.
2230 761 2495 850 νόμοισι
2550 760 2628 830 δὲ

350 866 677 952 χρέωνται
711 864 1260 950 κεχωρισμένοισι
1291 859 1543 932 πολλὸν
1569 866 1706 931 τῶν
1730 888 1802 929 τε
1829 858 2056 932 ἄλλων
2081 858 2474 953 ἀνθρώπων
2514 864 2628 931 καὶ

349 971 624 1056 Καρῶν.
685 979 859 1034 τοῖσι
885 962 1014 1052 γὰρ
1044 963 1402 1035 κάλλιστόν
1431 967 1568 1033 ἐστι
1595 960 1733 1034 κατ’
1769 959 2035 1054 ἡλικίην
2061 993 2133 1035 τε
2160 968 2274 1036 καὶ
2301 965 2627 1056 φιλότητα

354 1067 628 1139 εἰλαδὸν
662 1074 1112 1155 συγγίνεσθαι
1151 1071 1219 1149 ἐς
1271 1067 1503 1152 πόσιν,
1560 1069 1672 1137 καὶ
1725 1063 2012 1158 ἀνδράσι
2053 1071 2167 1139 καὶ
2203 1070 2472 1158 γυναιξὶ
2512 1071 2626 1138 καὶ

355 1178 569 1242 παισί.
637 1172 1063 1260 ἱδρυθέντων
1107 1175 1187 1241 δέ
1224 1191 1347 1260 σφι
1377 1175 1545 1261 ἱρῶν
1586 1173 1928 1256 ξεινικῶν,
1983 1176 2337 1260 μετέπειτα
2375 1169 2463 1254 ῶς
2503 1192 2628 1262 σφι

677 1369 810 1421 ΟΑΡ.
850 1371 1126 1422 CLXXII.

426 1464 486 1522 οἱ
521 1465 585 1522 δὲ
624 1463 869 1523 Καύνιοι
907 1464 1268 1539 αὐτόχθονες
1301 1491 1353 1525 κ.
1391 1491 1439 1525 τ.

354 1541 427 1607 L]
468 1543 585 1594 Nec
616 1541 706 1592 hic
736 1558 837 1593 nec
876 1559 994 1609 cap.
1036 1544 1131 1595 171
1168 1544 1292 1596 init.
1330 1546 1442 1595 Me·

357 1611 512 1662 diceo
549 1612 846 1677 parendum
874 1629 994 1663 esse
1022 1612 1270 1664 offerenti
1289 1614 1442 1664 Καυ-

350 1680 600 1738 κωνίους
632 1685 688 1731 et
724 1675 1071 1745 Καυκῶνιοι,
1111 1685 1249 1733 satis
1283 1684 1444 1734 docet

354 1755 469 1801 tum
518 1750 849 1815 reliquorum
894 1750 1155 1803 librorum
1213 1769 1439 1805 consen-

353 1835 446 1870 sus
483 1819 629 1883 apud
664 1821 1030 1884 Herodotum,
1081 1826 1137 1872 et
1171 1821 1256 1872 his
1300 1823 1438 1874 locis

356 1895 412 1940 et
449 1890 494 1952 1,
544 1889 661 1952 176,
708 1895 822 1939 tum
869 1891 1156 1942 Strabonis
1205 1893 1439 1943 auctori-

351 1965 471 2022 tas,
519 1974 548 2008 e
583 1959 789 2010 Nostro
825 1959 994 2010 haud.
1020 1960 1185 2011 dubie
1226 1961 1434 2027 profici-

357 2027 564 2079 scentis
618 2028 771 2080 xlv,
831 2037 886 2094 p.
939 2028 1043 2082 964
1101 2031 1167 2080 A.
1211 2046 1258 2082 s.
1307 2047 1437 2098 pag.

352 2099 456 2150 652
502 2096 738 2148 Casaub.
822 2099 1069 2164 Namque
1124 2100 1477 2152 Herodotus·

354 2167 659 2218 Caueouios
718 2167 908 2232 utique
967 2169 1269 2234 ignoravit,
1337 2187 1439 2222 nec

353 2236 637 2287 Caucones
679 2236 819 2286 idem
865 2238 1045 2300 novit,
1098 2254 1235 2304 quos
1279 2245 1444 2305 poeta

354 2307 602 2356 nominat
632 2307 687 2355 in
719 2306 878 2357 Iliad.
913 2307 981 2358 X.
1019 2307 1142 2360 429.

424 2400 926 2475 προσκεχωρήκασι
959 2403 1023 2459 δὲ
1058 2408 1316 2474 γλῶσσαν
1340 2405 1444 2477 μὲν

354 2470 501 2542 πρὸς
541 2472 605 2528 τὸ
642 2471 901 2543 Καρικὸν
936 2475 1133 2547 ἔθνος]
1174 2481 1212 2532 i.
1254 2497 1302 2532 e.
1356 2497 1443 2532 ac-

354 2556 642 2606 cesserunt,
689 2550 826 2615 quod
865 2551 940 2599 ad
984 2552 1199 2615 linquam
1244 2555 1438 2613 attinet,

356 2617 430 2666 ad
461 2618 690 2669 Caricam
724 2620 972 2669 nationem
1016 2634 1061 2668 s.
1100 2622 1439 2672 accommoda-

354 2695 477 2736 runt
519 2703 660 2737 suam
700 2691 917 2753 linquam
964 2689 1037 2739 ad
1078 2689 1296 2741 caricae
1348 2706 1443 2739 na-

356 2757 505 2807 tionis
540 2760 771 2824 linquam.
799 2787 871 2797 —
907 2756 1229 2809 lablonskio
1265 2759 1441 2824 (Dies.

357 2824 425 2874 de
457 2826 675 2892 Lingua
723 2828 968 2892 Lycaon.
1015 2836 1060 2876 t.
1109 2827 1218 2878 111.
1270 2843 1323 2906 p.
1371 2828 1442 2880 95

358 2893 623 2960 Opuscc.)
659 2897 898 2946 scribere
931 2897 1163 2961 placuit:
1196 2910 1343 2961 προς
1376 2886 1441 2944 τὸ

356 2957 617 3028 Καρικὸν
651 2959 791 3023 ἔθος
827 2964 944 3030 (pro
979 2960 1207 3029 ἔθνος)ι
1247 2966 1321 3016 ad
1343 2980 1444 3024 mo—

354 3048 461 3083 rem
507 3036 742 3099 loquendi
771 3043 823 3085 et
864 3035 1257 3086 consuetudinem
1301 3035 1445 3085 Gari-

356 3117 483 3151 cam.
565 3104 749 3154 Minus
797 3103 1031 3154 feliciter
1076 3104 1136 3153 in
1177 3104 1281 3156 hoc
1322 3102 1444 3153 loco

358 3169 679 3236 explicando
716 3178 970 3223 versatur
1004 3174 1197 3238 Heyne
1232 3174 1287 3222 in
1337 3172 1446 3223 Ob-

358 3256 537 3291 ser-vv·
556 3242 626 3292 ad
643 3241 803 3292 Iliad.
831 3242 878 3302 1,
901 3242 1160 3307 117.pag.
1187 3241 1274 3293 51.
1303 3242 1442 3293 Nam

357 3312 474 3375 ipse
509 3311 779 3362 Homerus
812 3310 928 3376 (Ili.
974 3310 1051 3375 11,
1098 3310 1224 3376 867)
1276 3311 1444 3361 Cares

358 3379 493 3430 dicit
543 3371 1060 3448 βαρβαροφῶνους,
1121 3380 1264 3445 quod
1316 3396 1447 3445 quo-

356 3448 518 3499 modo
566 3450 640 3500 sit
681 3448 1082 3514 accipiendum,
1131 3449 1445 3515 disceptant

356 3523 572 3569 veteres
606 3520 927 3583 interpretes
965 3523 1131 3584 atque
1178 3534 1444 3584 gramma-

356 3587 472 3649 tici,
494 3603 720 3653 quorum
735 3587 1036 3639 sententias
1054 3588 1243 3638 retulit
1251 3589 1444 3652 Heyne

358 3657 430 3706 ad
463 3657 516 3707 h.
552 3657 592 3709 l.
628 3673 755 3723 pag.
790 3657 893 3709 434
927 3671 1041 3722 seq.
1100 3662 1263 3723 atque
1295 3657 1445 3707 Frei-

357 3731 456 3791 tag
490 3726 562 3777 ad
597 3726 636 3776 1.
663 3726 701 3777 l.
739 3743 793 3792 p.
834 3727 955 3778 521.
1025 3727 1258 3791 Propter
1295 3727 1445 3777 Stra-

356 3795 518 3845 bonis
553 3795 732 3846 locum
756 3795 934 3860 (XIV.
958 3810 1013 3859 p.
1039 3795 1162 3858 663,
1196 3795 1289 3846 ubi
1309 3792 1445 3863 βαρ-

433 3856 739 3929 ροφῶνους
775 3863 1014 3929 explicat
1048 3857 1185 3923 τοὺς
1227 3854 1443 3929 ἑλληνί-

358 3932 581 4053 ..22:²3ss
612 3929 1136 4053 ἰῖἓζὶῑῗὲέξὲἷα
1133 3925 1303 4069 ξὲἴιῗ
1307 3948 1445 4053 ”3123

356 4076 577 4136 putent,
631 4070 776 4136 quod
812 4071 1077 4123 Graecum
1122 4087 1443 4134 sermonem,

357 4155 518 4205 quem
564 4140 914 4193 adsciverant
928 4175 943 4201 ‚
989 4156 1183 4206 aspere
1225 4145 1281 4192 et
1326 4157 1446 4192 cor-

355 4214 514 4275 rupte
558 4209 873 4271 retulerint,
920 4209 1063 4261 male
1099 4210 1341 4261 dicentes
1391 4214 1446 4260 et

356 4280 794 4343 pronuntiantes.
866 4277 1027 4328 Conf.
1069 4278 1292 4330 Soldan.
1328 4279 1368 4329 1.
1402 4277 1442 4329 1.

356 4363 407 4412 p.
448 4347 569 4398 102.
615 4348 795 4411 Multa
831 4346 1058 4398 eandem
1095 4349 1153 4398 in
1189 4364 1303 4399 rem
1340 4347 1449 4397 dis-

354 4420 515 4480 putat
550 4415 834 4467 Iablonsk.
869 4414 908 4467 l.
953 4414 993 4468 1.
1031 4431 1085 4483 p.
1124 4417 1187 4468 11
1225 4431 1338 4483 seq.
1378 4414 1447 4468 94

438 4517 775 4560 HERODOT·
824 4518 869 4559 1.

1544 1385 1660 1437 seq.
1700 1373 1838 1422 satis
1871 1378 2124 1425 constare
2160 1373 2489 1434 arbitratus,
2527 1371 2630 1423 Ca-

1544 1455 1665 1491 rum
1713 1443 2081 1508 antiquiorum
2126 1442 2395 1508 linguam,
2442 1457 2629 1507 quam·

1543 1511 1628 1560 vis
1664 1525 1699 1560 a
1734 1512 1958 1563 Graecis
1988 1513 2254 1579 quaedam
2292 1512 2629 1574 assumserit,

1544 1584 1731 1630 tamen
1766 1587 1986 1647 propter
2029 1584 2085 1634 id
2128 1584 2304 1649 ipsum
2350 1598 2385 1632 a
2421 1582 2631 1635 Graeca

1544 1648 1782 1702 dialecto
1818 1651 2249 1704 discernendam.
2322 1652 2503 1718 Atque
2541 1650 2630 1702 vel

1545 1734 1665 1769 eam
1702 1721 1771 1769 ob
1818 1736 2041 1773 causam
2087 1738 2121 1772 a
2168 1722 2388 1773 Graecis
2437 1721 2632 1770 distin-

1539 1789 1633 1853 gui
1667 1788 1834 1840 Cares
1864 1795 1917 1841 et
1948 1792 2018 1842 ad
2053 1790 2368 1842 Semiticam
2402 1790 2629 1855 stirpem

1539 1859 1838 1921 pertinere,
1892 1876 2013 1910 cum
2069 1859 2192 1909 aliis
2251 1859 2385 1909 viris
2453 1858 2630 1909 doctis

1538 1927 1648 1976 iam
1696 1943 1859 1993 supra
1909 1929 1980 1979 ad
2024 1928 2071 1992 1,
2124 1928 2218 1979 171
2267 1928 2387 1978 init.
2434 1927 2630 1978 statui-

1539 2010 1679 2045 mus.
1715 1997 1953 2049 Caunios
1978 2012 2107 2047 vero
2144 2002 2201 2047 et
2234 1997 2382 2062 ipsos
2418 1996 2488 2047 ad
2527 1995 2630 2046 Ca-

1540 2066 1712 2115 ricam
1748 2067 1970 2131 stirpem
1993 2067 2246 2132 primitus
2279 2066 2628 2130 pertinuisse,

1537 2139 1690 2185 recte
1711 2136 2040 2187 contendere
2057 2134 2274 2185 videtur
2291 2135 2484 2186 Hoeck
2504 2135 2630 2186 Cre·

1542 2209 1604 2254 ta
1645 2204 1723 2255 11.
1750 2204 1947 2270 p.·3ll.
1969 2236 2039 2246 —
2074 2206 2141 2256 In
2176 2219 2329 2270 seqq.
2366 2195 2483 2254 κατ’
2510 2195 2631 2268 ἡλι-

1541 2272 1678 2338 κίην
1707 2288 1764 2324 τε
1797 2271 1895 2325 καὶ
1932 2266 2210 2339 φιλότητα
2242 2278 2326 2325 est
2364 2275 2630 2325 secundm

1540 2350 1754 2395 aetatem
1789 2348 1954 2410 atque
1992 2347 2267 2397 amcitiam
2340 2344 2448 2395 Pro
2485 2339 2630 2392 εἰλα-

1541 2405 1667 2475 δὸν,
1703 2413 1849 2478 quod
1886 2414 2045 2465 codd.
2085 2414 2369 2479 praebent,
2418 2414 2629 2477 Burges

1541 2483 1598 2532 in
1633 2483 1889 2548 Prolegg.
1938 2483 2246 2549 Thucydid.
2294 2498 2347 2547 p.
2398 2481 2503 2534 330
2547 2496 2632 2530 re-

1540 2552 1709 2601 scribi
1731 2551 1850 2602 vult
1879 2546 2110 2614 ἰλαδὸν,
2147 2552 2400 2617 idemque
2421 2549 2632 2615 placuit

1542 2635 1759 2686 quoque
1802 2621 2037 2673 Bredov.
2085 2636 2137 2686 p.
2179 2621 2299 2682 160,
2352 2635 2510 2684 quem
2549 2634 2632 2668 se-

1542 2693 1702 2739 cutus
1742 2694 1828 2739 est
1860 2689 2107 2740 Dietsch.
2179 2687 2446 2754 Equidem
2490 2704 2524 2738 a
2567 2686 2632 2736 li-

1542 2759 1657 2808 bris
1682 2773 1848 2808 manu
1870 2760 2089 2825 scriptis
2110 2761 2258 2807 stare
2276 2757 2464 2808 malui.
2501 2757 2632 2807 Mox

1544 2843 1665 2878 cum
1688 2827 1941 2879 Bekkero
1977 2827 2235 2879 revocavi
2269 2817 2633 2890 ἱδρυθέντων

1543 2911 1643 2961 pro
1679 2889 2124 2961 ἱδρυνθέντων,
2174 2911 2314 2962 quae
2349 2896 2526 2945 forma
2563 2894 2632 2944 ab

1544 2965 1824 3016 Herodoto
1859 2965 2041 3018 aliena
2073 2966 2306 3018 videtur.
2366 2964 2451 3016 Cf.
2491 2967 2631 3014 nott.

1616 3073 1979 3168 ἱδρνθέντων
2025 3099 2090 3154 δέ
2138 3116 2239 3167 σφι
2280 3096 2426 3169 ἱρῶν
2462 3098 2634 3163 ξεινι-

1545 3170 1667 3223 κῶν
1699 3188 1753 3223 κ.
1798 3188 1846 3222 τ.
1890 3172 1960 3240 1.]
2010 3173 2217 3225 Sensus
2261 3172 2371 3224 loci
2425 3172 2476 3222 is
2519 3170 2634 3220 fere

1546 3246 1656 3293 est:
1714 3243 1888 3306 „Oum
1944 3242 2074 3293 olim
2132 3243 2421 3308 peregrina
2476 3254 2634 3289 sacra

1547 3312 1692 3376 apud
1717 3314 1865 3377 ipsos
1898 3313 2157 3362 instituta
2182 3316 2383 3374 essent,
2419 3314 2632 3375 postea,

1544 3382 1639 3432 ubi
1660 3381 1764 3432 hoc
1785 3381 1920 3445 ipsis
1948 3380 2227 3445 displicuit
2252 3380 2487 3446 (placuit
2503 3391 2633 3427 vero

1547 3451 1740 3515 patriis
1767 3455 1981 3500 tantum
2005 3450 2086 3499 uti
2117 3448 2261 3514 diis),
2290 3462 2475 3498 omnes
2495 3445 2634 3494 Cau·

1544 3519 1625 3568 nii
1664 3520 1924 3583 puberes,
1964 3519 2127 3568 armis
2171 3516 2406 3577 indutis,
2455 3513 2631 3563 hastis

1544 3590 1724 3638 aerem
1781 3588 2038 3639 ferientes
2093 3601 2265 3651 usque
2319 3584 2388 3634 ad
2439 3581 2634 3646 Calyn-

1547 3658 1701 3708 dicos
1737 3656 1870 3707 fines
1901 3656 2175 3721 progressi
2200 3657 2350 3716 sunt,
2389 3652 2632 3702 dicentes

1547 3743 1609 3777 se
1650 3727 1845 3777 eiicere
1890 3725 2019 3776 deos
2067 3721 2442 3788 peregrinos.“
2525 3718 2633 3781 Qui

1545 3796 1623 3846 dii
1660 3795 1930 3860 peregrini
1964 3793 2153 3859 quales
2190 3790 2422 3852 fuerint,
2461 3802 2635 3853 aeque

1546 3866 1859 3931 ignoramus
1921 3867 2086 3928 atque
2154 3860 2360 3927 patrios
2417 3858 2632 3909 illorum

1547 3934 1710 3994 deos,
1748 3948 1885 4000 quos
1922 3931 2068 3983 solos
2105 3945 2249 3982 nunc
2286 3929 2464 3981 colere
2505 3943 2634 3978 con-

1546 4003 1873 4064 stituerant,
1922 4002 2030 4051 nisi
2073 3999 2319 4062 eosdem,
2364 4012 2502 4064 quos
2533 3996 2635 4048 Ca·

1547 4088 1634 4122 res
1692 4071 2118 4132 venerabantur,
2174 4070 2360 4120 Iovem
2416 4066 2636 4133 potissi-

1546 4157 1718 4202 mum,
1769 4141 1940 4191 fuisse
1974 4139 2286 4206 suspiceris.
2362 4137 2543 4201 Atque
2577 4135 2635 4183 in

1546 4211 1860 4260 universum
1896 4207 2196 4260 notandum
2239 4211 2351 4269 est,
2399 4206 2457 4255 in
2490 4201 2636 4255 vete-

1546 4295 1667 4329 rum
1717 4278 2073 4345 religionibus
2137 4277 2243 4328 sibi
2304 4274 2450 4325 baud
2511 4286 2634 4322 raro

1548 4347 1927 4469 ipffiossiii
1946 4349 2183 4466 'ms
2216 4353 2637 4477 qfffflsffizz

2192 4448 2207 4475 9

2128 4491 2278 4570 22,
