3109 5092
525 382 639 442 144

1336 378 1924 452 ,ΗΕΒΟΒΟΤΙ

518 552 881 643 τριηκάδας
922 554 1033 621 καὶ
1077 559 1422 640 συσσίτια,
1482 550 1650 640 πρός
1704 579 1778 620 τε
1824 551 2120 622 τούτοισι
2158 550 2313 631 τούς
2360 550 2650 641 ἐφόρους
2688 555 2800 621 καὶ

431 666 513 727 66
525 660 842 747 γέροντας
868 663 1099 743 ἔστησε
1130 661 1540 744 Λυκοῦργος.
1613 651 1811 723 Οὕτω
1839 655 1967 743 μὲν
1994 654 2476 744 μεταβαλόντες
2507 650 2796 744 εὐνομή-

478 762 767 848 θησαν.
823 787 916 828 τω
959 758 1034 827 δὲ
1060 757 1437 852 Λυκούργω
1480 758 1951 846 τελευτήσαντι
1995 756 2145 848 ἱρὸν
2182 757 2521 846 είσαμενοι
2559 762 2796 846 σέβον-

522 956 688 1008 ducto
725 955 851 1005 inde
885 955 989 1006 hoc
1025 957 1147 1021 ipso
1177 957 1424 1020 nomine,
1463 957 1610 1022 qnod

522 1026 772 1092 singulae
825 1030 1017 1090 gentes
1070 1041 1117 1076 s.
1183 1026 1466 1077 triacadae
1517 1027 1613 1076 tri·

522 1097 677 1161 ginta
712 1094 933 1145 familiis
959 1095 1072 1144 fere
1096 1096 1484 1147 constiterunt.
1521 1096 1609 1146 Cf.

524 1166 688 1215 etiam
722 1165 894 1215 Meier
930 1165 1016 1214 De
1064 1164 1378 1229 gentilitate
1424 1181 1479 1230 p.
1520 1166 1608 1215 21.

523 1236 639 1285 Nec
695 1234 806 1285 alia
851 1233 1205 1299 Summarum,
1261 1249 1400 1299 quae
1444 1237 1611 1284 tertio

523 1304 646 1354 loco
674 1304 946 1364 dicuntur,
972 1304 1133 1353 ratio.
1177 1303 1330 1366 Quae
1350 1319 1470 1354 cum
1487 1319 1611 1368 pro-

523 1375 640 1439 prie
666 1373 1026 1423 communium
1055 1371 1333 1437 epularum
1358 1373 1615 1423 instituta

524 1458 621 1507 per
645 1441 892 1507 singulas
917 1446 1107 1506 gentes
1136 1441 1476 1507 familiasque
1500 1443 1615 1495 fue-

525 1513 636 1561 rint
671 1511 1029 1575 omnibusque
1072 1511 1186 1561 fere
1222 1513 1456 1563 Doricae
1491 1513 1614 1561 stir-

525 1583 611 1648 pis
631 1581 886 1646 gentibus
909 1581 1233 1644 communia,
1259 1581 1385 1631 inde
1404 1581 1475 1631 ad
1497 1597 1611 1632 rem

527 1651 819 1701 militarem
836 1651 919 1700 ita
940 1649 1197 1700 traducta
1232 1650 1503 1714 videntur,
1529 1656 1609 1713 ut,

526 1721 621 1786 qui
647 1721 808 1770 unius
827 1721 1007 1784 gentis
1042 1719 1391 1786 familiaeque
1424 1724 1612 1771 essent

516 1790 825 1855 'iisdemque
875 1788 1049 1853 epulis
1092 1789 1377 1854 victusque
1411 1805 1610 1854 genere

524 1864 835 1921 uterentur,
872 1859 912 1907 ii
957 1859 1014 1911 in
1059 1857 1203 1909 bello
1249 1859 1415 1908 etiam
1451 1874 1611 1924 pecu-

524 1928 711 1979 liarem
748 1928 1021 1979 cohortem
1057 1929 1174 1977 sive
1209 1928 1451 1978 ordinem
1486 1943 1612 1978 con-

526 1997 766 2060 ficerent,
802 1998 1029 2062 ipseque
1066 1997 1351 2047 exercitus
1371 2013 1468 2062 per
1495 2012 1612 2062 sys-

528 2067 658 2116 sitia
692 2080 863 2130 aeque
892 2064 1100 2114 divisus
1123 2071 1268 2115 esset
1306 2071 1471 2131 atque
1493 2067 1611 2116 uni·

525 2149 688 2184 versa
731 2134 1120 2197 Spartanorum
1160 2134 1376 2185 civitas.
1449 2135 1607 2184 Conf-

526 2203 590 2252 C.
629 2204 695 2253 Ο.
735 2202 981 2253 Mueller.
1018 2200 1130 2252 l.l.
1171 2202 1247 2252 11.
1286 2217 1340 2266 p.
1378 2202 1465 2252 82.
1507 2203 1604 2268 201

528 2286 680 2336 seqq.
716 2270 838 2321 237.
874 2270 976 2321 273
1015 2285 1129 2334 seq.
1180 2269 1334 2321 Adde
1365 2285 1510 2320 nunc
1546 2270 1607 2321 C.

525 2341 589 2391 F.
635 2341 933 2389 Hermann.
981 2339 1019 2389 l.
1068 2338 1106 2389 l.
1154 2338 1204 2400 §-
1244 2340 1331 2391 28.
1378 2346 1433 2389 et
1469 2339 1609 2390 Alfr.

525 2408 827 2475 Kopstadt:
875 2409 958 2457 De
1011 2424 1143 2459 rerr.
1196 2408 1453 2459 Laconn.·
1486 2424 1612 2458 con·

526 2479 707 2530 stitut.
766 2479 1004 2542 Lycurg.
1061 2477 1271 2543 origine
1318 2482 1378 2526 et
1425 2476 1608 2527 indole

527 2547 754 2614 (Gryph.
797 2547 951 2612 1849)
986 2562 1041 2611 p.
1089 2547 1184 2598 131
1235 2562 1386 2612 seqq.
1437 2546 1613 2597 Lach-

524 2634 711 2669 mann.
748 2618 1004 2695 Spartan.
1043 2616 1370 2668 Staatsverf.
1405 2632 1460 2681 p.
1489 2616 1606 2668 186.

593 2681 731 2744 τούς
762 2677 1010 2750 ἐφόρους
1037 2683 1132 2735 καὶ
1152 2684 1422 2750 γέροντας
1452 2681 1610 2749 ἔστη-

528 2769 587 2806 σε
621 2753 974 2819 Λυκοῦργος]
1011 2756 1096 2805 De
1131 2755 1353 2818 ΕρΙιοτ-ἰε
1389 2754 1610 2805 uberius

526 2840 796 2890 exponere
838 2824 999 2874 huius
1035 2821 1182 2875 ce'rte
1218 2823 1323 2874 loci
1357 2839 1465 2874 non
1504 2829 1609 2873 est.

526 2895 611 2944 De
648 2894 860 2958 quibus,
895 2892 1033 2943 alios
1069 2899 1130 2942 ut
1163 2898 1393 2955 taceam,
1420 2899 1612 2942 nostra

527 2968 712 3012 aetate
749 2962 1095 3026 disputarunt
1124 2962 1318 3011 Mauso
1340 2962 1541 3025 Sparta
1564 2960 1610 3023 1,

531 3031 578 3080 l.
617 3047 671 3095 p.
710 3030 832 3081 243.
870 3029 931 3080 C.
972 3030 1038 3081 Ο.
1077 3029 1321 3080 Mueller.
1359 3031 1494 3081 Dor.
1529 3030 1608 3080 11.

527 3114 583 3162 p.
627 3100 720 3150 111
763 3112 917 3162 seqq.
949 3097 1010 3149 C.
1046 3098 1140 3148 Fr.
1170 3100 1468 3149 Hermann.
1504 3098 1541 3150 l.
1569 3098 1608 3149 l.

524 3167 575 3229 §-
614 3168 682 3218 43
728 3182 878 3231 seqq.
926 3166 1200 3232 Kopstadt
1248 3167 1285 3218 l.
1334 3168 1374 3218 l.
1412 3183 1467 3232 p.
1510 3168 1611 3218 114

527 3252 678 3301 seqq.
714 3237 903 3287 Herm.
925 3235 1144 3287 Gabriel
1166 3237 1250 3286 De
1276 3236 1611 3302 magistratt.

525 3306 959 3357 Lacedaemonn.
995 3321 1047 3370 p.
1099 3305 1168 3356 38
1214 3320 1367 3371 seqq.
1414 3305 1611 3356 Schoe-

525 3390 709 3426 mann.
746 3375 785 3426 l.
821 3374 859 3425 l.
890 3391 945 3439 p.
988 3375 1102 3425 127.
1141 3375 1249 3424 Hic
1273 3390 1437 3425 unum
1474 3373 1610 3424 illud

523 3446 800 3496 monuisse
836 3445 972 3494 satis
1008 3444 1137 3506 erit,
1181 3443 1279 3493 hos
1323 3444 1610 3515 magistra-

523 3520 631 3577 tus,
664 3516 759 3580 qui
793 3514 1085 3579 quotannis
1120 3512 1358 3577 quinque
1383 3528 1608 3563 numero

524 3585 866 3650 eligebantur
881 3622 895 3647 ,
951 3584 1233 3634 institutos
1293 3581 1494 3645 videri,
1544 3587 1608 3631 ut

412 3666 421 3677 ⁶
521 3668 704 3719 regum
743 3657 1070 3717 potestatem
1122 3653 1467 3702 continerent
1518 3666 1605 3701 eo-

520 3737 746 3787 rumque
781 3723 890 3771 vim
917 3722 1137 3772 nimiam
1166 3728 1495 3781 coercerent,
1526 3720 1605 3768 in-

521 3790 696 3854 deque
743 3790 813 3839 ad
861 3806 927 3840 ea
976 3790 1232 3839 instituta
1278 3790 1467 3839 referri
1513 3788 1604 3838 de-

519 3858 675 3920 bere,
714 3873 851 3921 quae
897 3859 956 3907 in
986 3858 1053 3907 iis
1091 3857 1406 3908 civitatibus
1450 3854 1601 3907 inve-

519 3926 768 3987 niuntur,
815 3926 910 3975 ubi
953 3927 1295 3991 optimatium
1354 3930 1601 3990 potestas

518 3993 808 4058 praecipue
842 3995 994 4058 viget
1029 4008 1095 4043 ac
1130 3993 1302 4043 floret.
1340 3995 1456 4044 Nec
1491 4009 1602 4044 ma-

520 4062 606 4126 gis
643 4062 732 4111 hic
767 4063 866 4111 att·
911 4066 967 4115 et
995 4061 1060 4111 de
1081 4062 1335 4112 dissensu
1358 4068 1604 4113 veterum

521 4130 837 4195 disquirere,
853 4078 1113 4195 ¹Quorum
1146 4129 1394 4179 nonnulli
1428 4146 1463 4180 a
1498 4132 1604 4196 Ly-

520 4213 688 4263 curgo
753 4199 983 4263 ephoros
1043 4199 1329 4249 institutos
1392 4199 1601 4262 volunt,

518 4267 616 4318 alii
650 4266 999 4331 Theopompo
1036 4268 1154 4332 regi
1189 4267 1293 4317 hoc
1336 4268 1604 4319 tribuunt.

518 4336 603 4387 Ab
629 4336 910 4386 Herodoto
946 4340 1098 4386 stant
1122 4335 1423 4401 Xenophon
1444 4334 1604 4402 (Rep.

518 4406 656 4456 Lac.
691 4404 845 4467 VIII,
863 4405 940 4471 3.)
978 4408 1051 4467 et,
1080 4419 1239 4470 quem
1267 4406 1352 4457 Cr.
1393 4405 1603 4469 laudat,

1711 963 1904 1010 auctor
1929 957 2252 1009 Platonicae
2290 959 2452 1023 epist.
2490 958 2647 1019 VIII,
2685 957 2798 1019 alii,

1711 1029 1944 1093 indeque
1975 1028 2242 1079 Herodoti
2272 1027 2654 1078 auctoritatem
2689 1042 2800 1077 ma-

1712 1099 1853 1147 xime
1889 1102 2074 1148 tuetur
2108 1097 2443 1147 Lachmann.
2471 1095 2507 1146 l.
2539 1095 2577 1147 l.
2598 1112 2652 1161 p.
2678 1098 2797 1157 165,

1711 1168 2021 1233 Lycurgum
2059 1168 2289 1232 primum
2317 1166 2487 1216 fuisse
2515 1171 2687 1227 ratus,
2708 1166 2801 1230 qui

1712 1235 1983 1302 publicum
2034 1237 2357 1302 ephororum
2407 1250 2604 1285 munus
2646 1235 2801 1284 insti-

1711 1307 1898 1357 tuerit.
1936 1305 2075 1356 Add.
2114 1305 2353 1356 Gabriel.
2401 1320 2456 1369 p.
2502 1306 2590 1366 41,
2640 1303 2800 1368 epho-

1715 1390 1805 1425 ros
1865 1376 2104 1440 Lycurgi
2164 1378 2346 1424 aetate
2408 1375 2515 1423 iam
2565 1372 2801 1423 inveniri

1716 1449 2166 1496 commonstrans.
2207 1443 2546 1494 Contrariam
2587 1448 2801 1492 senten-

1715 1515 1849 1563 tiam
1893 1518 2079 1564 tuetur
2127 1512 2452 1563 Aristoteles
2508 1511 2672 1562 Polit.
2731 1511 2798 1573 V,

1719 1584 1810 1646 11,
1850 1598 2083 1648 quocum
2118 1598 2376 1647 compara
2412 1582 2691 1632 Ciceronis
2723 1580 2801 1629 lo-

1659 1662 1664 1669 ·
1714 1667 1808 1702 cos
1846 1652 1914 1702 de
1950 1654 2126 1718 Legg.
2160 1652 2266 1716 ΙΙΙ,
2304 1654 2355 1702 7.
2395 1653 2479 1702 De
2523 1651 2603 1701 Re
2647 1649 2797 1714 publ.

1713 1722 1789 1783 11,
1827 1721 1896 1774 33
1931 1723 2063 1788 ibiq.
2100 1727 2276 1772 notat.
2313 1722 2495 1785 Atque
2513 1719 2657 1769 hanc
2684 1719 2803 1769 Ari-

1714 1791 1929 1842 stotelis
1989 1794 2318 1842 sententiam
2373 1790 2570 1854 probat
2635 1789 2802 1840 Grote

1714 1861 1923 1924 history
1962 1861 2024 1910 of
2051 1861 2257 1911 Greece
2292 1860 2368 1910 11.
2410 1875 2465 1924 p.
2502 1859 2626 1909 463.
2664 1859 2803 1923 ipse-

1697 1945 1820 1995 ·que
1864 1931 2211 1981 Hei-mannus
2249 1928 2287 1979 l.
2333 1928 2370 1977 l.
2412 1931 2461 1991 §-
2505 1928 2574 1978 43
2611 1942 2676 1977 eo
2722 1927 2804 1976 in-

1714 1998 1901 2061 clinat,
1937 2004 2002 2049 ut
2023 2000 2308 2063 Lycurgus
2333 1998 2654 2063 ephororum
2690 2012 2804 2045 mu-

1714 2083 1846 2129 nus,
1903 2067 2049 2133 quod
2095 2067 2164 2118 ad
2210 2068 2514 2133 posteriora
2555 2071 2803 2131 tempora

1713 2137 1986 2201 pertinere
2076 2136 2354 2199 videatur,
2436 2134 2803 2186 introduxisse

1713 2205 2135 2271 haudquaquam
2154 2206 2264 2256 dici
2286 2210 2469 2271 queat.
2498 2205 2641 2256 Add.
2665 2206 2804 2254 Kor-

1713 2275 1850 2325 tiim.
1888 2274 2104 2325 Griech.
2132 2274 2328 2325 Gesch.
2366 2274 2419 2325 I.
2458 2290 2514 2339 p.
2553 2275 2654 2326 110
2683 2288 2800 2338 seq.

1714 2369 1782 2379 —
1817 2344 1902 2393 De
1948 2342 2221 2425 γερουσίᾳ
2266 2344 2383 2394 sive
2427 2343 2628 2408 viginti
2674 2348 2800 2393 octo

1713 2426 1903 2462 senum
1941 2411 2169 2463 consilio
2185 2449 2199 2475 ,
2249 2413 2395 2478 quod
2437 2413 2662 2477 regibus
2709 2411 2802 2461 ad·

1714 2486 1861 2531 esset
1912 2482 1968 2530 in
2016 2481 2265 2531 omnibus
2321 2482 2482 2532 rebus
2536 2481 2800 2546 graviori-

1712 2550 1835 2611 bus,
1881 2550 2029 2601 infra
2070 2551 2165 2612 VI,
2209 2552 2295 2601 57.
2365 2550 2643 2601 Plutarch.
2693 2551 2800 2615 Ly-

1715 2634 1866 2683 curg.
1919 2619 1971 2683 5,
2027 2634 2097 2669 ne
2150 2618 2326 2686 plura.
2401 2619 2554 2670 Alios
2609 2618 2800 2668 laudat

1713 2689 2017 2740 Neumann.
2066 2688 2137 2738 ad
2181 2689 2412 2739 Aristot.
2460 2688 2657 2753 fragm.
2704 2702 2800 2752 po-

1710 2756 1877 2808 litice.
1914 2773 1969 2822 p.
2008 2758 2126 2810 134.
2166 2757 2291 2809 coll.
2341 2757 2404 2809 C.
2443 2757 2511 2807 Ο.
2548 2757 2795 2807 Mueller.

1712 2827 1887 2876 Dorer
1918 2827 1995 2878 11.
2047 2842 2103 2891 p.
2143 2824 2204 2876 91
2257 2842 2408 2892 seqq.
2473 2825 2616 2877 Add.
2655 2840 2799 2875 nunc

1711 2896 1987 2960 Kopstadt
2030 2913 2086 2961 p.
2148 2895 2247 2946 107
2293 2911 2444 2960 seqq.
2487 2894 2708 2946 Gabriel
2741 2910 2796 2959 p.

1711 2965 1776 3016 31
1816 2981 1968 3030 seqq.
2007 2965 2071 3017 C.
2119 2965 2185 3014 F.
2238 2965 2536 3015 Hermann.
2585 2964 2623 3014 l.
2669 2963 2706 3013 l.
2744 2967 2794 3026 9.

1713 3035 1800 3084 24.
1839 3035 2069 3085 Kortiim
2104 3034 2141 3084 l.
2178 3032 2216 3083 l.
2264 3050 2319 3099 p.
2360 3033 2459 3084 107
2495 3048 2608 3098 seq.

2064 3203 2430 3256 CAP.LXV1.

1709 3303 1859 3439 εέῗ
1887 3298 2795 3443 εἳέαμΐῖἔῗῦἕὲρῗνῖἑῗεῗεῗέῗωῖἱ

1707 3443 1794 3494 Ad
1846 3441 2104 3509 σέβονται
2160 3461 2226 3495 ex
2282 3444 2628 3496 antecedenti
2682 3445 2794 3494 Av—

1707 3526 1933 3577 κονργω
1970 3518 2150 3565 mente
2173 3514 2524 3580 repetendum
2538 3512 2794 3576 Λυκοῦρ-

1707 3596 1839 3644 yov:
1909 3597 1939 3632 e
1959 3599 2067 3648 qua
2078 3587 2354 3635 structura
2367 3584 2579 3634 monuit
2598 3583 2795 3634 Schoe-

1709 3666 1874 3701 mann
1899 3652 1956 3701 in
1991 3651 2112 3702 Iud.
2143 3655 2325 3703 Lectt.
2360 3654 2559 3703 aestiv.
2585 3651 2792 3717 Gryph.

1714 3719 1864 3771 1835.
1911 3736 2038 3786 pag.
2089 3723 2140 3772 7.
2190 3747 2258 3759 —
2302 3723 2472 3773 Varia
2506 3721 2797 3772 traduntur

1708 3787 1776 3839 de
1810 3791 2052 3856 Lycurgi
2093 3795 2284 3853 morte,
2325 3792 2436 3856 qui,
2472 3805 2593 3841 cum
2631 3793 2796 3840 antea

1708 3856 2008 3921 Spartanos
2064 3859 2413 3911 iureiurando
2476 3859 2796 3909 obstrinxis

1707 3931 1814 3988 set,
1851 3943 1920 3977 ne
1952 3928 2073 3992 ipso
2108 3928 2338 3978 absente
2372 3927 2522 3993 leges
2568 3928 2637 3977 ab
2673 3928 2794 3992 ipso

1704 3992 1847 4044 latas
1883 3997 2239 4061 abrogarent,
2275 3996 2451 4047 noluit
2483 3996 2698 4063 regredi
2737 3997 2797 4045 in

1705 4064 1960 4127 patriam,
2018 4065 2114 4115 sed
2173 4065 2384 4128 inedia,
2433 4069 2495 4115 ut
2551 4065 2794 4127 tradunt,

1705 4133 1876 4182 vitam
1909 4133 2068 4183 finiit.
2104 4135 2311 4185 Auctor
2347 4138 2434 4184 est
2467 4133 2794 4185 Plutarchus

1706 4201 1820 4251 Vit.
1858 4203 2096 4267 Lycurg.
2134 4202 2220 4264 31,
2253 4202 2391 4252 alias
2415 4218 2633 4268 quoque
2663 4202 2795 4252 alio-

1705 4285 1823 4319 rum
1860 4270 2172 4321 sententias
2200 4286 2646 4321 commemorans.
2686 4259 2795 4334 Qui

1707 4338 1850 4388 idem
1885 4339 1953 4389 de
1985 4339 2282 4390 honoribus
2318 4341 2572 4417 Lycurgo
2623 4340 2796 4389 tribu-

1704 4407 1779 4457 tis
1809 4406 1974 4457 haec=
2015 4400 2173 4473 ἱερόν
2208 4423 2262 4457 τι
2298 4402 2451 4457 ἔστιν
2487 4398 2671 4458 αὐτοῦ
2698 4403 2794 4457 καὶ
