<?xml version="1.0" encoding="UTF-8"?>
<!DOCTYPE html PUBLIC "-//W3C//DTD XHTML 1.0 Transitional//EN"
    "http://www.w3.org/TR/xhtml1/DTD/xhtml1-transitional.dtd">
<html xmlns="http://www.w3.org/1999/xhtml" xml:lang="en" lang="en">
 <head>
  <title>
</title>
<meta http-equiv="Content-Type" content="text/html;charset=utf-8" />
  <meta name='ocr-system' content='tesseract 3.04.00' />
  <meta name='ocr-capabilities' content='ocr_page ocr_carea ocr_par ocr_line ocrx_word'/>
</head>
<body>
  <div class='ocr_page' id='page_1' title='image "./herodotihalicar02unkngoog_0902.png"; bbox 0 0 3109 5092; ppageno 0'>
   <div class='ocr_carea' id='block_1_1' title="bbox 458 276 1915 350">
    <p class='ocr_par' dir='ltr' id='par_1_1' title="bbox 458 276 1915 350">
     <span class='ocr_line' id='line_1_1' title="bbox 458 276 1915 350; baseline -0.008 -1"><span class='ocrx_word' id='word_1_1' title='bbox 458 285 582 350; x_wconf 86' lang='lat'>872</span> <span class='ocrx_word' id='word_1_2' title='bbox 1275 276 1809 342; x_wconf 80' lang='lat' dir='ltr'>EXCURSUS</span> <span class='ocrx_word' id='word_1_3' title='bbox 1852 278 1915 338; x_wconf 88' lang='lat' dir='ltr'>X</span> 
     </span>
    </p>
   </div>
   <div class='ocr_carea' id='block_1_2' title="bbox 897 634 2300 886">
    <p class='ocr_par' dir='ltr' id='par_1_2' title="bbox 897 634 2300 886">
     <span class='ocr_line' id='line_1_2' title="bbox 1207 634 1995 713; baseline -0.001 -1"><span class='ocrx_word' id='word_1_4' title='bbox 1207 634 1854 713; x_wconf 81' lang='lat' dir='ltr'><strong>EXOURSUS</strong></span> <span class='ocrx_word' id='word_1_5' title='bbox 1916 637 1995 711; x_wconf 91' lang='lat' dir='ltr'>X</span> 
     </span>
     <span class='ocr_line' id='line_1_3' title="bbox 897 758 2300 886; baseline -0.004 -14"><span class='ocrx_word' id='word_1_6' title='bbox 897 805 1067 872; x_wconf 91' lang='lat' dir='ltr'>AD</span> <span class='ocrx_word' id='word_1_7' title='bbox 1157 758 2065 886; x_wconf 68' lang='grc' dir='ltr'><strong>ΗἘΒΟΙ)ΟΤ.Π,</strong></span> <span class='ocrx_word' id='word_1_8' title='bbox 2158 804 2300 867; x_wconf 88' lang='lat'><strong>121.</strong></span> 
     </span>
    </p>
   </div>
   <div class='ocr_carea' id='block_1_3' title="bbox 419 1134 2763 4428">
    <p class='ocr_par' dir='ltr' id='par_1_3' title="bbox 419 1134 2763 4428">
     <span class='ocr_line' id='line_1_4' title="bbox 632 1134 2749 1213; baseline -0.002 -22"><span class='ocrx_word' id='word_1_9' title='bbox 632 1139 792 1202; x_wconf 80' lang='lat' dir='ltr'>Quae</span> <span class='ocrx_word' id='word_1_10' title='bbox 835 1137 938 1190; x_wconf 84' lang='lat' dir='ltr'>hoc</span> <span class='ocrx_word' id='word_1_11' title='bbox 968 1138 1147 1213; x_wconf 84' lang='lat' dir='ltr'>capite</span> <span class='ocrx_word' id='word_1_12' title='bbox 1182 1144 1481 1191; x_wconf 88' lang='lat' dir='ltr'>narrantur</span> <span class='ocrx_word' id='word_1_13' title='bbox 1523 1139 1593 1191; x_wconf 90' lang='lat' dir='ltr'>de</span> <span class='ocrx_word' id='word_1_14' title='bbox 1627 1139 2024 1210; x_wconf 68' lang='lat' dir='ltr'>Rhampn‘nito,</span> <span class='ocrx_word' id='word_1_15' title='bbox 2071 1134 2257 1187; x_wconf 91' lang='lat' dir='ltr'>eadem</span> <span class='ocrx_word' id='word_1_16' title='bbox 2301 1136 2419 1188; x_wconf 83' lang='lat' dir='ltr'>sere</span> <span class='ocrx_word' id='word_1_17' title='bbox 2455 1134 2749 1187; x_wconf 78' lang='lat' dir='ltr'>memoriae</span> 
     </span>
     <span class='ocr_line' id='line_1_5' title="bbox 463 1221 2748 1294; baseline -0.001 -17"><span class='ocrx_word' id='word_1_18' title='bbox 463 1224 683 1294; x_wconf 88' lang='lat' dir='ltr'>prodita</span> <span class='ocrx_word' id='word_1_19' title='bbox 721 1222 1086 1275; x_wconf 84' lang='lat' dir='ltr'>inveniuntur</span> <span class='ocrx_word' id='word_1_20' title='bbox 1115 1221 1174 1274; x_wconf 85' lang='lat' dir='ltr'>in</span> <span class='ocrx_word' id='word_1_21' title='bbox 1207 1223 1548 1276; x_wconf 89' lang='lat' dir='ltr'>Graecorum</span> <span class='ocrx_word' id='word_1_22' title='bbox 1576 1224 1763 1277; x_wconf 83' lang='lat' dir='ltr'>sabula</span> <span class='ocrx_word' id='word_1_23' title='bbox 1793 1224 1861 1276; x_wconf 89' lang='lat' dir='ltr'>de</span> <span class='ocrx_word' id='word_1_24' title='bbox 1894 1223 2169 1292; x_wconf 74' lang='lat' dir='ltr'>Agamede</span> <span class='ocrx_word' id='word_1_25' title='bbox 2212 1226 2380 1290; x_wconf 83' lang='lat' dir='ltr'>atque</span> <span class='ocrx_word' id='word_1_26' title='bbox 2418 1221 2748 1291; x_wconf 72' lang='lat' dir='ltr'><strong><em>Trophonio.</em></strong></span> 
     </span>
     <span class='ocr_line' id='line_1_6' title="bbox 463 1304 2747 1378; baseline -0.001 -18"><span class='ocrx_word' id='word_1_27' title='bbox 463 1309 576 1372; x_wconf 81' lang='lat' dir='ltr'>Qui</span> <span class='ocrx_word' id='word_1_28' title='bbox 622 1307 835 1360; x_wconf 88' lang='lat' dir='ltr'>aedium</span> <span class='ocrx_word' id='word_1_29' title='bbox 876 1307 1336 1360; x_wconf 68' lang='lat' dir='ltr'>exstruendorum</span> <span class='ocrx_word' id='word_1_30' title='bbox 1380 1314 1500 1361; x_wconf 86' lang='lat' dir='ltr'>arte</span> <span class='ocrx_word' id='word_1_31' title='bbox 1537 1309 1791 1377; x_wconf 77' lang='lat' dir='ltr'>insignes</span> <span class='ocrx_word' id='word_1_32' title='bbox 1838 1326 1940 1378; x_wconf 82' lang='lat' dir='ltr'>pro</span> <span class='ocrx_word' id='word_1_33' title='bbox 1968 1306 2062 1358; x_wconf 90' lang='lat' dir='ltr'>illa</span> <span class='ocrx_word' id='word_1_34' title='bbox 2100 1310 2281 1357; x_wconf 88' lang='lat' dir='ltr'>aetate</span> <span class='ocrx_word' id='word_1_35' title='bbox 2316 1304 2528 1373; x_wconf 80' lang='lat' dir='ltr'>Hyrieo</span> <span class='ocrx_word' id='word_1_36' title='bbox 2571 1322 2747 1358; x_wconf 85' lang='lat' dir='ltr'>came—</span> 
     </span>
     <span class='ocr_line' id='line_1_7' title="bbox 465 1388 2749 1461; baseline -0.002 -16"><span class='ocrx_word' id='word_1_37' title='bbox 465 1411 575 1445; x_wconf 89' lang='lat' dir='ltr'>ram</span> <span class='ocrx_word' id='word_1_38' title='bbox 608 1392 888 1444; x_wconf 73' lang='lat' dir='ltr'>thesauris</span> <span class='ocrx_word' id='word_1_39' title='bbox 920 1391 1222 1444; x_wconf 80' lang='lat' dir='ltr'>condendis</span> <span class='ocrx_word' id='word_1_40' title='bbox 1253 1391 1581 1446; x_wconf 88' lang='lat' dir='ltr'>destinatam</span> <span class='ocrx_word' id='word_1_41' title='bbox 1611 1394 1932 1459; x_wconf 84' lang='lat' dir='ltr'>aedificant,</span> <span class='ocrx_word' id='word_1_42' title='bbox 1964 1391 2021 1443; x_wconf 89' lang='lat' dir='ltr'>in</span> <span class='ocrx_word' id='word_1_43' title='bbox 2055 1406 2166 1461; x_wconf 89' lang='lat' dir='ltr'>qua</span> <span class='ocrx_word' id='word_1_44' title='bbox 2195 1407 2364 1443; x_wconf 90' lang='lat' dir='ltr'>unum</span> <span class='ocrx_word' id='word_1_45' title='bbox 2393 1388 2626 1459; x_wconf 80' lang='lat' dir='ltr'>lapidem</span> <span class='ocrx_word' id='word_1_46' title='bbox 2663 1389 2749 1442; x_wconf 84' lang='lat' dir='ltr'>sic</span> 
     </span>
     <span class='ocr_line' id='line_1_8' title="bbox 463 1475 2746 1548; baseline -0 -19"><span class='ocrx_word' id='word_1_47' title='bbox 463 1478 722 1529; x_wconf 85' lang='lat' dir='ltr'>inserunt</span> <span class='ocrx_word' id='word_1_48' title='bbox 750 1475 1129 1543; x_wconf 79' lang='lat' dir='ltr'>extrinsecus,</span> <span class='ocrx_word' id='word_1_49' title='bbox 1179 1483 1243 1529; x_wconf 86' lang='lat' dir='ltr'>ut</span> <span class='ocrx_word' id='word_1_50' title='bbox 1270 1476 1417 1529; x_wconf 81' lang='lat' dir='ltr'>facili</span> <span class='ocrx_word' id='word_1_51' title='bbox 1460 1496 1629 1548; x_wconf 86' lang='lat' dir='ltr'>opera</span> <span class='ocrx_word' id='word_1_52' title='bbox 1673 1478 1834 1531; x_wconf 86' lang='lat' dir='ltr'>eximi</span> <span class='ocrx_word' id='word_1_53' title='bbox 1867 1476 2130 1546; x_wconf 88' lang='lat' dir='ltr'>potuerit.</span> <span class='ocrx_word' id='word_1_54' title='bbox 2190 1475 2328 1527; x_wconf 90' lang='lat' dir='ltr'>Inde</span> <span class='ocrx_word' id='word_1_55' title='bbox 2371 1475 2531 1527; x_wconf 85' lang='lat' dir='ltr'>simili</span> <span class='ocrx_word' id='word_1_56' title='bbox 2564 1475 2746 1542; x_wconf 88' lang='lat' dir='ltr'>modo,</span> 
     </span>
     <span class='ocr_line' id='line_1_9' title="bbox 419 1559 2749 1633; baseline -0 -20"><span class='ocrx_word' id='word_1_57' title='bbox 419 1571 426 1576; x_wconf 86' lang='grc'><strong>’</strong></span> <span class='ocrx_word' id='word_1_58' title='bbox 465 1578 576 1631; x_wconf 92' lang='lat' dir='ltr'>quo</span> <span class='ocrx_word' id='word_1_59' title='bbox 611 1560 920 1630; x_wconf 80' lang='lat' dir='ltr'>Aegyptius</span> <span class='ocrx_word' id='word_1_60' title='bbox 952 1560 1166 1628; x_wconf 80' lang='lat' dir='ltr'>opifex,</span> <span class='ocrx_word' id='word_1_61' title='bbox 1215 1562 1366 1629; x_wconf 85' lang='lat' dir='ltr'>regis</span> <span class='ocrx_word' id='word_1_62' title='bbox 1397 1563 1693 1616; x_wconf 76' lang='lat' dir='ltr'>thesauros</span> <span class='ocrx_word' id='word_1_63' title='bbox 1726 1566 2047 1633; x_wconf 84' lang='lat' dir='ltr'>asportant,</span> <span class='ocrx_word' id='word_1_64' title='bbox 2095 1559 2192 1629; x_wconf 89' lang='lat' dir='ltr'>qui</span> <span class='ocrx_word' id='word_1_65' title='bbox 2228 1560 2322 1612; x_wconf 90' lang='lat' dir='ltr'>ubi</span> <span class='ocrx_word' id='word_1_66' title='bbox 2361 1560 2463 1611; x_wconf 91' lang='lat' dir='ltr'>hoc</span> <span class='ocrx_word' id='word_1_67' title='bbox 2505 1560 2749 1613; x_wconf 87' lang='lat' dir='ltr'>animad—</span> 
     </span>
     <span class='ocr_line' id='line_1_10' title="bbox 465 1644 2750 1714; baseline -0.001 -16"><span class='ocrx_word' id='word_1_68' title='bbox 465 1646 667 1711; x_wconf 82' lang='lat' dir='ltr'>vertit,</span> <span class='ocrx_word' id='word_1_69' title='bbox 713 1645 890 1697; x_wconf 86' lang='lat' dir='ltr'>omnia</span> <span class='ocrx_word' id='word_1_70' title='bbox 925 1644 1140 1714; x_wconf 82' lang='lat' dir='ltr'>laqueis</span> <span class='ocrx_word' id='word_1_71' title='bbox 1171 1646 1362 1714; x_wconf 82' lang='lat' dir='ltr'>cingit.</span> <span class='ocrx_word' id='word_1_72' title='bbox 1428 1647 1651 1710; x_wconf 80' lang='lat' dir='ltr'>Quibus</span> <span class='ocrx_word' id='word_1_73' title='bbox 1696 1648 1952 1700; x_wconf 87' lang='lat' dir='ltr'>irretitus</span> <span class='ocrx_word' id='word_1_74' title='bbox 1985 1644 2287 1712; x_wconf 77' lang='lat' dir='ltr'>Agamedes</span> <span class='ocrx_word' id='word_1_75' title='bbox 2334 1662 2367 1697; x_wconf 88' lang='lat' dir='ltr'>a</span> <span class='ocrx_word' id='word_1_76' title='bbox 2398 1644 2572 1697; x_wconf 78' lang='lat' dir='ltr'>fratre</span> <span class='ocrx_word' id='word_1_77' title='bbox 2600 1645 2750 1698; x_wconf 90' lang='lat' dir='ltr'>Tro-</span> 
     </span>
     <span class='ocr_line' id='line_1_11' title="bbox 467 1729 2751 1802; baseline 0 -20"><span class='ocrx_word' id='word_1_78' title='bbox 467 1730 672 1800; x_wconf 91' lang='lat' dir='ltr'>phonio</span> <span class='ocrx_word' id='word_1_79' title='bbox 709 1730 788 1802; x_wconf 87' lang='lat' dir='ltr'>(is</span> <span class='ocrx_word' id='word_1_80' title='bbox 812 1730 954 1782; x_wconf 90' lang='lat' dir='ltr'>enim</span> <span class='ocrx_word' id='word_1_81' title='bbox 984 1729 1236 1797; x_wconf 89' lang='lat' dir='ltr'>timebat,</span> <span class='ocrx_word' id='word_1_82' title='bbox 1285 1749 1353 1783; x_wconf 90' lang='lat' dir='ltr'>ne</span> <span class='ocrx_word' id='word_1_83' title='bbox 1385 1731 1506 1800; x_wconf 89' lang='lat' dir='ltr'>ipse</span> <span class='ocrx_word' id='word_1_84' title='bbox 1537 1732 1697 1785; x_wconf 89' lang='lat' dir='ltr'>simul</span> <span class='ocrx_word' id='word_1_85' title='bbox 1727 1730 2263 1802; x_wconf 82' lang='lat' dir='ltr'>deprehenderetur)</span> <span class='ocrx_word' id='word_1_86' title='bbox 2307 1737 2536 1782; x_wconf 89' lang='lat' dir='ltr'>necatur</span> <span class='ocrx_word' id='word_1_87' title='bbox 2566 1729 2751 1798; x_wconf 88' lang='lat' dir='ltr'>capite</span> 
     </span>
     <span class='ocr_line' id='line_1_12' title="bbox 466 1814 2751 1887; baseline -0 -20"><span class='ocrx_word' id='word_1_88' title='bbox 466 1814 704 1867; x_wconf 89' lang='lat' dir='ltr'>absciso.</span> <span class='ocrx_word' id='word_1_89' title='bbox 762 1814 873 1866; x_wconf 84' lang='lat' dir='ltr'>Sed</span> <span class='ocrx_word' id='word_1_90' title='bbox 914 1820 1110 1884; x_wconf 79' lang='lat' dir='ltr'>postea</span> <span class='ocrx_word' id='word_1_91' title='bbox 1150 1820 1301 1868; x_wconf 83' lang='lat' dir='ltr'>terra</span> <span class='ocrx_word' id='word_1_92' title='bbox 1336 1816 1611 1869; x_wconf 83' lang='lat' dir='ltr'>scinditur</span> <span class='ocrx_word' id='word_1_93' title='bbox 1638 1816 2131 1887; x_wconf 88' lang='lat' dir='ltr'>Trophoniumque</span> <span class='ocrx_word' id='word_1_94' title='bbox 2170 1814 2420 1867; x_wconf 82' lang='lat' dir='ltr'>devorat.</span> <span class='ocrx_word' id='word_1_95' title='bbox 2484 1814 2571 1866; x_wconf 89' lang='lat' dir='ltr'>Ita</span> <span class='ocrx_word' id='word_1_96' title='bbox 2598 1814 2751 1866; x_wconf 88' lang='lat' dir='ltr'>Pau-</span> 
     </span>
     <span class='ocr_line' id='line_1_13' title="bbox 467 1898 2750 1969; baseline -0.001 -16"><span class='ocrx_word' id='word_1_97' title='bbox 467 1900 655 1953; x_wconf 87' lang='lat' dir='ltr'>sanias</span> <span class='ocrx_word' id='word_1_98' title='bbox 687 1898 780 1967; x_wconf 83' lang='lat' dir='ltr'>IX,</span> <span class='ocrx_word' id='word_1_99' title='bbox 810 1903 900 1958; x_wconf 83' lang='grc'>37.</span> <span class='ocrx_word' id='word_1_100' title='bbox 938 1904 990 1965; x_wconf 74' lang='lat' dir='ltr'>S.</span> <span class='ocrx_word' id='word_1_101' title='bbox 1021 1904 1086 1967; x_wconf 81' lang='lat'>3,</span> <span class='ocrx_word' id='word_1_102' title='bbox 1137 1918 1240 1953; x_wconf 90' lang='lat' dir='ltr'>nec</span> <span class='ocrx_word' id='word_1_103' title='bbox 1273 1900 1434 1953; x_wconf 88' lang='lat' dir='ltr'>aliter</span> <span class='ocrx_word' id='word_1_104' title='bbox 1463 1903 1582 1954; x_wconf 83' lang='lat' dir='ltr'>fere</span> <span class='ocrx_word' id='word_1_105' title='bbox 1616 1902 1833 1953; x_wconf 86' lang='lat' dir='ltr'>Charax</span> <span class='ocrx_word' id='word_1_106' title='bbox 1874 1901 1928 1952; x_wconf 90' lang='lat' dir='ltr'>in</span> <span class='ocrx_word' id='word_1_107' title='bbox 1972 1899 2143 1952; x_wconf 90' lang='lat' dir='ltr'>schol.</span> <span class='ocrx_word' id='word_1_108' title='bbox 2175 1899 2244 1950; x_wconf 90' lang='lat' dir='ltr'>ad</span> <span class='ocrx_word' id='word_1_109' title='bbox 2274 1898 2558 1969; x_wconf 78' lang='lat' dir='ltr'>Aristoph.</span> <span class='ocrx_word' id='word_1_110' title='bbox 2591 1900 2750 1952; x_wconf 88' lang='lat' dir='ltr'>Nub.</span> 
     </span>
     <span class='ocr_line' id='line_1_14' title="bbox 465 1983 2752 2056; baseline 0 -21"><span class='ocrx_word' id='word_1_111' title='bbox 465 1990 572 2043; x_wconf 70' lang='lat'>504</span> <span class='ocrx_word' id='word_1_112' title='bbox 609 1983 732 2036; x_wconf 90' lang='lat' dir='ltr'>coll.</span> <span class='ocrx_word' id='word_1_113' title='bbox 766 1984 941 2052; x_wconf 85' lang='lat' dir='ltr'>Ilgen.</span> <span class='ocrx_word' id='word_1_114' title='bbox 975 1984 1044 2036; x_wconf 91' lang='lat' dir='ltr'>ad</span> <span class='ocrx_word' id='word_1_115' title='bbox 1077 1984 1258 2052; x_wconf 83' lang='lat' dir='ltr'>hymn.</span> <span class='ocrx_word' id='word_1_116' title='bbox 1290 1985 1543 2038; x_wconf 86' lang='lat' dir='ltr'>Homerr.</span> <span class='ocrx_word' id='word_1_117' title='bbox 1579 2005 1635 2056; x_wconf 85' lang='lat' dir='ltr'>p.</span> <span class='ocrx_word' id='word_1_118' title='bbox 1658 1991 1781 2045; x_wconf 75' lang='lat'>304.</span> <span class='ocrx_word' id='word_1_119' title='bbox 1846 1985 1956 2038; x_wconf 87' lang='lat' dir='ltr'>Iam</span> <span class='ocrx_word' id='word_1_120' title='bbox 2000 1984 2247 2053; x_wconf 80' lang='lat' dir='ltr'>origines</span> <span class='ocrx_word' id='word_1_121' title='bbox 2290 1985 2538 2037; x_wconf 85' lang='lat' dir='ltr'>Graecae</span> <span class='ocrx_word' id='word_1_122' title='bbox 2579 1984 2752 2037; x_wconf 83' lang='lat' dir='ltr'>buius</span> 
     </span>
     <span class='ocr_line' id='line_1_15' title="bbox 465 2068 2751 2138; baseline -0.001 -15"><span class='ocrx_word' id='word_1_123' title='bbox 465 2068 687 2123; x_wconf 81' lang='lat' dir='ltr'>fabulae</span> <span class='ocrx_word' id='word_1_124' title='bbox 719 2069 768 2121; x_wconf 91' lang='lat' dir='ltr'>si</span> <span class='ocrx_word' id='word_1_125' title='bbox 798 2085 1067 2138; x_wconf 78' lang='lat' dir='ltr'>quaeras,</span> <span class='ocrx_word' id='word_1_126' title='bbox 1104 2074 1289 2122; x_wconf 89' lang='lat' dir='ltr'>monet</span> <span class='ocrx_word' id='word_1_127' title='bbox 1317 2069 1719 2124; x_wconf 78' lang='lat' dir='ltr'>Valckenarius</span> <span class='ocrx_word' id='word_1_128' title='bbox 1753 2071 1822 2122; x_wconf 91' lang='lat' dir='ltr'>ad</span> <span class='ocrx_word' id='word_1_129' title='bbox 1852 2069 2122 2122; x_wconf 85' lang='lat' dir='ltr'>Herodoti</span> <span class='ocrx_word' id='word_1_130' title='bbox 2153 2068 2361 2121; x_wconf 82' lang='lat' dir='ltr'>locum:</span> <span class='ocrx_word' id='word_1_131' title='bbox 2407 2069 2535 2136; x_wconf 82' lang='lat' dir='ltr'>„Ex</span> <span class='ocrx_word' id='word_1_132' title='bbox 2569 2069 2751 2121; x_wconf 87' lang='lat' dir='ltr'>Hero-</span> 
     </span>
     <span class='ocr_line' id='line_1_16' title="bbox 467 2152 2753 2225; baseline -0.001 -18"><span class='ocrx_word' id='word_1_133' title='bbox 467 2156 597 2207; x_wconf 82' lang='lat' dir='ltr'>doto</span> <span class='ocrx_word' id='word_1_134' title='bbox 631 2154 894 2206; x_wconf 77' lang='lat' dir='ltr'>videntur</span> <span class='ocrx_word' id='word_1_135' title='bbox 933 2171 966 2205; x_wconf 89' lang='lat' dir='ltr'>a</span> <span class='ocrx_word' id='word_1_136' title='bbox 996 2154 1272 2206; x_wconf 88' lang='lat' dir='ltr'>Graeculo</span> <span class='ocrx_word' id='word_1_137' title='bbox 1304 2155 1536 2223; x_wconf 90' lang='lat' dir='ltr'>quodam</span> <span class='ocrx_word' id='word_1_138' title='bbox 1579 2157 1819 2225; x_wconf 87' lang='lat' dir='ltr'>repetita</span> <span class='ocrx_word' id='word_1_139' title='bbox 1861 2160 2028 2224; x_wconf 89' lang='lat' dir='ltr'>atque</span> <span class='ocrx_word' id='word_1_140' title='bbox 2057 2153 2112 2206; x_wconf 92' lang='lat' dir='ltr'>in</span> <span class='ocrx_word' id='word_1_141' title='bbox 2144 2152 2465 2221; x_wconf 85' lang='lat' dir='ltr'>Agamedem</span> <span class='ocrx_word' id='word_1_142' title='bbox 2494 2153 2753 2222; x_wconf 84' lang='lat' dir='ltr'>Tropho-</span> 
     </span>
     <span class='ocr_line' id='line_1_17' title="bbox 468 2238 2754 2308; baseline -0 -17"><span class='ocrx_word' id='word_1_143' title='bbox 468 2240 729 2307; x_wconf 88' lang='lat' dir='ltr'>niumque</span> <span class='ocrx_word' id='word_1_144' title='bbox 771 2238 1080 2305; x_wconf 86' lang='lat' dir='ltr'>translata,</span> <span class='ocrx_word' id='word_1_145' title='bbox 1128 2257 1158 2291; x_wconf 98' lang='lat' dir='ltr'>e</span> <span class='ocrx_word' id='word_1_146' title='bbox 1192 2256 1301 2308; x_wconf 88' lang='lat' dir='ltr'>quo</span> <span class='ocrx_word' id='word_1_147' title='bbox 1344 2254 1449 2291; x_wconf 79' lang='lat' dir='ltr'>sua</span> <span class='ocrx_word' id='word_1_148' title='bbox 1478 2240 1771 2292; x_wconf 78' lang='lat' dir='ltr'>hauserint</span> <span class='ocrx_word' id='word_1_149' title='bbox 1805 2240 2022 2291; x_wconf 81' lang='lat' dir='ltr'>Charax</span> <span class='ocrx_word' id='word_1_150' title='bbox 2072 2243 2129 2290; x_wconf 91' lang='lat' dir='ltr'>et</span> <span class='ocrx_word' id='word_1_151' title='bbox 2153 2238 2526 2291; x_wconf 85' lang='lat' dir='ltr'>Pausanias.“</span> <span class='ocrx_word' id='word_1_152' title='bbox 2588 2238 2754 2301; x_wconf 80' lang='lat' dir='ltr'>Quae</span> 
     </span>
     <span class='ocr_line' id='line_1_18' title="bbox 469 2316 2751 2394; baseline 0 -19"><span class='ocrx_word' id='word_1_153' title='bbox 469 2323 656 2375; x_wconf 88' lang='lat' dir='ltr'>eadem</span> <span class='ocrx_word' id='word_1_154' title='bbox 685 2322 945 2390; x_wconf 87' lang='lat' dir='ltr'>placuere</span> <span class='ocrx_word' id='word_1_155' title='bbox 985 2322 1161 2390; x_wconf 87' lang='lat' dir='ltr'>Ilgen.</span> <span class='ocrx_word' id='word_1_156' title='bbox 1197 2321 1231 2374; x_wconf 89' lang='lat' dir='ltr'>l.</span> <span class='ocrx_word' id='word_1_157' title='bbox 1265 2316 1302 2374; x_wconf 67' lang='lat' dir='ltr'>l.</span> <span class='ocrx_word' id='word_1_158' title='bbox 1365 2322 1579 2376; x_wconf 84' lang='lat' dir='ltr'>Contra</span> <span class='ocrx_word' id='word_1_159' title='bbox 1612 2324 1853 2376; x_wconf 79' lang='lat' dir='ltr'>fabulam</span> <span class='ocrx_word' id='word_1_160' title='bbox 1884 2341 2017 2375; x_wconf 82' lang='lat' dir='ltr'>vere</span> <span class='ocrx_word' id='word_1_161' title='bbox 2048 2324 2312 2375; x_wconf 82' lang='lat' dir='ltr'>Graecam</span> <span class='ocrx_word' id='word_1_162' title='bbox 2344 2330 2401 2375; x_wconf 92' lang='lat' dir='ltr'>et</span> <span class='ocrx_word' id='word_1_163' title='bbox 2429 2328 2623 2394; x_wconf 87' lang='lat' dir='ltr'>postea</span> <span class='ocrx_word' id='word_1_164' title='bbox 2653 2324 2751 2375; x_wconf 88' lang='lat' dir='ltr'>de·</span> 
     </span>
     <span class='ocr_line' id='line_1_19' title="bbox 469 2400 2752 2479; baseline -0 -19"><span class='ocrx_word' id='word_1_165' title='bbox 469 2424 606 2461; x_wconf 89' lang='lat' dir='ltr'>mum</span> <span class='ocrx_word' id='word_1_166' title='bbox 635 2406 691 2458; x_wconf 91' lang='lat' dir='ltr'>in</span> <span class='ocrx_word' id='word_1_167' title='bbox 715 2404 1030 2475; x_wconf 78' lang='lat' dir='ltr'>Aegyptum</span> <span class='ocrx_word' id='word_1_168' title='bbox 1061 2408 1383 2460; x_wconf 82' lang='lat' dir='ltr'>translatam</span> <span class='ocrx_word' id='word_1_169' title='bbox 1415 2408 1727 2479; x_wconf 88' lang='lat' dir='ltr'>cupideque</span> <span class='ocrx_word' id='word_1_170' title='bbox 1756 2409 1824 2460; x_wconf 93' lang='lat' dir='ltr'>ab</span> <span class='ocrx_word' id='word_1_171' title='bbox 1848 2400 2230 2460; x_wconf 84' lang='lat' dir='ltr'>sacerdotibus</span> <span class='ocrx_word' id='word_1_172' title='bbox 2262 2415 2534 2478; x_wconf 83' lang='lat' dir='ltr'>arreptam</span> <span class='ocrx_word' id='word_1_173' title='bbox 2562 2413 2625 2461; x_wconf 89' lang='lat' dir='ltr'>et</span> <span class='ocrx_word' id='word_1_174' title='bbox 2648 2425 2752 2478; x_wconf 90' lang='lat' dir='ltr'>pro</span> 
     </span>
     <span class='ocr_line' id='line_1_20' title="bbox 465 2492 2751 2562; baseline 0 -17"><span class='ocrx_word' id='word_1_175' title='bbox 465 2510 614 2545; x_wconf 90' lang='lat' dir='ltr'>more</span> <span class='ocrx_word' id='word_1_176' title='bbox 645 2496 958 2544; x_wconf 86' lang='lat' dir='ltr'>exornatam</span> <span class='ocrx_word' id='word_1_177' title='bbox 988 2510 1114 2545; x_wconf 90' lang='lat' dir='ltr'>esse</span> <span class='ocrx_word' id='word_1_178' title='bbox 1145 2492 1430 2545; x_wconf 89' lang='lat' dir='ltr'>contendit</span> <span class='ocrx_word' id='word_1_179' title='bbox 1450 2493 1516 2544; x_wconf 91' lang='lat' dir='ltr'>C.</span> <span class='ocrx_word' id='word_1_180' title='bbox 1544 2493 1615 2544; x_wconf 92' lang='grc' dir='ltr'>Ο.</span> <span class='ocrx_word' id='word_1_181' title='bbox 1642 2493 1949 2546; x_wconf 83' lang='lat' dir='ltr'>Muellerus</span> <span class='ocrx_word' id='word_1_182' title='bbox 1978 2493 2035 2544; x_wconf 91' lang='lat' dir='ltr'>in</span> <span class='ocrx_word' id='word_1_183' title='bbox 2062 2492 2387 2544; x_wconf 90' lang='lat' dir='ltr'>Orchomen.</span> <span class='ocrx_word' id='word_1_184' title='bbox 2415 2496 2553 2562; x_wconf 85' lang='lat' dir='ltr'>p.97</span> <span class='ocrx_word' id='word_1_185' title='bbox 2569 2510 2751 2562; x_wconf 66' lang='lat' dir='ltr'>seqq„</span> 
     </span>
     <span class='ocr_line' id='line_1_21' title="bbox 469 2575 2751 2649; baseline -0.001 -20"><span class='ocrx_word' id='word_1_186' title='bbox 469 2596 501 2629; x_wconf 86' lang='lat' dir='ltr'>a</span> <span class='ocrx_word' id='word_1_187' title='bbox 544 2580 805 2631; x_wconf 71' lang='lat' dir='ltr'>Creuzero</span> <span class='ocrx_word' id='word_1_188' title='bbox 849 2575 1108 2629; x_wconf 87' lang='lat' dir='ltr'>laudatus</span> <span class='ocrx_word' id='word_1_189' title='bbox 1208 2578 1581 2630; x_wconf 81' lang='lat' dir='ltr'>Buttmannus</span> <span class='ocrx_word' id='word_1_190' title='bbox 1630 2595 1765 2630; x_wconf 83' lang='lat' dir='ltr'>vero</span> <span class='ocrx_word' id='word_1_191' title='bbox 1812 2578 1920 2649; x_wconf 89' lang='lat' dir='ltr'>(de</span> <span class='ocrx_word' id='word_1_192' title='bbox 1960 2576 2174 2643; x_wconf 85' lang='lat' dir='ltr'>Minyis</span> <span class='ocrx_word' id='word_1_193' title='bbox 2223 2576 2278 2628; x_wconf 90' lang='lat' dir='ltr'>in</span> <span class='ocrx_word' id='word_1_194' title='bbox 2313 2577 2623 2645; x_wconf 82' lang='lat' dir='ltr'>Mytholog.</span> <span class='ocrx_word' id='word_1_195' title='bbox 2672 2577 2751 2628; x_wconf 88' lang='grc' dir='ltr'>Π.</span> 
     </span>
     <span class='ocr_line' id='line_1_22' title="bbox 468 2659 2756 2733; baseline -0.001 -18"><span class='ocrx_word' id='word_1_196' title='bbox 468 2683 524 2733; x_wconf 91' lang='lat' dir='ltr'>p.</span> <span class='ocrx_word' id='word_1_197' title='bbox 552 2659 656 2723; x_wconf 67' lang='lat'>227</span> <span class='ocrx_word' id='word_1_198' title='bbox 690 2661 841 2731; x_wconf 89' lang='lat' dir='ltr'>seq.)</span> <span class='ocrx_word' id='word_1_199' title='bbox 889 2663 956 2713; x_wconf 90' lang='lat' dir='ltr'>ad</span> <span class='ocrx_word' id='word_1_200' title='bbox 1001 2679 1176 2729; x_wconf 77' lang='lat' dir='ltr'>vagas</span> <span class='ocrx_word' id='word_1_201' title='bbox 1221 2661 1345 2714; x_wconf 88' lang='lat' dir='ltr'>illas</span> <span class='ocrx_word' id='word_1_202' title='bbox 1383 2661 1631 2730; x_wconf 84' lang='lat' dir='ltr'>fabulas,</span> <span class='ocrx_word' id='word_1_203' title='bbox 1681 2679 1824 2732; x_wconf 89' lang='lat' dir='ltr'>quae</span> <span class='ocrx_word' id='word_1_204' title='bbox 1866 2662 1935 2714; x_wconf 90' lang='lat' dir='ltr'>ad</span> <span class='ocrx_word' id='word_1_205' title='bbox 1976 2662 2133 2713; x_wconf 83' lang='lat' dir='ltr'>varia</span> <span class='ocrx_word' id='word_1_206' title='bbox 2177 2667 2233 2714; x_wconf 89' lang='lat' dir='ltr'>et</span> <span class='ocrx_word' id='word_1_207' title='bbox 2261 2666 2507 2731; x_wconf 89' lang='lat' dir='ltr'>tempora</span> <span class='ocrx_word' id='word_1_208' title='bbox 2547 2668 2603 2714; x_wconf 88' lang='lat' dir='ltr'>et</span> <span class='ocrx_word' id='word_1_209' title='bbox 2634 2661 2756 2714; x_wconf 86' lang='lat' dir='ltr'>loca</span> 
     </span>
     <span class='ocr_line' id='line_1_23' title="bbox 468 2746 2753 2817; baseline -0.001 -16"><span class='ocrx_word' id='word_1_210' title='bbox 468 2748 684 2802; x_wconf 84' lang='lat' dir='ltr'>fuerint</span> <span class='ocrx_word' id='word_1_211' title='bbox 715 2746 1052 2814; x_wconf 85' lang='lat' dir='ltr'>translatae,</span> <span class='ocrx_word' id='word_1_212' title='bbox 1098 2748 1237 2799; x_wconf 91' lang='lat' dir='ltr'>hanc</span> <span class='ocrx_word' id='word_1_213' title='bbox 1268 2764 1490 2817; x_wconf 89' lang='lat' dir='ltr'>quoque</span> <span class='ocrx_word' id='word_1_214' title='bbox 1521 2747 1865 2800; x_wconf 64' lang='lat' dir='ltr'>historiolam,</span> <span class='ocrx_word' id='word_1_215' title='bbox 1904 2748 2106 2815; x_wconf 79' lang='lat' dir='ltr'>refert,</span> <span class='ocrx_word' id='word_1_216' title='bbox 2159 2764 2226 2798; x_wconf 87' lang='lat' dir='ltr'>ex</span> <span class='ocrx_word' id='word_1_217' title='bbox 2260 2746 2504 2815; x_wconf 87' lang='lat' dir='ltr'>oriente,</span> <span class='ocrx_word' id='word_1_218' title='bbox 2549 2746 2599 2798; x_wconf 96' lang='lat' dir='ltr'>si</span> <span class='ocrx_word' id='word_1_219' title='bbox 2634 2746 2753 2816; x_wconf 89' lang='lat' dir='ltr'>pla-</span> 
     </span>
     <span class='ocr_line' id='line_1_24' title="bbox 469 2829 2755 2901; baseline -0.002 -15"><span class='ocrx_word' id='word_1_220' title='bbox 469 2839 586 2899; x_wconf 89' lang='lat' dir='ltr'>cet,</span> <span class='ocrx_word' id='word_1_221' title='bbox 641 2836 705 2884; x_wconf 86' lang='lat' dir='ltr'>ut</span> <span class='ocrx_word' id='word_1_222' title='bbox 747 2830 854 2882; x_wconf 89' lang='lat' dir='ltr'>alia</span> <span class='ocrx_word' id='word_1_223' title='bbox 899 2832 1210 2885; x_wconf 86' lang='lat' dir='ltr'>huiusmodi</span> <span class='ocrx_word' id='word_1_224' title='bbox 1259 2832 1328 2883; x_wconf 89' lang='lat' dir='ltr'>ad</span> <span class='ocrx_word' id='word_1_225' title='bbox 1373 2832 1623 2883; x_wconf 86' lang='lat' dir='ltr'>Graecos</span> <span class='ocrx_word' id='word_1_226' title='bbox 1663 2832 1948 2884; x_wconf 89' lang='lat' dir='ltr'>deductam</span> <span class='ocrx_word' id='word_1_227' title='bbox 1993 2838 2160 2901; x_wconf 89' lang='lat' dir='ltr'>atque</span> <span class='ocrx_word' id='word_1_228' title='bbox 2195 2830 2353 2883; x_wconf 87' lang='lat' dir='ltr'>etiam</span> <span class='ocrx_word' id='word_1_229' title='bbox 2386 2829 2755 2901; x_wconf 87' lang='lat' dir='ltr'>Rhampsiniti</span> 
     </span>
     <span class='ocr_line' id='line_1_25' title="bbox 468 2914 2754 2986; baseline -0.002 -15"><span class='ocrx_word' id='word_1_230' title='bbox 468 2918 638 2971; x_wconf 91' lang='lat' dir='ltr'>rebus</span> <span class='ocrx_word' id='word_1_231' title='bbox 688 2917 980 2967; x_wconf 81' lang='lat' dir='ltr'>insertam=</span> <span class='ocrx_word' id='word_1_232' title='bbox 1034 2918 1087 2969; x_wconf 90' lang='lat' dir='ltr'>in</span> <span class='ocrx_word' id='word_1_233' title='bbox 1127 2933 1236 2986; x_wconf 90' lang='lat' dir='ltr'>quo</span> <span class='ocrx_word' id='word_1_234' title='bbox 1286 2932 1473 2968; x_wconf 82' lang='lat' dir='ltr'>verum</span> <span class='ocrx_word' id='word_1_235' title='bbox 1502 2916 1714 2969; x_wconf 79' lang='lat' dir='ltr'>vidisse</span> <span class='ocrx_word' id='word_1_236' title='bbox 1743 2917 2134 2969; x_wconf 89' lang='lat' dir='ltr'>Buttmannum</span> <span class='ocrx_word' id='word_1_237' title='bbox 2177 2916 2502 2986; x_wconf 85' lang='lat' dir='ltr'>pronuntiat</span> <span class='ocrx_word' id='word_1_238' title='bbox 2539 2914 2754 2969; x_wconf 84' lang='lat' dir='ltr'>Ideler=</span> 
     </span>
     <span class='ocr_line' id='line_1_26' title="bbox 469 2999 2753 3071; baseline 0 -19"><span class='ocrx_word' id='word_1_239' title='bbox 469 3000 575 3053; x_wconf 91' lang='lat' dir='ltr'>Die</span> <span class='ocrx_word' id='word_1_240' title='bbox 604 3000 750 3066; x_wconf 84' lang='lat' dir='ltr'>Sage</span> <span class='ocrx_word' id='word_1_241' title='bbox 783 3017 903 3050; x_wconf 83' lang='lat' dir='ltr'>vom</span> <span class='ocrx_word' id='word_1_242' title='bbox 938 3001 1148 3053; x_wconf 79' lang='lat' dir='ltr'>Schuss</span> <span class='ocrx_word' id='word_1_243' title='bbox 1180 3001 1279 3051; x_wconf 85' lang='lat' dir='ltr'>des</span> <span class='ocrx_word' id='word_1_244' title='bbox 1312 2999 1433 3051; x_wconf 86' lang='lat' dir='ltr'>Tell</span> <span class='ocrx_word' id='word_1_245' title='bbox 1466 3019 1521 3069; x_wconf 91' lang='lat' dir='ltr'>p.</span> <span class='ocrx_word' id='word_1_246' title='bbox 1558 3004 1645 3058; x_wconf 82' lang='lat'>63.</span> <span class='ocrx_word' id='word_1_247' title='bbox 1719 3002 1830 3053; x_wconf 87' lang='lat' dir='ltr'>Sed</span> <span class='ocrx_word' id='word_1_248' title='bbox 1862 3003 1993 3053; x_wconf 89' lang='lat' dir='ltr'>haec</span> <span class='ocrx_word' id='word_1_249' title='bbox 2025 3002 2119 3071; x_wconf 86' lang='lat' dir='ltr'>qui</span> <span class='ocrx_word' id='word_1_250' title='bbox 2164 3000 2515 3070; x_wconf 83' lang='lat' dir='ltr'>probaverit,</span> <span class='ocrx_word' id='word_1_251' title='bbox 2554 3002 2605 3053; x_wconf 86' lang='lat' dir='ltr'>is</span> <span class='ocrx_word' id='word_1_252' title='bbox 2638 3001 2753 3053; x_wconf 82' lang='lat' dir='ltr'>He-</span> 
     </span>
     <span class='ocr_line' id='line_1_27' title="bbox 470 3083 2757 3156; baseline 0.001 -20"><span class='ocrx_word' id='word_1_253' title='bbox 470 3083 668 3137; x_wconf 86' lang='lat' dir='ltr'>rodoto</span> <span class='ocrx_word' id='word_1_254' title='bbox 701 3099 910 3135; x_wconf 89' lang='lat' dir='ltr'>omnem</span> <span class='ocrx_word' id='word_1_255' title='bbox 933 3084 1092 3136; x_wconf 86' lang='lat' dir='ltr'>fidem</span> <span class='ocrx_word' id='word_1_256' title='bbox 1117 3085 1355 3151; x_wconf 87' lang='lat' dir='ltr'>deneget</span> <span class='ocrx_word' id='word_1_257' title='bbox 1386 3103 1617 3137; x_wconf 85' lang='lat' dir='ltr'>necesse</span> <span class='ocrx_word' id='word_1_258' title='bbox 1649 3091 1753 3153; x_wconf 87' lang='lat' dir='ltr'>est,</span> <span class='ocrx_word' id='word_1_259' title='bbox 1793 3103 1953 3156; x_wconf 89' lang='lat' dir='ltr'>quam</span> <span class='ocrx_word' id='word_1_260' title='bbox 1982 3085 2109 3138; x_wconf 90' lang='lat' dir='ltr'>mihi</span> <span class='ocrx_word' id='word_1_261' title='bbox 2139 3103 2395 3139; x_wconf 90' lang='lat' dir='ltr'>summam</span> <span class='ocrx_word' id='word_1_262' title='bbox 2426 3104 2573 3153; x_wconf 85' lang='lat' dir='ltr'>esse,</span> <span class='ocrx_word' id='word_1_263' title='bbox 2607 3086 2757 3138; x_wconf 90' lang='lat' dir='ltr'>haud</span> 
     </span>
     <span class='ocr_line' id='line_1_28' title="bbox 472 3166 2756 3241; baseline 0.001 -20"><span class='ocrx_word' id='word_1_264' title='bbox 472 3185 583 3221; x_wconf 91' lang='lat' dir='ltr'>uno</span> <span class='ocrx_word' id='word_1_265' title='bbox 621 3166 742 3219; x_wconf 91' lang='lat' dir='ltr'>loco</span> <span class='ocrx_word' id='word_1_266' title='bbox 773 3166 878 3218; x_wconf 83' lang='lat' dir='ltr'>iam</span> <span class='ocrx_word' id='word_1_267' title='bbox 908 3167 1201 3220; x_wconf 84' lang='lat' dir='ltr'>declaravi.</span> <span class='ocrx_word' id='word_1_268' title='bbox 1265 3169 1458 3230; x_wconf 80' lang='lat' dir='ltr'>Quare</span> <span class='ocrx_word' id='word_1_269' title='bbox 1489 3168 1663 3221; x_wconf 83' lang='lat' dir='ltr'>malim</span> <span class='ocrx_word' id='word_1_270' title='bbox 1695 3170 1763 3222; x_wconf 91' lang='lat' dir='ltr'>ad</span> <span class='ocrx_word' id='word_1_271' title='bbox 1792 3170 2144 3222; x_wconf 84' lang='lat' dir='ltr'>Valckenarii</span> <span class='ocrx_word' id='word_1_272' title='bbox 2189 3176 2357 3241; x_wconf 91' lang='lat' dir='ltr'>atque</span> <span class='ocrx_word' id='word_1_273' title='bbox 2395 3170 2595 3238; x_wconf 78' lang='lat' dir='ltr'>[lgenii</span> <span class='ocrx_word' id='word_1_274' title='bbox 2626 3188 2756 3240; x_wconf 81' lang='lat' dir='ltr'>par-</span> 
     </span>
     <span class='ocr_line' id='line_1_29' title="bbox 467 3252 2755 3324; baseline 0 -18"><span class='ocrx_word' id='word_1_275' title='bbox 467 3262 558 3306; x_wconf 89' lang='lat' dir='ltr'>tes</span> <span class='ocrx_word' id='word_1_276' title='bbox 592 3252 852 3306; x_wconf 84' lang='lat' dir='ltr'>accedere</span> <span class='ocrx_word' id='word_1_277' title='bbox 882 3258 941 3304; x_wconf 91' lang='lat' dir='ltr'>et</span> <span class='ocrx_word' id='word_1_278' title='bbox 971 3271 1038 3306; x_wconf 89' lang='lat' dir='ltr'>ex</span> <span class='ocrx_word' id='word_1_279' title='bbox 1062 3252 1318 3323; x_wconf 77' lang='lat' dir='ltr'>Aegypto</span> <span class='ocrx_word' id='word_1_280' title='bbox 1344 3252 1593 3305; x_wconf 86' lang='lat' dir='ltr'>Graecae</span> <span class='ocrx_word' id='word_1_281' title='bbox 1625 3253 1846 3307; x_wconf 81' lang='lat' dir='ltr'>fabulae</span> <span class='ocrx_word' id='word_1_282' title='bbox 1878 3254 2126 3323; x_wconf 81' lang='lat' dir='ltr'>origines</span> <span class='ocrx_word' id='word_1_283' title='bbox 2153 3261 2422 3324; x_wconf 86' lang='lat' dir='ltr'>repetere.</span> <span class='ocrx_word' id='word_1_284' title='bbox 2492 3253 2576 3307; x_wconf 84' lang='lat' dir='ltr'>Ad</span> <span class='ocrx_word' id='word_1_285' title='bbox 2607 3255 2755 3323; x_wconf 83' lang='lat' dir='ltr'>agri-</span> 
     </span>
     <span class='ocr_line' id='line_1_30' title="bbox 471 3337 2759 3409; baseline 0.001 -18"><span class='ocrx_word' id='word_1_286' title='bbox 471 3338 722 3391; x_wconf 88' lang='lat' dir='ltr'>culturae</span> <span class='ocrx_word' id='word_1_287' title='bbox 767 3344 948 3389; x_wconf 89' lang='lat' dir='ltr'>autem</span> <span class='ocrx_word' id='word_1_288' title='bbox 981 3339 1239 3390; x_wconf 90' lang='lat' dir='ltr'>notiones</span> <span class='ocrx_word' id='word_1_289' title='bbox 1268 3337 1507 3391; x_wconf 81' lang='lat' dir='ltr'>fabulam</span> <span class='ocrx_word' id='word_1_290' title='bbox 1545 3344 1799 3407; x_wconf 89' lang='lat' dir='ltr'>spectare</span> <span class='ocrx_word' id='word_1_291' title='bbox 1830 3340 1923 3392; x_wconf 79' lang='lat' dir='ltr'>vix</span> <span class='ocrx_word' id='word_1_292' title='bbox 1952 3338 2204 3409; x_wconf 88' lang='lat' dir='ltr'>equidem</span> <span class='ocrx_word' id='word_1_293' title='bbox 2233 3340 2543 3393; x_wconf 87' lang='lat' dir='ltr'>dubitarim.</span> <span class='ocrx_word' id='word_1_294' title='bbox 2615 3340 2759 3393; x_wconf 89' lang='lat' dir='ltr'>Nam</span> 
     </span>
     <span class='ocr_line' id='line_1_31' title="bbox 475 3423 2759 3495; baseline 0 -17"><span class='ocrx_word' id='word_1_295' title='bbox 475 3424 841 3495; x_wconf 75' lang='lat' dir='ltr'>Trophonium</span> <span class='ocrx_word' id='word_1_296' title='bbox 875 3423 1129 3475; x_wconf 78' lang='lat' dir='ltr'>novimus</span> <span class='ocrx_word' id='word_1_297' title='bbox 1161 3424 1393 3475; x_wconf 88' lang='lat' dir='ltr'>eundem</span> <span class='ocrx_word' id='word_1_298' title='bbox 1429 3440 1555 3475; x_wconf 89' lang='lat' dir='ltr'>esse</span> <span class='ocrx_word' id='word_1_299' title='bbox 1591 3429 1758 3494; x_wconf 86' lang='lat' dir='ltr'>atque</span> <span class='ocrx_word' id='word_1_300' title='bbox 1784 3425 2109 3479; x_wconf 78' lang='lat' dir='ltr'>Mercurium</span> <span class='ocrx_word' id='word_1_301' title='bbox 2148 3442 2287 3491; x_wconf 90' lang='lat' dir='ltr'>eum,</span> <span class='ocrx_word' id='word_1_302' title='bbox 2321 3425 2417 3494; x_wconf 90' lang='lat' dir='ltr'>qui</span> <span class='ocrx_word' id='word_1_303' title='bbox 2449 3425 2555 3478; x_wconf 89' lang='lat' dir='ltr'>sub</span> <span class='ocrx_word' id='word_1_304' title='bbox 2588 3425 2759 3478; x_wconf 89' lang='lat' dir='ltr'>terris</span> 
     </span>
     <span class='ocr_line' id='line_1_32' title="bbox 469 3501 2757 3579; baseline 0 -18"><span class='ocrx_word' id='word_1_305' title='bbox 469 3509 737 3574; x_wconf 88' lang='lat' dir='ltr'>habetur,</span> <span class='ocrx_word' id='word_1_306' title='bbox 788 3501 1025 3576; x_wconf 75' lang='grc' dir='ltr'><strong><em>χθόνιος</em></strong></span> <span class='ocrx_word' id='word_1_307' title='bbox 1075 3508 1193 3560; x_wconf 81' lang='lat' dir='ltr'>sive</span> <span class='ocrx_word' id='word_1_308' title='bbox 1238 3501 1551 3577; x_wconf 74' lang='grc' dir='ltr'><strong><em>ἐριούνιοςς</em></strong></span> <span class='ocrx_word' id='word_1_309' title='bbox 1602 3509 1698 3578; x_wconf 89' lang='lat' dir='ltr'>qui</span> <span class='ocrx_word' id='word_1_310' title='bbox 1742 3510 1966 3579; x_wconf 88' lang='lat' dir='ltr'>quando</span> <span class='ocrx_word' id='word_1_311' title='bbox 2013 3529 2041 3562; x_wconf 91' lang='lat' dir='ltr'>e</span> <span class='ocrx_word' id='word_1_312' title='bbox 2085 3509 2313 3563; x_wconf 89' lang='lat' dir='ltr'>cameris</span> <span class='ocrx_word' id='word_1_313' title='bbox 2356 3510 2757 3562; x_wconf 87' lang='lat' dir='ltr'>subterraneos</span> 
     </span>
     <span class='ocr_line' id='line_1_33' title="bbox 471 3593 2758 3665; baseline 0 -18"><span class='ocrx_word' id='word_1_314' title='bbox 471 3596 767 3647; x_wconf 86' lang='lat' dir='ltr'>thesauros</span> <span class='ocrx_word' id='word_1_315' title='bbox 806 3593 1042 3661; x_wconf 90' lang='lat' dir='ltr'>surripit</span> <span class='ocrx_word' id='word_1_316' title='bbox 1089 3599 1145 3644; x_wconf 91' lang='lat' dir='ltr'>et</span> <span class='ocrx_word' id='word_1_317' title='bbox 1182 3594 1251 3645; x_wconf 89' lang='lat' dir='ltr'>ad</span> <span class='ocrx_word' id='word_1_318' title='bbox 1299 3593 1474 3646; x_wconf 89' lang='lat' dir='ltr'>lucem</span> <span class='ocrx_word' id='word_1_319' title='bbox 1514 3595 1763 3662; x_wconf 85' lang='lat' dir='ltr'>profert,</span> <span class='ocrx_word' id='word_1_320' title='bbox 1815 3594 2050 3647; x_wconf 88' lang='lat' dir='ltr'>indicari</span> <span class='ocrx_word' id='word_1_321' title='bbox 2091 3594 2316 3647; x_wconf 79' lang='lat' dir='ltr'>videtur</span> <span class='ocrx_word' id='word_1_322' title='bbox 2359 3612 2556 3663; x_wconf 85' lang='lat' dir='ltr'>seges,</span> <span class='ocrx_word' id='word_1_323' title='bbox 2613 3612 2758 3665; x_wconf 88' lang='lat' dir='ltr'>quae</span> 
     </span>
     <span class='ocr_line' id='line_1_34' title="bbox 471 3677 2754 3750; baseline 0 -19"><span class='ocrx_word' id='word_1_324' title='bbox 471 3697 538 3732; x_wconf 85' lang='lat' dir='ltr'>ex</span> <span class='ocrx_word' id='word_1_325' title='bbox 573 3678 798 3730; x_wconf 69' lang='lat' dir='ltr'>intimis·</span> <span class='ocrx_word' id='word_1_326' title='bbox 825 3682 1009 3730; x_wconf 86' lang='lat' dir='ltr'>terrae</span> <span class='ocrx_word' id='word_1_327' title='bbox 1053 3678 1213 3748; x_wconf 88' lang='lat' dir='ltr'>quasi</span> <span class='ocrx_word' id='word_1_328' title='bbox 1253 3677 1619 3746; x_wconf 86' lang='lat' dir='ltr'>receptaculis</span> <span class='ocrx_word' id='word_1_329' title='bbox 1663 3677 1717 3730; x_wconf 92' lang='lat' dir='ltr'>in</span> <span class='ocrx_word' id='word_1_330' title='bbox 1758 3678 1930 3732; x_wconf 88' lang='lat' dir='ltr'>lucem</span> <span class='ocrx_word' id='word_1_331' title='bbox 1972 3679 2228 3732; x_wconf 89' lang='lat' dir='ltr'>educitur</span> <span class='ocrx_word' id='word_1_332' title='bbox 2257 3684 2425 3750; x_wconf 89' lang='lat' dir='ltr'>atque</span> <span class='ocrx_word' id='word_1_333' title='bbox 2466 3679 2754 3732; x_wconf 87' lang='lat' dir='ltr'>emittitur.</span> 
     </span>
     <span class='ocr_line' id='line_1_35' title="bbox 470 3762 2756 3834; baseline 0 -19"><span class='ocrx_word' id='word_1_334' title='bbox 470 3764 593 3815; x_wconf 88' lang='lat' dir='ltr'>Nec</span> <span class='ocrx_word' id='word_1_335' title='bbox 622 3763 756 3815; x_wconf 91' lang='lat' dir='ltr'>-sine</span> <span class='ocrx_word' id='word_1_336' title='bbox 800 3762 958 3830; x_wconf 84' lang='lat' dir='ltr'>gravi</span> <span class='ocrx_word' id='word_1_337' title='bbox 1003 3762 1251 3832; x_wconf 89' lang='lat' dir='ltr'>periculo</span> <span class='ocrx_word' id='word_1_338' title='bbox 1284 3763 1550 3815; x_wconf 81' lang='lat' dir='ltr'>damnove</span> <span class='ocrx_word' id='word_1_339' title='bbox 1590 3763 1693 3815; x_wconf 89' lang='lat' dir='ltr'>hoc</span> <span class='ocrx_word' id='word_1_340' title='bbox 1730 3764 1854 3815; x_wconf 82' lang='lat' dir='ltr'>fieri</span> <span class='ocrx_word' id='word_1_341' title='bbox 1884 3768 2099 3832; x_wconf 82' lang='lat' dir='ltr'>potest:</span> <span class='ocrx_word' id='word_1_342' title='bbox 2143 3764 2238 3834; x_wconf 91' lang='lat' dir='ltr'>qui</span> <span class='ocrx_word' id='word_1_343' title='bbox 2281 3764 2426 3817; x_wconf 89' lang='lat' dir='ltr'>enim</span> <span class='ocrx_word' id='word_1_344' title='bbox 2462 3765 2563 3816; x_wconf 91' lang='lat' dir='ltr'>hoc</span> <span class='ocrx_word' id='word_1_345' title='bbox 2593 3765 2756 3816; x_wconf 88' lang='lat' dir='ltr'>nobis</span> 
     </span>
     <span class='ocr_line' id='line_1_36' title="bbox 470 3847 2757 3918; baseline 0.001 -19"><span class='ocrx_word' id='word_1_346' title='bbox 470 3853 721 3916; x_wconf 77' lang='lat' dir='ltr'>praestat</span> <span class='ocrx_word' id='word_1_347' title='bbox 749 3852 1104 3917; x_wconf 82' lang='lat' dir='ltr'>segetemque</span> <span class='ocrx_word' id='word_1_348' title='bbox 1135 3848 1190 3899; x_wconf 92' lang='lat' dir='ltr'>in</span> <span class='ocrx_word' id='word_1_349' title='bbox 1223 3854 1375 3900; x_wconf 88' lang='lat' dir='ltr'>terra</span> <span class='ocrx_word' id='word_1_350' title='bbox 1408 3847 1682 3899; x_wconf 87' lang='lat' dir='ltr'>conditam</span> <span class='ocrx_word' id='word_1_351' title='bbox 1712 3848 1769 3899; x_wconf 91' lang='lat' dir='ltr'>in</span> <span class='ocrx_word' id='word_1_352' title='bbox 1806 3847 1979 3903; x_wconf 87' lang='lat' dir='ltr'>lucem</span> <span class='ocrx_word' id='word_1_353' title='bbox 2005 3850 2248 3918; x_wconf 83' lang='lat' dir='ltr'>profert,</span> <span class='ocrx_word' id='word_1_354' title='bbox 2294 3849 2343 3901; x_wconf 87' lang='lat' dir='ltr'>is</span> <span class='ocrx_word' id='word_1_355' title='bbox 2374 3854 2600 3901; x_wconf 86' lang='lat' dir='ltr'>mortem</span> <span class='ocrx_word' id='word_1_356' title='bbox 2633 3849 2757 3918; x_wconf 85' lang='lat' dir='ltr'>ipse</span> 
     </span>
     <span class='ocr_line' id='line_1_37' title="bbox 472 3928 2757 4006; baseline 0.001 -23"><span class='ocrx_word' id='word_1_357' title='bbox 472 3933 635 3983; x_wconf 87' lang='lat' dir='ltr'>obeat</span> <span class='ocrx_word' id='word_1_358' title='bbox 675 3936 731 3982; x_wconf 93' lang='lat' dir='ltr'>et</span> <span class='ocrx_word' id='word_1_359' title='bbox 760 3928 976 4006; x_wconf 62' lang='lat' dir='ltr'>:summa</span> <span class='ocrx_word' id='word_1_360' title='bbox 1026 3949 1278 4002; x_wconf 89' lang='lat' dir='ltr'>quaeque</span> <span class='ocrx_word' id='word_1_361' title='bbox 1321 3933 1442 4001; x_wconf 90' lang='lat' dir='ltr'>ipse</span> <span class='ocrx_word' id='word_1_362' title='bbox 1487 3932 1733 4000; x_wconf 89' lang='lat' dir='ltr'>patiatur</span> <span class='ocrx_word' id='word_1_363' title='bbox 1777 3950 2007 3986; x_wconf 89' lang='lat' dir='ltr'>necesse</span> <span class='ocrx_word' id='word_1_364' title='bbox 2050 3938 2155 3985; x_wconf 90' lang='lat' dir='ltr'>est.</span> <span class='ocrx_word' id='word_1_365' title='bbox 2237 3933 2347 3985; x_wconf 89' lang='lat' dir='ltr'>Ubi</span> <span class='ocrx_word' id='word_1_366' title='bbox 2380 3933 2561 3986; x_wconf 87' lang='lat' dir='ltr'>teneri</span> <span class='ocrx_word' id='word_1_367' title='bbox 2594 3932 2757 3985; x_wconf 81' lang='lat' dir='ltr'>velim</span> 
     </span>
     <span class='ocr_line' id='line_1_38' title="bbox 471 4014 2756 4085; baseline 0 -17"><span class='ocrx_word' id='word_1_368' title='bbox 471 4015 728 4068; x_wconf 89' lang='lat' dir='ltr'>notiones</span> <span class='ocrx_word' id='word_1_369' title='bbox 769 4014 838 4066; x_wconf 88' lang='lat' dir='ltr'>de</span> <span class='ocrx_word' id='word_1_370' title='bbox 888 4016 991 4067; x_wconf 92' lang='lat' dir='ltr'>deo</span> <span class='ocrx_word' id='word_1_371' title='bbox 1034 4018 1382 4085; x_wconf 88' lang='lat' dir='ltr'>perpetiente</span> <span class='ocrx_word' id='word_1_372' title='bbox 1412 4022 1468 4069; x_wconf 87' lang='lat' dir='ltr'>et</span> <span class='ocrx_word' id='word_1_373' title='bbox 1500 4015 1640 4068; x_wconf 88' lang='lat' dir='ltr'>mala</span> <span class='ocrx_word' id='word_1_374' title='bbox 1669 4017 1902 4069; x_wconf 85' lang='lat' dir='ltr'>bumana</span> <span class='ocrx_word' id='word_1_375' title='bbox 1933 4020 2214 4071; x_wconf 86' lang='lat' dir='ltr'>subeunte</span> <span class='ocrx_word' id='word_1_376' title='bbox 2256 4018 2323 4069; x_wconf 88' lang='lat' dir='ltr'>ad</span> <span class='ocrx_word' id='word_1_377' title='bbox 2353 4017 2623 4070; x_wconf 82' lang='lat' dir='ltr'>beneficia</span> <span class='ocrx_word' id='word_1_378' title='bbox 2655 4018 2756 4069; x_wconf 90' lang='lat' dir='ltr'>hu-</span> 
     </span>
     <span class='ocr_line' id='line_1_39' title="bbox 466 4098 2756 4172; baseline 0 -19"><span class='ocrx_word' id='word_1_379' title='bbox 466 4118 625 4153; x_wconf 89' lang='lat' dir='ltr'>mano</span> <span class='ocrx_word' id='word_1_380' title='bbox 655 4098 848 4166; x_wconf 87' lang='lat' dir='ltr'>generi</span> <span class='ocrx_word' id='word_1_381' title='bbox 881 4100 1196 4153; x_wconf 89' lang='lat' dir='ltr'>tribuenda.</span> <span class='ocrx_word' id='word_1_382' title='bbox 1259 4101 1384 4153; x_wconf 89' lang='lat' dir='ltr'>Vid.</span> <span class='ocrx_word' id='word_1_383' title='bbox 1407 4101 1677 4153; x_wconf 86' lang='lat' dir='ltr'>Creuzeri</span> <span class='ocrx_word' id='word_1_384' title='bbox 1701 4102 1942 4168; x_wconf 83' lang='lat' dir='ltr'>Symbol.</span> <span class='ocrx_word' id='word_1_385' title='bbox 1980 4102 2055 4154; x_wconf 90' lang='lat' dir='ltr'>Il.</span> <span class='ocrx_word' id='word_1_386' title='bbox 2087 4104 2261 4171; x_wconf 81' lang='lat' dir='ltr'>p.379</span> <span class='ocrx_word' id='word_1_387' title='bbox 2278 4121 2398 4172; x_wconf 83' lang='lat' dir='ltr'>seq.</span> <span class='ocrx_word' id='word_1_388' title='bbox 2438 4100 2560 4154; x_wconf 90' lang='lat' dir='ltr'>coll.</span> <span class='ocrx_word' id='word_1_389' title='bbox 2594 4103 2660 4154; x_wconf 90' lang='lat' dir='ltr'>C.</span> <span class='ocrx_word' id='word_1_390' title='bbox 2682 4101 2756 4153; x_wconf 92' lang='grc' dir='ltr'>Ο.</span> 
     </span>
     <span class='ocr_line' id='line_1_40' title="bbox 468 4182 2763 4256; baseline -0 -17"><span class='ocrx_word' id='word_1_391' title='bbox 468 4185 725 4239; x_wconf 83' lang='lat' dir='ltr'>Mueller.</span> <span class='ocrx_word' id='word_1_392' title='bbox 760 4182 797 4235; x_wconf 91' lang='lat' dir='ltr'>l.</span> <span class='ocrx_word' id='word_1_393' title='bbox 829 4182 865 4235; x_wconf 92' lang='lat' dir='ltr'>l.</span> <span class='ocrx_word' id='word_1_394' title='bbox 897 4202 952 4253; x_wconf 92' lang='lat' dir='ltr'>p.</span> <span class='ocrx_word' id='word_1_395' title='bbox 985 4192 1108 4243; x_wconf 85' lang='lat'>155.</span> <span class='ocrx_word' id='word_1_396' title='bbox 1186 4184 1269 4237; x_wconf 77' lang='lat' dir='ltr'>Ad</span> <span class='ocrx_word' id='word_1_397' title='bbox 1312 4184 1640 4254; x_wconf 78' lang='lat' dir='ltr'>Aegyptiam</span> <span class='ocrx_word' id='word_1_398' title='bbox 1680 4187 1917 4239; x_wconf 80' lang='lat' dir='ltr'>fabulam</span> <span class='ocrx_word' id='word_1_399' title='bbox 1959 4187 2027 4238; x_wconf 91' lang='lat' dir='ltr'>de</span> <span class='ocrx_word' id='word_1_400' title='bbox 2078 4186 2460 4256; x_wconf 88' lang='lat' dir='ltr'>Rhampsinito</span> <span class='ocrx_word' id='word_1_401' title='bbox 2512 4186 2763 4255; x_wconf 86' lang='lat' dir='ltr'>pertinet</span> 
     </span>
     <span class='ocr_line' id='line_1_41' title="bbox 467 4268 2755 4341; baseline 0.001 -18"><span class='ocrx_word' id='word_1_402' title='bbox 467 4271 712 4333; x_wconf 78' lang='lat' dir='ltr'>eiusdem</span> <span class='ocrx_word' id='word_1_403' title='bbox 757 4285 981 4341; x_wconf 89' lang='lat' dir='ltr'>quoque</span> <span class='ocrx_word' id='word_1_404' title='bbox 1010 4269 1161 4337; x_wconf 88' lang='lat' dir='ltr'>regis</span> <span class='ocrx_word' id='word_1_405' title='bbox 1205 4268 1312 4322; x_wconf 87' lang='lat' dir='ltr'>iter</span> <span class='ocrx_word' id='word_1_406' title='bbox 1342 4270 1412 4322; x_wconf 90' lang='lat' dir='ltr'>ad</span> <span class='ocrx_word' id='word_1_407' title='bbox 1444 4270 1658 4323; x_wconf 80' lang='lat' dir='ltr'>inferos</span> <span class='ocrx_word' id='word_1_408' title='bbox 1680 4311 1694 4337; x_wconf 84' lang='lat'><strong>‚</strong></span> <span class='ocrx_word' id='word_1_409' title='bbox 1750 4272 2041 4341; x_wconf 85' lang='lat' dir='ltr'>ipsumque</span> <span class='ocrx_word' id='word_1_410' title='bbox 2074 4272 2448 4325; x_wconf 86' lang='lat' dir='ltr'>commercium</span> <span class='ocrx_word' id='word_1_411' title='bbox 2492 4289 2611 4323; x_wconf 89' lang='lat' dir='ltr'>cum</span> <span class='ocrx_word' id='word_1_412' title='bbox 2643 4271 2755 4325; x_wconf 86' lang='lat' dir='ltr'>diis</span> 
     </span>
     <span class='ocr_line' id='line_1_42' title="bbox 462 4354 2212 4428; baseline -0.001 -17"><span class='ocrx_word' id='word_1_413' title='bbox 462 4354 696 4411; x_wconf 71' lang='lat' dir='ltr'>inferum</span> <span class='ocrx_word' id='word_1_414' title='bbox 731 4354 1117 4426; x_wconf 85' lang='lat' dir='ltr'>praesidibus,</span> <span class='ocrx_word' id='word_1_415' title='bbox 1155 4355 1222 4406; x_wconf 88' lang='lat' dir='ltr'>de</span> <span class='ocrx_word' id='word_1_416' title='bbox 1255 4355 1459 4428; x_wconf 88' lang='lat' dir='ltr'>quibus</span> <span class='ocrx_word' id='word_1_417' title='bbox 1491 4355 1605 4408; x_wconf 78' lang='lat' dir='ltr'>vid.</span> <span class='ocrx_word' id='word_1_418' title='bbox 1640 4361 1779 4409; x_wconf 88' lang='lat' dir='ltr'>nott.</span> <span class='ocrx_word' id='word_1_419' title='bbox 1815 4356 1883 4407; x_wconf 89' lang='lat' dir='ltr'>ad</span> <span class='ocrx_word' id='word_1_420' title='bbox 1915 4356 1990 4423; x_wconf 86' lang='grc' dir='ltr'>Π,</span> <span class='ocrx_word' id='word_1_421' title='bbox 2028 4360 2147 4417; x_wconf 76' lang='grc'><strong>122.</strong></span> <span class='ocrx_word' id='word_1_422' title='bbox 2205 4405 2212 4413; x_wconf 88' lang='grc'>,</span> 
     </span>
    </p>
   </div>
  </div>
 </body>
</html>
