3109 5092
1268 373 1516 436 CLIO.
1563 376 1615 436 I.
1658 383 1748 440 57.

2523 383 2643 443 119

362 542 773 626 οἰκεόντων,·
812 548 883 611 οἳ
913 538 1199 631 ὅμουροί
1230 573 1381 615 κοτε
1424 537 1599 636 ἦσαν
1641 562 1814 617 τοῖσι
1855 554 1988 618 νῦν
2016 557 2359 639 Δωριεῦσι
2403 561 2637 623 καλεο-

362 649 652 734 μένοισι,
693 654 919 714 οἴκεον
947 645 1023 714 δὲ
1049 652 1416 734 τηνικαῦτα
1445 655 1573 738 γῆν
1610 650 1735 740 τὴν
1761 655 1891 720 νῦν
1919 660 2375 725 Θεσσαλιῶτιν
2403 665 2635 726 καλεο-

363 752 609 837 μένην,
653 749 766 816 καὶ
793 752 932 817 τῶν
952 755 1264 837 Πλακίην
1299 779 1372 820 τε
1400 753 1511 822 καὶ
1538 753 1910 842 Σκυλάκην
1935 763 2312 844 Πελασγῶν
2339 758 2636 829 οἰκισάν-

363 948 461 1008 rit,
523 946 706 996 subito
760 947 1118 1008 Etruscorum
1173 949 1451 1000 iniiciatur

363 1015 584 1066 mentio.
628 1015 827 1079 Itaque
865 1015 963 1066 alii
989 1016 1151 1067 aliam
1192 1020 1453 1082 interpre-

363 1084 515 1134 tandi
551 1085 694 1134 viam
720 1084 955 1149 ingressi
981 1092 1110 1136 sunt
1145 1087 1283 1138 duce
1296 1089 1449 1138 Wes-

362 1154 610 1218 selingio.
649 1155 897 1218 Namque
923 1170 988 1204 ex
1015 1155 1331 1221 Thucydide
1352 1158 1447 1219 IV,

366 1222 483 1274 109.
524 1224 791 1285 novimus,
839 1222 1107 1274 Thraciae
1153 1241 1301 1276 oram
1340 1242 1449 1277 ma·

361 1292 597 1341 ritimam
663 1291 930 1343 insedisse
1002 1292 1265 1360 Pelasgos
1333 1297 1449 1345 sive

363 1360 702 1424 Tyrrhenos,
759 1363 851 1426 qui
904 1361 1032 1413 olim
1086 1364 1347 1415 Lemnum
1394 1370 1449 1415 et

361 1428 604 1479 Athenas
668 1436 979 1493 tenuerant,
1040 1433 1334 1499 eademque
1391 1435 1449 1484 in

362 1499 581 1563 regione
625 1497 799 1550 fuisse
833 1506 1047 1565 gentem
1090 1504 1446 1563 Crestom‘canu

362 1568 519 1618 cuius
560 1569 731 1631 ipsius
779 1570 979 1621 Noster
1030 1573 1274 1623 meminit
1319 1574 1446 1636 VII,

364 1638 485 1689 124.
526 1636 686 1699 VIII,
725 1638 844 1689 116.
878 1642 960 1691 Ac
978 1641 1165 1692 referri
1191 1642 1293 1692 huc
1317 1658 1447 1706 quo-

360 1722 466 1771 que
500 1707 702 1771 poterit
745 1708 1008 1773 Stephani
1043 1711 1336 1776 Byzantini
1376 1712 1452 1761 lo·

334 1791 482 1837 ,cus2
516 1768 809 1839 Κρήστων,
833 1770 997 1835 πόλις
1011 1772 1271 1848 Θρᾴκης·
1304 1775 1451 1829 ἔοικε

357 1838 423 1894 δὲ
457 1835 607 1894 εἶναι
646 1836 680 1908 ἡ
716 1839 995 1910 Κρηστών
1033 1840 1172 1909 παρ’
1209 1838 1449 1909 Ἡροδό-

357 1928 467 1978 τφς
508 1913 760 1979 deinceps
808 1914 1029 1966 affertur
1073 1917 1447 1981 Lycophronis

356 1998 548 2032 versus
594 1983 649 2032 in
697 1983 989 2035 Cassandr.
1046 1984 1148 2037 937
1199 1991 1253 2036 et
1298 2000 1450 2049 prae-

356 2057 442 2102 ter
493 2052 789 2103 Pindarum
841 2054 1216 2120 Rhianumque
1270 2055 1447 2104 Heca-

356 2127 541 2182 taeus,
586 2123 679 2187 qui
722 2120 1068 2187 Κρηστῶνας
1122 2125 1176 2173 in
1225 2126 1448 2187 Europa

356 2197 897 2255 commemoraverat,
936 2193 1081 2243 haud
1115 2193 1277 2244 aliam
1318 2209 1445 2255 gen-

354 2266 463 2310 tem
500 2266 665 2325 atque
698 2262 1063 2314 Herodoteam
1110 2262 1441 2324 intelligens,

354 2334 418 2380 ut
458 2335 604 2380 recte
650 2331 792 2380 vidit
836 2331 1078 2383 Klausen
1125 2333 1196 2383 ad
1243 2333 1439 2382 Hecat.

353 2401 576 2464 Fragm.
616 2416 669 2464 p.
718 2400 803 2450 78.
854 2396 939 2451 79.
995 2403 1152 2452 Nunc
1189 2401 1311 2452 loco
1346 2417 1441 2450 no-

352 2484 477 2518 men
513 2467 819 2529 wintonia,
852 2469 923 2519 ad
964 2470 1223 2521 Echidori
1259 2471 1438 2520 sontes

352 2539 498 2587 intra
537 2538 875 2602 Strymonem
912 2543 967 2589 et
989 2540 1203 2601 Axium,
1227 2544 1441 2603 septen·

352 2608 586 2657 trionem
624 2623 814 2657 versus
843 2608 913 2658 ab
951 2624 1014 2658 ea
1048 2609 1198 2669 urbe,
1224 2610 1315 2658 cui
1347 2609 1443 2658 ho·

353 2677 445 2727 die
486 2691 681 2726 nomen
722 2676 995 2729 Salonichi.
1045 2678 1130 2728 Cf.
1176 2678 1442 2741 Forbiger

351 2745 391 2796 1.
432 2744 469 2794 1.
504 2744 613 2796 111.
651 2761 705 2810 p.
746 2746 898 2797 1068.
935 2745 1237 2809 Cousinery
1273 2745 1441 2811 (Voy-

352 2830 459 2879 age
493 2828 563 2864 en
596 2812 915 2875 Macedoine
950 2816 996 2866 1.
1034 2831 1086 2879 p.
1133 2816 1250 2868 143.
1296 2813 1439 2880 145.)

352 2881 633 2934 Crestonis
669 2883 846 2935 locum
886 2901 952 2936 ac
985 2882 1241 2950 reliquias
1280 2899 1440 2950 quas-

353 2954 481 3004 dam
540 2968 599 3002 se
654 2953 926 3005 invenisse
979 2958 1138 3019 putat
1191 2955 1247 3003 in
1302 2952 1441 3004 colle

350 3038 521 3088 prope
554 3022 733 3073 vicum
770 3023 1017 3084 Lahana‚
1055 3023 1147 3087 qui
1181 3023 1323 3073 inter
1358 3036 1439 3071 re-

349 3092 609 3143 centioris
640 3093 841 3142 aetatis
874 3093 1034 3143 urbes
1070 3092 1348 3143 Salonichi
1383 3096 1440 3142 et

350 3162 539 3213 Serres
577 3160 688 3211 fere
731 3162 937 3212 medius
981 3163 1119 3211 situs
1166 3169 1267 3212 est.
1329 3161 1437 3212 Sed

352 3230 431 3280 nil
478 3229 587 3279 nisi
642 3245 894 3294 magnam
947 3231 1187 3295 lapidum
1242 3230 1467 3287 molem,

349 3314 635 3363 superesse
669 3299 811 3358 idem
855 3301 1070 3351 asserit.
1108 3298 1232 3350 Illic
1266 3300 1436 3363 igitur

344 3368 618 3419 Herodoti
699 3369 985 3420 cratonem
1062 3367 1435 3419 collocandam

345 3453 470 3487 esse
522 3437 661 3487 bene
714 3438 853 3489 vidit
908 3437 1318 3501 wesselingius.
1387 3438 1435 3488 A

345 3522 456 3570 quo
509 3506 588 3556 ita
657 3506 889 3557 discedit
945 3507 1006 3557 C.
1066 3508 1133 3557 Ο.
1187 3506 1431 3558 Mueller.

344 3574 625 3638 (Etrusco.
665 3575 712 3626 1.
749 3592 801 3640 p.
839 3574 1084 3627 94-98,
1125 3574 1249 3626 coll.
1288 3575 1432 3641 345),

344 3648 408 3694 ut
453 3643 723 3708 duplicem
776 3649 990 3710 gentem
1050 3660 1116 3695 ac
1160 3644 1434 3709 regionem

343 3713 720 3764 Crestonicam
775 3713 1039 3779 distingui
1089 3712 1247 3775 velit,
1300 3714 1432 3765 alte·

342 3798 461 3832 ram
497 3796 646 3842 eam,
696 3783 764 3833 de
819 3798 928 3848 qua
972 3782 1131 3833 modo
1179 3783 1430 3845 diximus,

344 3852 575 3902 alteram
601 3886 607 3892 -
630 3851 689 3900 in
744 3850 1057 3902 Chalcidice
1112 3851 1432 3916 paeninsula

343 3921 508 3972 sitam
538 3919 852 3971 Crestonem
868 3959 882 3984 ,
924 3936 1065 3985 quae
1099 3936 1264 3986 supra
1294 3921 1429 3985 Tyr-

342 3990 542 4040 rhenos
601 3988 839 4041 in.Atho
891 3994 1074 4040 monte
1116 3990 1429 4041 habitantes

341 4059 511 4109 fuerit
548 4057 658 4109 sita
696 4064 751 4109 et
785 4058 889 4108 hoc
921 4058 1043 4110 loeo
1065 4058 1331 4109 Herodoti
1356 4059 1430 4109 sit

338 4127 716 4193 intelligenda.
781 4127 976 4178 Utram
1021 4127 1264 4193 sequaris
1311 4142 1429 4178 sen-

338 4199 591 4258 tentiam,
630 4196 696 4248 de
717 4196 941 4247 Etruria
977 4197 1195 4247 minime
1226 4196 1317 4246 hic
1342 4212 1430 4247 co-

336 4266 646 4329 gitandum,
666 4266 899 4330 indeque
918 4265 1069 4315 nulla
1096 4281 1229 4331 opus
1255 4280 1430 4316 emen·

336 4335 563 4385 datione
610 4335 670 4385 in
716 4335 853 4399 ipsis
907 4335 1172 4386 Herodoti
1225 4335 1427 4398 verbis,

334 4408 398 4454 ut
436 4404 581 4456 idem
614 4403 678 4456 C.
716 4403 784 4455 Ο.
825 4402 1067 4455 Mueller.
1114 4406 1221 4455 iam
1267 4410 1430 4454 antea

1551 958 1837 1004 monuerat
1870 954 1924 1005 in
1956 955 2276 1006 Orchomen.
2305 973 2356 1022 p.
2393 959 2515 1008 444.
2555 959 2640 1008 Tu

1551 1022 1679 1072 add.
1721 1028 1937 1088 praeter
1971 1040 2093 1085 eos,
2140 1041 2275 1090 quos
2319 1041 2486 1090 supra
2531 1027 2640 1077 iam

1551 1091 1930 1155 indicavimus,
1980 1092 2306 1147 Dahlmann.
2366 1096 2635 1147 Herodot.

1550 1176 1603 1225 p.
1643 1160 1728 1212 59.
1769 1167 1882 1212 not.
1919 1163 2005 1214 60.
2045 1164 2238 1214 Kruse.
2277 1163 2467 1214 Hellas
2501 1165 2546 1214 Ι.
2583 1180 2636 1229 p.

1547 1229 1669 1280 435.
1711 1229 1835 1280 coll.
1875 1232 1994 1284 464.
2035 1237 2089 1282 et
2125 1248 2265 1297 quae
2298 1235 2385 1283 Cr.
2421 1233 2637 1284 laudat:

1549 1298 1815 1364 Schlegel.
1874 1302 1932 1350 in
1987 1301 2201 1352 Annall.
2252 1302 2634 1368 Heidelbergg.

1552 1367 1705 1419 1816.
1740 1385 1822 1419 nr.
1872 1370 1957 1421 53.
2006 1387 2059 1436 p.
2106 1372 2210 1424 855
2257 1388 2408 1437 seqq.
2459 1372 2637 1423 Raoul

1547 1438 1813 1488 Rochette
1847 1439 2093 1490 Histoire
2124 1441 2192 1491 de
2237 1440 2538 1493 l‘Etabliss.
2579 1442 2634 1493 d.

1549 1506 1727 1558 colon.
1757 1509 1950 1574 Grecq.
1979 1510 2023 1560 1.
2063 1526 2116 1574 p.
2142 1510 2238 1561 431
2268 1526 2415 1576 seqq.
2448 1510 2634 1562 Schol.

1546 1575 1776 1628 Aristid.
1813 1594 1936 1643 pag.
1978 1579 2046 1630 33
2079 1580 2164 1631 ed.
2193 1580 2503 1641 Frommel.‚
2543 1581 2636 1630 ubi

1548 1645 1685 1697 haec
1732 1652 1978 1697 exstant:
2036 1646 2244 1711 λῇσταί
2291 1664 2440 1706 τινες
2485 1636 2635 1713 ἦσαν

1555 1708 1617 1763 οἱ
1684 1711 1963 1780 Πελασγοὶ
2017 1711 2314 1774 οἰκοῦντες
2367 1714 2497 1777 περὶ
2566 1710 2635 1766 τὰ

1551 1776 1692 1847 μέρη
1728 1782 1830 1849 τῆς
1883 1779 2001 1847 Τυῤ
2044 1784 2237 1849 ηνίας,
2281 1776 2358 1842 ὡς
2393 1777 2633 1849 Ἱίρόὸο-

1551 1865 1649 1908 τος
1681 1843 1742 1902 ἐν
1777 1850 1857 1919 τῷ
1891 1845 1945 1915 ά,
1981 1867 2012 1900 ο
2081 1844 2350 1910 ἐλθόντες
2381 1847 2633 1919 κατῴκη-

1552 1933 1660 1968 σαν
1715 1912 1777 1970 ἐν
1834 1919 2132 1989 Θετταλίᾳ·
2200 1914 2634 1986 ἐκδιδαχθέντες

1548 1981 1614 2037 δὲ
1644 1979 1762 2038 ὑπὸ
1808 1986 1923 2037 τῶν
1967 1990 2298 2053 προσοίκων
2341 1980 2532 2055 ἦλθον
2578 1983 2635 2049 ἐς

1542 2048 1787 2121 Ἀθήνας
1837 2073 1888 2107 κ.
1950 2073 1997 2106 τ.
2059 2058 2107 2107 λ.
2185 2060 2338 2121 Quae
2384 2076 2506 2110 cum
2551 2061 2632 2111 ita

1545 2125 1674 2189 sint,
1714 2125 1882 2177 nolim
1917 2127 1974 2177 in
2008 2127 2273 2178 Herodoti
2309 2130 2488 2179 verbis
2526 2129 2632 2180 tol-

1543 2196 1652 2245 lere
1686 2212 1877 2246 vocem
1911 2186 2055 2257 ὑπὲρ
2091 2195 2240 2260 (ante
2272 2196 2627 2263 Τυρσηνῶν),

1542 2269 1606 2316 ut
1635 2266 1888 2331 proponit
1915 2264 2123 2317 Riedel.
2146 2283 2200 2331 p.
2240 2268 2370 2327 5943
2399 2283 2498 2318 nec
2520 2284 2631 2318 ma-

1540 2336 1625 2397 gis
1646 2335 1842 2400 placet,
1871 2336 2015 2399 quod
2041 2336 2345 2387 Fritzschio
2370 2338 2627 2403 (Quaest.

1540 2404 1816 2469 Aristoph.
1873 2405 1917 2455 Ι.
1967 2421 2021 2470 p.
2069 2407 2155 2455 21.
2198 2407 2542 2471 Euphrosyn.
2582 2407 2628 2466 1,

1544 2474 1623 2523 1.’
1654 2491 1705 2539 p.
1761 2473 1855 2531 25)
1911 2473 2254 2525 scribendum
2310 2475 2626 2526 videbatur=

1544 2544 1690 2591 τοῖσι
1764 2539 1873 2591 νῦν
1945 2537 2022 2592 ἔτι
2092 2533 2248 2594 ἐοῦσι
2319 2542 2629 2608 Πελασγῶν

1546 2608 1863 2674 Τυρσηνῶν
1917 2607 2033 2658 τῶν
2101 2602 2246 2674 ὑπὲρ
2311 2610 2627 2675 Κρηστῶνα

1541 2670 1712 2727 πόλιν
1747 2669 2072 2728 οἰκεόντων.

1614 2742 1673 2796 οἳ
1716 2735 1965 2811 ὅμουροί
2004 2759 2136 2796 κοτε
2179 2731 2328 2812 ἦσαν
2373 2762 2425 2796 κ.
2463 2761 2509 2795 τ.
2549 2745 2623 2812 λ.]

1538 2816 1807 2867 Herodoti
1851 2815 1986 2866 haec
2033 2819 2117 2866 est
2171 2816 2471 2866 sententia:
2526 2817 2626 2866 Pe-

1536 2885 1724 2949 lasgos
1761 2886 1917 2947 istos,
1955 2885 2048 2950 qui
2093 2899 2237 2934 nunc
2284 2885 2342 2935 in
2388 2884 2624 2935 Thracia

1535 2954 1790 3005 habitant
1838 2952 1891 3016 (e
1928 2954 2122 3018 quibus
2156 2960 2531 3019 argumentum
2558 2955 2625 3005 de

1537 3022 1729 3085 lingua
1765 3024 1917 3074 ducit
1949 3022 2333 3089 Noster)‚olim
2368 3024 2426 3073 in
2453 3023 2623 3073 Thes-

1539 3093 1678 3143 salia
1724 3094 1895 3143 fuisse
1941 3093 2119 3158 iisque
2173 3093 2228 3143 in
2278 3093 2441 3153 locis,
2484 3107 2623 3158 quae

1535 3178 1682 3212 nunc
1700 3162 1768 3212 ad
1782 3160 2237 3213 Thessaliotidem
2253 3167 2453 3213 terram
2480 3176 2622 3226 quae

1535 3237 1766 3282 vocatur
1795 3232 2097 3296 pertinent,
2131 3233 2378 3295 proxima
2403 3229 2486 3280 illi
2519 3237 2624 3282 ter-

1536 3317 1647 3363 rae,
1687 3316 1826 3365 quae
1859 3317 2003 3352 nunc
2029 3301 2192 3351 Doris
2225 3299 2550 3366 appellatur.

1607 3365 1701 3418 καὶ
1733 3368 1848 3420 τῶν
1881 3367 2144 3433 Πλακίην
2177 3383 2235 3418 τε
2268 3365 2365 3418 καὶ
2402 3361 2623 3417 Σκυλά-

1535 3452 1647 3502 κην
1673 3436 1978 3504 Πελασγῶν
2002 3428 2340 3487 οἰκισάντων
2371 3450 2422 3483 κ.
2461 3450 2508 3484 τ.
2547 3433 2619 3499 λ.]

1536 3506 1624 3557 Ad
1666 3507 1951 3557 verborum
1993 3510 2322 3557 structuram
2370 3504 2506 3563 bene
2554 3517 2621 3552 ex

1537 3575 1984 3625 antecedentibus
2017 3576 2127 3623 iam
2161 3571 2487 3637 wesseling.
2514 3570 2621 3621 huc

1534 3648 1892 3694 revocaverat
1938 3639 2226 3692 articulum
2278 3637 2423 3700 τῶν;
2473 3640 2618 3691 unde

1534 3713 1670 3763 haec
1713 3712 1992 3762 enascitur
2025 3710 2132 3759 loci
2179 3709 2473 3759 sententia:
2523 3714 2621 3773 „et

1534 3784 1583 3833 si
1625 3797 1787 3846 porro
1843 3779 2208 3832 coniecturam
2263 3779 2446 3829 facere
2489 3777 2635 3848 licet·

1532 3867 1600 3901 ex
1652 3851 1720 3900 iis
1776 3848 2051 3913 Pelasgis,
2112 3848 2205 3913 qui
2260 3848 2502 3899 Placiam
2563 3853 2620 3899 et

1532 3920 1799 3984 Scylacen
1846 3919 1902 3968 in
1947 3916 2322 3983 Peloponneso
2365 3918 2618 3970 condide-

1530 3994 1686 4049 runt,
1750 3988 1949 4053 quique
2016 4003 2137 4038 cum
2195 3988 2618 4039 Atheniensibus

1529 4074 1642 4109 una
1670 4053 2067 4120 habitav‘erant,
2104 4059 2153 4107 si
2185 4057 2416 4123 denique
2450 4073 2516 4107 ex
2545 4057 2616 4106 iis

1530 4127 1899 4178 coniecturam
1928 4127 2126 4178 ducere
2158 4125 2308 4189 licet,
2347 4129 2617 4192 quotquot

1532 4196 1674 4248 aliae
1708 4197 1870 4248 urbes
1897 4194 2078 4260 (olim)
2102 4195 2425 4262 Pelasgicae
2444 4194 2614 4260 (post)

1529 4267 1753 4317 nomina
1804 4267 2161 4316 immutarunt
2224 4266 2372 4316 etc.“
2451 4262 2618 4316 Nulla

1528 4336 1699 4399 igitur
1725 4335 1815 4385 hic
1860 4350 1996 4400 opus
2043 4334 2438 4384 emendatione.
2488 4335 2616 4383 Ete-

1528 4404 1640 4455 nim
1672 4403 1837 4469 vulgo
1870 4404 2153 4469 legebatur
2187 4397 2281 4451 καὶ
2315 4394 2441 4466 τὴν
2465 4398 2615 4451 Πλα-
