<?xml version="1.0" encoding="UTF-8"?>
<!DOCTYPE html PUBLIC "-//W3C//DTD XHTML 1.0 Transitional//EN"
    "http://www.w3.org/TR/xhtml1/DTD/xhtml1-transitional.dtd">
<html xmlns="http://www.w3.org/1999/xhtml" xml:lang="en" lang="en">
 <head>
  <title>
</title>
<meta http-equiv="Content-Type" content="text/html;charset=utf-8" />
  <meta name='ocr-system' content='tesseract 3.04.00' />
  <meta name='ocr-capabilities' content='ocr_page ocr_carea ocr_par ocr_line ocrx_word'/>
</head>
<body>
  <div class='ocr_page' id='page_1' title='image "./herodotihalicar02unkngoog_0801.png"; bbox 0 0 3109 5092; ppageno 0'>
   <div class='ocr_carea' id='block_1_1' title="bbox 2 2434 5 3128">
    <p class='ocr_par' dir='ltr' id='par_1_1' title="bbox 2 2434 5 3128">
     <span class='ocr_line' id='line_1_1' title="bbox 2 2434 5 3128; baseline 0 0"><span class='ocrx_word' id='word_1_1' title='bbox 2 2434 5 3128; x_wconf 95' lang='lat' dir='ltr'><strong> </strong></span> 
     </span>
    </p>
   </div>
   <div class='ocr_carea' id='block_1_2' title="bbox 1093 346 1885 408">
    <p class='ocr_par' dir='ltr' id='par_1_2' title="bbox 1093 346 1885 408">
     <span class='ocr_line' id='line_1_2' title="bbox 1093 346 1885 408; baseline -0.001 -3"><span class='ocrx_word' id='word_1_2' title='bbox 1093 346 1587 407; x_wconf 86' lang='lat' dir='ltr'><strong>EUTERPE.</strong></span> <span class='ocrx_word' id='word_1_3' title='bbox 1632 346 1716 405; x_wconf 92' lang='lat'><strong>11.</strong></span> <span class='ocrx_word' id='word_1_4' title='bbox 1768 356 1885 408; x_wconf 77' lang='lat'><strong>152.</strong></span> 
     </span>
    </p>
   </div>
   <div class='ocr_carea' id='block_1_3' title="bbox 2504 340 2617 403">
    <p class='ocr_par' dir='ltr' id='par_1_3' title="bbox 2504 340 2617 403">
     <span class='ocr_line' id='line_1_3' title="bbox 2504 340 2617 403; baseline -0.009 -1"><span class='ocrx_word' id='word_1_5' title='bbox 2504 340 2617 403; x_wconf 84' lang='lat'><strong>781</strong></span> 
     </span>
    </p>
   </div>
   <div class='ocr_carea' id='block_1_4' title="bbox 355 513 2636 1023">
    <p class='ocr_par' dir='ltr' id='par_1_4' title="bbox 355 513 2636 1023">
     <span class='ocr_line' id='line_1_4' title="bbox 356 513 2629 612; baseline -0.003 -22"><span class='ocrx_word' id='word_1_6' title='bbox 356 524 422 601; x_wconf 78' lang='grc' dir='ltr'><strong>ἐς</strong></span> <span class='ocrx_word' id='word_1_7' title='bbox 449 526 578 610; x_wconf 80' lang='grc' dir='ltr'><strong>γῆν</strong></span> <span class='ocrx_word' id='word_1_8' title='bbox 605 521 717 588; x_wconf 81' lang='grc' dir='ltr'><strong>καὶ</strong></span> <span class='ocrx_word' id='word_1_9' title='bbox 754 513 1204 598; x_wconf 79' lang='grc' dir='ltr'><strong><em>ὁπλισθέντας</em></strong></span> <span class='ocrx_word' id='word_1_10' title='bbox 1230 523 1458 612; x_wconf 77' lang='grc' dir='ltr'><strong><em>χαλκῷ</em></strong></span> <span class='ocrx_word' id='word_1_11' title='bbox 1487 515 1796 606; x_wconf 78' lang='grc' dir='ltr'><strong>ἀγγέλλει</strong></span> <span class='ocrx_word' id='word_1_12' title='bbox 1836 522 1973 586; x_wconf 75' lang='grc' dir='ltr'><strong>τῶν</strong></span> <span class='ocrx_word' id='word_1_13' title='bbox 2007 545 2107 598; x_wconf 88' lang='grc' dir='ltr'><strong>τις</strong></span> <span class='ocrx_word' id='word_1_14' title='bbox 2134 522 2534 603; x_wconf 80' lang='grc' dir='ltr'><strong><em>Αἰγυπτίων</em></strong></span> <span class='ocrx_word' id='word_1_15' title='bbox 2563 517 2629 595; x_wconf 82' lang='grc' dir='ltr'><strong>ἐς</strong></span> 
     </span>
     <span class='ocr_line' id='line_1_5' title="bbox 355 617 2628 716; baseline -0.003 -24"><span class='ocrx_word' id='word_1_16' title='bbox 355 622 435 692; x_wconf 79' lang='grc' dir='ltr'><strong>τὰ</strong></span> <span class='ocrx_word' id='word_1_17' title='bbox 479 628 633 693; x_wconf 82' lang='grc' dir='ltr'><strong><em>ἕλεα</em></strong></span> <span class='ocrx_word' id='word_1_18' title='bbox 681 620 1087 710; x_wconf 74' lang='grc' dir='ltr'><strong><em>ἀπικόμενος</em></strong></span> <span class='ocrx_word' id='word_1_19' title='bbox 1129 627 1222 716; x_wconf 73' lang='grc' dir='ltr'><strong>τῷ</strong></span> <span class='ocrx_word' id='word_1_20' title='bbox 1269 629 1682 714; x_wconf 74' lang='grc' dir='ltr'><em>Ψαμμητίχῳ</em></span> <span class='ocrx_word' id='word_1_21' title='bbox 1738 617 1858 704; x_wconf 73' lang='grc' dir='ltr'><strong>(ὥς</strong></span> <span class='ocrx_word' id='word_1_22' title='bbox 1898 617 2022 689; x_wconf 81' lang='grc' dir='ltr'><strong>οὐκ</strong></span> <span class='ocrx_word' id='word_1_23' title='bbox 2080 618 2248 690; x_wconf 73' lang='grc' dir='ltr'><strong><em>ἰδών</em></strong></span> <span class='ocrx_word' id='word_1_24' title='bbox 2301 619 2628 710; x_wconf 78' lang='grc' dir='ltr'><strong><em>πρότερον</em></strong></span> 
     </span>
     <span class='ocr_line' id='line_1_6' title="bbox 357 717 2628 820; baseline -0.002 -25"><span class='ocrx_word' id='word_1_25' title='bbox 357 733 582 820; x_wconf 77' lang='grc' dir='ltr'><strong><em>χαλκῷ</em></strong></span> <span class='ocrx_word' id='word_1_26' title='bbox 606 724 861 816; x_wconf 75' lang='grc' dir='ltr'><strong><em>ἄνδρας</em></strong></span> <span class='ocrx_word' id='word_1_27' title='bbox 889 720 1388 811; x_wconf 79' lang='grc' dir='ltr'><strong><em>ὁπλισθέντας),</em></strong></span> <span class='ocrx_word' id='word_1_28' title='bbox 1420 721 1507 805; x_wconf 73' lang='grc' dir='ltr'><strong>ὥς</strong></span> <span class='ocrx_word' id='word_1_29' title='bbox 1534 723 1803 812; x_wconf 76' lang='grc' dir='ltr'><em>χάλκεοι</em></span> <span class='ocrx_word' id='word_1_30' title='bbox 1831 721 2075 814; x_wconf 75' lang='grc' dir='ltr'><strong><em>ἄνδρες</em></strong></span> <span class='ocrx_word' id='word_1_31' title='bbox 2102 717 2461 813; x_wconf 78' lang='grc' dir='ltr'><strong><em>ἀπιγμένοὶ</em></strong></span> <span class='ocrx_word' id='word_1_32' title='bbox 2496 718 2628 790; x_wconf 81' lang='grc' dir='ltr'><strong><em>ἀπὸ</em></strong></span> 
     </span>
     <span class='ocr_line' id='line_1_7' title="bbox 357 823 2629 919; baseline -0.004 -19"><span class='ocrx_word' id='word_1_33' title='bbox 357 831 703 919; x_wconf 79' lang='grc' dir='ltr'><em>θαλάσσης</em></span> <span class='ocrx_word' id='word_1_34' title='bbox 745 833 1143 919; x_wconf 81' lang='grc' dir='ltr'><em>λεηλατεῦσι</em></span> <span class='ocrx_word' id='word_1_35' title='bbox 1178 825 1254 896; x_wconf 85' lang='grc' dir='ltr'><strong>τὸ</strong></span> <span class='ocrx_word' id='word_1_36' title='bbox 1294 834 1551 897; x_wconf 80' lang='grc' dir='ltr'><strong><em>πεδίον.</em></strong></span> <span class='ocrx_word' id='word_1_37' title='bbox 1626 824 1661 896; x_wconf 87' lang='grc' dir='ltr'>ὁ</span> <span class='ocrx_word' id='word_1_38' title='bbox 1706 828 1781 896; x_wconf 74' lang='grc' dir='ltr'><strong>δὲ</strong></span> <span class='ocrx_word' id='word_1_39' title='bbox 1822 825 2067 916; x_wconf 69' lang='grc' dir='ltr'><strong><em>μαθών</em></strong></span> <span class='ocrx_word' id='word_1_40' title='bbox 2112 825 2187 897; x_wconf 82' lang='grc' dir='ltr'><strong>τὸ</strong></span> <span class='ocrx_word' id='word_1_41' title='bbox 2227 823 2629 918; x_wconf 74' lang='grc' dir='ltr'><strong>χρηστήριον</strong></span> 
     </span>
     <span class='ocr_line' id='line_1_8' title="bbox 361 929 2636 1023; baseline -0.003 -21"><span class='ocrx_word' id='word_1_42' title='bbox 361 933 912 1023; x_wconf 83' lang='grc' dir='ltr'><strong>ἐπιτελεύμενον,</strong></span> <span class='ocrx_word' id='word_1_43' title='bbox 963 939 1128 1020; x_wconf 87' lang='grc' dir='ltr'><em>φίλα</em></span> <span class='ocrx_word' id='word_1_44' title='bbox 1173 958 1243 1000; x_wconf 86' lang='grc' dir='ltr'><strong>τε</strong></span> <span class='ocrx_word' id='word_1_45' title='bbox 1283 947 1455 1001; x_wconf 82' lang='grc' dir='ltr'><strong><em>τοῖσι</em></strong></span> <span class='ocrx_word' id='word_1_46' title='bbox 1478 929 1661 1000; x_wconf 79' lang='grc' dir='ltr'><em>Ἴωσι</em></span> <span class='ocrx_word' id='word_1_47' title='bbox 1710 932 1823 1000; x_wconf 82' lang='grc' dir='ltr'><strong>καὶ</strong></span> <span class='ocrx_word' id='word_1_48' title='bbox 1865 932 2086 1021; x_wconf 82' lang='grc' dir='ltr'><em>Καρσὶ</em></span> <span class='ocrx_word' id='word_1_49' title='bbox 2128 935 2453 1016; x_wconf 82' lang='grc' dir='ltr'><strong><em>ποιέεται,</em></strong></span> <span class='ocrx_word' id='word_1_50' title='bbox 2515 935 2636 997; x_wconf 81' lang='grc' dir='ltr'><strong>καί</strong></span> 
     </span>
    </p>
   </div>
   <div class='ocr_carea' id='block_1_5' title="bbox 356 1132 1452 4444">
    <p class='ocr_par' dir='ltr' id='par_1_5' title="bbox 360 1132 1448 1478">
     <span class='ocr_line' id='line_1_9' title="bbox 361 1132 1443 1199; baseline -0.002 -15"><span class='ocrx_word' id='word_1_51' title='bbox 361 1134 574 1199; x_wconf 79' lang='grc' dir='ltr'><strong>θησαν.</strong></span> <span class='ocrx_word' id='word_1_52' title='bbox 645 1137 693 1185; x_wconf 91' lang='lat' dir='ltr'><strong>A</strong></span> <span class='ocrx_word' id='word_1_53' title='bbox 741 1134 1000 1196; x_wconf 83' lang='lat' dir='ltr'><strong>Caribus,</strong></span> <span class='ocrx_word' id='word_1_54' title='bbox 1061 1132 1258 1198; x_wconf 86' lang='lat' dir='ltr'><strong>quibus</strong></span> <span class='ocrx_word' id='word_1_55' title='bbox 1310 1147 1443 1182; x_wconf 90' lang='lat' dir='ltr'><strong>usus</strong></span> 
     </span>
     <span class='ocr_line' id='line_1_10' title="bbox 360 1202 1448 1268; baseline -0.002 -14"><span class='ocrx_word' id='word_1_56' title='bbox 360 1205 780 1254; x_wconf 86' lang='lat' dir='ltr'><strong>Psammitichus</strong></span> <span class='ocrx_word' id='word_1_57' title='bbox 817 1218 1041 1268; x_wconf 84' lang='lat' dir='ltr'><strong>regnum</strong></span> <span class='ocrx_word' id='word_1_58' title='bbox 1067 1202 1320 1264; x_wconf 79' lang='lat' dir='ltr'><strong>obtinuit,</strong></span> <span class='ocrx_word' id='word_1_59' title='bbox 1353 1218 1448 1252; x_wconf 91' lang='lat' dir='ltr'><strong>no-</strong></span> 
     </span>
     <span class='ocr_line' id='line_1_11' title="bbox 360 1272 1446 1338; baseline -0.003 -14"><span class='ocrx_word' id='word_1_60' title='bbox 360 1290 484 1324; x_wconf 86' lang='lat' dir='ltr'><strong>men</strong></span> <span class='ocrx_word' id='word_1_61' title='bbox 541 1273 976 1338; x_wconf 79' lang='grc' dir='ltr'><strong><em>Καρομεμφίται</em></strong></span> <span class='ocrx_word' id='word_1_62' title='bbox 1031 1273 1174 1337; x_wconf 89' lang='lat' dir='ltr'><strong>parti</strong></span> <span class='ocrx_word' id='word_1_63' title='bbox 1229 1272 1446 1322; x_wconf 88' lang='lat' dir='ltr'><strong>cuidam</strong></span> 
     </span>
     <span class='ocr_line' id='line_1_12' title="bbox 360 1342 1447 1408; baseline -0.003 -15"><span class='ocrx_word' id='word_1_64' title='bbox 360 1343 683 1408; x_wconf 84' lang='lat' dir='ltr'>Memphidis</span> <span class='ocrx_word' id='word_1_65' title='bbox 706 1342 938 1392; x_wconf 89' lang='lat' dir='ltr'><strong>inditum</strong></span> <span class='ocrx_word' id='word_1_66' title='bbox 961 1357 1081 1391; x_wconf 90' lang='lat' dir='ltr'><strong>esse</strong></span> <span class='ocrx_word' id='word_1_67' title='bbox 1103 1342 1295 1392; x_wconf 76' lang='lat' dir='ltr'><strong>scribit</strong></span> <span class='ocrx_word' id='word_1_68' title='bbox 1317 1357 1447 1407; x_wconf 90' lang='lat' dir='ltr'><strong>quo-</strong></span> 
     </span>
     <span class='ocr_line' id='line_1_13' title="bbox 361 1412 1061 1478; baseline -0.001 -15"><span class='ocrx_word' id='word_1_69' title='bbox 361 1429 465 1478; x_wconf 90' lang='lat' dir='ltr'><strong>que</strong></span> <span class='ocrx_word' id='word_1_70' title='bbox 503 1413 809 1477; x_wconf 77' lang='lat' dir='ltr'>Polyaenus</span> <span class='ocrx_word' id='word_1_71' title='bbox 844 1412 968 1474; x_wconf 90' lang='lat' dir='ltr'><strong>VII,</strong></span> <span class='ocrx_word' id='word_1_72' title='bbox 1009 1413 1061 1462; x_wconf 85' lang='lat'><strong>3.</strong></span> 
     </span>
    </p>

    <p class='ocr_par' dir='ltr' id='par_1_6' title="bbox 356 1469 1448 3902">
     <span class='ocr_line' id='line_1_14' title="bbox 433 1469 1444 1546; baseline -0.004 -16"><span class='ocrx_word' id='word_1_73' title='bbox 433 1474 706 1546; x_wconf 76' lang='grc' dir='ltr'><strong>ἐκβάντας</strong></span> <span class='ocrx_word' id='word_1_74' title='bbox 759 1474 823 1530; x_wconf 76' lang='grc' dir='ltr'><strong>δὲ</strong></span> <span class='ocrx_word' id='word_1_75' title='bbox 869 1472 925 1537; x_wconf 76' lang='grc' dir='ltr'><strong>ἐς</strong></span> <span class='ocrx_word' id='word_1_76' title='bbox 970 1478 1081 1545; x_wconf 79' lang='grc' dir='ltr'><strong>γῆν</strong></span> <span class='ocrx_word' id='word_1_77' title='bbox 1136 1475 1232 1529; x_wconf 83' lang='grc' dir='ltr'><strong>καὶ</strong></span> <span class='ocrx_word' id='word_1_78' title='bbox 1286 1469 1444 1528; x_wconf 77' lang='grc' dir='ltr'><strong><em>ὁπλι-</em></strong></span> 
     </span>
     <span class='ocr_line' id='line_1_15' title="bbox 361 1547 1442 1616; baseline -0.003 -16"><span class='ocrx_word' id='word_1_79' title='bbox 361 1549 604 1608; x_wconf 76' lang='grc' dir='ltr'><strong>σθέντας</strong></span> <span class='ocrx_word' id='word_1_80' title='bbox 647 1547 834 1616; x_wconf 79' lang='grc' dir='ltr'><strong><em>χαλκῷ</em></strong></span> <span class='ocrx_word' id='word_1_81' title='bbox 871 1564 922 1598; x_wconf 86' lang='grc' dir='ltr'><strong>κ.</strong></span> <span class='ocrx_word' id='word_1_82' title='bbox 962 1565 1009 1598; x_wconf 89' lang='grc' dir='ltr'><strong>τ.</strong></span> <span class='ocrx_word' id='word_1_83' title='bbox 1046 1548 1118 1615; x_wconf 89' lang='grc' dir='ltr'><strong>λ.]</strong></span> <span class='ocrx_word' id='word_1_84' title='bbox 1163 1550 1238 1599; x_wconf 89' lang='lat' dir='ltr'><strong>Hi</strong></span> <span class='ocrx_word' id='word_1_85' title='bbox 1281 1564 1442 1599; x_wconf 90' lang='lat' dir='ltr'><strong>accu-</strong></span> 
     </span>
     <span class='ocr_line' id='line_1_16' title="bbox 360 1611 1442 1684; baseline -0.006 -14"><span class='ocrx_word' id='word_1_86' title='bbox 360 1621 526 1670; x_wconf 81' lang='lat' dir='ltr'><strong>sativi</strong></span> <span class='ocrx_word' id='word_1_87' title='bbox 583 1620 825 1684; x_wconf 87' lang='lat' dir='ltr'><strong>pendent</strong></span> <span class='ocrx_word' id='word_1_88' title='bbox 869 1635 904 1668; x_wconf 91' lang='lat' dir='ltr'><strong>a</strong></span> <span class='ocrx_word' id='word_1_89' title='bbox 955 1619 1120 1669; x_wconf 80' lang='lat' dir='ltr'><strong>verbo</strong></span> <span class='ocrx_word' id='word_1_90' title='bbox 1176 1611 1442 1682; x_wconf 76' lang='grc' dir='ltr'><strong><em>ἀγγέλλει,</em></strong></span> 
     </span>
     <span class='ocr_line' id='line_1_17' title="bbox 359 1686 1448 1741; baseline -0.006 0"><span class='ocrx_word' id='word_1_91' title='bbox 359 1706 483 1741; x_wconf 89' lang='lat' dir='ltr'><strong>cum</strong></span> <span class='ocrx_word' id='word_1_92' title='bbox 517 1690 600 1739; x_wconf 84' lang='lat' dir='ltr'><strong>ita</strong></span> <span class='ocrx_word' id='word_1_93' title='bbox 632 1691 832 1740; x_wconf 86' lang='lat' dir='ltr'><strong>Noster</strong></span> <span class='ocrx_word' id='word_1_94' title='bbox 862 1689 1163 1738; x_wconf 88' lang='lat' dir='ltr'><strong>orationem</strong></span> <span class='ocrx_word' id='word_1_95' title='bbox 1198 1686 1448 1737; x_wconf 81' lang='lat' dir='ltr'><strong>exordia-</strong></span> 
     </span>
     <span class='ocr_line' id='line_1_18' title="bbox 357 1757 1447 1823; baseline -0.006 -13"><span class='ocrx_word' id='word_1_96' title='bbox 357 1766 475 1822; x_wconf 86' lang='lat' dir='ltr'>tur,</span> <span class='ocrx_word' id='word_1_97' title='bbox 527 1775 592 1809; x_wconf 88' lang='lat' dir='ltr'><strong>ac</strong></span> <span class='ocrx_word' id='word_1_98' title='bbox 652 1759 702 1808; x_wconf 89' lang='lat' dir='ltr'><strong>si</strong></span> <span class='ocrx_word' id='word_1_99' title='bbox 758 1763 885 1823; x_wconf 89' lang='lat' dir='ltr'><strong>post</strong></span> <span class='ocrx_word' id='word_1_100' title='bbox 947 1758 1129 1807; x_wconf 90' lang='lat' dir='ltr'><strong>dicere</strong></span> <span class='ocrx_word' id='word_1_101' title='bbox 1181 1757 1447 1807; x_wconf 80' lang='lat' dir='ltr'><strong>voluisset</strong></span> 
     </span>
     <span class='ocr_line' id='line_1_19' title="bbox 356 1826 1448 1892; baseline -0.003 -15"><span class='ocrx_word' id='word_1_102' title='bbox 356 1828 662 1892; x_wconf 82' lang='grc' dir='ltr'><strong><em>λεηλατεῖν.</em></strong></span> <span class='ocrx_word' id='word_1_103' title='bbox 735 1830 782 1878; x_wconf 98' lang='lat' dir='ltr'><strong>A</strong></span> <span class='ocrx_word' id='word_1_104' title='bbox 810 1842 918 1892; x_wconf 89' lang='lat' dir='ltr'><strong>qua</strong></span> <span class='ocrx_word' id='word_1_105' title='bbox 938 1832 1119 1876; x_wconf 88' lang='lat' dir='ltr'><strong>tamen</strong></span> <span class='ocrx_word' id='word_1_106' title='bbox 1142 1826 1448 1875; x_wconf 87' lang='lat' dir='ltr'><strong>accusativi</strong></span> 
     </span>
     <span class='ocr_line' id='line_1_20' title="bbox 360 1895 1447 1948; baseline -0.004 0"><span class='ocrx_word' id='word_1_107' title='bbox 360 1914 482 1948; x_wconf 88' lang='lat' dir='ltr'><strong>cum</strong></span> <span class='ocrx_word' id='word_1_108' title='bbox 537 1896 804 1946; x_wconf 86' lang='lat' dir='ltr'><strong>infinitivo</strong></span> <span class='ocrx_word' id='word_1_109' title='bbox 849 1900 1126 1945; x_wconf 77' lang='lat' dir='ltr'><strong>structura</strong></span> <span class='ocrx_word' id='word_1_110' title='bbox 1181 1896 1235 1945; x_wconf 91' lang='lat' dir='ltr'><strong>in</strong></span> <span class='ocrx_word' id='word_1_111' title='bbox 1283 1895 1447 1945; x_wconf 87' lang='lat' dir='ltr'><strong>aliam</strong></span> 
     </span>
     <span class='ocr_line' id='line_1_21' title="bbox 361 1964 1446 2031; baseline -0.006 -13"><span class='ocrx_word' id='word_1_112' title='bbox 361 1969 617 2031; x_wconf 77' lang='lat' dir='ltr'><strong>deinceps</strong></span> <span class='ocrx_word' id='word_1_113' title='bbox 664 1967 863 2015; x_wconf 76' lang='lat' dir='ltr'><strong>transit</strong></span> <span class='ocrx_word' id='word_1_114' title='bbox 912 1970 1239 2015; x_wconf 77' lang='lat' dir='ltr'><strong>structuram</strong></span> <span class='ocrx_word' id='word_1_115' title='bbox 1292 1964 1446 2014; x_wconf 83' lang='lat' dir='ltr'><strong>verbi</strong></span> 
     </span>
     <span class='ocr_line' id='line_1_22' title="bbox 360 2027 1445 2100; baseline -0.004 -15"><span class='ocrx_word' id='word_1_116' title='bbox 360 2036 501 2086; x_wconf 86' lang='lat' dir='ltr'><strong>finiti</strong></span> <span class='ocrx_word' id='word_1_117' title='bbox 536 2051 658 2085; x_wconf 87' lang='lat' dir='ltr'><strong>cum</strong></span> <span class='ocrx_word' id='word_1_118' title='bbox 687 2033 956 2099; x_wconf 88' lang='lat' dir='ltr'><strong>particula</strong></span> <span class='ocrx_word' id='word_1_119' title='bbox 984 2028 1059 2091; x_wconf 78' lang='grc' dir='ltr'><strong>ὡς</strong></span> <span class='ocrx_word' id='word_1_120' title='bbox 1088 2027 1196 2100; x_wconf 79' lang='grc' dir='ltr'><strong>(ὥς</strong></span> <span class='ocrx_word' id='word_1_121' title='bbox 1218 2027 1445 2100; x_wconf 70' lang='grc' dir='ltr'><strong><em>χάλκεοι</em></strong></span> 
     </span>
     <span class='ocr_line' id='line_1_23' title="bbox 360 2097 1448 2168; baseline -0.002 -14"><span class='ocrx_word' id='word_1_122' title='bbox 360 2097 569 2167; x_wconf 78' lang='grc' dir='ltr'><strong><em>ἄνδρες</em></strong></span> <span class='ocrx_word' id='word_1_123' title='bbox 613 2132 681 2139; x_wconf 91' lang='grc'><strong>-</strong></span> <span class='ocrx_word' id='word_1_124' title='bbox 733 2101 1086 2168; x_wconf 83' lang='grc' dir='ltr'><strong>λεηλατεῦσι)</strong></span> <span class='ocrx_word' id='word_1_125' title='bbox 1143 2105 1212 2154; x_wconf 90' lang='lat' dir='ltr'><strong>ob</strong></span> <span class='ocrx_word' id='word_1_126' title='bbox 1277 2105 1448 2155; x_wconf 79' lang='lat' dir='ltr'><strong>verba</strong></span> 
     </span>
     <span class='ocr_line' id='line_1_24' title="bbox 360 2173 1447 2238; baseline -0.002 -14"><span class='ocrx_word' id='word_1_127' title='bbox 360 2174 523 2224; x_wconf 85' lang='lat' dir='ltr'><strong>credo</strong></span> <span class='ocrx_word' id='word_1_128' title='bbox 550 2173 705 2238; x_wconf 88' lang='lat' dir='ltr'><strong>plura</strong></span> <span class='ocrx_word' id='word_1_129' title='bbox 723 2174 1062 2237; x_wconf 85' lang='lat' dir='ltr'><strong>interposita.</strong></span> <span class='ocrx_word' id='word_1_130' title='bbox 1129 2175 1213 2223; x_wconf 89' lang='lat' dir='ltr'><strong>Tu</strong></span> <span class='ocrx_word' id='word_1_131' title='bbox 1240 2174 1351 2224; x_wconf 80' lang='lat' dir='ltr'><strong>vid.</strong></span> <span class='ocrx_word' id='word_1_132' title='bbox 1379 2173 1447 2222; x_wconf 87' lang='lat' dir='ltr'><strong>de</strong></span> 
     </span>
     <span class='ocr_line' id='line_1_25' title="bbox 363 2242 1444 2295; baseline 0.001 -3"><span class='ocrx_word' id='word_1_133' title='bbox 363 2242 671 2293; x_wconf 79' lang='lat' dir='ltr'><strong>istiusmodi</strong></span> <span class='ocrx_word' id='word_1_134' title='bbox 692 2243 979 2292; x_wconf 80' lang='lat' dir='ltr'><strong>structuris</strong></span> <span class='ocrx_word' id='word_1_135' title='bbox 1007 2243 1204 2293; x_wconf 75' lang='lat' dir='ltr'><strong>Mattln.</strong></span> <span class='ocrx_word' id='word_1_136' title='bbox 1232 2244 1323 2295; x_wconf 85' lang='lat' dir='ltr'><strong>Gr.</strong></span> <span class='ocrx_word' id='word_1_137' title='bbox 1353 2243 1444 2293; x_wconf 86' lang='lat' dir='ltr'><strong>Gr.</strong></span> 
     </span>
     <span class='ocr_line' id='line_1_26' title="bbox 361 2311 1448 2378; baseline -0.001 -16"><span class='ocrx_word' id='word_1_138' title='bbox 361 2329 486 2378; x_wconf 82' lang='lat' dir='ltr'><strong>pag.</strong></span> <span class='ocrx_word' id='word_1_139' title='bbox 531 2311 662 2361; x_wconf 82' lang='grc'><strong>1299</strong></span> <span class='ocrx_word' id='word_1_140' title='bbox 715 2317 770 2362; x_wconf 87' lang='lat' dir='ltr'><strong>et</strong></span> <span class='ocrx_word' id='word_1_141' title='bbox 803 2312 948 2362; x_wconf 88' lang='lat' dir='ltr'><strong>conf.</strong></span> <span class='ocrx_word' id='word_1_142' title='bbox 996 2327 1136 2376; x_wconf 86' lang='lat' dir='ltr'><strong>quae</strong></span> <span class='ocrx_word' id='word_1_143' title='bbox 1182 2314 1237 2362; x_wconf 90' lang='lat' dir='ltr'><strong>in</strong></span> <span class='ocrx_word' id='word_1_144' title='bbox 1279 2313 1448 2362; x_wconf 86' lang='lat' dir='ltr'><strong>Creu-</strong></span> 
     </span>
     <span class='ocr_line' id='line_1_27' title="bbox 364 2380 1442 2446; baseline -0.001 -15"><span class='ocrx_word' id='word_1_145' title='bbox 364 2383 474 2431; x_wconf 83' lang='lat' dir='ltr'><strong>zeri</strong></span> <span class='ocrx_word' id='word_1_146' title='bbox 511 2382 723 2432; x_wconf 87' lang='lat' dir='ltr'><strong>Melett.</strong></span> <span class='ocrx_word' id='word_1_147' title='bbox 763 2381 875 2430; x_wconf 79' lang='lat' dir='ltr'><strong>dixi</strong></span> <span class='ocrx_word' id='word_1_148' title='bbox 911 2380 1017 2431; x_wconf 92' lang='lat'><strong>111.</strong></span> <span class='ocrx_word' id='word_1_149' title='bbox 1058 2397 1184 2446; x_wconf 80' lang='lat' dir='ltr'><strong>pag.</strong></span> <span class='ocrx_word' id='word_1_150' title='bbox 1228 2385 1289 2432; x_wconf 89' lang='grc'><strong>12</strong></span> <span class='ocrx_word' id='word_1_151' title='bbox 1327 2397 1442 2446; x_wconf 89' lang='lat' dir='ltr'><strong>seq.</strong></span> 
     </span>
     <span class='ocr_line' id='line_1_28' title="bbox 364 2449 1443 2517; baseline -0.002 -16"><span class='ocrx_word' id='word_1_152' title='bbox 364 2450 521 2514; x_wconf 82' lang='lat' dir='ltr'><strong>Quod</strong></span> <span class='ocrx_word' id='word_1_153' title='bbox 557 2466 684 2500; x_wconf 85' lang='lat' dir='ltr'><strong>vero</strong></span> <span class='ocrx_word' id='word_1_154' title='bbox 720 2467 844 2501; x_wconf 80' lang='lat' dir='ltr'><strong>aere</strong></span> <span class='ocrx_word' id='word_1_155' title='bbox 879 2449 1086 2517; x_wconf 76' lang='grc' dir='ltr'><strong><em>(χαλκῷ</em></strong></span> <span class='ocrx_word' id='word_1_156' title='bbox 1110 2471 1181 2495; x_wconf 84' lang='lat'><strong><em>=</em></strong></span> <span class='ocrx_word' id='word_1_157' title='bbox 1209 2450 1443 2515; x_wconf 83' lang='lat' dir='ltr'><strong>Kupfer)</strong></span> 
     </span>
     <span class='ocr_line' id='line_1_29' title="bbox 363 2519 1447 2584; baseline -0.001 -13"><span class='ocrx_word' id='word_1_158' title='bbox 363 2526 601 2571; x_wconf 86' lang='lat' dir='ltr'><strong>armatos</strong></span> <span class='ocrx_word' id='word_1_159' title='bbox 639 2519 697 2584; x_wconf 91' lang='lat' dir='ltr'><strong>(i.</strong></span> <span class='ocrx_word' id='word_1_160' title='bbox 747 2535 794 2570; x_wconf 88' lang='lat' dir='ltr'><strong>e.</strong></span> <span class='ocrx_word' id='word_1_161' title='bbox 840 2521 1048 2571; x_wconf 70' lang='lat' dir='ltr'><strong>thorace</strong></span> <span class='ocrx_word' id='word_1_162' title='bbox 1084 2537 1241 2570; x_wconf 80' lang='lat' dir='ltr'><strong>aeneo</strong></span> <span class='ocrx_word' id='word_1_163' title='bbox 1288 2521 1447 2570; x_wconf 86' lang='lat' dir='ltr'><strong>adeo·</strong></span> 
     </span>
     <span class='ocr_line' id='line_1_30' title="bbox 363 2587 1447 2655; baseline 0.002 -17"><span class='ocrx_word' id='word_1_164' title='bbox 363 2606 466 2655; x_wconf 88' lang='lat' dir='ltr'><strong>que</strong></span> <span class='ocrx_word' id='word_1_165' title='bbox 501 2590 662 2638; x_wconf 88' lang='lat' dir='ltr'><strong>etiam</strong></span> <span class='ocrx_word' id='word_1_166' title='bbox 701 2588 890 2654; x_wconf 82' lang='lat' dir='ltr'><strong>clypeo</strong></span> <span class='ocrx_word' id='word_1_167' title='bbox 928 2587 1024 2638; x_wconf 84' lang='lat' dir='ltr'><strong>tali</strong></span> <span class='ocrx_word' id='word_1_168' title='bbox 1060 2590 1331 2653; x_wconf 85' lang='lat' dir='ltr'><strong>obtectos)</strong></span> <span class='ocrx_word' id='word_1_169' title='bbox 1368 2590 1447 2640; x_wconf 90' lang='lat' dir='ltr'><strong>di-</strong></span> 
     </span>
     <span class='ocr_line' id='line_1_31' title="bbox 363 2659 1446 2723; baseline 0 -14"><span class='ocrx_word' id='word_1_170' title='bbox 363 2661 439 2709; x_wconf 86' lang='lat' dir='ltr'><strong>cit</strong></span> <span class='ocrx_word' id='word_1_171' title='bbox 477 2660 637 2708; x_wconf 89' lang='lat' dir='ltr'><strong>Iones</strong></span> <span class='ocrx_word' id='word_1_172' title='bbox 682 2664 844 2723; x_wconf 87' lang='lat' dir='ltr'><strong>atque</strong></span> <span class='ocrx_word' id='word_1_173' title='bbox 893 2659 1088 2720; x_wconf 63' lang='lat' dir='ltr'><strong>Cares»,</strong></span> <span class='ocrx_word' id='word_1_174' title='bbox 1138 2660 1240 2709; x_wconf 89' lang='lat' dir='ltr'><strong>hoc</strong></span> <span class='ocrx_word' id='word_1_175' title='bbox 1285 2660 1446 2709; x_wconf 88' lang='lat' dir='ltr'><strong>rudes</strong></span> 
     </span>
     <span class='ocr_line' id='line_1_32' title="bbox 364 2728 1446 2792; baseline 0 -14"><span class='ocrx_word' id='word_1_176' title='bbox 364 2728 577 2778; x_wconf 86' lang='lat' dir='ltr'><strong>indicat</strong></span> <span class='ocrx_word' id='word_1_177' title='bbox 602 2733 790 2791; x_wconf 84' lang='lat' dir='ltr'><strong>gentes</strong></span> <span class='ocrx_word' id='word_1_178' title='bbox 807 2729 1087 2792; x_wconf 88' lang='lat' dir='ltr'><strong>minusque</strong></span> <span class='ocrx_word' id='word_1_179' title='bbox 1102 2728 1296 2792; x_wconf 86' lang='lat' dir='ltr'><strong>cultas,</strong></span> <span class='ocrx_word' id='word_1_180' title='bbox 1325 2745 1446 2780; x_wconf 90' lang='lat' dir='ltr'><strong>cum</strong></span> 
     </span>
     <span class='ocr_line' id='line_1_33' title="bbox 358 2797 1445 2863; baseline 0.001 -16"><span class='ocrx_word' id='word_1_181' title='bbox 358 2799 500 2860; x_wconf 71' lang='lat' dir='ltr'><strong>ferri</strong></span> <span class='ocrx_word' id='word_1_182' title='bbox 542 2812 674 2846; x_wconf 85' lang='lat' dir='ltr'><strong>usus</strong></span> <span class='ocrx_word' id='word_1_183' title='bbox 715 2797 770 2845; x_wconf 91' lang='lat' dir='ltr'><strong>in</strong></span> <span class='ocrx_word' id='word_1_184' title='bbox 811 2797 975 2847; x_wconf 84' lang='lat' dir='ltr'><strong>armis</strong></span> <span class='ocrx_word' id='word_1_185' title='bbox 1022 2797 1248 2863; x_wconf 87' lang='lat' dir='ltr'><strong>aliisque</strong></span> <span class='ocrx_word' id='word_1_186' title='bbox 1284 2799 1445 2848; x_wconf 88' lang='lat' dir='ltr'><strong>rebus</strong></span> 
     </span>
     <span class='ocr_line' id='line_1_34' title="bbox 365 2866 1448 2918; baseline 0.003 -3"><span class='ocrx_word' id='word_1_187' title='bbox 365 2866 688 2916; x_wconf 87' lang='lat' dir='ltr'><strong>necessariis</strong></span> <span class='ocrx_word' id='word_1_188' title='bbox 726 2866 795 2915; x_wconf 85' lang='lat' dir='ltr'><strong>ad</strong></span> <span class='ocrx_word' id='word_1_189' title='bbox 832 2871 1065 2916; x_wconf 86' lang='lat' dir='ltr'><strong>aetatem</strong></span> <span class='ocrx_word' id='word_1_190' title='bbox 1102 2869 1210 2917; x_wconf 90' lang='lat' dir='ltr'><strong>iam</strong></span> <span class='ocrx_word' id='word_1_191' title='bbox 1256 2868 1448 2918; x_wconf 89' lang='lat' dir='ltr'><strong>cultio-</strong></span> 
     </span>
     <span class='ocr_line' id='line_1_35' title="bbox 363 2935 1446 3002; baseline 0.004 -18"><span class='ocrx_word' id='word_1_192' title='bbox 363 2951 474 2986; x_wconf 89' lang='lat' dir='ltr'><strong>rem</strong></span> <span class='ocrx_word' id='word_1_193' title='bbox 511 2935 821 2985; x_wconf 82' lang='lat' dir='ltr'><strong>referendus</strong></span> <span class='ocrx_word' id='word_1_194' title='bbox 865 2936 956 2985; x_wconf 89' lang='lat' dir='ltr'><strong>sit.</strong></span> <span class='ocrx_word' id='word_1_195' title='bbox 1028 2937 1205 3002; x_wconf 87' lang='lat' dir='ltr'><strong>Supra</strong></span> <span class='ocrx_word' id='word_1_196' title='bbox 1250 2938 1295 3001; x_wconf 92' lang='grc' dir='ltr'><strong><em>Ι,</em></strong></span> <span class='ocrx_word' id='word_1_197' title='bbox 1345 2939 1446 2988; x_wconf 84' lang='grc'><strong>215</strong></span> 
     </span>
     <span class='ocr_line' id='line_1_36' title="bbox 362 3006 1445 3069; baseline 0.001 -15"><span class='ocrx_word' id='word_1_198' title='bbox 362 3006 708 3069; x_wconf 76' lang='lat' dir='ltr'><strong>Massagetas</strong></span> <span class='ocrx_word' id='word_1_199' title='bbox 745 3006 946 3055; x_wconf 78' lang='lat' dir='ltr'><strong>Noster</strong></span> <span class='ocrx_word' id='word_1_200' title='bbox 990 3007 1157 3056; x_wconf 81' lang='lat' dir='ltr'><strong>refert</strong></span> <span class='ocrx_word' id='word_1_201' title='bbox 1201 3023 1327 3058; x_wconf 81' lang='lat' dir='ltr'><strong>aere</strong></span> <span class='ocrx_word' id='word_1_202' title='bbox 1363 3012 1445 3057; x_wconf 88' lang='lat' dir='ltr'><strong>at-</strong></span> 
     </span>
     <span class='ocr_line' id='line_1_37' title="bbox 362 3073 1445 3139; baseline 0.003 -15"><span class='ocrx_word' id='word_1_203' title='bbox 362 3090 467 3139; x_wconf 87' lang='lat' dir='ltr'><strong>que</strong></span> <span class='ocrx_word' id='word_1_204' title='bbox 504 3089 637 3125; x_wconf 87' lang='lat' dir='ltr'><strong>auro</strong></span> <span class='ocrx_word' id='word_1_205' title='bbox 673 3073 788 3124; x_wconf 84' lang='lat' dir='ltr'><strong>solo</strong></span> <span class='ocrx_word' id='word_1_206' title='bbox 819 3074 927 3137; x_wconf 91' lang='lat' dir='ltr'><strong>uti,</strong></span> <span class='ocrx_word' id='word_1_207' title='bbox 975 3079 1031 3125; x_wconf 91' lang='lat' dir='ltr'><strong>et</strong></span> <span class='ocrx_word' id='word_1_208' title='bbox 1080 3077 1243 3125; x_wconf 86' lang='lat' dir='ltr'><strong>simili</strong></span> <span class='ocrx_word' id='word_1_209' title='bbox 1287 3077 1445 3127; x_wconf 91' lang='lat' dir='ltr'><strong>modo</strong></span> 
     </span>
     <span class='ocr_line' id='line_1_38' title="bbox 362 3143 1445 3198; baseline 0.003 -5"><span class='ocrx_word' id='word_1_210' title='bbox 362 3149 574 3195; x_wconf 81' lang='lat' dir='ltr'><strong>veteres</strong></span> <span class='ocrx_word' id='word_1_211' title='bbox 610 3143 931 3194; x_wconf 83' lang='lat' dir='ltr'><strong>Germaniae</strong></span> <span class='ocrx_word' id='word_1_212' title='bbox 966 3145 1214 3196; x_wconf 87' lang='lat' dir='ltr'><strong>nationes</strong></span> <span class='ocrx_word' id='word_1_213' title='bbox 1260 3148 1445 3198; x_wconf 90' lang='lat' dir='ltr'><strong>aeneis</strong></span> 
     </span>
     <span class='ocr_line' id='line_1_39' title="bbox 361 3214 1448 3279; baseline 0.003 -16"><span class='ocrx_word' id='word_1_214' title='bbox 361 3215 525 3264; x_wconf 84' lang='lat' dir='ltr'><strong>armis</strong></span> <span class='ocrx_word' id='word_1_215' title='bbox 562 3228 691 3263; x_wconf 87' lang='lat' dir='ltr'><strong>usas</strong></span> <span class='ocrx_word' id='word_1_216' title='bbox 728 3229 850 3264; x_wconf 86' lang='lat' dir='ltr'><strong>esse</strong></span> <span class='ocrx_word' id='word_1_217' title='bbox 884 3214 1211 3279; x_wconf 87' lang='lat' dir='ltr'><strong>accepimus.</strong></span> <span class='ocrx_word' id='word_1_218' title='bbox 1281 3216 1448 3266; x_wconf 85' lang='lat' dir='ltr'><strong>Plura</strong></span> 
     </span>
     <span class='ocr_line' id='line_1_40' title="bbox 363 3282 1445 3351; baseline 0.004 -18"><span class='ocrx_word' id='word_1_219' title='bbox 363 3285 532 3333; x_wconf 85' lang='lat' dir='ltr'><strong>Link:</strong></span> <span class='ocrx_word' id='word_1_220' title='bbox 569 3282 776 3333; x_wconf 85' lang='lat' dir='ltr'><strong>Urwelt</strong></span> <span class='ocrx_word' id='word_1_221' title='bbox 810 3288 915 3333; x_wconf 90' lang='lat' dir='ltr'><strong>etc.</strong></span> <span class='ocrx_word' id='word_1_222' title='bbox 955 3299 1082 3348; x_wconf 82' lang='lat' dir='ltr'><strong>pag.</strong></span> <span class='ocrx_word' id='word_1_223' title='bbox 1121 3285 1242 3337; x_wconf 83' lang='grc'><strong>263.</strong></span> <span class='ocrx_word' id='word_1_224' title='bbox 1269 3287 1445 3351; x_wconf 77' lang='lat' dir='ltr'><strong>Aegy-</strong></span> 
     </span>
     <span class='ocr_line' id='line_1_41' title="bbox 362 3352 1447 3416; baseline 0.003 -15"><span class='ocrx_word' id='word_1_225' title='bbox 362 3352 506 3416; x_wconf 85' lang='lat' dir='ltr'><strong>ptios</strong></span> <span class='ocrx_word' id='word_1_226' title='bbox 527 3389 540 3415; x_wconf 94' lang='lat'><strong>,</strong></span> <span class='ocrx_word' id='word_1_227' title='bbox 576 3367 697 3402; x_wconf 91' lang='lat' dir='ltr'><strong>cum</strong></span> <span class='ocrx_word' id='word_1_228' title='bbox 733 3367 858 3403; x_wconf 83' lang='lat' dir='ltr'><strong>aere</strong></span> <span class='ocrx_word' id='word_1_229' title='bbox 896 3359 1136 3404; x_wconf 89' lang='lat' dir='ltr'><strong>armatos</strong></span> <span class='ocrx_word' id='word_1_230' title='bbox 1172 3355 1322 3405; x_wconf 85' lang='lat' dir='ltr'><strong>viros</strong></span> <span class='ocrx_word' id='word_1_231' title='bbox 1351 3357 1447 3404; x_wconf 86' lang='lat' dir='ltr'><strong>mi-</strong></span> 
     </span>
     <span class='ocr_line' id='line_1_42' title="bbox 361 3422 1445 3483; baseline 0.004 -13"><span class='ocrx_word' id='word_1_232' title='bbox 361 3427 635 3483; x_wconf 86' lang='lat' dir='ltr'><strong>rarentur,</strong></span> <span class='ocrx_word' id='word_1_233' title='bbox 687 3422 944 3472; x_wconf 86' lang='lat' dir='ltr'><strong>cultiores</strong></span> <span class='ocrx_word' id='word_1_234' title='bbox 983 3422 1091 3471; x_wconf 87' lang='lat' dir='ltr'><strong>iam</strong></span> <span class='ocrx_word' id='word_1_235' title='bbox 1129 3423 1300 3473; x_wconf 82' lang='lat' dir='ltr'><strong>fuisse</strong></span> <span class='ocrx_word' id='word_1_236' title='bbox 1338 3425 1445 3474; x_wconf 83' lang='lat' dir='ltr'><strong>fer-</strong></span> 
     </span>
     <span class='ocr_line' id='line_1_43' title="bbox 361 3490 1444 3555; baseline 0.004 -17"><span class='ocrx_word' id='word_1_237' title='bbox 361 3506 563 3555; x_wconf 88' lang='lat' dir='ltr'><strong>reaque</strong></span> <span class='ocrx_word' id='word_1_238' title='bbox 596 3505 746 3540; x_wconf 89' lang='lat' dir='ltr'><strong>arma</strong></span> <span class='ocrx_word' id='word_1_239' title='bbox 780 3492 838 3540; x_wconf 94' lang='lat' dir='ltr'><strong>in</strong></span> <span class='ocrx_word' id='word_1_240' title='bbox 872 3505 974 3541; x_wconf 87' lang='lat' dir='ltr'><strong>usu</strong></span> <span class='ocrx_word' id='word_1_241' title='bbox 1010 3490 1267 3542; x_wconf 82' lang='lat' dir='ltr'><strong>habuisse</strong></span> <span class='ocrx_word' id='word_1_242' title='bbox 1304 3493 1444 3543; x_wconf 87' lang='lat' dir='ltr'><strong>idem</strong></span> 
     </span>
     <span class='ocr_line' id='line_1_44' title="bbox 364 3558 1445 3624; baseline 0.005 -17"><span class='ocrx_word' id='word_1_243' title='bbox 364 3560 491 3609; x_wconf 88' lang='lat' dir='ltr'><strong>inde</strong></span> <span class='ocrx_word' id='word_1_244' title='bbox 528 3558 736 3624; x_wconf 85' lang='lat' dir='ltr'><strong>colligit</strong></span> <span class='ocrx_word' id='word_1_245' title='bbox 769 3562 855 3610; x_wconf 82' lang='lat' dir='ltr'><strong>vir</strong></span> <span class='ocrx_word' id='word_1_246' title='bbox 896 3560 1109 3611; x_wconf 86' lang='lat' dir='ltr'><strong>doctus.</strong></span> <span class='ocrx_word' id='word_1_247' title='bbox 1148 3588 1218 3596; x_wconf 96' lang='lat'><strong>—</strong></span> <span class='ocrx_word' id='word_1_248' title='bbox 1255 3562 1445 3612; x_wconf 85' lang='lat' dir='ltr'><strong>Caete-</strong></span> 
     </span>
     <span class='ocr_line' id='line_1_45' title="bbox 362 3620 1442 3693; baseline 0.003 -16"><span class='ocrx_word' id='word_1_249' title='bbox 362 3644 480 3679; x_wconf 86' lang='lat' dir='ltr'><strong>rum</strong></span> <span class='ocrx_word' id='word_1_250' title='bbox 519 3627 788 3693; x_wconf 77' lang='grc' dir='ltr'><strong><em>χαλκέους</em></strong></span> <span class='ocrx_word' id='word_1_251' title='bbox 817 3620 1034 3693; x_wconf 74' lang='grc' dir='ltr'><strong><em>ἄνδρας</em></strong></span> <span class='ocrx_word' id='word_1_252' title='bbox 1068 3645 1134 3680; x_wconf 87' lang='lat' dir='ltr'><strong>ex</strong></span> <span class='ocrx_word' id='word_1_253' title='bbox 1161 3631 1442 3680; x_wconf 80' lang='lat' dir='ltr'><strong>Herodoto</strong></span> 
     </span>
     <span class='ocr_line' id='line_1_46' title="bbox 363 3698 1444 3764; baseline 0.002 -16"><span class='ocrx_word' id='word_1_254' title='bbox 363 3699 520 3748; x_wconf 87' lang='lat' dir='ltr'><strong>affert</strong></span> <span class='ocrx_word' id='word_1_255' title='bbox 567 3698 823 3749; x_wconf 85' lang='lat' dir='ltr'><strong>Eustath.</strong></span> <span class='ocrx_word' id='word_1_256' title='bbox 861 3715 986 3764; x_wconf 87' lang='lat' dir='ltr'><strong>pag.</strong></span> <span class='ocrx_word' id='word_1_257' title='bbox 1031 3699 1182 3764; x_wconf 85' lang='lat'><strong>1031,</strong></span> <span class='ocrx_word' id='word_1_258' title='bbox 1223 3700 1287 3749; x_wconf 80' lang='lat' dir='ltr'><strong>1ss</strong></span> <span class='ocrx_word' id='word_1_259' title='bbox 1324 3701 1444 3750; x_wconf 88' lang='lat' dir='ltr'><strong>sive</strong></span> 
     </span>
     <span class='ocr_line' id='line_1_47' title="bbox 363 3767 1443 3834; baseline 0.002 -17"><span class='ocrx_word' id='word_1_260' title='bbox 363 3783 492 3833; x_wconf 82' lang='lat' dir='ltr'><strong>pag.</strong></span> <span class='ocrx_word' id='word_1_261' title='bbox 536 3767 687 3829; x_wconf 82' lang='lat'><strong>1037,</strong></span> <span class='ocrx_word' id='word_1_262' title='bbox 726 3767 787 3818; x_wconf 84' lang='lat'><strong>31</strong></span> <span class='ocrx_word' id='word_1_263' title='bbox 830 3768 1066 3834; x_wconf 87' lang='lat' dir='ltr'><strong>itemque</strong></span> <span class='ocrx_word' id='word_1_264' title='bbox 1094 3768 1355 3818; x_wconf 87' lang='lat' dir='ltr'><strong>Libanius</strong></span> <span class='ocrx_word' id='word_1_265' title='bbox 1376 3770 1443 3819; x_wconf 90' lang='lat' dir='ltr'><strong>T.</strong></span> 
     </span>
     <span class='ocr_line' id='line_1_48' title="bbox 363 3836 1447 3902; baseline 0.004 -16"><span class='ocrx_word' id='word_1_266' title='bbox 363 3838 438 3887; x_wconf 92' lang='lat'><strong>11.</strong></span> <span class='ocrx_word' id='word_1_267' title='bbox 479 3852 606 3902; x_wconf 82' lang='lat' dir='ltr'><strong>pag.</strong></span> <span class='ocrx_word' id='word_1_268' title='bbox 640 3837 757 3899; x_wconf 85' lang='lat'><strong>120,</strong></span> <span class='ocrx_word' id='word_1_269' title='bbox 807 3843 1030 3887; x_wconf 88' lang='lat' dir='ltr'><strong>notante</strong></span> <span class='ocrx_word' id='word_1_270' title='bbox 1063 3836 1447 3902; x_wconf 79' lang='lat' dir='ltr'><strong>WesselingiO.</strong></span> 
     </span>
    </p>

    <p class='ocr_par' dir='ltr' id='par_1_7' title="bbox 361 3900 1452 4444">
     <span class='ocr_line' id='line_1_49' title="bbox 432 3900 1450 3972; baseline 0.005 -20"><span class='ocrx_word' id='word_1_271' title='bbox 432 3904 574 3968; x_wconf 82' lang='grc' dir='ltr'><em>φίλα</em></span> <span class='ocrx_word' id='word_1_272' title='bbox 613 3933 683 3941; x_wconf 93' lang='grc'>-</span> <span class='ocrx_word' id='word_1_273' title='bbox 733 3900 1004 3972; x_wconf 82' lang='grc' dir='ltr'><strong><em>ποιέεται]</em></strong></span> <span class='ocrx_word' id='word_1_274' title='bbox 1053 3907 1092 3955; x_wconf 89' lang='lat' dir='ltr'><strong>i.</strong></span> <span class='ocrx_word' id='word_1_275' title='bbox 1144 3921 1190 3956; x_wconf 90' lang='lat' dir='ltr'><strong>e.</strong></span> <span class='ocrx_word' id='word_1_276' title='bbox 1242 3905 1450 3971; x_wconf 65' lang='lat' dir='ltr'><strong>benigne</strong></span> 
     </span>
     <span class='ocr_line' id='line_1_50' title="bbox 362 3974 1452 4040; baseline 0.003 -18"><span class='ocrx_word' id='word_1_277' title='bbox 362 3976 576 4035; x_wconf 73' lang='lat' dir='ltr'><strong>excipit,</strong></span> <span class='ocrx_word' id='word_1_278' title='bbox 610 3975 937 4038; x_wconf 66' lang='lat' dir='ltr'><strong>gratulat-it,</strong></span> <span class='ocrx_word' id='word_1_279' title='bbox 975 3980 1038 4024; x_wconf 90' lang='lat' dir='ltr'><strong>ut</strong></span> <span class='ocrx_word' id='word_1_280' title='bbox 1061 3975 1127 4038; x_wconf 83' lang='lat' dir='ltr'><strong>V,</strong></span> <span class='ocrx_word' id='word_1_281' title='bbox 1162 3974 1249 4025; x_wconf 84' lang='grc'><strong>37.</strong></span> <span class='ocrx_word' id='word_1_282' title='bbox 1307 3977 1452 4040; x_wconf 79' lang='lat' dir='ltr'><strong>Kay-</strong></span> 
     </span>
     <span class='ocr_line' id='line_1_51' title="bbox 364 4042 1445 4109; baseline 0.002 -17"><span class='ocrx_word' id='word_1_283' title='bbox 364 4058 450 4092; x_wconf 87' lang='lat' dir='ltr'><strong>ser</strong></span> <span class='ocrx_word' id='word_1_284' title='bbox 487 4042 556 4092; x_wconf 86' lang='lat' dir='ltr'><strong>ad</strong></span> <span class='ocrx_word' id='word_1_285' title='bbox 579 4042 898 4093; x_wconf 85' lang='lat' dir='ltr'><strong>Philostrat.</strong></span> <span class='ocrx_word' id='word_1_286' title='bbox 929 4042 994 4093; x_wconf 89' lang='lat' dir='ltr'><strong>de</strong></span> <span class='ocrx_word' id='word_1_287' title='bbox 1018 4049 1291 4109; x_wconf 79' lang='lat' dir='ltr'><strong>gymnast.</strong></span> <span class='ocrx_word' id='word_1_288' title='bbox 1317 4060 1445 4109; x_wconf 83' lang='lat' dir='ltr'><strong>pag.</strong></span> 
     </span>
     <span class='ocr_line' id='line_1_52' title="bbox 363 4109 1447 4176; baseline 0.003 -16"><span class='ocrx_word' id='word_1_289' title='bbox 363 4111 454 4161; x_wconf 72' lang='lat'><strong>94.</strong></span> <span class='ocrx_word' id='word_1_290' title='bbox 497 4109 598 4160; x_wconf 88' lang='grc'><strong>188</strong></span> <span class='ocrx_word' id='word_1_291' title='bbox 624 4111 778 4161; x_wconf 82' lang='lat' dir='ltr'><strong>reddi</strong></span> <span class='ocrx_word' id='word_1_292' title='bbox 806 4111 950 4161; x_wconf 83' lang='lat' dir='ltr'><strong>vult:</strong></span> <span class='ocrx_word' id='word_1_293' title='bbox 980 4113 1167 4174; x_wconf 75' lang='lat' dir='ltr'><strong>foedus</strong></span> <span class='ocrx_word' id='word_1_294' title='bbox 1192 4116 1277 4162; x_wconf 74' lang='lat' dir='ltr'><strong>icit</strong></span> <span class='ocrx_word' id='word_1_295' title='bbox 1299 4119 1447 4176; x_wconf 84' lang='lat' dir='ltr'><strong>(cum</strong></span> 
     </span>
     <span class='ocr_line' id='line_1_53' title="bbox 362 4179 1451 4243; baseline 0.001 -13"><span class='ocrx_word' id='word_1_296' title='bbox 362 4180 589 4231; x_wconf 89' lang='lat' dir='ltr'><strong>Ionibus</strong></span> <span class='ocrx_word' id='word_1_297' title='bbox 633 4185 688 4229; x_wconf 88' lang='lat' dir='ltr'><strong>et</strong></span> <span class='ocrx_word' id='word_1_298' title='bbox 728 4179 1002 4243; x_wconf 84' lang='lat' dir='ltr'><strong>Caribus).</strong></span> <span class='ocrx_word' id='word_1_299' title='bbox 1074 4181 1179 4231; x_wconf 86' lang='lat' dir='ltr'><strong>Sed</strong></span> <span class='ocrx_word' id='word_1_300' title='bbox 1228 4182 1451 4231; x_wconf 89' lang='lat' dir='ltr'><strong>obstant</strong></span> 
     </span>
     <span class='ocr_line' id='line_1_54' title="bbox 363 4248 1445 4328; baseline 0.001 -30"><span class='ocrx_word' id='word_1_301' title='bbox 363 4252 486 4315; x_wconf 87' lang='lat' dir='ltr'><strong>ipsa</strong></span> <span class='ocrx_word' id='word_1_302' title='bbox 529 4249 817 4328; x_wconf 78' lang='lat' dir='ltr'><strong>sequentia</strong></span> <span class='ocrx_word' id='word_1_303' title='bbox 861 4250 1055 4300; x_wconf 76' lang='lat' dir='ltr'><strong>verba:</strong></span> <span class='ocrx_word' id='word_1_304' title='bbox 1103 4248 1206 4298; x_wconf 81' lang='grc' dir='ltr'><strong>καί</strong></span> <span class='ocrx_word' id='word_1_305' title='bbox 1250 4264 1445 4315; x_wconf 83' lang='grc' dir='ltr'><strong><em>σφεας,</em></strong></span> 
     </span>
     <span class='ocr_line' id='line_1_55' title="bbox 362 4310 1444 4384; baseline 0.002 -16"><span class='ocrx_word' id='word_1_306' title='bbox 362 4310 573 4384; x_wconf 77' lang='grc' dir='ltr'><strong><em>μεγάλα</em></strong></span> <span class='ocrx_word' id='word_1_307' title='bbox 606 4311 1058 4384; x_wconf 79' lang='grc' dir='ltr'><strong><em>υπισχνεύμενος</em></strong></span> <span class='ocrx_word' id='word_1_308' title='bbox 1084 4318 1281 4369; x_wconf 79' lang='grc' dir='ltr'><strong><em>πείθει</em></strong></span> <span class='ocrx_word' id='word_1_309' title='bbox 1314 4334 1365 4369; x_wconf 86' lang='grc' dir='ltr'><strong>κ.</strong></span> <span class='ocrx_word' id='word_1_310' title='bbox 1396 4336 1444 4370; x_wconf 85' lang='grc' dir='ltr'><strong>τ.</strong></span> 
     </span>
     <span class='ocr_line' id='line_1_56' title="bbox 361 4386 1446 4444; baseline 0.004 -7"><span class='ocrx_word' id='word_1_311' title='bbox 361 4388 409 4438; x_wconf 80' lang='grc' dir='ltr'><strong>λ.</strong></span> <span class='ocrx_word' id='word_1_312' title='bbox 438 4415 509 4427; x_wconf 91' lang='lat'>-</span> <span class='ocrx_word' id='word_1_313' title='bbox 527 4387 700 4440; x_wconf 85' lang='lat' dir='ltr'><strong>Paulo</strong></span> <span class='ocrx_word' id='word_1_314' title='bbox 729 4386 886 4439; x_wconf 82' lang='lat' dir='ltr'><strong>aliter</strong></span> <span class='ocrx_word' id='word_1_315' title='bbox 917 4389 1053 4444; x_wconf 82' lang='lat' dir='ltr'><strong>haec</strong></span> <span class='ocrx_word' id='word_1_316' title='bbox 1075 4394 1295 4440; x_wconf 82' lang='lat' dir='ltr'><strong>enarrat</strong></span> <span class='ocrx_word' id='word_1_317' title='bbox 1316 4390 1446 4441; x_wconf 88' lang='lat' dir='ltr'><strong>Dio·</strong></span> 
     </span>
    </p>
   </div>
   <div class='ocr_carea' id='block_1_6' title="bbox 1543 1128 2634 4457">
    <p class='ocr_par' dir='ltr' id='par_1_8' title="bbox 1543 1128 2634 4457">
     <span class='ocr_line' id='line_1_57' title="bbox 1551 1128 2627 1195; baseline -0.005 -14"><span class='ocrx_word' id='word_1_318' title='bbox 1551 1129 1785 1194; x_wconf 78' lang='lat' dir='ltr'><strong>dorus⁸1,</strong></span> <span class='ocrx_word' id='word_1_319' title='bbox 1812 1130 1898 1194; x_wconf 78' lang='lat'><strong>66,</strong></span> <span class='ocrx_word' id='word_1_320' title='bbox 1924 1131 1980 1180; x_wconf 90' lang='lat' dir='ltr'><strong>in</strong></span> <span class='ocrx_word' id='word_1_321' title='bbox 1999 1146 2208 1180; x_wconf 87' lang='lat' dir='ltr'><strong>summa</strong></span> <span class='ocrx_word' id='word_1_322' title='bbox 2227 1128 2477 1195; x_wconf 85' lang='lat' dir='ltr'><strong>quamvis</strong></span> <span class='ocrx_word' id='word_1_323' title='bbox 2499 1142 2627 1177; x_wconf 89' lang='lat' dir='ltr'><strong>con-</strong></span> 
     </span>
     <span class='ocr_line' id='line_1_58' title="bbox 1550 1199 2629 1263; baseline -0.003 -14"><span class='ocrx_word' id='word_1_324' title='bbox 1550 1203 1794 1250; x_wconf 85' lang='lat' dir='ltr'><strong>sentiens</strong></span> <span class='ocrx_word' id='word_1_325' title='bbox 1841 1216 1963 1250; x_wconf 91' lang='lat' dir='ltr'><strong>cum</strong></span> <span class='ocrx_word' id='word_1_326' title='bbox 1998 1199 2305 1262; x_wconf 79' lang='lat' dir='ltr'><strong>HerodotO,</strong></span> <span class='ocrx_word' id='word_1_327' title='bbox 2354 1213 2511 1263; x_wconf 88' lang='lat' dir='ltr'><strong>quem</strong></span> <span class='ocrx_word' id='word_1_328' title='bbox 2547 1212 2629 1246; x_wconf 91' lang='lat' dir='ltr'><strong>se-</strong></span> 
     </span>
     <span class='ocr_line' id='line_1_59' title="bbox 1549 1269 2629 1331; baseline -0.005 -11"><span class='ocrx_word' id='word_1_329' title='bbox 1549 1277 1710 1320; x_wconf 89' lang='lat' dir='ltr'><strong>cutus</strong></span> <span class='ocrx_word' id='word_1_330' title='bbox 1729 1270 2034 1320; x_wconf 88' lang='lat' dir='ltr'><strong>Larcherus</strong></span> <span class='ocrx_word' id='word_1_331' title='bbox 2064 1269 2507 1320; x_wconf 86' lang='lat' dir='ltr'><strong>Psammitichum</strong></span> <span class='ocrx_word' id='word_1_332' title='bbox 2537 1282 2629 1331; x_wconf 91' lang='lat' dir='ltr'><strong>po-</strong></span> 
     </span>
     <span class='ocr_line' id='line_1_60' title="bbox 1548 1338 2630 1404; baseline -0.002 -16"><span class='ocrx_word' id='word_1_333' title='bbox 1548 1343 1631 1388; x_wconf 92' lang='lat' dir='ltr'><strong>nit</strong></span> <span class='ocrx_word' id='word_1_334' title='bbox 1668 1338 1739 1388; x_wconf 86' lang='lat' dir='ltr'><strong>ad</strong></span> <span class='ocrx_word' id='word_1_335' title='bbox 1784 1354 2007 1404; x_wconf 85' lang='lat' dir='ltr'><strong>regnum</strong></span> <span class='ocrx_word' id='word_1_336' title='bbox 2056 1347 2302 1389; x_wconf 81' lang='lat' dir='ltr'><strong>evectum</strong></span> <span class='ocrx_word' id='word_1_337' title='bbox 2349 1353 2477 1387; x_wconf 87' lang='lat' dir='ltr'><strong>ann.</strong></span> <span class='ocrx_word' id='word_1_338' title='bbox 2525 1338 2630 1387; x_wconf 75' lang='lat'><strong>056</strong></span> 
     </span>
     <span class='ocr_line' id='line_1_61' title="bbox 1549 1407 2632 1472; baseline -0.002 -15"><span class='ocrx_word' id='word_1_339' title='bbox 1549 1424 1602 1459; x_wconf 87' lang='lat' dir='ltr'><strong>a.</strong></span> <span class='ocrx_word' id='word_1_340' title='bbox 1639 1409 1766 1458; x_wconf 85' lang='lat' dir='ltr'><strong>Chr.</strong></span> <span class='ocrx_word' id='word_1_341' title='bbox 1812 1426 1888 1472; x_wconf 92' lang='lat' dir='ltr'><strong>n.,</strong></span> <span class='ocrx_word' id='word_1_342' title='bbox 1933 1413 2056 1472; x_wconf 88' lang='lat' dir='ltr'><strong>aut,</strong></span> <span class='ocrx_word' id='word_1_343' title='bbox 2107 1410 2155 1459; x_wconf 89' lang='lat' dir='ltr'><strong>si</strong></span> <span class='ocrx_word' id='word_1_344' title='bbox 2199 1407 2498 1459; x_wconf 86' lang='lat' dir='ltr'><strong>Diodorum</strong></span> <span class='ocrx_word' id='word_1_345' title='bbox 2551 1421 2632 1456; x_wconf 89' lang='lat' dir='ltr'><strong>se-</strong></span> 
     </span>
     <span class='ocr_line' id='line_1_62' title="bbox 1547 1477 2628 1543; baseline -0.001 -16"><span class='ocrx_word' id='word_1_346' title='bbox 1547 1479 1641 1542; x_wconf 90' lang='lat' dir='ltr'><strong>qui</strong></span> <span class='ocrx_word' id='word_1_347' title='bbox 1674 1477 1863 1542; x_wconf 85' lang='lat' dir='ltr'><strong>malis,</strong></span> <span class='ocrx_word' id='word_1_348' title='bbox 1900 1493 1954 1530; x_wconf 90' lang='lat' dir='ltr'><strong>a.</strong></span> <span class='ocrx_word' id='word_1_349' title='bbox 1992 1479 2096 1530; x_wconf 75' lang='lat'><strong>089</strong></span> <span class='ocrx_word' id='word_1_350' title='bbox 2133 1479 2204 1543; x_wconf 82' lang='lat' dir='ltr'><strong>(t.</strong></span> <span class='ocrx_word' id='word_1_351' title='bbox 2242 1479 2366 1528; x_wconf 87' lang='lat' dir='ltr'><strong>vn.</strong></span> <span class='ocrx_word' id='word_1_352' title='bbox 2415 1494 2468 1542; x_wconf 91' lang='lat' dir='ltr'><strong>p.</strong></span> <span class='ocrx_word' id='word_1_353' title='bbox 2512 1478 2628 1527; x_wconf 82' lang='lat'><strong>107.</strong></span> 
     </span>
     <span class='ocr_line' id='line_1_63' title="bbox 1547 1546 2629 1614; baseline -0.004 -16"><span class='ocrx_word' id='word_1_354' title='bbox 1547 1547 1648 1598; x_wconf 85' lang='lat'><strong>113</strong></span> <span class='ocrx_word' id='word_1_355' title='bbox 1684 1546 1809 1598; x_wconf 85' lang='lat' dir='ltr'><strong>coll.</strong></span> <span class='ocrx_word' id='word_1_356' title='bbox 1846 1562 1973 1613; x_wconf 82' lang='lat' dir='ltr'><strong>pag.</strong></span> <span class='ocrx_word' id='word_1_357' title='bbox 2015 1547 2125 1614; x_wconf 79' lang='lat'><strong>74).</strong></span> <span class='ocrx_word' id='word_1_358' title='bbox 2200 1548 2351 1598; x_wconf 85' lang='lat' dir='ltr'><strong>Alias</strong></span> <span class='ocrx_word' id='word_1_359' title='bbox 2401 1547 2629 1596; x_wconf 87' lang='lat' dir='ltr'><strong>aliorum</strong></span> 
     </span>
     <span class='ocr_line' id='line_1_64' title="bbox 1545 1613 2632 1684; baseline -0.001 -19"><span class='ocrx_word' id='word_1_360' title='bbox 1545 1617 1847 1666; x_wconf 86' lang='lat' dir='ltr'><strong>sententias</strong></span> <span class='ocrx_word' id='word_1_361' title='bbox 1893 1613 2267 1684; x_wconf 73' lang='lat' dir='ltr'><strong>suppeditabft</strong></span> <span class='ocrx_word' id='word_1_362' title='bbox 2301 1618 2476 1667; x_wconf 87' lang='lat' dir='ltr'><strong>Beck:</strong></span> <span class='ocrx_word' id='word_1_363' title='bbox 2525 1618 2632 1666; x_wconf 89' lang='lat' dir='ltr'><strong>An-</strong></span> 
     </span>
     <span class='ocr_line' id='line_1_65' title="bbox 1544 1686 2629 1751; baseline 0.001 -16"><span class='ocrx_word' id='word_1_364' title='bbox 1544 1686 1660 1735; x_wconf 90' lang='lat' dir='ltr'><strong>leit.</strong></span> <span class='ocrx_word' id='word_1_365' title='bbox 1699 1702 1748 1736; x_wconf 86' lang='lat' dir='ltr'><strong>z.</strong></span> <span class='ocrx_word' id='word_1_366' title='bbox 1774 1686 2231 1751; x_wconf 80' lang='lat' dir='ltr'><strong>Weltgeschichte</strong></span> <span class='ocrx_word' id='word_1_367' title='bbox 2265 1686 2312 1737; x_wconf 91' lang='lat'><strong>1.</strong></span> <span class='ocrx_word' id='word_1_368' title='bbox 2349 1701 2475 1751; x_wconf 82' lang='lat' dir='ltr'><strong>pag.</strong></span> <span class='ocrx_word' id='word_1_369' title='bbox 2508 1686 2629 1736; x_wconf 84' lang='grc'><strong>723.</strong></span> 
     </span>
     <span class='ocr_line' id='line_1_66' title="bbox 1547 1755 2633 1822; baseline -0.001 -18"><span class='ocrx_word' id='word_1_370' title='bbox 1547 1755 1707 1817; x_wconf 83' lang='lat' dir='ltr'><strong>Quod</strong></span> <span class='ocrx_word' id='word_1_371' title='bbox 1742 1771 1871 1805; x_wconf 84' lang='lat' dir='ltr'><strong>vero</strong></span> <span class='ocrx_word' id='word_1_372' title='bbox 1908 1758 2226 1822; x_wconf 82' lang='lat' dir='ltr'><strong>peregrinos</strong></span> <span class='ocrx_word' id='word_1_373' title='bbox 2263 1755 2462 1806; x_wconf 88' lang='lat' dir='ltr'><strong>milites</strong></span> <span class='ocrx_word' id='word_1_374' title='bbox 2500 1770 2633 1804; x_wconf 88' lang='lat' dir='ltr'><strong>mer-</strong></span> 
     </span>
     <span class='ocr_line' id='line_1_67' title="bbox 1548 1824 2631 1885; baseline -0.002 -11"><span class='ocrx_word' id='word_1_375' title='bbox 1548 1826 1794 1874; x_wconf 84' lang='lat' dir='ltr'><strong>cenarios</strong></span> <span class='ocrx_word' id='word_1_376' title='bbox 1863 1826 2285 1876; x_wconf 85' lang='lat' dir='ltr'><strong>Psammitichus</strong></span> <span class='ocrx_word' id='word_1_377' title='bbox 2353 1824 2631 1885; x_wconf 82' lang='lat' dir='ltr'><strong>conduxit,</strong></span> 
     </span>
     <span class='ocr_line' id='line_1_68' title="bbox 1547 1895 2633 1961; baseline -0.001 -18"><span class='ocrx_word' id='word_1_378' title='bbox 1547 1909 1774 1958; x_wconf 89' lang='lat' dir='ltr'><strong>quorum</strong></span> <span class='ocrx_word' id='word_1_379' title='bbox 1811 1910 1913 1959; x_wconf 86' lang='lat' dir='ltr'><strong>ope</strong></span> <span class='ocrx_word' id='word_1_380' title='bbox 1957 1912 2181 1961; x_wconf 84' lang='lat' dir='ltr'><strong>regnum</strong></span> <span class='ocrx_word' id='word_1_381' title='bbox 2227 1901 2281 1944; x_wconf 89' lang='lat' dir='ltr'><strong>et</strong></span> <span class='ocrx_word' id='word_1_382' title='bbox 2330 1895 2633 1960; x_wconf 81' lang='lat' dir='ltr'><strong>acquireret</strong></span> 
     </span>
     <span class='ocr_line' id='line_1_69' title="bbox 1550 1964 2631 2029; baseline -0.001 -16"><span class='ocrx_word' id='word_1_383' title='bbox 1550 1969 1607 2013; x_wconf 88' lang='lat' dir='ltr'><strong>et</strong></span> <span class='ocrx_word' id='word_1_384' title='bbox 1633 1964 1957 2029; x_wconf 87' lang='lat' dir='ltr'><strong>acquisitum</strong></span> <span class='ocrx_word' id='word_1_385' title='bbox 1996 1969 2221 2026; x_wconf 87' lang='lat' dir='ltr'><strong>teneret,</strong></span> <span class='ocrx_word' id='word_1_386' title='bbox 2262 1964 2363 2013; x_wconf 87' lang='lat' dir='ltr'><strong>hoc</strong></span> <span class='ocrx_word' id='word_1_387' title='bbox 2395 1965 2451 2013; x_wconf 89' lang='lat' dir='ltr'><strong>in</strong></span> <span class='ocrx_word' id='word_1_388' title='bbox 2469 1964 2631 2014; x_wconf 86' lang='lat' dir='ltr'><strong>rebus</strong></span> 
     </span>
     <span class='ocr_line' id='line_1_70' title="bbox 1548 2034 2633 2100; baseline -0.002 -16"><span class='ocrx_word' id='word_1_389' title='bbox 1548 2034 1835 2098; x_wconf 77' lang='lat' dir='ltr'><strong>Aegyptiis</strong></span> <span class='ocrx_word' id='word_1_390' title='bbox 1882 2034 2107 2084; x_wconf 90' lang='lat' dir='ltr'><strong>multum</strong></span> <span class='ocrx_word' id='word_1_391' title='bbox 2162 2036 2351 2100; x_wconf 86' lang='lat' dir='ltr'><strong>utique</strong></span> <span class='ocrx_word' id='word_1_392' title='bbox 2393 2034 2633 2083; x_wconf 79' lang='lat' dir='ltr'><strong>valuisse</strong></span> 
     </span>
     <span class='ocr_line' id='line_1_71' title="bbox 1545 2104 2633 2170; baseline 0 -19"><span class='ocrx_word' id='word_1_393' title='bbox 1545 2104 1815 2166; x_wconf 81' lang='lat' dir='ltr'><strong>videtur‚·</strong></span> <span class='ocrx_word' id='word_1_394' title='bbox 1848 2119 1996 2166; x_wconf 89' lang='lat' dir='ltr'><strong>cum,</strong></span> <span class='ocrx_word' id='word_1_395' title='bbox 2051 2105 2144 2170; x_wconf 90' lang='lat' dir='ltr'><strong>qui</strong></span> <span class='ocrx_word' id='word_1_396' title='bbox 2188 2104 2633 2153; x_wconf 85' lang='lat' dir='ltr'><strong>Psammitichum</strong></span> 
     </span>
     <span class='ocr_line' id='line_1_72' title="bbox 1548 2172 2632 2239; baseline 0 -18"><span class='ocrx_word' id='word_1_397' title='bbox 1548 2173 1726 2222; x_wconf 91' lang='lat' dir='ltr'><strong>secuti</strong></span> <span class='ocrx_word' id='word_1_398' title='bbox 1761 2179 1887 2222; x_wconf 89' lang='lat' dir='ltr'><strong>sunt</strong></span> <span class='ocrx_word' id='word_1_399' title='bbox 1922 2190 2105 2238; x_wconf 86' lang='lat' dir='ltr'><strong>reges,</strong></span> <span class='ocrx_word' id='word_1_400' title='bbox 2146 2174 2459 2239; x_wconf 87' lang='lat' dir='ltr'><strong>peregrinos</strong></span> <span class='ocrx_word' id='word_1_401' title='bbox 2497 2172 2632 2222; x_wconf 89' lang='lat' dir='ltr'><strong>mili-</strong></span> 
     </span>
     <span class='ocr_line' id='line_1_73' title="bbox 1550 2242 2631 2309; baseline -0.002 -17"><span class='ocrx_word' id='word_1_402' title='bbox 1550 2249 1634 2292; x_wconf 87' lang='lat' dir='ltr'><strong>tes</strong></span> <span class='ocrx_word' id='word_1_403' title='bbox 1660 2248 1714 2292; x_wconf 92' lang='lat' dir='ltr'><strong>et</strong></span> <span class='ocrx_word' id='word_1_404' title='bbox 1737 2242 1842 2307; x_wconf 87' lang='lat' dir='ltr'><strong>ipsi</strong></span> <span class='ocrx_word' id='word_1_405' title='bbox 1863 2245 2201 2293; x_wconf 87' lang='lat' dir='ltr'><strong>retinuerint.</strong></span> <span class='ocrx_word' id='word_1_406' title='bbox 2253 2242 2467 2309; x_wconf 78' lang='lat' dir='ltr'><strong>Reliqui</strong></span> <span class='ocrx_word' id='word_1_407' title='bbox 2489 2242 2631 2291; x_wconf 88' lang='lat' dir='ltr'><strong>enim</strong></span> 
     </span>
     <span class='ocr_line' id='line_1_74' title="bbox 1554 2310 2633 2379; baseline -0.003 -16"><span class='ocrx_word' id='word_1_408' title='bbox 1554 2313 1813 2377; x_wconf 82' lang='lat' dir='ltr'><strong>Aegyptii</strong></span> <span class='ocrx_word' id='word_1_409' title='bbox 1875 2315 1942 2379; x_wconf 90' lang='lat' dir='ltr'><strong>(ii</strong></span> <span class='ocrx_word' id='word_1_410' title='bbox 2001 2313 2346 2379; x_wconf 87' lang='lat' dir='ltr'><strong>praesertim,</strong></span> <span class='ocrx_word' id='word_1_411' title='bbox 2414 2315 2507 2377; x_wconf 90' lang='lat' dir='ltr'><strong>qui</strong></span> <span class='ocrx_word' id='word_1_412' title='bbox 2561 2310 2633 2360; x_wconf 86' lang='lat' dir='ltr'><strong>ad</strong></span> 
     </span>
     <span class='ocr_line' id='line_1_75' title="bbox 1550 2382 2630 2448; baseline 0 -17"><span class='ocrx_word' id='word_1_413' title='bbox 1550 2382 1782 2431; x_wconf 88' lang='lat' dir='ltr'><strong>militum</strong></span> <span class='ocrx_word' id='word_1_414' title='bbox 1846 2383 2071 2447; x_wconf 88' lang='lat' dir='ltr'><strong>tribum,</strong></span> <span class='ocrx_word' id='word_1_415' title='bbox 2144 2383 2630 2448; x_wconf 82' lang='lat' dir='ltr'><strong>„Kriegerkaste“,</strong></span> 
     </span>
     <span class='ocr_line' id='line_1_76' title="bbox 1545 2451 2634 2519; baseline -0.002 -18"><span class='ocrx_word' id='word_1_416' title='bbox 1545 2451 1915 2519; x_wconf 79' lang='lat' dir='ltr'><strong>pertinebant)</strong></span> <span class='ocrx_word' id='word_1_417' title='bbox 1959 2452 2063 2503; x_wconf 91' lang='lat' dir='ltr'><strong>hoc</strong></span> <span class='ocrx_word' id='word_1_418' title='bbox 2106 2468 2268 2517; x_wconf 84' lang='lat' dir='ltr'><strong>aegre</strong></span> <span class='ocrx_word' id='word_1_419' title='bbox 2313 2452 2505 2502; x_wconf 88' lang='lat' dir='ltr'><strong>tulisse</strong></span> <span class='ocrx_word' id='word_1_420' title='bbox 2555 2451 2634 2499; x_wconf 85' lang='lat' dir='ltr'><strong>vi-</strong></span> 
     </span>
     <span class='ocr_line' id='line_1_77' title="bbox 1547 2520 2633 2584; baseline 0 -15"><span class='ocrx_word' id='word_1_421' title='bbox 1547 2520 1770 2584; x_wconf 87' lang='lat' dir='ltr'><strong>dentur,</strong></span> <span class='ocrx_word' id='word_1_422' title='bbox 1823 2528 1885 2572; x_wconf 90' lang='lat' dir='ltr'><strong>ut</strong></span> <span class='ocrx_word' id='word_1_423' title='bbox 1920 2523 2061 2572; x_wconf 86' lang='lat' dir='ltr'><strong>hanc</strong></span> <span class='ocrx_word' id='word_1_424' title='bbox 2097 2523 2166 2572; x_wconf 88' lang='lat' dir='ltr'><strong>ob</strong></span> <span class='ocrx_word' id='word_1_425' title='bbox 2210 2537 2431 2572; x_wconf 85' lang='lat' dir='ltr'><strong>causam</strong></span> <span class='ocrx_word' id='word_1_426' title='bbox 2474 2520 2633 2571; x_wconf 89' lang='lat' dir='ltr'><strong>multi</strong></span> 
     </span>
     <span class='ocr_line' id='line_1_78' title="bbox 1547 2590 2632 2655; baseline 0 -16"><span class='ocrx_word' id='word_1_427' title='bbox 1547 2590 1814 2640; x_wconf 87' lang='lat' dir='ltr'><strong>seditione</strong></span> <span class='ocrx_word' id='word_1_428' title='bbox 1833 2597 1981 2641; x_wconf 89' lang='lat' dir='ltr'><strong>mota</strong></span> <span class='ocrx_word' id='word_1_429' title='bbox 2003 2592 2059 2640; x_wconf 87' lang='lat' dir='ltr'><strong>in</strong></span> <span class='ocrx_word' id='word_1_430' title='bbox 2089 2591 2431 2655; x_wconf 87' lang='lat' dir='ltr'><strong>Aethiopiam</strong></span> <span class='ocrx_word' id='word_1_431' title='bbox 2461 2591 2632 2640; x_wconf 89' lang='lat' dir='ltr'><strong>disce-</strong></span> 
     </span>
     <span class='ocr_line' id='line_1_79' title="bbox 1548 2658 2628 2724; baseline 0.001 -17"><span class='ocrx_word' id='word_1_432' title='bbox 1548 2658 1765 2720; x_wconf 78' lang='lat' dir='ltr'><strong>derent3</strong></span> <span class='ocrx_word' id='word_1_433' title='bbox 1805 2676 1914 2724; x_wconf 90' lang='lat' dir='ltr'><strong>qua</strong></span> <span class='ocrx_word' id='word_1_434' title='bbox 1945 2660 2012 2710; x_wconf 88' lang='lat' dir='ltr'><strong>de</strong></span> <span class='ocrx_word' id='word_1_435' title='bbox 2050 2675 2108 2709; x_wconf 90' lang='lat' dir='ltr'><strong>re</strong></span> <span class='ocrx_word' id='word_1_436' title='bbox 2142 2660 2255 2711; x_wconf 84' lang='lat' dir='ltr'><strong>vid.</strong></span> <span class='ocrx_word' id='word_1_437' title='bbox 2305 2661 2509 2712; x_wconf 85' lang='lat' dir='ltr'><strong>Herod.</strong></span> <span class='ocrx_word' id='word_1_438' title='bbox 2550 2661 2628 2720; x_wconf 87' lang='lat'><strong>11,</strong></span> 
     </span>
     <span class='ocr_line' id='line_1_80' title="bbox 1549 2728 2629 2793; baseline 0 -16"><span class='ocrx_word' id='word_1_439' title='bbox 1549 2729 1618 2778; x_wconf 83' lang='lat'><strong>30</strong></span> <span class='ocrx_word' id='word_1_440' title='bbox 1654 2728 1777 2779; x_wconf 89' lang='lat' dir='ltr'><strong>coll.</strong></span> <span class='ocrx_word' id='word_1_441' title='bbox 1818 2731 2049 2779; x_wconf 86' lang='lat' dir='ltr'><strong>Heeren.</strong></span> <span class='ocrx_word' id='word_1_442' title='bbox 2075 2730 2263 2781; x_wconf 87' lang='lat' dir='ltr'><strong>Ideen.</strong></span> <span class='ocrx_word' id='word_1_443' title='bbox 2298 2730 2373 2792; x_wconf 89' lang='lat'><strong>11,</strong></span> <span class='ocrx_word' id='word_1_444' title='bbox 2411 2732 2460 2780; x_wconf 89' lang='grc'><strong>2.</strong></span> <span class='ocrx_word' id='word_1_445' title='bbox 2499 2745 2629 2793; x_wconf 83' lang='lat' dir='ltr'><strong>pag.</strong></span> 
     </span>
     <span class='ocr_line' id='line_1_81' title="bbox 1548 2798 2630 2864; baseline -0.001 -16"><span class='ocrx_word' id='word_1_446' title='bbox 1548 2798 1652 2848; x_wconf 77' lang='lat'><strong>399</strong></span> <span class='ocrx_word' id='word_1_447' title='bbox 1695 2813 1808 2863; x_wconf 81' lang='lat' dir='ltr'><strong>seq.</strong></span> <span class='ocrx_word' id='word_1_448' title='bbox 1896 2799 2027 2863; x_wconf 90' lang='lat' dir='ltr'><strong>Ipsa</strong></span> <span class='ocrx_word' id='word_1_449' title='bbox 2076 2800 2233 2850; x_wconf 84' lang='lat' dir='ltr'><strong>sedes</strong></span> <span class='ocrx_word' id='word_1_450' title='bbox 2289 2801 2443 2864; x_wconf 81' lang='lat' dir='ltr'><strong>regia</strong></span> <span class='ocrx_word' id='word_1_451' title='bbox 2487 2814 2630 2848; x_wconf 91' lang='lat' dir='ltr'><strong>nunc</strong></span> 
     </span>
     <span class='ocr_line' id='line_1_82' title="bbox 1548 2868 2628 2928; baseline 0 -11"><span class='ocrx_word' id='word_1_452' title='bbox 1548 2868 1644 2917; x_wconf 83' lang='lat' dir='ltr'><strong>Sai</strong></span> <span class='ocrx_word' id='word_1_453' title='bbox 1679 2877 1823 2928; x_wconf 71' lang='lat' dir='ltr'><strong>erat,</strong></span> <span class='ocrx_word' id='word_1_454' title='bbox 1873 2883 1996 2919; x_wconf 88' lang='lat' dir='ltr'><strong>nam</strong></span> <span class='ocrx_word' id='word_1_455' title='bbox 2034 2868 2192 2918; x_wconf 87' lang='lat' dir='ltr'><strong>huius</strong></span> <span class='ocrx_word' id='word_1_456' title='bbox 2229 2870 2379 2919; x_wconf 85' lang='lat' dir='ltr'><strong>urbis</strong></span> <span class='ocrx_word' id='word_1_457' title='bbox 2418 2869 2628 2919; x_wconf 85' lang='lat' dir='ltr'><strong>incolae</strong></span> 
     </span>
     <span class='ocr_line' id='line_1_83' title="bbox 1546 2938 2631 3005; baseline -0.002 -17"><span class='ocrx_word' id='word_1_458' title='bbox 1546 2938 1993 2989; x_wconf 82' lang='lat' dir='ltr'><strong>Psammitichum</strong></span> <span class='ocrx_word' id='word_1_459' title='bbox 2030 2939 2319 3005; x_wconf 86' lang='lat' dir='ltr'><strong>praecipue</strong></span> <span class='ocrx_word' id='word_1_460' title='bbox 2354 2940 2631 2989; x_wconf 86' lang='lat' dir='ltr'><strong>adiuvisse</strong></span> 
     </span>
     <span class='ocr_line' id='line_1_84' title="bbox 1547 3007 2629 3074; baseline 0.003 -18"><span class='ocrx_word' id='word_1_461' title='bbox 1547 3007 1830 3070; x_wconf 84' lang='lat' dir='ltr'><strong>videntur,</strong></span> <span class='ocrx_word' id='word_1_462' title='bbox 1869 3024 1970 3059; x_wconf 89' lang='lat' dir='ltr'><strong>nec</strong></span> <span class='ocrx_word' id='word_1_463' title='bbox 2010 3009 2198 3074; x_wconf 88' lang='lat' dir='ltr'><strong>procul</strong></span> <span class='ocrx_word' id='word_1_464' title='bbox 2234 3008 2359 3059; x_wconf 87' lang='lat' dir='ltr'><strong>inde</strong></span> <span class='ocrx_word' id='word_1_465' title='bbox 2397 3009 2629 3060; x_wconf 86' lang='lat' dir='ltr'><strong>Graeco-</strong></span> 
     </span>
     <span class='ocr_line' id='line_1_85' title="bbox 1547 3077 2631 3130; baseline 0.001 -4"><span class='ocrx_word' id='word_1_466' title='bbox 1547 3092 1666 3127; x_wconf 89' lang='lat' dir='ltr'><strong>rum</strong></span> <span class='ocrx_word' id='word_1_467' title='bbox 1690 3080 2143 3129; x_wconf 84' lang='lat' dir='ltr'><strong>mercenariorum</strong></span> <span class='ocrx_word' id='word_1_468' title='bbox 2170 3080 2320 3130; x_wconf 85' lang='lat' dir='ltr'><strong>fuere</strong></span> <span class='ocrx_word' id='word_1_469' title='bbox 2351 3085 2533 3129; x_wconf 87' lang='lat' dir='ltr'><strong>castra</strong></span> <span class='ocrx_word' id='word_1_470' title='bbox 2559 3077 2631 3128; x_wconf 87' lang='lat' dir='ltr'><strong>ad</strong></span> 
     </span>
     <span class='ocr_line' id='line_1_86' title="bbox 1546 3147 2631 3213; baseline 0 -17"><span class='ocrx_word' id='word_1_471' title='bbox 1546 3147 1734 3197; x_wconf 88' lang='lat' dir='ltr'><strong>urbem</strong></span> <span class='ocrx_word' id='word_1_472' title='bbox 1767 3148 2065 3213; x_wconf 73' lang='lat' dir='ltr'><strong>Bubastia,</strong></span> <span class='ocrx_word' id='word_1_473' title='bbox 2114 3149 2286 3199; x_wconf 90' lang='lat' dir='ltr'><strong>donec</strong></span> <span class='ocrx_word' id='word_1_474' title='bbox 2329 3149 2397 3199; x_wconf 85' lang='lat' dir='ltr'><strong>ab</strong></span> <span class='ocrx_word' id='word_1_475' title='bbox 2443 3147 2631 3199; x_wconf 84' lang='lat' dir='ltr'><strong>Amasi</strong></span> 
     </span>
     <span class='ocr_line' id='line_1_87' title="bbox 1544 3216 2628 3283; baseline 0.001 -16"><span class='ocrx_word' id='word_1_476' title='bbox 1544 3216 1825 3282; x_wconf 86' lang='lat' dir='ltr'><strong>Memphin</strong></span> <span class='ocrx_word' id='word_1_477' title='bbox 1851 3221 2334 3283; x_wconf 85' lang='lat' dir='ltr'><strong>transponerentur</strong></span> <span class='ocrx_word' id='word_1_478' title='bbox 2358 3219 2464 3282; x_wconf 83' lang='grc' dir='ltr'><strong><em>(ΙΙ,</em></strong></span> <span class='ocrx_word' id='word_1_479' title='bbox 2490 3221 2628 3282; x_wconf 77' lang='grc'><strong>154).</strong></span> 
     </span>
     <span class='ocr_line' id='line_1_88' title="bbox 1545 3287 2629 3354; baseline -0.004 -16"><span class='ocrx_word' id='word_1_480' title='bbox 1545 3316 1617 3326; x_wconf 92' lang='grc'><strong>--</strong></span> <span class='ocrx_word' id='word_1_481' title='bbox 1652 3289 1738 3338; x_wconf 79' lang='lat' dir='ltr'><strong>Cr.</strong></span> <span class='ocrx_word' id='word_1_482' title='bbox 1787 3287 1858 3336; x_wconf 87' lang='lat' dir='ltr'><strong>ad</strong></span> <span class='ocrx_word' id='word_1_483' title='bbox 1903 3292 2279 3354; x_wconf 75' lang='lat' dir='ltr'><strong>argumentum</strong></span> <span class='ocrx_word' id='word_1_484' title='bbox 2328 3288 2629 3337; x_wconf 86' lang='lat' dir='ltr'><strong>Herodotei</strong></span> 
     </span>
     <span class='ocr_line' id='line_1_89' title="bbox 1544 3355 2631 3419; baseline -0.001 -15"><span class='ocrx_word' id='word_1_485' title='bbox 1544 3355 1654 3405; x_wconf 89' lang='lat' dir='ltr'><strong>loci</strong></span> <span class='ocrx_word' id='word_1_486' title='bbox 1682 3358 1915 3407; x_wconf 77' lang='lat' dir='ltr'><strong>conferri</strong></span> <span class='ocrx_word' id='word_1_487' title='bbox 1944 3358 2061 3407; x_wconf 79' lang='lat' dir='ltr'><strong>vult</strong></span> <span class='ocrx_word' id='word_1_488' title='bbox 2094 3357 2306 3406; x_wconf 87' lang='lat' dir='ltr'><strong>Leake:</strong></span> <span class='ocrx_word' id='word_1_489' title='bbox 2344 3358 2450 3405; x_wconf 88' lang='lat' dir='ltr'><strong>Les</strong></span> <span class='ocrx_word' id='word_1_490' title='bbox 2489 3358 2631 3419; x_wconf 87' lang='lat' dir='ltr'><strong>prin-</strong></span> 
     </span>
     <span class='ocr_line' id='line_1_90' title="bbox 1545 3424 2631 3489; baseline -0.003 -15"><span class='ocrx_word' id='word_1_491' title='bbox 1545 3425 1740 3489; x_wconf 89' lang='lat' dir='ltr'><strong>cipaux</strong></span> <span class='ocrx_word' id='word_1_492' title='bbox 1776 3441 2090 3474; x_wconf 88' lang='lat' dir='ltr'><strong>monumens</strong></span> <span class='ocrx_word' id='word_1_493' title='bbox 2124 3426 2350 3489; x_wconf 83' lang='lat' dir='ltr'><strong>Egyptt.</strong></span> <span class='ocrx_word' id='word_1_494' title='bbox 2399 3424 2471 3472; x_wconf 85' lang='lat' dir='ltr'><strong>du</strong></span> <span class='ocrx_word' id='word_1_495' title='bbox 2520 3438 2631 3472; x_wconf 90' lang='lat' dir='ltr'><strong>mu-</strong></span> 
     </span>
     <span class='ocr_line' id='line_1_91' title="bbox 1546 3492 2625 3559; baseline -0.002 -17"><span class='ocrx_word' id='word_1_496' title='bbox 1546 3492 1639 3542; x_wconf 73' lang='lat' dir='ltr'><strong>see</strong></span> <span class='ocrx_word' id='word_1_497' title='bbox 1674 3494 2021 3559; x_wconf 88' lang='lat' dir='ltr'><strong>britannique</strong></span> <span class='ocrx_word' id='word_1_498' title='bbox 2068 3493 2262 3550; x_wconf 83' lang='lat' dir='ltr'><strong>(Loud.</strong></span> <span class='ocrx_word' id='word_1_499' title='bbox 2305 3492 2459 3554; x_wconf 85' lang='lat'>1827)</span> <span class='ocrx_word' id='word_1_500' title='bbox 2498 3507 2625 3556; x_wconf 86' lang='lat' dir='ltr'><strong>pag.</strong></span> 
     </span>
     <span class='ocr_line' id='line_1_92' title="bbox 1543 3562 2631 3626; baseline -0.003 -14"><span class='ocrx_word' id='word_1_501' title='bbox 1543 3564 1613 3612; x_wconf 76' lang='lat'><strong>25</strong></span> <span class='ocrx_word' id='word_1_502' title='bbox 1642 3566 1697 3611; x_wconf 94' lang='lat' dir='ltr'><strong>et</strong></span> <span class='ocrx_word' id='word_1_503' title='bbox 1734 3563 1819 3623; x_wconf 75' lang='lat'><strong>26,</strong></span> <span class='ocrx_word' id='word_1_504' title='bbox 1864 3564 1958 3612; x_wconf 92' lang='lat' dir='ltr'><strong>ubi</strong></span> <span class='ocrx_word' id='word_1_505' title='bbox 1990 3562 2274 3626; x_wconf 88' lang='lat' dir='ltr'><strong>inscriptio</strong></span> <span class='ocrx_word' id='word_1_506' title='bbox 2315 3562 2529 3612; x_wconf 82' lang='lat' dir='ltr'><strong>Graeca</strong></span> <span class='ocrx_word' id='word_1_507' title='bbox 2574 3564 2631 3609; x_wconf 90' lang='lat' dir='ltr'><strong>in</strong></span> 
     </span>
     <span class='ocr_line' id='line_1_93' title="bbox 1546 3631 2632 3695; baseline 0 -16"><span class='ocrx_word' id='word_1_508' title='bbox 1546 3631 1797 3694; x_wconf 78' lang='lat' dir='ltr'><strong>Aegypto</strong></span> <span class='ocrx_word' id='word_1_509' title='bbox 1843 3631 2066 3680; x_wconf 81' lang='lat' dir='ltr'><strong>inventa</strong></span> <span class='ocrx_word' id='word_1_510' title='bbox 2113 3631 2415 3695; x_wconf 86' lang='lat' dir='ltr'><strong>explicatur</strong></span> <span class='ocrx_word' id='word_1_511' title='bbox 2458 3632 2632 3679; x_wconf 84' lang='lat' dir='ltr'><strong>Hero-</strong></span> 
     </span>
     <span class='ocr_line' id='line_1_94' title="bbox 1548 3699 2631 3764; baseline 0 -15"><span class='ocrx_word' id='word_1_512' title='bbox 1548 3699 1664 3749; x_wconf 86' lang='lat' dir='ltr'><strong>doti</strong></span> <span class='ocrx_word' id='word_1_513' title='bbox 1700 3700 2040 3762; x_wconf 82' lang='lat' dir='ltr'><strong>narratione,</strong></span> <span class='ocrx_word' id='word_1_514' title='bbox 2090 3715 2253 3764; x_wconf 90' lang='lat' dir='ltr'><strong>quam</strong></span> <span class='ocrx_word' id='word_1_515' title='bbox 2292 3700 2631 3749; x_wconf 80' lang='lat' dir='ltr'><strong>verissimam</strong></span> 
     </span>
     <span class='ocr_line' id='line_1_95' title="bbox 1549 3767 2632 3833; baseline 0 -16"><span class='ocrx_word' id='word_1_516' title='bbox 1549 3767 1700 3817; x_wconf 87' lang='lat' dir='ltr'><strong>ducit</strong></span> <span class='ocrx_word' id='word_1_517' title='bbox 1735 3768 1936 3818; x_wconf 87' lang='lat' dir='ltr'><strong>Leake.</strong></span> <span class='ocrx_word' id='word_1_518' title='bbox 2010 3771 2162 3818; x_wconf 86' lang='lat' dir='ltr'><strong>Haec</strong></span> <span class='ocrx_word' id='word_1_519' title='bbox 2206 3769 2489 3833; x_wconf 87' lang='lat' dir='ltr'><strong>inscriptio</strong></span> <span class='ocrx_word' id='word_1_520' title='bbox 2538 3783 2632 3817; x_wconf 88' lang='lat' dir='ltr'><strong>an-</strong></span> 
     </span>
     <span class='ocr_line' id='line_1_96' title="bbox 1547 3837 2632 3902; baseline 0.002 -16"><span class='ocrx_word' id='word_1_521' title='bbox 1547 3837 1874 3902; x_wconf 87' lang='lat' dir='ltr'><strong>tiquissimis</strong></span> <span class='ocrx_word' id='word_1_522' title='bbox 1910 3837 2238 3888; x_wconf 87' lang='lat' dir='ltr'><strong>Graecorum</strong></span> <span class='ocrx_word' id='word_1_523' title='bbox 2281 3838 2455 3888; x_wconf 88' lang='lat' dir='ltr'><strong>literis</strong></span> <span class='ocrx_word' id='word_1_524' title='bbox 2506 3854 2632 3888; x_wconf 83' lang='lat' dir='ltr'><strong>exa-</strong></span> 
     </span>
     <span class='ocr_line' id='line_1_97' title="bbox 1551 3906 2630 3973; baseline 0 -16"><span class='ocrx_word' id='word_1_525' title='bbox 1551 3912 1675 3957; x_wconf 86' lang='lat' dir='ltr'><strong>rata</strong></span> <span class='ocrx_word' id='word_1_526' title='bbox 1699 3906 1972 3956; x_wconf 78' lang='lat' dir='ltr'><strong>invenitur</strong></span> <span class='ocrx_word' id='word_1_527' title='bbox 1988 3906 2042 3955; x_wconf 91' lang='lat' dir='ltr'><strong>in</strong></span> <span class='ocrx_word' id='word_1_528' title='bbox 2063 3922 2218 3957; x_wconf 87' lang='lat' dir='ltr'><strong>crure</strong></span> <span class='ocrx_word' id='word_1_529' title='bbox 2247 3907 2446 3957; x_wconf 88' lang='lat' dir='ltr'><strong>colossi</strong></span> <span class='ocrx_word' id='word_1_530' title='bbox 2462 3923 2630 3973; x_wconf 90' lang='lat' dir='ltr'><strong>prope</strong></span> 
     </span>
     <span class='ocr_line' id='line_1_98' title="bbox 1551 3974 2632 4041; baseline 0.001 -15"><span class='ocrx_word' id='word_1_531' title='bbox 1551 3980 1791 4026; x_wconf 79' lang='lat' dir='ltr'><strong>veterem</strong></span> <span class='ocrx_word' id='word_1_532' title='bbox 1840 3974 2027 4025; x_wconf 89' lang='lat' dir='ltr'><strong>urbem</strong></span> <span class='ocrx_word' id='word_1_533' title='bbox 2073 3977 2403 4041; x_wconf 88' lang='lat' dir='ltr'><strong>Psampolim</strong></span> <span class='ocrx_word' id='word_1_534' title='bbox 2456 3992 2522 4039; x_wconf 84' lang='lat' dir='ltr'><strong>s.,</strong></span> <span class='ocrx_word' id='word_1_535' title='bbox 2571 3982 2632 4027; x_wconf 90' lang='lat' dir='ltr'><strong>ut</strong></span> 
     </span>
     <span class='ocr_line' id='line_1_99' title="bbox 1551 4044 2633 4110; baseline 0.004 -17"><span class='ocrx_word' id='word_1_536' title='bbox 1551 4057 1696 4094; x_wconf 89' lang='lat' dir='ltr'><strong>nunc</strong></span> <span class='ocrx_word' id='word_1_537' title='bbox 1720 4049 1938 4105; x_wconf 84' lang='lat' dir='ltr'><strong>vocant,</strong></span> <span class='ocrx_word' id='word_1_538' title='bbox 1974 4044 2271 4110; x_wconf 87' lang='lat' dir='ltr'><strong>Ipsambul.</strong></span> <span class='ocrx_word' id='word_1_539' title='bbox 2294 4061 2339 4096; x_wconf 86' lang='lat' dir='ltr'><strong>s.</strong></span> <span class='ocrx_word' id='word_1_540' title='bbox 2371 4047 2633 4099; x_wconf 80' lang='lat' dir='ltr'><strong>Abusam-</strong></span> 
     </span>
     <span class='ocr_line' id='line_1_100' title="bbox 1550 4113 2630 4180; baseline 0.004 -19"><span class='ocrx_word' id='word_1_541' title='bbox 1550 4113 1642 4162; x_wconf 92' lang='lat' dir='ltr'><strong>bul</strong></span> <span class='ocrx_word' id='word_1_542' title='bbox 1678 4114 1735 4162; x_wconf 91' lang='lat' dir='ltr'><strong>in</strong></span> <span class='ocrx_word' id='word_1_543' title='bbox 1769 4113 1892 4178; x_wconf 89' lang='lat' dir='ltr'><strong>ipsa</strong></span> <span class='ocrx_word' id='word_1_544' title='bbox 1915 4115 2122 4175; x_wconf 86' lang='lat' dir='ltr'><strong>Nubia;</strong></span> <span class='ocrx_word' id='word_1_545' title='bbox 2160 4119 2284 4180; x_wconf 89' lang='lat' dir='ltr'><strong>post</strong></span> <span class='ocrx_word' id='word_1_546' title='bbox 2309 4114 2515 4180; x_wconf 85' lang='lat' dir='ltr'><strong>Anglos</strong></span> <span class='ocrx_word' id='word_1_547' title='bbox 2540 4116 2630 4165; x_wconf 90' lang='lat' dir='ltr'><strong>do-</strong></span> 
     </span>
     <span class='ocr_line' id='line_1_101' title="bbox 1549 4183 2630 4235; baseline 0.003 -4"><span class='ocrx_word' id='word_1_548' title='bbox 1549 4187 1666 4232; x_wconf 89' lang='lat' dir='ltr'><strong>ctos</strong></span> <span class='ocrx_word' id='word_1_549' title='bbox 1703 4183 1886 4233; x_wconf 88' lang='lat' dir='ltr'><strong>Vorke</strong></span> <span class='ocrx_word' id='word_1_550' title='bbox 1923 4188 1977 4235; x_wconf 88' lang='lat' dir='ltr'><strong>et</strong></span> <span class='ocrx_word' id='word_1_551' title='bbox 2014 4184 2200 4234; x_wconf 89' lang='lat' dir='ltr'><strong>Leake</strong></span> <span class='ocrx_word' id='word_1_552' title='bbox 2239 4184 2388 4234; x_wconf 88' lang='lat' dir='ltr'><strong>edita</strong></span> <span class='ocrx_word' id='word_1_553' title='bbox 2418 4190 2473 4234; x_wconf 88' lang='lat' dir='ltr'><strong>et</strong></span> <span class='ocrx_word' id='word_1_554' title='bbox 2511 4185 2630 4234; x_wconf 85' lang='lat' dir='ltr'><strong>illu-</strong></span> 
     </span>
     <span class='ocr_line' id='line_1_102' title="bbox 1549 4253 2629 4318; baseline 0.005 -18"><span class='ocrx_word' id='word_1_555' title='bbox 1549 4257 1725 4302; x_wconf 89' lang='lat' dir='ltr'><strong>strata</strong></span> <span class='ocrx_word' id='word_1_556' title='bbox 1764 4258 1849 4303; x_wconf 87' lang='lat' dir='ltr'><strong>est</strong></span> <span class='ocrx_word' id='word_1_557' title='bbox 1883 4268 1917 4302; x_wconf 90' lang='lat' dir='ltr'><strong>a</strong></span> <span class='ocrx_word' id='word_1_558' title='bbox 1950 4253 2184 4303; x_wconf 85' lang='lat' dir='ltr'><strong>Franzio</strong></span> <span class='ocrx_word' id='word_1_559' title='bbox 2221 4254 2304 4303; x_wconf 89' lang='lat' dir='ltr'><strong>in:</strong></span> <span class='ocrx_word' id='word_1_560' title='bbox 2341 4255 2500 4318; x_wconf 89' lang='lat' dir='ltr'><strong>Corp.</strong></span> <span class='ocrx_word' id='word_1_561' title='bbox 2540 4254 2629 4306; x_wconf 87' lang='lat' dir='ltr'><strong>In·</strong></span> 
     </span>
     <span class='ocr_line' id='line_1_103' title="bbox 1548 4322 2626 4386; baseline 0.004 -17"><span class='ocrx_word' id='word_1_562' title='bbox 1548 4322 1761 4386; x_wconf 87' lang='lat' dir='ltr'><strong>scriptt.</strong></span> <span class='ocrx_word' id='word_1_563' title='bbox 1797 4322 2020 4374; x_wconf 84' lang='lat' dir='ltr'><strong>Graece.</strong></span> <span class='ocrx_word' id='word_1_564' title='bbox 2059 4323 2180 4373; x_wconf 86' lang='lat' dir='ltr'><strong>Vol.</strong></span> <span class='ocrx_word' id='word_1_565' title='bbox 2215 4323 2322 4373; x_wconf 91' lang='lat'><strong>111.</strong></span> <span class='ocrx_word' id='word_1_566' title='bbox 2359 4338 2439 4372; x_wconf 90' lang='lat' dir='ltr'><strong>nr.</strong></span> <span class='ocrx_word' id='word_1_567' title='bbox 2468 4323 2626 4373; x_wconf 86' lang='grc'><strong>5126.</strong></span> 
     </span>
     <span class='ocr_line' id='line_1_104' title="bbox 1547 4390 2625 4457; baseline -0.003 -14"><span class='ocrx_word' id='word_1_568' title='bbox 1547 4405 1676 4456; x_wconf 72' lang='lat' dir='ltr'><strong>pag.</strong></span> <span class='ocrx_word' id='word_1_569' title='bbox 1714 4392 1813 4445; x_wconf 79' lang='lat'><strong>507</strong></span> <span class='ocrx_word' id='word_1_570' title='bbox 1854 4406 1966 4457; x_wconf 83' lang='lat' dir='ltr'><strong>seq.</strong></span> <span class='ocrx_word' id='word_1_571' title='bbox 1996 4395 2052 4443; x_wconf 89' lang='lat' dir='ltr'><strong>et</strong></span> <span class='ocrx_word' id='word_1_572' title='bbox 2075 4406 2110 4442; x_wconf 86' lang='lat' dir='ltr'><strong>a</strong></span> <span class='ocrx_word' id='word_1_573' title='bbox 2141 4390 2282 4446; x_wconf 83' lang='lat' dir='ltr'><strong>Lud.</strong></span> <span class='ocrx_word' id='word_1_574' title='bbox 2308 4390 2504 4444; x_wconf 84' lang='lat' dir='ltr'><strong>Rossio</strong></span> <span class='ocrx_word' id='word_1_575' title='bbox 2540 4392 2625 4440; x_wconf 71' lang='lat' dir='ltr'><strong>ine</strong></span> 
     </span>
    </p>
   </div>
   <div class='ocr_carea' id='block_1_7' title="bbox 3106 1919 3109 2826">
    <p class='ocr_par' dir='ltr' id='par_1_9' title="bbox 3106 1919 3109 2826">
     <span class='ocr_line' id='line_1_105' title="bbox 3106 1919 3109 2826; baseline 0 0"><span class='ocrx_word' id='word_1_576' title='bbox 3106 1919 3109 2826; x_wconf 95' lang='lat' dir='ltr'><strong> </strong></span> 
     </span>
    </p>
   </div>
  </div>
 </body>
</html>
