3109 5092
1099 381 1595 440 EUTERPE.
1642 381 1725 438 II.
1775 388 1827 441 4.

2474 373 2598 434 435

323 554 360 627 ὁ
386 556 633 636 κύκλος
667 560 805 625 τῶν
838 550 1069 644 ὡρέων
1106 557 1171 633 ἐς
1196 550 1414 622 τώυτὸ
1451 549 1735 641 περιϊών
1762 559 2223 640 παραγίνεται.
2261 548 2600 620 Δυοόδεκᾶ

324 689 397 730 τε
427 666 615 730 θεῶν
652 662 1034 747 ἐπωνυμίας
1077 663 1312 742 ἔλεγον
1352 656 1657 745 πρώτους
1685 661 2101 741 Αἰγυπτίους
2140 660 2444 740 νομίσαι,
2486 655 2599 721 καὶ

307 762 634 853 ’Έλληνας
666 760 846 850 παρὰ
872 765 1103 849 σφέων
1130 758 1518 847 ἀναλαβεῖν.
1576 759 1844 847 βωμούς
1870 786 1943 826 τε
1970 761 2082 827 καὶ
2115 754 2461 846 ἀγάλματα
2489 758 2601 825 καὶ

327 868 531 956 νηοὺς
582 878 806 935 θεοῖσι
858 862 1214 952 ἀπονεῖμαι
1256 865 1464 951 σφέας
1512 862 1853 949 πρώτους,
1911 863 2023 930 καὶ
2059 866 2190 953 ζῷα
2232 864 2307 928 ἐν
2347 867 2601 929 λίθοισι

331 970 681 1059 ἐγγλύψαι.
748 969 860 1036 καὶ
898 966 1158 1036 τούτων
1206 969 1330 1055 μέν
1373 993 1503 1034 νυν
1549 963 1632 1034 τὰ
1663 967 1842 1034 πλέω
1881 969 2054 1056 ἔργῳ
2092 963 2381 1052 ἐδήλουν
2426 960 2602 1031 οὕτω

331 1074 681 1162 γενόμενα.
734 1075 1141 1140 Βασιλεῦσαι
1174 1069 1248 1138 δὲ
1278 1075 1546 1158 πρῶτον
1575 1068 1925 1155 Αἰγύπτου
1952 1064 2340 1156 ἀνθρώπων
2369 1072 2604 1153 ἔλεγον

332 1254 547 1304 quoque
573 1236 884 1288 Wilkinson
900 1236 1159 1287 Manners
1183 1236 1293 1285 and
1316 1235 1420 1285 Cu·

335 1315 506 1360 stoms
544 1312 652 1358 etc.
689 1321 796 1356 sec.
835 1321 940 1356 ser.
981 1306 1027 1356 1.
1064 1321 1121 1369 p.
1166 1305 1229 1357 13
1265 1320 1416 1370 seqq.

251 1367 269 1382 ¹
331 1378 573 1429 Kloeden
610 1376 649 1426 l.
684 1374 721 1425 l.
761 1390 884 1440 pag.
907 1374 1011 1425 298
1042 1390 1156 1440 seq.
1229 1376 1308 1424 Ac
1334 1390 1419 1424 su-

334 1449 574 1513 spicatur
616 1444 919 1496 Larcherus
969 1444 1239 1509 duplicem
1276 1443 1420 1508 apud

335 1517 635 1582 Aegyptios
684 1515 962 1564 exstitisse
1007 1529 1235 1575 annum,
1287 1514 1421 1563 alte-

335 1604 451 1637 rum
490 1586 704 1636 civilem
736 1588 1100 1634 trecentorum
1135 1585 1423 1648 sexaginta

338 1657 574 1721 quinque
609 1655 845 1715 dierum,
892 1653 1125 1703 alterum
1173 1658 1422 1703 astrono-

336 1726 532 1775 micum
568 1723 698 1774 solis
724 1723 1100 1773 sacerdotibus
1125 1724 1421 1786 cognitum,

338 1810 443 1859 quo
458 1793 534 1843 illi
551 1793 634 1844 usi
649 1793 760 1842 sint
771 1792 840 1841 ad
853 1792 969 1842 dies
988 1792 1156 1842 festos
1169 1791 1424 1842 definien-

339 1865 436 1914 dos
473 1865 818 1929 ipsorumque
850 1863 1231 1912 auctoritatem
1271 1867 1425 1912 tuen-

338 1935 478 1984 dam.
551 1934 636 1982 De
668 1947 776 1996 qua
801 1946 859 1980 re
882 1946 1026 1980 nunc
1062 1929 1217 1995 plura
1242 1931 1425 1996 dispu-

336 2004 477 2053 tavit
522 2002 783 2066 Lepsius:
833 1999 1158 2064 Chronolog.
1210 2000 1264 2050 d.
1323 2003 1426 2050 Ae-

338 2078 494 2137 gypt.
519 2087 574 2135 p.
608 2070 706 2120 148
737 2085 910 2133 seqq.‚
938 2070 1028 2134 qui
1057 2070 1198 2119 idem
1228 2070 1293 2120 de
1317 2069 1426 2119 die-

338 2143 439 2191 bus
483 2141 589 2190 illis
638 2140 876 2203 quinque
920 2139 1257 2189 intercalatis
1296 2155 1423 2203 pag.

339 2210 403 2261 91
429 2226 580 2274 seqq.
604 2209 827 2273 scripsit
853 2209 1140 2273 omniaque
1172 2223 1254 2270 ea,
1281 2224 1421 2272 quae

342 2280 410 2330 ad
456 2295 685 2340 annum,
731 2292 972 2339 menses,
1028 2277 1143 2327 dies
1182 2278 1426 2342 singulos

339 2355 488 2398 recte
523 2347 932 2398 constituendos
964 2352 1018 2395 et
1053 2345 1427 2410 supputandos

341 2419 641 2484 pertinent,
680 2420 934 2467 accurate
968 2416 1299 2480 disquisivit.

410 2486 514 2536 καί
546 2500 646 2549 σφι
684 2477 715 2534 ὁ
754 2478 962 2541 κύκλος
997 2483 1114 2533 τῶν
1145 2474 1342 2547 (ὁρέων
1372 2498 1424 2533 κ.

340 2572 390 2606 τ.
428 2555 499 2620 λ.]
539 2558 642 2606 Est
670 2554 807 2606 haec
841 2554 1109 2603 Herodoti
1136 2554 1428 2614 sententia,

345 2627 459 2676 fieri
494 2626 600 2676 hoc
632 2625 822 2684 modo,
859 2628 922 2672 ut
957 2623 1104 2672 orbis
1140 2626 1432 2687 tempesta-

345 2701 460 2745 tum
507 2708 720 2745 annuus
767 2694 871 2742 rite
911 2691 1249 2757 perficiatur,
1310 2708 1433 2742 suo-

346 2780 450 2830 que
483 2765 518 2814 i.
560 2779 610 2814 e.
641 2764 783 2812 iusto
821 2767 1062 2826 tempore
1099 2760 1286 2812 eodem
1323 2763 1431 2811 sin-

346 2833 508 2899 gulae
557 2832 784 2883 redeant
829 2835 1204 2895 tempestates.
1279 2834 1434 2894 Quae

348 2909 555 2964 tamen,
615 2903 663 2950 si
721 2907 1086 2951 trecentorum
1142 2901 1432 2964 sexaginta

347 2973 585 3037 quinque
627 2972 834 3021 dierum
884 2971 1062 3020 iustus
1110 2975 1197 3020 est
1239 2985 1431 3030 annus,

347 3041 572 3092 multum
612 3041 769 3091 abest
803 3044 866 3089 ut
902 3055 999 3089 suo
1035 3044 1277 3104 tempore
1298 3055 1435 3089 sem-

347 3128 443 3176 per
470 3110 711 3171 redeant,
737 3113 797 3160 ut
810 3109 1018 3174 aliquot
1040 3108 1436 3172 saeculisprae-

351 3180 605 3245 terlapsis
649 3194 871 3244 prorsus
920 3178 1209 3228 earundem
1257 3178 1436 3228 turbe-

353 3257 440 3301 tur
476 3251 607 3300 ordo
648 3264 713 3298 ao
749 3249 896 3298 iusta
931 3247 1103 3311 ratio,
1141 3247 1438 3298 secundum

352 3335 513 3385 quam
545 3317 784 3369 incidere
824 3317 1076 3367 debeant.

422 3385 580 3438 θεῶν
605 3378 719 3436 gum
729 3385 957 3452 νυμίας]
982 3377 1440 3466 ἐπωνυμίαννΗο·

352 3458 545 3509 rodoto
568 3457 776 3521 passim
799 3455 941 3504 idem
975 3470 1094 3505 esse
1114 3460 1282 3519 atque
1309 3467 1438 3503 ovo-

351 3544 458 3593 μα,
511 3525 815 3576 monuimus
866 3524 935 3574 ad
972 3524 1019 3586 1,
1061 3519 1144 3574 14'.
1192 3521 1441 3586 νομίζειν

354 3595 716 3648 eodemmodo
733 3609 798 3645 ac
813 3608 975 3643 sensu
995 3592 1314 3654 adhibitum,
1335 3606 1441 3656 quo

359 3680 525 3731 supra
570 3664 615 3726 1,
679 3663 772 3714 131
825 3661 939 3726 (ubi
988 3661 1115 3710 vide
1163 3658 1335 3725 nott.)
1383 3652 1443 3709 ἐν

356 3729 512 3801 νόμῳ
542 3730 859 3792 ποιεῖσθαι,
896 3735 950 3780 et
971 3746 1091 3780 cum
1128 3730 1446 3780 accusativo

358 3804 725 3862 coniunctum,
754 3805 814 3851 ut
832 3800 879 3863 Ι,
907 3800 1005 3850 142
1021 3799 1142 3866 (ubi
1164 3800 1236 3852 cf.
1251 3795 1442 3862 nott.).

362 3874 481 3924 173.
519 3871 596 3932 11,
638 3872 722 3921 51.
771 3869 859 3921 64.
908 3869 995 3920 92.
1043 3869 1235 3932 V„97.
1309 3870 1446 3919 Cae-

359 3949 533 3992 terum
558 3940 694 3990 bene
719 3939 1019 3989 notandum
1036 3954 1157 3989 esse
1174 3939 1444 3998 existimo,

358 4010 702 4062 Herodotum
762 4009 867 4058 hoc
933 4008 1053 4058 loco
1113 4023 1223 4058 non
1291 4022 1443 4057 suam

361 4082 531 4145 ipsius
567 4078 892 4129 sententiam
927 4076 1197 4141 proferre,
1235 4082 1299 4127 ut
1334 4076 1447 4141 qui·

359 4149 588 4201 busdam
625 4147 758 4196 viris
797 4146 974 4196 doctis
997 4146 1173 4196 visum
1212 4152 1313 4208 est,
1353 4144 1448 4195 sed

362 4236 427 4270 ea
468 4224 683 4268 tantum
708 4215 937 4276 referre,
984 4230 1125 4279 quae
1169 4217 1237 4266 ab
1274 4218 1450 4279 Aegy-

357 4289 490 4354 ptiis
514 4285 890 4338 sacerdotibus
916 4289 1202 4348 acceperat
1227 4286 1450 4344 tradita,

362 4357 526 4423 idque
590 4354 841 4407 consulto
914 4353 1192 4404 declarare
1262 4353 1450 4404 addito

363 4427 531 4478 verbo
563 4418 755 4489 ἔλεγον
782 4428 838 4474 et
868 4420 1030 4488 paulo
1058 4429 1184 4487 post
1211 4413 1452 4487 ἐδήλουν

1523 1236 1589 1296 (i.
1630 1252 1678 1285 e.
1715 1235 1940 1298 probare
1975 1235 2317 1300 smdnerunt).
2390 1233 2606 1284 Duode-

1521 1306 1625 1355 cim
1665 1305 1823 1369 deos,
1862 1305 1955 1369 qui
1989 1305 2286 1356 secundum
2312 1305 2608 1368 Aegyptio-

1523 1391 1639 1424 rum
1690 1374 1910 1425 deorum
1962 1375 2203 1424 ordinem
2245 1371 2606 1434 constituunt,

1521 1446 1723 1494 Noster
1745 1449 2130 1495 commemorat
2154 1445 2232 1505 11,
2261 1444 2349 1495 43.
2376 1443 2462 1494 46.
2487 1443 2605 1506 145,

1521 1514 1615 1564 ubi
1646 1514 1759 1565 vid.
1797 1518 1937 1564 nott.

1592 1579 1688 1632 καὶ
1708 1582 1823 1648 ζῷα
1849 1575 1909 1632 ἐν
1934 1582 2155 1633 λίθοισι
2180 1571 2474 1647 ἐγγλύψαι]
2495 1577 2610 1646 ζῷα

1521 1669 1659 1703 cave
1710 1652 1899 1703 credas
1956 1655 2196 1703 animalia
2248 1669 2384 1703 esse.
2471 1655 2610 1704 Sunt

1522 1724 1665 1773 enim
1699 1723 1920 1787 quaevis
1943 1725 2198 1788 ἰηιαρίηεε,
2226 1726 2446 1788 liquare,
2474 1739 2610 1790 quas

1523 1794 1580 1841 in
1623 1791 1830 1856 lapides
1876 1792 2117 1842 incidere
2172 1794 2408 1843 omnium
2452 1793 2612 1858 primi

1520 1862 1798 1912 invenisse
1856 1860 2110 1911 dicuntur
2153 1862 2430 1926 Aegyptii.
2501 1862 2613 1912 Ita·

1525 1946 1631 1996 que
1677 1930 1746 1980 ad
1789 1930 2193 1996 hieroglyphicas
2238 1941 2413 1992 notas,
2475 1946 2611 1996 quas

1526 2002 1742 2062 dicunt,
1779 2000 1913 2049 haec
1942 2001 2282 2064 potissimum
2308 2001 2610 2053 referenda.

1528 2070 1688 2120 Conf.
1736 2070 1782 2130 1,
1836 2070 1919 2119 70.
1970 2069 2072 2119 203
2116 2070 2300 2135 ibique
2345 2078 2485 2123 nott.
2535 2072 2611 2132 Π,

1536 2140 1653 2190 124.
1700 2140 1796 2188 148
1832 2138 1926 2187 fin.
1967 2139 2071 2198 111,
2108 2141 2194 2201 47,
2235 2146 2290 2190 et
2324 2158 2463 2206 quae
2498 2142 2615 2191 lau-

1529 2209 1683 2258 davit
1729 2208 1965 2258 Creuzer
2020 2209 2077 2258 in
2124 2209 2340 2261 Annan.
2397 2211 2617 2261 Heidel-

1527 2279 1717 2342 bergg.
1767 2277 1919 2329 1823.
1956 2293 2038 2328 nr.
2080 2280 2163 2328 10.
2201 2296 2254 2344 p.
2298 2280 2414 2332 153.
2474 2280 2612 2331 Add.

1530 2348 1806 2396 Schaefer.
1847 2348 1918 2397 ad
1956 2348 2188 2413 Dionys.
2238 2350 2614 2400 Halicarnaso.

1529 2433 1584 2481 p.
1611 2417 1716 2467 280
1754 2433 1904 2480 seqq.
1945 2422 2000 2466 et
2023 2418 2093 2466 ad
2120 2419 2397 2469 Plutarch.
2421 2418 2615 2469 Pericl.

1533 2485 1600 2535 13
1626 2485 1770 2549 (Vol.
1795 2486 1891 2535 IV.
1914 2502 1966 2550 p.
1982 2487 2128 2548 352).
2166 2488 2311 2538 Rose
2333 2489 2617 2553 Inscriptt.

1531 2569 1660 2618 pag.
1713 2554 1813 2604 188
1860 2561 1915 2604 et
1961 2556 2236 2606 Letronne
2282 2558 2618 2607 Recherches

1533 2641 1579 2674 3.
1619 2624 1860 2689 l'Egypt.
1896 2640 2024 2688 pag.
2062 2626 2182 2686 455,
2219 2625 2348 2675 coll.
2398 2625 2621 2676 Recueil

1535 2693 1631 2743 des
1684 2694 1938 2756 Inscript.
1981 2694 2174 2758 Grecq.
2223 2711 2288 2744 en
2327 2698 2529 2760 Egypt.
2567 2695 2618 2745 1.

1533 2779 1589 2827 p.
1628 2762 1748 2822 204,
1787 2763 1878 2827 qui
1912 2760 2205 2826 ζωγραφία
2243 2769 2297 2814 et
2328 2762 2443 2822 ζῶα
2486 2755 2620 2828 γρά-

1536 2846 1674 2895 φειν
1709 2832 1778 2881 ad
1818 2832 1873 2880 id
1918 2832 2110 2894 refert,
2150 2834 2292 2897 quod
2333 2832 2506 2884 Gallis
2543 2833 2622 2881 di-

1536 2902 1704 2952 citur:
1754 2901 2003 2963 ..peindre
2031 2904 2105 2952 les
2137 2906 2449 2964 sculperet-es,
2488 2906 2622 2952 c'est

1537 2972 1571 3020 a
1599 2971 1713 3021 dire
1741 2968 2018 3020 d'etendre
2054 2987 2146 3020 sur
2173 2976 2353 3022 tontes
2377 2971 2456 3023 les
2488 2972 2623 3037 figu-

1539 3055 1626 3089 res
1673 3056 1763 3090 ces
1801 3041 2048 3090 couleurs
2087 3039 2299 3091 variees
2346 3047 2401 3091 et
2448 3044 2622 3102 vives,

1539 3110 1673 3159 dont
1722 3108 1907 3159 l'e'clat
1952 3114 2084 3159 s'est
2139 3110 2401 3161 conserve
2446 3114 2480 3162 a
2515 3118 2625 3161 tra-

1540 3194 1665 3230 vers
1701 3177 1780 3229 les
1816 3177 2073 3229 siecles.“
2141 3181 2325 3231 Verba
2359 3174 2544 3246 γλυφὴ
2571 3184 2627 3231 et

1539 3240 1839 3312 ἆναγλυφὴ
1881 3248 1950 3298 ad
1974 3264 2039 3298 ea
2061 3249 2256 3308 refert,
2296 3265 2435 3313 quae
2460 3250 2625 3314 vulgo

1542 3317 1796 3368 dicuntur
1817 3319 1927 3368 Bas
1942 3347 1963 3354 -
1984 3319 2180 3376 reliess,
2215 3320 2499 3382 aptissima
2525 3319 2629 3368 sci-

1539 3387 1671 3437 licet
1713 3387 1984 3437 vocabula
2027 3387 2095 3436 ad
2137 3387 2445 3437 istiusmodi
2490 3386 2630 3438 scul-

1541 3462 1732 3522 pturas
1766 3456 2068 3521 Aegyptias
2104 3455 2491 3520 designandas.

1613 3523 1947 3575 Βασιλεῦσαι
1982 3517 2046 3573 δὲ
2080 3522 2313 3581 πρῶτον
2337 3517 2629 3588 Αἰγύπτου

1542 3584 1878 3654 ἀνθρώπων
1901 3588 2092 3657 ἔλεγον
2117 3592 2189 3641 M
2193 3590 2230 3656 ἦ
2245 3593 2348 3658 να]
2368 3595 2453 3644 De
2479 3594 2632 3643 Mene

1545 3663 1694 3713 conf.
1730 3662 1874 3712 infra
1904 3663 1978 3725 11,
2014 3661 2083 3711 99
2118 3662 2303 3727 ibique
2323 3668 2464 3714 nott.
2495 3662 2633 3712 Con·

1547 3732 1715 3781 sentit
1732 3731 2006 3782 Diodorus
2042 3731 2087 3790 1,
2127 3732 2214 3783 43.
2238 3733 2306 3782 45
2335 3733 2457 3783 init.
2483 3747 2635 3782 enar-

1547 3816 1676 3850 rans
1719 3801 1931 3851 Menem
1977 3804 2106 3864 post
2154 3801 2285 3851 deos
2325 3799 2408 3865 (ut
2455 3798 2632 3864 aiunt)

1548 3870 1775 3934 primum
1811 3870 2046 3934 Aegypti
2071 3885 2252 3935 regem
2284 3871 2474 3934 fuisse,
2510 3886 2636 3921 eun-

1548 3938 1776 4003 demque
1813 3940 1943 3989 deos
1981 3940 2278 3990 venerandi
2317 3956 2382 3992 ac
2415 3957 2528 3992 rem
2559 3940 2637 3988 di-

1546 4009 1733 4057 vinam
1757 4007 1995 4059 faciendi
2017 4009 2279 4060 rationem
2307 4010 2509 4073 populo
2528 4014 2639 4059 tra-

1550 4077 1773 4127 didisse.
1845 4079 2036 4143 Neque
2065 4079 2226 4129 aliter
2263 4081 2330 4130 ab
2361 4081 2465 4131 hoc
2489 4095 2636 4145 rege,

1551 4148 1644 4211 qui
1683 4144 1946 4210 Θεινίτης
1983 4154 2237 4210 vocatur,
2285 4151 2514 4215 primam
2555 4165 2640 4199 re-

1552 4232 1676 4280 gum
1706 4217 2091 4281 Aegyptiorum
2120 4216 2233 4281 (qui
2264 4219 2484 4270 humani
2515 4222 2640 4268 sunt
2697 4274 2709 4285 ⁶

1551 4285 1788 4350 generis)
1826 4285 2019 4335 seriem
2068 4287 2335 4352 incipiunt
2370 4289 2640 4339 Eusebius

1554 4353 1722 4418 (apud
1759 4354 1993 4416 Syncell.
2034 4371 2162 4419 pag.
2202 4358 2288 4407 54.
2316 4358 2384 4407 58
2434 4373 2479 4409 s.
2513 4349 2645 4421 past

1562 4425 1675 4474 100.
1730 4423 1829 4475 102
1878 4424 1943 4475 ed
1987 4423 2193 4476 Bonn.)
2242 4429 2406 4489 atque
2452 4428 2644 4476 Erato·

2080 4504 2216 4570 28*
