3109 5092
1217 408 1472 469 OLIO.
1522 411 1574 469 Ι.
1620 419 1741 480 152.
1790 420 1910 473 153.
2568 417 2692 480 309
2733 405 2746 432 ⁸

418 592 713 675 πλῆθος,
748 588 959 654 ταῦτα
998 584 1227 676 ἑωυτῷ
1253 582 1810 671 προαγορεύουσι.
1885 589 2408 678 πυνθανόμενον
2455 595 2538 662 δέ
2572 622 2693 681 μιν

419 696 638 760 εἰπεῖν
664 686 830 779 πρὸς
867 684 989 757 τὸν
1018 685 1277 776 κήρυκα
1302 684 1423 756 τὸν
1446 684 1911 776 Σπαρτιήτην·
1978 686 2128 761 Οὐκ
2170 692 2399 762 ἔδεισά
2438 722 2537 765 κω
2564 694 2684 767 ἅν-

343 803 351 812 ’
418 801 582 883 δρας
610 790 989 877 τοιούτους,
1040 805 1211 859 τοῖσι
1258 791 1398 858 ἐστὶ
1434 794 1647 878 χῶρος
1680 792 1755 858 ἐν
1781 795 1950 880 μέσῃ
1998 797 2078 881 τῇ
2122 794 2313 865 πόλει
2355 792 2682 870 ἀποδεδε-

416 900 692 986 γμένος,
750 898 818 976 ές
857 891 976 964 τὸν
1016 887 1507 979 σνλλεγόμενοι’
1538 890 1868 981 ἀλλήλους
1921 891 2242 982 ὀμοῦντες
2295 900 2684 981 ἐξαπατῶσι.

415 1016 585 1070 τοῖσι
602 1051 620 1082 ,
651 992 736 1089 ἢν
763 996 894 1085 ἐγώ
925 992 1213 1084 ὑγιαίνω
1230 1048 1248 1079 ,
1275 992 1358 1066 οὐ
1382 993 1465 1065 τὰ
1490 993 1738 1066 Ἰώνων
1766 995 1992 1066 πάθεα
2020 1005 2204 1070 ἔσται
2232 1007 2529 1090 ἔλλεσχα,
2563 1002 2683 1074 άλ-

415 1102 499 1173 λὰ
524 1101 606 1172 τὰ
633 1101 875 1191 οἰκήῐα.
946 1104 1165 1169 Ταῦτα
1201 1102 1268 1181 ές
1306 1096 1461 1179 τούς
1491 1095 2080 1189 πάνταςἝλληνας
2113 1099 2444 1193 ἀπέρριψε
2472 1102 2509 1175 ὁ
2538 1112 2683 1177 Κῦ-

420 1234 533 1297 ρος
559 1202 641 1276 τὰ
668 1211 866 1290 ἔπεα,
909 1199 1010 1272 ὅτι
1037 1199 1286 1291 ἀγορὰς
1313 1201 1715 1293 κτησάμενοι
1746 1198 1891 1292 ὠνῇ
1922 1230 1996 1272 τε
2023 1206 2135 1274 καὶ
2167 1205 2407 1295 πρήσει
2432 1212 2681 1295 χρέων-

416 1338 545 1380 ται.
600 1305 793 1378 αὖτοὶ
823 1304 951 1397 γὰρ
980 1310 1050 1375 οἱ
1070 1308 1329 1396 Πέρσαι
1371 1303 1653 1396 ἀγορῇσι
1689 1301 1895 1376 οὐδὲν
1929 1304 2184 1377 ἐώθασι
2208 1313 2532 1399 χρᾶσθαι,
2561 1309 2681 1381 ού-

419 1416 500 1484 δέ
520 1418 650 1501 σφί
670 1414 808 1481 ἐστι
834 1408 909 1479 τὸ
937 1409 1258 1496 παράπαν
1282 1407 1516 1499 ἀγορή.
1572 1405 1769 1479 Μετὰ
1796 1413 2006 1478 ταῦτα
2032 1413 2388 1500 ἐπιτρέψας
2416 1410 2533 1492 τὰς
2560 1415 2687 1502 μὲν

418 1515 675 1607 Σάρδις
710 1514 992 1605 Ταβάλῳ
1026 1510 1226 1603 ἀνδρὶ
1254 1515 1485 1602 Πέρσῃ
1503 1564 1522 1598 ,
1570 1509 1690 1582 τόν
1718 1510 1795 1580 δὲ
1822 1510 2107 1600 χρυσὸν,
2139 1513 2258 1584 τόν
2287 1541 2359 1584 τε
2388 1511 2688 1605 Κροίσου

417 1621 527 1688 καὶ
570 1616 690 1689 τὸν
732 1621 872 1686 τῶν
911 1613 1139 1685 ἄλλων
1179 1620 1465 1700 Λυδῶν,
1538 1614 1822 1705 Πακτύῃ
1865 1612 2066 1704 ἀνδρὶ
2111 1623 2320 1711 Λυδῷ
2372 1626 2686 1708 κομίζειν,

417 1823 473 1869 et
499 1809 673 1882 πρήσι
709 1815 793 1881 (ut
822 1832 944 1882 cap.
973 1817 1072 1867 154
1096 1806 1375 1877 ἀκροπόλι
1401 1831 1499 1880 pro

413 1878 765 1950 ἀκροπόλει),
804 1886 871 1937 de
905 1886 1101 1951 quibus
1127 1885 1238 1935 vid.
1264 1884 1499 1936 Bredov,

416 1974 471 2024 p²
508 1955 612 2007 266
649 1960 703 2006 et
739 1955 862 2008 267.
934 1956 1050 2007 Nec
1087 1955 1262 2018 magis
1294 1954 1503 2005 mutavi

415 2023 718 2091 χρέωνται,
758 2026 931 2076 cuius
978 2024 1100 2076 loco
1137 2023 1367 2074 Dietsch
1413 2023 1502 2074 de-

416 2097 498 2145 dit
533 2091 815 2159 χρέονται.
916 2093 925 2100 ’

485 2190 553 2248 ού
601 2188 671 2247 τὰ
707 2187 917 2246 Ἰιόνων
960 2186 1157 2245 πάθεα
1191 2189 1343 2243 ἔσται
1393 2188 1497 2243 ἔλ-

415 2267 658 2333 λεσχα,
694 2257 837 2317 ἀλλὰ
872 2258 942 2315 τὰ
977 2256 1195 2329 οἰκήϊα]
1222 2264 1259 2313 i.
1285 2278 1333 2313 e.
1362 2278 1495 2325 „non

413 2338 477 2388 de
512 2336 685 2387 Ionum
727 2334 1096 2386 calamitatibus
1138 2334 1216 2383 itti
1253 2332 1497 2395 confabu-

412 2406 677 2470 labantur,
731 2420 901 2455 verum
949 2405 1014 2454 de
1059 2404 1166 2452 suis
1214 2401 1495 2466 ipsormn.“

414 2478 596 2539 Quae,
633 2479 885 2526 monente
922 2471 1239 2523 Schlossero
1268 2471 1499 2522 Univer-

412 2546 549 2611 salg.
600 2546 647 2610 Ι,
694 2544 743 2595 1.
779 2560 834 2609 p.
881 2542 1002 2604 290,
1042 2541 1109 2591 de
1153 2538 1496 2591 deliberatio-

410 2616 573 2665 nibus
605 2629 779 2680 aeque
822 2629 888 2663 ac
933 2612 999 2662 de
1040 2609 1499 2661 confabulationi-

410 2686 512 2735 bus
549 2688 605 2735 et
640 2682 955 2749 quotidiano
986 2694 1233 2731 sermone
1258 2684 1387 2729 sunt
1417 2680 1498 2729 in-

409 2752 724 2819 telligenda.
797 2753 903 2802 Pro
930 2745 1084 2799 ἔλλεσ
1120 2764 1157 2796 α
1192 2748 1333 2798 male
1369 2748 1497 2799 olim

410 2813 634 2888 ἅλεσχα,
675 2837 794 2872 cum
822 2815 1047 2884 ἔλλεσχα
1066 2765 1126 2882 (ξ.
1157 2833 1203 2867 e.
1235 2809 1296 2866 ἐν
1329 2813 1496 2882 λέσχῃ

410 2883 708 2957 γενόμενα)
737 2906 801 2941 ea
832 2890 959 2951 sint,
997 2888 1063 2938 de
1100 2886 1297 2952 quibus
1328 2886 1497 2936 homi-

409 2976 508 3012 nes
547 2962 688 3010 inter
724 2975 782 3010 se
819 2957 1227 3023 colloquuntur,
1278 2956 1344 3006 de
1382 2956 1498 3020 qui-

410 3031 514 3081 bus
544 3045 717 3080 sermo
750 3028 813 3078 fit
849 3029 992 3077 inter
1023 3026 1290 3077 homines.
1362 3025 1495 3075 Inde

410 3091 908 3164 περιλεσχήνευτος
924 3096 1162 3147 hominum
1174 3110 1401 3146 sermone
1420 3111 1499 3146 ce-

414 3169 657 3230 teht-am,
705 3168 851 3217 infra
884 3166 959 3228 11,
1011 3165 1127 3226 135,
1178 3165 1276 3214 ubi
1311 3165 1499 3216 Gram-

413 3239 598 3288 matici
634 3236 911 3302 explicant
945 3225 1303 3300 περιβόητος,
1342 3247 1498 3296 περι-

410 3301 676 3371 λάλητος,
701 3306 825 3357 inde
845 3297 1153 3368 πρόλεσχος
1171 3304 1226 3353 in
1244 3302 1498 3369 Aeschyli

412 3376 656 3442 Supplic.
698 3376 822 3427 208.
870 3375 1009 3425 Add.
1057 3373 1260 3424 Herod.
1307 3373 1405 3435 VI,
1443 3374 1494 3422 4.

412 3447 570 3497 Conf.
608 3445 935 3512 wesseling.
985 3443 1055 3495 ad
1089 3442 1144 3493 h.
1179 3442 1217 3493 1.
1286 3440 1495 3492 Vocula

413 3513 578 3581 λέσχη
599 3519 916 3581 colloquium,
951 3511 1309 3577 confabulatio,
1334 3525 1496 3564 sermo

406 3586 698 3649 fmniliam's,
740 3585 885 3635 infra
920 3584 997 3646 11,
1036 3582 1123 3633 32.
1156 3581 1255 3643 IX,
1290 3580 1377 3630 71.

480 3644 818 3718 ἀπέρόιψεὸ
843 3651 1035 3715 Κῦρος
1051 3642 1120 3700 τὰ
1142 3643 1302 3714 ἔπεα]
1326 3640 1497 3710 ἀπεό-

414 3716 577 3784 6ιψε,
628 3729 691 3773 ut
738 3722 950 3773 Latini:
994 3722 1230 3784 proiecit,
1276 3720 1495 3768 iactavit.

411 3792 570 3843 Conf.
609 3793 755 3842 infra
787 3793 882 3854 IV,
919 3792 1035 3842 142.
1060 3789 1186 3851 VII,
1220 3788 1302 3839 13.
1337 3786 1494 3847 VIII,

484 3952 647 4010 αὐτοὶ
699 3953 808 4024 γὰρ
870 3955 930 4010 οῖ
984 3958 1197 4022 Πέρσαι
1252 3949 1495 4024 ἀγορῇσι

415 4021 586 4079 οὐδὲν
646 4019 859 4079 ἐώθασι
920 4027 1171 4093 χρᾶσθαι
1226 4042 1372 4076 κ.-τ.
1417 4022 1492 4090 λ.]

413 4097 661 4163 χρᾶσθαι
708 4102 829 4164 (pro
865 4095 1142 4163 χρῆσθαι)
1180 4096 1372 4161 scripsi
1416 4096 1496 4145 iu-

411 4169 574 4219 bente
594 4169 824 4220 BredoV.
853 4184 907 4232 p.
930 4167 1052 4218 381.
1124 4168 1277 4216 Haec
1308 4165 1497 4216 eadem

412 4238 610 4288 Strabo
640 4238 811 4289 tradit
840 4238 958 4287 XV.
1008 4252 1062 4301 p.
1103 4235 1237 4287 1067
1269 4237 1337 4286 B.
1379 4236 1495 4286 Nec

411 4307 720 4372 refragatur
753 4305 1057 4371 Xenophon
1096 4306 1152 4355 in
1189 4305 1493 4370 Cyropaed.

410 4376 462 4438 1,
501 4379 553 4427 2.
592 4379 643 4440 ξ.
666 4375 716 4427 3.
756 4376 931 4427 forum
956 4375 1172 4440 quidem
1203 4374 1344 4440 apud
1369 4375 1497 4425 Per-

411 4461 503 4495 sas
530 4445 699 4498 fuisse
720 4461 1163 4508 commemorans,
1188 4459 1375 4495 verum
1396 4460 1497 4495 nec

1600 1814 1739 1877 tale,
1787 1813 1948 1880 quale
1980 1813 2145 1880 vulgo
2187 1815 2351 1866 rebus
2386 1817 2689 1868 vendendis

1602 1888 1768 1948 atque
1804 1883 2043 1934 emendis
2073 1884 2424 1949 destinatum,
2459 1886 2556 1937 sed
2592 1888 2687 1937 ubi

1602 1951 1901 2003 liberaliter
1936 1954 2178 2003 instituti
2207 1954 2454 2004 homines
2490 1971 2685 2006 conve-

1600 2022 1780 2072 nirent
1796 2023 2042 2088 beneque
2060 2024 2256 2074 morati
2275 2039 2375 2074 nec
2395 2023 2503 2074 nisi
2513 2025 2688 2090 proba

1601 2108 1670 2144 ac
1715 2092 1861 2142 bona
1914 2092 2082 2141 verba
2137 2092 2473 2144 audirentur.
2563 2095 2686 2158 Quo

1603 2160 1769 2211 etiam
1806 2160 2002 2211 alludit
2039 2159 2321 2226 Appianas
2359 2161 2426 2212 de
2448 2161 2576 2214 bell.
2613 2164 2686 2215 ci-

1603 2228 1717 2281 vill.
1757 2229 1833 2281 11.
1870 2245 1995 2295 pag.
2015 2229 2138 2280 803.
2196 2230 2333 2280 Mihi
2367 2247 2508 2297 quae
2540 2233 2688 2297 apud

1599 2299 2011 2364 Xenophontem
2031 2299 2302 2364 leguntur,
2313 2316 2423 2350 non
2433 2305 2547 2351 tam
2558 2303 2688 2353 Per-

1600 2384 1784 2419 sarum
1820 2384 1885 2418 ex
1920 2383 2094 2431 more,
2147 2385 2308 2435 quam
2356 2386 2423 2420 ex
2469 2371 2688 2422 institu-

1601 2439 1672 2488 tis
1720 2437 2018 2488 Socraticis
2063 2438 2362 2503 repetenda
2407 2440 2683 2493 videntur.

1670 2499 1808 2569 μετὰ
1853 2505 2033 2555 ταῦτα
2075 2498 2385 2572 ἐπιτρέψας
2431 2501 2531 2566 τὰς
2580 2504 2685 2573 μὲν

1600 2570 1820 2638 Σάρδις
1859 2566 2096 2642 Ταβάλῳ
2131 2591 2184 2625 κ.
2219 2592 2266 2626 τ.
2309 2575 2382 2643 λ.]
2418 2576 2566 2628 Usus
2602 2583 2688 2629 est

1601 2644 1705 2695 hoc
1758 2643 1880 2694 loco
1936 2645 2238 2695 Heerenius
2295 2646 2352 2694 in
2395 2646 2493 2710 iis,
2545 2662 2687 2711 quae

1599 2713 1844 2779 disputat
1879 2712 1944 2764 de
1977 2714 2186 2764 Persici
2220 2714 2434 2778 imperii
2461 2715 2689 2765 admini-

1599 2782 1812 2834 strandi
1845 2783 2082 2842 ratione;
2137 2782 2249 2833 vid.
2287 2783 2455 2833 Ideen
2491 2787 2599 2835 etc.
2636 2786 2683 2849 1,

1601 2853 1651 2903 1.
1690 2867 1817 2917 pag.
1855 2850 1978 2903 403.
2049 2852 2165 2903 Nec
2198 2852 2418 2915 mirum,
2456 2852 2684 2904 eandem

1598 2922 1715 2972 fere
1749 2921 1878 2987 Cyri
1913 2935 1980 2971 ac
2002 2920 2292 2972 Persarum
2323 2920 2685 2974 fuisse‘ratio·

1598 3007 1749 3054 nem,
1798 3006 1938 3056 quae
1973 2991 2204 3055 posthac
2250 2991 2358 3041 fuit
2403 2992 2688 3058 Mongolo-

1598 3076 1717 3112 rum
1741 3065 1796 3111 et
1819 3060 1972 3110 ducis
1989 3059 2205 3110 illorum
2226 3060 2682 3126 Dscbingischan‚

1599 3146 1721 3181 cum
1758 3145 1857 3196 par
1889 3129 2056 3179 fuerit
2099 3133 2157 3179 et
2202 3128 2399 3180 ducum
2444 3135 2502 3181 et
2556 3147 2683 3198 gen-

1597 3200 1734 3250 tium
1772 3199 1932 3250 ratio.
2004 3199 2252 3263 Namque
2297 3200 2355 3249 in
2399 3200 2560 3249 terris
2597 3217 2686 3250 oc·

1597 3269 1813 3333 cupatis
1824 3268 2137 3332 plerumque
2148 3267 2335 3333 copias
2353 3268 2684 3333 relinquunt,

1597 3353 1824 3403 quarum
1854 3336 2018 3386 duces
2045 3336 2381 3401 provinciam
2404 3337 2681 3388 subditam

1599 3411 1823 3457 teneant
1839 3406 2225 3470 imperiumque
2247 3410 2520 3456 tueantur.
2550 3406 2683 3456 Istis

1597 3475 1873 3526 adduntur
1928 3472 2024 3522 alii
2075 3473 2221 3537 regis
2270 3475 2531 3538 ministri,
2591 3474 2684 3539 qui

1598 3544 1807 3594 tributa
1865 3545 2065 3606 cogant
2124 3543 2348 3608 regique
2407 3542 2684 3592 transmit-

1598 3617 1748 3671 tant3
1794 3626 1858 3660 ac
1903 3625 2067 3674 saepe
2107 3610 2272 3660 etiam
2319 3611 2388 3661 ab
2437 3611 2683 3676 utrisque

1601 3680 1801 3731 diversi
1850 3678 2203 3728 inveniuntur
2261 3680 2476 3730 urbium
2527 3695 2684 3746 prae·

1601 3750 1762 3811 fecti,
1801 3749 1893 3812 qui
1919 3747 2208 3813 praesidiis
2232 3750 2504 3814 praesint,
2542 3765 2681 3815 quae

1602 3820 1660 3868 in
1694 3816 1924 3882 singulis
1960 3816 2184 3868 urbibus
2230 3823 2358 3869 sunt
2392 3818 2681 3870 collocata.

1598 3889 1690 3938 Ita
1723 3887 1897 3952 Cyrus
1938 3885 2212 3936 Mazarem
2250 3887 2440 3939 ducem
2483 3889 2687 3939 exerci-

1599 3956 1683 4008 tui
1728 3955 1999 4021 praeficit,
2058 3955 2269 4008 Tabalo
2319 3958 2518 4009 Sardes
2566 3974 2684 4023 per-

1599 4026 1794 4091 mittit,
1827 4027 2093 4090 Pactyam
2117 4027 2336 4077 tributis
2361 4027 2683 4093 colligendis

1599 4101 1764 4160 atque
1800 4095 2018 4145 omnino
2062 4095 2228 4161 regiis
2272 4096 2539 4148 reditibus
2570 4097 2685 4147 the·

1599 4165 1885 4230 saurisque
1938 4167 2243 4231 praeponit.
2298 4195 2369 4206 —-
2412 4163 2681 4231 κομίζειν,

1600 4234 1744 4301 quod
1801 4234 2000 4300 pendet
2057 4235 2125 4285 ab
2175 4225 2508 4300 ἐπιτρέψας,
2561 4251 2685 4286 cum

1597 4304 1871 4356 Larchero
1892 4303 2123 4369 aliisque
2139 4301 2489 4370 interpretor}
2516 4313 2686 4355 trans-

1593 4375 1766 4438 ferre,
1804 4375 2040 4438 deferre,
2093 4373 2164 4423 ad
2201 4373 2400 4439 Cyrum
2448 4374 2684 4437 scilicet,

1598 4445 1654 4494 in
1691 4445 1873 4509 regios
1909 4442 2216 4493 thesauros.
