3109 5092
1187 326 1689 390 BUTERPE.
1735 330 1820 390 11.
1871 338 1955 395 13.

2588 336 2714 398 455

428 497 629 588 γαιόν
656 524 729 584 τε
757 499 869 567 καὶ
897 501 1545 590 καταρρηγνυμένην
1562 554 1581 588 ,
1636 498 1804 573 ὥστε
1837 504 2087 573 έοῦσαν
2118 503 2276 575 ἰλύν
2301 533 2373 576 τε
2402 510 2515 578 καὶ
2543 508 2708 599 πρό-

349 620 450 678 109
460 624 658 691 χυσιν
686 604 752 684 ἐξ
782 608 1149 691 Αἰθιοπίης
1176 610 1788 695 κατενηνειγμένην
1814 602 1946 675 ὑπὸ
1973 612 2096 676 τοῦ
2124 615 2443 698 ποταμοῦ.
2483 610 2608 701 τὴν
2634 612 2711 682 δὲ

427 703 696 794 Λιβύην
728 711 925 793 ἴδμεν
961 708 1421 798 ἐρυθροτέρην
1452 737 1523 778 τε
1554 716 1686 799 γῆν
1711 713 1823 779 καὶ
1850 705 2450 801 ὑποψαμμοτέρην·
2480 712 2603 804 τὴν
2633 717 2708 785 δὲ

420 807 740 898 Ἀραβίην
790 836 862 878 τε
916 810 1028 878 καὶ
1072 819 1341 900 Συρίην
1393 809 1975 902 ἀργιλωδεστέρην
2031 842 2100 883 τε
2154 817 2265 883 καὶ
2324 811 2707 907 ὑπόπετρον

430 916 698 982 ἐοῦσαν.

566 1013 846 1103 Ἔλεγον
891 1015 966 1085 δὲ
1010 1017 1122 1085 καὶ
1161 1017 1315 1086 τόδε
1360 1047 1472 1106 μοι
1515 1021 1687 1107 μέγα
1736 1018 2095 1108 τεκμήριον
2139 1023 2294 1107 περὶ
2340 1029 2454 1111 τῆς
2488 1023 2798 1114 χώρηςι3

424 1118 669 1207 ταύτης
696 1124 764 1189 οἰ
787 1121 993 1208 ἱρέες,
1042 1116 1130 1200 ὡς
1161 1123 1269 1190 ἐπὶ
1297 1128 1585 1210 ,Μοίριος
1617 1125 1955 1211 βασιλέος,
2002 1119 2173 1203 ὅκως
2202 1129 2392 1194 ἔλθοι
2422 1122 2457 1195 ὁ
2495 1153 2699 1197 ποτα-

422 1221 543 1312 μὸς
570 1225 678 1292 ἐπὶ
707 1220 882 1291 ὀκτώ
908 1222 1153 1312 πήχεας
1180 1223 1254 1292 τὸ
1287 1224 1654 1313 ἐλάχιστον,
1680 1222 1968 1316 ἄρδεσκε
1986 1237 2337 1313 Αἴγυπτον
2362 1227 2485 1318 τὴν
2513 1236 2700 1321 ἔνερ-

423 1391 660 1470 positum
697 1395 809 1454 est,
864 1406 985 1440 cum
1033 1391 1088 1440 iu
1130 1391 1327 1442 Aldina
1365 1397 1512 1443 esset

423 1453 781 1525 μελάγγειον,
821 1476 962 1525 quae
999 1461 1175 1512 forma
1211 1463 1510 1513 communis

425 1530 643 1581 dialecti
685 1530 756 1580 ab
802 1531 1083 1580 Herodoto
1139 1532 1311 1581 abest.
1382 1532 1509 1582 vid.

421 1601 657 1650 Bredov'.
690 1616 744 1664 p.
770 1598 889 1650 139.
949 1600 1105 1662 Quod
1131 1602 1376 1665 sequitur
1412 1617 1510 1650 κα-

422 1659 892 1735 ταρρηγνυμένην
950 1670 1026 1734 (i.
1077 1685 1123 1719 e.
1183 1671 1508 1734 confractam,

423 1742 560 1790 rimis
583 1740 846 1800 hiantem),
888 1739 996 1788 iam
1026 1740 1259 1789 correxit
1287 1739 1513 1790 Fischer

398 1809 492 1859 “ad
530 1807 750 1858 Weller.
790 1777 908 1870 ΙΙΙ,
950 1824 1002 1859 a.
1038 1824 1090 1874 p.
1125 1809 1272 1859 169
1268 1826 1333 1859 ex
1370 1810 1511 1860 male

421 1876 649 1944 vulgato
697 1877 1296 1943 κατερρηγνυμένην,
1350 1880 1506 1929 cuius

419 1948 539 2069 120οο
567 1963 736 2012 nuper
768 1963 834 1997 ex
864 1948 1083 1998 Arriani
1109 1948 1284 1998 Anab.
1325 1949 1401 2009 ΙΙ,
1424 1948 1507 2010 23,

525 2015 641 2080 (ubi
689 2018 761 2067 cf.
812 2016 1035 2067 Ellendt
1084 2034 1137 2082 p.
1178 2017 1303 2082 228)
1360 2033 1509 2081 repo·

419 2021 644 2138 suerunt
688 2078 1175 2169 κατερρηγμὲνην,
1226 2103 1367 2151 quae
1402 2088 1509 2137 for-

418 2172 507 2208 ma
541 2155 675 2206 mihi
711 2155 779 2205 ad
819 2157 1073 2206 seriorem
1105 2162 1353 2208 aetatem
1390 2173 1506 2221 pcr-

418 2228 590 2276 tinere
649 2224 885 2277 videtur.
957 2225 1116 2304 Apud
1167 2227 1503 2277 Herodotum

415 2296 551 2357 VII,
581 2294 649 2346 23
696 2286 1223 2359 καταρρηγνύμενοι
1265 2290 1325 2344 οἴ
1365 2311 1500 2359 κρη-

414 2332 578 2428 μνοί,
618 2365 763 2429 quod
799 2363 869 2413 ad
903 2362 1193 2415 lectionem
1227 2369 1502 2443 receptam

416 2435 564 2485 haud
598 2435 712 2484 scio
738 2449 807 2483 su
836 2433 1040 2483 valeat.
1096 2434 1179 2484 De
1203 2451 1336 2485 voce
1361 2427 1501 2498 πρό-

414 2517 575 2569 χυσις
612 2504 723 2553 dixi
761 2502 833 2553 ad
868 2503 943 2565 11,
970 2505 1022 2555 5.
1051 2530 1117 2540 —
1155 2503 1239 2554 Ad
1276 2504 1381 2555 loci
1418 2519 1503 2553 ar·-

413 2578 728 2640 gumentum
763 2572 1069 2623 adscribam
1104 2573 1386 2623 Plutarchi
1421 2573 1501 2624 lo-

415 2658 536 2694 cum
580 2642 868 2693 classicum
920 2642 985 2693 de
1022 2642 1156 2693 Isid.
1199 2649 1255 2693 et
1293 2642 1497 2693 Osirid.

414 2712 655 2838 ἕερτοῗξ
659 2710 899 2859 μΞλιῗῗῗι
924 2703 1500 2862 ῗιελιῖγτζνζιὲἰγὲἷιξῖιὲ

414 2864 605 2913 ωσπερ
659 2842 724 2900 τὸ
786 2841 962 2914 μέλαν
1014 2849 1118 2900 τοῦ
1187 2842 1500 2915 ὀφθαλμοῦ

411 2916 1497 3054 gtssgffiztnakfflqffitvxsstt'e‘gggggiff?gu

410 3059 817 3110 Animadversa.
861 3076 916 3124 p.
944 3060 1045 3110 217
1085 3061 1248 3109 alium
1284 3060 1499 3109 Plutar-

413 3130 500 3179 chi
521 3129 739 3179 locum'
724 3145 780 3178 m
803 3128 1094 3179 Alexandr.
1125 3130 1226 3179 vit.
1257 3145 1378 3194 cap.
1405 3129 1493 3178 26.

409 3215 461 3264 p.
486 3200 591 3250 679
633 3199 696 3248 F.
752 3198 932 3263 Atque
975 3198 1211 3262 Χημίαν
1255 3213 1301 3248 s.
1353 3198 1497 3248 Chem

411 3268 486 3319 nil
534 3268 681 3318 aliud
734 3283 853 3317 esse
905 3267 1009 3317 nisi
1059 3270 1276 3333 nimum,
1333 3267 1496 3332 idque

409 3339 586 3402 ipsum
623 3337 858 3402 Aegypti
902 3352 1097 3387 nomen
1141 3337 1312 3387 fuisse
1351 3338 1496 3401 apud

411 3407 741 3473 Aegyptios,
794 3406 886 3470 qui
922 3422 1024 3456 nec
1067 3407 1277 3458 Graeca
1313 3407 1495 3471 appel-

408 3477 615 3528 latione
650 3475 814 3538 vulgo
848 3476 1085 3538 usitata,
1123 3491 1223 3525 nec
1255 3476 1494 3525 Hebrae-

409 3561 560 3596 orum
579 3561 712 3595 voce
743 3545 978 3594 Mt‘zraim
998 3562 1043 3597 s.
1075 3545 1227 3595 Μίαν.
1255 3560 1492 3609 unquam

409 3616 611 3665 fuerint
629 3614 733 3676 usi,
758 3613 958 3665 dudum
983 3615 1191 3663 monuit
1210 3614 1492 3664 Iablonsk.

410 3685 644 3749 Opuscc.
684 3683 733 3732 1.
772 3699 826 3748 p.
866 3682 970 3734 404
998 3700 1116 3748 seq.
1166 3689 1221 3732 et
1269 3684 1492 3748 copiosa

408 3752 780 3818 disputatione
837 3752 1074 3803 firmavit
1123 3752 1484 3817 Champollio:

404 3823 649 3888 l'Egypt.
691 3837 819 3872 sous
854 3822 890 3871 l.
930 3822 1095 3872 Phar.
1137 3822 1182 3873 1.
1222 3838 1347 3886 pag.
1395 3822 1484 3871 101

405 3892 707 4025 {ZanJQZ
742 3891 1490 4024 itiqad.³{¹3;..⁰'1‘;‚32331¹333

403 4031 480 4080 sis
506 4031 898 4096 Aegyptiorum
930 4031 1292 4080 monumentis
1313 4031 1489 4094 Aegy-

403 4104 555 4164 ptum
608 4099 754 4149 notis
812 4098 1236 4164 hieroglyphieis
1283 4099 1489 4164 signifi-

402 4169 517 4219 cari
543 4168 788 4218 videmus
814 4167 964 4219 Cleam
989 4185 1034 4219 s.
1064 4169 1224 4230 chem,
1263 4185 1371 4234 qua
1401 4185 1489 4219 ea·

402 4237 523 4288 dem
559 4253 693 4289 voce
730 4237 865 4288 haec
901 4243 1046 4288 terra
1083 4238 1393 4289 declaratur
1431 4241 1488 4288 in

400 4306 494 4358 illa
516 4308 682 4373 Cypri
717 4307 1099 4373 inscriptione,
1137 4323 1300 4373 quam
1335 4324 1369 4357 a
1392 4307 1487 4357 du-

399 4392 462 4427 ce
499 4377 566 4428 de
596 4378 816 4443 Luynes
853 4376 1185 4443 publicatam
1228 4377 1486 4442 explicuit

1614 1393 1806 1456 Roeth‚
1843 1409 2002 1458 quem
2034 1394 2159 1444 vide
2194 1410 2250 1459 p.
2273 1395 2357 1446 56.
2387 1396 2458 1447 66
2492 1397 2608 1447 eius
2640 1397 2701 1447 li-

1613 1464 1722 1524 bri,
1762 1479 1918 1528 quem
1953 1464 2022 1513 ad
2058 1464 2143 1526 11,
2179 1465 2278 1515 182
2311 1465 2698 1528 indicabimus3

1613 1548 1790 1597 neque
1838 1534 2110 1584 diversam
2154 1533 2295 1584 hanc
2339 1550 2531 1585 vocem
2580 1551 2701 1587 esse

1613 1619 1648 1653 a
1666 1597 1867 1653 biblica
1891 1618 2026 1653 voce
2039 1603 2186 1654 Ham.
2210 1605 2318 1652 iam
2336 1605 2700 1669 Hieronymus

1615 1673 1841 1734 Quaest.
1868 1674 2064 1725 Hebrr.
2088 1674 2145 1723 iu
2167 1673 2364 1723 Genes.
2394 1674 2490 1736 lx,
2513 1675 2579 1725 18
2607 1674 2697 1739 (Τ.

1615 1742 1724 1792 111.
1763 1757 1817 1805 p.
1849 1742 1951 1792 316
1983 1743 2068 1792 ed.
2103 1741 2364 1805 Vallars.)
2408 1742 2595 1793 docuit
2633 1760 2699 1794 ae

1613 1826 1784 1875 nuper
1832 1811 2116 1862 contendit
2160 1811 2495 1861 Wilkinson:
2543 1814 2697 1863 Man·

1614 1895 1738 1930 ners
1771 1885 1876 1931 etc.
1909 1881 1954 1930 Ι.
1989 1896 2043 1945 p.
2066 1883 2118 1930 2.
2158 1880 2319 1930 conf.
2345 1895 2561 1945 quoque
2580 1881 2698 1933 Sol-

1612 1949 1773 1998 voliri
1813 1949 2077 2000 Traduct.
2124 1954 2180 1998 et
2213 1948 2453 2015 Analyse
2491 1949 2585 2000 des
2620 1952 2699 2001 in-

1613 2020 1826 2083 scriptt.
1874 2034 1967 2069 sur
2001 2018 2341 2082 l’Obelisque
2376 2021 2577 2085 Egypt.
2631 2021 2698 2071 de

1611 2088 1770 2138 Paris
1808 2103 1862 2152 p.
1899 2088 1983 2139 16.
2039 2089 2124 2138 De
2160 2088 2329 2137 variis
2366 2089 2695 2152 nominibus,

1610 2158 1807 2223 quibus
1830 2158 1958 2208 olim
1980 2159 2260 2223 Aegyptus
2286 2157 2696 2224 designabatur,

1607 2228 1717 2276 vid.
1747 2226 2056 2278 Uhlemann
2081 2228 2138 2276 iu
2157 2226 2426 2293 Philolog.
2455 2229 2692 2293 Aegypt.

1606 2313 1659 2361 p.
1692 2298 1722 2342 7
1760 2312 1874 2361 seq.
1924 2297 1984 2348 31
2026 2312 2140 2361 seq.
2195 2296 2464 2362 Forbiger
2506 2297 2695 2347 Hand-

1604 2366 1746 2417 buch
1791 2366 1845 2416 d.
1885 2366 1981 2416 alt.
2024 2366 2333 2430 Geograph.
2373 2367 2454 2416 11.
2500 2382 2555 2431 p.
2588 2367 2690 2419 766

1605 2452 1721 2501 seq.
1774 2435 1931 2486 Cous.
1960 2437 2123 2485 etiam
2153 2439 2292 2485 nott.
2325 2436 2397 2485 ad
2423 2436 2690 2488 Herodot.

1604 2507 1679 2568 11,
1711 2505 1776 2556 15
1811 2505 1904 2555 fin.

1980 2674 2110 2725 Cu».
2152 2674 2309 2725 XIII.

1675 2766 1822 2836 ὅπως
1856 2768 2076 2826 i'wm‘
2053 2793 2084 2827 ο
2119 2770 2379 2843 ποταμὸς
2409 2769 2565 2829 ἕπὶ’
2536 2795 2682 2829 curm

1602 2841 1816 2914 πήχεας
1853 2839 1919 2896 τὸ
1966 2837 2256 2911 ἐλάχιστον
2292 2862 2344 2897 κ.
2371 2862 2421 2897 τ.
2447 2847 2519 2915 λ.]
2582 2848 2688 2911 Qui

1602 2918 1940 2969 Herodotum
1965 2921 2021 2966 et
2045 2916 2183 2967 haec
2206 2921 2262 2967 et
2286 2933 2427 2982 quae
2453 2933 2690 2983 sequun-

1604 2994 1693 3039 tur
1729 2988 1796 3037 de
1832 2986 2065 3037 sedecim
2114 2987 2317 3038 cubitis
2362 2987 2687 3040 scribentem

1601 3073 1781 3108 errare
1818 3056 1981 3118 dixit,
2028 3056 2076 3106 is
2116 3071 2226 3107 non
2271 3057 2410 3107 satis
2448 3059 2688 3124 respexit

1599 3133 1802 3178 statum
1821 3127 1933 3176 Nili
1957 3131 2012 3176 et
2031 3130 2296 3177 terrarum
2321 3127 2685 3179 adiacentium

1600 3198 1668 3248 ob
1695 3197 1845 3247 fluvii
1865 3196 2165 3248 alluviones
2188 3198 2378 3247 crebro
2397 3203 2685 3260 mutatum,
2716 3235 2721 3240 .

1598 3273 1659 3317 ut
1689 3265 1829 3316 alius
1857 3266 1967 3315 alio
1997 3270 2236 3331 tempore
2269 3281 2392 3316 esse
2413 3267 2683 3318 videatur.

1601 3336 1758 3398 Quod
1806 3341 1999 3385 contra
2046 3335 2284 3385 Pocock.
2333 3342 2518 3385 monet
2554 3337 2685 3386 Lar·

1598 3406 1764 3467 cher„
1786 3407 1875 3455 cui
1905 3404 2044 3454 adde
2060 3440 2073 3465 ,
2098 3419 2237 3469 quae
2256 3404 2547 3454 Rennelius
2576 3405 2684 3453 dis-

1596 3479 1756 3540 putat
1790 3490 1844 3539 p.
1882 3474 1983 3524 597
2021 3478 2076 3521 et
2114 3489 2254 3537 quae
2290 3472 2357 3523 de
2393 3473 2544 3523 vario
2570 3472 2683 3524 Nili

1596 3549 1745 3594 statu
1777 3559 1843 3593 ac
1869 3543 2134 3593 mensuris
2165 3542 2222 3590 in
2250 3542 2561 3592 universum
2594 3558 2683 3592 ex·

1596 3618 1873 3678 ponuntur
1893 3612 1963 3661 ab
1986 3612 2327 3661 nortmanno
2348 3610 2385 3659 l.
2418 3610 2451 3660 1.
2476 3627 2528 3675 p.
2560 3612 2677 3663 122.

1596 3683 1863 3733 Herodoti
1892 3680 2274 3730 auctoritatem
2300 3680 2409 3730 fere
2437 3685 2679 3744 tuentur,

1596 3752 1733 3801 alios
1767 3755 1830 3799 ut
1864 3755 2104 3811 taceam,
2143 3748 2472 3799 Plutarchus
2495 3751 2580 3800 De
2602 3752 2678 3800 Is.

1597 3825 1651 3871 et
1678 3820 1823 3870 Osir.
1848 3835 1970 3883 cap.
1999 3818 2086 3868 43.
2106 3834 2161 3882 p.
2184 3817 2286 3870 368
2305 3820 2370 3868 Β.
2407 3824 2461 3869 et
2480 3819 2679 3871 Strabo

1594 3891 1771 3940 XVII.
1810 3904 1864 3953 p.
1892 3888 2029 3939 1136
2063 3887 2125 3939 C.
2165 3903 2211 3938 s.
2246 3903 2374 3954 pag.
2405 3887 2535 3952 788,
2586 3892 2679 3955 qui

1593 3964 1720 4010 ante
1733 3959 1975 4009 Petronii
1996 3962 2233 4009 aetatem
2251 3958 2539 4009 maximam
2559 3976 2680 4010 nar-

1593 4035 1681 4079 rat
1727 4028 1898 4078 fuisse
1942 4027 2315 4090 fertilitatem,
2364 4043 2485 4078 cum
2521 4029 2679 4081 Nilus

1593 4098 1662 4150 ad
1699 4106 1929 4164 quartum
1964 4103 2019 4148 et
2048 4099 2284 4148 decinam
2313 4098 2555 4149 cubitum
2592 4115 2681 4150 ex-

1593 4168 1883 4227 crevisset3
1918 4167 2013 4233 qui
2038 4184 2160 4218 cum
2183 4167 2254 4218 sd
2283 4173 2541 4218 octavum
2569 4184 2680 4219 mo-

1592 4238 1661 4288 do
1709 4237 2133 4301 adsurrexisset‚
2190 4239 2387 4288 famem
2428 4239 2691 4289 evenisse·

1591 4313 1757 4373 atque
1800 4307 2059 4373 inopiam.
2120 4310 2241 4371 Quo
2279 4307 2367 4358 vel
2417 4307 2676 4357 disertius

1588 4378 1797 4427 Plinius
1844 4378 1915 4428 H.
1956 4378 2024 4428 N.
2071 4379 2138 4431 V.
2171 4377 2224 4428 9.
2276 4381 2327 4440 §-
2366 4377 2450 4428 10.
2499 4379 2677 4428 iustum
