3109 5092
1252 361 1507 422 CLIO.
1555 363 1604 421 Ῐ.
1645 372 1735 426 36.
2549 364 2631 427 83

341 533 585 604 τούτου
646 531 729 602 τὰ
766 537 906 603 τῶν
951 537 1221 603 Μυσῶν
1268 540 1433 623 ἔργα
1479 542 1986 624 διαφθείρεσκε.
2077 534 2393 618 πολλάκις
2445 538 2520 608 δὲ
2569 544 2640 608 οἰ

338 640 575 707 ’Μυσοὶ
646 634 756 707 ἐπ’
806 631 1016 706 αὐτὸν
1075 633 1480 722 ἐξελθόντες,
1538 640 1892 708 ποιέεσκον
1948 637 2075 726 μὲν
2139 636 2346 709 οὐδὲν
2397 640 2627 727 κακὸν,

339 746 632 828 ἔπασχον
667 740 743 809 δὲ
774 736 941 829 πρὸς
972 735 1204 809 αὐτοῦ.
1275 745 1464 821 τέλος
1505 743 1583 811 δὲ
1613 739 2005 830 ἀπικόμενοι
2045 740 2225 830 παρὰ
2265 740 2386 813 τὸν
2417 754 2626 834 Κροῖ-

336 866 460 915 σον
491 848 632 913 τῶν
660 847 932 913 Μυσῶν
964 839 1239 930 ἄγγελοι
1279 850 1514 933 ἔλεγον
1546 847 1705 915 τάδε
1727 868 1740 880 ·

1802 836 1883 913 Ὦ
1914 850 2229 932 βασιλεῦ,
2268 842 2388 927 ὑὸς
2412 853 2628 937 χρῆμα

336 951 651 1036 μέγιστον
685 944 993 1036 ἀνεφάνη
1038 941 1201 1034 ἡμῖν
1240 943 1317 1016 ἐν
1359 954 1451 1038 τῇ
1491 947 1710 1038 χώρῃ,
1773 943 1847 1028 ὃς
1885 945 1967 1015 τα
2007 953 2172 1035 ἔργα
2209 954 2622 1042 διαφθείρει.

335 1056 575 1120 τοῦτον
603 1047 1147 1139 προθυμεόμενοι
1177 1051 1389 1121 ἑλέειν
1435 1048 1520 1121 οὐ
1567 1049 1944 1140 δυνάμεθα.
2005 1055 2138 1120 νῦν
2167 1042 2266 1121 ὦν
2298 1054 2624 1141 προσδεό-

334 1153 515 1243 μεθά
549 1175 709 1240 σευ,
746 1150 867 1223 τὸν
896 1156 1106 1223 παῖδα
1147 1155 1259 1223 καὶ
1290 1155 1579 1241 λογάδας
1619 1162 1890 1244 νεηνίας
1917 1156 2031 1223 καὶ
2067 1153 2279 1235 κύνας
2322 1160 2623 1246 συνπέμ-

334 1274 457 1341 ψαι
494 1250 687 1348 ἡμῖν,
731 1251 819 1337 ὦς
858 1254 945 1326 ἅν
979 1285 1098 1344 μιν
1143 1253 1474 1346 ἐξέλωμεν
1502 1255 1579 1327 ἐκ
1608 1262 1725 1347 τῆς
1756 1259 1995 1347 χωρης.
2081 1262 2175 1326 OC
2202 1259 2328 1348 μὲν
2356 1259 2442 1348 δὴ
2467 1259 2624 1331 τού-

332 1388 473 1430 των
508 1357 811 1430 ἐδέοντο.
890 1368 1180 1448 Κροῖσος
1242 1361 1317 1430 δὲ
1368 1360 1820 1451 μνημονεύων
1858 1367 1979 1430 τοῦ
2024 1355 2296 1451 ὀνείρου
2337 1362 2420 1433 τὰ
2461 1370 2627 1434 ἔπεα

335 1466 530 1550 ἔλεγέ
559 1485 681 1554 σφι
710 1464 904 1533 τάδε·
959 1459 1218 1544 Παιδὸς
1251 1463 1378 1554 μὲν
1424 1467 1576 1556 πέρι
1612 1469 1734 1535 τοῦ
1771 1461 1936 1552 ἐμοῦ
1978 1463 2067 1551 μὴ
2097 1472 2444 1556 μνησθῆτε
2492 1473 2623 1537 ἔτι·

332 1564 416 1637 οὐ
468 1565 598 1655 γὰρ
658 1561 745 1637 ἄν
791 1561 956 1653 ὑμῖν
1015 1568 1488 1656 συμπέμψαιμι
1509 1589 1524 1604 ·
1598 1567 1924 1656 νεόγαμός
1974 1594 2045 1636 τε
2087 1568 2218 1658 γάρ
2268 1566 2406 1640 ἐστι
2428 1622 2446 1655 ,
2511 1572 2624 1640 καὶ

333 1669 547 1739 ταῦτά
582 1674 650 1739 οἰ
674 1674 804 1740 νῦν
831 1671 1036 1758 μέλει.
1112 1675 1368 1740 Λυδῶν
1393 1674 1623 1759 μέντοι
1653 1670 1946 1758 λογάδας
1982 1672 2094 1739 καὶ
2122 1672 2197 1742 τὸ
2223 1676 2628 1761 κυνηγέσιον

336 1852 475 1901 quos
535 1835 726 1887 laudat

335 1909 386 1967 g.
423 1904 541 1956 118.
583 1906 837 1956 Imitatus
863 1911 964 1967 est,
1002 1912 1256 1957 monente
1279 1908 1433 1957 Wes-

334 1974 583 2040 seliugio,
608 1976 750 2025 hanc
771 1975 1103 2027 locutionem
1115 1976 1432 2027 Athenaeus

332 2045 492 2095 VIII.
521 2060 578 2109 p.
614 2045 716 2095 677
753 2047 818 2096 Ε.
848 2050 924 2096 »οι
971 2044 1155 2097 Schol.
1205 2046 1431 2097 Homer.

334 2113 424 2163 Ili.
461 2114 619 2174 VIII,
649 2116 773 2166 525.
810 2115 963 2165 Idem
988 2115 1270 2165 admonuit
1304 2131 1433 2180 quo-

334 2198 444 2247 que
487 2183 554 2233 de
586 2183 916 2246 Heliodoro,
969 2185 1061 2249 qui
1106 2184 1337 2235 similem
1372 2185 1432 2234 in

336 2251 556 2301 modum
574 2250 760 2318 χρῆμα
780 2253 1028 2304 adhibuit
1053 2254 1108 2303 in
1133 2254 1426 2318 Aethiopp.

333 2322 495 2372 VIII.
531 2338 585 2386 p.
604 2322 725 2373 364.
764 2324 832 2374 V.
852 2339 908 2387 p.
927 2323 1050 2375 233.
1085 2324 1209 2374 246.
1260 2322 1428 2373 Plura

793 1837 1139 1888 Hermannus
1202 1853 1258 1902 p.
1309 1837 1431 1889 732.

331 2390 491 2441 dabit
508 2390 869 2444 Valckenaer.
888 2391 959 2441 ad
976 2392 1226 2457 Euripid.
1254 2392 1428 2443 Phoe·
1442 2414 1449 2419 -

330 2461 469 2511 nise.
507 2460 627 2512 206.
690 2462 845 2511 Koch
891 2460 961 2510 ad
1002 2462 1263 2513 Antonin.
1299 2461 1424 2513 Lib.

328 2546 387 2595 p.
439 2531 560 2580 171.
633 2531 838 2595 Attigit
893 2545 1107 2596 quoque
1158 2530 1428 2581 Herodoti

329 2600 509 2649 locum
548 2600 807 2652 Eustath.
849 2600 919 2649 ad
956 2599 1145 2650 Iliadis
1194 2599 1232 2650 l.
1277 2598 1315 2651 l.

330 2668 456 2729 773,
495 2668 529 2719 0
566 2685 612 2720 s.
650 2670 773 2747 681,
810 2670 897 2720 28.
964 2668 1255 2734 Provulg.
1294 2615 1430 2725 συὲς

327 2739 554 2803 reposui
606 2728 738 2800 ὑὸς,
797 2739 855 2787 in
906 2753 1017 2803 qua
1073 2739 1249 2788 forma
1305 2752 1430 2788 mox

328 2807 683 2857 consentiunt
714 2822 900 2858 omnes
933 2807 1092 2857 codd.
1148 2807 1274 2857 vid.
1300 2808 1431 2857 Bre-

330 2877 464 2927 doV.
504 2893 558 2941 p.
600 2876 688 2927 48.
762 2876 872 2927 Sed
909 2868 1269 2941 ὁρμεοὶμενος
1304 2875 1428 2926 reli·

331 2948 464 3025 qui
468 2946 765 3024 ἰιιιιιοῒιιιιη
801 2947 872 2996 cf.
910 2946 955 3007 Ι,
999 2947 1082 2996 17.

402 3007 478 3064 τὰ
527 3012 641 3064 τῶν
674 3011 897 3064 Μυσῶν
942 3010 1105 3078 ἔργα
1157 3011 1430 3078 διαφθεί-

334 3082 526 3151 ρεσιιε]
573 3079 742 3152 ἔργον
786 3083 876 3134 hic
924 3083 990 3134 de
1027 3099 1181 3146 opere
1222 3084 1429 3134 rustico

334 3148 753 3219 intelligendum
818 3169 862 3203 s.
932 3152 999 3203 de
1061 3152 1275 3215 labore,
1338 3152 1432 3218 qui

335 3224 490 3287 agris
525 3221 766 3273 colendis
788 3222 1146 3286 impenditur3
1184 3226 1246 3271 ut
1283 3226 1430 3271 reete

336 3296 525 3342 monet
548 3292 747 3342 GraeV.
774 3291 952 3341 Lectt.
980 3291 1247 3342 Hesiodd.
1274 3292 1427 3341 c.10.

335 3361 407 3411 ad
430 3378 515 3411 vs.
540 3362 663 3412 409.
722 3358 875 3411 Alios
898 3359 1088 3411 laudat
1113 3360 1232 3421 Gr„
1270 3358 1433 3424 Apol·

332 3429 449 3481 lou.
488 3432 545 3479 in
579 3430 765 3480 Lexie.
805 3430 1027 3480 Homer.
1071 3446 1118 3480 s.
1167 3444 1222 3480 v,
1260 3423 1430 3491 ἔργον

334 3498 703 3565 p.296'1'oll.,
734 3499 916 3549 Stura.
938 3499 1149 3549 inLex.
1176 3498 1420 3562 Xenoph.

334 3569 413 3619 11.
464 3584 521 3633 p.
575 3566 696 3620 353.
744 3565 867 3619 355.
922 3569 1086 3618 Dion.
1141 3567 1425 3632 chrysost.

337 3638 499 3689 Orat.
531 3638 729 3688 XLIV.
795 3672 809 3686 .
842 3636 937 3686 197
964 3636 1051 3687 ed.
1076 3637 1296 3698 Reisk„
1332 3636 1427 3686 ubi

334 3706 598 3772 legimus:
645 3699 709 3756 τὸ
778 3720 918 3769 ργον
952 3697 1018 3755 τὸ
1047 3702 1179 3769 περὶ
1214 3698 1285 3754 τὰ
1321 3720 1429 3770 χω-

343 3776 457 3838 ρία.
557 3775 699 3826 Αᾶᾶ.
760 3775 950 3826 Reisk.
1018 3775 1088 3824 ad
1145 3773 1429 3824 Demosth.

344 3844 572 3909 olynth.
615 3845 693 3896 11.
733 3860 790 3909 p.
827 3844 914 3895 23.
963 3860 1017 3908 p.
1067 3845 1133 3894 87
1172 3843 1433 3894 ed.‘Voe—

342 3915 467 3966 mel.
501 3919 557 3964 et
578 3913 824 3965 Nitzseh.
856 3914 925 3963 ad
950 3912 1150 3977 Odyss.
1183 3913 1278 3975 IV,
1309 3912 1429 3974 318,

344 3985 435 4048 qui
473 3983 539 4033 de
585 3983 876 4034 Homerico
922 3981 1083 4031 huius
1130 3982 1284 4031 vocis
1328 3996 1433 4031 usu

341 4054 578 4113 monuit,
628 4053 699 4102 ad
729 4067 889 4118 quem
921 4052 1084 4101 etiam
1121 4050 1304 4100 multis
1322 4051 1435 4100 Ho-

342 4123 558 4172 mericis
593 4120 729 4172 locis
766 4120 951 4171 allatis
985 4119 1307 4185 provocavit
1330 4119 1436 4171 Ne-

344 4192 484 4253 gris,
535 4192 647 4267 qui
666 4181 904 4241 ιι.1.τά
945 4183 1081 4253 ἔργα
1114 4189 1437 4253 interpreta-

344 4266 433 4310 tur
466 4250 696 4325 ἆγρους.
772 4259 859 4309 Of.
893 4258 1060 4309 etiam
1088 4258 1235 4308 infra
1271 4258 1328 4320 Ι,
1364 4256 1433 4307 97

342 4329 473 4396 ibiq.
510 4334 653 4380 nott.
692 4332 749 4379 et
783 4328 852 4390 V,
889 4327 944 4379 6.
978 4359 1049 4368 —
1084 4326 1170 4377 Ad
1205 4327 1437 4377 formam

342 4398 648 4465 imperfecti
708 4394 1147 4463 διαφθείρεσκε,
1211 4396 1269 4446 in
1329 4409 1439 4462 qua

1537 1844 1887 1904 augmentum
1941 1837 2105 1904 vulgo
2166 1838 2374 1900 omitti,
2437 1839 2501 1889 F.
2557 1838 2626 1890 A.

1535 1908 1706 1959 Wolf.
1758 1924 1975 1973 quoque
2019 1912 2176 1959 notat
2233 1908 2501 1965 (Praefat.
2556 1907 2628 1957 ad

1537 1976 1697 2027 Iliad.
1734 1993 1787 2042 p.
1830 1977 2108 2043 LXVIII),
2142 1977 2288 2027 conf.
2317 1976 2361 2037 1,
2394 1976 2513 2028 100.
2550 1977 2625 2039 ΙΙ,

1540 2046 1640 2096 174
1677 2046 1860 2112 ibique
1890 2051 2033 2097 nott.
2105 2046 2260 2096 Unus
2293 2045 2430 2095 liber
2457 2062 2625 2111 prave

1536 2114 1755 2166 exhibet
1775 2113 1868 2165 διε
1884 2113 2210 2181 φθείρεσιιε.
2236 2116 2321 2165 Tu
2338 2115 2463 2166 vide
2481 2131 2626 2166 nuno

1534 2184 1770 2236 Bredov.
1807 2201 1861 2250 p.
1891 2185 2011 2247 285,
2051 2200 2157 2250 quo
2185 2184 2373 2235 eodem
2399 2192 2624 2236 auctore

1529 2268 1586 2317 p.
1629 2255 1728 2305 114
1763 2259 1818 2304 et
1852 2253 1957 2304 hoe
1995 2255 2114 2305 loeo
2152 2258 2206 2305 et
2245 2255 2328 2317 11,
2366 2257 2420 2305 2.
2468 2255 2556 2307 91.
2593 2271 2623 2305 e

1527 2322 1682 2374 libris
1711 2324 2023 2375 melioribus
2056 2323 2201 2374 edidi
2223 2293 2497 2382 πολλάκις
2524 2340 2624 2390 pro

1529 2385 1787 2443 πολλάκι.
1862 2393 1970 2445 Sed
1992 2383 2167 2443 ἕλεέιν
2190 2399 2244 2444 et
2280 2390 2627 2454 συνεξελέειν

1530 2453 1587 2510 ih
1634 2478 1787 2528 seqq.
1840 2463 2109 2513 intactum
2153 2462 2373 2527 reliqui,
2420 2466 2624 2512 utrum-

1530 2545 1662 2595 que,
1713 2533 1762 2581 si
1801 2532 2128 2582 Bredovium
2183 2546 2237 2595 p.
2286 2532 2388 2581 3⁶25
2438 2531 2625 2581 audia-
2675 2573 2684 2579 .

1528 2615 1680 2662 mus,
1721 2600 1777 2648 in
1805 2600 2036 2650 formam
2061 2604 2400 2649 contractam
2429 2592 2621 2665 (ἑλεῖν)

1534 2668 1883 2718 mutandum.
1949 2669 2008 2718 in
2060 2683 2167 2734 quo
2212 2667 2471 2730 Dietsch‚
2530 2668 2625 2717 alii

1532 2753 1654 2787 eum
1694 2737 1869 2787 secuti
1907 2742 2053 2788 sunt.

1604 2797 1681 2863 ὥς
1722 2797 1796 2855 ἄν
1836 2820 1936 2870 μιν
1971 2796 2243 2868 ἐξέλωμεν
2287 2796 2347 2853 ἔτι
2382 2801 2484 2868 τῆς
2519 2796 2626 2869 χιό-

1533 2874 1714 2941 ρης],
1723 2883 1798 2938 ,ιιι
1825 2877 1961 2927 illam
2004 2876 2212 2926 bestiam
2247 2890 2275 2924 e
2295 2882 2442 2925 {erra
2477 2876 2624 2924 colla-

1530 2961 1637 2995 nms
1671 2961 1716 2994 s.
1757 2948 1933 2996 tollere
1964 2946 2244 3007 poscimus!
2232 2946 2265 2971 “
2323 2945 2408 2993 De
2445 2932 2522 3001 ὦς
2543 2933 2625 2994 ἄν

1531 3020 1794 3079 sequente
1854 3014 2204 3067 coniunctivo
2264 3013 2409 3063 conf.
2459 3028 2624 3078 supra

1532 3084 1786 3146 Ι,11.-
1818 3074 2063 3145 ἕξαιρειν
2099 3084 2187 3133 hio
2220 3080 2304 3147 (ut
2338 3089 2504 3133 antea
2537 3077 2625 3132 αἴ

1535 3154 1679 3217 ρειν)
1732 3154 1986 3204 eximendi
2027 3151 2430 3218 significatione
2478 3154 2626 3202 acei-

1532 3220 1806 3286 piendum.
1878 3223 1961 3272 De
1986 3237 2094 3287 qua
2123 3224 2217 3272 Cr.
2257 3222 2517 3271 amandat
2553 3221 2625 3271 ad

1532 3290 1812 3341 Schaefer.
1872 3291 1942 3341 ad
1994 3290 2245 3356 Sophoel.
2302 3291 2497 3354 Oedip.
2554 3292 2622 3341 R.

1531 3360 1654 3411 907.
1726 3360 1867 3411 Add.
1909 3359 2221 3411 Markland.
2269 3358 2339 3409 ad
2371 3358 2621 3421 Euripid.

1531 3427 1721 3494 Suppl.
1753 3429 1872 3479 309.

1603 3490 1827 3553 Παιδὸς
1864 3488 1975 3613 μὲν
2025 3490 2185 3557 πέρι
2231 3489 2334 3541 τοῦ
2374 3485 2514 3556 ἐμοῦ
2547 3483 2625 3556 μὴ

1527 3563 1920 3631 μνησθῆτετ
1923 3561 1968 3628 ι]
1995 3562 2080 3612 Ad
2113 3566 2444 3611 structuram
2470 3561 2626 3610 verbi

1528 3633 1790 3698 μνᾶσθαι
1839 3648 1960 3682 οιιιιι
2016 3629 2420 3695 praepositione
2474 3625 2622 3692 περὶ,

1527 3704 1651 3753 loco
1677 3701 1936 3765 simplicis
1960 3700 2206 3765 genitivi,
2245 3698 2392 3749 conf.
2415 3698 2621 3750 Herod.

1528 3772 1658 3834 VII,
1696 3770 1765 3821 39
1815 3775 1872 3820 et
1917 3783 2056 3835 quae
2099 3768 2210 3818 alia
2251 3767 2409 3818 affert
2444 3767 2624 3819 Kueh

1532 3856 1648 3893 ner.
1687 3841 1782 3891 Gr.
1820 3841 1911 3890 Gr.
1947 3842 1999 3902 ξ.
2038 3838 2141 3889 529
2177 3844 2290 3889 not.
2330 3839 2383 3889 2.

1601 3906 1698 3959 καὶ
1726 3901 1904 3958 ταῦτά
1941 3901 2001 3957 οἱ
2023 3905 2131 3957 νῦν
2154 3902 2325 3974 μέλει]
2360 3920 2557 3969 ταυτα,
2581 3905 2620 3955 i.

1535 3995 1585 4030 e.
1624 3971 1692 4028 τὰ
1728 3977 1830 4027 τοῦ
1868 3971 2082 4057 γάμου,
2122 3977 2267 4043 quod
2305 3991 2369 4027 ex
2407 3980 2624 4026 antece-

1535 4048 1813 4099 dentibus:
1893 4014 2168 4112 νεόγαμός
2225 4060 2284 4095 τε
2345 4037 2450 4125 γάρ
2508 4034 2623 4092 ἔστι

1535 4124 1718 4170 mente
1751 4118 2103 4183 repetendum
2139 4121 2244 4167 est.
2313 4129 2378 4163 το
2410 4126 2624 4174 κννη·

1535 4185 1778 4252 γείσιον
1813 4187 2089 4253 significat
2121 4184 2428 4234 venaticum
2466 4194 2625 4230 omne

1535 4257 1921 4318 ministerium,
1973 4258 2263 4305 venatores
2311 4266 2433 4301 eum
2479 4248 2624 4297 eani-

1535 4326 1660 4376 bus.
1717 4328 1783 4375 In
1803 4325 1971 4375 verbo
2007 4312 2434 4383 διακελεύομαι
2468 4331 2624 4382 prae-

1535 4395 1864 4460 positionem
1891 4389 2307 4459 significationis
2342 4385 2625 4452 augendae

2114 4468 2205 4534 6*
