3109 5092
515 234 639 299 842
1314 228 1845 291 EXCURSUS
1889 230 1989 290 III

517 426 629 480 quo
670 406 867 477 opinor
907 404 1093 473 gentis
1115 404 1389 458 Etruscae
1421 405 1577 473 origo
1600 403 1781 473 Lydia
1810 403 2033 473 probari
2056 403 2269 472 possit,
2314 403 2501 472 prouti
2528 404 2657 456 viri
2693 404 2821 474 qui-

518 496 638 549 dam
662 491 806 545 haud
837 490 1046 543 indocti
1075 490 1528 559 pronuntiarunt.
1584 490 1741 555 Nam,
1772 489 1829 540 in
1857 505 1967 559 quo
1991 488 2069 540 illi
2093 488 2317 541 maxime
2346 489 2657 557 insistunt,
2692 489 2820 543 lite-

518 597 613 633 rae
643 578 772 631 huic
799 580 1144 629 monumento
1178 573 1474 648 sepulcrali
1514 574 1815 644 inscriptae
1847 575 2088 629 Graecae
2127 573 2317 644 potius
2348 592 2476 626 esse
2508 574 2818 641 videntur,

519 683 620 718 nec
663 663 773 716 ullo
803 662 961 716 modo
990 676 1110 713 cum
1135 660 1396 713 Etruscis
1426 677 1724 727 congruae.
1791 659 1880 710 Tu
1913 658 2039 711 vide
2068 659 2149 710 sis
2179 659 2457 728 copiosam
2488 660 2599 712 bac
2647 660 2725 712 de
2756 679 2817 712 re

519 748 943 820 disputationem
972 744 1188 797 Osanni
1219 744 1277 796 in
1308 745 1480 809 libro,
1518 745 1614 814 qui
1643 744 1995 797 inscribitur=
2033 742 2217 795 Midas
2249 744 2384 796 oder
2410 744 2818 811 Erkliirungs-

519 833 758 888 versuch
787 833 887 885 der
928 828 1234 883 erweislich
1275 830 1508 883 altesten
1553 830 1758 897 griech.
1792 829 2057 881 Insclirift
2084 834 2190 882 etc.
2242 828 2435 898 Leipz.
2466 835 2524 881 et
2544 830 2813 882 Dar-mst-

525 927 676 981 1830·
711 937 765 988 p·
793 925 821 977 1
853 934 1008 986 ’etm-
1041 920 1112 974 2ss
1133 932 1289 984 wm-

693 1002 775 1055 Ad
814 1000 1154 1055 Herodotum
1195 999 1433 1069 denique
1479 1004 1541 1051 ut
1581 1004 1862 1065 revertar,
1910 996 2055 1050 haud
2096 996 2350 1067 equidem
2392 1015 2517 1051 sum
2544 998 2810 1065 nescius,

522 1106 683 1162 quam
710 1086 976 1140 lubricum
1005 1084 1082 1138 sit
1115 1101 1180 1137 ea
1216 1085 1283 1137 de
1315 1103 1376 1138 re
1410 1084 1546 1155 quid
1578 1090 1824 1136 statuere
1856 1081 2024 1151 velle,
2069 1099 2212 1153 quae
2244 1082 2348 1136 iam
2379 1083 2653 1151 Dionysii
2694 1083 2813 1134 Ha·

519 1171 945 1228 licarnassensis
988 1174 1171 1222 aetate
1200 1169 1257 1222 in
1294 1169 1455 1222 valde
1495 1168 1820 1238 disceptatis
1865 1172 2032 1237 atque
2075 1167 2346 1236 ambiguis
2392 1169 2574 1221 fuisse
2622 1168 2810 1219 videri

522 1264 716 1330 queat3
758 1255 895 1308 illud
927 1256 1049 1307 iure
1076 1255 1203 1306 mihi
1237 1272 1452 1307 sumere
1484 1272 1652 1323 posse
1684 1254 1908 1319 videor,
1949 1253 2235 1321 vulgarem
2268 1258 2418 1305 certe
2448 1260 2629 1323 atque
2663 1271 2809 1305 com-

521 1359 734 1397 munem
763 1339 1112 1409 antiquitatis
1141 1339 1471 1391 sententiam
1502 1339 1572 1391 de
1598 1339 1962 1391 Etruscorum
1997 1337 2213 1405 origine
2244 1355 2358 1391 eam
2384 1338 2563 1407 ipsam
2598 1338 2807 1404 fuisse,

522 1445 682 1499 quam
715 1424 1034 1478 Herodotus
1066 1424 1354 1493 ipsumque
1386 1423 1561 1477 secuti
1594 1423 1740 1475 haud
1768 1423 1929 1493 pauci
1968 1440 2148 1475 rerum
2187 1423 2493 1492 scriptores
2528 1421 2805 1493 prodide-

521 1513 652 1567 rint.
732 1511 893 1573 Quae
938 1508 1046 1560 nisi
1087 1508 1255 1577 vulgo
1305 1516 1559 1578 recepta,
1604 1507 1883 1578 plerisque
1925 1508 2062 1561 adeo
2108 1509 2338 1577 probata
2380 1508 2644 1576 fuisset,
2678 1525 2806 1560 num

521 1595 848 1666 Dionysium
894 1592 1154 1646 credibile
1197 1600 1286 1646 est
1328 1600 1533 1646 tantam
1574 1592 1907 1662 impendisse
1953 1610 2202 1662 operam,
2249 1609 2359 1664 qua
2399 1592 2599 1646 falsam
2646 1592 2801 1645 eviu-

522 1688 674 1736 ceret
722 1679 864 1732 illam
916 1696 1182 1748 suamque
1227 1678 1408 1748 ipsius
1457 1680 1727 1732 veriorem
1766 1680 2031 1748 probaret
2076 1678 2438 1747 sententiam,
2499 1695 2621 1748 qua
2668 1677 2799 1730 nibil

521 1765 746 1821 Etrusci
813 1780 931 1817 cum
983 1764 1159 1831 Lydis
1201 1781 1478 1817 commune
1534 1763 1872 1816 habuerint?
1943 1763 2142 1833 Neque
2185 1763 2333 1834 quod
2385 1779 2558 1834 supra
2614 1761 2799 1830 attigi,

521 1850 724 1905 Xanthi
755 1849 1034 1903 silentium
1064 1867 1130 1901 eo
1160 1866 1337 1920 usque
1367 1849 1573 1919 poterit
1604 1848 1819 1915 valere,
1866 1856 1958 1916 ut,
1999 1864 2139 1918 quae
2169 1849 2263 1901 alii
2294 1849 2363 1901 de
2391 1848 2687 1916 Lydorum
2716 1864 2797 1898 re-

521 1938 627 1990 bus
669 1941 962 2002 enarrent,
1018 1935 1280 1987 continuo
1326 1952 1424 2004 pro
1465 1933 1621 1987 falsis
1669 1933 1994 1999 babeamus,
2056 1933 2373 2002 praesertim
2423 1951 2542 1985 cum
2592 1948 2798 1985 causae

524 2022 759 2076 subesse
788 2019 1040 2087 possint,
1087 2035 1186 2071 cur
1217 2019 1443 2071 alterum
1475 2019 1730 2085 siluisse,
1775 2018 2003 2071 alterum
2033 2018 2242 2070 dixisse
2271 2019 2349 2070 sit
2377 2018 2666 2071 credibile.

692 2105 853 2167 Quae
890 2119 1009 2155 cum
1054 2103 1129 2155 ita
1167 2103 1310 2171 sint,
1359 2120 1535 2173 nuper
1582 2110 1760 2155 tamen
1800 2103 1989 2173 plures
2038 2103 2400 2169 exstiterunt,
2446 2104 2543 2173 qui
2586 2119 2794 2155 omnem

523 2188 804 2258 Lydorum
838 2186 1331 2255 commigrationem
1360 2187 1415 2239 in
1447 2188 1723 2241 Etruriam
1758 2205 2073 2257 omnemque
2110 2187 2239 2240 inde
2278 2188 2574 2257 utriusque
2608 2187 2792 2256 gentis

523 2272 904 2342 cognationem
942 2271 1010 2323 ad
1041 2270 1255 2324 fabulas
1295 2272 1626 2339 relegarent,
1665 2273 1813 2325 nulla
1848 2273 1955 2325 fide
1984 2272 2200 2341 dignas,
2234 2271 2537 2339 Herodoto,
2589 2269 2795 2325 homini

523 2356 745 2412 credulo
780 2374 812 2408 a
844 2355 1075 2409 Graecis
1104 2356 1161 2409 in
1190 2355 1323 2408 Asia
1357 2356 1552 2409 minori
1587 2358 1959 2410 habitantibus
1988 2359 2278 2422 obtrusas,
2315 2364 2379 2409 ut
2400 2357 2790 2425 Schweglerus

524 2443 785 2514 opinatur
810 2440 1001 2495 Roem.
1031 2441 1233 2494 Gesch.
1267 2441 1313 2496 I.
1347 2459 1400 2510 p.
1424 2446 1547 2500 258.
1579 2447 1702 2502 261.
1772 2442 1852 2494 Ac
1886 2442 1995 2494 tale
2045 2441 2178 2513 quid
2219 2442 2325 2493 iam
2349 2441 2533 2494 Micali
2576 2440 2791 2513 (Storia

524 2527 670 2597 degli
707 2527 911 2579 antichi
953 2525 1139 2597 popoli
1167 2525 1289 2578 Ital.
1314 2526 1361 2578 1.
1395 2545 1451 2596 p.
1473 2531 1540 2586 97
1566 2528 1717 2596 seq.)
1754 2531 2056 2579 statuerat:
2101 2527 2198 2596 qui
2228 2543 2348 2579 cum
2387 2525 2524 2579 alias
2553 2542 2789 2596 prorsus

522 2615 885 2667 Etruscorum
932 2611 1177 2680 origines
1207 2612 1536 2678 somniaret,
1596 2611 1867 2665 Herodoti
1916 2612 2283 2664 narrationem
2319 2628 2551 2681 prorsus
2600 2610 2788 2664 falsam

524 2701 810 2767 fictamque
842 2697 1066 2761 habuit,
1113 2696 1211 2748 sed
1248 2696 1390 2750 idem
1419 2696 1540 2748 aliis
1572 2695 1709 2748 locis
1749 2697 1825 2767 (1.
1858 2715 1912 2765 p.
1937 2702 2026 2756 99.
2070 2697 2146 2749 ΙΙ.
2173 2715 2227 2765 p.
2256 2701 2360 2756 106
2383 2712 2502 2765 seq.
2542 2702 2648 2756 116
2670 2713 2783 2763 seq.

523 2790 643 2843 121.
674 2786 778 2840 255
800 2783 950 2850 seq.)
982 2781 1128 2834 haud
1157 2798 1331 2850 pauca
1358 2781 1503 2850 apud
1533 2782 1805 2833 Etruscos
1838 2782 2069 2850 reperiri
2103 2783 2344 2848 fatetur,
2390 2798 2533 2852 quae
2565 2800 2637 2834 ex
2659 2779 2786 2833 Asia

524 2874 691 2935 atque
721 2883 786 2917 ex
814 2865 1071 2934 Aegypto
1101 2866 1441 2934 potissimum
1468 2865 1584 2917 sint
1616 2866 1944 2934 repetenda:
1987 2884 2128 2935 qnae
2157 2867 2342 2920 eadem
2371 2867 2427 2918 in
2460 2866 2628 2919 huius
2660 2881 2782 2934 ope-

525 2951 601 3001 ris
642 2965 878 3000 censura
914 2949 1246 3016 pronunciat
1273 2948 1448 3002 Raoul
1477 2948 1743 3001 Rochette
1778 2950 1833 3003 in
1869 2951 2102 3004 Journal
2139 2951 2191 3003 d.
2226 2951 2354 3003 Sav.
2390 2954 2546 3010 1834.
2580 2969 2637 3021 p.
2667 2955 2779 3008 145.

525 3033 607 3085 Ad
623 3030 892 3099 Pelasgos
921 3033 1171 3085 revocari
1203 3032 1322 3085 vult
1351 3034 1623 3086 Etruscos
1653 3052 1699 3086 s.
1725 3034 2068 3102 Tyrrhenos,
2100 3036 2169 3087 ab
2190 3036 2324 3087 Asia
2353 3036 2548 3089 minori
2578 3034 2783 3088 minime

525 3115 873 3187 repetendos,
905 3116 1145 3185 Lepsius
1170 3117 1224 3169 in
1251 3117 1391 3169 libro
1417 3118 1514 3186 qui
1542 3118 1895 3171 inscribitur:
1931 3120 2116 3173 Ueber
2136 3120 2224 3173 die
2250 3123 2500 3188 tyrrhen.
2523 3119 2785 3186 Pelasger

521 3202 578 3254 in
609 3201 874 3253 Etrurien
911 3208 1015 3253 etc.
1048 3200 1205 3270 Lips.
1239 3206 1405 3261 1842:
1446 3201 1515 3253 de
1545 3220 1657 3271 qua
1684 3204 1959 3256 sententia
1999 3205 2070 3255 cf.
2103 3204 2434 3272 Schwegler.
2459 3205 2495 3257 l.
2523 3205 2558 3256 l.
2590 3208 2778 3274 p.262·

523 3285 740 3339 Nullam
766 3285 912 3339 inter
930 3284 1120 3353 Lydos
1145 3292 1200 3338 et
1221 3287 1493 3339 Etruscos
1526 3286 1932 3340 similitudinem
1962 3289 2410 3356 cognationemve
2442 3289 2779 3342 intercedere

524 3372 816 3443 professus
859 3376 947 3424 est
970 3371 1281 3424 Grotefend
1315 3371 1351 3423 l.
1375 3370 1410 3423 l.
1462 3376 1518 3423 et
1550 3372 1657 3425 Th.
1694 3371 1898 3426 Menke
1930 3374 2189 3441 Lydiacc.
2221 3391 2276 3443 p.
2299 3380 2401 3442 263
2446 3373 2572 3427 inde
2603 3375 2673 3425 ad
2703 3372 2774 3423 sa-

523 3457 681 3509 bulas
709 3455 991 3523 Lydorum
1022 3455 1079 3508 in
1104 3455 1316 3509 Italiam
1351 3455 1700 3510 advectorum
1725 3455 1985 3510 coloniam
2010 3459 2171 3527 plane
2194 3459 2351 3511 reiici
2379 3457 2499 3512 vult
2518 3454 2775 3528 Hupseld.

524 3541 790 3594 Exercitt.
822 3539 1068 3593 Herodd.
1104 3542 1263 3612 Spec.
1284 3542 1388 3595 111.
1421 3548 1563 3610 p.22
1592 3559 1784 3611 seqq.,
1829 3542 2063 3613 itemque
2098 3543 2430 3612 Schwegler.
2464 3542 2500 3595 l.
2526 3542 2562 3595 l.
2602 3561 2658 3612 p.
2680 3542 2777 3599 258

524 3644 664 3695 seq„
710 3641 868 3695 quem
901 3625 949 3677 si
980 3626 1265 3695 sequaris,
1301 3626 1667 3678 Etruscorum
1696 3643 1836 3693 gens
1868 3626 2363 3680 Indo-Germanica
2396 3646 2463 3681 ex
2495 3627 2661 3680 Asiae
2689 3641 2775 3677 su-

523 3708 761 3779 perioris
804 3709 1127 3777 regionibus
1159 3710 1413 3763 terrestri
1453 3711 1653 3764 itinere
1688 3711 1744 3762 in
1776 3710 1984 3765 Italiam
2024 3711 2363 3781 immigrasse
2406 3710 2640 3765 dicenda
2678 3706 2777 3763 erit

522 3797 605 3863 (p.
642 3793 794 3857 268).
855 3793 964 3846 Sed
998 3796 1154 3863 haec,
1189 3812 1331 3865 quae
1362 3812 1495 3848 vera
1531 3795 1850 3849 coniectura
1884 3795 2166 3864 nituntur,
2200 3813 2348 3849 nunc
2377 3798 2560 3850 mitto:
2590 3800 2774 3851 contra

523 3874 808 3945 Hupfeldii
853 3877 1202 3946 opinationes
1236 3879 1506 3933 Herodoti
1552 3881 1931 3935 auctoritatem
1972 3882 2116 3934 tueri
2161 3882 2353 3934 studui
2383 3883 2439 3933 in
2473 3881 2700 3934 Jahrbb.
2735 3878 2772 3929 s.

522 3958 661 4012 Phil.
701 3976 757 4010 u.
792 3959 1033 4029 Paedag.
1069 3963 1265 4015 LXIV.
1298 3983 1355 4033 p.
1382 3969 1485 4024 142
1508 3980 1663 4035 seqq.
1683 4006 1699 4033 ‚
1747 3964 1951 4036 quippe
1980 3982 2139 4035 quam
2168 3966 2516 4036 antiquorum
2548 3966 2771 4035 scripto·

523 4062 642 4098 rum
688 4043 1020 4097 testimoniis
1061 4048 1340 4115 probatam
1392 4047 1625 4119 aliisque
1676 4050 1843 4103 rebus
1896 4068 1959 4103 ac
2004 4049 2343 4120 potissimum
2379 4050 2481 4119 iis,
2527 4066 2668 4120 quae
2710 4045 2771 4099 ad

522 4129 886 4182 Etruscorum
919 4134 1088 4182 artem
1121 4137 1403 4200 spectant,
1448 4134 1815 4187 confirmatam
1853 4134 1946 4186 alii
1976 4152 2198 4205 quoque
2228 4135 2336 4187 viri
2377 4135 2552 4203 docti,
2597 4130 2769 4206 quiin

525 4213 610 4266 bis
664 4212 833 4266 rebus
879 4214 1182 4267 tractandis
1228 4232 1432 4269 summa
1484 4217 1772 4286 diligentia
1825 4220 2042 4289 fideque
2089 4219 2299 4273 versati
2342 4226 2501 4287 sunt,
2558 4218 2771 4272 maxime

523 4298 782 4351 tuendam
820 4296 1155 4353 iudicarunt.
1226 4300 1381 4357 Inter
1409 4302 1579 4355 Italos
1623 4309 2001 4373 exposuerunt
2028 4302 2362 4373 Vermiguoli
2402 4304 2459 4356 in
2488 4303 2692 4373 Saggio
2720 4299 2769 4352 di
