3109 5092
1167 399 1422 461 OLIO.
1474 402 1523 461 Ι.
1567 412 1655 467 48.
1702 411 1792 466 49.
2536 408 2616 467 97

506 564 806 645 ἑψομένης
847 562 914 626 ἕν
954 568 1159 649 χαλκῷ
1201 558 1308 646 ἅμ’
1354 560 1644 645 ἀρνείοισι
1688 567 1988 646 κρέεσσιν,

504 652 545 748 ᾗ
580 657 798 746 χαλκὸς
838 664 950 744 μὲν
992 658 1391 747 ὑπέστρωται,
1432 661 1653 748 χαλκὸν
1698 660 1755 728 δ’
1803 668 2078 731 ἕπίεσται.

341 797 568 860 Ταῦτα
605 795 676 860 οἰ
712 792 929 859 Λυδοὶ
982 789 1398 879 θεσπισάσης
1437 797 1552 879 τῆς
1592 800 1864 879 Πυθίης
1910 795 2461 883 συγγραψάμενοι
2514 807 2711 872 οῖ’-48

330 921 531 983 χοντο
574 890 887 971 ἀπιόντες
928 888 995 972 ἐς
1033 890 1149 972 τὰς
1190 891 1464 983 Σάρδις.
1536 890 1626 976 ὥς
1666 895 1742 963 δὲ
1780 897 1892 964 καὶ
1933 886 2134 966 ὧλλοι
2184 902 2253 966 οἰ
2290 923 2614 986 περιπεμ·

331 1000 630 1085 φθέντες
656 1001 968 1085 παρῆσαν
994 999 1318 1085 φέροντες
1342 994 1498 1077 τούς
1522 996 1859 1087 χρησμοὺς
1877 1050 1896 1084 ,
1936 1001 2238 1070 ἐνθαῦτα
2266 996 2301 1068 ὁ
2329 1009 2620 1089 Κροῖσος

333 1104 582 1169 ἕκαστα
625 1096 1077 1169 ἀναπτύσσων
1120 1098 1347 1187 ἐπώρα
1385 1105 1525 1169 τῶν
1559 1100 2120 1190 συγγραμμάτων.
2178 1107 2316 1172 τῶν
2369 1102 2496 1193 μὲν
2535 1102 2621 1193 δὴ

332 1200 544 1273 οὐδὲν
572 1202 885 1291 προσίετό
928 1224 1074 1289 μιν·
1124 1197 1160 1270 ὁ
1204 1201 1314 1287 δὲ,
1359 1198 1448 1282 ὥς
1487 1200 1564 1271 τὸ
1604 1206 1677 1272 ἐκ
1703 1208 2004 1293 Δελφῶν
2049 1201 2329 1294 ἤκουσε,
2377 1202 2620 1276 αὐτίκα

249 1304 747 1393 23προσεύχετό
784 1332 857 1375 τε
906 1307 1019 1373 καὶ
1061 1307 1533 1393 προσεδέξατο,
1593 1313 1870 1394 νομίσας
1907 1312 2176 1395 ,μοῦνον
2230 1307 2404 1377 εἶναι
2446 1337 2616 1396 μαν-

333 1408 527 1498 τήϊον
566 1406 642 1480 τὸ
686 1404 763 1477 ἐν
803 1416 1168 1494 Δελφοῖσι,
1223 1404 1325 1476 ὅτι
1374 1413 1446 1477 οί
1487 1405 1869 1498 ἐξευρήκεε,
1925 1407 2008 1479 τὰ
2057 1407 2259 1490 αὐτὸς
2307 1407 2612 1500 ἐποίησε·

336 1510 493 1582 ἐπεί
513 1538 585 1581 τε
624 1509 752 1599 γὰρ
782 1508 869 1598 δὴ
911 1513 1237 1598 διέπεμψε
1267 1508 1447 1599 παρὰ
1476 1509 1559 1580 τὰ
1585 1512 1948 1602 χρηστήρια
1982 1510 2140 1594 τούς
2166 1514 2615 1602 θεοπρόπους,

335 1614 639 1704 φυλάξας
667 1611 792 1712 τὴν
829 1620 1078 1702 κυρίην
1112 1618 1250 1682 τῶν
1278 1608 1619 1702 ἡμερέων,
1665 1611 2121 1704 ἐμηχανήσατο
2150 1615 2373 1685 τοιάδε
2394 1640 2408 1653 ·
2469 1614 2613 1687 ἑπι-

331 1717 613 1807 νοήσας,
657 1713 737 1786 τὰ
762 1707 851 1803 ἦν
875 1713 1221 1804 ἀμήχανον
1251 1713 1552 1805 ἐξευρεῖν
1578 1743 1652 1785 τε
1681 1720 1793 1786 καὶ
1826 1715 2330 1807 ἐπιφράσασθαι
2348 1771 2366 1803 ,
2405 1720 2614 1807 χελώ-

330 1848 466 1908 νην
504 1823 616 1889 καὶ
656 1816 830 1908 ἄρνα
873 1816 1285 1903 κατακόψας,
1327 1814 1499 1907 ὁμοῦ
1538 1823 1696 1901 ἕψεε
1731 1816 1931 1902 αὐτὸς
1974 1817 2048 1889 ἐν
2077 1823 2303 1908 λέβητι
2334 1825 2615 1914 χαλκέῳ,

330 1924 619 2011 χάλκεον
659 1919 960 2010 ἐπίθημα
1004 1916 1287 2001 ἐπιθείς.
1395 1919 1488 1990 Τά
1538 1922 1664 2011 μὲν
1705 1921 1790 2009 δὴ
1839 1920 1914 1991 ἐκ
1953 1928 2254 2008 Δελφῶν
2296 1919 2472 1991 οὕτω
2525 1929 2713 2016 τᾳῖ49

332 2033 608 2120 Κροίσῳ
650 2022 980 2114 ἐχρήσθη·
1039 2020 1203 2093 κατὰ
1245 2023 1319 2092 δὲ
1357 2020 1482 2113 τὴν
1513 2021 1898 2112 Ἀμφιάρεω
1937 2030 2058 2094 τοῦ
2091 2032 2421 2113 μαντηΐου
2448 2022 2615 2095 άπό-

330 2150 560 2216 κρισιν
589 2125 713 2197 οὐκ
741 2134 870 2216 ἔχω
899 2126 1115 2211 εἶπαι,
1160 2124 1198 2194 ὅ
1237 2153 1300 2194 τι
1334 2141 1506 2196 τοῖσι
1533 2133 1820 2197 Λυδοῖσι
1857 2133 2091 2215 ἔχρησε
2122 2127 2433 2216 ποιήσασι
2462 2131 2617 2220 περὶ

403 2283 619 2359 χαλκὸν
648 2282 705 2339 δ’
743 2282 1018 2358 ἕπίεσται]
1039 2291 1131 2343 Sic
1154 2289 1281 2340 dedi
1307 2306 1427 2340 eum

1529 2294 1749 2345 Laudat
1768 2292 2096 2359 wesseling.
2112 2294 2390 2360 Aristoph.
2402 2296 2615 2361 Equitt.

330 2364 565 2413 reeentt.
606 2376 704 2425 pro
741 2352 1015 2424 ἐπιέσται,
1053 2376 1175 2412 eum
1212 2359 1278 2409 de
1310 2375 1427 2425 per-

1529 2362 1662 2415 358:
1695 2356 1763 2414 ἓν
1795 2356 1854 2412 δ’
1895 2354 1964 2412 οὐ
1999 2362 2381 2426 προσίεταί
2406 2378 2475 2428 με
2501 2362 2618 2414 τῶν

333 2433 471 2482 fecti
504 2431 681 2480 forma
713 2431 868 2480 verbi
913 2427 1113 2494 ἓννυμι
1160 2430 1248 2479 hie
1295 2444 1427 2495 aga-

332 2506 451 2562 ται-ς
478 2499 590 2550 vid.
610 2499 853 2551 Grashof
866 2501 924 2549 in
948 2497 1243 2550 Schulzeit.
1273 2499 1424 2551 1832.

335 2587 417 2620 nr.
459 2571 580 2620 120.
603 2585 659 2634 p.
684 2568 789 2621 964
813 2568 933 2619 coll.
961 2584 1045 2620 nr.
1074 2570 1192 2619 122.
1220 2584 1272 2633 p.
1299 2568 1423 2618 977.

333 2641 421 2690 De
479 2643 757 2688 structura
816 2638 1036 2689 relativi
1090 2637 1424 2702 pronominis

334 2709 548 2759 monuit
594 2708 893 2758 Hermann.
946 2708 1016 2757 ad
1060 2709 1245 2772 Viger.
1294 2723 1423 2772 pag.

335 2779 460 2829 708.
496 2776 825 2842 Wesseling.
877 2776 1057 2827 locum
1091 2777 1173 2826 sie
1212 2792 1427 2841 expres-

334 2849 437 2896 sitz
472 2848 599 2909 „eui
629 2848 866 2897 testudini
898 2846 1201 2897 submutant
1232 2846 1428 2911 quidem

336 2931 448 2976 aes,
481 2931 649 2965 verum
680 2931 771 2965 aes
806 2931 1002 2982 quoque
1034 2917 1212 2967 induta
1253 2916 1392 2965 est.“

663 3084 798 3137 Cu.
834 3086 1097 3141 XLVIII.

408 3179 487 3245 ὥς
529 3181 593 3236 δὲ
627 3186 721 3238 καὶ
763 3176 955 3255 ὧλλοι]
994 3178 1153 3239 ἄλλοι
1187 3191 1247 3241 in
1272 3191 1428 3240 Wes-

338 3257 557 3322 selingii
588 3256 824 3308 editione
870 3263 1080 3319 exstat3
1127 3260 1320 3324 scripti
1350 3265 1432 3309 at-

340 3342 461 3405 que¹
479 3326 645 3376 etiam
680 3326 814 3377 editi
838 3326 964 3377 libri
1001 3327 1236 3378 offerunt
1262 3320 1430 3378 ὅλλοι

340 3401 396 3445 et
418 3394 604 3445 ωλλοι.
641 3397 908 3447 Matthiae
942 3402 998 3447 et
1025 3397 1303 3449 Sebaefer.
1327 3385 1429 3447 ὦλ-

339 3465 448 3529 λοι,
485 3464 635 3530 quod
671 3481 794 3516 eum
831 3470 1060 3517 reeentt.
1099 3467 1255 3517 editt.
1283 3466 1427 3528 dedi,

338 3535 562 3584 iubente
617 3548 830 3601 quoque
891 3536 1123 3586 Bredov.
1184 3552 1239 3602 p.
1300 3537 1423 3588 201.

341 3603 502 3653 Oonf.
537 3603 616 3663 11,
657 3606 742 3655 14.
778 3602 904 3655 coll.
943 3605 1020 3667 11,
1057 3604 1146 3656 36.
1183 3606 1272 3656 51.
1340 3605 1424 3656 Ad

346 3673 422 3735 ΙΙ,
462 3674 545 3723 14.
583 3672 843 3724 nonnulla
868 3675 1078 3724 monuit
1096 3674 1423 3740 wesseling.

344 3741 575 3792 laudans
623 3742 805 3793 Schol.
850 3743 1100 3807 Apollon.
1140 3743 1317 3796 Rhod.
1357 3743 1428 3794 ad

345 3811 390 3872 Ι,
430 3811 584 3873 1081,
623 3812 715 3876 qui
757 3813 1048 3862 reeentiori
1084 3812 1278 3863 Ionum
1315 3813 1428 3863 dia-

346 3879 488 3929 lecto
534 3880 677 3930 hane
728 3881 958 3931 formam
1005 3882 1273 3933 adscribit
1317 3883 1429 3932 Ho-

346 3963 489 3998 mero
525 3948 792 4014 ignotam.

416 4013 621 4067 ἕκαστα
684 4010 1151 4068 ἀναπτύσσων
1212 4009 1428 4083 ἐπώρα]

350 4087 547 4150 „Confi
593 4087 815 4139 Homer.
876 4087 964 4138 ni.
1020 4089 1115 4151 VI,
1173 4088 1301 4139 169:
1358 4117 1428 4127 —-

346 4148 572 4219 γράψας
614 4147 678 4204 ἐν
722 4155 923 4205 πίνακι
965 4157 1188 4222 πτυκτῷ,
1246 4156 1431 4220 ibique

348 4224 548 4288 Heynii
584 4224 853 4276 Observv.
901 4240 1027 4289 pag.
1072 4228 1177 4278 219
1221 4241 1337 4291 seq.
1376 4229 1433 4274 et

346 4293 611 4344 Herodot.
650 4293 774 4355 VII,
804 4293 965 4343 239“.
1004 4296 1089 4344 Or.
1206 4311 1213 4319 ·

412 4360 531 4410 τῶν
574 4355 681 4425 μὲν
728 4353 803 4424 δὴ
852 4352 1026 4411 οὐδὲν
1068 4360 1431 4428 προσίετο]

346 4431 385 4478 i.
418 4445 469 4480 e.
503 4445 713 4495 quor-nam
745 4431 936 4496 quidem
969 4433 1151 4481 natham
1178 4433 1430 4496 pmbavit.

440 4530 780 4573 HERODO'I'.
825 4530 871 4571 1.

1527 2426 1902 2499 πραγμάτων.·
1950 2432 2093 2483 Add.
2139 2433 2337 2484 Matth.
2391 2437 2442 2497 ὅ.
2489 2435 2613 2484 411.

1527 2506 1643 2553 not.
1681 2505 1732 2552 2.
1766 2517 1894 2567 pag.
1922 2503 2025 2552 752
2052 2501 2202 2564 infr„
2229 2503 2317 2551 eui
2346 2501 2615 2565 προσίετο

1527 2572 1616 2621 hie
1673 2570 1813 2621 idem
1872 2570 2024 2620 valet
2072 2574 2235 2635 atque
2283 2560 2501 2633 ἤρεσκε.
2547 2601 2619 2610 -

1528 2640 1593 2689 In
1642 2655 1793 2705 seqq.
1840 2631 2186 2703 προσεύχετο
2233 2644 2317 2687 est
2362 2640 2617 2688 adoravit.

1530 2709 1620 2759 Ita
1638 2707 1917 2760 Plutarch.
1953 2708 2023 2757 de
2050 2707 2252 2757 defeet.
2281 2721 2461 2756 oraee.
2489 2722 2615 2772 pag.

1527 2780 1634 2829 434
1669 2779 1736 2839 Ε,
1772 2777 1866 2827 ubi
1903 2775 2068 2826 simili
2100 2777 2291 2825 nuntio
2327 2779 2555 2840 accepto
2587 2765 2618 2825 ὁ

1527 2838 1753 2913 ἡγεμών
1773 2838 1957 2896 ἐκεῖνο
1985 2835 2259 2908 ἐξεπλάγη
2286 2840 2382 2893 καὶ
2405 2857 2619 2906 προσ-

1530 2911 1738 2980 εκύνη
1754 2928 1839 2966 σε.
1878 2914 2021 2965 Add.
2041 2913 2318 2979 Aristoph.
2337 2914 2480 2980 qu.
2494 2913 2616 2976 638,

1531 2985 1643 3037 alia
1674 2986 1744 3035 ab
1777 2984 2049 3036 Larehero
2096 2984 2356 3035 excitata.

1602 3046 1912 3120 φυλάξας
1954 3044 2061 3117 τὴν
2103 3051 2334 3118 κυρίην]
2372 3052 2410 3103 i.
2446 3068 2494 3102 e.
2531 3053 2617 3103 ob·

1532 3140 1743 3175 servans
1779 3130 2014 3175 statutum
2058 3123 2211 3180 diem,-
2254 3122 2367 3173 vid.
2408 3122 2486 3184 ΙΙ,
2525 3123 2613 3173 62.

1531 3195 1600 3256 V,
1642 3194 1726 3244 12.
1762 3192 1919 3255 VIII,
1954 3190 2007 3243 9.
2065 3192 2158 3242 Sic
2205 3184 2619 3255 παραφυλάξας

1532 3264 1590 3312 in
1623 3262 1899 3313 Plutarch.
1934 3261 2048 3312 Vit.
2092 3262 2229 3312 Fab.
2270 3262 2420 3310 Max.
2457 3260 2510 3310 8.
2546 3290 2615 3299 —-

1531 3323 1965 3395 ἐπιφράσασθαι
2033 3329 2434 3396 significatione
2506 3343 2616 3378 non

1532 3400 1820 3452 admodum
1889 3399 2068 3449 differt
2129 3399 2199 3449 ab
2259 3395 2616 3447 antecedente

1531 3461 1783 3532 ἐξευρεῖν
1861 3467 2182 3532 (excogitare
2197 3502 2211 3525 ,
2282 3465 2622 3525 comminisci).-

1527 3539 1641 3590 vid.
1679 3540 1747 3601 V,
1774 3536 1826 3587 9.
1860 3537 1960 3599 VI,
1997 3535 2084 3586 61.
2129 3533 2246 3585 133.
2274 3562 2345 3572 -
2380 3532 2617 3607 Sequen-

1526 3610 1634 3659 tia:
1674 3599 1929 3672 χελοόνην
1963 3599 2060 3652 καὶ
2105 3592 2254 3665 ἄρνα
2287 3608 2620 3663 κατακοψας

1528 3678 1741 3742 aliquot
1798 3673 1933 3723 loeis
1990 3670 2171 3735 tangit
2202 3670 2508 3732 Lucienus,
2559 3669 2617 3718 in

1528 3747 1651 3797 IoV.
1697 3742 1919 3793 Confut.
1988 3742 2068 3792 14.
2126 3740 2246 3790 Iov.
2308 3738 2476 3804 Trag.
2528 3738 2615 3790 30.

1528 3815 1624 3865 Bis
1660 3816 1859 3864 Aecus.
1904 3810 1952 3860 l.
2007 3811 2095 3860 Tu
2128 3807 2240 3857 vid.
2283 3808 2613 3874 wesseling.

1528 3885 1637 3935 Pro
1675 3877 1824 3943 ἓψεε,
1862 3877 2008 3945 quod
2052 3892 2173 3928 eum
2207 3877 2454 3930 Dietseh.
2492 3879 2619 3928 reti-

1530 3953 1643 4015 nui,
1686 3948 1925 4000 Dindorf
1975 3964 2028 4012 p.
2077 3946 2311 3998 XXXVI
2350 3947 2618 3998 maluerat

1526 4010 1661 4086 ἧψε.
1700 4018 1825 4071 Vid.
1853 4018 2086 4069 Bredov.
2123 4033 2176 4082 p.
2213 4015 2335 4078 298,
2374 4018 2467 4082 qui
2499 4017 2618 4081 ipse

1530 4105 1696 4141 unum
1727 4084 1829 4151 ἕψε
1861 4102 2048 4137 verum
2081 4086 2247 4136 babet
2271 4101 2326 4150 p.
2347 4085 2468 4137 369.
2507 4083 2616 4135 Sed

1531 4160 1656 4210 vide
1676 4159 1752 4207 sis
1776 4172 1920 4207 nune
1940 4171 2154 4221 quoque
2167 4156 2367 4205 Str-uve
2377 4154 2614 4219 Opusee.

1889 4327 2023 4377 Cn.
2058 4324 2258 4374 XLIX.

1607 4421 1713 4480 οὐκ
1749 4422 1856 4493 ἔχω
1911 4420 2026 4476 εἷπ
2043 4424 2135 4490 αι]
2190 4424 2369 4489 Vulgo
2412 4419 2615 4488 εἰπεῖν,

2151 4507 2188 4566 7
