3109 5092
1264 342 1515 402 OLIO.
1563 344 1613 401 Ι.
1667 352 1750 406 14.
2577 350 2657 411 35

353 533 569 588 κεῖται
610 518 685 587 δὲ
725 513 763 586 ὁ
798 517 1052 604 θρόνος
1086 508 1313 601 οὗτος,
1374 522 1547 585 ἔνθα
1583 541 1710 605 περ
1762 522 1833 586 οἰ
1871 523 1994 588 τοῦ
2021 520 2258 607 Γύγεω
2297 526 2650 613 κρητῆρες.

352 618 390 690 ὁ
423 623 499 691 δὲ
531 619 776 711 χρυσὸς
813 611 1011 703 οὗτος
1038 623 1151 691 καὶ
1188 615 1225 689 ὁ
1262 617 1591 709 ἄργυρος,
1636 616 1758 688 τὸν
1799 617 1837 689 ὁ
1864 624 2091 712 Γύγης
2136 622 2464 712 ἀνέθηκε,
2511 620 2653 695 ὑπὸ

352 731 656 815 Δελφῶν
714 729 1019 797 καλέεται
1077 725 1395 813 Γυγάδας
1448 724 1560 792 ἐπὶ
1619 727 1743 792 τοῦ
1796 722 2170 807 ἀναθέντος
2229 729 2648 817 ἐπωνυμίην.

345 826 657 917 Ἐσέβαλε
705 832 831 918 μέν
880 859 1010 901 νυν
1055 825 1375 921 στρατιὴν
1426 827 1539 896 καὶ
1596 816 1824 914 οὗτος,
1890 833 2045 900 ἐπεί
2083 857 2156 901 τε
2199 821 2395 920 ἦρξε,
2458 838 2526 913 ἔς
2575 860 2648 903 τε

354 941 670 1022 Μίλητον
736 935 849 1003 καὶ
920 936 986 1014 ἐς
1041 934 1406 1025 Σμύρνην,
1474 930 1589 999 καὶ
1637 937 2051 1023 Κολοφῶνος
2110 932 2210 1021 τὸ1
2249 931 2420 1003 ἄστυ
2487 931 2647 1006 εἷλε.

356 1146 441 1181 nr.
478 1132 592 1183 122.
630 1149 686 1199 p.
726 1133 850 1186 365.
926 1136 1057 1186 Mox
1092 1135 1290 1202 reliqui
1335 1137 1447 1187 κεῖ-

356 1216 478 1263 ται,
528 1218 562 1251 a
593 1205 880 1255 Dietschio
924 1210 1193 1257 mutatum
1238 1208 1297 1256 in
1332 1206 1448 1256 κέε-

354 1285 481 1331 ταις
530 1273 638 1323 vid.
674 1274 728 1335 Ι,
767 1275 802 1325 9
839 1281 896 1325 et
933 1277 1076 1330 conf.
1114 1277 1350 1328 Bredov.
1390 1293 1443 1342 p.

354 1341 477 1392 377.
527 1342 611 1391 Ad
636 1343 867 1395 formam
885 1343 1120 1410 Μίδην,
1162 1362 1195 1397 a
1216 1352 1444 1398 recentt.

354 1410 476 1460 edd.
504 1427 821 1465 conversam
845 1416 902 1465 in
924 1412 1140 1482 Μίδεα,
1176 1418 1321 1468 conf.
1345 1417 1389 1480 Ι,
1414 1416 1447 1466 8

352 1481 539 1545 ibique
576 1483 764 1534 allata.

420 1542 451 1599 ὁ
490 1544 553 1600 δὲ
586 1547 800 1637 χρυσὸς
844 1540 1017 1612 οὗτος
1051 1550 1149 1605 καὶ
1200 1545 1232 1604 ὁ
1276 1544 1449 1620 ἄργυ-

347 1634 451 1683 ρος
484 1652 557 1660 —
587 1615 703 1672 υπὸ
740 1622 987 1687 Δελφῶν
1032 1620 1289 1674 καλέεται
1331 1624 1447 1674 Γυ-

343 1682 528 1753 γάδας
573 1682 666 1741 ἐπὶ
707 1690 813 1742 τοῦ
857 1687 1184 1752 ἀναθέντος
1228 1684 1447 1744 ἐπωνυ-

343 1758 507 1825 μίην]
549 1761 588 1811 i.
621 1779 670 1812 e.
709 1779 926 1823 ‚aurum
945 1779 1067 1815 vero
1100 1764 1240 1816 istud
1269 1772 1322 1814 et
1356 1780 1445 1814 ar-

339 1839 543 1894 gentum
564 1858 629 1868 —-
652 1849 685 1881 a
718 1833 931 1897 Delphis
959 1842 1168 1884 vocatur
1191 1835 1445 1900 quaemn

344 1900 410 1949 de
454 1903 617 1961 illius,
665 1906 753 1967 qui
781 1904 1139 1964 dedicaverat,
1186 1902 1444 1956 nomine.“

340 1970 609 2036 Respexit
670 1972 807 2023 haec
858 1973 1134 2024 Himerius
1182 1973 1444 2039 Sophista

348 2038 440 2103 19,
482 2041 507 2090 1
555 2041 671 2105 (ubi
706 2043 780 2093 cf.
818 2043 1156 2094 Wernsdorf.
1196 2059 1249 2108 p.
1283 2042 1439 2107 276);

342 2098 376 2156 ὁ
416 2102 481 2158 δὲ
515 2104 785 2177 ἡμέτερος
829 2109 1078 2170 πλοῦτος
1125 2104 1195 2162 οὖ
1231 2105 1441 2179 χρυσός

340 2190 429 2236 τις
464 2173 734 2244 Γυγάδας
780 2169 822 2245 ἦ
855 2173 1089 2240 Λύδιος.
1161 2183 1229 2232 In
1263 2183 1439 2232 Hero-

342 2247 521 2298 doteis
582 2250 764 2300 verbis
830 2255 1024 2301 notare
1084 2251 1215 2302 licet
1279 2267 1439 2302 usum

337 2320 765 2384 praepositionis
794 2311 887 2370 ἐπὶ
913 2314 1030 2384 (ἐπὶ
1058 2319 1163 2371 τοῦ
1186 2313 1437 2371 ἀναθέν-

336 2388 460 2453 τος)
497 2390 554 2439 in
576 2389 727 2440 hisce
747 2390 894 2440 baud
920 2391 1344 2456 infrequentem:
1387 2391 1434 2453 Ι,

336 2457 567 2524 94ibiq.
607 2464 722 2509 not.
759 2459 854 2521 IV,
892 2461 980 2511 45.
1022 2461 1283 2513 107.148.
1311 2460 1430 2512 149.

336 2527 406 2587 V,
430 2527 500 2579 65
520 2534 626 2579 etc.
669 2529 827 2579 Conf.
849 2530 1124 2580 Kuehner.
1144 2531 1237 2581 Gr.
1263 2531 1355 2581 Gr.
1380 2530 1429 2592 §-

337 2595 463 2659 611,
492 2600 538 2661 Ι,
563 2598 614 2661 3,
630 2599 680 2649 b.
718 2598 895 2649 Aliam
916 2599 1203 2649 formulam
1237 2600 1431 2649 καλεῖν

334 2680 393 2713 τι
415 2657 517 2716 ἐπί
546 2683 660 2716 τινι
680 2667 1030 2718 Heindorfius
1067 2670 1328 2735 explicuit
1360 2669 1431 2718 ad

334 2735 556 2787 Platon.
596 2737 804 2803 Cratyl.
842 2754 896 2803 p.
937 2737 1053 2790 163.
1105 2740 1171 2789 In
1207 2753 1429 2789 accusa·

332 2805 455 2856 tivo
480 2797 827 2871 ἐπωνυμίην,
848 2823 915 2857 ex
936 2807 1273 2859 abundantia
1295 2824 1428 2874 qua-

334 2875 462 2925 dam
494 2876 757 2926 orationis
784 2876 931 2927 haud
961 2877 1295 2943 infrequenti
1332 2877 1427 2927 ad-

332 2944 482 3007 dito,
518 2946 740 2996 minime
772 2946 1123 2997 haerendum.
1196 2949 1300 2998 Est
1332 2963 1428 2997 au-

328 3019 444 3095 tegn
486 3005 776 3080 ἐπωνυμίη
811 3016 901 3067 hic
950 3016 1062 3067 fere
1103 3018 1246 3067 idem
1283 3015 1429 3084 quod

329 3098 587 3148 ουνομα,
625 3088 929 3148 appellatio,
971 3087 1327 3151 denominatio,
1366 3091 1430 3136 ut

328 3153 377 3216 Ι,
414 3153 487 3206 94
523 3153 615 3203 fin.
656 3154 775 3206 173.
813 3155 899 3217 11,
936 3158 988 3206 4.
1027 3156 1129 3220 IV,
1168 3159 1256 3208 45.
1304 3156 1426 3208 148.

382 3261 625 3359 ’ἐσέβαλε
655 3323 726 3332 --
758 3284 1050 3358 στρατιὴν]
1103 3291 1428 3358 Plerumque

328 3362 407 3425 (v.
439 3362 488 3425 1,
516 3362 600 3411 17.
631 3362 696 3412 18
717 3361 845 3427 ete.)
877 3363 1252 3412 accusativum
1282 3362 1427 3412 hunc

322 3432 459 3482 huic
485 3431 654 3481 verbo
676 3431 829 3481 addit
851 3432 1080 3491 Noster3
1119 3432 1426 3482 Pausanias

323 3501 595 3553 dativum.
670 3503 753 3551 De
801 3516 908 3566 quo
952 3501 1160 3551 monuit
1196 3501 1426 3551 Siebelis

325 3571 399 3621 ad
432 3572 676 3621 Pausan.
712 3570 787 3633 Π,
827 3570 912 3621 36.
954 3570 1001 3632 §-
1030 3572 1080 3620 5.

397 3632 622 3705 ἐσέβαλε
642 3637 746 3703 μέν
781 3653 890 3688 νυν
919 3630 1187 3703 στρατιὴν
1209 3633 1306 3687 καὶ
1329 3624 1425 3687 οὗ·

316 3724 421 3767 τος
443 3739 517 3749 -—
540 3702 598 3765 ἔς
630 3723 689 3758 τε
724 3706 993 3774 Μίλητον
1027 3703 1123 3757 καὶ
1153 3698 1210 3765 ἐς
1230 3699 1421 3772 Σμύρ-

321 3777 460 3844 νην]
510 3779 635 3829 Huc
674 3777 979 3828 Larcherus
1025 3778 1217 3839 refert,
1280 3792 1420 3843 quae

320 3847 392 3898 de
426 3847 575 3899 bello
610 3847 845 3914 quodam
876 3849 1019 3898 inter
1041 3846 1337 3899 Sardianos
1365 3849 1421 3896 et

320 3918 653 3982 Smyrnaeos
690 3922 848 3984 gesto
877 3917 1134 3983 leguntur
1171 3932 1237 3967 ex
1259 3916 1421 3966 Dosi-

317 3986 437 4037 thei
473 3987 801 4052 Lydicorum
851 3987 991 4038 libro
1028 3987 1199 4052 ‚tertio
1238 4001 1420 4036 excer—

318 4062 419 4122 pta
444 4057 589 4122 apud
607 4056 890 4107 Plutarch.
917 4056 1110 4109 Moral.
1133 4072 1188 4121 p.
1210 4054 1313 4106 312
1334 4070 1418 4119 sq.

312 4127 414 4176 ubi
449 4127 562 4177 vid.
599 4125 993 4192 wyttenbach.
1031 4127 1322 4177 Annotatt.
1360 4139 1413 4188 p.

312 4196 406 4248 86.
471 4196 725 4246 Sardiani
764 4196 1092 4261 Smyrnaeos
1131 4194 1417 4246 obsidione

310 4270 635 4332 presserunt
680 4278 783 4316 nec
835 4270 963 4316 ante
1011 4278 1320 4315 recessuros
1360 4277 1419 4312 se

312 4337 738 4398 denuntiarunt,
781 4329 943 4399 {luam
964 4333 1251 4418 Smyrnaei
1282 4346 1418 4382 uxo·-

308 4420 435 4457 rum
474 4418 697 4455 suarum
722 4403 938 4469 copiam
973 4402 1107 4468 ipsis
1134 4401 1414 4455 fecissent.

1554 1129 1714 1194 Quod
1749 1130 1845 1182 isti
1880 1132 1959 1181 ita
1993 1134 2238 1184 exsecuti
2285 1141 2439 1200 sunt,
2483 1142 2545 1187 ut
2582 1152 2648 1188 ex

1551 1200 1788 1252 ancillae
1840 1202 2125 1253 cuiusdam
2170 1205 2400 1256 consilio
2460 1221 2648 1257 servas

1551 1270 1700 1322 laute
1745 1272 1980 1323 vestitas
2039 1278 2370 1341 ornatasque
2418 1275 2648 1327 femina-

1548 1355 1668 1390 rum
1731 1341 1852 1392 loco
1904 1342 2184 1393 Sardianis
2247 1348 2646 1410 permitterent,

1551 1411 1645 1475 qui
1686 1425 1808 1462 cum
1855 1412 1924 1462 ab
1971 1412 2056 1462 his
2102 1413 2395 1480 defatigati
2441 1422 2644 1480 essent,

1550 1495 1674 1530 mox
1732 1496 1766 1531 a
1824 1482 2137 1548 Smyrnaeis
2197 1487 2478 1551 occupati,
2538 1488 2645 1553 ipsi

1552 1553 1701 1616 capti
1748 1556 1895 1601 sunt.
1967 1553 2163 1604 Tradit
2207 1560 2389 1606 autern
2435 1558 2645 1608 Pausa-

1551 1621 1674 1670 nias
1710 1620 1807 1685 lx,
1845 1622 1932 1673 29.
1971 1621 2022 1683 fi.
2050 1626 2101 1674 2.
2139 1622 2481 1676 Mamer-mm
2515 1642 2644 1692 poe-

1550 1694 1665 1739 tam
1711 1691 1962 1741 versibus
2015 1692 2274 1758 elegiacis
2317 1696 2644 1762 Smyrnaeo-

1548 1775 1667 1809 rum
1684 1775 1925 1826 pugnam
1947 1776 2068 1811 cum
2085 1764 2238 1830 Gyge
2258 1764 2642 1829 descripsiss03

1549 1844 1691 1895 quae
1726 1832 1773 1878 si
1801 1844 1870 1881 ea
1904 1831 2036 1895 fuit,
2077 1831 2145 1881 de
2180 1847 2288 1899 qua
2319 1835 2510 1884 retulit
2531 1836 2644 1885 Do-

1547 1899 1787 1962 sitheus,
1822 1899 1972 1949 haud
1994 1902 2253 1951 miramur
2272 1910 2518 1967 poetam,
2557 1919 2642 1954 re-

1544 1969 1647 2019 bus
1707 1969 1992 2019 amatoriis
2056 1971 2315 2022 canendis
2380 1972 2640 2036 deditum,

1544 2038 1657 2088 tale
1693 2043 2074 2103 argumentum
2116 2041 2224 2090 sibi
2258 2043 2517 2094 sumsisse
2554 2058 2643 2094 ca-

1542 2108 1800 2159 nendum.
1883 2108 1942 2159 Si
1989 2124 2147 2173 vero,
2195 2126 2336 2177 quae
2367 2112 2640 2164 Schoene-

1542 2179 1729 2228 manni
1765 2182 1850 2228 est
1897 2181 2172 2230 sententia
2218 2180 2296 2247 (in
2331 2182 2634 2236 comment.

1542 2247 1611 2296 de
1647 2248 1765 2297 vita
1793 2252 1848 2297 et
1876 2263 2097 2302 carmm.
2127 2250 2462 2316 Mimnermi,
2501 2253 2637 2304 Got—

1540 2318 1678 2383 ting.
1716 2316 1869 2369 1823.
1905 2334 1962 2383 p.
1988 2318 2063 2385 2),
2102 2319 2228 2371 huic
2262 2337 2481 2387 pugnae
2517 2324 2636 2387 ipse

1538 2386 1790 2437 interfuit
1825 2388 2202 2454 Mimnermus,
2248 2397 2446 2456 poetae
2483 2396 2635 2442 aeta-

1535 2460 1645 2507 tem
1683 2457 1831 2507 circa
1868 2457 2085 2524 Olymp.
2122 2459 2249 2521 XX,
2288 2462 2320 2510 5
2364 2476 2494 2511 ann.
2529 2461 2634 2513 700

1533 2540 1584 2576 a.
1611 2525 1735 2577 Chr.
1763 2542 1840 2588 n.,
1876 2541 1981 2591 quo
2019 2527 2138 2577 fere
2169 2533 2414 2595 tempore
2449 2531 2633 2595 Gyges

1534 2595 1675 2644 hanc
1711 2595 2111 2659 expeditionem
2152 2598 2352 2649 fecisse
2386 2603 2631 2663 putatur,

1532 2663 1909 2713 collocandam
1960 2680 2083 2714 esse
2129 2665 2275 2716 idem
2331 2667 2631 2718 arbitratur

1530 2733 1966 2784 schoenemann.
2018 2750 2071 2799 p.
2133 2736 2218 2798 7.‚
2285 2750 2407 2786 cum
2463 2736 2630 2802 vulgo

1527 2802 1701 2853 Suida
1731 2802 2077 2867 potissimum
2115 2809 2339 2855 auctore
2373 2805 2632 2855 Mimner-

1528 2887 1675 2921 mum
1734 2873 1881 2922 circa
1927 2871 2142 2939 Olymp.
2192 2874 2456 2925 XXXVII
2514 2876 2630 2925 sive

1527 2941 1635 2993 630
1670 2945 1800 2992 ante
1824 2941 1949 2991 Chr.
1997 2958 2052 2993 n.
2102 2945 2353 2994 floruisse
2396 2949 2626 3010 ponant3

1528 3011 1643 3062 vid.
1689 3011 1851 3062 modo
1901 3011 2140 3063 Clinton.
2201 3014 2357 3064 Fast.
2405 3014 2623 3065 Hellen.

1529 3080 1576 3131 1.
1613 3097 1668 3146 p.
1706 3082 1827 3132 207.
1916 3081 1983 3131 In
2027 3082 2132 3133 hoc
2174 3097 2306 3133 vero
2351 3083 2496 3134 bello
2544 3084 2628 3133 in-

1529 3150 1690 3216 signe
1741 3150 2015 3216 quoddam
2061 3153 2482 3217 Smyrnaeorum
2534 3168 2627 3203 ex·

1531 3220 1742 3270 stitisse
1763 3220 1993 3283 saciuus‚
2027 3221 2114 3271 vel
2138 3221 2274 3271 illud
2298 3223 2623 3273 documento

1530 3305 1652 3340 esse
1670 3290 1890 3354 poterit,
1921 3291 2066 3356 quod
2087 3292 2460 3342 Aristomenes
2477 3293 2622 3342 Mes-

1530 3360 1712 3409 senios
1749 3360 1995 3409 excitans
2031 3359 2101 3410 ad
2129 3361 2343 3410 fortiter
2360 3362 2623 3411 resisten—

1529 3428 1655 3479 dum
1700 3428 2121 3494 Smyrnaeorum
2169 3429 2472 3493 exemplum
2517 3428 2624 3478 hoc

1528 3499 1814 3563 proponit,
1860 3501 1922 3547 ut
1957 3497 2151 3547 scribit
2180 3497 2488 3548 Pausanias
2523 3496 2621 3559 IV,

1529 3568 1615 3629 21,
1654 3566 1706 3617 3.
1759 3567 1846 3616 De
1866 3567 1985 3629 ipso
2007 3565 2329 3615 Mimnermo
2403 3566 2460 3616 ui
2496 3580 2622 3631 ege-

1528 3640 1687 3697 runt,
1721 3630 1947 3685 laudavi
1971 3649 2154 3684 omnes
2183 3634 2241 3684 in
2263 3636 2347 3686 Pa
2404 3652 2441 3700 y
2460 3632 2642 3709 Βοιὼ.

1528 3703 1810 3770 encyclop.
1848 3702 1917 3753 V.
1958 3719 2013 3768 p.
2051 3701 2138 3756 33.

1597 3768 1951 3836 Κολοφῶνος
1996 3763 2061 3820 τὸ
2109 3761 2251 3822 ἄστυ
2294 3763 2424 3839 εἷλε]
2462 3771 2622 3824 Colo-

1523 3842 1760 3908 phonem
1797 3857 1918 3891 aree
1964 3849 2181 3906 excepta
2214 3840 2366 3894 illum
2409 3843 2623 3909 cepisse

1524 3912 1692 3977 vulgo
1729 3909 2064 3977 intelligunt.
2138 3910 2247 3963 Sed
2280 3918 2467 3963 monet
2494 3928 2621 3963 cen-

1525 3998 1616 4032 sor
1640 3982 1697 4030 in
1719 3980 2035 4046 Ephemerr.
2057 3980 2304 4033 Ienenss.
2337 3982 2493 4032 1817.
2533 3996 2617 4031 nr.

1528 4052 1646 4102 164.
1681 4067 1735 4116 p.
1775 4050 1877 4102 372
1912 4041 2058 4100 ἄστυ
2093 4051 2294 4115 opponi
2329 4051 2418 4101 hic
2464 4050 2617 4100 urbis

1521 4120 1722 4170 finibus
1782 4119 2036 4185 agrisque
2093 4134 2140 4169 s.
2192 4120 2413 4182 ditioni,
2476 4133 2618 4184 quae

1519 4191 1640 4254 ipsa
1674 4190 1732 4237 in
1767 4188 1958 4239 Mileto
1998 4203 2063 4238 ac
2086 4187 2320 4253 Smyrna
2352 4189 2425 4239 sit
2459 4186 2619 4237 intel-

1519 4257 1758 4324 ligenda.
1840 4258 2099 4324 Alioquin
2151 4258 2464 4308 accuratius
2502 4256 2615 4306 No-

1520 4332 1690 4378 strum
1739 4326 1911 4378 fuisse
1955 4326 2199 4377 locutum
2247 4327 2346 4376 ille
2390 4325 2617 4376 arbitra-

1517 4401 1627 4447 tur.

2093 4474 2130 4535 3
2150 4470 2186 4508 ιιι
