3109 5092
469 361 594 421 400

1339 360 1877 422 HERODOTI

470 530 748 622 εύμεναι
787 529 1280 621 ἀναμίσγεσθαι
1305 537 1456 624 τῇσι
1488 531 1728 623 ἄλλῃσι
1746 585 1764 618 ,
1794 527 1903 601 οἷα
1930 532 2199 628 πλούτῳ
2234 530 2747 624 ὑπερφρονέου-

467 657 615 722 σαι,
660 637 769 705 ἐπὶ
805 639 1097 724 ζευγέων
1138 639 1213 706 ἐν
1253 636 1589 726 καμάρῃσι
1632 636 1951 707 ἐλάσασαι
1988 635 2154 726 πρὸς
2180 635 2255 706 τὸ
2296 635 2446 728 ἱρὸν
2488 640 2745 707 §ovam-

467 747 810 828 θεραπηΐη
848 744 929 809 δέ
952 762 1075 828 σφι
1102 736 1348 809 ὄπισθε
1381 743 1610 810 ἕπεται
1653 742 1886 829 πολλή.
1943 744 2019 809 αἱ
2049 741 2125 809 δὲ
2150 747 2437 822 πλεῦνες
2479 747 2744 810 ποιεῦσι

470 832 625 912 ὦδε.
702 846 778 911 ἐν
816 845 1086 931 τεμένει·
1130 840 1528 932 Ἀφροδίτης
1586 847 1929 929 κατέαται,
1998 846 2335 932 στέφανον
2392 846 2544 931 περὶ
2592 848 2745 933 τῇσι

468 951 803 1035 κεφαλῇσι
857 952 1129 1033 ἔχουσαι
1179 946 1556 1035 θώμιγγος,
1617 949 1858 1016 πολλαὶ
1904 962 2254 1033 γυναῖκες·
2311 952 2392 1016 αἱ
2437 946 2563 1035 μὲν
2611 945 2740 1036 γὰρ

470 1054 972 1140 προσέρχονται,
999 1049 1160 1118 αἰδὲ
1186 1046 1608 1141 ἀπέρχονται.
1654 1054 2105 1138 σχοινοτενέες
2133 1050 2206 1119 δὲ
2224 1053 2510 1132 διέξοδοι
2528 1049 2745 1119 πάντα

468 1211 732 1265 καλέουσι
787 1209 851 1265 δὲ
888 1205 1168 1280 Ἀσσύριοι
1213 1207 1320 1280 τὴν
1361 1207 1556 1282 Ἀφρο-

469 1282 641 1348 δι’την
663 1276 954 1348 Μύλιττα,
988 1286 1083 1335 ubi
1115 1286 1257 1336 cons.
1292 1302 1433 1351 quae
1463 1287 1558 1336 ad·

470 1355 806 1419 scripsimus,
859 1354 990 1419 Ipsa
1014 1355 1144 1419 dea,
1183 1371 1323 1421 quae
1346 1372 1556 1406 summa

468 1424 590 1473 Iovi
637 1438 846 1473 summo
886 1440 932 1473 s.
967 1423 1101 1474 Belo
1140 1425 1286 1490 apud
1319 1426 1558 1490 Babylo-

468 1494 591 1543 nios
628 1492 851 1554 adstat,
902 1494 1136 1544 Gesenio
1184 1497 1437 1556 (Excurs.
1484 1495 1555 1545 ad

468 1562 634 1613 Iesai.
673 1569 804 1612 tom.
841 1563 918 1613 H.
950 1580 1002 1629 p.
1028 1563 1130 1616 337
1155 1568 1333 1630 seqq.)
1368 1567 1552 1617 Venus

471 1647 594 1682 esse
631 1632 846 1683 videtur
881 1632 1133 1697 planeta,
1181 1649 1322 1698 quae
1368 1635 1558 1685 eadem

469 1702 584 1752 fere
631 1702 705 1751 sit
739 1703 974 1762 Anaieis,
1025 1709 1081 1753 et
1116 1703 1328 1753 Anahid
1364 1706 1558 1755 Persa-

468 1787 615 1834 rum,
653 1772 1095 1837 Phoenicumque
1131 1773 1367 1834 Astarte,
1405 1789 1559 1839 prae-

470 1843 658 1891 sertim
703 1858 826 1893 cum
873 1843 1023 1892 istud
1070 1843 1221 1893 sidus
1267 1844 1441 1907 geniis
1477 1844 1559 1893 in-

471 1911 579 1961 coli
614 1912 825 1973 ferant,
869 1913 964 1977 qui
999 1912 1070 1962 ad
1105 1912 1444 1977 voluptates,
1492 1911 1556 1961 li-

470 1980 706 2043 bidines»,
768 1981 882 2032 alia
939 1982 995 2031 id
1048 1998 1250 2046 genus,
1312 1983 1556 2032 homines

469 2050 751 2100 seducant.
825 2050 982 2112 Quod
1016 2053 1218 2114 optime
1256 2068 1377 2101 cum
1410 2052 1561 2116 turpi

467 2119 629 2168 huius
647 2119 902 2184 Mylittae
927 2119 1069 2183 apud
1090 2121 1423 2185 Babylonios
1447 2120 1560 2171 cul-

469 2194 533 2238 tu
559 2189 870 2238 -convenire
917 2193 1094 2253 putat.
1164 2189 1292 2239 Alia
1339 2191 1560 2240 edocuit

468 2259 786 2308 Muenterus
839 2272 961 2307 cum
1017 2257 1099 2306 his
1158 2263 1453 2309 coniuncta
1503 2265 1559 2308 et

471 2334 868 2389 consentanea,
918 2341 1060 2391 quae
1109 2326 1177 2377 de
1221 2327 1354 2378 Belo
1401 2327 1556 2377 illum

470 2395 688 2446 tradere
736 2410 903 2460 supra
946 2395 1015 2445 ad
1053 2396 1108 2458 Ι,
1148 2397 1241 2447 181
1294 2397 1554 2458 vidimu33

470 2466 583 2515 vid.
623 2466 728 2515 Die
753 2464 930 2530 Relig.
956 2465 1007 2514 d.
1035 2465 1306 2531 Babylon.
1331 2482 1460 2532 pag.
1487 2469 1556 2518 20

471 2551 586 2601 seq.
672 2535 883 2598 Quodsi
918 2536 1059 2584 enim
1102 2534 1269 2586 Belus
1314 2552 1556 2586 summus

470 2605 604 2655 deus
637 2604 729 2654 Sol
759 2605 929 2654 fuisse
964 2604 1303 2669 perhibetur,
1347 2621 1558 2656 summa

471 2674 609 2725 coeli
637 2674 828 2739 regina
859 2689 924 2724 ac
955 2674 1082 2736 dea,
1112 2676 1351 2724 omnium
1376 2691 1556 2726 rerum

469 2745 706 2809 genitrix
773 2759 838 2793 ac
901 2759 1097 2808 parens
1153 2746 1302 2795 Luna
1368 2746 1559 2809 utique

471 2814 642 2863 fuisse
696 2818 973 2873 censetur,
1028 2814 1210 2863 Venus
1262 2814 1560 2878 eademque

472 2883 702 2947 Mylitta.
741 2882 908 2931 Cuius
927 2880 1056 2932 vel
1041 2897 1218 2947 1psum
1239 2899 1434 2934 nomen
1454 2884 1560 2933 hue

470 2967 724 3034 quadrat.
787 2969 890 3017 Est
914 2967 1056 3016 enim
1083 2952 1348 3035 ΝῆἼξῇ
1332 2985 1368 3018 ι.
1395 2984 1440 3018 e.
1469 2985 1561 3034 ge-

470 3038 668 3098 nitrix,
709 3036 946 3085 omnium
982 3050 1207 3099 parens;
1258 3037 1348 3086 vel
1391 3039 1558 3088 etiam

472 3106 641 3195 125ἷέ
674 3121 917 3183 domina,
948 3117 1240 3170 δέσποινα.
1285 3122 1443 3172 Unde
1472 3139 1560 3173 ex-

469 3173 807 3256 plicandum,
864 3188 1009 3254 quod
1059 3189 1106 3239 I.
1154 3191 1321 3241 Laur.
1368 3192 1558 3257 Lydus

471 3260 691 3322 scribit,
730 3259 930 3310 Veneri
967 3258 1112 3323 apud
1136 3258 1436 3310 Phoenices
1465 3278 1562 3311 no-

469 3346 593 3381 men
618 3297 788 3379 fu'isse
817 3324 1024 3392 βῆλτις.
1073 3328 1224 3378 Haec
1244 3331 1559 3381 Muenterus

469 3406 585 3449 tum
611 3399 665 3450 h.
698 3398 736 3449 l.
775 3403 889 3447 tum
926 3397 996 3446 ad
1031 3397 1231 3447 Iulium
1265 3400 1556 3450 Firmicum

470 3470 537 3521 de
565 3469 779 3534 profan.
813 3466 969 3531 relig.
994 3483 1161 3517 error.
1191 3468 1378 3533 cap.3.
1401 3485 1453 3534 p.
1474 3471 1558 3532 12,

470 3541 669 3605 quibus
706 3536 845 3588 adde
872 3535 1200 3587 Palmbladii
1230 3539 1556 3589 sententiam

470 3608 538 3659 ad
558 3608 603 3671 I,
624 3606 718 3658 131
746 3610 1015 3667 notatam3
1055 3610 1112 3656 et
1137 3608 1323 3657 confer
1345 3624 1561 3674 quoque

469 3678 705 3728 Movere.
732 3675 828 3727 1.1.
868 3691 994 3741 pag.
1027 3676 1132 3727 586
1167 3692 1282 3741 seq.

533 3772 625 3828 ἐπὶ
646 3776 886 3861 ζευγέων
910 3769 970 3827 ἐν
989 3768 1272 3856 καμάρῃσι
1294 3768 1558 3827 ἐλάσασαι

470 3840 620 3912 πρὸς
665 3839 730 3897 τὸ
773 3840 905 3911 ἱρὸν
943 3836 1150 3910 ἑστᾶσι]
1211 3839 1434 3912 καμάρη
1473 3853 1559 3898 est

472 3915 724 3966 aedicula
756 3931 801 3966 s.
832 3914 1160 3966 domuncula
1183 3916 1432 3966 vehiculo
1460 3918 1558 3965 im-

470 3986 677 4050 posita,
726 3985 783 4034 in
824 3999 933 4049 qua
978 3988 1157 4035 tectus
1194 3986 1411 4048 sedeat,
1463 3986 1559 4050 qui

471 4054 720 4105 vehatur.
761 4054 961 4103 Confer
989 4052 1316 4120 wesseling.
1350 4054 1422 4108 ad
1450 4056 1559 4104 He-

469 4123 586 4174 rod.
621 4122 719 4186 IV,
745 4120 815 4171 69
848 4126 903 4170 et
931 4123 1306 4173 Hemsterhus.
1343 4124 1413 4174 ad
1439 4125 1558 4174 Ari-

471 4192 725 4256 stophan.
763 4188 912 4239 Plut.
948 4205 1072 4253 pag.
1099 4190 1220 4242 369.
1283 4194 1331 4242 A
1365 4193 1554 4243 Gram-

471 4261 686 4312 maticis
702 4259 925 4337 Graecis
947 4257 1250 4322 explicatur
1279 4252 1314 4324 ἡ
1340 4251 1430 4310 ἐπὶ
1456 4260 1559 4325 τῆς

471 4324 692 4394 ἇμαξης
721 4341 920 4392 σκηνη.
983 4327 1125 4376 Nos:
1172 4331 1249 4378 ein
1288 4329 1559 4379 bedeckeer

482 4401 701 4465 Waqen.
764 4397 986 4461 „Quare
1026 4399 1157 4461 apte
1200 4412 1320 4447 cum
1366 4404 1555 4448 nostro

1660 1218 1900 1267 Kammer
1943 1221 2226 1282 comparat
2260 1219 2453 1267 Kanne
2501 1216 2659 1282 (iiber
2694 1217 2746 1267 d.

1658 1287 2137 1338 Verwandtschast
2171 1288 2224 1337 d.
2252 1288 2469 1338 Griech.
2495 1303 2553 1338 u.
2578 1288 2751 1338 Deut-

1661 1357 1827 1407 sehen
1853 1357 2078 1439 Spraeh.
2086 1355 2258 1422 >paga
2278 1359 2345 1407 24
2370 1358 2507 1409 not.‘
2514 1358 2750 1410 ‘Gr-.—

1658 1427 1724 1476 In
1755 1442 1907 1490 seqq.
1932 1419 2145 1475 ὄπισθε
2169 1428 2294 1492 (pro
2324 1416 2602 1490 ὄπισθεν)
2628 1442 2751 1477 eum

1658 1496 1910 1545 Bekkero
1948 1500 2003 1545 et
2024 1496 2262 1547 Bredov.
2291 1511 2346 1560 p.
2369 1496 2472 1547 106
2506 1497 2746 1560 reposui.

1728 1563 2021 1628 κατέαται,
2085 1564 2374 1643 στέφανον
2431 1562 2563 1629 περὶ
2618 1563 2749 1632 τῇσι

1658 1632 1959 1752 ΙΞιιειιῖιαλῇσι
1975 1627 2204 1700 ἔχουσαι
2239 1626 2562 1714 θώμιγγος,
2611 1634 2749 1683 πολ-

1785 1702 2071 1769 γυναικες]
2123 1703 2385 1753 κατέαται
2417 1705 2546 1753 hinc
2588 1707 2751 1753 notat

1658 1772 1893 1822 Bredov.
1933 1788 1989 1838 p.
2028 1774 2150 1834 329,
2187 1774 2282 1822 ubi
2318 1774 2430 1823 vid.
2471 1774 2629 1823 Conf.
2668 1773 2745 1834 ΙΙ,

1658 1842 1748 1894 86.
1821 1844 1924 1892 Est
1956 1843 2098 1892 enim
2137 1842 2340 1892 dictum
2385 1859 2483 1907 pro
2522 1835 2749 1906 καθην-

1658 1925 1771 1961 ται.
1792 1938 1861 1948 —·
1885 1902 2112 1975 θώμιγξ
2142 1911 2450 1977 explicatur
2472 1913 2632 1975 funis,
2664 1913 2751 1974 su-

1659 1982 1880 2037 nit-ulus,-
1924 1981 2003 2030 sic
2052 1980 2312 2046 σχοινίον
2362 1981 2508 2047 quod
2547 1982 2750 2032 Nostro

1661 2050 1861 2099 dicitur
1898 2049 1954 2112 1,
1980 2050 2065 2112 26,
2097 2048 2407 2114 Polyaenus
2445 2052 2549 2113 VI,
2589 2052 2656 2101 50
2693 2054 2750 2098 et

1660 2118 1922 2169 Aelianus
1955 2120 2022 2169 V.
2052 2088 2122 2168 H.
2160 2119 2265 2181 ΙΙΙ,
2292 2121 2361 2172 26
2382 2119 2618 2170 reddunt
2649 2134 2751 2184 per

1660 2180 1951 2253 θώμιγγα,
1988 2194 2217 2238 notante
2238 2189 2631 2253 Wesselingi03
2666 2194 2751 2238 at-

1661 2272 1765 2322 que
1809 2258 1891 2307 sic
1927 2258 2091 2307 etiam
2128 2258 2327 2308 Suidas
2355 2264 2541 2338 atque
2576 2259 2751 2322 Hesy-

1659 2326 1813 2376 chius
1876 2326 2152 2392 explicant
2205 2319 2413 2376 λεπτὸν
2468 2324 2747 2392 σχοινίον.

1658 2397 1776 2446 Iam
1801 2397 1848 2444 si
1871 2411 2132 2474 quaeras,
2170 2396 2301 2461 quid
2337 2397 2441 2446 sibi
2469 2395 2606 2446 velit
2630 2393 2749 2444 στέ-

1661 2478 1846 2529 φανος
1877 2434 2172 2530 θώμιγγος
2218 2481 2263 2515 s.
2301 2481 2491 2516 corona
2520 2466 2750 2529 sintin-uli,

1658 2534 1908 2599 Heynius
1946 2534 1982 2584 l.
2003 2533 2040 2583 l.
2074 2550 2127 2599 p.
2152 2534 2213 2584 31
2244 2539 2356 2585 not.
2396 2534 2619 2601 exponit
2654 2536 2748 2583 vie-

1661 2612 1760 2653 tam
1798 2619 1843 2654 ε.
1876 2605 2093 2665 fasciam
2118 2607 2169 2653 in
2196 2605 2413 2666 simioeaeli
2431 2605 2622 2654 modum
2643 2611 2751 2652 tor-

1659 2680 1774 2730 tam,
1797 2675 2066 2734 pleoeilem;
2096 2673 2411 2724 Muenterus
2435 2673 2474 2724 l.
2489 2672 2526 2721 l.
2549 2674 2748 2722 vertit:

1661 2743 1771 2792 eine
1795 2744 1884 2791 mie
1915 2745 2000 2791 mit
2018 2743 2197 2792 Fei‘den
2218 2744 2521 2806 gemunden
2539 2742 2750 2798 Krene,-

1661 2827 1837 2876 neque
1881 2811 2047 2861 aliter
2077 2811 2276 2861 Iacobs
2308 2828 2362 2876 p.
2387 2814 2455 2863 35
2492 2811 2560 2862 de
2594 2811 2749 2861 tenui

1662 2881 1838 2931 fascia
1856 2895 1902 2930 s.
1923 2880 2015 2931 filo
2047 2879 2299 2946 (Sc-Imm)
2322 2880 2581 2946 intelligit
2599 2882 2749 2931 circa

1663 2956 1828 3014 caput
1863 2953 2037 3011 tort03
2079 2951 2220 3000 hane
2264 2966 2393 3001 vero
2430 2950 2660 3000 fasciam
2698 2965 2746 2999 s.

1660 3017 1809 3070 filum
1837 3035 2069 3069 coronae
2089 3021 2284 3086 (quam
2310 3021 2368 3069 in
2391 3017 2639 3070 omnibus
2665 3034 2749 3068 re·

1660 3088 1763 3137 bus
1819 3087 2181 3150 solemnibus,
2236 3089 2527 3153 praecipue
2574 3089 2747 3139 sacris

1662 3161 1879 3221 gestare
1902 3158 2152 3208 solebant
2173 3158 2409 3223 veteres)
2437 3160 2672 3222 speciem
2698 3172 2746 3208 s.

1663 3227 1892 3276 formam
1911 3226 2168 3277 habuisse
2184 3229 2386 3278 Noster
2403 3227 2594 3278 addita
2611 3243 2747 3278 voce
2807 3235 2818 3245 ·

1664 3292 1943 3359 στέφανος
1992 3295 2269 3346 declarare
2316 3295 2554 3347 voluisse
2596 3297 2748 3347 vide-

1661 3371 1768 3414 tur.
1827 3366 1911 3414 De
1956 3381 2092 3416 voce
2138 3363 2362 3430 θῶμιγξ
2409 3367 2482 3415 cf.
2533 3381 2749 3431 quoque

1661 3433 1919 3498 Aeschyl.
1966 3436 2119 3486 Pers.
2166 3435 2290 3486 467.
2348 3436 2574 3485 Eumen.
2625 3436 2746 3486 181.

1662 3504 1831 3553 Addit
1855 3519 1985 3553 vero
2010 3505 2204 3554 Iaeobs
2242 3520 2352 3554 non
2376 3509 2488 3553 tam
2520 3508 2746 3553 ornatus

1663 3587 1831 3622 causa
1847 3573 2020 3622 videri
2049 3572 2300 3623 mulieres
2325 3574 2428 3622 hac
2456 3573 2633 3622 fascia
2659 3589 2749 3623 co-

1663 3647 1915 3704 ronatas,
1954 3642 2051 3692 sed
2077 3643 2373 3693 tesseraria
2409 3642 2641 3707 quadam
2679 3657 2747 3691 ex

1663 3726 1859 3761 causa:
1911 3716 1971 3761 ut
2012 3712 2269 3763 nimirum
2318 3712 2421 3761 hac
2463 3712 2640 3761 fascia
2686 3726 2746 3760 se

1660 3781 1875 3830 vinctas
1920 3785 2078 3845 quasi
2127 3781 2468 3832 declararent
2511 3796 2576 3830 ac
2610 3780 2747 3830 deae

1661 3850 1886 3899 servitio
1918 3848 2188 3900 addictas.
2244 3850 2513 3916 Equidem
2546 3849 2624 3898 nil
2656 3849 2748 3900 de-

1659 3934 1895 3968 cernam.

1730 3984 2109 4066 σχοιιοτενέες
2156 3982 2219 4037 δὲ
2263 3983 2516 4048 διέξοδοι
2555 3977 2746 4036 πάντα

1658 4047 1878 4139 τρόπον
1908 4046 2065 4105 ὁδῶν
2095 4050 2307 4122 ἔχουσι]
2348 4058 2387 4105 i.
2412 4072 2459 4106 e.
2497 4059 2747 4107 transitus

1658 4127 1846 4175 viar-mn
1881 4126 2062 4176 directi
2097 4125 2163 4190 (s.
2199 4126 2268 4176 ad
2305 4130 2511 4175 rectam
2543 4123 2744 4174 lineam

1660 4196 1820 4257 quasi
1885 4195 2061 4255 secti,
2137 4193 2301 4275 facti)
2363 4209 2745 4272 quaquaversus

1660 4264 1885 4313 tendente.
1952 4264 2061 4314 Ubi
2095 4256 2281 4313 πάντα
2321 4255 2540 4326 τρόπον
2586 4263 2746 4313 abso·

1659 4329 1773 4381 lute
1808 4334 2045 4397 accipio,
2093 4339 2155 4382 ut
2205 4326 2353 4398 ἔχειν
2393 4331 2745 4382 intransitive

1659 4400 2050 4465 accipiendum,
2088 4407 2149 4450 ut
2178 4401 2224 4464 1,
2256 4400 2371 4452 189.
2409 4399 2528 4452 190.
2583 4399 2745 4451 Geni-
