3109 5092
438 375 560 435 212
1312 374 1858 436 IIERODOTI

437 573 604 621 κοσι.
660 546 813 619 ἐπεί
844 576 915 617 τε
956 547 1032 616 δὲ
1067 543 1193 617 οὐκ
1232 545 1494 618 ἀνιέναι
1537 546 1614 617 τὸ
1653 546 1899 634 κακὸν,
1946 545 2100 618 ἀλλ’
2148 544 2257 617 ἐπὶ
2308 553 2565 637 μᾶλλον
2616 553 2713 616 ἔτι

436 653 819 742 βιάζεσθαι,
857 648 1034 722 οὕτω
1073 649 1156 739 δὴ
1195 650 1315 721 τὸν
1340 656 1622 742 βασιλέα
1665 649 1929 736 αὐτῶν,
1977 652 2101 721 δύο
2135 658 2370 740 μοίρας
2402 651 2714 721 διελόντα

437 761 689 826 Λυδῶν
733 756 1041 839 πάντων,
1096 761 1468 846 κληρῶσαι,
1524 752 1651 845 τὴν
1700 756 1826 845 μὲν
1876 752 1986 824 ἐπὶ
2044 759 2252 846 μονῇ,
2304 753 2429 844 τὴν
2475 755 2553 825 δὲ
2604 752 2715 823 ἐπὶ

437 857 644 953 ἐξόδῳ
684 857 759 928 ἐκ
785 865 900 947 τῆς
926 857 1162 948 χω’ρης.
1219 862 1330 930 καὶ
1361 857 1470 929 ἐπὶ
1508 859 1635 948 μὲν
1673 866 1755 948 τῇ
1780 862 2012 948 μένειν
2039 855 2250 927 αὐτοῦ
2288 858 2714 947 λαγχανούσῃ

435 968 574 1032 τῶν
621 964 912 1052 μοιρέων
968 960 1223 1033 ἑωυτὸν
1277 961 1398 1033 τὸν
1450 966 1730 1051 βασιλέα
1784 961 2264 1052 προστάσσειν,
2324 959 2434 1032 ἐπὶ
2503 961 2577 1031 δὲ
2633 965 2715 1052 τῇ

436 1063 995 1155 ἀπαλλασσομένῃ
1041 1064 1160 1136 τὸν
1206 1069 1463 1136 ἑωυτοῦ
1500 1072 1742 1150 παῖδα,
1793 1071 1886 1158 τῷ
1924 1064 2181 1155 οὕνομα
2231 1065 2405 1134 εἶναι
2449 1073 2711 1152 Τυρση-

436 1168 578 1240 νόν.
646 1170 964 1256 λαχόντας
1013 1169 1088 1238 δὲ
1131 1166 1359 1241 αὐτῶν
1410 1168 1568 1249 τούς
1604 1172 1868 1255 ἑτέρους
1907 1168 2151 1251 ἐξιέναι
2193 1165 2268 1238 ἐκ
2311 1174 2427 1257 τῆς
2474 1167 2714 1256 χώρης,

437 1277 806 1360 καταβῆναι
846 1268 914 1352 ἐς
948 1270 1278 1361 Σμύρνην
1311 1275 1421 1344 καὶ
1459 1271 1973 1363 μηχανήσασθαι
2012 1281 2246 1358 πλοῖα,
2286 1270 2353 1354 ἐς
2388 1270 2468 1340 τὰ
2512 1269 2711 1341 ἐσθε-

437 1378 679 1465 μένους
723 1374 805 1443 τὰ
851 1374 1104 1460 πάντα,
1171 1372 1295 1445 ὅσα
1339 1398 1461 1465 σφι
1509 1369 1598 1465 ἦν
1655 1374 1907 1465 χρηστὰ
1970 1373 2288 1462 ἐπίπλοα,
2348 1372 2715 1445 ἀποπλέειν

439 1477 609 1546 κατὰ
646 1485 805 1566 βίου
845 1505 916 1547 τε
963 1480 1074 1547 καὶ
1127 1485 1247 1567 γῆς
1292 1478 1593 1569 ζήτησιν·
1673 1477 1740 1559 ἐς
1786 1475 1824 1547 ὃ
1871 1486 2080 1549 ἔθνεα
2127 1478 2339 1549 πολλὰ
2370 1473 2712 1571 ξπαραμει-

438 1584 778 1669 ψαμένους
828 1578 1192 1650 ἀπικέσθαι
1246 1580 1313 1661 ἐς
1362 1580 1790 1670 Ὀμβρικούς·
1873 1589 2045 1653 ἔνθα
2099 1586 2308 1671 σφέας
2355 1579 2712 1672 ἐνιδρύσα-

440 1695 604 1753 σθαι
641 1683 909 1766 πόλιας,
949 1686 1060 1754 καὶ
1088 1686 1336 1755 οἰκέειν
1370 1684 1444 1754 τὸ
1479 1689 1671 1774 μέχρι
1705 1690 1927 1755 τοῦδε.
1975 1683 2126 1756 ἀντὶ
2161 1685 2236 1755 δὲ
2266 1690 2521 1755 Λυδῶν
2555 1712 2711 1773 μετ-

440 1793 947 1876 ουνομασθῆναι
982 1784 1227 1868 αὐτοὺς
1272 1786 1381 1858 ἐπὶ
1424 1795 1545 1858 τοῦ
1580 1792 1887 1876 βασιλέος
1916 1794 2036 1859 τοῦ
2073 1788 2346 1874 παιδὸς,
2394 1785 2466 1868 ὅς
2504 1808 2716 1877 σφεας

439 1888 772 1981 ἀνήγαγε·
849 1886 959 1959 ἐπὶ
1016 1890 1258 1961 τούτου
1313 1889 1438 1980 τὴν
1481 1889 1875 1981 ἐπωνυμίην
1923 1896 2366 1981 ποιευμένους
2420 1887 2711 1980 οὕνομα-

510 2049 633 2108 cim!
702 2050 815 2107 ἐπὶ
884 2055 1141 2122 μᾶλλον
1215 2054 1296 2109 ἔτι
1355 2051 1531 2127 βιάζε-

445 2126 610 2194 σθαι]
681 2129 870 2178 Monet
931 2128 1209 2179 VVerferus
1268 2131 1324 2179 in
1381 2133 1527 2179 Aett.

478 2198 594 2248 hill.
629 2198 879 2247 Monacc.
906 2196 952 2259 Ι,
990 2199 1039 2248 2.
1062 2214 1115 2262 p.
1149 2199 1268 2260 258,
1305 2214 1372 2249 ne
1408 2200 1531 2263 quis

443 2214 536 2318 Ξπὶ
579 2266 648 2315 ad
692 2267 920 2331 verbum
963 2259 1254 2332 βιαζεσθαι
1309 2269 1530 2331 referat,

444 2337 603 2387 tmesi
627 2336 697 2384 ab
733 2336 840 2385 isto
865 2336 1188 2386 seiunctum.
1249 2337 1531 2388 Pertinere

442 2406 584 2458 cuim
611 2405 770 2454 docet
805 2396 898 2453 ἐπὶ
924 2406 992 2454 ad
1018 2403 1245 2468 μᾶλλον,
1281 2412 1342 2456 ut
1372 2407 1531 2472 plura

444 2475 556 2526 alia
603 2478 912 2524 monstrant
958 2475 1231 2538 exempla,
1282 2491 1347 2526 ac
1386 2477 1531 2525 simi-

441 2546 509 2595 lis
532 2543 745 2594 dicendi
770 2544 1002 2594 formula
1026 2534 1116 2593 ἐπὶ
1145 2543 1336 2596 πλέον.
1364 2545 1531 2597 Plura

446 2614 695 2666 dabimus
730 2614 877 2664 iufra
913 2614 982 2664 ad
1021 2614 1292 2676 111,104.

512 2679 827 2750 καταβῆναι
852 2675 907 2740 ἐς
920 2653 1225 2749 Σμύρνην]
1238 2685 1531 2735 Molestum

442 2749 538 2803 καὶ
574 2758 704 2803 ante
724 2749 1038 2819 καταβῆναι
1074 2770 1195 2804 cum
1234 2760 1462 2806 recentt.
1501 2771 1532 2805 e

447 2822 858 2874 Schellershem.
895 2812 1034 2873 libro
1072 2823 1370 2876 omisimus.

515 2906 624 2941 οσα
659 2906 758 2956 σφι
791 2881 866 2955 ἦν
901 2884 1116 2956 χρηστὰ
1143 2884 1409 2964 ἐπίπλοα]
1446 2893 1533 2944 Ci-

446 2965 532 3010 tat
563 2961 699 3011 haec
729 2960 925 3011 Pollux
951 2960 1234 3011 Onomast.
1255 2963 1323 3024 X,
1355 2962 1438 3014 10.
1463 2993 1534 3001 —-

447 3021 718 3091 ἐπι’,πλοα
784 3032 1055 3092 supellex,
1112 3031 1337 3095 mobilia,
1410 3032 1533 3082 aliis

444 3098 713 3148 Herodoti
757 3096 891 3148 locis
939 3099 1021 3160 (Ι,
1073 3098 1192 3153 150.
1246 3100 1363 3152 164.
1418 3102 1531 3162 ΙΙΙ,

452 3165 569 3218 135.
617 3168 727 3228 VI,
774 3167 860 3217 23.
907 3167 1045 3228 VII,
1099 3168 1220 3232 110)
1278 3170 1534 3220 dicuutur

447 3231 683 3297 ἔπιπλας
736 3236 878 3285 conf.
918 3235 1072 3286 Suid.
1126 3253 1175 3288 s
1209 3255 1261 3289 v.
1311 3244 1365 3290 et
1403 3241 1534 3291 Gre-

446 3321 561 3371 gor.
595 3305 837 3356 Corinth.
867 3304 933 3355 de
952 3305 1170 3357 dialect.
1201 3324 1254 3372 p.
1294 3309 1395 3360 516
1416 3324 1528 3374 seq.

449 3376 534 3426 ed.
566 3375 785 3426 Schaef.
822 3375 952 3441 ibiq.
987 3383 1174 3427 annot.
1211 3379 1373 3428 Faesi
1404 3377 1533 3443 (An-

447 3445 655 3496 merkk.
720 3460 786 3495 zu
833 3447 1107 3495 Passow's
1152 3448 1220 3496 W
1226 3449 1427 3498 orterb.
1459 3465 1529 3525 p.

447 3516 535 3595 24)
562 3515 810 3592 exponit:
847 3531 916 3564 τα
950 3506 1006 3575 ἐξ
1038 3506 1312 3581 ἐπιπολῆς
1338 3530 1469 3566 σκευ
1477 3533 1530 3580 η,

445 3575 481 3648 ἡ
550 3577 880 3641 ἐπιπόλαιος
946 3582 1170 3649 κτῆσις,
1240 3587 1533 3652 beweqlicle

447 3653 626 3717 Habe,
659 3654 959 3704 besonders
996 3654 1367 3734 Hausyercitlze.
1437 3656 1533 3705 Di-

447 3729 644 3774 cuntur
675 3736 908 3788 χρηστα,
947 3724 985 3774 i.
1012 3739 1058 3773 e.
1081 3717 1328 3788 χρήσιμα
1365 3723 1532 3789 (quod

447 3795 612 3843 etiam
659 3809 724 3842 ex
771 3793 1254 3858 interpretamento
1286 3810 1425 3844 unus
1470 3794 1532 3844 li-

446 3862 542 3910 ber
560 3861 655 3912 dat
674 3862 781 3923 111,
804 3862 917 3924 78),
957 3866 1115 3924 utilia,
1153 3865 1374 3914 advitae
1395 3880 1533 3914 mum

445 3932 729 3989 commoda,-
779 3947 946 3997 quae,
995 3937 1222 3982 notante
1256 3934 1531 3996 Schweig-

443 4000 706 4049 haeusero
742 4001 811 4050 ad
847 4002 1045 4052 Athen.
1083 4003 1198 4053 111.
1232 4019 1286 4068 p.
1329 4004 1424 4054 114
1459 4004 1529 4078 D,

448 4070 698 4133 aequiore
741 4072 1068 4121 Graecitatis
1105 4088 1242 4123 aevo
1289 4063 1530 4151 χρηστή-

449 4153 544 4202 ρια
579 4138 852 4203 appellata
874 4147 1018 4190 sunt.
1055 4143 1164 4192 Pro
1200 4132 1526 4200 ἀποπλέειν,

447 4207 594 4273 quod
628 4224 811 4259 omnes
851 4210 975 4259 libri
1008 4211 1267 4271 afferunt,
1303 4209 1529 4259 Dietsch

447 4276 618 4326 edidit
655 4267 1000 4329 αποπλαὶειν.
1076 4281 1160 4333 Cf.
1201 4279 1432 4330 Bredov.
1473 4295 1529 4344 p.

516 4406 830 4467 ἀπικέσθαι
852 4407 931 4476 ἐς
929 4408 1278 4485 Ομβρικούς]
1320 4413 1530 4468 Umbros

1635 2059 1794 2122 dicit,
1848 2058 2048 2123 quippe
2093 2074 2229 2124 quos
2290 2064 2418 2110 ante
2450 2060 2720 2108 ‘Etrusco-

1632 2144 1749 2179 rum
1805 2129 2109 2194 potentiam
2163 2144 2416 2194 mag-nam
2464 2129 2718 2178 Etruriae

1631 2204 1841 2263 partem
1864 2198 2105 2248 tenuisse
2133 2204 2369 2249 constat.
2410 2198 2556 2249 Hinc
2580 2197 2721 2262 Lydi

1630 2268 1862 2333 profecti
1900 2268 1969 2317 ad
1996 2268 2321 2318 Umbrorum
2347 2274 2574 2330 terram,
2602 2268 2639 2317 i.
2668 2282 2716 2318 e.

1633 2336 1703 2387 ad
1769 2338 2032 2387 Etruriam
2100 2338 2371 2402 appellere
2443 2337 2716 2387 dicuntur.

1631 2407 1758 2457 vid.
1811 2406 1873 2456 C.
1922 2407 1989 2458 Ο.
2042 2407 2287 2458 Mueller.
2346 2406 2612 2471 (Etrusc.)
2669 2405 2729 2460 Ι..

1632 2492 1686 2541 p.
1730 2477 1846 2538 102,
1887 2482 1942 2526 et
1968 2484 2108 2541 quae
2133 2476 2199 2527 de
2231 2477 2429 2528 Umbris
2450 2475 2722 2527 Herodoti

1633 2545 1873 2596 dicemus
1921 2548 1992 2596 ad
2040 2546 2145 2608 IV,
2193 2547 2280 2597 49.
2362 2546 2448 2596 De
2493 2545 2717 2610 reliquis

1632 2616 1744 2665 vid.
1782 2616 2085 2665 Excursum
2121 2615 2190 2665 ad
2227 2615 2280 2666 h.
2318 2614 2356 2664 l.

1701 2676 1794 2733 ἐπὶ
1828 2677 2037 2733 τούτου
2073 2676 2179 2748 τὴν
2221 2677 2552 2746 ἐπωνυμίην
2586 2696 2717 2730 ποι-

1631 2752 1929 2816 ευμένους]
1967 2745 2058 2803 ἐπὶ
2095 2769 2215 2803 cum
2251 2753 2493 2819 genitivo
2534 2751 2717 2801 verbis

1630 2822 1941 2888 appellandi
1987 2822 2261 2873 adiectum
2318 2821 2600 2887 attigimus
2647 2821 2719 2870 ad

1637 2893 1685 2954 Ι,
1729 2894 1813 2943 14.
1854 2919 1920 2928 —-
1958 2891 2130 2942 Paulo
2163 2897 2289 2957 post
2323 2907 2442 2942 cum
2472 2891 2717 2955 plurimis

1634 2962 1788 3012 libris
1845 2962 2160 3026 scripsimus
2210 2954 2567 3011 δεδούλωντο
2626 2960 2719 3010 ab·

1635 3033 1781 3082 iecta
1814 3032 2090 3094 augmenti
2125 3029 2571 3106 reduplicatione,
2596 3045 2719 3079 cum

1635 3100 1799 3166 vulgo
1838 3100 2088 3150 ederetur
2122 3091 2551 3162 ἐδεδούλωντο,
2577 3096 2723 3162 quod

1636 3170 1861 3220 retinuit
1903 3169 2146 3219 Dietsch.
2218 3169 2386 3218 Plura
2430 3169 2616 3218 omissi
2662 3167 2721 3217 in

1633 3239 2165 3304 plusquamperfecto
2220 3238 2502 3304 augmenti
2545 3253 2721 3288 exem-

1636 3309 1728 3373 pla
1762 3310 2009 3358 eNostro
2045 3308 2361 3372 suppeditat
2394 3307 2626 3357 Werfer.
2662 3307 2718 3355 in

1634 3380 1783 3429 Aett.
1832 3377 2039 3442 philoll.
2085 3378 2332 3427 Monacc.
2384 3377 2429 3437 1,
2488 3378 2541 3428 2.
2588 3392 2718 3441 pag.

1634 3448 1764 3506 24ος
1814 3445 1923 3496 alia
1969 3446 2198 3496 aliorum
2242 3447 2569 3510 scriptorum
2600 3447 2720 3510 ipse

1632 3516 1873 3567 indicavi
1918 3515 1988 3566 ad
2039 3515 2317 3566 Plutarch.
2376 3515 2611 3566 Flamin.
2661 3531 2714 3580 p.

1638 3584 1757 3636 120.
1800 3585 1941 3635 Add.
1980 3586 2214 3635 Bredov.
2294 3583 2467 3635 ..289
2508 3585 2573 3634 In
2599 3600 2719 3633 ver-

1632 3655 1721 3704 bis
1756 3655 1987 3706 adiectis
2016 3645 2131 3703 ὑπὸ
2163 3652 2415 3718 Πέρσῃσι
2449 3668 2517 3702 ne
2553 3653 2718 3702 offen-

1635 3724 1752 3784 das,
1789 3740 1928 3774 neve
1975 3714 2091 3772 ὑπὸ
2138 3719 2405 3787 Περσέων
2445 3722 2718 3786 corrigen-

1634 3792 1761 3842 dum
1796 3809 2051 3853 censeas,
2087 3789 2536 3857 quemadmodum
2572 3790 2719 3854 apud

1632 3868 1825 3941 poetas
1871 3861 2099 3927 genitivi
2146 3860 2264 3911 loco
2312 3860 2555 3909 dativum
2590 3864 2718 3924 post

1634 3922 1749 3980 ὑπὸ
1805 3932 2160 3981 substitutum
2205 3930 2478 3988 videmus3
2533 3928 2717 3978 malim

1629 4000 1718 4050 hic
1746 3999 1919 4051 dativi
1945 4016 2100 4051 usum
2128 3999 2394 4080 explicare
2422 3997 2716 4048 secundum

1630 4070 1956 4121 locutiones.
2004 4062 2151 4119 εἶναι
2200 4060 2317 4118 υπό
2352 4083 2466 4117 τινι
2499 4069 2578 4132 (in
2622 4069 2721 4117 alt·-

1629 4142 1769 4190 cuius
1807 4147 2059 4203 potestate
2105 4154 2244 4201 esse,
2295 4134 2551 4202 obsequi),
2606 4126 2714 4200 υφ’

1629 4201 1811 4275 ἑαυτῷ
1842 4208 2137 4259 ποιεῖσθαι
2189 4207 2313 4272 (sibi
2354 4207 2613 4271 subiqere,
2664 4209 2715 4255 in

1628 4295 1770 4328 suam
1824 4279 2053 4328 ditionem
2108 4274 2370 4340 recn‘eere)
2421 4280 2528 4326 etc.
2515 4312 2555 4339 .,
2619 4275 2714 4325 ubi

1632 4338 1747 4396 ὑπὸ
1784 4362 1937 4396 suam
1989 4347 2147 4411 quasi
2194 4360 2260 4395 ac
2295 4345 2568 4409 propriam
2603 4345 2714 4393 vim

1628 4416 1845 4468 retinet.
1883 4415 2041 4468 Conf.
2076 4415 2123 4478 Ι,
2160 4413 2262 4465 202
2306 4413 2709 4476 coll.111‚45.
