3109 5092
454 359 578 423 334
1315 357 1858 420 HERODOTI

451 563 557 606 νοι
609 532 676 616 ές
718 531 844 623 τὴν
883 530 1163 624 ἤπειρον
1219 530 1296 603 ἐκ
1348 536 1487 603 τῶν
1528 530 1779 621 νήσων.
1864 527 1940 600 τὸ
1989 529 2118 620 γὰρ
2180 526 2468 600 παλαιὸν
2506 524 2731 608 ἐόντες

450 646 658 710 Μίνω
702 665 777 709 τε
829 637 1178 727 κατήκοοι,
1230 638 1344 707 καὶ
1388 635 1783 725 καλεόμενοι
1803 633 2154 722 .Λέλεγες,
2210 632 2394 722 εἶχον
2445 631 2563 713 τὰς
2601 633 2722 721 νή-

449 765 640 830 σους,
687 741 904 835 φόρον
954 743 1080 831 μὲν
1123 738 1375 834 οὗᾷένα
1422 736 1931 826 ὑποτελέοντες,
1975 735 2141 809 ὅσον
2184 739 2300 808 καὶ
2337 734 2471 825 ἐγώ
2507 742 2719 807 δυνα-

445 847 559 929 τός
594 855 730 936 εἰμι
759 845 1176 938 μακρότατον
1223 843 1564 929 ἐξικέσθαι
1602 840 1805 934 ἀκοῇ·
1853 847 1924 912 οἱ
1962 843 2074 931 δὲ,
2119 837 2294 923 ὅκως
2329 848 2576 921 Μίνως
2605 841 2718 910 δέ·

448 978 624 1039 οιτο,
665 949 1007 1042 ἐπλήρουν
1044 954 1116 1019 οἱ
1147 946 1265 1031 τὰς
1301 949 1480 1029 νέας.
1558 943 1675 1018 ἅτε
1720 948 1797 1017 δὲ
1828 944 1912 1036 δὴ
1941 953 2149 1016 Μίνω
2193 973 2267 1016 τε
2303 966 2717 1034 κατεστραμ-

446 1055 661 1144 μένου
697 1061 831 1145 γῆν
865 1053 1155 1143 πολλὴν,
1198 1055 1311 1122 καὶ
1354 1050 1789 1142 εὐτυχέοντος
1822 1056 1916 1122 ‘cm‘
1958 1049 2227 1147 πολέμῳ
2249 1103 2268 1139 ,
2303 1048 2380 1120 τὸ
2409 1046 2719 1138 Καρικὸν

447 1152 536 1250 ἦν
590 1166 792 1240 ἔθνος
842 1156 1301 1247 λογιμώτατον
1345 1184 1484 1226 των
1556 1153 1823 1227 ἐθνέων
1867 1182 2190 1226 απαντων
2251 1181 2422 1225 κατα
2478 1158 2722 1224 τοῦτον

447 1291 583 1353 αμα
631 1260 751 1332 τὸν
800 1261 1045 1353 χρόνον
1086 1288 1318 1356 μακρω
1360 1260 1665 1349 μαλιστα.
1751 1265 1871 1328 καί
1907 1280 2031 1348 σφι
2074 1257 2262 1351 τριξα
2306 1256 2724 1349 ἐξευρήματα

449 1363 750 1454 ἐγένετο,
789 1381 962 1436 τοῖσι
997 1369 1067 1435 οἱ
1078 1361 1397 1453 Ἕλληνες
1431 1360 1815 1455 ἐχρήσαντο.
1884 1364 1998 1432 καὶ
2037 1362 2167 1455 γὰρ
2208 1360 2317 1434 ἐπὶ
2353 1361 2435 1431 τὰ
2469 1362 2722 1455 κράνεα

445 1568 630 1653 legum
677 1573 841 1637 gente
884 1568 1031 1634 apud
1077 1571 1287 1619 veteres
1329 1566 1539 1620 tradita
1640 1566 1700 1617 Si
1733 1565 2019 1618 audiamus
2056 1567 2294 1618 Eltzium
2330 1565 2582 1632 (Quaest.
2616 1566 2728 1616 He-

448 1639 805 1706 reperiantur.
885 1639 969 1690 Tu
1007 1639 1152 1690 conf.
1190 1636 1457 1689 Hoeckl.
1495 1637 1535 1689 l.
1639 1635 1794 1687 rodd.
1843 1653 1897 1703 p.
1948 1635 2071 1701 12),
2129 1638 2299 1687 verba
2339 1634 2458 1687 τῶν
2507 1627 2728 1685 ἐθνέων

448 1715 504 1762 et
540 1725 681 1777 quae
722 1710 836 1760 alia
883 1709 1146 1759 excitavit
1193 1708 1254 1759 C.
1299 1709 1364 1760 F.
1399 1709 1535 1758 Her·
1636 1697 1909 1756 ἁπαντων
1933 1706 2150 1773 virgula
2185 1722 2219 1757 a
2254 1707 2606 1772 sequentibus
2643 1720 2727 1755 se-

447 1795 630 1831 mann.
669 1779 882 1832 Griech.
929 1779 1338 1830 Staatsalterth.
1388 1781 1439 1842 9.
1479 1779 1530 1830 6.
1636 1778 1883 1842 paranda
1918 1783 2075 1841 sunt,
2135 1783 2199 1828 ut
2242 1776 2378 1828 haec
2431 1778 2538 1829 loci
2597 1775 2728 1825 inde

445 1856 564 1904 not.
597 1852 681 1903 ll.
719 1850 804 1902 ed.
842 1853 1023 1930 quart.
1639 1847 1843 1898 existat
1875 1848 2174 1899 sententia.
2214 1863 2377 1912 „cum
2412 1848 2591 1898 Minos
2614 1861 2727 1896 ma-

1638 1931 1804 1982 gnum
1857 1918 1965 1967 sibi
2016 1922 2255 1969 tractum
2305 1916 2612 1984 subegisset
2669 1920 2726 1965 et

1635 1985 1779 2036 bello
1817 1986 1948 2037 felix
1978 1994 2152 2050 esset,
2198 1987 2394 2039 Carica
2434 2001 2568 2053 gens
2613 2001 2727 2037 om-

1637 2056 1787 2107 nium
1822 2059 2064 2123 gentium
2099 2058 2208 2108 fuit
2240 2057 2572 2121 clarissima,
2611 2056 2724 2121 ,hoc

1637 2125 1798 2176 simul
1845 2132 2085 2193 tempore
2149 2127 2277 2193 (quo
2325 2127 2378 2177 ei
2429 2129 2723 2193 Harpagus

1635 2194 1836 2247 bellum
1857 2197 2089 2262 intulit),
2126 2198 2216 2248 vel
2244 2200 2478 2248 maxime
2509 2197 2678 2248 clara.
2686 2197 2720 2222 “

1634 2266 1757 2316 Hoc
1790 2282 1920 2318 vero
1950 2268 1997 2317 si
2027 2267 2303 2318 declarare
2329 2266 2596 2318 voluisset
2613 2267 2724 2320 No-

1634 2338 1763 2399 ster,
1796 2337 1956 2388 aliter
1977 2338 2287 2418 scripsisset
2310 2343 2408 2387 aut
2433 2342 2579 2388 certe
2600 2352 2721 2418 par—

1632 2373 1858 2457 ticulam
1899 2408 2080 2458 verbis
2140 2422 2285 2457 κατα
2343 2407 2552 2456 τοῦτον
2605 2422 2724 2472 αμα

1631 2468 1733 2525 τὸν
1797 2468 2010 2542 χρόνον
2069 2492 2120 2527 κ.
2179 2492 2227 2527 τ.
2277 2478 2324 2526 λ.
2386 2477 2720 2528 addidisset.

1632 2546 1728 2596 sed
1764 2546 1898 2597 haec
1930 2548 2053 2613 ipsa
2085 2547 2252 2597 verba
2283 2535 2442 2614 (αμα)
2476 2548 2612 2598 satis
2641 2547 2722 2597 in-

1633 2616 1843 2681 dicant,
1891 2633 2001 2668 non
2043 2618 2110 2668 de
2158 2617 2267 2667 alio
2315 2622 2561 2683 tempore
2596 2632 2719 2669 esse

1631 2700 1958 2753 sermonem,
1998 2687 2095 2738 sed
2120 2686 2187 2738 de
2213 2702 2276 2737 eo
2312 2688 2433 2753 ipso
2456 2693 2718 2753 tempore,

1630 2771 1736 2821 quo
1766 2758 1946 2808 Minos
1992 2757 2155 2824 longe
2189 2755 2409 2824 lateque
2442 2758 2718 2824 imperita-

1626 2825 1724 2876 bat
1758 2826 1997 2893 felixque
2025 2832 2143 2879 erat
2180 2827 2349 2879 bello:
2387 2830 2447 2879 in
2482 2843 2590 2894 quo
2627 2843 2717 2894 ge-

1626 2895 1794 2947 rendo
1854 2897 2084 2949 Caribus
2141 2902 2196 2948 et
2252 2898 2385 2963 ipsis
2439 2899 2715 2960 utebatur,

1628 2980 1768 3031 quae
1806 2982 1939 3033 gens
1975 2967 2073 3019 illa
2107 2971 2291 3019 aetate
2326 2968 2564 3019 omnium
2610 2968 2718 3017 fuit

1627 3035 1948 3089 clarissima.
2019 3038 2268 3104 Harpagi
2303 3053 2434 3089 vero
2472 3043 2715 3104 tempore

1627 3104 1794 3156 Cares
1829 3106 1972 3158 hanc
2013 3110 2270 3158 virtutem
2308 3108 2527 3159 minime
2573 3124 2716 3159 com-

1624 3179 1986 3240 monstrasse,
2024 3178 2214 3229 Nostri
2252 3178 2423 3229 verba
2461 3178 2597 3229 satis
2625 3178 2714 3228 de-

1624 3244 1836 3296 clarent
1872 3215 2044 3310 1,1'74
2078 3247 2199 3298 init.
2261 3247 2349 3299 Ad
2383 3247 2715 3300 locutionem

1622 3312 1822 3384 μακρῷ
1874 3285 2112 3381 μάλιστα
2168 3316 2504 3382 superlativo
2564 3318 2715 3369 addi-

1622 3390 1737 3435 tam
1771 3390 1827 3435 et
1863 3401 1985 3436 cum
2029 3388 2086 3437 vi
2128 3389 2364 3454 quadam
2409 3392 2536 3453 post
2569 3388 2714 3454 posi-

1621 3459 1736 3505 tam
1774 3456 1919 3506 conf.
1962 3457 2037 3521 H,
2076 3457 2145 3509 76
2181 3462 2237 3509 et
2271 3458 2471 3509 Matth.
2501 3457 2595 3510 Gr.
2616 3459 2708 3511 Gr.

1623 3528 1673 3590 5
1688 3591 1785 3645 καὶ
1830 3587 1937 3660 γὰρ
1974 3585 2066 3646 ἐπὶ
2114 3611 2182 3645 τα
2229 3587 2444 3659 κράνεα
2494 3586 2711 3679 λόφους

1618 3655 1949 3715 ἐπιδέεσθαι
1986 3680 2037 3714 κ.
2074 3679 2123 3716 τ.
2157 3664 2229 3730 λ.]
2282 3666 2416 3717 Tria
2459 3665 2594 3716 haec
2628 3666 2709 3716 in-

1617 3739 1787 3787 venta
1829 3735 2029 3787 Strabo
2077 3749 2291 3801 qnoque
2339 3735 2569 3786 Caribus
2616 3734 2709 3786 ad·

1619 3805 1809 3856 scribit
1842 3804 1991 3856 XIV.
2029 3821 2082 3870 p.
2126 3805 2233 3857 976
2266 3806 2331 3870 Β,
2368 3821 2520 3870 usus,
2559 3804 2704 3870 quod

1619 3875 1690 3925 ad
1723 3876 1919 3926 cristas
1957 3874 2132 3941 galeis
2168 3876 2454 3941 impositas
2489 3876 2704 3939 attinet,

1616 3944 1804 3995 Alcaei
1851 3944 2186 3996 testimonio.
2281 3945 2398 3996 Nec
2450 3946 2709 3996 dissentit

1614 4013 1828 4065 Aelian.
1866 4014 2102 4067 Animal.
2139 4014 2289 4066 Hist.
2325 4015 2467 4077 XII,
2502 4014 2599 4078 30,
2640 4031 2708 4065 ex

1609 4084 1892 4136 Herodoto
1928 4085 2232 4149 profectus,
2282 4084 2374 4134 cui
2412 4084 2542 4136 add.
2578 4083 2706 4135 Plu-

1609 4154 1790 4205 tarchi
1823 4153 2004 4205 locum
2039 4155 2096 4204 in
2133 4154 2424 4206 Artaxerx.
2463 4169 2586 4219 cap.
2617 4153 2699 4206 10.

1606 4239 1736 4290 pag.
1793 4222 1924 4275 1016
1969 4224 2034 4275 Β.
2108 4225 2266 4275 Νιιιιο
2324 4238 2482 4288 ver-0,
2538 4238 2703 4290 quum

1604 4295 1751 4346 iuter
1797 4293 2105 4359 sculpturas
2143 4292 2401 4360 Assyrias
2445 4293 2576 4345 Nini
2612 4309 2703 4344 ve-

1604 4365 1739 4416 teris
1789 4362 1993 4414 similia
2038 4364 2310 4415 cassidum
2362 4369 2700 4426 ornamenta,

1604 4434 1792 4501 qualia
1852 4433 1941 4484 hic
2003 4433 2233 4485 Caribus
2293 4433 2698 4497 adscribuntur,

515 1921 690 1971 Μίνω
725 1935 784 1970 τε
820 1912 1115 1986 κατήκοοι]
1148 1920 1234 1970 De
1258 1922 1537 1970 structura

406 2019 411 2024 ·
446 1991 593 2043 conf.
633 1991 705 2041 ad
744 1990 950 2070 1‚143.

514 2053 673 2126 εἶχον
706 2075 808 2117 τας
845 2050 1081 2125 νήσους]
1121 2058 1351 2110 Videtur
1381 2056 1533 2108 oblo-

445 2131 539 2196 qui
562 2129 911 2195 Thucydides
934 2129 980 2193 1,
1014 2130 1065 2192 4,
1102 2128 1270 2179 Cares
1303 2143 1532 2178 narrans

444 2215 479 2249 a
514 2200 699 2251 Minoe
733 2198 925 2250 insulis
961 2196 1289 2264 Cycladibus
1326 2198 1530 2248 eiectos

445 2284 585 2321 esse.
644 2271 718 2321 Et
740 2285 800 2318 re
833 2283 964 2319 vera
1000 2268 1182 2333 potuit
1206 2282 1300 2318 eos
1333 2267 1532 2317 eiicere

442 2339 648 2403 Minos,
698 2340 746 2388 si
770 2339 875 2405 ‘qui
912 2337 1085 2404 ipsius
1130 2337 1410 2403 imperium
1448 2352 1531 2388 re-

444 2414 701 2460 cusarent
746 2408 995 2475 aliosque
1031 2407 1089 2456 in
1131 2422 1316 2458 eorum
1350 2407 1529 2458 locum

442 2480 641 2531 ducere
691 2479 941 2542 colonos,
1007 2476 1218 2544 reliqua
1268 2481 1416 2528 terra
1458 2477 1526 2528 iis

442 2549 661 2614 relicta,
700 2549 793 2616 qui
827 2548 1111 2616 imperium
1148 2548 1322 2614 ipsius
1362 2563 1528 2613 agno·

441 2625 671 2671 scerent.
708 2650 781 2660 —
835 2620 903 2670 In
946 2619 1127 2669 verbis
1176 2618 1527 2685 sequentibus

440 2682 689 2748 δυνατός
736 2684 850 2756 εἰμι
892 2681 1253 2756 μακρότατον
1301 2705 1354 2738 κ.
1389 2703 1438 2739 τ.
1475 2688 1523 2737 λ.

436 2760 718 2820 Werferus
752 2760 812 2811 in
846 2762 996 2811 Actt.
1034 2758 1243 2825 philoll.
1269 2760 1521 2810 Monacc.

440 2830 500 2894 Ι,
537 2833 590 2882 2.
645 2846 771 2895 pag.
821 2832 925 2881 244
983 2833 1111 2880 ante
1166 2822 1526 2912 μακρότατον

436 2900 604 2950 inseri
641 2899 760 2950 vult
807 2890 926 2964 ἐπὶ,
973 2899 1118 2983 quod
1151 2900 1235 2950 uti
1282 2898 1404 2948 aliis
1447 2897 1524 2948 lo-

437 2969 518 3019 cis
570 2968 816 3020 additum
851 2969 1155 3031 invenitur,
1202 2970 1285 3018 ita
1338 2971 1524 3018 tamen

435 3036 540 3088 hoc
596 3037 719 3089 loco
770 3053 865 3088 cur
909 3038 1217 3088 necessario
1265 3035 1523 3086 adiicien-

435 3106 563 3157 dum
600 3108 700 3170 sit,
746 3107 897 3157 nulla
940 3107 1071 3156 mihi
1117 3106 1314 3157 idonea
1359 3121 1523 3172 appa-

435 3181 518 3226 ret
552 3191 739 3228 causa.
809 3176 968 3227 Conf.
1004 3176 1149 3226 infra
1180 3176 1255 3239 11,
1291 3175 1360 3226 29
1396 3176 1516 3228 init.

434 3246 737 3312 Schweigh.
785 3246 843 3295 in
875 3246 1063 3297 Lexic.
1099 3244 1303 3297 Herod.
1341 3246 1419 3296 ΙΙ.
1459 3263 1514 3312 p.

433 3316 501 3366 84
525 3316 749 3368 eandem
772 3315 982 3381 profert
1002 3316 1385 3380 suspicionem,
1410 3317 1521 3366 He-

431 3385 681 3438 rodotum
728 3385 960 3436 forsitan
1024 3386 1335 3450 scripsisse.
1405 3378 1519 3435 ἐπὶ

429 3449 815 3521 μακρότατονς
852 3456 1032 3522 ipsum
1063 3470 1192 3507 vero
1226 3455 1408 3507 locum
1437 3456 1518 3507 sic

429 3526 691 3578 reddidit.
744 3533 1016 3612 „quantam
1050 3541 1169 3591 eqo,
1205 3529 1521 3590 superiorum

427 3604 697 3664 temporum
744 3600 1020 3648 memoriam
1077 3598 1320 3648 αὶείεεὺηο
1369 3612 1517 3661 repe-

430 3674 568 3729 tens,
607 3667 783 3718 audita
816 3681 1117 3748 cognoscere
1216 3666 1348 3719 tui-⁴
1312 3664 1348 3693 ‘⁴

497 3732 558 3786 οἱ
591 3731 654 3787 δὲ
685 3767 758 3777 --
791 3726 1077 3803 ἐπλήρουν
1114 3751 1145 3786 ο
1216 3730 1318 3795 τὰς
1361 3730 1513 3802 νέας]

428 3799 487 3854 οἷ
518 3800 592 3856 δὲ
619 3838 688 3847 --
713 3753 999 3887 ἐπλήρουν
1034 3807 1198 3869 dixit,
1235 3823 1302 3858 ac
1340 3807 1388 3856 si
1421 3821 1514 3857 an-

425 3878 517 3924 tea
555 3874 852 3941 legereturt
913 3869 1101 3940 φόρον
1151 3842 1256 3941 μ’ὲν
1302 3868 1516 3926 οὐδένα

424 3934 752 4009 ὑπετέλεον,
792 3946 873 3995 ita
908 3949 969 3995 ut
1005 3939 1067 3994 οἰ
1091 3939 1155 3995 δὲ
1188 3961 1299 3997 non
1327 3945 1400 3996 ad
1437 3946 1514 3996 di-

421 4027 638 4063 versam
670 4028 958 4077 personam
987 4030 1034 4067 s.
1061 4015 1361 4066 subiectum
1400 4015 1512 4066 sint

422 4081 718 4145 referendi,
777 4099 963 4134 verum
1012 4084 1082 4135 ad
1139 4084 1283 4135 idem
1337 4085 1506 4148 istud,

422 4166 528 4216 quo
566 4152 978 4217 antecedentia,
1016 4154 1213 4220 quibus
1249 4148 1352 4220 μὲν
1385 4170 1508 4221 par-

419 4220 589 4272 ticula
650 4221 865 4273 adiecta
922 4226 1030 4287 est,
1106 4228 1370 4290 spectent.
1434 4252 1505 4262 -

418 4292 591 4342 Paulo
619 4295 746 4356 post
778 4308 809 4344 e
834 4291 1157 4345 Schellersh.
1189 4295 1502 4360 scripsimus

416 4376 540 4411 cum
577 4361 752 4414 Gaisf.
801 4376 899 4412 ατε
944 4355 1019 4413 δὲ
1063 4355 1149 4427 δὴ
1184 4362 1359 4413 Μίνω
1399 4377 1497 4429 τε,

414 4430 511 4482 ubi
556 4430 722 4498 vulgo
769 4433 1029 4486 omittunt
1076 4431 1153 4484 δέ
1194 4438 1251 4487 et
1294 4448 1380 4485 τε.
1429 4463 1501 4476 -·
