3109 5092
1012 343 1144 404 AD
1193 319 1707 405 HERODOT.
1752 344 1836 417 11,
1881 352 1971 406 53.
2500 345 2623 409 857

355 522 617 574 maiorum
655 537 718 574 ac
749 523 891 572 fama
913 517 1158 569 diversis
1181 515 1317 569 locis
1341 517 1565 570 diverse
1599 521 1793 570 essent
1812 533 2009 588 sparsa
2031 533 2095 569 ac
2116 517 2486 589 disseminata,
2523 527 2622 574 aut

356 606 593 660 carmine
631 623 741 658 uno
778 601 1306 673 comprehenderent
1337 621 1400 655 ac
1435 602 1705 655 disertius
1739 609 2115 672 exponerent,
2165 604 2311 674 quod
2334 606 2618 659 Hesiodus

355 692 518 757 fecit,
558 696 655 744 aut
677 691 754 744 ita
791 691 1054 741 ornarent
1082 694 1138 739 et
1159 687 1227 739 ad
1256 693 1456 740 certam
1488 687 1756 740 rationem
1786 687 2221 756 constituerent,
2269 693 2333 742 ut
2353 691 2481 743 inde
2517 710 2618 760 pro

354 775 570 829 modulo
609 793 672 827 ac
703 773 896 843 regula
923 772 1143 825 fabulae
1167 773 1504 826 haberentur
1539 772 1688 841 apud
1721 776 2009 841 posteros,
2060 773 2207 843 quod
2244 774 2299 825 in
2322 775 2617 828 Homerum

354 861 589 927 cadere,
629 861 757 930 quis
798 874 908 911 non
944 857 1228 910 videat2“
1273 857 1451 920 Quam
1474 857 1683 925 Heynii
1722 857 2050 910 sententiam
2091 858 2319 911 uberius
2360 861 2619 928 exposuit

356 945 814 1015 amplificavitque
852 943 1116 995 Creuzer.
1156 942 1427 1013 (Symbol.
1453 943 1498 994 I.
1537 946 1678 1012 p.73
1698 960 1855 1012 seqq.
1898 946 1966 1001 77
2002 942 2125 996 coll.
2164 943 2349 996 Wien.
2385 944 2614 999 Jahn-bb.

352 1030 497 1083 Lxl.
521 1048 577 1100 p.
599 1029 744 1097 182),
774 1029 844 1081 ad
866 1028 1538 1097 anthropomorphisticam
1559 1026 1704 1080 illam
1727 1044 1888 1097 quam
1912 1044 2082 1097 supra
2103 1028 2217 1080 dixi
2238 1029 2462 1081 deorum
2487 1048 2616 1083 con-

349 1114 726 1168 formationem
761 1115 830 1166 ab
861 1112 949 1164 his
984 1112 1164 1181 poetis
1199 1114 1496 1181 perfectam
1531 1112 1872 1181 potissimum
1912 1113 2238 1183 respiciens.
2306 1114 2504 1183 Neque
2546 1116 2615 1168 ab

352 1200 451 1251 hac
478 1199 756 1251 sententia
776 1197 1058 1251 admodum
1082 1197 1376 1250 discedunt
1398 1215 1490 1264 ea,
1527 1213 1672 1268 quae
1696 1201 2018 1250 statuerunt
2038 1198 2352 1251 Griineisen
2377 1198 2581 1271 (Illgen
2602 1219 2617 1252 ε

348 1283 671 1337 zeitschrift
708 1285 749 1335 f.
790 1284 980 1335 histor.
1006 1281 1275 1349 Theolog.
1314 1282 1416 1352 111,
1442 1289 1476 1340 2
1510 1300 1567 1350 p.
1590 1281 1719 1349 42),
1763 1281 2149 1334 Wachsmuthe
2182 1282 2400 1335 Hellen.
2435 1283 2615 1338 Alter-

350 1367 719 1422 thumskunde
743 1368 816 1434 II,
833 1374 887 1428 2.
913 1385 966 1436 p.
982 1371 1048 1426 91
1066 1405 1081 1431 ‚
1116 1366 1316 1420 Ulrici:
1342 1366 1676 1419 Geschichte
1698 1365 1797 1418 der
1815 1365 2012 1418 hellen.
2036 1366 2373 1420 Dichtkunst
2392 1368 2439 1419 Ι.
2465 1387 2521 1439 p.
2546 1373 2616 1428 70

349 1452 471 1507 coll.
499 1452 709 1505 Caesar
741 1453 831 1505 in:
865 1450 1184 1503 Zeitschrist
1221 1453 1261 1502 f.
1281 1449 1945 1503 Alterthumswissensch.
1974 1455 2129 1510 1840.
2151 1468 2207 1520 p.
2224 1455 2347 1520 690,
2381 1453 2613 1523 ipseque

347 1536 570 1591 Lobeck
605 1537 694 1589 int
738 1536 1087 1606 Aglaopham.
1124 1539 1318 1605 p.347,
1353 1552 1465 1606 quo
1501 1540 1727 1589 auctore
1762 1535 2081 1588 Herodotus
2124 1536 2278 1605 „hoc
2310 1538 2612 1605 contendit,

345 1621 564 1676 fabulas
584 1620 708 1674 illas
742 1623 840 1692 (de
862 1622 1086 1674 deorum
1112 1621 1336 1688 natura)
1374 1621 1579 1691 passim
1610 1619 1759 1673 nullo
1798 1618 2071 1691 locuplete
2103 1628 2329 1674 auctore
2360 1620 2612 1690 vulgatas

345 1725 525 1778 neque
558 1706 838 1759 literarum
872 1706 1235 1759 monumentis
1263 1706 1545 1758 mandatas
1580 1712 1695 1757 tum
1717 1704 1927 1757 demum
1950 1705 2184 1758 radicari
2215 1710 2272 1757 et
2303 1705 2612 1760 inolescere

345 1792 595 1861 coepisse
611 1831 627 1858 ,
662 1809 828 1861 quum
850 1791 1081 1844 duorum
1106 1790 1568 1843 nobilissimorum
1601 1795 1884 1860 poetarum
1908 1789 2079 1842 veluti
2104 1789 2323 1859 publico
2363 1792 2611 1845 testimo·

346 1878 436 1929 nio
474 1882 666 1929 essent
698 1882 943 1929 ornatae.
1009 1876 1131 1928 Hos
1169 1876 1373 1943 igitur,
1419 1875 1516 1945 qui
1552 1875 1825 1944 quandam
1848 1874 1930 1927 rei
1966 1874 2233 1927 fabularis
2258 1875 2418 1944 quasi
2442 1876 2610 1929 disci-

343 1962 543 2032 plinam
577 1960 971 2027 condiderunt,
1008 1959 1077 2012 ad
1101 1976 1242 2029 quos
1267 1960 1551 2028 omnibus,
1589 1958 1685 2030 qui
1714 1959 1782 2011 de
1820 1959 2042 2011 deorum
2074 1960 2341 2030 progenie
2370 1965 2428 2014 et
2461 1961 2610 2014 vitae

343 2047 556 2099 actione
581 2051 885 2115 quaerunt,
924 2050 1184 2114 tanquam
1207 2045 1279 2097 ad
1311 2044 1515 2115 primos
1545 2045 1732 2097 fontes
1766 2044 2161 2097 recurrendum
2203 2050 2318 2111 est,
2356 2045 2611 2099 Herodo-

342 2138 436 2184 tus
469 2131 661 2183 merito
684 2130 1038 2199 Theogoniae
1064 2130 1435 2182 Graecanicae
1472 2134 1730 2182 auctores
1764 2127 2122 2199 appellavit.“
2176 2129 2400 2182 Minime
2436 2130 2611 2199 igitur

342 2216 476 2269 deos
501 2216 840 2268 Graecorum
877 2216 1213 2267 invenerunt
1244 2213 1322 2267 issi
1344 2219 1569 2285 poetae,
1619 2214 1718 2267 sed
1740 2231 1881 2284 quae
1904 2214 1979 2265 sit
2009 2214 2352 2282 singulorum
2386 2214 2610 2268 deorum

341 2301 513 2368 ratio,
549 2301 646 2370 qui
676 2305 862 2367 ortus,
896 2316 1036 2370 quae
1062 2300 1350 2368 cognatio,
1388 2299 1482 2369 qui
1508 2299 1760 2366 habitus,
1799 2316 1942 2369 quae
1962 2300 2164 2367 forma,
2206 2316 2349 2370 quae
2386 2316 2612 2354 munera

343 2392 400 2439 et
431 2385 728 2451 attributa,
782 2386 916 2437 haec
953 2384 1131 2436 omnia
1163 2375 1322 2452 primi
1355 2383 1436 2435 illi
1473 2385 1889 2437 constituerunt
1910 2388 1966 2436 et
2001 2383 2362 2438 excoluerunt
2392 2385 2502 2453 ita,
2549 2391 2612 2440 ut

341 2470 476 2523 haec
498 2470 565 2521 ab
596 2470 738 2539 ipsis
767 2469 973 2523 tradita
996 2474 1053 2522 et
1088 2469 1249 2538 quasi
1272 2468 1494 2521 condita
1526 2467 1819 2538 disciplina
1855 2470 1922 2522 de
1941 2469 2054 2522 diis
2077 2470 2134 2522 in
2157 2474 2437 2540 posterum
2462 2471 2610 2541 apud

342 2557 590 2607 Graecos
628 2554 970 2624 potissimum
1009 2554 1304 2606 obtineret.
1355 2553 1558 2623 Neque
1583 2553 1741 2606 aliam
1763 2556 1878 2606 fere
1902 2554 1969 2606 de
2003 2554 2088 2606 his
2119 2556 2448 2607 sententiam
2481 2554 2611 2608 tulit

338 2640 567 2692 Nitzsch
590 2638 999 2708 (Sagenpoesie
1025 2639 1124 2691 der
1149 2638 1423 2690 Griechen
1451 2656 1507 2707 p.
1536 2639 1702 2705 302),
1740 2638 1900 2689 cuius
1933 2638 2105 2690 verba
2129 2638 2235 2691 huc
2265 2638 2606 2707 potissimum

339 2723 649 2794 spectantia
677 2740 972 2794 apponam=
1024 2722 1145 2791 „Es
1168 2721 1322 2789 giebt
1357 2721 1558 2774 keinen
1600 2722 1810 2775 §ltereu
1836 2722 2270 2774 Gewfihrsmann
2292 2723 2384 2774 fiir
2408 2722 2497 2776 die
2518 2724 2610 2777 bei

337 2810 443 2863 den
479 2807 749 2861 Hellenen
787 2806 1043 2875 geltende
1072 2805 1431 2874 Vorstellung
1469 2807 1586 2858 und
1621 2805 1980 2874 Darstellung
2018 2805 2117 2857 der
2153 2806 2487 2859 Giitterwelt
2524 2808 2606 2861 als

336 2894 539 2946 Homer
564 2893 678 2944 und
700 2891 944 2960 Hesiod3
979 2892 1063 2946 sie
1092 2891 1267 2943 haben
1305 2890 1395 2943 die
1419 2890 1509 2943 bei
1533 2890 1640 2943 den
1669 2890 1944 2943 Griechen
1982 2889 2239 2958 geltende
2264 2891 2485 2944 Gestalt
2507 2893 2608 2946 der

336 2977 672 3030 G6tterwelt
704 2976 1077 3045 ausgepriigt,
1121 2992 1231 3027 von
1278 2976 1442 3027 ihnen
1483 2975 1563 3027 ist
1595 2976 1683 3027 die
1720 2974 2083 3043 Darstellung
2114 2975 2215 3028 der
2251 2975 2604 3045 Gotterwelt‚

334 3063 424 3115 die
457 3062 545 3114 bei
569 3063 673 3115 den
699 3062 973 3115 Griechen
997 3061 1074 3113 ist
1100 3065 1206 3112 etc.
1244 3064 1328 3132 (p.
1350 3059 1672 3125 5441.1.).“
1759 3060 1865 3112 His
1899 3059 2140 3130 denique
2173 3060 2375 3114 addere
2408 3062 2607 3132 placet,

335 3163 476 3217 quae
507 3146 793 3199 Iacobsius
828 3145 1199 3219 (vermischte
1219 3145 1498 3199 Schriften
1522 3145 1619 3198 Vl.
1645 3163 1700 3214 p.
1723 3146 1853 3212 157)
1895 3145 1963 3199 de
1990 3150 2110 3199 tota
2144 3147 2244 3199 hac
2279 3147 2607 3216 quaestione

333 3232 663 3300 gravissima
691 3249 822 3284 vere
858 3249 922 3283 ac
957 3234 1108 3284 recte
1146 3232 1374 3283 statuit:
1424 3230 1581 3297 „Der
1598 3229 1813 3283 Glaube
1843 3248 1911 3283 an
1938 3231 2036 3284 das
2056 3230 2263 3284 Dasein
2288 3230 2387 3283 der
2406 3233 2608 3285 Gotter

335 3317 448 3368 und
484 3316 573 3368 die
611 3315 1064 3384 mannigfaltigen
1088 3316 1329 3384 Fabeln‚
1380 3315 1469 3368 die
1505 3316 1604 3367 mit
1636 3315 1840 3368 diesem
1875 3315 2129 3373 Glauben
2170 3316 2606 3368 zusammenhin-

334 3417 441 3467 gen
459 3438 475 3465 ‚
519 3416 638 3452 war
661 3399 980 3451 vorhanden
1000 3438 1015 3465 ,
1050 3400 1149 3451 ehe
1171 3400 1345 3452 durch
1369 3399 1477 3452 den
1500 3398 1904 3452 Troianischen
1927 3398 2104 3466 Krieg
2129 3398 2219 3450 die
2252 3396 2606 3452 verschiede-

333 3500 441 3535 nen
479 3483 717 3536 Stfimme
769 3482 868 3534 der
910 3482 1179 3535 Hellenen
1226 3483 1503 3551 vereinigt
1544 3483 1659 3534 und
1710 3482 1957 3535 dadurch
2000 3482 2087 3533 ein
2131 3480 2449 3534 Austausch
2492 3483 2604 3535 und

333 3567 698 3635 Vergleichen
727 3566 827 3618 der
847 3565 1300 3634 mannigsaltigen
1319 3606 1333 3634 ,
1373 3567 1461 3618 bei
1486 3566 1660 3618 iedem
1683 3565 1914 3618 Stamme
1945 3565 2082 3617 iiber
2107 3564 2197 3617 die
2221 3566 2423 3619 Gotter
2451 3566 2605 3620 herr-

332 3652 610 3704 schenden
649 3650 982 3717 Ansichten‚
1029 3649 1236 3703 Fabeln
1284 3651 1398 3702 und
1433 3650 1764 3702 Gebriiuche
1804 3647 2037 3717 moglich
2071 3649 2281 3702 wurde.
2346 3650 2462 3705 Der
2494 3651 2605 3704 Zu-

330 3736 714 3805 sammenhang
746 3735 929 3789 dieser
963 3734 1298 3788 Gotterwelt
1328 3737 1494 3802 aber,
1536 3733 1657 3786 ihre
1693 3734 2113 3802 Abstammung,
2162 3733 2251 3786 die
2281 3733 2605 3790 Hierarchie

328 3822 479 3875 ihrer
501 3821 964 3875 Weltherrschaft
1000 3820 1112 3872 und
1141 3819 1230 3872 die
1255 3818 1620 3886 Vertheilung
1643 3819 1743 3871 der
1765 3820 1986 3872 Aemter
2022 3836 2139 3871 war
2174 3817 2414 3872 deutlich
2465 3822 2604 3874 noch

331 3906 483 3959 nicht
506 3907 744 3960 erkannt
760 3945 775 3973 ,
817 3905 904 3957 bis
927 3905 1133 3957 Homer
1157 3903 1271 3957 und
1294 3904 1504 3958 Hesiod
1527 3903 1635 3956 den
1666 3904 1888 3957 reichen
1919 3903 2069 3956 Stoff
2094 3904 2193 3957 der
2214 3902 2463 3958 Vorwelt
2485 3906 2605 3959 klar

327 3991 733 4045 iiberschauten
788 3990 902 4041 und
945 3989 1101 4041 iener
1143 3989 1236 4041 ihn
1279 3989 1451 4042 durch
1493 3988 1809 4057 geschichte
1846 3988 2216 4056 Anwendung
2250 3988 2306 4040 in
2352 3991 2603 4060 mannig-

327 4075 552 4143 faltiger
580 4074 883 4142 Handlung
916 4072 1210 4141 gleichsam
1243 4073 1513 4142 beseelte,
1555 4072 1741 4127 dieser
1778 4072 1953 4126 durch
1982 4072 2308 4142 Darlegung
2340 4074 2437 4127 der
2463 4075 2603 4128 Ent-

328 4160 568 4227 stehung
608 4159 721 4210 und
741 4158 1137 4226 Abstammung
1171 4158 1270 4211 der
1300 4157 1588 4211 einzelnen
1613 4156 1899 4211 Elemente
1943 4156 2098 4211 ienes
2120 4157 2332 4211 Stoffes
2372 4159 2465 4211 ihn
2502 4159 2603 4211 der

326 4242 761 4310 Vergessenheit
800 4242 1026 4296 entriss.
1093 4241 1346 4295 Herodot
1371 4242 1579 4295 konnte
1612 4240 1729 4295 also
1765 4241 1911 4295 wohl
1942 4241 2038 4294 mit
2056 4241 2236 4295 Recht
2267 4259 2467 4310 sagen,
2510 4243 2601 4295 die

323 4332 643 4395 genannten
682 4326 906 4380 Dichter
945 4327 1135 4379 hitten
1173 4327 1276 4379 den
1313 4326 1583 4381 Hellenen
1626 4327 1749 4379 eine
1785 4326 2206 4394 The‘ogonie
2250 4327 2596 4395 gemacht,

324 4411 415 4466 die
439 4411 630 4465 friiher
665 4410 813 4465 nicht
844 4411 1160 4465 voi-handen
1186 4428 1335 4479 war,
1373 4427 1476 4465 aus
1498 4412 1832 4482 gegebenem
1854 4410 2034 4465 Stoffe
2061 4410 2361 4476 natt'irlich,
2403 4427 2466 4462 so
2487 4410 2594 4463 wie
