3109 5092
1149 300 1645 364 EUTERPE.
1690 302 1776 363 H.
1815 311 1906 366 86.

2540 305 2663 366 615

389 470 692 561 σμύρνης
740 469 1081 563 ἀκηράτου
1129 474 1564 565 τετριμμένης
1616 477 1729 545 καὶ
1794 483 2029 565 κασίης
2075 478 2188 546 καὶ
2251 483 2387 547 τῶν
2434 475 2663 548 ἄλλων

389 574 810 663 θυωμάτων,
855 573 1033 665 πλὴν
1071 584 1482 666 λιβανωτοῦ,
1527 578 1900 668 πλήσαντες
1932 580 2391 670 συρράπτουσι
2422 577 2656 650 ὀπίσω.

387 682 598 747 ταῦτα
653 678 729 748 δὲ
779 680 1175 769 ποιήσαντες
1221 682 1651 772 ταριχεύουσι
1699 690 1936 778 λίτρῳ,
1996 684 2375 775 κρύψαντες
2413 679 2660 773 ἡμέρας

387 881 552 945 periri
590 881 705 929 eius
731 879 969 945 pulveris
998 882 1255 948 reliquias
1279 883 1336 933 in
1360 898 1472 933 mu-

387 949 529 1001 miis.
601 948 802 999 Contra
854 950 989 1001 baec
1042 951 1289 1016 disputat
1331 953 1473 1003 Lau-

386 1019 534 1069 thius
569 1019 626 1068 in
653 1018 882 1070 Histoir.
934 1020 1001 1070 de
1044 1020 1323 1073 l’anatom.
1360 1021 1470 1073 vol.

392 1089 440 1139 I.
478 1103 605 1153 pag.
642 1089 712 1139 20
734 1104 849 1153 seq.
889 1093 945 1140 et
980 1089 1268 1142 oblocutus
1304 1093 1473 1157 priori

387 1161 707 1220 argumento
744 1158 848 1209 hoc
893 1158 1125 1210 alterum
1161 1161 1240 1210 ita
1282 1161 1473 1210 infrin-

386 1227 496 1291 git,
532 1231 594 1277 ut
628 1226 801 1278 dicat:
843 1228 1119 1292 pulverem
1160 1245 1279 1280 eum
1322 1230 1473 1280 adhi-

383 1297 558 1346 bitum
581 1312 702 1348 esse
730 1298 946 1348 nonnisi
967 1299 1356 1364 pretiosissimo
1384 1315 1473 1365 ge-

385 1365 501 1415 neri
531 1365 950 1418 condiendorum
986 1384 1270 1433 corporum
1302 1384 1473 1435 eaque

386 1435 485 1486 cad
492 1450 657 1485 avera
680 1436 951 1488 medicata
962 1453 1183 1502 perrara
1195 1453 1331 1501 esse,
1354 1454 1473 1503 pro-

386 1505 512 1555 inde
548 1505 710 1556 facile
733 1507 979 1570 potuisse
1003 1506 1148 1570 fieri,
1185 1512 1246 1558 ut
1275 1507 1471 1558 Rouel-

382 1573 468 1625 lus
514 1573 617 1624 hoc
663 1591 834 1639 genus
881 1577 1200 1627 mumiarum
1240 1592 1351 1627 non
1392 1578 1472 1627 vi-

386 1644 543 1695 derit.
618 1645 772 1694 Haec
795 1645 1081 1709 Lauthius,
1116 1651 1387 1711 recteque,
1421 1648 1471 1696 si

384 1713 514 1779 quid
549 1714 728 1764 video.
798 1716 938 1766 Nam
976 1731 1117 1781 quae
1161 1732 1257 1781 per
1292 1717 1466 1767 Euro-

383 1798 508 1847 pam
542 1788 892 1835 asservantur
926 1786 1184 1848 mumiae,
1227 1801 1325 1835 eae
1358 1784 1468 1851 ple-

382 1856 584 1917 raeq'ue
615 1852 903 1904 herbarum
938 1854 1180 1918 ipsarum
1213 1854 1467 1905 aliarum-

385 1936 489 1987 que
521 1937 697 1972 rerum
734 1923 1008 1989 farragine
1043 1922 1282 1987 repletae
1318 1929 1463 1976 sunt.

380 1991 547 2055 Atqui
561 2007 626 2041 ex
639 1992 946 2042 istiusmodi
965 1994 1287 2044 centonibus
1300 1993 1468 2042 hand-

382 2075 654 2125 quaquam
704 2061 904 2125 pendet
950 2062 1248 2112 auctoritas
1295 2064 1468 2112 Hero-

382 2129 525 2191 doti,
570 2134 634 2179 nt
669 2131 762 2196 qui
791 2132 846 2180 in
882 2131 1161 2182 Thebaide
1194 2131 1464 2197 hypogae-

383 2198 540 2263 isque
574 2215 761 2264 regum
807 2200 946 2250 alias
983 2202 1215 2251 mnmias
1252 2206 1465 2265 specta·

380 2268 540 2318 verit.
613 2268 897 2320 Caeterum
926 2271 983 2319 in
1015 2272 1164 2320 exitu
1193 2270 1348 2320 iuvat
1371 2268 1465 2320 ad·

382 2337 620 2388 scribere
666 2339 836 2389 verba
869 2338 1089 2404 Apuleii
1132 2340 1189 2387 in
1228 2338 1458 2404 Apolog-

381 2422 437 2471 p.
473 2404 577 2457 295
613 2407 893 2458 Elmenh.:
943 2436 1011 2445 —
1045 2413 1106 2458 ut
1149 2409 1197 2458 si
1244 2408 1358 2458 thus
1405 2413 1462 2458 et

380 2477 569 2526 casiam
624 2481 681 2527 et
736 2478 989 2542 myrrham
1044 2482 1362 2543 ceterosque
1404 2477 1461 2526 id

381 2560 553 2610 genus
590 2545 785 2598 odores
814 2549 989 2611 funeri
1022 2551 1235 2597 tantum
1253 2552 1462 2612 emptos

380 2615 686 2675 arbitreris,
740 2632 861 2666 cum
896 2621 952 2667 et
985 2618 1337 2667 medicamento
1370 2631 1463 2681 pa-

381 2688 570 2735 rentur
615 2688 670 2735 et
714 2684 1042 2736 sacrificio.“
1104 2686 1295 2736 Creuz.
1336 2684 1374 2734 l.
1423 2684 1459 2734 l.

379 2769 505 2819 pag.
556 2752 644 2806 36.
694 2753 781 2805 37.
852 2755 1058 2806 Scribit
1105 2756 1290 2805 Fritze
1332 2752 1369 2804 l.
1419 2752 1456 2806 l.

380 2839 434 2888 p.
469 2823 548 2883 19,
573 2822 718 2874 haud
755 2824 975 2875 dubium
995 2839 1133 2887 esse,
1171 2828 1459 2889 styracem,

302 2896 310 2903 '
381 2891 786 2957 opobalsamum
834 2898 888 2944 et
936 2893 1195 2944 ladanum
1247 2908 1278 2943 e
1319 2893 1459 2943 cisto

379 2962 595 3012 Cretico
614 2963 904 3027 profluens,
942 2968 999 3013 et
1020 2961 1244 3023 herbas,
1280 2962 1460 3023 flores,

380 3036 435 3081 et
471 3032 679 3082 semina
714 3031 1023 3097 plantarum
1041 3031 1369 3082 labiatarum
1406 3035 1462 3081 et

375 3099 860 3163 umbelliferarum,
923 3102 1121 3166 quibus
1178 3100 1460 3166 Aegyptus

378 3170 640 3232 abundat,
678 3185 802 3220 esse
828 3169 1093 3233 adhibita,
1131 3175 1298 3235 atque
1336 3185 1460 3220 con-

377 3244 502 3290 tusa
540 3245 815 3302 aromata,
864 3256 1003 3304 quae
1046 3240 1100 3290 h.
1140 3239 1177 3290 l.
1217 3239 1460 3289 Herodo-

377 3313 466 3358 tus
506 3312 915 3372 commemorat,
955 3326 985 3359 e
1014 3310 1234 3373 pulvere
1268 3308 1458 3358 harum

375 3377 682 3443 plantarum
718 3393 838 3427 cum
873 3380 1069 3429 resinis
1110 3383 1165 3428 et
1199 3377 1459 3427 balsamis

377 3447 547 3498 mixto
585 3452 924 3511 compactam
961 3452 1016 3499 et
1059 3448 1283 3498 densam
1320 3462 1459 3497 mas-

378 3531 493 3567 sam
528 3515 799 3566 efficiente
836 3532 958 3567 esse
984 3517 1309 3599 composita.

335 3610 340 3615 ·
446 3578 554 3650 τὴν
572 3578 760 3649 νηδὺν
785 3577 1036 3666 σμύρνης
1061 3577 1351 3664 ἀκηράτου
1375 3598 1459 3633 τε-

377 3651 685 3718 τριμμένης
702 3685 772 3695 --
795 3649 1130 3720 πλήσαντες]
1155 3646 1341 3717 νηδὺν
1371 3653 1458 3703 hic

376 3740 589 3789 quoque
625 3723 758 3775 dicit
800 3740 994 3775 cavum
1040 3724 1278 3787 ventris,
1321 3723 1459 3773 inte-

376 3794 536 3844 stinis
574 3793 925 3844 exenteratis.

448 3853 712 3943 σμύρνης
735 3854 1024 3941 ἄκηρατου
1069 3850 1455 3942 τετριμμένης]

375 3932 650 3996 Myrrham
678 3922 971 3996 ἀκήρατον
1004 3930 1173 3989 hanc,
1212 3931 1252 3979 i.
1289 3944 1334 3978 e.
1364 3943 1459 3990 pu-

375 4017 502 4063 ram,
534 4002 774 4053 illibatam
800 3998 969 4065 (conf.
996 4014 1134 4064 quae
1157 3997 1458 4047 Creuzerus

376 4070 514 4120 dixit
536 4070 603 4119 de
626 4070 730 4121 hac
755 4086 889 4120 voce
916 4072 971 4119 et
999 4068 1197 4118 Struve
1225 4065 1457 4130 Opuscc

376 4140 421 4189 1.
454 4155 508 4204 p.
540 4139 652 4205 22.)
695 4135 1063 4190 Creuzerusl.
1104 4135 1140 4186 l.
1182 4138 1462 4199 comparat

376 4225 498 4261 cum
528 4224 611 4288 eo,
614 4208 792 4274 qnod
826 4208 884 4256 in
906 4206 1082 4257 Exod.
1097 4204 1267 4265 XXX,
1294 4203 1363 4254 23
1382 4202 1460 4252 di·

375 4277 518 4329 cas-m
552 4246 742 4334 ἄνθος
769 4267 1024 4338 σμύρνης
1043 4241 1319 4336 ἐκλεκτῆς,
1340 4272 1378 4322 i.
1408 4288 1455 4323 e.

377 4345 704 4411 (explicante
749 4343 1037 4411 Michaele)
1078 4357 1273 4394 succus
1320 4358 1460 4409 myr-

1574 883 1705 936 rhae
1726 892 1908 948 sponte
1934 884 2162 950 fimtis,
2200 900 2374 951 neque
2394 884 2657 936 incisione

1576 953 1761 1019 aliqua
1796 954 2051 1014 eductus3
2089 955 2183 1019 qui
2217 955 2345 1006 inde
2388 955 2463 1005 sit
2497 970 2656 1020 gene-

1574 1024 1778 1086 rosior,
1824 1040 1889 1073 ex
1926 1023 2147 1074 Africae
2182 1024 2434 1074 nimirum
2469 1024 2656 1074 arbus-

1577 1093 1700 1143 cula
1724 1094 2033 1144 acaciamm
2066 1092 2332 1143 consimili
2374 1109 2652 1145 emanans.

1573 1161 1740 1213 Plura
1771 1163 1908 1213 citat
1923 1162 2223 1212 Crenzerus
2259 1163 2297 1213 l.
2333 1163 2391 1223 l.,
2420 1162 2655 1228 itemque

1573 1230 1828 1282 admonet
1846 1234 2060 1297 Evang.
2073 1232 2265 1284 Ioann.
2278 1233 2427 1295 XIX,
2451 1232 2535 1293 39,
2561 1233 2654 1283 ubi

1574 1300 1794 1366 myrrha
1828 1296 2127 1352 condieddo
2163 1301 2290 1352 Iesu
2331 1302 2543 1366 corpori
2574 1301 2654 1351 in-

1575 1371 1767 1420 servit.
1840 1371 1959 1432 Quo
1995 1370 2062 1420 de
2094 1369 2216 1421 loco
2240 1371 2511 1421 uberrime
2546 1370 2654 1421 dis-

1572 1439 1787 1504 putavit
1814 1440 1869 1489 in
1901 1439 2040 1490 Plin.
2077 1440 2304 1491 Exercc.
2334 1439 2652 1503 Salmasius,

1570 1514 1626 1559 et
1645 1510 1963 1559 mumiarum
1986 1524 2200 1574 quoque
2220 1510 2546 1559 mentionem
2575 1510 2656 1560 ita

1572 1578 1733 1639 fecit,
1771 1583 1832 1629 ut
1862 1578 2153 1629 discrimen
2179 1583 2478 1629 monstaret
2511 1579 2655 1630 inter

1573 1652 1889 1697 exenterata
1948 1647 2220 1698 cadavera
2260 1648 2654 1713 Aegyptiorum

1572 1722 1627 1767 et
1685 1717 1949 1781 pollincta
2001 1716 2407 1779 tantummodo,
2471 1716 2657 1783 qualia

1569 1787 1717 1851 apud
1750 1785 1984 1837 Iudaeos
2030 1786 2197 1836 fuere.
2271 1787 2506 1850 Magnus
2538 1786 2575 1836 l.
2613 1785 2649 1836 l.

1568 1873 1620 1921 p.
1660 1856 1729 1905 32
1762 1854 2032 1919 myrrham
2084 1859 2140 1906 et
2181 1856 2417 1905 cassiam
2462 1854 2654 1904 scribit

1570 1924 1928 1989 probabiliter
1966 1924 2134 1975 fuisse
2174 1924 2408 1975 resinam
2441 1923 2651 1974 arboris

1570 1994 1829 2043 mimosae
1863 1998 1919 2043 et
1957 1994 2216 2044 corticem
2260 1992 2400 2044 lauri
2437 1993 2651 2043 cassiae

1569 2068 1624 2113 et
1657 2063 2000 2114 cinnamomi.
2073 2063 2269 2113 Utrum
2312 2062 2530 2127 myrrha
2563 2062 2654 2112 usi

1567 2133 1678 2182 sint
1713 2136 1927 2182 veteres
1961 2132 2244 2197 Aegyptii,
2283 2147 2393 2181 non
2428 2146 2651 2196 prorsus

1567 2205 1771 2253 cert-um
1806 2216 1929 2251 esse
1962 2200 2044 2251 ait
2074 2201 2265 2251 Fritze
2313 2199 2352 2252 l.
2394 2198 2430 2250 1.
2471 2216 2522 2264 p.
2565 2199 2648 2263 19,

1567 2285 1898 2355 quamquam
1926 2269 2211 2321 admodum
2245 2268 2546 2349 probabile.

1634 2334 1729 2407 καὶ
1758 2337 1978 2403 κασίης,
2018 2334 2114 2388 καὶ
2138 2336 2255 2388 τῶν
2283 2329 2467 2387 ἄλλων
2491 2337 2648 2387 θυω-

1562 2394 1780 2490 μάτων]
1808 2408 2119 2459 Herodotea
2152 2411 2323 2460 cassia
2361 2411 2446 2457 est
2482 2405 2652 2456 κασία

1563 2471 1761 2543 σύριγξ
1799 2493 1846 2528 s.
1878 2479 2049 2528 cassia
2078 2479 2249 2539 fisticla
2285 2474 2556 2541 (Canelle)
2593 2480 2649 2525 et

1564 2563 1694 2597 vero
1718 2547 1947 2597 fortasse
1965 2549 2141 2596 laurus
2158 2548 2328 2595 cassia
2340 2545 2502 2595 Linn.
2524 2560 2650 2595 con-

1564 2615 1756 2666 similis
1792 2616 2154 2677 cinnamomo,
2203 2629 2308 2679 quo
2353 2615 2474 2678 ipso
2522 2628 2650 2663 con-

1564 2685 1684 2734 dita
1716 2684 2106 2750 Aegyptiorum
2150 2682 2421 2735 cadavera
2465 2681 2650 2747 prodit

1562 2753 1836 2804 Diodorus
1884 2752 1924 2804 l.
1971 2752 2009 2801 l.
2103 2750 2229 2802 Vid.
2279 2751 2485 2802 Herod.
2537 2750 2644 2813 111,

1566 2823 1685 2874 107.
1737 2822 1839 2873 110
1875 2826 1931 2872 et
1970 2838 2002 2871 a
2041 2820 2307 2871 Crenzero
2351 2820 2541 2871 allata.
2582 2846 2644 2857 —

1561 2884 1775 2955 θύωμα
1808 2892 1877 2942 ab
1915 2907 2005 2953 eo,
2040 2890 2184 2956 quod
2219 2890 2510 2953 antecedit,
2537 2887 2647 2938 θυ-

1558 2959 1759 3025 μίημα,
1786 2976 1895 3011 ιιοιι
1919 2959 2027 3009 ιιἱεί
2059 2961 2233 3011 forma
2250 2959 2482 3023 differre,
2498 2962 2649 3009 recte

1562 3036 1746 3080 monet
1792 3029 2078 3080 Ruhnken.
2130 3028 2201 3079 ad
2251 3030 2463 3080 Timaei
2508 3030 2643 3080 Lex.

1560 3100 1705 3163 Rlat.
1720 3116 1773 3164 p.
1810 3098 1926 3151 143.
1980 3100 2137 3150 Adde
2159 3098 2297 3149 alios
2320 3115 2354 3148 a
2379 3099 2647 3150 Creuzero

1556 3168 1831 3231 laudatos,
1861 3184 1967 3234 quo
1990 3174 2045 3219 et
2057 3168 2217 3219 huius
2242 3169 2394 3219 vocis
2422 3174 2477 3218 et
2497 3174 2645 3219 ante-

1561 3239 1805 3289 cedentis
1842 3236 2111 3301 θυμίημα
2138 3237 2454 3303 intergritas
2487 3236 2646 3287 intel-

1558 3307 1780 3374 ligatur.
1850 3308 1979 3357 Mox
2014 3306 2080 3356 de
2116 3305 2287 3365 cluere,
2322 3305 2465 3370 quod
2492 3302 2645 3370 λιβα·

1563 3376 1750 3425 νωτοῦ
1764 3375 1979 3425 nomine
2002 3375 2214 3435 intulit,
2252 3373 2366 3423 vid.
2395 3373 2501 3432 111,
2525 3373 2641 3423 107.

1560 3446 1728 3496 Plura
1761 3445 1871 3504 Cr„
1907 3444 2049 3494 unde
2083 3444 2218 3493 haec
2253 3441 2641 3491 adscribimus.

1561 3515 1834 3577 „Elicitur
1854 3516 2035 3562 autem
2058 3527 2123 3561 ex
2147 3511 2342 3560 arbore
2360 3509 2644 3572 thurifera,

1561 3599 1721 3649 quam
1753 3598 1850 3647 pro
1886 3581 2126 3644 lunipero
2160 3579 2432 3630 Phoenicia
2469 3594 2513 3628 s.
2539 3577 2647 3627 thu-

1560 3652 1728 3712 rifera
1760 3650 1964 3700 habent
1997 3647 2273 3709 nonnulli,
2319 3663 2515 3698 succus
2551 3647 2646 3696 du-

1563 3720 1714 3786 plexz
1753 3720 1927 3770 maior
1967 3735 2014 3770 s.
2042 3720 2331 3783 είαῃοπίαε,
2380 3721 2435 3766 et
2469 3716 2644 3766 minor

1562 3806 1606 3842 s.
1645 3789 1875 3848 orobias;
1909 3788 2023 3839 vid.
2054 3788 2102 3836 1.
2140 3787 2213 3836 Η.
2239 3786 2404 3837 Voss.
2434 3785 2504 3836 ad
2525 3786 2646 3839 Vir-

1562 3858 1655 3923 gil.
1697 3858 1893 3922 Georg.
1940 3856 2172 3919 11,117.
2247 3854 2438 3921 Eclog.
2482 3855 2644 3918 VIII,

1560 3927 1667 3979 65.‘
1674 3926 1688 3953 ‘

1629 3983 1991 4058 ταριχεύουσι
2024 3991 2216 4059 λίτρῳ]
2265 3989 2435 4057 λίτρῳ
2473 4008 2504 4042 e
2538 4008 2646 4043 me·

1560 4064 1788 4115 lioribus
1841 4061 1998 4113 codd.
2045 4077 2190 4112 nunc
2235 4066 2513 4126 receptum
2548 4077 2644 4126 pro

1561 4133 1711 4198 vulg.
1762 4129 1965 4198 νίτρῳ,
2022 4131 2166 4196 quod
2213 4130 2509 4180 Alexandri
2557 4131 2646 4180 de-

1562 4218 1705 4253 mum
1754 4199 2086 4265 temporibus
2138 4201 2196 4250 in
2249 4215 2406 4250 usum
2461 4199 2642 4259 veuit3

1558 4272 1688 4322 inde
1721 4269 1915 4332 λίτρον
1950 4270 2166 4321 Atticos
2201 4270 2406 4331 dicere,
2449 4266 2646 4331 νίτρον

1560 4341 1820 4403 seriores,
1864 4344 2046 4389 monet
2082 4340 2282 4389 Moeris
2318 4337 2642 4389 Grammati-
