3109 5092
493 335 617 396 702

1366 335 1893 398 HERODOTI

491 504 672 595 ψυχὴ
715 500 1054 586 ἀθάνατός
1093 508 1230 576 ἐστι
1249 559 1267 591 ,
1311 511 1433 575 τοῦ
1457 505 1761 595 σώματος
1800 505 1876 575 δὲ
1905 512 2446 594 καταφθίνοντος
2482 509 2548 586 ἐς
2575 503 2742 577 ἄλλο
2763 525 2865 580 163

493 718 707 767 gerere,
744 718 885 767 quae
917 710 1179 768 arguant,
1217 704 1375 753 nimis
1411 704 1580 753 arctis

495 779 550 821 et
586 774 835 837 angustis
875 774 1119 822 terminis
1145 774 1288 823 hunc
1311 773 1580 823 Herodoti

495 842 670 892 locum
709 842 978 892 inclusum
1013 858 1047 891 a
1084 842 1217 893 viris
1243 842 1419 892 doctis
1439 857 1579 894 esse.

493 912 802 962 Planiorem
849 918 906 963 et
949 913 1210 962 veriorem
1259 914 1583 976 interpreta-

492 983 695 1030 tionem
740 981 911 1031 eidem
958 989 1085 1031 ante
1119 982 1448 1032 Larcherum
1485 983 1582 1031 im·

493 1052 755 1115 pertierat
777 1050 1230 1115 Wyttenbachius
1263 1056 1317 1101 ἰιι
1346 1052 1579 1116 disput.:

494 1122 636 1182 Quae
685 1122 847 1184 suerit
911 1128 1127 1171 veternam
1183 1121 1585 1183 philosophorum

491 1192 742 1241 sententia
789 1191 853 1240 de
897 1193 999 1241 vita
1044 1198 1094 1240 et
1138 1199 1276 1241 statu
1311 1193 1583 1241 animorum

488 1266 867 1322 postmortem,
918 1258 1218 1310 Amstelod.
1265 1259 1411 1310 1783.
1450 1276 1580 1326 pag.

495 1328 658 1379 XVII
692 1325 859 1392 [Add.
893 1328 1230 1379 Schmerkel.
1267 1329 1580 1393 Explicatio

494 1403 757 1448 sententt.
817 1398 885 1447 de
948 1398 1116 1449 animi
1167 1399 1579 1449 immortalitate

494 1466 638 1531 apud
673 1465 901 1532 populos
948 1483 983 1517 a
1035 1466 1358 1517 Iudaeorum
1405 1469 1578 1518 sacris

492 1537 722 1587 alienos.
761 1535 1289 1602 Merseburg.1832]
1333 1538 1437 1599 Qui
1473 1539 1582 1588 He-

493 1606 674 1657 rodoti
741 1605 922 1656 locum
983 1607 1184 1658 Latine
1245 1609 1324 1657 sic
1383 1608 1578 1659 refert.

495 1677 811 1740 ‚‚‚‚Fueruut
872 1691 1065 1742 quoque
1114 1679 1270 1741 primi
1317 1676 1577 1745 Aegyptii,

494 1749 580 1812 qui
636 1748 887 1808 dicerent,
945 1748 1155 1797 annnam
1205 1746 1410 1797 leontinis
1467 1762 1582 1798 esse

492 1819 826 1880 immortalem,
857 1824 972 1879 post
1005 1818 1235 1879 corpom's
1268 1832 1388 1867 vero
1423 1821 1580 1869 inter-

495 1890 614 1936 itum
659 1890 710 1938 in
748 1887 892 1937 aliud
938 1888 1175 1951 deinceps
1209 1901 1424 1937 nascens
1467 1889 1577 1936 ani-

494 1959 592 2006 mal
646 1958 963 2021 iamim-are:
1022 1972 1223 2021 cumque
1270 1970 1369 2017 per
1415 1958 1580 2006 omnia

492 2030 792 2089 terrestria,
825 2029 1022 2076 marim
1058 2033 1108 2076 et
1140 2028 1365 2076 volucria
1388 2028 1578 2076 anima-

492 2099 564 2146 lia
595 2098 848 2147 circuitum
867 2097 1103 2157 fecisset,
1140 2110 1248 2144 eam
1274 2098 1451 2146 ilerum
1484 2111 1579 2147 na·

494 2173 707 2215 scenlem
747 2164 989 2229 [secutus
1037 2164 1251 2214 videtur
1291 2165 1467 2230 Wytt.
1505 2165 1580 2215 le·

494 2234 731 2283 ctionem
769 2231 1104 2296 γινομένην,
1143 2234 1298 2283 cuius
1329 2234 1449 2284 loco
1478 2249 1578 2285 nos

495 2302 779 2367 vulgatam
837 2302 1157 2352 retinuimus
1220 2297 1573 2367 γινόμενονς

496 2372 640 2422 unde
674 2374 754 2422 sic
789 2371 1131 2422 vertendum:
1177 2388 1286 2421 eam
1320 2375 1495 2422 iterum
1527 2376 1579 2424 iu

492 2442 699 2493 hominis
730 2456 915 2504 corpus
937 2455 1167 2491 nascens
1201 2440 1501 2508 &arnimar-e]
1527 2446 1579 2492 in

494 2512 699 2563 hominis
752 2526 936 2574 corpus
992 2514 1299 2576 immigrare:
1363 2520 1417 2562 et
1452 2512 1580 2562 hunc

497 2581 563 2630 ab
600 2599 662 2633 ea
697 2583 953 2631 circuitum
985 2583 1163 2643 confici
1201 2584 1345 2632 trium
1381 2585 1579 2633 millium

497 2666 736 2702 annonem
779 2653 962 2714 spatio.
1035 2651 1303 2702 Herodoti
1345 2651 1579 2702 auctori·

494 2725 665 2772 tatem
707 2721 1121 2785 praeferendam
1179 2736 1299 2771 esse
1345 2721 1581 2771 auctori-

494 2792 599 2841 tati
633 2791 901 2856 Diogenis
929 2790 1350 2854 (VI11‚14‚qui
1376 2791 1580 2856 Pytha·

497 2876 688 2925 goram
739 2861 970 2937 primum
1023 2859 1135 2909 dici
1183 2859 1431 2923 perhibet
1477 2860 1581 2924 τῆς

493 2941 1041 2992 μετενσωματωσεως
1062 2925 1389 2990 auctorem),
1427 2944 1580 2994 prae-

498 2999 688 3047 sertim
723 3002 891 3047 testes
915 2995 1093 3046 nullos
1133 2998 1442 3059 excitantis,
1470 3014 1581 3048 non

501 3072 586 3116 est
622 3066 861 3116 dubium.
933 3066 1103 3116 Addit
1140 3067 1280 3116 enim
1316 3066 1435 3130 ipse
1472 3068 1578 3117 He·

498 3136 750 3200 rodotus,
788 3140 1049 3199 tanquam
1073 3135 1437 3186 testimonium
1463 3151 1583 3186 sen-

498 3206 741 3256 tentiae:
826 3206 949 3255 Hoc
1013 3204 1214 3269 placito
1234 3242 1247 3269 ‚
1321 3210 1582 3287 tanquam

498 3290 598 3326 suo
636 3281 692 3327 et
726 3275 973 3341 proprio,
1009 3274 1229 3340 quidam
1263 3275 1459 3325 Graeci
1497 3277 1587 3325 usi

501 3350 656 3410 sunt,
726 3345 821 3395 alii
874 3346 1185 3409 antiquiore
1242 3343 1337 3394 alii
1394 3360 1581 3396 recen-

467 3410 479 3420 ’
499 3417 639 3467 tiore
660 3420 927 3481 tempore:
964 3429 1189 3481 quorum
1220 3429 1321 3479 ego
1342 3415 1582 3477 nomina,

501 3501 826 3551 quamquam
861 3486 1005 3548 scio,
1038 3501 1146 3535 non
1182 3499 1434 3535 memoro.
1497 3485 1585 3535 Sit

499 3555 669 3621 igitur
716 3555 985 3606 Herodoti
1043 3555 1223 3619 potior
1278 3554 1584 3613 sententia3

499 3631 682 3676 tamen
716 3640 993 3687 cavemus,
1043 3640 1111 3675 ne
1157 3623 1277 3688 plus
1315 3624 1365 3673 ei
1413 3623 1582 3673 tribu·

502 3710 683 3756 amus,
729 3709 891 3760 quam
921 3696 1042 3761 ipse
1075 3693 1267 3744 voluit.
1339 3692 1400 3743 Si
1452 3693 1579 3757 quid

501 3766 642 3814 enim
679 3764 868 3827 video,
917 3764 972 3813 in
1019 3762 1375 3829 grammatica
1422 3762 1584 3812 inter·

501 3832 808 3897 pretatione
843 3848 953 3883 non
987 3848 1210 3884 necesse
1249 3836 1361 3895 est,
1399 3835 1461 3881 ut
1495 3831 1583 3881 hic

502 3903 576 3951 sit
609 3916 828 3964 sensus,
865 3902 1165 3967 Aegyptios
1203 3900 1448 3965 singulos
1481 3900 1581 3950 has

500 3970 783 4035 opiniones
831 3971 1060 4034 primum
1107 3969 1426 4035 protulisse,
1485 3969 1583 4020 sed

501 4040 784 4090 universas
830 4038 899 4089 ab
945 4039 1056 4089 illis
1104 4040 1176 4090 ad
1220 4039 1362 4089 hanc
1396 4040 1583 4090 doctri-

501 4126 615 4159 nam
663 4110 1004 4172 conformatas
1049 4124 1188 4159 esse:
1243 4114 1306 4159 ut
1344 4107 1480 4158 adeo
1521 4107 1584 4157 il-

501 4178 596 4229 lud
630 4176 865 4228 voluerit
895 4176 1236 4227 Herodotus.
1224 4195 1236 4207 ·
1279 4177 1581 4242 Aegyptios

500 4248 702 4313 primos
747 4246 975 4327 dixisse,
1024 4244 1284 4309 animam,
1337 4262 1459 4296 cum
1508 4247 1583 4296 sit

499 4317 846 4400 immortalis,
903 4315 960 4365 in
1008 4315 1119 4365 alia
1161 4314 1418 4379 deinceps
1464 4331 1581 4366 cor-

499 4402 633 4455 pora
672 4386 1011 4453 immigrare,
1069 4389 1236 4450 atque
1279 4382 1476 4435 iterum
1520 4384 1579 4433 in

1683 707 1975 758 humanum
2028 722 2225 772 corpus
2272 707 2476 767 redire3
2530 711 2585 756 et
2627 706 2774 756 hunc

1684 778 1969 827 circuitum
2042 776 2257 826 absolvi
2315 777 2477 826 trium
2543 775 2775 825 millium

1685 862 1947 896 annorum
1995 847 2204 910 spatie,
2256 849 2311 896 et
2362 847 2472 895 sint
2514 845 2776 911 Aegyptii

1684 932 1793 966 non
1820 922 1933 966 tam
1966 914 2413 977 immortalitatis,
2452 929 2614 981 quam
2638 919 2774 964 met·

1685 986 2105 1051 empsychoseos
2166 986 2530 1036 auctores.““
2613 985 2772 1034 Haec

1685 1055 2141 1121 Wyttenbachius
2198 1054 2465 1119 planeque
2525 1053 2597 1103 ad
2650 1055 2771 1103 eius

1686 1126 2011 1175 sententiam
2056 1128 2251 1189 postea
2297 1123 2624 1175 Larcherus.
2696 1124 2774 1172 Et

1686 1195 1807 1259 quis
1843 1194 2073 1256 dubitet,
2115 1193 2256 1245 hane
2291 1195 2453 1244 unice
2486 1207 2671 1243 veram
2696 1192 2772 1241 le-

1682 1265 2040 1330 gitimamque
2106 1263 2395 1314 verborum
2463 1261 2773 1312 Herodote-

1683 1349 1836 1383 orum
1905 1333 2409 1397 interpretationem
2470 1334 2631 1382 esse?
2694 1332 2770 1380 Et

1681 1419 1844 1465 vero,
1898 1404 2179 1454 Hecataeo
2230 1407 2285 1453 et
2331 1402 2654 1466 Aristagora
2702 1416 2771 1450 ae

1680 1472 2011 1522 Manethone
2064 1471 2411 1534 auctoribus,
2477 1470 2588 1521 alio
2646 1469 2771 1521 loco

1683 1542 1787 1592 hoc
1815 1543 1935 1608 ipse
1970 1540 2254 1592 confirmat
2288 1542 2565 1605 Diogenes
2599 1540 2772 1590 Laer-

1682 1612 1796 1662 tius
1830 1612 2010 1673 1,11·
2056 1605 2164 1659 τ“ν
2199 1605 2263 1660 δὲ
2295 1607 2411 1659 τῶν
2421 1604 2774 1688 Αἰγυπτίων

1682 1680 2034 1760 φιλοσοφίαν
2077 1693 2102 1729 ε
2131 1693 2227 1729 ναι
2268 1670 2542 1743 τοιαύτην
2578 1708 2650 1718 -
2698 1708 2772 1718 -

1680 1743 1789 1814 τὴν
1832 1742 2030 1815 ψυχὴν
2090 1745 2188 1800 καὶ
2239 1739 2624 1812 ἐπιδιαμένειν
2670 1741 2772 1797 καὶ

1681 1816 2091 1885 μετεμβαίνειν
2175 1820 2298 1882 Qua
2352 1819 2504 1868 brevi
2550 1822 2771 1868 senten-

1681 1890 1763 1939 tia
1799 1887 2146 1940 declarantur
2195 1887 2410 1951 eadem,
2462 1901 2605 1952 quae
2649 1887 2770 1952 plu-

1680 1960 1830 2008 ribus
1869 1957 2150 2024 aliquanto
2185 1956 2366 2009 verbis
2397 1956 2643 2008 elocutus
2682 1960 2773 2007 est

1680 2027 2018 2080 Herodotus.
2094 2027 2285 2092 Neque
2340 2026 2499 2077 aliter
2554 2026 2637 2075 his
2699 2026 2772 2076 de

1680 2099 1841 2148 rebus
1897 2098 2134 2147 sensisse
2193 2096 2410 2147 videtur
2462 2096 2647 2161 Zoega
2701 2095 2771 2145 de

1682 2167 1934 2217 obelisco.
1959 2183 2085 2232 pag.
2105 2165 2225 2230 300,
2251 2182 2371 2216 cum
2411 2166 2467 2214 in
2492 2164 2633 2215 hunc
2659 2179 2771 2214 mo·

1681 2237 1805 2287 dum
1837 2238 2180 2302 pronuntiat:
2228 2237 2389 2297 „„Et
2418 2234 2637 2284 videtur
2662 2234 2770 2283 hoc

1680 2308 1906 2372 primum
1958 2306 2026 2356 ab
2066 2305 2351 2370 Aegyptiis
2388 2303 2650 2354 traditum
2688 2304 2769 2352 in-

1681 2377 1856 2441 deque
1901 2375 1970 2425 ad
2018 2376 2257 2426 Graecos
2315 2374 2626 2425 traductum
2684 2375 2767 2422 su-

1682 2447 1815 2496 isse:
1855 2460 1976 2496 esse
2013 2459 2134 2495 eam
2154 2444 2370 2494 animae
2398 2448 2670 2505 naturam,
2704 2447 2771 2491 ut

1681 2530 1776 2579 per
1805 2530 1865 2566 se
1901 2515 1973 2564 sit
2018 2529 2084 2564 ac
2119 2514 2302 2575 duret,
2350 2512 2670 2578 habitetque
2708 2510 2765 2560 in

1679 2599 1906 2649 corpore
1937 2583 2091 2634 velut
2124 2585 2182 2632 in
2217 2583 2401 2646 domo,
2449 2597 2609 2647 quam
2646 2580 2770 2631 sine

1681 2655 1764 2703 sui
1801 2654 2013 2704 iactura
2056 2652 2361 2717 relinquere
2406 2652 2582 2716 possit
2613 2654 2669 2701 et
2708 2650 2767 2699 in

1679 2723 1843 2774 aliam
1862 2723 2155 2773 transire.“
2172 2723 2204 2747 “
2225 2721 2377 2771 Idem
2393 2720 2476 2770 vir
2497 2720 2691 2771 doctus
2710 2720 2768 2769 in

1681 2808 1844 2857 opere
1877 2791 2102 2842 laudato
2138 2791 2205 2842 de
2235 2791 2339 2841 hac
2374 2790 2768 2855 Aegyptiorum

1680 2867 1925 2912 veterum
1971 2861 2220 2913 doctrina
2261 2860 2493 2911 maxime
2528 2859 2767 2911 omnium

1680 2932 1976 2996 promeruit
2007 2945 2234 2995 eamque
2270 2929 2552 2995 sigillatim
2581 2934 2635 2981 et
2672 2942 2769 2992 per

1680 3016 1807 3051 suos
1841 3001 2001 3079 quasi
2036 3008 2246 3051 meatus
2272 3004 2357 3050 est
2389 2997 2767 3063 persecutnsst‘

1750 3067 1855 3119 τοῦ
1892 3063 2148 3147 σώματος
2192 3062 2255 3117 δὲ
2291 3066 2767 3131 καταφθίνοντος

1682 3168 1750 3176 -
1795 3129 2075 3204 ἐσδύεται]
2123 3138 2160 3187 i
2216 3153 2263 3189 e.
2323 3140 2602 3187 intereunte
2646 3149 2768 3186 νενο

1682 3223 1899 3271 corpore
1942 3207 1998 3257 in
2037 3208 2181 3258 aliud
2210 3209 2396 3257 animal
2433 3221 2630 3268 semper
2672 3220 2766 3253 ua-

1682 3293 1830 3329 scens
1865 3274 2033 3342 (quod
2070 3291 2135 3327 eo
2162 3276 2280 3340 ipso
2306 3281 2549 3340 tempore
2576 3288 2769 3325 nasca-

1681 3346 1792 3410 tur)
1829 3348 2027 3397 intrare
2070 3346 2309 3405 animm,
2359 3345 2506 3407 sive,
2544 3348 2607 3394 ut
2641 3342 2771 3393 Gui-

1682 3416 1878 3481 gniaut
1894 3415 2047 3465 reddi
2072 3414 2192 3464 vult
2217 3412 2514 3478 (Religions
2534 3412 2603 3463 de
2621 3411 2769 3462 l’An-

1682 3485 1868 3549 tiquit.
1918 3486 1962 3547 1,
2008 3487 2057 3535 2.
2112 3499 2239 3548 pag.
2285 3482 2410 3546 882)
2476 3481 2565 3545 „le
2606 3494 2768 3545 corps

1682 3559 1889 3605 venant
1923 3554 1957 3604 a
1995 3568 2054 3604 se
2089 3552 2396 3615 dissoudre,
2436 3550 2538 3603 elle
2562 3549 2766 3616 (l'ame)

1684 3638 1847 3689 passe
1906 3623 2364 3674 successivement
2409 3621 2592 3686 (selon
2639 3619 2766 3683 eux)

1687 3694 1823 3743 dans
1865 3692 1932 3742 de
1976 3707 2266 3742 nouvesnx
2317 3705 2475 3755 corps
2526 3704 2625 3754 par
2673 3689 2768 3738 des

1685 3764 2004 3813 naissances
2039 3760 2377 3812 nouvelles.“
2448 3761 2621 3811 Recte
2639 3773 2771 3823 quo·

1684 3846 1788 3896 que
1826 3830 2090 3882 Rosellini
2139 3831 2408 3895 (Menum.
2458 3827 2607 3878 civil.
2656 3827 2766 3876 111.

1684 3916 1810 3966 pag.
1859 3900 1984 3965 301)
2029 3899 2164 3949 haec
2208 3897 2472 3949 Italorum
2522 3910 2771 3949 sermone

1682 3970 1761 4020 ita
1796 3969 1947 4020 reddi
1981 3968 2125 4018 vult:
2166 3967 2426 4031 „l’anims
2459 3966 2768 4027 dell‘uomo,

1683 4039 1918 4090 mor-endo
1951 4040 1990 4088 il
2018 4052 2201 4100 eorpO,
2244 4046 2393 4088 entra
2427 4051 2626 4099 sempr-e
2661 4034 2771 4099 (to-

1680 4116 1788 4172 ste,
1849 4110 2244 4159 continuataente
2259 4142 2273 4168 ‚
2331 4109 2769 4163 mammeam,

1683 4193 1713 4227 e
1749 4192 1915 4228 senza
1951 4180 2268 4227 ammettere
2314 4175 2585 4226 dilazione
2621 4190 2652 4225 ο
2689 4174 2770 4223 in-

1680 4245 1936 4310 tervallo)
1972 4249 2024 4296 in
2061 4249 2195 4296 altro
2229 4246 2442 4295 annuale
2474 4243 2564 4293 0}oe
2600 4244 2772 4293 allora

1676 4331 1846 4366 nasce.
1854 4316 1889 4341 ‘⁴
1927 4315 2177 4365 Animam
2196 4314 2391 4379 igitur,
2429 4313 2479 4362 si
2502 4312 2772 4363 Herodoti

1678 4384 1848 4436 verba
1895 4397 1990 4448 per
2039 4396 2298 4448 praesens
2343 4378 2771 4449 (καταφθίνον-
