3109 5092
1017 348 1517 408 EUTERPE.
1566 348 1651 408 II.
1700 356 1822 410 126.
1870 355 1989 411 127.

369 527 776 592 Βασιλεῦσαι
810 521 887 590 δὲ
914 519 1036 590 τὸν
1069 521 1298 590 Χέοπα
1340 524 1585 589 τοῦτον
1612 518 1973 606 Αἰγύπτιοι
2003 525 2240 606 ἔλεγον
2268 495 2637 603 πενὶήκον-
2663 524 2780 585 127

2521 341 2645 403 719

367 654 450 695 τα
486 634 672 711 ἔτεα,
718 624 1240 713 τελευτήσαντος
1270 623 1345 691 δὲ
1371 622 1651 719 fodr-ov,
1691 626 2095 705 ἐκδέξασθαι
2132 618 2259 710 τὴν
2286 623 2647 705 βασιληΐην

368 728 491 798 τὸν
515 726 856 817 ἀδελφεὸν
886 725 1100 796 αὐτοῦ
1129 731 1456 815 Χεφρῆνα
1479 749 1492 762 ·
1550 729 1663 795 καὶ
1704 731 1949 795 τοῦτον
1973 726 2050 794 δὲ
2085 730 2178 818 τῷ
2207 719 2389 814 αὐτῷ
2418 719 2646 813 τρόπῳ

370 944 496 994 dum
544 944 714 995 fuisse
749 942 1060 994 Herodotus
1107 941 1331 1006 scribit,
1379 941 1458 991 in-

369 1015 519 1068 venit
553 1015 783 1079 Perring
820 1028 939 1063 esse
977 1012 1076 1062 172
1105 1011 1300 1077 pedum
1337 1008 1454 1076 (ap.

372 1085 520 1148 Vyse
567 1082 604 1134 l.
662 1084 698 1132 l.
746 1099 799 1147 p.
857 1083 954 1132 128
1002 1082 1171 1146 seq.);
1238 1081 1305 1130 de
1351 1096 1456 1145 quo

372 1153 619 1218 equidem
663 1151 809 1202 haud
870 1151 1172 1201 decernam.
1258 1149 1460 1214 Attigit

373 1238 585 1288 quoque
625 1221 822 1272 Iacobs
859 1220 926 1270 de
961 1235 1131 1270 mens.
1157 1219 1362 1269 Herod.
1400 1235 1454 1284 p.

372 1294 456 1342 32.
493 1319 562 1327 —
603 1291 669 1340 In
707 1290 888 1340 verbis
925 1289 1251 1339 Herodoteis
1287 1289 1457 1354 igitur

370 1358 484 1408 τῶν
528 1358 702 1424 τριῶν
755 1375 888 1410 cave
940 1359 1142 1408 reseras
1192 1357 1278 1417 (ut
1314 1359 1460 1422 equi-

372 1429 492 1478 dem
555 1430 683 1479 olim
737 1429 868 1491 feci)
924 1428 994 1477 ad
1045 1427 1277 1476 maiores
1336 1427 1458 1475 illas

372 1504 512 1560 tres,
560 1514 681 1547 cum
719 1498 784 1548 de
829 1498 914 1547 his
949 1496 1247 1546 minoribus
1285 1496 1458 1546 tribus

376 1572 504 1617 ante
530 1567 763 1631 Cheopis
797 1566 1131 1632 pyramidem
1167 1566 1457 1616 exstructis

371 1636 606 1702 intelligi
665 1637 919 1686 debeant.
999 1636 1253 1684 Formam
1300 1626 1457 1698 ἕστη-

369 1710 540 1754 κυίαν
589 1706 678 1755 bic
725 1703 1123 1755 sollicitandam
1175 1719 1284 1753 non
1339 1720 1458 1753 esse

373 1779 519 1825 recte
562 1774 747 1838 posuit
777 1774 1010 1823 BredoV.
1061 1789 1113 1836 p.
1153 1771 1282 1832 3993
1331 1788 1458 1822 nam

373 1843 621 1893 consulto
660 1843 859 1894 Noster
892 1841 1191 1906 longiorem
1230 1841 1457 1891 formam

373 1912 617 1962 feminini
656 1913 944 1961 retinuisse
980 1909 1198 1959 videtur
1235 1915 1289 1960 et
1323 1911 1377 1961 b.
1419 1909 1456 1960 l.

374 1988 428 2031 et
462 1981 685 2046 reliquis
719 1978 817 2045 (V,
856 1980 944 2031 29.
980 1978 1117 2041 VII,
1157 1980 1276 2031 142.
1317 1979 1455 2045 164),

373 2065 698 2168 quamquam
735 2065 899 2115 supra
935 2049 1015 2111 11,
1044 2049 1142 2099 125
1179 2039 1458 2099 ἑστεῶσαν

410 2120 527 2170 ixit.
565 2148 636 2157 -
677 2116 862 2167 κῶλον
903 2123 989 2168 est
1035 2120 1197 2184 latus,
1250 2117 1313 2168 ut
1359 2118 1455 2181 IV,

372 2189 459 2240 62.
502 2190 598 2239 108
634 2193 739 2238 etc.

289 2407 296 2414 =
392 2405 427 2430 ι.
691 2377 824 2427 Cn».
857 2375 1133 2426 CXXVII.

438 2487 796 2560 πεντήκοντα
839 2492 983 2563 ἔτεα]
1043 2496 1456 2562 Quinquaginta

372 2581 543 2616 annos
576 2565 702 2617 huic
735 2567 851 2631 regi
875 2581 1088 2631 quoque
1113 2566 1305 2634 tribuit
1326 2565 1457 2615 Dio-

371 2635 532 2685 dorus
569 2635 616 2698 1,
653 2636 749 2696 633
785 2635 929 2700 apud
958 2634 1267 2701 Syncellum
1293 2634 1331 2684 l.
1366 2650 1456 2684 su·

370 2719 470 2768 pra
490 2704 526 2754 l.
548 2705 838 2770 sexaginta
868 2710 979 2755 tres
1003 2720 1173 2756 annos
1195 2717 1456 2770 regnasse

373 2773 592 2825 dicitur.

437 2852 542 2907 τὸν
588 2849 872 2923 ἀδελφεὸν
927 2849 1109 2907 αὐτοῦ
1147 2855 1452 2923 Χεφρῆνα]

369 2928 635 2994 Congruit
669 2943 789 2977 cnm
823 2928 975 2978 hisce
1009 2927 1239 2977 Diodori
1268 2941 1454 2977 narra-

370 2997 477 3060 tio,
537 2997 627 3062 qui
679 2997 784 3047 hoc
836 3000 1120 3061 praeterea
1171 2995 1325 3046 addit
1385 2994 1452 3060 (1,

368 3066 488 3130 64),
538 3081 659 3116 esse
708 3065 1000 3131 quosdam,
1056 3066 1147 3130 qui
1193 3080 1301 3115 non
1346 3066 1454 3115 fra-

368 3139 535 3198 trem,
581 3134 677 3186 sed
725 3134 894 3185 filium
937 3135 1153 3186 nomine
1191 3135 1454 3200 Chabryim

369 3219 592 3268 regnum
635 3205 915 3269 accepisse
959 3203 1203 3254 tradant.
1286 3204 1453 3266 „Gui-

370 3273 580 3337 gniaut.
615 3274 671 3321 in
697 3272 1029 3338 Biographie
1060 3271 1386 3322 universelle
1408 3277 1451 3324 t.

371 3342 599 3391 XLVII.
640 3357 693 3405 p.
727 3342 825 3392 152
860 3342 1052 3392 scribit
1087 3342 1159 3391 ad
1191 3341 1244 3391 h.
1271 3341 1308 3392 l.
1343 3342 1449 3391 ita:

370 3410 528 3459 Cette
567 3411 787 3474 opinion
835 3425 926 3460 sur
971 3411 1050 3460 les
1090 3415 1310 3461 auteurs
1356 3411 1452 3460 des

368 3478 677 3544 pyramides
710 3477 942 3529 s'dcarte
963 3480 1262 3544 beaucoup,
1299 3478 1338 3528 il
1369 3484 1454 3529 est

369 3548 521 3609 vrai,
597 3547 664 3597 de
724 3546 984 3613 l’opinion
1049 3546 1455 3612 generalement

370 3614 629 3680 adoptee‚
668 3615 881 3682 d’apres
916 3617 970 3667 la
997 3618 1192 3685 double
1215 3615 1454 3667 autorite

370 3685 702 3736 d’Herodote
748 3690 803 3735 et
859 3687 924 3737 de
968 3686 1206 3737 Diodoro
1253 3691 1309 3736 et
1360 3686 1453 3752 qui

370 3755 608 3805 attribue
653 3754 732 3804 les
777 3756 913 3806 trois
968 3754 1292 3820 principales
1347 3771 1454 3805 aux

367 3825 502 3874 trois
534 3823 646 3874 rois
682 3823 901 3888 Gheops,
946 3824 1204 3888 chephren
1240 3829 1296 3872 et
1331 3825 1454 3890 My-

367 3897 566 3944 cem’nus
601 3907 723 3942 vers
761 3892 811 3942 le
846 3891 1125 3944 douzieme
1151 3908 1220 3943 ou
1244 3892 1296 3943 le
1327 3894 1453 3942 trei-

371 3961 541 4011 zieme
577 3960 745 4012 siecle
769 3967 938 4011 avant
961 3962 1116 4011 notre
1141 3960 1249 4011 ere.
1311 3962 1452 4011 Mais

368 4030 519 4079 selon
543 4034 702 4079 toute
721 4045 1025 4094 apparence
1057 4045 1148 4079 ces
1183 4030 1318 4079 trois
1344 4032 1452 4079 rois

369 4112 439 4147 ne
471 4101 596 4147 sont
642 4098 988 4147 eux-memes
1036 4113 1140 4162 que
1185 4097 1263 4146 les
1312 4098 1452 4148 deux

367 4165 584 4229 Soupkis
630 4171 684 4215 et
728 4165 783 4214 le
816 4166 1118 4216 Mene-heres
1166 4165 1234 4214 de
1266 4167 1454 4216 Mane-

368 4234 527 4295 thon,
581 4249 788 4284 connus
846 4233 1150 4300 &galement
1207 4233 1455 4284 d’Erato-

368 4301 558 4352 sthene
608 4304 783 4366 parmi
825 4303 903 4352 les
950 4303 1207 4366 premiere
1266 4315 1456 4352 souve-

367 4375 516 4426 rains
551 4371 617 4420 de
650 4371 936 4437 l'Egypte‚
987 4375 1042 4421 et
1073 4368 1325 4435 deplaces
1356 4383 1456 4435 par

1558 953 1666 990 une
1690 956 1873 991 erreur
1894 939 2377 1006 chronologique.“
2408 939 2494 990 Gr.
2541 937 2650 987 No-

1564 1025 1685 1059 men
1720 1012 1867 1076 regis
1907 1011 2097 1073 buius,
2148 1011 2240 1076 qui
2285 1008 2469 1072 Saphis
2509 1005 2650 1056 alter

1559 1086 1643 1128 est
1676 1080 1822 1144 apud
1846 1080 2244 1141 Manethonem,
2283 1080 2339 1127 in
2370 1076 2504 1142 ipsis
2538 1091 2645 1125 mo-

1560 1151 1832 1199 numentis
1882 1150 2144 1213 scriptum
2180 1148 2412 1198 inveniri
2450 1145 2648 1207 Khesre

1560 1215 1607 1267 sl
1638 1217 1880 1282 Schefre,
1903 1213 2115 1282 'Clzafra
2151 1232 2196 1268 s.
2233 1216 2490 1279 Schal'ra,
2538 1214 2646 1263 iam

1560 1302 1726 1350 supra
1758 1287 1829 1337 ad
1858 1287 1934 1350 11,
1970 1289 2067 1338 124
2102 1286 2517 1347 declaravimus,
2553 1283 2647 1332 ubi

1563 1356 1675 1405 vid.
1711 1356 1896 1407 laudd.
1967 1356 2108 1407 Add.
2142 1354 2316 1406 Raoul
2350 1353 2645 1405 Rochette:

1563 1425 1791 1475 Journal
1835 1426 1888 1475 d.
1926 1426 2054 1476 Sav,
2099 1425 2250 1476 1844.
2299 1437 2354 1489 p.
2394 1424 2491 1473 167
2531 1437 2644 1486 seq.

1565 1497 1621 1542 et
1660 1494 1810 1545 1846.
1850 1511 1904 1559 p.
1932 1495 2035 1546 480
2057 1508 2210 1560 seqq.
2281 1484 2648 1557 Κεφρὴν.νο-

1564 1568 1721 1614 catur
1760 1564 1906 1629 apud
1939 1563 2262 1625 Diodorum,
2310 1562 2406 1628 qui
2451 1563 2508 1610 in
2549 1575 2648 1610 nu-

1562 1648 1708 1682 mero
1745 1648 2036 1696 annorum,
2074 1647 2170 1697 per
2203 1647 2338 1697 qnos
2378 1631 2645 1696 regnavit,

1562 1716 1684 1752 cum
1712 1703 1992 1752 Herodoto
2022 1702 2322 1761 consentit;
2363 1700 2503 1764 apud
2530 1700 2646 1748 Ma-

1561 1772 1847 1820 nethonem
1900 1774 2175 1836 sexaginta
2225 1785 2325 1819 sea:
2371 1770 2499 1818 anni
2554 1769 2649 1816 tri-

1558 1840 1822 1902 buuntur,
1870 1839 2030 1890 modo
2069 1838 2267 1904 Suphis
2318 1837 2456 1888 alter
2502 1837 2644 1886 idem

1560 1909 1634 1958 sit
1687 1910 1781 1973 qni
1839 1908 2088 1959 Chefren.
2161 1908 2227 1957 Id
2277 1907 2419 1957 enim
2468 1907 2645 1970 ipsum

1556 1977 1800 2027 dubitari
1830 1979 2063 2043 poterit,
2104 1992 2225 2028 cum
2260 1976 2352 2025 vix
2388 1973 2645 2027 credibile

1558 2049 1659 2109 sit,
1696 2046 1832 2097 duos
1870 2048 2096 2109 fratres,
2134 2061 2363 2112 quorum
2399 2044 2535 2095 alter
2569 2043 2644 2094 al-

1555 2121 1730 2166 terum
1764 2132 1932 2182 regno
1972 2115 2259 2180 exceperit,
2296 2131 2392 2180 per
2427 2117 2642 2165 cent-um

1556 2200 1656 2235 sex
1687 2201 1858 2236 annos
1880 2201 2166 2251 regnasse;
2204 2185 2389 2250 itaque
2409 2184 2641 2250 Lepsius

1558 2253 1904 2321 (chronolog.
1946 2256 1988 2306 Ι.
2030 2272 2082 2320 p.
2121 2254 2246 2321 302)
2295 2270 2358 2303 eo
2394 2254 2642 2317 inclinat,

1556 2329 1619 2374 ut
1642 2323 1804 2389 Soris,
1842 2325 1936 2391 qui
1955 2325 2099 2390 apud
2125 2323 2506 2374 Manethonem
2537 2323 2645 2388 pri-

1558 2409 1675 2443 mus
1716 2399 1947 2459 quartae
1979 2394 2267 2460 dybastiae
2305 2409 2402 2443 rex
2443 2393 2643 2443 dicitur

1558 2463 1871 2596 ξοηνίςίἒιιὲ
1917 2479 2112 2583 ηονὲῐὲι
2158 2477 2642 2582 ἒηηοεῃτθςηαιεδὲ

1583 2547 1613 2581 e
1669 2547 1732 2582 ur
1811 2549 1840 2583 c
1871 2570 1884 2583 .
1975 2570 1989 2583 .
2105 2570 2118 2583 .
2281 2548 2340 2581 ce
2388 2569 2400 2582 .
2489 2568 2500 2580 .

1558 2601 1642 2650 ed.
1693 2549 2072 2666 Bonn.)‚phic
2118 2547 2483 2665 ῐηῒέἰῗίςειῐωρ,
2547 2599 2642 2664 qui

1555 2670 1696 2719 hanc
1720 2670 2068 2734 pyramidem,
2107 2670 2400 2720 secundam
2426 2668 2641 2733 quidem

1555 2754 1779 2788 numero
1837 2744 1892 2789 et
1944 2737 2329 2803 amplitudine,
2391 2735 2487 2786 sed
2532 2737 2640 2801 pri·

1556 2823 1728 2870 mam,
1774 2808 1822 2856 si
1870 2812 2112 2872 tempora
2153 2811 2494 2872 spectantur,
2551 2821 2642 2855 ex-

1556 2876 1836 2926 struxerit.
1907 2877 1974 2927 In
2011 2877 2121 2926 alia
2155 2876 2320 2927 etiam
2357 2876 2471 2926 abit
2496 2876 2639 2925 Bun-

1555 2961 1669 2997 sen.
1709 2944 1749 2997 l.
1788 2944 1825 2996 l.
1851 2946 1928 2997 11.
1958 2962 2012 3011 p.
2047 2946 2145 2998 138
2176 2961 2348 3012 seqq„
2384 2946 2478 3010 qui
2510 2944 2639 3028 hui-c

1552 3029 2187 3150 {zinzizmgsssssffigssfi
2223 3029 2312 3135 3¹1?
2305 3019 2640 3149 33⁸3..ss

1553 3152 1695 3203 hanc
1742 3154 1916 3219 ipsam
1968 3154 2214 3204 alteram.
2302 3154 2455 3214 Quae
2516 3167 2636 3203 cum

1553 3222 1634 3272 ita
1670 3222 1809 3285 sint,
1857 3227 2131 3288 tempora,
2178 3224 2233 3271 in
2271 3237 2409 3288 quae
2443 3224 2638 3272 utrius-

1554 3305 1660 3356 que
1696 3293 1841 3357 regis
1887 3298 2042 3343 aetas
2089 3292 2281 3352 cadat,
2330 3292 2638 3341 accuratius

1553 3361 1888 3411 constituere
1945 3361 2164 3411 vixdum
2216 3360 2422 3409 licebit..
2505 3360 2639 3408 Lar-

1554 3428 1747 3479 cherus
1786 3430 1952 3496 (Tab.
1988 3428 2224 3479 chronol.
2266 3429 2331 3478 T.
2354 3427 2482 3478 VII.
2509 3442 2635 3492 pag.

1553 3497 1818 3562 90-586)
1850 3497 2103 3548 Chefreni
2136 3497 2370 3546 tributos
2399 3496 2517 3545 vult
2542 3511 2638 3545 an—

1553 3581 1655 3615 nos
1682 3566 2043 3629 1128—1072,
2083 3581 2188 3630 quo
2226 3580 2367 3614 anno
2396 3579 2516 3614 eum
2546 3580 2638 3615 ex—

1554 3635 1760 3699 ceperit
1781 3635 2109 3700 Mycerinus,
2138 3649 2294 3698 quem
2321 3634 2519 3699 viginti
2546 3649 2641 3683 an-

1553 3719 1651 3753 nos
1686 3708 2002 3769 regnantem
2038 3704 2380 3768 ponitusque
2405 3702 2473 3753 ad
2508 3717 2636 3753 ann.

1555 3772 1692 3827 1052
1730 3777 1857 3823 ante
1891 3772 2014 3822 Chr.
2054 3788 2107 3824 n.

1624 3887 1720 3942 καὶ
1775 3889 1985 3942 τοῦτον
2017 3922 2088 3932 —-
2122 3888 2202 3959 τῷ
2250 3881 2438 3956 ἑτέρῳ]
2497 3890 2533 3940 i.
2584 3906 2633 3944 e.

1551 3961 1698 4011 hunc
1733 3963 1921 4012 eodem
1954 3963 2114 4012 modo
2148 3976 2304 4010 usum
2340 3974 2492 4021 esse,
2532 3974 2637 4025 quo

1555 4031 1727 4080 frater
1760 4036 1925 4081 antea
1958 4046 2090 4081 usus
2128 4033 2273 4091 erat,
2318 4043 2480 4092 quem
2523 4034 2639 4078 tum

1555 4099 1613 4148 in
1649 4099 1771 4148 aliis
1819 4101 2161 4163 imitabatur,
2216 4103 2332 4147 tum
2375 4098 2431 4146 in
2480 4112 2641 4162 pyra-

1556 4166 1700 4216 mide
1755 4169 2101 4220 exstruenda.
2158 4195 2225 4205 -
2290 4163 2637 4229 διαχρᾶσθαι

1555 4234 1645 4283 hic
1682 4250 1778 4297 pro
1827 4236 2060 4301 simplici
2108 4233 2359 4301 χρᾶσθαι
2403 4235 2639 4299 positum

1556 4303 1789 4353 videtur.
1863 4305 2063 4355 Confer
2099 4306 2146 4367 1,
2186 4303 2270 4355 58.
2311 4304 2395 4354 71.
2433 4302 2510 4365 11,
2548 4301 2635 4352 13.

1556 4374 1624 4421 77
1662 4375 1767 4420 etc.
1826 4396 1834 4404 ·
