3109 5092
479 363 606 428 326

1346 348 1889 414 HERODOTI

473 552 647 608 τοῖσι
674 535 1060 604 Φωκαιεῦσι
1104 527 1390 618 ἐγένετο.
1461 530 1538 598 αἱ
1572 525 1700 616 μὲν
1741 521 1872 612 γὰρ
1909 515 2397 608 τεσσεράκοντά
2439 535 2563 605 σφι
2598 516 2757 604 νῆες

480 637 990 729 διεφθάρησαν,
1022 636 1100 705 αἱ
1122 634 1199 704 δὲ
1231 642 1445 703 εἴκοσι
1471 634 1549 702 αἱ
1576 633 1966 720 περιεοῦσαι
1991 615 2165 714 ἦσαν
2192 619 2544 711 ἄχρηστοι·
2589 614 2755 688 άπε-

480 742 822 834 στράφατο
851 738 982 829 γὰρ
1007 737 1165 819 τούς
1193 734 1541 827 ἐμβόλους.
1612 728 2169 809 καταπλώσαντες
2208 721 2340 796 δὲ’
2315 754 2383 806 ες
2421 721 2547 815 τὴν
2565 718 2758 792 Ἀλα-

482 853 637 936 λίην
680 842 1017 932 ἀνέλαβον
1055 839 1138 912 τὰ
1178 840 1384 911 τέκνα
1426 842 1539 911 καὶ
1566 837 1686 920 τὰς
1711 849 2038 927 γυναῖκας
2062 832 2174 904 καὶ
2206 827 2332 920 τὴν
2358 824 2573 917 αλλην
2601 831 2759 916 κτῆ-

481 970 631 1035 σιν,
658 945 828 1037 ὅσην
855 939 998 1016 οἷαί
1016 971 1090 1015 τε
1118 942 1424 1033 ἐγίνοντο
1450 947 1526 1013 αἱ
1551 942 1711 1032 νῆές
1736 962 1861 1029 σφι
1889 936 2115 1027 ἄγειν·
2145 936 2258 1006 καὶ
2288 939 2519 1004 ἔπειτα
2545 927 2759 1020 ἀφέν-

347 1063 467 1128 167
483 1080 592 1136 τες
629 1050 756 1143 τὴν
794 1048 1073 1139 Κύρνον
1115 1054 1360 1120 ἔπλεον
1399 1044 1467 1127 ἐς
1497 1043 1783 1135 Ῥήγιον.
1877 1046 2031 1113 Τῶν
2080 1040 2156 1110 δὲ
2214 1034 2766 1129 διαφθαρεισέων

479 1237 589 1274 ιιοιι
636 1219 707 1271 ad
755 1232 883 1269 suos
930 1215 1332 1279 Massilienses,
1381 1229 1573 1268 verum
1673 1215 1771 1267 1v.
1797 1230 1853 1279 p.
1876 1211 2012 1265 1624
2040 1225 2191 1277 seqq.
2247 1208 2481 1276 Reliqua
2510 1205 2664 1258 dabit
2699 1205 2761 1257 C.

482 1291 592 1342 alio
627 1304 687 1340 se
740 1288 1102 1350 convertisse,
1153 1302 1276 1338 cum
1310 1284 1368 1335 hi
1404 1285 1572 1338 arctis
1673 1287 1739 1337 F.
1776 1285 2072 1335 Hermann.
2107 1279 2325 1332 Griech.
2353 1274 2763 1331 Staatsalterth.

478 1360 683 1411 finibus
726 1357 931 1409 fuerint
984 1357 1163 1408 adhuc
1207 1355 1406 1407 inclusi
1450 1356 1575 1407 bar-

478 1429 739 1494 barisque
816 1426 1071 1492 gentibus
1155 1426 1339 1476 cincti.
1441 1425 1576 1475 Cum

480 1512 613 1549 vero
648 1496 785 1560 sint,
839 1497 932 1562 qui
966 1496 1070 1546 hac
1107 1496 1398 1547 occasione
1430 1496 1576 1545 Mas-

486 1566 666 1618 siliam
713 1582 747 1616 a
793 1564 1237 1617 Phocaeensibus
1299 1564 1577 1615 conditam

482 1640 736 1698 narrent,
772 1638 834 1685 ut
865 1635 1139 1686 Isocrates
1174 1635 1235 1684 in
1265 1633 1484 1685 Archid.
1522 1631 1580 1695 5.

485 1707 574 1758 84.
610 1720 667 1771 p.
701 1702 831 1767 133,
870 1704 1176 1755 Pausanias
1220 1705 1299 1767 X,
1337 1704 1396 1766 8,
1452 1704 1578 1754 Am-

485 1777 653 1828 mian.
674 1774 980 1826 Marcellin.
1010 1774 1129 1838 XV,
1153 1772 1207 1838 9,
1246 1788 1337 1823 eos
1365 1777 1421 1823 et
1443 1777 1580 1824 tem-

484 1860 620 1912 pora
669 1849 725 1897 et
774 1859 862 1895 res
919 1843 1166 1895 diversas
1221 1843 1414 1909 utique
1459 1858 1580 1909 per-

486 1916 771 1968 miscuisse
804 1929 951 1965 nunc
986 1916 1254 1965 statuunt.
1317 1913 1461 1964 Nam
1483 1914 1580 1963 vix

487 1984 764 2048 credibile,
781 1982 1141 2046 Herodotum,
1154 1982 1467 2034 huiusmodi
1490 1997 1577 2033 res

486 2059 601 2106 tam
633 2058 886 2105 accurate
934 2058 990 2104 et
1025 2051 1270 2104 studiose
1311 2053 1576 2118 indagan-

485 2130 625 2186 tem,
671 2121 783 2173 tale
826 2122 958 2188 quid
1002 2123 1051 2172 si
1086 2138 1145 2172 re
1190 2137 1323 2173 vera
1359 2121 1578 2173 accide-

484 2193 588 2255 rit,
624 2192 902 2255 omisisse,
939 2191 1261 2257 praesertim
1297 2191 1391 2257 qui
1422 2193 1480 2240 in
1511 2207 1578 2242 ea

485 2261 684 2313 Italiae
718 2265 875 2327 parte
912 2260 1030 2325 ipse
1071 2260 1165 2311 diu
1210 2265 1575 2312 commoratus

484 2330 679 2394 fuerit,
723 2330 819 2382 ubi
850 2330 1228 2382 Phocaeenses
1276 2329 1401 2380 dein
1450 2346 1578 2381 con-

486 2400 749 2452 sederint.
834 2398 993 2452 Conf.
1032 2398 1362 2450 Dahlmanni
1403 2400 1577 2451 Hero-

486 2470 601 2523 dot.
628 2486 682 2536 p.
714 2467 832 2521 141.
888 2470 994 2520 Vix
1026 2470 1168 2520 enim
1200 2468 1575 2534 dubitandum,

485 2540 617 2607 quin
638 2541 857 2602 Noster,
893 2538 1216 2603 Massiliam,
1250 2554 1416 2605 quam
1442 2554 1577 2591 sane

486 2610 641 2661 novit
675 2609 767 2677 (V,
803 2606 890 2674 9),
928 2626 963 2661 a
994 2609 1436 2661 Phocaeensibus
1471 2609 1577 2660 hac

485 2679 774 2732 occasione
806 2679 1088 2731 conditam
1110 2680 1158 2729 si
1184 2679 1573 2741 existimasset,

483 2749 542 2800 id
577 2755 724 2801 certe
745 2748 849 2800 hoc
875 2747 1017 2812 loco,
1055 2748 1150 2800 ubi
1176 2748 1416 2815 reliquas
1444 2750 1578 2799 isto-

483 2835 613 2939 {33¹3
632 2787 1577 2953 ⁶35?{zzssffa'ss‘zssffgssz‘z‘sxffo

484 2956 646 3022 plane
702 2958 1102 3023 praeteriisset:
1177 2956 1324 3008 unde
1381 2958 1575 3008 merito

486 3025 734 3091 colligas,
766 3025 918 3076 illum
953 3026 1112 3077 aliter
1135 3027 1390 3090 sensisse,
1427 3028 1578 3077 Mas-

484 3094 773 3160 siliamque
793 3095 997 3160 ipsam,
1034 3110 1142 3162 quo
1169 3099 1412 3161 tempore
1433 3096 1576 3147 Pho·

484 3179 743 3216 caeenses
791 3164 1026 3229 patriam
1081 3163 1387 3230 relinquere
1446 3169 1576 3216 sunt

484 3233 687 3297 coacti,
718 3231 921 3284 dudum
955 3234 1260 3299 exstitisse,
1296 3235 1458 3301 longe
1482 3250 1577 3286 an-

482 3308 577 3355 tea
611 3302 890 3355 conditam
934 3302 1022 3354 vel
1074 3320 1141 3354 ex
1188 3309 1368 3356 mente
1404 3305 1578 3356 Hero-

484 3374 629 3425 doti:
703 3388 873 3439 quare
930 3371 1237 3424 Massiliam
1296 3373 1576 3425 conditam

485 3460 629 3495 anno
663 3443 832 3494 ferme
865 3441 972 3495 000
1007 3458 1057 3494 a.
1093 3442 1218 3494 Chr.
1252 3459 1306 3495 n.
1342 3442 1577 3509 plerum-

483 3529 589 3580 que
643 3517 882 3579 ponunt3
940 3512 1066 3563 vide
1126 3512 1365 3565 Clinton.
1416 3514 1573 3565 Fast.

482 3583 699 3636 Hellen.
764 3582 815 3635 1.
885 3599 939 3648 p.
1001 3582 1105 3635 220
1170 3587 1227 3633 et
1282 3581 1572 3635 Dederich.

483 3653 679 3706 Rhein.
716 3653 860 3704 Mus.
903 3653 1003 3706 IV.
1046 3669 1101 3718 Ρ.
1152 3652 1253 3704 125
1305 3657 1359 3703 et
1407 3652 1576 3718 inpri-

486 3725 588 3775 mis
621 3740 675 3789 Ρ.
704 3723 804 3775 102
828 3738 1003 3789 seqq„
1039 3722 1283 3774 Schultz.
1306 3724 1572 3788 Apparat.

486 3794 610 3844 crit.
648 3793 806 3859 Spec.
847 3794 922 3844 11.
965 3809 1018 3858 Ρ.
1049 3793 1117 3844 40
1139 3808 1253 3858 seq.
1312 3791 1571 3843 Lehnert.

484 3863 571 3913 De
606 3862 751 3913 foed.
774 3862 945 3913 Ionic.
983 3878 1037 3927 p.
1068 3861 1135 3913 53
1161 3878 1275 3928 seq.
1349 3863 1434 3912 De
1471 3862 1574 3912 ori-

486 3929 701 3996 ginibus
736 3930 1018 3983 Massiliae
1045 3932 1195 3982 urbis
1225 3930 1574 3997 eiusdemque

483 4001 645 4051 rebus
681 4002 851 4067 gestis
899 4006 1116 4065 praeter
1150 4002 1460 4052 Iohaunsen
1477 4039 1490 4064 ,
1539 4016 1575 4051 a

483 4070 571 4123 Cr.
599 4069 883 4120 laudatum
913 4070 1153 4134 (Veteris
1180 4070 1462 4122 Massiliae
1484 4086 1572 4122 res

485 4145 541 4191 et
558 4139 835 4191 instituta.
855 4136 1037 4189 Kiliae
1062 4139 1212 4191 1817.
1233 4156 1288 4205 p.
1312 4140 1376 4191 10
1395 4140 1571 4207 seqq.)

485 4208 693 4261 consul.
710 4208 776 4262 A.
791 4208 1107 4259 Brueclmer
1124 4215 1179 4259 et
1195 4210 1269 4260 H.
1288 4210 1572 4261 Ternaux:

482 4279 633 4331 Hist.
656 4279 792 4344 reip.
820 4277 1031 4329 Massil.
1071 4293 1106 4328 a
1138 4279 1446 4343 primordiis
1484 4295 1576 4329 us-

483 4366 588 4416 que
637 4350 708 4401 ad
742 4349 974 4400 Neronis
1021 4352 1283 4414 tempora,
1321 4349 1571 4415 Gotting.

487 4419 640 4472 1826.
687 4418 840 4472 Cless
876 4420 963 4470 in:
1007 4417 1185 4486 Pauly
1221 4418 1570 4485 Realencycl.

1677 1355 1727 1419 5.
1766 1356 1854 1407 78.
1886 1357 2001 1404 not.
2042 1352 2111 1403 28
2150 1350 2238 1404 ed.
2274 1354 2437 1416 quart

1746 1412 2270 1488 ἀπεστράφατο]
2311 1418 2458 1470 Male
2484 1416 2766 1468 Medioeus

1676 1486 1889 1557 ἀπεστρ
1905 1489 2097 1557 έφετο.
2171 1489 2328 1541 Conf.
2369 1490 2426 1552 I,
2460 1488 2581 1541 141.
2629 1478 2769 1543 τοὺς

1681 1509 1953 1629 ἐμβόλους
2010 1560 2198 1626 glossa
2239 1527 2557 1615 Herodotea
2612 1554 2763 1619 (coll.

1679 1634 1907 1698 Gregor.
1945 1630 2072 1683 Cor.
2117 1630 2185 1681 de
2220 1629 2351 1682 dial.
2387 1629 2508 1681 Ion.
2546 1630 2598 1690 §-
2635 1623 2765 1690 108)

1680 1702 1902 1769 exponit
1967 1692 2233 1767 χάλκωμα
2299 1693 2767 1763 περιτιθέμενον.

1682 1774 1748 1825 de
1792 1771 1986 1824 rostris
2022 1770 2243 1821 navium
2289 1771 2407 1820 sive
2452 1768 2521 1818 de
2558 1781 2771 1817 summa

1678 1858 1875 1910 prorae
1934 1844 2092 1907 parte
2154 1840 2212 1889 in
2256 1838 2457 1890 ferrum
2516 1839 2769 1899 exeunte,

1682 1929 1789 1979 quo
1849 1912 1908 1961 in
1963 1907 2194 1961 hostiles
2245 1924 2415 1960 naves
2463 1908 2766 1969 incurrant,

1680 1979 2123 2047 intelligendum.
2167 1979 2282 2029 vid.
2312 1977 2551 2030 Scheffer
2578 1976 2646 2027 de
2673 1976 2769 2026 mi-

1676 2052 1760 2105 lit.
1776 2067 1903 2103 nair.
1927 2051 1996 2114 V,
2009 2051 2061 2101 5.
2098 2049 2349 2101 Boeckh.
2370 2046 2619 2100 Urkund.
2635 2047 2771 2097 iiber

1680 2122 1733 2176 d.
1758 2123 2062 2174 Seewesen.
2125 2135 2217 2185 ag.
2250 2118 2351 2172 100
2382 2133 2497 2184 seq.
2534 2147 2607 2158 -
2641 2116 2773 2168 Mox

1677 2208 1775 2259 pro
1812 2191 2039 2256 vulgato
2105 2184 2340 2254 γένοντο
2377 2204 2500 2239 cum
2536 2190 2770 2238 recentt.

1681 2278 1710 2314 e
1735 2259 2258 2314 Schellershemiano
2295 2259 2491 2324 scripsi
2530 2249 2629 2321 ἒγί
2635 2271 2770 2306 νον

1679 2346 1764 2381 το.
1840 2329 2168 2395 Obloquitur
2215 2344 2410 2380 censor
2446 2328 2504 2378 in
2541 2326 2770 2391 Ephem.

1680 2400 2245 2453 Ienenss.1817.nr.
2290 2398 2408 2451 164.
2446 2413 2571 2463 pag.
2609 2395 2731 2447 373.

1758 2461 2229 2525 καταπλώσαντες
2272 2499 2344 2508 --
2393 2459 2769 2534 ἀνέλαβον]

1678 2530 2100 2605 ἀναλαμβάνειν
2145 2539 2250 2589 hac
2295 2539 2355 2588 in
2398 2552 2457 2589 re
2491 2537 2772 2603 proprium

1680 2615 1838 2662 notat
1873 2608 2124 2661 Siebelis.
2163 2608 2235 2659 ad
2264 2607 2589 2670 Pausan.1,
2625 2608 2678 2658 4.
2715 2604 2768 2668 5.

1679 2680 1743 2744 3,
1782 2680 1876 2745 qui
1900 2678 2170 2731 Herodoti
2197 2678 2500 2731 orationem
2521 2676 2771 2727 imitatus

1682 2754 1785 2802 est.
1823 2781 1895 2790 —
1941 2750 2048 2800 Pro
2084 2739 2328 2813 ἀφέντες
2373 2751 2605 2799 recentt.
2644 2745 2769 2797 edd.

1679 2811 1936 2886 ἀπέντες,
1966 2822 2160 2870 contra
2181 2817 2338 2870 codd.
2366 2817 2769 2869 auctoritatem.

2003 2991 2137 3043 Cu.
2176 2988 2451 3043 CLXVII.

1746 3092 1862 3144 τῶν
1886 3088 1951 3144 δὲ
1971 3090 2439 3174 διαφθαρεισέων
2466 3110 2613 3146 νεων
2634 3085 2772 3152 τοὺς

1674 3155 1892 3229 ανδρας
1926 3162 1993 3214 οῗ
2017 3178 2075 3215 τε
2100 3154 2491 3230 Καρχηδόνιοι
2526 3181 2577 3215 κ.
2617 3179 2663 3213 τ.
2697 3161 2769 3230 L]

1678 3236 1888 3288 Locum
1906 3235 2067 3287 modo
2091 3233 2409 3286 mendosum
2433 3238 2772 3300 suspectum-

1678 3322 1809 3371 que,
1871 3305 2030 3356 modo
2084 3304 2405 3355 lacunosum
2461 3305 2770 3356 habuerunt

1674 3375 1782 3426 viri
1826 3374 1999 3438 docti,
2064 3375 2291 3439 ipseque
2324 3374 2559 3426 Bredov.
2609 3391 2663 3440 p.
2703 3374 2773 3424 14

1678 3444 1946 3509 quaedam
1985 3444 2253 3495 excidisse
2285 3443 2370 3493 his
2394 3448 2582 3509 putat,
2625 3443 2771 3495 unde

1677 3513 1919 3565 Dindorf
1961 3518 2015 3565 et
2062 3513 2288 3564 Dietseh
2336 3512 2567 3565 lacunae
2613 3514 2773 3579 signa

1678 3588 1805 3649 post
1828 3578 2128 3664 Τυρσηνοὶ
2145 3587 2461 3648 posuerunt.
2500 3582 2772 3649 Schweig-

1674 3652 2003 3718 haeuserus,
2056 3643 2252 3703 αὐτῶν
2285 3653 2358 3704 ad
2393 3654 2771 3706 Phocaeenses

1678 3723 1947 3786 referens,
2005 3721 2186 3773 locum
2241 3723 2321 3774 sic
2376 3724 2768 3789 interpretatus

1680 3797 1788 3844 est.
1827 3760 2271 3859 Carthaginienses
2293 3792 2642 3860 Tyrrhenique
2656 3795 2771 3858 plu·

1677 3877 1765 3913 res
1798 3866 2021 3925 captivos
2052 3863 2288 3925 fecerunt
2313 3879 2459 3928 quam
2481 3863 2772 3914 Phocaeen—

1675 3947 1761 3982 εει
1796 3947 1979 3997 eosque
2013 3934 2145 3983 inter
2178 3948 2236 3983 se
2266 3935 2450 3996 partiti
2477 3941 2624 3990 sant,-
2656 3934 2773 3983 dein

1678 4001 1875 4052 eosdem
1909 4005 1960 4052 in
1996 4010 2186 4052 terram
2222 4006 2484 4067 expositos
2518 4002 2773 4067 lapidibus

1677 4071 2383 4153 obruerunt.1ungendum
2432 4073 2576 4124 enim
2620 4087 2767 4123 esse.

1677 4137 1746 4190 οῖ’
1781 4156 1848 4191 τε
1886 4136 2281 4206 Καρχηδόνιοι
2319 4138 2429 4192 καὶ
2471 4135 2533 4191 οἰ
2568 4132 2820 4216 Τυρἆ,

1678 4210 1802 4261 dein
1840 4206 2042 4276 ἔλαχόν
2071 4225 2137 4261 τε
2166 4240 2237 4250 —-
2261 4239 2330 4252 --
2366 4206 2482 4261 καὶ
2513 4205 2768 4261 κατέλευ-

1678 4293 1800 4330 σαν.
1878 4282 2033 4343 Quae
2079 4280 2299 4347 quidem
2344 4285 2496 4332 recte
2539 4280 2767 4342 monuit,

1677 4350 1733 4400 in
1772 4366 1835 4401 eo
1873 4355 2084 4414 tamen,
2128 4351 2175 4399 si
2209 4351 2350 4402 bene
2386 4351 2504 4402 eius
2549 4355 2766 4401 senten-

1675 4420 1810 4471 tiam
1848 4420 2096 4486 percepi,
2131 4418 2345 4486 lapsus,
2394 4420 2541 4487 quod
2576 4410 2769 4471 αὐτῶν
