3109 5092
437 259 561 319 776

1304 256 1841 321 HERODOTI

440 438 635 523 γυιῆς
668 436 1113 523 μετρεομένης
1144 436 1256 502 καὶ
1285 430 1728 521 τετραπήχεος
1747 483 1764 516 ,
1809 436 1946 500 τῶν
1974 436 2209 500 ποδῶν
2235 432 2359 519 μὲν
2386 459 2722 521 τετραπα-

442 546 735 606 λαίστων
777 535 1064 624 ἐόντων,
1107 543 1228 605 τοῦ
1255 537 1328 605 δὲ
1359 534 1600 624 π’τήχεος
1628 538 2136 617 ἑξαπαλαίστου.
2209 532 2296 603 Τὸ
2327 536 2401 604 δὲ
2429 533 2617 624 ὕδωρ
2645 534 2727 604 τὸ

442 644 517 709 ἐν
558 646 640 729 τῇ
681 647 883 729 λίμνῃ
926 638 1273 727 αὐτιγενὲς
1314 639 1439 727 μὲν
1484 636 1610 707 οὐκ
1651 645 1820 708 ἔστι·
1877 636 2171 727 ἄνυδρος
2207 635 2336 727 γὰρ
2365 638 2448 728 δὴ
2481 644 2730 718 δεινῶς

443 746 582 812 ἐστὶ
625 742 867 832 ταύτῃ·
912 746 985 812 ἐκ
1024 749 1145 812 τοῦ
1173 750 1431 812 Νείλου
1473 742 1547 810 δὲ
1578 740 1744 810 κατὰ
1787 741 2090 829 διώρυχα
2128 743 2438 830 ἐσῆκται.
2494 744 2603 810 καὶ
2656 745 2727 824 ἓξ

443 847 568 934 μὲν
596 851 808 934 μῆνας
837 852 967 916 ἔσω
999 851 1136 936 ῥέει
1168 851 1233 926 ἐς
1258 844 1382 935 τὴν
1410 853 1675 934 λίμνην,
1712 849 1778 927 ἓξ,
1807 847 1882 915 δὲ
1911 848 2126 932 μῆνας
2156 847 2280 926 ἔξω
2310 847 2375 924 ἐς
2402 843 2522 914 τὸν
2551 854 2723 913 Νεῖ-

446 959 564 1019 λον
593 940 801 1028 αὖτις.
872 952 983 1018 καὶ
1014 948 1219 1020 ἐπεὰν
1247 950 1372 1037 μὲν
1412 951 1607 1037 ἐκρέῃ
1643 952 1802 1033 ἔξω,
1848 944 1890 1036 ἡ
1926 946 2002 1015 δε
2037 946 2186 1015 τότε
2215 946 2372 1027 τούς
2413 951 2478 1031 ἓξ
2508 954 2728 1036 μῆνας

445 1057 511 1133 ἐς
539 1050 613 1120 τὸ
645 1052 999 1140 βασιλήϊον
1027 1052 1430 1140 καταβάλλει
1462 1050 1568 1120 ἐπ’
1603 1048 1858 1139 ἡμέρην
1901 1048 2187 1137 ἑκάστην
2229 1051 2559 1120 ταλαντον
2597 1048 2724 1139 ἆρ-

445 1162 689 1244 γυρίου
718 1159 791 1223 ἐκ
819 1161 956 1225 τῶν
984 1155 1279 1243 ἰχθύων·
1312 1153 1519 1224 ἐπεὰν
1548 1155 1622 1223 δὲ
1651 1158 1795 1244 ἐσίῃ
1823 1152 1898 1223 τὸ
1928 1150 2116 1242 ὕδωρ
2147 1156 2212 1233 ἐς
2239 1152 2482 1242 αὐτὴν,
2511 1164 2728 1223 εἴκοσι

446 1322 671 1373 Graecis
710 1319 805 1369 sed
845 1319 913 1371 de
948 1323 1230 1386 Aegyptiis
1267 1322 1532 1372 mensuris

447 1391 537 1455 agi
575 1391 871 1440 existimat.
944 1391 1100 1453 Quod
1138 1392 1267 1440 mihi
1316 1391 1531 1455 quidem

447 1459 589 1508 hand
627 1460 929 1523 persuasit,
968 1461 1059 1524 qui
1098 1476 1215 1509 cum
1256 1460 1532 1510 Boeckhio

450 1528 767 1592 (Metrolog.
796 1528 1123 1579 Untersuch.
1165 1545 1216 1593 p.
1252 1530 1346 1579 211
1386 1529 1532 1594 seq.)

446 1599 533 1648 hic
558 1598 624 1647 de
650 1599 1022 1649 communibus
1057 1599 1321 1649 mensuris
1341 1598 1409 1648 ad
1434 1600 1535 1648 Ae-

446 1667 689 1732 gyptiam
709 1684 1011 1718 mensuram
1040 1670 1348 1733 orgyiarum
1371 1667 1536 1731 expli-

447 1738 676 1787 candam
711 1738 945 1787 adiectis
981 1739 1069 1802 agi
1107 1738 1337 1802 indeque
1371 1738 1534 1786 etiam

448 1808 557 1856 alia
595 1807 777 1857 stadia
815 1808 921 1857 nisi
967 1807 1219 1871 vulgaria
1256 1810 1534 1858 sexcento-

447 1892 562 1926 rum
604 1876 796 1940 pedum
832 1877 920 1927 hic
955 1876 1187 1940 intelligi
1223 1892 1330 1926 non
1375 1891 1536 1939 posse

448 1947 682 1995 credam.
760 1946 916 1996 Conf.
964 1947 1127 1996 etiam
1163 1947 1236 1995 Μ.
1265 1946 1451 1995 Leake
1479 1946 1536 1993 in

447 2016 678 2065 Journal
705 2016 765 2063 of
784 2016 874 2064 the
895 2014 1279 2080 geographical
1306 2011 1533 2078 society.

447 2085 568 2133 Vol.
608 2084 706 2133 IX.
749 2085 854 2147 p.l
893 2100 1044 2148 seqq.
1084 2085 1117 2134 8
1155 2099 1269 2147 seq.
1310 2089 1391 2132 et:
1432 2084 1537 2133 De-

449 2168 568 2201 men
587 2153 822 2201 Attica's
851 2168 903 2216 p.
937 2154 998 2204 31
1034 2168 1148 2216 seq.
1189 2153 1271 2202 ed.
1299 2154 1537 2201 VVester·

451 2237 631 2270 mann.
681 2222 992 2271 Herodoteo
1028 2222 1149 2271 loco
1185 2221 1301 2270 iure
1326 2237 1538 2285 quoque

449 2291 623 2339 utitur
644 2290 850 2340 VVurm.
892 2290 957 2340 de
986 2289 1186 2355 pondd.
1219 2290 1444 2341 Graecc.
1484 2295 1538 2339 et

449 2360 658 2408 Romm.
687 2374 814 2424 pag.
842 2360 929 2409 91.
1003 2360 1149 2408 Hinc
1186 2360 1326 2408 enim
1365 2364 1535 2423 patet,

449 2427 687 2477 stadium
713 2433 967 2478 constare
1001 2444 1094 2477 sex
1120 2427 1362 2493 plethris,
1399 2443 1539 2492 quae

450 2502 665 2547 centum
703 2498 924 2563 orgyias
963 2503 1018 2548 et
1050 2503 1336 2548 sexcentos
1372 2497 1537 2561 pedes

449 2572 714 2631 aequant3
740 2583 863 2617 nam
891 2568 1156 2634 plethrum
1181 2572 1393 2617 centum
1415 2582 1539 2615 con-

450 2642 564 2686 stat
614 2637 873 2701 pedibus,
932 2638 1121 2703 orgyia
1169 2652 1262 2686 sex
1311 2636 1538 2700 pedibus

450 2707 567 2755 sive
604 2713 836 2771 quatuor
881 2708 1107 2768 cubitis;
1159 2706 1403 2767 cubitus,
1445 2705 1537 2770 qui

450 2791 613 2824 unum
653 2778 841 2841 pedem
889 2777 1221 2840 alteriusque
1257 2775 1538 2825 dimidium

450 2845 723 2907 continet,
775 2861 867 2894 sex
917 2845 1322 2909 comprehendit
1357 2843 1539 2909 palae·

450 2916 611 2972 stras,
656 2930 878 2977 quarum
909 2920 1142 2977 quatuor
1163 2929 1325 2963 unum
1348 2913 1537 2977 pedem

452 2982 810 3031 constituunt.
903 2983 1061 3033 Conf.
1114 2983 1278 3031 etiam
1331 2982 1535 3031 Herod.

452 3048 541 3109 ΙΙ,
596 3050 695 3099 168
748 3054 802 3098 et
846 3050 1171 3100 Dahlmann.
1228 3051 1282 3099 in
1329 3050 1534 3100 Herod.

451 3132 577 3182 pag.
604 3117 842 3180 93-95,
882 3120 973 3183 qui
1008 3120 1111 3170 hoc
1147 3120 1285 3169 bene
1322 3135 1539 3169 monere

450 3186 692 3249 videtur,
742 3188 1077 3239 Herodotum
1122 3204 1231 3238 non
1269 3186 1393 3237 aliis
1432 3188 1539 3238 alio

449 3255 570 3305 loco
608 3258 689 3307 uti
727 3258 1020 3320 mensuris,
1074 3258 1168 3307 sed
1206 3273 1415 3323 semper
1449 3259 1541 3306 iis-

453 3327 591 3376 dem.
676 3326 816 3377 Add.
864 3326 1100 3378 Iomard.
1146 3328 1418 3391 Descript.
1472 3327 1539 3377 de

448 3395 592 3460 l'Eg.
630 3399 758 3447 Ant.
795 3396 894 3458 1,3
932 3397 1053 3448 livr.
1094 3413 1218 3462 pag.
1246 3397 1348 3448 613
1384 3412 1535 3461 seqq.

452 3463 572 3514 coll.
630 3467 731 3518 683
779 3481 891 3532 seq.
949 3467 1050 3517 634
1098 3483 1248 3532 seqq.
1344 3466 1538 3530 Itaque

451 3550 560 3584 non
599 3541 743 3599 erat,
793 3552 889 3587 cur
924 3541 1110 3587 nostro
1157 3538 1215 3587 in
1248 3537 1367 3586 loco
1412 3535 1539 3584 hae-

450 3609 595 3654 reret
637 3606 821 3669 Zoega
882 3605 947 3655 de
1002 3605 1257 3656 obelisco.
1308 3621 1360 3669 p.
1417 3604 1534 3655 148.

450 3678 564 3723 not.
608 3672 689 3723 12.
729 3703 800 3713 -
852 3665 1132 3734 ἑξαπέδου
1182 3680 1331 3724 recte
1380 3673 1539 3738 pleri-

451 3757 551 3827 que
589 3742 715 3792 libri
767 3743 912 3808 iique
957 3744 1205 3794 meliores
1254 3759 1351 3808 pro
1387 3743 1536 3808 vulg.

451 3804 771 3891 sgoevgddom
808 3812 921 3861 vid.
959 3814 1193 3864 Bredov.
1233 3830 1284 3877 p.
1330 3813 1446 3863 161.

520 3847 808 3943 αὗτιγενὲς
844 3875 948 3944 μὲν
983 3874 1090 3930 οὐκ
1126 3877 1262 3946 ἔστι]
1302 3882 1338 3930 i.
1374 3897 1420 3930 e.
1462 3884 1538 3930 in-

452 3949 612 3997 aridem
649 3957 825 4011 natus,
867 3966 937 3999 eae
970 3953 1082 4012 ipsa
1111 3959 1253 4000 terra
1283 3954 1430 4015 quasi
1454 3966 1540 4000 or

452 4033 544 4065 1111..
624 4021 680 4061 1·
684 4018 780 4065 ms.
810 3986 1020 4067 Herod.
1049 4020 1143 4081 IV,
1171 4019 1270 4070 180
1302 4019 1423 4068 coll.
1448 4022 1535 4070 48.

454 4089 672 4133 1111111711
684 4089 786 4135 kk.
824 4091 881 4136 et
915 4093 1146 4138 recentt.
1186 4087 1307 4137 edd.
1344 4090 1539 4153 scripsi

516 4173 624 4217 =3,rt
700 4171 792 4217 pro
830 4146 1070 4219 αὖθιγ.,
1111 4156 1183 4205 cf.
1222 4157 1455 4207 Bredov.
1483 4174 1536 4221 p.

453 4229 536 4273 tbi.
612 4193 680 4273 111
680 4240 765 4273 tec
816 4229 871 4274 et
920 4239 1058 4289 quae
1107 4224 1365 4275 continuo
1403 4228 1539 4277 adii-

452 4321 472 4345 ,,
508 4305 668 4341 11111111-
708 4293 770 4342 rie
793 4294 1029 4359 regionis
1063 4294 1336 4358 siccitate,
1372 4296 1539 4345 veris-

1636 1323 1773 1372 sima
1820 1321 2053 1371 inveniri
2104 1325 2340 1371 testatur
2387 1321 2626 1372 Iomard.
2689 1321 2726 1371 1.

1634 1392 1670 1442 1.
1711 1407 1837 1471 pag.
1871 1390 1960 1440 99.

1705 1453 1846 1510 κατὰ
1871 1450 2123 1524 διώρυχα
2148 1449 2396 1523 ἐσῆκται]
2424 1451 2565 1507 κατὰ
2591 1450 2727 1507 διαί-

1637 1546 1804 1606 ρυχα
1826 1534 1935 1579 est:
1981 1543 2080 1590 per
2124 1531 2373 1606 canalem,
2432 1534 2493 1577 ut
2544 1529 2600 1590 Ι,
2657 1528 2730 1578 30

1637 1595 1912 1663 περιῆγον
1968 1591 2136 1646 κατὰ
2187 1612 2321 1653 τους
2366 1588 2726 1661 θησαυρους.

1637 1670 1743 1719 Hic
1791 1666 1999 1718 canalis
2046 1683 2075 1716 e
2123 1667 2246 1717 Nilo
2292 1667 2556 1717 deductus
2607 1672 2729 1716 erat

1639 1739 1692 1787 in
1719 1738 1896 1788 lacum
1922 1752 2017 1801 per
2044 1737 2229 1787 fauces
2264 1735 2371 1786 loci
2397 1737 2468 1786 El
2492 1736 2728 1797 Lahoun,

1637 1808 1721 1857 uti
1756 1822 1899 1857 nunc
1942 1810 2172 1866 vocant,
2218 1805 2312 1855 ubi
2352 1806 2529 1855 adhuc
2577 1806 2730 1854 inve-

1637 1878 1783 1927 nitur
1825 1874 2033 1926 canalis
2069 1876 2215 1925 Baler
2263 1874 2501 1938 Iouseptz,
2549 1876 2728 1924 minor

1638 1945 1729 1994 ille
1753 1946 1966 2010 quidem
1994 1949 2051 1993 et
2077 1944 2364 1994 recentiori
2387 1949 2570 1994 aetate
2601 1959 2730 1993 con-

1640 2016 1836 2066 sectus.
1917 2014 2044 2064 Vid.
2088 2012 2326 2064 Iomartl.
2380 2013 2416 2064 l.
2465 2013 2504 2067 l.
2552 2030 2608 2078 p.
2657 2013 2730 2063 80

1640 2100 1754 2148 seq.
1799 2085 1900 2135 100
1930 2099 2044 2148 seq.
2087 2088 2142 2132 et
2167 2083 2365 2133 Ritter.
2396 2083 2431 2133 l.
2457 2083 2493 2132 1.
2525 2084 2571 2132 1.
2599 2097 2727 2147 pag.

1638 2153 1763 2215 807,
1810 2152 1903 2218 qui
1938 2152 2041 2201 hoc
2077 2158 2357 2217 praeterea
2403 2151 2585 2202 addit:
2634 2167 2728 2214 per

1638 2222 1780 2272 hunc
1828 2221 2100 2284 canalem,
2148 2237 2251 2285 quo
2296 2237 2439 2286 aqua
2486 2237 2552 2271 ex
2602 2221 2729 2270 Nilo

1641 2292 1695 2340 in
1720 2290 1976 2341 Moeridis
2003 2290 2180 2341 lacum
2208 2291 2601 2351 deducebatur,
2632 2292 2732 2339 mi-

1639 2361 1782 2410 nime
1833 2360 2101 2423 relapsam
2150 2360 2322 2410 fuisse
2362 2361 2731 2410 abundantem

1642 2445 1835 2494 aquam
1885 2444 1949 2478 ex
1986 2429 2109 2479 lacu
2154 2430 2211 2479 in
2247 2429 2456 2490 Nilum3
2505 2430 2608 2478 hoc
2645 2429 2730 2477 fa-

1642 2505 1787 2548 ctum
1823 2498 1994 2547 videri
2032 2498 2142 2547 alia
2176 2498 2268 2548 via
2304 2499 2374 2547 ad
2410 2498 2731 2549 orientalem

1641 2567 1793 2617 lacus
1840 2573 2076 2631 partem,
2124 2568 2219 2617 ubi
2263 2583 2407 2617 nunc
2452 2567 2603 2631 regio
2640 2583 2730 2615 ex·

1642 2638 1868 2698 siccata,
1905 2639 2118 2687 nomine
2146 2636 2566 2697 Bahr·BeIa-mci,
2611 2636 2647 2684 i.
2678 2652 2730 2686 e.

1640 2722 1777 2755 mare
1827 2708 1937 2755 sine
1995 2723 2156 2771 aqua,
2220 2722 2390 2770 eoque
2443 2706 2731 2756 Strabonis

1642 2776 2003 2825 narrationem
2053 2776 2388 2825 referendam
2441 2791 2589 2837 esse,
2637 2774 2734 2839 qui

1643 2845 1746 2894 duo
1804 2845 1948 2894 ostia
2007 2854 2416 2905 commemoret,
2477 2844 2732 2904 alterum,

1641 2930 1746 2979 quo
1786 2914 1841 2962 in
1876 2913 2054 2964 lacum
2092 2915 2259 2963 intret
2294 2914 2402 2964 Nili
2441 2929 2610 2979 aqua;
2652 2913 2733 2961 al-

1643 2989 1842 3044 terum,
1909 3000 2016 3048 quo
2072 2999 2101 3032 e
2155 2983 2279 3032 lacu
2337 2984 2516 3033 abeat.
2603 2982 2728 3031 vid.

1642 3052 1775 3101 ibid.
1819 3069 1873 3116 p.
1922 3052 2023 3102 799
2078 3067 2192 3116 seq.
2253 3052 2356 3103 8110
2405 3052 2530 3102 coll.
2578 3052 2734 3100 Man-

1642 3127 1780 3171 nert.
1835 3137 1889 3185 p.
1932 3122 2034 3173 413
2082 3126 2136 3172 et
2177 3121 2507 3172 Wilkinson.
2552 3122 2733 3185 Topo-

1642 3190 1835 3255 graph.
1887 3192 1947 3240 of
1992 3190 2162 3241 Theb.
2212 3206 2265 3255 p.
2315 3191 2448 3253 355,
2502 3192 2731 3256 Voyage

1645 3261 1715 3310 du
1765 3259 1868 3309 duc
1915 3260 1983 3309 de
2026 3262 2274 3340 Raguse
2299 3261 2397 3310 lV.
2445 3276 2497 3337 p.
2535 3261 2619 3308 22.
2658 3286 2731 3296 —

1644 3329 1710 3379 In
1745 3344 1894 3393 seqq.
1936 3330 2005 3379 ad
2043 3331 2211 3379 verba
2247 3320 2281 3392 ἡ
2320 3322 2393 3377 δε
2429 3321 2553 3377 τότε
2589 3344 2639 3376 κ.
2678 3344 2726 3376 τ.

1642 3397 1689 3447 λ.
1741 3399 1886 3448 conf.
1935 3398 2001 3447 de
2049 3398 2245 3449 vocula
2294 3391 2356 3447 δὲ
2403 3398 2460 3447 in
2502 3397 2733 3462 apodosi

1640 3468 1825 3531 posita
1847 3467 1956 3530 111,
1993 3467 2105 3519 133.
2143 3469 2238 3529 IV,
2265 3469 2331 3516 72
2370 3467 2554 3531 ibique
2588 3472 2731 3517 nott.

1639 3538 1722 3654 DJ
1748 3537 1946 3684 Il{aetl11r⁰-
1944 3505 2118 3588 'Bela-
2129 3538 2217 3586 1ηὲ
2251 3538 2399 3587 conf.
2426 3551 2590 3600 supra
2611 3542 2729 3585 not.

1642 3621 1674 3655 a

1711 3664 1765 3730 ἐς
1801 3667 1864 3723 τὸ
1896 3666 2196 3752 βασιλήϊον
2227 3669 2556 3740 καταβάλλει
2588 3688 2640 3723 κ.
2680 3688 2729 3722 τ.

1640 3740 1711 3807 λ.]
1763 3736 1825 3792 τὸ
1870 3735 2169 3807 βασιλήϊον
2217 3744 2280 3793 de
2326 3747 2464 3808 regis
2520 3744 2731 3793 aerario

1640 3817 1788 3861 recte
1841 3814 2056 3876 accepit
2108 3812 2439 3863 Valckenar.
2498 3812 2732 3862 laudans

1641 3881 1868 3932 Diodor.
1907 3882 1981 3943 ΙΙ,
2020 3881 2106 3930 40.
2147 3884 2232 3931 41.
2269 3882 2366 3943 ΧΙ,
2406 3883 2492 3932 67.
2530 3882 2658 3942 XX,
2695 3883 2731 3931 4

1645 3956 1750 4001 etc.
1810 3951 1958 4001 Idem
1981 3951 2255 4001 Diodorus
2282 3951 2328 4011 Ι,
2354 3953 2421 4002 52
2458 3966 2578 4000 cum
2602 3949 2734 4001 scri-

1643 4021 1740 4069 bat
1803 4020 1906 4070 hoc
1958 4020 2198 4084 vectigal
2261 4020 2485 4097 reginae
2546 4019 2735 4068 datum

1644 4090 1816 4139 fuisse
1853 4090 1921 4139 ad
1959 4094 2209 4139 ornatum
2244 4081 2420 4167 (πρὸς
2450 4081 2604 4152 μύρα
2638 4083 2735 4136 καὶ

1644 4150 1746 4206 τὸν
1787 4149 1958 4207 ἄλλον
2004 4151 2403 4217 καλλωπισμὸν
2438 4187 2508 4196 --
2546 4157 2735 4208 confer

1644 4232 1760 4278 not.
1790 4228 1858 4277 ad
1885 4226 2091 4277 Herod.
2120 4227 2196 4285 ΙΙ,
2221 4224 2342 4289 08),
2379 4226 2562 4276 malim
2587 4226 2735 4290 eqni·

1645 4297 1764 4347 dem
1799 4296 1888 4347 hic
1925 4297 2172 4362 cogitare
2219 4296 2286 4346 de
2321 4311 2490 4345 uxore
2524 4294 2733 4346 Persici
