3109 5092
525 319 648 382 820
1393 317 1933 380 HERODOTI

525 494 680 568 οὔτε
709 494 1063 584 ἐπεμέλετο
1080 545 1099 579 ,
1127 490 1284 562 οὔτε
1313 496 1380 573 ἐς
1407 490 1775 582 ἐπισκευὴν
1797 495 2031 561 ἐδίδου
2060 487 2286 575 οὐδὲν,
2314 487 2477 560 οὐδὲ
2507 491 2837 578 φοιτέων

523 608 726 685 ἔθυε,
776 594 864 680 ὦς
907 594 1187 677 οὐδενὸς
1232 600 1418 666 ἐοῦσι
1464 594 1707 679 ἀξίοισι
1752 592 2008 677 ψεύδεά
2050 622 2122 663 τε
2159 594 2449 684 μαντήια
2477 596 2825 681 κεκτημέ-

523 727 722 774 νοισι.
781 698 926 772 ὅσοι
953 700 1028 770 δὲ
1058 728 1177 789 μιν
1206 703 1585 790 κατέδησαν
1612 704 1811 788 φῶρα
1840 696 2048 781 εἶναι,
2088 696 2349 767 τούτων
2377 696 2475 782 δὲ,
2514 692 2606 777 ὥς
2632 694 2820 784 ἄλη-

523 810 703 887 θέως
730 810 920 875 θεῶν
951 803 1203 873 ἐόντων
1229 806 1341 873 καὶ
1369 801 1673 888 ἀψευδέα
1697 800 1986 892 μαντήῑα
2014 804 2494 891 παρεχομένων
2511 851 2531 886 ,
2561 798 2644 869 τὰ
2672 798 2817 889 μά-

528 920 719 980 λιστα
748 911 1122 996 ἐπεμέλετο.

673 1014 810 1083 Καὶ
857 1016 1055 1080 τοῦτο
1090 1010 1215 1099 μὲν
1254 1011 1328 1078 ἐν
1362 1007 1504 1078 Σάι·
1533 1013 1616 1100 τῇ
1643 1004 1972 1096 Ἀθηναίῃ
2011 1005 2398 1093 προπύλαια
2438 1002 2823 1092 θωυμάσιᾰ

515 1123 598 1187 ·οί
620 1119 990 1204 ἐξεποίησε,
1035 1110 1286 1183 πολλὸν
1324 1115 1577 1192 πάντας
1612 1106 2200 1199 ὑπερβαλλόμενος
2242 1113 2336 1203 τῷ
2376 1135 2448 1178 τε
2486 1104 2652 1191 ὕψει·
2689 1109 2816 1176 καὶ

525 1225 619 1313 τῷ
648 1218 965 1308 μεγάθεϊ,
997 1214 1175 1286 ὅσων
1201 1243 1271 1284 τε
1298 1213 1372 1284 τὸ
1401 1219 1698 1305 μέγαθος
1738 1222 1959 1282 λίθων
1989 1213 2126 1280 ἐστὶ
2164 1213 2275 1280 καὶ
2317 1207 2565 1281 ὁκοίων
2591 1213 2769 1280 τέων
2788 1232 2809 1246 ·

525 1327 724 1391 τοῦτο
770 1321 881 1406 δὲ,
923 1317 1283 1398 κολοσσοὺς
1320 1318 1656 1406 μεγάλους
1701 1318 1814 1386 καὶ
1852 1312 2357 1404 ἀνδρόσφιγγας
2397 1313 2812 1404 περιμήκεας

527 1422 844 1513 ἀνέθηκε,
875 1429 1116 1502 λίθους
1142 1449 1215 1491 τε
1243 1419 1487 1502 ἄλλους
1514 1425 1582 1502 ές
1610 1417 1975 1508 ἐπισκευὴν
1998 1414 2387 1510 ὑπερφυέας
2408 1416 2483 1487 τὸ
2504 1421 2812 1506 μέγαθος

528 1528 816 1617 ἐκόμισε.
882 1523 1169 1615 ἠγάγετο
1212 1524 1287 1595 δὲ
1330 1524 1592 1595 τούτων
1625 1523 1781 1605 τούς
1821 1523 1947 1613 μὲν
1998 1526 2073 1592 ἐκ
2114 1527 2251 1592 τῶν
2302 1520 2471 1592 κατὰ
2512 1525 2808 1610 Μέμφιν

529 1634 824 1701 ἐουσέων
864 1631 1341 1717 λιθοτομιέων,
1382 1626 1540 1707 τοὺς
1582 1628 1657 1697 δὲ
1683 1623 2199 1717 ὑπερμεγάθεας
2229 1628 2295 1708 ἐξ
2330 1623 2809 1713 Ἐλεφαντίνης

531 1735 760 1817 πόλιος
777 1786 796 1819 ,
831 1734 1041 1804 πλόον
1071 1735 1184 1802 καὶ
1213 1743 1424 1801 εἴκοσι
1451 1727 1761 1821 ἡμερέων
1788 1727 2165 1818 ἀπεχούσης
2191 1725 2323 1798 ἀπὸ
2346 1729 2573 1810 Σάϊος.
2628 1725 2703 1796 τὸ
2726 1727 2807 1796 δὲ

397 1018 513 1077 175

850 1907 985 1961 Cn.
1022 1906 1285 1958 CLXXV.

604 2009 674 2078 τῇ
723 2001 1000 2076 Ἀθηναίῃ
1034 2040 1104 2048 -
1140 2000 1454 2074 ἐξεποίησε]
1526 2007 1613 2058 Ad

526 2073 857 2145 προπύλαια
894 2079 1042 2129 conf.
1079 2078 1153 2140 11,
1187 2078 1278 2129 101
1321 2084 1376 2128 et
1410 2078 1479 2128 ad
1501 2067 1615 2138 ἒξε-

526 2149 733 2213 ποιήσε
770 2149 849 2211 ΙΙ,
890 2149 1155 2200 125.126.
1227 2149 1419 2213 Neque
1455 2145 1615 2197 aliter

526 2208 973 2282 ἐξοικοδομήσας
1026 2232 1144 2281 cap.
1194 2217 1293 2267 176
1343 2216 1436 2268 fin.
1487 2215 1613 2267 coll.

535 2289 649 2338 180.
723 2287 940 2337 Etenim
982 2286 1225 2336 indicare
1260 2285 1405 2349 vult,
1451 2288 1616 2337 Ama-

528 2357 614 2407 sin
660 2371 767 2405 non
814 2359 1024 2404 tantum
1069 2354 1206 2405 haec
1253 2372 1420 2421 opera
1462 2355 1616 2405 insti-

527 2426 702 2477 tuisse
719 2424 944 2488 fierique
969 2423 1216 2486 iussisse,
1241 2425 1336 2475 sed
1360 2425 1432 2475 ad
1455 2424 1616 2475 finem

528 2496 693 2546 etiam
731 2493 1048 2560 perduxisse
1083 2509 1259 2560 neque
1294 2494 1617 2560 imperfecta

528 2565 834 2630 reliquisse.
908 2561 1173 2614 Voculam
1212 2556 1293 2625 οἷ,
1327 2580 1488 2630 quam
1523 2563 1618 2613 ab·

507 2650 649 2697 ‚esse
685 2633 895 2687 mavult
928 2632 1205 2685 Schaefer.
1241 2633 1313 2684 ad
1336 2634 1615 2685 Lambert.

530 2698 768 2788 Bo.s.'de
805 2704 980 2769 ellips.
1018 2703 1055 2755 1.
1095 2705 1187 2787 Gr:
1224 2720 1280 2769 p.
1313 2705 1450 2786 58²⁹.
1492 2703 1617 2753 reti-

529 2773 1482 2923 2¹3¹sffi1‘1333tss155333232smffl.
1497 2787 1620 2892 ‘23:31

533 2920 620 2964 tur
656 2919 713 2964 et
743 2913 814 2963 ad
859 2910 929 2979 τῇ
970 2910 1237 2979 Αθηναίῃ
1283 2914 1471 2963 refert.
1551 2910 1619 2961 Id

531 2983 674 3033 enim
702 2983 878 3047 ipsum
908 2996 1030 3031 cum
1068 2997 1163 3046 pro
1200 2977 1279 3048 τῷ
1317 2979 1418 3046 τῆς
1452 2972 1619 3045 Ἀθη-

533 3049 702 3114 ναίης
738 3044 874 3115 ῖερῷ
910 3049 1146 3114 positum
1177 3050 1367 3100 haberi
1401 3050 1617 3111 debeat,

532 3134 699 3170 causa
731 3123 849 3168 erat
883 3134 979 3169 cur
1011 3117 1236 3168 adderet
1270 3119 1511 3169 dativum
1541 3112 1618 3182 οἷ,

530 3191 661 3252 ipsi,
715 3190 753 3241 i.
794 3204 841 3237 e.
897 3190 948 3238 in
1000 3188 1159 3250 ipsius
1195 3189 1323 3238 deae
1365 3188 1618 3241 honorem.

531 3259 722 3324 Neque
745 3257 927 3323 placet
952 3256 1171 3307 dativus
1197 3257 1431 3321 ethicus,
1457 3273 1618 3324 quem

533 3328 753 3394 Lliardy
771 3329 826 3379 h.
847 3326 883 3378 l.
905 3326 1135 3393 intelligi
1157 3326 1301 3377 vult:
1341 3328 1448 3377 sibi
1473 3329 1539 3394 (ἰ.
1567 3342 1617 3377 e.

531 3398 827 3463 Amasiffi),
871 3402 932 3448 ut
973 3397 1092 3461 ipse
1143 3413 1238 3447 rex
1286 3412 1440 3447 suam
1488 3412 1621 3462 erga

533 3468 663 3519 deos
699 3470 958 3535 pietatem
994 3467 1097 3517 hoc
1142 3483 1302 3533 opere
1337 3471 1616 3518 exstructo

532 3537 810 3589 declarare
843 3537 1095 3589 voluerit.
1115 3562 1185 3572 -—
1218 3529 1435 3594 πάντας
1465 3536 1623 3586 intel-

531 3606 655 3674 ligit
681 3625 794 3672 eos,
822 3608 913 3675 qui
939 3614 1066 3657 ante
1089 3607 1264 3671 ipsum
1292 3607 1426 3657 talia
1453 3622 1620 3671 opera

533 3682 916 3729 exstruxerant
949 3692 1123 3742 reges.
1198 3677 1353 3738 Quae
1388 3691 1620 3741 sequun-

527 3752 616 3797 tur
650 3748 819 3798 verba
852 3738 1004 3796 ὅσων
1035 3759 1092 3795 τε
1119 3773 1189 3782 —
1217 3743 1385 3809 τέων,
1436 3745 1505 3794 ad
1541 3745 1621 3796 la-

528 3816 712 3881 pidum
748 3817 804 3866 in
840 3816 944 3867 hoc
994 3831 1130 3880 opus
1167 3816 1523 3865 insumtorum
1562 3819 1620 3865 et

528 3888 890 3950 quantitatem
932 3889 987 3934 et
1031 3885 1381 3949 qualitatem,
1434 3888 1497 3934 ut
1539 3883 1619 3935 lo-

527 3960 766 4020 quuntur
788 3993 801 4018 ,
875 3953 1256 4005 declarandam
1331 3958 1614 4018 spectant:

528 4027 855 4088 quantorum
916 4024 1294 4088 magnitudine
1353 4023 1618 4088 qualium-

528 4107 631 4157 que
676 4091 917 4157 lapidum
955 4092 1093 4143 mole
1142 4092 1462 4158 (propylaea
1499 4092 1616 4159 illa)

531 4162 643 4211 sint
680 4162 1009 4226 (exstructa,
1059 4161 1108 4210 si
1152 4161 1460 4227 respicias).
1530 4163 1619 4214 Ad

530 4224 846 4288 κολοσσοὺς
884 4231 939 4279 in
979 4245 1073 4295 seq
1118 4266 1131 4280 .
1176 4232 1324 4282 cons.
1362 4236 1506 4282 nott.
1545 4233 1618 4282 ad

529 4302 609 4365 11,
648 4302 775 4362 130;
815 4299 884 4350 ad
918 4290 1062 4362 άνδρ
1104 4313 1345 4365 σφιγγας
1379 4293 1620 4366 περιμή-

528 4385 659 4429 κεας
707 4369 915 4423 consul.
968 4384 1108 4435 quae
1155 4370 1211 4420 in
1259 4371 1505 4421 Excursu
1547 4371 1619 4422 ad

528 4441 586 4494 h.
623 4442 661 4495 l.‘
699 4440 872 4493 allata
908 4443 1057 4490 sunt.

1785 1895 2023 1970 ἠγάγετο
2059 1897 2148 1969 δὲ]
2196 1904 2233 1953 i.
2271 1918 2321 1954 c.
2364 1903 2579 1959 adduci.
2626 1900 2809 1952 advehi

1712 1976 1887 2037 iussit,
1927 1989 1975 2024 s.
2010 1972 2303 2023 adnitenda
2338 1974 2561 2029 curavit,
2598 1978 2660 2022 ut
2695 1986 2806 2021 me-

1717 2044 1793 2093 dii
1827 2043 1982 2094 verbi
2019 2043 2101 2091 vis
2141 2057 2207 2092 ac
2232 2046 2811 2108 potestascognoscs-

1716 2118 1836 2175 tur,
1895 2127 2037 2177 quae
2071 2111 2161 2161 hic
2209 2112 2323 2162 sere
2364 2112 2553 2162 eadem
2589 2117 2673 2161 cst
2723 2116 2807 2161 at-

1717 2198 1823 2248 que
1848 2183 1903 2231 in
1926 2182 2092 2231 verbo
2117 2179 2412 2230 ποιεῖσθαι
2438 2182 2515 2245 11,
2540 2181 2656 2232 100.
2684 2180 2804 2230 127.

1722 2252 1841 2302 148.
1864 2251 1909 2313 1,
1936 2250 2021 2313 31,
2048 2250 2141 2300 nbi
2167 2249 2277 2302 vid.
2303 2256 2443 2302 nott.
2464 2279 2533 2290 -—-
2560 2251 2626 2300 In
2648 2265 2806 2315 seqq.

1716 2321 1937 2386 reposui
1983 2317 2164 2369 εἴκοσι
2207 2320 2332 2384 (pro
2374 2311 2634 2383 ἐείκοσι)ε
2688 2318 2803 2369 vid.

1717 2396 1860 2442 nott.
1898 2390 1968 2439 ad
2003 2390 2077 2454 11,
2122 2390 2212 2440 121
2256 2390 2376 2441 init.

1787 2468 1847 2525 ἐκ
1884 2473 1999 2525 τῶν
2034 2503 2101 2512 -
2137 2472 2538 2539 λιθοτομιέων]
2590 2474 2674 2525 Cf.
2726 2473 2807 2537 11,

1717 2546 1771 2597 8.
1815 2545 2081 2612 1581biq.
2118 2552 2233 2596 not.
2305 2544 2669 2596 Probabiliter
2716 2544 2809 2593 hic

1719 2614 1884 2665 colles
1907 2614 2163 2677 indicari,
2201 2616 2395 2681 quibus
2421 2613 2578 2664 hodie
2610 2628 2811 2663 nomen

1721 2684 2008 2748 Mamm-a,
2060 2685 2258 2736 statuit
2292 2683 2621 2735 Wilkinson.
2652 2683 2811 2733 Man-

1718 2769 1844 2804 ners
1881 2761 1987 2805 etc.
2025 2754 2131 2806 111.
2169 2771 2225 2820 p.
2260 2756 2389 2806 878:
2437 2768 2542 2819 quo
2575 2752 2698 2803 loco
2740 2752 2809 2802 de

1718 2823 1803 2873 his
1832 2823 2102 2889 lapidibus
2130 2822 2441 2875 excidendis
2467 2838 2498 2872 e
2524 2837 2676 2887 rupe,
2714 2821 2811 2872 ad-

1718 2892 1981 2943 vehendis
2017 2894 2143 2945 inde
2167 2899 2224 2944 et
2245 2891 2549 2945 tractandis
2586 2892 2809 2941 omnino

1719 2962 1958 3014 disserit.

1791 3038 1848 3109 ἐξ
1872 3039 2280 3114 Ἐλεφαντίνης
2311 3042 2533 3114 πόλιος]
2569 3050 2655 3098 De
2680 3047 2811 3099 Ele-

1714 3117 1957 3182 phantine
2004 3118 2187 3169 insula
2218 3118 2332 3170 vid.
2359 3124 2472 3169 not.
2511 3117 2580 3168 ad
2607 3118 2687 3180 11,
2721 3118 2807 3169 17.

1719 3187 1883 3237 Urbis
1920 3189 2109 3238 ruinae
2154 3188 2418 3253 quaedam
2458 3188 2514 3237 in
2554 3187 2692 3238 colle
2729 3186 2811 3236 di-

1720 3272 1943 3321 spersae
1965 3257 2234 3323 hodieque
2256 3258 2499 3324 conspici
2523 3258 2806 3315 dicuntum

1719 3327 1786 3377 de
1834 3327 2030 3392 quibus
2073 3327 2229 3393 plura
2274 3327 2471 3380 Bitter.
2508 3326 2809 3377 Erdkunde

1720 3396 1764 3447 1.
1802 3412 1931 3461 pag.
1970 3396 2090 3447 690.
2172 3394 2330 3447 Unde
2366 3413 2476 3446 non
2516 3395 2807 3446 admodum

1720 3472 1964 3516 remotae
2010 3466 2364 3531 lapicidinae,
2413 3482 2442 3516 e
2485 3466 2680 3531 quibus
2729 3465 2807 3515 la·

1718 3535 1872 3600 pides
1906 3535 1975 3585 ad
2010 3536 2318 3585 istiusmodi
2342 3534 2511 3586 moles
2537 3535 2809 3599 protracti

1720 3611 1869 3656 sunt.
1937 3605 2063 3656 vid.
2114 3610 2229 3656 not.
2277 3605 2344 3655 ad
2394 3605 2478 3666 11,
2523 3606 2576 3656 8.
2660 3604 2804 3655 Add.

1719 3674 2050 3725 Wilkinson.
2089 3675 2343 3724 Manners
2373 3680 2479 3724 etc.
2522 3675 2572 3726 1.
2599 3691 2652 3739 p.
2686 3675 2807 3736 191,

1719 3758 1824 3810 quo
1860 3748 2001 3795 teste
2039 3743 2216 3794 adhuc
2253 3745 2309 3794 in
2335 3743 2650 3809 lapicidinis
2676 3743 2808 3808 Sye-

1718 3829 1812 3863 nes
1850 3813 2199 3864 inveniuntur
2223 3814 2627 3878 inscriptiones,
2667 3827 2807 3878 quae

1715 3882 1958 3949 lapidum
1977 3883 2169 3934 molem
2189 3883 2315 3933 inde
2339 3884 2577 3934 excisam
2600 3888 2655 3933 et
2679 3898 2806 3933 ave-

1717 3958 1861 4003 ctam
1885 3953 1955 4004 ab
1977 3952 2164 4004 Amasi
2189 3953 2257 4003 ad
2285 3951 2516 4018 templa,
2554 3951 2807 4003 aedificia

1716 4022 1803 4072 vel
1854 4021 2183 4074 exstruenda
2223 4022 2310 4073 vel
2363 4022 2679 4073 exornanda
2727 4027 2805 4073 te·

1717 4096 1952 4143 stantur.
2026 4094 2105 4142 Ac
2139 4091 2268 4142 navi
2302 4091 2578 4158 ingentem
2612 4091 2806 4143 molem

1715 4161 1990 4227 lapideam
2033 4160 2272 4212 secundo
2316 4161 2483 4213 fluvio
2531 4161 2670 4212 Sain
2717 4161 2809 4212 ad-

1715 4237 1932 4282 vectam
1969 4246 2117 4295 esse,
2168 4231 2289 4296 ipsa
2324 4231 2594 4283 Herodoti
2642 4230 2811 4282 verba

1717 4303 1970 4366 probant,
2009 4316 2148 4367 quae
2187 4301 2372 4364 etiam,
2416 4316 2524 4367 quo
2559 4299 2629 4350 ad
2655 4301 2811 4351 navi-

1718 4372 1996 4437 gationem
2039 4386 2136 4437 per
2181 4370 2365 4422 Nilum
2418 4371 2636 4421 institui
2684 4369 2812 4420 soli-

1719 4444 1832 4491 tam
1884 4441 2084 4493 attinet
2100 4477 2115 4505 ‚
2171 4440 2334 4493 valde
2376 4440 2616 4493 tenenda
2660 4444 2809 4492 sunt.
