3109 5092
489 323 613 385 530

1349 317 1887 381 HERODOTI

488 504 794 565 πολλοῖσι
830 491 1218 581 ἀναθήμασι
1237 544 1256 578 ,
1319 493 1433 561 καὶ
1477 494 1551 561 ἐν
1597 489 1781 587 αὐτῷ
1828 482 2001 581 ἦσαν
2050 496 2286 581 στῆλαι
2329 490 2490 577 δύο,
2548 485 2590 579 ἡ
2644 490 2774 580 μὲν

487 603 743 687 χρυσοῦ
777 594 1130 684 ἀπέφθου,
1176 589 1218 684 ἡ
1264 597 1340 664 δὲ
1383 594 1776 685 σμαράγδου
1817 602 2024 665 λίθου
2063 594 2442 685 λάμποντος
2481 591 2599 674 τὰς
2644 593 2768 664 υύ-

489 780 752 816 summum
811 764 969 815 deum
1013 763 1162 814 Iovis
1217 764 1433 813 nomine
1485 761 1579 810 de-

488 835 801 916 signabant.
887 835 1006 895 Quo
1052 833 1154 883 deo
1189 833 1354 883 Solem
1401 830 1581 880 decla-

488 905 600 954 rari
658 919 723 954 ac
781 903 1179 969 repraesentari
1237 918 1382 952 nunc
1440 899 1579 950 satis

491 979 731 1036 constat,
786 972 1122 1038 eundemque
1168 986 1333 1022 sensu
1372 969 1577 1032 latiori,

489 1060 595 1110 quo
633 1045 778 1094 bona
814 1059 1059 1109 quaeque
1104 1058 1168 1092 ac
1204 1042 1350 1091 mala
1382 1056 1417 1091 a
1451 1039 1579 1090 Sole

490 1115 713 1179 eiusque
758 1114 813 1162 vi
851 1117 907 1163 in
943 1127 1121 1162 rerum
1160 1116 1357 1160 natura
1395 1109 1580 1160 afferri

489 1184 692 1245 solent,
742 1182 1118 1247 accipiendum
1157 1196 1305 1243 esse,
1359 1181 1475 1228 sive
1507 1176 1579 1226 ad

493 1253 675 1302 sidera
703 1257 942 1333 spectes,
989 1252 1046 1299 in
1093 1250 1289 1315 quibus
1322 1248 1417 1299 Sol
1453 1247 1582 1298 emi-

491 1325 610 1383 net,
668 1321 894 1385 eiusque
937 1334 1152 1370 cursum
1197 1334 1435 1369 annuum
1485 1332 1580 1381 per

493 1390 628 1439 coeli
665 1391 872 1451 orbem,
922 1390 1039 1438 sive
1084 1388 1156 1438 ad
1190 1389 1364 1453 ipsam
1400 1402 1580 1436 rerum

490 1465 742 1510 naturam
766 1463 995 1523 spectes,
1031 1458 1086 1507 in
1117 1472 1226 1523 qua
1245 1457 1389 1508 Solis
1424 1456 1582 1505 verni

491 1529 834 1592 potissimum
871 1529 927 1577 vi
973 1544 1037 1578 ac
1088 1531 1362 1592 potestate
1398 1524 1578 1575 omnia

492 1597 1580 1730 ἕξῗιῖ“ἓὲῗ.ξιῗιῖῑῗῖιῖ“““ῌῗῖῗξῑῖἓ.’ἓέἓέ

491 1737 585 1801 qui
620 1741 676 1785 et
699 1737 842 1787 Baal
871 1736 935 1801 (i.
965 1751 1012 1786 e.
1051 1734 1322 1800 dominus)
1362 1738 1416 1783 et
1448 1733 1582 1783 Mel-

490 1806 640 1856 karllz
689 1804 746 1869 (i.
800 1821 849 1855 e.
890 1806 1040 1856 urbis
1087 1805 1207 1869 rex)
1254 1803 1578 1864 vocabatur,

491 1875 726 1940 aliisque
773 1874 940 1925 etiam
987 1875 1164 1925 titulis
1212 1889 1257 1924 s.
1305 1871 1580 1938 cognomi-

489 1945 650 1995 nibus
680 1946 982 2010 gaudebat,
1023 1945 1168 2010 quod
1204 1944 1272 1993 ab
1298 1942 1578 1994 Herodoto

491 2029 600 2064 non
635 2013 783 2064 Iovis
818 2015 1054 2075 nomine,
1092 2014 1188 2063 sed
1211 2013 1450 2064 Herculis
1484 2027 1578 2076 ap-

490 2083 787 2147 pellatione
823 2082 1160 2149 designatur,
1198 2082 1255 2131 id
1281 2082 1458 2146 ipsum
1491 2096 1579 2130 sa-

490 2152 562 2200 tis
588 2151 910 2203 documento
941 2168 1061 2202 esse
1091 2152 1328 2213 videtur,
1363 2151 1466 2201 hoc
1491 2149 1582 2200 dei

491 2235 688 2270 nomen
733 2237 860 2271 vere
903 2222 1256 2272 Phoenicium
1311 2235 1432 2270 esse
1487 2236 1581 2269 ne-

492 2306 598 2354 que
630 2290 841 2341 Graeca
885 2306 950 2340 ex
992 2292 1161 2354 stirpe
1206 2289 1578 2354 repetendum.

492 2360 579 2409 Τιι
611 2359 721 2410 vid.
758 2360 1002 2409 Movers:
1041 2360 1146 2409 Die
1177 2358 1500 2409 Phoenizier
1529 2359 1578 2408 1.

491 2444 546 2493 p.
588 2427 687 2480 431
728 2443 871 2494 seq„
919 2429 1011 2495 qui
1043 2428 1185 2479 idem
1235 2428 1302 2478 de
1338 2428 1440 2478 hoc
1477 2427 1578 2477 deo

493 2501 746 2549 accurate
783 2498 1030 2564 disputat
1066 2515 1119 2564 p.
1149 2496 1247 2548 169
1281 2513 1434 2563 seqq.
1477 2497 1579 2548 175

491 2583 643 2633 seqq.
687 2568 788 2618 180
814 2583 931 2633 seq.
969 2568 1071 2619 388
1106 2584 1257 2632 seqq.
1294 2568 1399 2618 409
1425 2582 1578 2633 seqq.

491 2638 631 2689 Add.
667 2637 864 2687 Roeth.
902 2637 939 2687 l.
978 2637 1014 2688 l.
1056 2637 1103 2688 1.
1142 2653 1194 2702 p.
1232 2637 1336 2688 265
1370 2653 1485 2703 seq.
1525 2643 1581 2687 et

490 2712 631 2758 nott.
655 2723 707 2772 p.
734 2710 835 2758 245
853 2723 966 2772 seq.
1008 2712 1062 2759 et
1082 2708 1154 2757 cf.
1180 2722 1392 2773 quoque
1414 2707 1576 2757 Creu-

492 2794 583 2828 ποι·
630 2776 872 2841 symbol.
914 2777 960 2828 1.
1012 2794 1065 2841 p.
1115 2776 1202 2827 92.
1256 2776 1332 2828 11.
1383 2792 1435 2841 p.
1474 2776 1579 2826 614

492 2862 606 2910 seq.
659 2845 784 2896 coll.
820 2847 917 2897 451
971 2846 1057 2898 ed.
1097 2851 1225 2897 tert.
1260 2845 1438 2896 Raoul
1471 2845 1579 2895 Ro-

492 2915 670 2964 chette
705 2913 743 2965 l.
770 2915 807 2964 l.
815 2916 944 2980 ,qui
969 2916 1189 2981 copiose
1225 2913 1293 2964 de
1312 2914 1414 2965 hoc
1439 2915 1576 2964 Her-

491 2982 612 3031 cule
649 2983 817 3045 Tyrio
858 2984 1077 3034 disserit
1120 3000 1172 3047 p.
1215 2983 1271 3033 11
1313 2998 1465 3047 seqq.
1512 2983 1576 3034 18

492 3066 646 3115 seqq.
687 3053 755 3102 25
794 3067 948 3117 seqq.
987 3081 1054 3092 --
1096 3054 1226 3102 Mox
1272 3053 1467 3117 scripsi
1500 3043 1578 3101 εἷ-

493 3118 627 3182 δον,
669 3125 730 3169 ut
752 3120 916 3184 paulo
941 3122 1085 3171 infra
1118 3137 1330 3186 quoque
1356 3121 1575 3188 legitur,

492 3204 594 3265 pro
612 3188 762 3254 vulg.
784 3186 936 3240 ἴδον.
972 3191 1095 3241 V-id.
1117 3190 1349 3241 Bredov.
1378 3208 1432 3256 p.
1451 3192 1574 3243 304.

563 3246 598 3320 ἡ
642 3250 745 3336 μὲν
803 3257 1018 3323 χρυσοῦ
1059 3252 1365 3340 ἀπέφθου,
1428 3251 1463 3324 ἡ
1513 3254 1577 3310 δὲ

487 3318 821 3391 ’σμαράγδου
844 3327 1040 3394 λίθου]
1075 3322 1283 3395 χρυσὸς
1304 3319 1580 3392 ἇπεφθος

492 3396 672 3461 qualis
709 3396 809 3459 sit,
847 3397 1081 3448 vidimus
1119 3399 1188 3449 ad
1223 3399 1270 3460 Ι,
1310 3399 1394 3448 50.
1471 3400 1578 3447 Au·

491 3482 638 3517 ream
660 3465 1003 3517 columnam
988 3485 1043 3517 ιιι
1069 3469 1218 3518 Iovis
1245 3436 1442 3531 t'emplo
1469 3468 1578 3532 Py-

492 3537 572 3584 rio
607 3542 1082 3587 commemoratam
1105 3537 1409 3587 invenimus
1432 3537 1578 3602 apud

489 3606 694 3655 Euseb.
719 3608 981 3672 Praepar.
1004 3608 1217 3672 Evang.
1246 3607 1344 3656 lx.
1368 3623 1423 3673 p.
1445 3607 1542 3657 451
1562 3624 1573 3656 :

490 3690 646 3738 quem
673 3675 859 3726 Iovem
892 3693 926 3727 a
956 3676 1186 3742 Iosepho
1214 3691 1429 3741 quoque
1457 3691 1578 3741 pro-

487 3742 657 3794 latum
697 3762 744 3796 c.
783 3747 982 3811 Apion.
1021 3746 1066 3807 Ι,
1107 3746 1170 3796 18
1208 3745 1276 3796 ab
1313 3745 1416 3796 hoc
1441 3747 1576 3795 Her-

490 3813 610 3863 cule
638 3814 808 3879 Tyrio
843 3831 953 3866 non
988 3815 1259 3866 diversum
1284 3829 1403 3864 esse
1427 3819 1576 3864 recte

489 3887 674 3931 monet
710 3884 928 3934 Movet-s
963 3884 1000 3934 l.
1022 3884 1061 3934 l.
1084 3900 1138 3948 p.
1169 3885 1267 3934 176
1296 3899 1411 3949 seq.
1468 3885 1576 3946 Qui

489 3947 632 3998 idem
669 3950 745 4016 (p.
783 3954 886 4003 292
923 3967 1073 4017 seqq.
1112 3952 1216 4003 344
1250 3952 1388 4018 seq.)
1436 3952 1573 4003 bene

489 4017 646 4080 vidit,
675 4020 952 4071 columnas
976 4021 1044 4070 ad
1069 4022 1451 4086 antiquissima
1477 4037 1574 4071 nu-

490 4085 690 4136 minum
739 4089 1081 4139 orientalium
1127 4091 1375 4155 symbola
1413 4093 1576 4155 perti-

488 4170 645 4216 nere,
692 4157 888 4222 quibus
939 4158 1173 4208 omnium
1221 4176 1398 4211 rerum
1445 4161 1576 4211 ordo

488 4223 714 4276 firmiter
744 4226 1061 4277 collocatus
1098 4243 1165 4278 ac
1212 4228 1350 4280 fixus
1399 4228 1576 4278 decla-

488 4298 667 4357 ratur,
713 4286 777 4345 τὸ
833 4286 1003 4352 ἕστώς
1047 4292 1143 4346 καὶ
1186 4290 1435 4363 μόνιμον
1471 4297 1576 4347 τοῦ

486 4360 661 4427 θεοῦ,
700 4370 761 4416 ut
788 4366 868 4415 ait
893 4363 1140 4416 Clemens
1171 4365 1574 4418 Alexandrinus

1682 762 1881 813 Strom.
1924 764 1969 826 1,
2007 765 2095 815 25.
2130 779 2185 829 p.
2223 763 2345 814 418.
2417 762 2561 813 Add.
2597 760 2773 812 Raoul

1681 831 2022 884 Rochettel.
2072 833 2110 883 l.
2147 849 2202 897 p.
2238 834 2306 882 47
2341 847 2492 898 seqq.
2529 834 2626 895 84,
2677 832 2772 897 qui

1683 902 1821 953 bene
1846 903 2087 953 meminit
2112 903 2372 952 solarium
2396 903 2636 965 deorum,
2658 902 2773 966 qui-

1681 972 1783 1021 bus
1832 971 1970 1022 talia
2016 972 2267 1037 symbola
2312 971 2628 1046 plerumque
2679 970 2771 1020 ad-

1683 1040 1802 1091 dita
1861 1043 2182 1092 invenimus.
2276 1041 2384 1091 Pro
2441 1032 2771 1105 σμαράγδου

1680 1110 1861 1175 plures
1887 1111 2012 1160 libri
2036 1103 2359 1174 μαράγδου,
2401 1126 2508 1175 qua
2536 1110 2604 1159 de
2640 1110 2772 1160 scri-

1679 1185 1843 1244 ptura
1871 1185 2086 1245 praeter
2104 1181 2285 1233 Wass.
2312 1180 2380 1229 ad
2400 1178 2648 1244 '.1'hucyd
2673 1179 2770 1240 IV,

1681 1249 1743 1301 31
1783 1250 1930 1300 conf.
1954 1249 2292 1300 Brouckhus.
2320 1249 2390 1299 ad
2420 1250 2670 1314 Propert.
2691 1249 2768 1312 ΙΙ,

1684 1318 1769 1380 13,
1793 1318 1879 1369 43.
1918 1319 2027 1368 Sed
2051 1335 2237 1368 veram
2268 1320 2594 1383 scripturam
2619 1333 2773 1384 prae·

1681 1387 1814 1437 bent
1857 1403 2042 1438 omnes
2089 1387 2308 1438 codices
2353 1387 2470 1450 111,
2511 1389 2600 1439 41.
2681 1388 2771 1438 Cf.

1682 1457 1917 1507 Bredov.
1968 1474 2023 1522 p.
2064 1458 2182 1508 122.
2265 1456 2351 1507 Ad
2397 1462 2771 1523 argumentum

1684 1527 1821 1576 facit
1861 1526 2224 1592 Theophrasti
2262 1527 2416 1577 locus
2459 1528 2601 1592 Opp.
2643 1542 2768 1593 pag.

1681 1595 1785 1646 394
1823 1601 1880 1646 et
1901 1596 2069 1646 Plinii
2100 1598 2250 1648 Hist.
2275 1597 2403 1647 Nat.
2432 1597 2712 1659 XXXVII,
2738 1597 2771 1647 5

1680 1665 1777 1730 (al.
1821 1666 1938 1732 19),
1976 1668 2069 1731 qui
2096 1667 2231 1731 Tyri
2266 1667 2320 1715 in
2353 1665 2604 1716 Herculis
2638 1671 2774 1715 tem-

1680 1735 1770 1801 plo
1808 1742 2044 1786 stantem
2078 1736 2243 1800 pilam
2269 1751 2298 1785 e
2330 1735 2620 1800 smaragdo
2649 1751 2769 1785 esse

1680 1811 1934 1868 narrant,
2005 1806 2111 1854 nisi
2172 1807 2351 1870 potius
2422 1806 2773 1870 pseudosma-

1679 1876 1883 1939 ragdus
1921 1876 2012 1924 sit.
2096 1875 2249 1937 Quae
2297 1875 2408 1925 alia
2446 1874 2524 1923 ibi
2566 1874 2771 1925 addun-

1680 1950 1768 1993 tur
1814 1943 1882 1993 de
1933 1945 2343 2008 smaragdorum
2396 1944 2771 2009 magnitudine

1681 2012 1954 2078 exempla,
2005 2013 2171 2063 nolim
2215 2014 2318 2063 huc
2356 2014 2768 2077 transscribere,

1681 2098 1802 2133 cum
1831 2083 2102 2133 Larchero
2140 2098 2210 2133 ne
2240 2083 2518 2148 smaragdi
2552 2084 2770 2148 quidem
2828 2095 2841 2106 ·

1680 2151 1932 2202 columna
1976 2153 2149 2203 fuisse
2189 2151 2469 2214 videatur,
2516 2152 2614 2202 sed
2658 2155 2770 2216 „du

1680 2237 1835 2271 verre
1870 2219 2079 2282 colore,
2131 2222 2264 2272 dont
2297 2219 2600 2271 l’interieur
2634 2224 2771 2272 etoit

1685 2289 1885 2341 eelaire
1919 2305 2018 2355 par
2043 2291 2138 2342 des
2172 2290 2411 2356 lamps.“
2469 2292 2770 2342 Heerenius

1684 2360 1873 2424 (ldeen
1906 2361 1962 2422 Ι,
1987 2362 2036 2410 2.
2072 2376 2127 2424 p.
2152 2360 2276 2427 212)
2302 2361 2533 2426 quaerit,
2570 2376 2643 2411 an
2667 2362 2771 2412 La·

1683 2429 1793 2480 suli
1847 2429 1989 2494 lapis
2043 2429 2241 2492 fuerit,
2298 2446 2366 2480 ex
2419 2446 2525 2495 quo
2579 2431 2768 2481 eodem

1681 2503 1936 2549 constent
1991 2498 2274 2550 columnae
2322 2500 2653 2550 lesuitarum
2712 2501 2769 2551 in

1681 2568 1900 2633 templo,
1929 2568 2075 2633 quod
2092 2569 2297 2620 Romae
2318 2574 2422 2619 est.
2473 2570 2546 2619 Et
2574 2585 2767 2634 reapse

1681 2638 1831 2688 aliud
1866 2638 1997 2704 quid
2022 2638 2301 2703 smaragdi
2326 2639 2543 2689 nomine
2571 2640 2770 2689 Noster

1680 2706 1982 2772 intelligere
2021 2709 2217 2773 potuit,
2254 2722 2415 2774 quam
2440 2707 2583 2773 quod
2610 2708 2771 2757 hodie

1680 2776 2017 2840 intelligunt.
2075 2777 2249 2839 Quale
2284 2793 2412 2827 vero
2451 2777 2553 2827 hoc
2591 2777 2767 2842 ipsum

1677 2846 1778 2906 sit,
1830 2847 1974 2911 quod
2010 2845 2103 2897 ille
2137 2845 2501 2909 intellexerit,
2551 2862 2637 2896 me
2680 2863 2770 2896 ne·

1679 2916 1818 2965 scire
1862 2916 2053 2967 fateor.
2128 2916 2391 2966 Consului
2436 2915 2575 2967 alios
2618 2916 2765 2967 viros

1677 2984 1897 3048 doctos,
1958 2985 2050 3051 qui
2107 2986 2296 3036 itidem
2357 2990 2547 3037 tantae
2609 2986 2767 3037 molis

1679 3054 2025 3118 smaragdum
2045 3056 2280 3106 inveniri
2298 3070 2461 3120 posse
2477 3060 2765 3120 negarunt,

1679 3123 2145 3188 splendescentem
2172 3131 2472 3190 praeterea,
2511 3140 2631 3176 cum
2658 3140 2764 3190 quo

1680 3194 1852 3242 maior
1887 3198 1943 3243 et
1978 3194 2226 3258 amplior,
2266 3211 2331 3244 eo
2368 3194 2544 3244 minus
2567 3194 2766 3243 clarior

1682 3267 1737 3312 et
1771 3262 2004 3313 lucidior
2038 3261 2146 3313 iste
2182 3264 2255 3312 sit
2294 3263 2456 3328 lapis..
2528 3264 2612 3313 De
2647 3279 2765 3328 spe-

1681 3332 1765 3381 cie
1803 3332 2036 3395 quadam
2072 3334 2188 3382 eius
2222 3331 2444 3397 lapidis,
2485 3347 2639 3396 quem
2666 3348 2768 3382 nos

1680 3401 1956 3463 Feldepam
1976 3417 2253 3465 vocamus,
2275 3401 2615 3465 cogitaverat
2635 3403 2769 3452 Zoe-

1680 3484 1752 3533 ga
1790 3469 1857 3519 de
1892 3470 2163 3521 Obeliscc.
2202 3488 2256 3536 p.
2304 3472 2419 3521 142.
2479 3468 2591 3520 Alii
2627 3486 2768 3520 sma-

1680 3538 1906 3603 ragdum
1954 3545 2114 3590 noete
2166 3538 2411 3590 illuxisse
2446 3544 2642 3605 putant
2676 3540 2769 3590 ad-

1677 3607 1854 3657 hibita
1896 3607 2119 3659 lucerna
2158 3625 2203 3661 s.
2241 3608 2446 3660 lumine
2487 3610 2633 3659 intus
2670 3625 2768 3673 po-

1679 3677 1816 3738 sito;
1867 3678 1939 3728 cf.
1975 3679 2041 3730 L.
2090 3679 2252 3729 Bossi
2293 3678 2486 3730 Gesch.
2539 3695 2595 3729 v.
2632 3679 2769 3744 Spa-

1678 3746 1806 3796 nien
1840 3747 1886 3797 1.
1923 3763 1978 3812 p.
2018 3747 2138 3798 169.
2178 3749 2396 3799 Movers
2431 3747 2466 3797 l.
2509 3748 2545 3800 l.
2582 3764 2634 3811 p.
2662 3749 2764 3799 401

1677 3831 1823 3881 seq.,
1883 3817 1977 3881 qui
2025 3816 2090 3866 de
2141 3819 2268 3883 igne
2316 3819 2525 3882 cogitat
2569 3819 2627 3867 in
2670 3833 2768 3868 ara

1678 3901 1886 3950 semper
1918 3887 2143 3937 incenso
2169 3886 2579 3952 columnamque
2611 3888 2767 3938 iuxta

1677 3956 1911 4019 positam
1946 3954 2235 4021 splendore
2264 3971 2362 4006 suo
2397 3956 2660 4022 implente
2687 3957 2769 4006 in-

1676 4023 1851 4089 deque
1892 4025 2383 4090 resplendescente.
2467 4025 2568 4076 Cui
2615 4026 2767 4078 oblo—

1677 4096 1861 4158 quitur
1904 4095 2080 4145 Raoul
2119 4094 2384 4147 Rocbette
2428 4095 2466 4146 1.
2516 4095 2554 4145 l.
2606 4112 2659 4161 p.
2696 4095 2766 4145 49

1678 4177 1794 4227 seq.
1820 4163 1907 4225 83,
1946 4165 2039 4229 qui
2063 4163 2134 4213 ad
2152 4165 2412 4214 Larcheri
2435 4166 2761 4215 sententiam

1678 4232 1937 4282 accedere
1985 4232 2195 4283 mavult
2251 4237 2417 4299 atque
2468 4234 2611 4283 inter
2657 4233 2766 4283 alia

1676 4300 1978 4350 Lucianum
2006 4301 2161 4351 affert
2195 4303 2280 4351 De
2318 4301 2441 4352 Dea
2458 4302 2583 4367 Syr.
2621 4306 2672 4365 ξ.
2698 4301 2766 4352 32

1676 4367 1985 4435 loquentem
2022 4370 2090 4421 de
2126 4370 2320 4436 Syriae
2365 4369 2498 4421 deae
2546 4370 2768 4421 simula-
