3109 5092
1100 399 1353 460 CLIO.
1401 402 1451 459 Ι.
1495 409 1614 463 128.
1664 408 1783 462 129.
1833 408 1952 463 130.
2540 398 2662 458 267

389 606 452 646 τι
486 586 589 663 εἴη
620 570 659 663 ἦ
690 577 954 644 ἐκείνου
982 574 1361 662 δουλοσύνη
1393 570 1542 642 ἀντὶ
1571 580 1687 663 τῆς
1713 582 2080 664 βασιληΐης.
2136 572 2173 645 ὁ
2206 579 2286 646 δέ
2308 606 2425 666 μιν
2453 600 2659 663 προσ-

391 677 561 766 ιδῴν
602 675 982 765 ἀντείρετο,
1040 682 1104 745 εί
1142 681 1399 746 ἑωυτοῦ
1440 682 1733 746 ποιέεται
1759 676 1834 746 τὸ
1862 678 2100 767 Κύρου
2129 687 2350 768 ἔργον.
2404 676 2659 768 ’Ἁρπα-

390 811 504 871 γος
531 781 607 851 δὲ
634 788 766 868 ἔφη
786 832 804 862 ,
851 776 1050 860 αὐτὸς
1091 777 1219 869 γὰρ
1248 780 1500 869 γράψαι
1520 832 1537 865 ,
1582 779 1658 849 τὸ
1689 786 1958 870 πρῆγμα
1988 781 2072 870 δὴ
2104 785 2361 851 ἑωυτοῦ
2386 788 2661 863 δικαίως

393 887 586 956 εἶναι.
648 881 1013 971 Ἀστυάγης
1054 886 1135 952 δέ
1166 911 1285 971 μιν
1322 880 1658 971 ἀπέφαινε
1697 889 1792 975 τῷ
1822 884 1998 977 λόγῳ
2027 884 2422 955 σκαιότατόν
2448 913 2519 953 τε
2548 888 2659 954 καὶ

391 986 807 1059 ἀδικώτατον
859 985 1054 1055 ἐόντα
1096 984 1368 1055 πάντων
1412 982 1834 1074 ἀνθρώπων
1891 988 2287 1057 σκαιότατον
2312 991 2437 1077 μέν
2463 1015 2571 1074 γε,
2602 996 2663 1058 εί

394 1087 647 1180 παρεὸν
684 1086 868 1181 αὐτῷ
902 1092 1179 1175 βασιλέα
1219 1091 1578 1175 γενέσθαι,
1621 1096 1684 1158 εί
1725 1086 1808 1177 δὴ
1850 1087 1930 1158 δι’
1964 1094 2222 1160 ἑωυτοῦ
2250 1119 2323 1177 γε
2354 1094 2659 1180 ἐπρήχθη

395 1193 474 1263 τὰ
500 1192 866 1280 παρεόντα,
909 1188 1089 1283 ἄλλω
1121 1194 1484 1279 περιέθηκε
1520 1191 1594 1261 τὸ
1622 1190 1894 1281 nocivos·
1950 1191 2367 1264 ἀδικώτατον
2412 1195 2522 1278 δὲ,
2561 1190 2663 1263 ὅτι

395 1304 514 1366 τοῦ
559 1302 844 1365 δείπνου
890 1299 1151 1363 εἵνεκεν
1196 1294 1484 1383 Μήδους
1542 1295 2024 1366 κατεδούλωσε.
2110 1304 2174 1366 εί
2210 1295 2339 1385 γὰρ
2384 1295 2467 1387 δὴ
2516 1302 2665 1367 δεῖν

396 1399 658 1479 πάντως
712 1408 1094 1487 περιθεῖναι
1146 1393 1327 1490 ἄλλῳ
1368 1399 1495 1490 τέω
1538 1395 1662 1487 τὴν
1709 1405 2107 1489 βασιληΐην,
2158 1401 2268 1467 καὶ
2310 1398 2401 1488 μὴ
2456 1395 2664 1470 αὐτόν

395 1510 607 1590 ἔχειν,
653 1499 1069 1589 δικαιότερον
1099 1498 1271 1569 εἶναι
1299 1498 1569 1588 Μήδων
1592 1504 1720 1593 τέῳ
1750 1510 2141 1589 περιβαλεῖν
2165 1508 2364 1572 τοῦτο
2392 1501 2468 1572 τὸ
2497 1500 2660 1588 ἄγα-

394 1603 530 1675 θόν
571 1599 981 1692 ἢΠερσέων.
1056 1607 1188 1672 νῦν
1230 1603 1302 1672 δὲ
1334 1601 1620 1691 Μήδους
1645 1603 1804 1692 μὲν,
1850 1602 2190 1685 ἀναιτίους
2231 1605 2473 1674 τούτου
2513 1604 2660 1674 ἐόν-

394 1735 544 1793 τας,
586 1706 875 1786 δούλους
915 1704 1064 1775 ἆντὶ
1093 1709 1475 1776 δεσποτέων
1500 1708 1853 1793 γεγονέναι
1875 1727 1890 1741 ·
1946 1711 2209 1796 Πέρσας
2237 1708 2313 1777 δὲ
2331 1759 2349 1793 ,
2379 1706 2664 1787 δούλους

397 1810 624 1890 ἐόντας
650 1807 723 1879 τὸ
756 1810 917 1899 πρὶν
947 1806 1245 1897 Μήδων,
1276 1813 1407 1877 νῦν
1435 1812 1787 1895 γεγονέναι
1817 1811 2161 1890 δεσπότας.

545 1909 909 1999 Ἀστυάγης
947 1915 1072 1999 μέν
1115 1939 1275 1994 νυν,
1316 1911 1721 1998 βασιλεύσας
1761 1908 1857 1982 ἐπ’
1892 1920 2041 1983 ἔτεα
2086 1903 2282 1982 πέντε
2321 1913 2433 1980 καὶ
2474 1909 2657 2000 τριή-
2682 1923 2800 1984 130

395 2044 631 2099 κοντα,
671 2011 846 2084 οὕτω
885 2019 1001 2102 τῆς
1040 2021 1393 2102 βασιληΐης
1419 2013 1850 2104 κατεπαύθη·
1906 2021 2136 2105 Μῆδοι
2178 2014 2253 2083 δὲ
2301 2009 2662 2094 ὑπέκυψαν

396 2122 694 2207 Πέρσῃσι
736 2115 849 2187 διὰ
875 2115 1000 2205 τὴν
1029 2116 1269 2187 τούτου
1297 2116 1696 2206 πικρότητα,
1739 2116 2055 2207 ἄρξαντες
2093 2123 2209 2208 τῆς
2249 2114 2391 2187 ἅνω
2420 2113 2662 2198 ’Ἅλυος

396 2226 697 2309 ποταμοῦ
731 2218 951 2308 Ἀσίης
995 2216 1090 2289 ἐπ’
1132 2225 1282 2289 ἔτεα
1323 2221 1681 2310 τριήκοντα
1721 2225 1832 2292 καὶ
1893 2218 2129 2292 ἑκατὸν
2170 2226 2361 2290 δυεὸν
2404 2223 2662 2307 δέοντα,

476 2414 530 2469 εἰ
573 2411 790 2501 παρεὸν
846 2411 1004 2488 αὐτῷ
1048 2417 1277 2485 βασιλέα
1325 2421 1476 2487 γενέ-

1580 2420 1636 2473 εί
1667 2417 1773 2489 γὰρ
1819 2417 1893 2489 δὴ
1933 2420 2069 2474 δέον
2103 2427 2185 2475 ita
2230 2425 2371 2475 tucri
2406 2424 2554 2486 vult,
2602 2429 2663 2474 ut

398 2488 563 2552 σθαι,
613 2486 669 2538 εἰ
700 2482 771 2553 δὴ
815 2504 865 2539 κ.
911 2505 959 2541 τ.
997 2488 1074 2556 λ.]
1133 2491 1369 2542 Primum
1406 2488 1475 2555 εἰ,

1580 2493 1897 2558 suppleatur
1934 2483 2026 2574 ἦν.
2065 2525 2135 2534 —
2184 2494 2249 2545 In
2285 2494 2392 2544 fine
2430 2509 2551 2560 cap.
2592 2493 2663 2544 ad

397 2550 466 2609 ad
502 2558 647 2623 quod
685 2560 923 2624 pertinet
965 2557 1303 2623 περιέθηκε,
1353 2578 1477 2612 cau-

397 2644 512 2678 sam
566 2628 657 2677 hic
695 2629 927 2706 reddit,
992 2626 1477 2695 explicandumque

397 2698 506 2747 fere
573 2702 633 2746 ut
689 2713 778 2748 οτι
846 2696 1013 2762 (quod
1077 2698 1254 2762 ipsum
1314 2701 1477 2765 paulo

394 2771 519 2831 post
549 2765 789 2830 legitur),
825 2771 1047 2817 auctore
1079 2767 1383 2820 Matthiaco
1421 2771 1478 2818 in

395 2837 633 2887 Gramm.
670 2837 760 2888 Gr.
802 2840 854 2898 §-
901 2836 1023 2886 617.
1060 2852 1112 2899 p.
1154 2836 1304 2889 1252.
1386 2838 1480 2889 Al-

395 2909 572 2955 terum
609 2901 665 2954 εί
694 2898 862 2970 δὴ-
897 2919 958 2969 γε
987 2911 1097 2954 cst:
1134 2908 1183 2956 si
1212 2909 1475 2971 quideme.

361 2969 806 3039 ’quandoquidem
852 3005 922 3014 -—
977 2974 1334 3037 περιτιθέναι
1390 2977 1478 3027 hic

396 3042 713 3107 simpliciter
749 3049 854 3093 ost.
912 3044 1153 3108 tribuere,
1196 3048 1476 3108 pemittere,

397 3117 456 3162 ut
487 3113 633 3194 infra
658 3112 773 3176 111,
806 3113 893 3163 81.
935 3113 1034 3163 142
1071 3119 1126 3163 et
1160 3115 1305 3179 apud
1340 3115 1476 3166 alios

542 3186 709 3232 tores.

464 3198 655 3315 ⁸?de
690 3243 763 3312 δὴ
799 3248 924 3299 δεῖν
959 3243 1187 3308 πάντως
1219 3251 1473 3314 περιθεῖ-

394 3335 490 3369 ναι
525 3335 577 3369 κ.
615 3335 662 3368 τ.
700 3318 775 3386 λ.]
831 3322 878 3370 E
916 3320 1193 3371 Sancrofti
1227 3319 1368 3371 libro
1408 3337 1474 3371 ac

392 3391 597 3441 Pal-iss.
646 3389 805 3441 codd.
852 3389 1018 3439 malui
1064 3390 1304 3453 recipere
1349 3388 1475 3439 δεῖν

394 3476 513 3509 cum
560 3462 791 3509 recenti.
837 3457 959 3510 odd.
1006 3473 1104 3522 pro
1149 3457 1277 3508 olim
1323 3458 1470 3524 vulg.

392 3524 553 3588 δέον,
615 3526 759 3591 quod
805 3543 901 3591 pcr
956 3526 1218 3577 orationis
1279 3543 1475 3578 anaco-

390 3596 617 3646 luthiam
653 3597 924 3660 quandam
960 3596 1230 3659 explicare
1266 3597 1475 3648 studuit

390 3664 657 3715 Matthiae
696 3666 789 3716 Gr.
816 3665 909 3716 Gr.
950 3669 1001 3728 §-
1030 3663 1150 3715 556.
1192 3670 1307 3716 not.
1346 3668 1379 3716 2
1417 3671 1473 3716 et

391 3733 626 3784 Miscell.
675 3733 1098 3799 philologg.11‚
1149 3736 1201 3784 2.
1256 3751 1310 3798 p.
1352 3734 1471 3796 117,

392 3803 615 3860 docens,
655 3808 783 3868 post
819 3797 873 3852 εἰ
900 3808 1080 3854 mento
1114 3802 1473 3885 supplendum

394 3887 541 3923 essct
597 3866 744 3936 ἄλλῳ
781 3869 1090 3936 περιέθηκε
1136 3868 1200 3922 τὸ
1247 3864 1472 3936 κράτος,

392 3945 448 3991 ct
500 3938 633 3990 δέον
689 3942 813 3992 inde
867 3942 1280 4006 intorpretatur.
1354 3946 1473 4006 σιτία

391 4012 729 4072 oportuisset,-
773 4011 854 4060 ita
887 4016 949 4060 ut
983 4010 1144 4075 plane
1176 4009 1364 4062 cadom
1400 4011 1473 4060 sit

394 4082 666 4129 structura
706 4080 969 4130 orationis
1006 4084 1169 4143 atque
1189 4080 1389 4160 priori
1414 4081 1472 4129 in

389 4152 572 4212 parte,
625 4148 719 4198 ubi
769 4153 880 4199 cst.
941 4144 997 4198 εί
1035 4143 1252 4210 παρεὸν
1317 4138 1474 4214 αὐτῷ

389 4212 617 4282 βασιλέα
659 4232 710 4265 κ.
749 4232 797 4267 τ.
836 4216 883 4266 λ.
954 4216 1092 4270 Add.
1131 4216 1365 4268 Werfcr.
1415 4217 1472 4266 in

389 4284 538 4335 Aott.
587 4283 739 4348 phill.
777 4287 1025 4348 Monacc.
1075 4287 1125 4337 1.
1168 4303 1222 4351 p.
1264 4286 1364 4337 112
1416 4290 1473 4336 ct

393 4354 538 4405 conf.
586 4352 823 4406 Geislcr.
879 4356 961 4405 De
999 4355 1224 4406 Gracco.
1270 4371 1471 4406 nomm.

389 4421 587 4476 absoll.
616 4439 671 4490 p.
701 4425 789 4476 55.
823 4424 1167 4476 Kaerchcrus
1189 4423 1473 4492 vulgatam

1581 2580 1768 2614 vocem
1804 2557 2088 2621 δεσπότας
2121 2564 2278 2626 cf.1,
2323 2563 2441 2613 111.

1923 2768 2056 2818 cAr.
2097 2767 2311 2818 CXXX.

1652 2894 1926 2968 ἄρξαντες
1959 2902 2062 2966 τῆς
2096 2895 2219 2954 ἄνω
2255 2891 2450 2963 ’Ἅλυος
2485 2918 2659 2954 ποτα-

1579 2971 1691 3039 μοῦ
1734 2969 1915 3036 Ἀσίης
1948 2968 2032 3024 ἐπ’
2068 2968 2193 3024 ἔτεα
2225 2968 2529 3040 τριήκοντα
2564 2970 2662 3024 καὶ

1579 3036 1784 3096 ἑκατὸν
1827 3041 1899 3091 δι
1888 3060 1984 3094 ων
2022 3042 2226 3093 δέοντα
2270 3059 2321 3094 κ.
2357 3060 2404 3094 τ.
2443 3044 2638 3111 λ.Αι-]

1581 3120 1892 3180 gumentum
1919 3114 2079 3164 huius
2113 3114 2221 3163 loci
2253 3115 2523 3178 copiosius
2550 3119 2661 3164 tra-

1579 3184 1847 3234 ctavimus
1895 3184 1964 3234 ad
2010 3183 2225 3234 etesiae
2264 3184 2569 3248 fragmenta
2602 3200 2657 3248 p.

1578 3253 1683 3304 4:39
1709 3268 1860 3316 seqq.
1877 3289 1891 3314 ,
1922 3268 2062 3317 quac
2084 3252 2325 3303 nonnihil
2352 3255 2659 3316 emendata,

1579 3326 1910 3382 retractata,
1950 3327 2145 3385 aucta,
2191 3322 2247 3371 in
2284 3324 2533 3372 Excursu
2569 3322 2663 3372 ad-

1579 3390 1814 3441 iicienda
1879 3392 2206 3441 curavimus.
2290 3391 2374 3440 Dc
2429 3391 2662 3442 formula

1579 3458 1738 3509 δυῶν
1776 3458 2000 3522 (rectius
2038 3475 2197 3538 qpam
2239 3455 2417 3536 δυῷν)
2456 3457 2661 3507 δέοντα

1580 3529 1727 3579 conf.
1758 3529 1805 3589 1,
1834 3527 1899 3578 14
1925 3527 2019 3577 fin.
2056 3544 2091 3591 η
2119 3542 2237 3576 ανω
2259 3515 2453 3582 ’Ἅλυος
2483 3540 2657 3575 ποτα-

1578 3595 1692 3660 μοῦ
1722 3565 1869 3657 Ἀσίη
1909 3611 2050 3659 quae
2085 3597 2158 3645 sit
2186 3595 2350 3644 Asiae
2383 3610 2538 3659 pars,
2574 3612 2659 3646 sa—

1574 3667 1647 3717 tis
1682 3670 1815 3729 puto
1860 3664 2097 3728 intelligi
2133 3680 2198 3713 ex
2235 3663 2330 3723 iis,
2377 3680 2517 3728 quac
2553 3665 2658 3716 dis·
2680 3702 2693 3714 .
2718 3691 2747 3710 ..¹

1574 3735 1885 3801 putavimus
1936 3733 2007 3783 ad
2043 3734 2100 3795 Ι,
2149 3735 2233 3783 72.
2308 3733 2478 3784 Paulo
2529 3739 2655 3785 ante

1576 3820 1697 3854 cum
1740 3801 2010 3853 Bredovio
2050 3819 2104 3881 p.
2143 3803 2247 3854 344
2282 3807 2339 3851 ct
2373 3803 2656 3854 Dindorfio

1573 3872 1829 3924 revocavi
1849 3865 2209 3935 κατεπαύθη,
2233 3871 2378 3936 quod
2397 3876 2657 3937 tanquam

1575 3942 1823 3992 Ionicum
1860 3955 1926 3990 ex
1949 3941 2053 3992 hoc
2077 3942 2198 3992 loco
2222 3942 2475 4006 probavit
2502 3944 2658 3992 Butt-

1576 4026 1739 4061 mann
1785 4010 1878 4060 Gr.
1930 4012 2024 4062 Gr.
2079 4012 2127 4062 Ι.
2182 4026 2236 4074 p.
2275 4011 2396 4061 448.
2480 4011 2657 4074 Vulgo

1574 4071 1978 4143 κατεπαύσθη,
2050 4079 2193 4145 quod
2250 4079 2477 4130 Diotsch
2532 4081 2660 4130 reti-

1573 4151 1713 4199 nuit.
1764 4149 1849 4199 Cf.
1875 4149 2020 4198 infra
2054 4149 2149 4211 IV,
2179 4148 2265 4198 71.
2313 4149 2398 4200 Ad
2432 4150 2656 4199 verbum

1571 4210 1878 4281 ὑπέκυψαν
1920 4218 1995 4269 cf.
2040 4219 2144 4280 VI,
2182 4218 2249 4268 25
2294 4218 2479 4283 ibique
2513 4221 2656 4268 nott.

1576 4287 1832 4338 Ordinem
1865 4287 2142 4337 insolitum
2179 4302 2373 4338 vocum
2412 4302 2655 4336 numera-

1572 4356 1705 4405 lium
1746 4348 2083 4422 (τριήκοντα
2126 4350 2222 4403 καὶ
2260 4345 2492 4421 ἑκατὸν)
2530 4358 2657 4407 Bre-

1573 4424 1700 4476 dov.
1737 4440 1792 4492 p.
1830 4425 1934 4475 280
1969 4423 2204 4474 notavit.
