3109 5092
1264 369 1512 431 OLIO.
1561 371 1611 430 Ι.
1658 381 1781 434 111.
2144 429 2149 434 .
2539 371 2661 433 243

383 552 536 625 λον,
577 542 742 631 μήτε
786 540 937 610 κοτὲ
974 544 1296 628 γενέσθαι
1349 546 1415 622 ἐς
1459 544 1783 623 δεσπότας
1831 541 1988 622 τούς
2033 538 2415 633 ἡμετέρους.
2480 543 2661 626 οἶκος

383 645 509 734 μὲν
544 650 670 724 πᾶς
696 641 1036 730 Ἁρπάγου
1074 651 1407 739 κλαυθμῷ
1448 655 1818 733 κατείχετο·
1876 644 2008 733 ἐγώ
2046 648 2119 716 δὲ
2167 649 2518 733 ἐκπλαγεὶς
2546 646 2661 736 ἤϊα

384 755 535 817 ἔσω.
617 743 706 827 ὥς
761 748 834 816 δὲ
896 747 1170 835 τάχιστα
1237 745 1565 836 ἐσῆλθον,
1631 745 1800 838 ὁρέω
1857 756 2131 819 παιδίον
2193 757 2657 838 προκείμενον,

382 848 715 938 ἀσπαῖρόν
747 877 819 918 τε
854 853 965 919 καὶ
1000 851 1586 940 κραυγανόμενον,
1635 856 2133 941 κεκοσμημένον
2174 859 2403 946 χρυσῷ
2436 880 2508 921 τε
2547 856 2658 923 καὶ

384 957 618 1042 ἐσθῆτι
672 962 962 1041 ποικίλῃ.
1030 950 1368 1042 ’Ἅρπαγος
1413 955 1488 1025 δὲ
1536 952 1624 1034 ὥς
1665 955 1809 1024 εἶδέ
1841 982 1957 1044 με,
2005 959 2274 1025 ἐκέλευε
2312 956 2439 1044 τὴν
2470 967 2654 1045 ταχί-

382 1079 548 1144 στην
588 1053 1014 1143 ἀναλαβόντα
1056 1055 1132 1126 τὸ
1186 1064 1497 1143 παιδίον,
1556 1068 1861 1145 οἴχεσθαι
1908 1061 2202 1147 φέροντα
2252 1061 2363 1127 καὶ
2406 1071 2657 1144 θεῖναι,

386 1165 558 1229 ἔνθα
602 1162 1151 1248 θηριωδέστατον
1201 1171 1304 1249 εἴη
1358 1167 1497 1232 τῶν
1546 1158 1838 1249 οὐρέων,
1900 1159 2031 1249 φὰς
2076 1158 2441 1249 Ἀστυάγεα
2483 1162 2657 1233 εἶναι

382 1263 501 1331 τὸν
555 1268 766 1332 ταῦτα
820 1263 1226 1352 ἐπιθέμενόν
1281 1292 1427 1352 μοι,
1499 1262 1712 1335 πολλὰ
1766 1260 2163 1354 ἀπειλήσας,
2218 1271 2282 1335 εἰ
2320 1264 2420 1355 μή
2481 1286 2658 1355 σφεα

383 1364 748 1455 ποιήσαιμι.
804 1367 915 1434 καὶ
962 1364 1094 1452 ἐγώ
1131 1363 1494 1455 ἄναλαβῶν
1529 1374 1810 1456 ἔφερον,
1869 1370 2129 1438 δοκέων
2170 1374 2310 1438 τῶν
2341 1397 2522 1449 τινος
2553 1376 2652 1439 οἰ-

383 1471 635 1538 κετέων
666 1468 873 1538 εἶναι·
920 1466 1004 1537 οὐ
1037 1468 1168 1560 γὰρ
1214 1468 1301 1541 ἅν
1336 1497 1490 1540 κοτε
1525 1473 1881 1554 κατέδοξα,
1929 1477 2137 1540 ἔνθεν
2169 1499 2245 1557 γε
2277 1463 2381 1560 ἦν.
2438 1472 2650 1562 ἐθάμ-

382 1579 544 1661 βεον
584 1571 659 1642 δὲ
705 1566 923 1661 ὁρέων
960 1578 1189 1666 χρυσῷ
1229 1601 1303 1642 τε
1353 1574 1465 1642 καὶ
1522 1579 1742 1662 εἵμασι
1784 1576 2315 1678 κεκορμημένον,
2370 1574 2537 1663 πρὸς
2580 1577 2656 1647 δὲ

382 1676 495 1744 καὶ
544 1673 903 1764 κλαυθμὸν
951 1682 1361 1746 κατεστεῶτα
1405 1679 1705 1765 ἐμφανέα
1750 1679 1824 1746 ἐν
1860 1672 2221 1764 Ἁρπάγου.
2288 1679 2400 1745 καὶ
2439 1677 2657 1766 πρόκα

452 1829 507 1895 ἐς
543 1833 824 1898 δεσπότας
870 1832 1005 1898 τοὺς
1052 1831 1378 1909 ἡμετέρους]
1417 1832 1473 1899 ές

382 1907 437 1957 1ι.
470 1907 508 1958 l.
546 1913 654 1958 est:
702 1910 838 1975 quod
870 1911 1049 1960 attinet
1090 1912 1177 1965 ad
1245 1912 1471 1977 Scripsi-

382 1992 501 2026 mus
545 1993 668 2028 eum
716 1979 888 2030 Gaisf.
940 1994 1004 2029 ae
1057 1981 1361 2044 potioribus
1409 1980 1470 2030 li-

381 2046 494 2095 bris
542 2041 851 2109 δεσπότας,
900 2053 962 2098 ut
1008 2048 1138 2098 item
1187 2050 1386 2115 legitur
1421 2050 1468 2112 Ι,

385 2116 484 2165 122
558 2121 611 2165 et
677 2117 779 2167 129
837 2117 926 2167 fin.

383 2197 537 2248 τεας,
602 2199 764 2249 quam
818 2188 1044 2237 formam
1096 2188 1152 2237 in
1188 2189 1468 2238 Herodoto

383 2252 659 2303 ferendam
704 2271 810 2305 non
856 2271 977 2306 esse
1027 2256 1186 2307 docet
1231 2257 1465 2308 Bredov.

476 2324 598 2374 224.

382 2337 436 2385 p
450 2390 872 2455 κεκοσμημένον
883 2405 1071 2458 χρυσω
1096 2407 1156 2442 τε
1173 2388 1272 2442 καὶ
1296 2384 1466 2458 ἐσθῆ-

381 2474 432 2508 τι
469 2457 724 2541 ποικίλῃ]
761 2461 966 2512 Eodem
998 2467 1159 2525 pacto
1197 2463 1358 2526 paulo
1389 2462 1468 2511 in-

382 2530 493 2588 fra:
534 2519 714 2593 ὁρέων
745 2527 934 2597 χρυσοῖ
965 2545 1021 2580 τε
1049 2526 1146 2580 καὶ
1167 2529 1352 2595 εἵμασι
1376 2546 1465 2580 κε-

380 2612 602 2662 κοσμημ
606 2595 763 2661 ε’,νον
799 2581 944 2664 quo‘d
982 2600 1255 2664 explicant
1290 2616 1353 2651 eo
1386 2600 1463 2650 di-

382 2668 536 2718 cendi
610 2683 785 2730 enere,
808 2669 951 2733 quod
987 2669 1150 2732 vulgo
1188 2668 1466 2734 appellant

381 2751 443 2786 εν
455 2683 635 2785 &mg
639 2738 750 2797 οἷν,
771 2742 832 2786 ut
852 2737 1018 2787 fuerit
1039 2739 1294 2803 puerulus
1310 2753 1466 2788 orna-

380 2809 471 2855 tus
489 2811 683 2855 aurata
707 2821 771 2855 ae
793 2807 960 2856 variis
980 2807 1252 2863 coloribus
1274 2806 1464 2856 distin-

382 2879 472 2924 cta
491 2878 663 2924 veste.
693 2875 899 2925 Eadem
918 2875 1123 2927 locutio
1152 2880 1334 2926 exstat
1356 2875 1462 2937 ΙΙΙ,

385 2942 433 2992 l.
441 2958 700 3018 ‚quaeum
713 2944 859 2993 cons.
874 2944 1152 2995 Plutarch.
1177 2946 1460 2996 Artaxerx.

390 2980 470 3061 15’.
487 3003 1305 3077 -Ρι-οκραυγανόμενον,
1320 3013 1464 3079 quod

379 3081 622 3143 proxime
683 3082 982 3143 antecedit,
1054 3082 1463 3133 Schellershem.

380 3146 520 3199 liber
570 3149 817 3227 aliusque
864 3151 1150 3202 Parisinus
1202 3153 1464 3216 praebent

379 3211 906 3298 κραυγανόμενον,
943 3218 1081 3270 alius
1124 3220 1261 3271 liher
1294 3235 1464 3284 κραυ-

379 3281 739 3351 γανόμενον.
822 3288 981 3340 Unde
1043 3289 1319 3340 Lobeekio
1394 3289 1464 3340 ad

377 3355 668 3421 Phrynich.
709 3371 836 3439 pag.
859 3357 961 3409 337
995 3357 1280 3420 legendum
1318 3360 1465 3409 vide-

377 3429 468 3475 tur
524 3440 987 3490 κραγγανομενον
1037 3427 1093 3488 (a
1147 3420 1462 3492 κραγγοὶνω,

378 3498 439 3543 ut
487 3491 832 3559 κλαγγάνω);
883 3496 976 3560 qui
1013 3496 1154 3545 idem
1211 3512 1331 3546 eum
1389 3496 1468 3545 di-

377 3564 456 3613 cit
498 3562 898 3613 Blomfieldium
947 3563 1014 3613 ad
1062 3564 1257 3615 Aesch.
1307 3566 1461 3615 Pers.

378 3648 433 3695 p.
507 3630 608 3682 189
671 3631 942 3695 praeferre
1010 3648 1245 3696 κραυγα
1266 3625 1464 3696 ινόμε-

379 3713 507 3760 νον,
549 3700 792 3764 equidem
828 3701 884 3749 in
920 3716 1040 3750 mea
1076 3702 1314 3752 editione
1352 3701 1464 3765 (Li-

377 3767 605 3833 psiensi)
649 3767 784 3817 nihil
836 3769 948 3819 tale
999 3771 1230 3835 reperire
1289 3771 1460 3836 potui.

378 3837 530 3886 Citst
566 3837 756 3901 utique
791 3842 1034 3888 nostrum
1071 3838 1248 3890 locum
1287 3839 1464 3889 Blom-

377 3904 519 3955 field.
561 3905 618 3954 in
655 3904 897 3956 Glossar.
936 3906 1006 3956 ad
1026 3907 1276 3972 Aeschyl.
1307 3909 1460 3959 Pers.

376 3987 460 4023 vs.
496 3972 617 4035 970,
663 3973 758 4024 ubi
794 3973 861 4024 de
898 3990 1034 4026 voce
1067 3967 1327 4039 ἀσπαίρω
1356 3974 1461 4041 (re-

377 4042 565 4102 luctor,
615 4044 839 4104 pulpito,
901 4043 968 4093 de
1013 4043 1313 4093 infantibus
1366 4061 1463 4109 po-

376 4109 670 4174 tissimum)
697 4111 833 4176 agit,
860 4111 957 4161 sed
986 4111 1063 4161 nil
1088 4117 1352 4162 mutatum
1379 4117 1464 4163 est

375 4178 434 4227 in
482 4176 719 4228 lectione
764 4171 1253 4243 κραυγανόμενον.
1289 4182 1465 4231 Lobe-

376 4245 502 4296 ckio
548 4247 848 4298 assentitur
894 4249 1128 4300 Bredov.
1176 4265 1228 4314 p.
1265 4251 1350 4312 44,
1387 4251 1464 4299 ἰιι-

376 4312 551 4391 deque
562 4315 754 4380 opinor
766 4318 971 4383 recepit
989 4332 1204 4395 quoque
1213 4318 1460 4368 Dietsch.

447 4372 592 4446 πρὸς
614 4375 679 4433 δὲ
707 4380 803 4434 καὶ
836 4376 1135 4450 κλαυθμὸν
1165 4384 1466 4436 κατεστεῶ-

1022 2117 1203 2183 Vulgo
1264 2088 1469 2168 δεσπό-

1571 1856 1641 1891 τα
1679 1835 1962 1920 ἐμφανέα]
1982 1844 2137 1892 Haec
2180 1843 2349 1892 verba
2391 1842 2462 1891 ad
2505 1846 2656 1892 ante-

1575 1911 1826 1960 cedentia
1849 1901 2194 1975 έθοὶμβεον’
2169 1906 2350 1972 ορὲων
2382 1912 2656 1992 pertinent

1570 1995 1747 2044 neque
1793 1994 1912 2029 eum
1967 1979 2263 2041 offendent,
2311 1980 2405 2044 qui
2455 1980 2656 2030 similia

1570 2048 1716 2114 apud
1753 2048 1891 2098 alios
1929 2063 2142 2113 quoque
2180 2049 2470 2114 scriptores
2505 2065 2656 2115 repe-

1570 2119 1666 2167 riri
1711 2117 2182 2180 animadverterit,
2236 2118 2291 2167 in
2335 2118 2532 2183 quibus
2577 2120 2656 2169 la-

1570 2189 1711 2238 tiore
1746 2203 1849 2237 usu
1896 2189 2118 2238 verbum
2168 2176 2312 2250 ὁρᾶν
2352 2187 2655 2239 adhibitum

1571 2256 1636 2307 de
1674 2257 1868 2321 quavis
1903 2256 2269 2322 perceptione,
2309 2272 2449 2321 quae
2485 2261 2654 2309 sensi-

1568 2327 1670 2376 bus
1706 2325 1785 2389 fit,
1822 2326 2024 2376 valeat.
2072 2325 2195 2376 Vid.
2233 2326 2489 2391 Aeschyl.
2523 2328 2653 2379 Pro-

1568 2394 1732 2446 meth.
1766 2397 1826 2446 21
1873 2399 1928 2445 et
1944 2394 2225 2446 Abreschii
2246 2395 2651 2447 Animadversa.

1566 2465 1612 2527 Ι,
1670 2464 1715 2514 1.
1763 2464 1834 2513 ad
1882 2464 1933 2515 h.
1982 2463 2020 2514 l.
2071 2462 2356 2529 (Apparat.
2395 2465 2650 2530 Aeschyl.

1565 2532 1686 2585 Vol.
1729 2533 1806 2584 11.
1845 2533 2194 2599 p.3).Sept.
2236 2549 2284 2583 c.
2335 2532 2507 2585 Theb.
2550 2534 2654 2586 100

1563 2594 1808 2663 (κτύπον
1846 2598 2135 2666 δέδορκα),
2166 2606 2221 2652 et
2256 2616 2395 2666 quae
2428 2601 2536 2651 alia
2571 2603 2653 2652 af-

1566 2671 1673 2721 fert
1704 2670 1925 2720 Brunck
1950 2671 2019 2720 ad
2042 2669 2295 2734 Sophool.
2332 2669 2524 2735 Oedip.
2552 2671 2654 2721 Co-

1565 2740 1677 2790 lon.
1718 2737 1837 2790 138.

1634 2803 1729 2856 καὶ
1765 2797 1956 2871 πρόκα
1989 2819 2046 2855 τε
2076 2798 2149 2870 δὴ
2186 2794 2310 2854 κατ’
2337 2795 2481 2856 ὁδὸν
2508 2820 2649 2855 πυν-

1565 2868 1846 2941 θάνομαι]
1895 2867 2083 2939 πρόκα
2128 2887 2185 2922 τε
2228 2874 2385 2925 abest
2430 2891 2465 2925 a
2515 2891 2653 2925 non-

1564 2944 1726 2995 nullis
1759 2944 1931 2995 libris.
1982 2943 2089 2995 Sed
2123 2942 2218 2994 alii
2255 2944 2519 3006 retinent,
2557 2945 2653 2994 ubi

1564 3005 1811 3078 πρόκατε
1847 3013 2179 3064 coniunctim
2212 3029 2324 3064 una
2356 3030 2491 3064 voce
2521 3015 2652 3063 seri-

1562 3083 1734 3144 bitur3
1756 3099 1895 3149 quae
1911 3082 2370 3160 scripturaplacet
2382 3083 2654 3148 Schweig-

1563 3153 1845 3216 haeusero,
1885 3168 2006 3202 cum
2042 3143 2231 3215 πρόκα
2265 3153 2491 3217 simplex
2512 3151 2652 3215 (sine

1565 3223 1644 3285 τε)
1679 3237 1791 3272 ιιοιι
1829 3225 2082 3272 occurrat
2120 3220 2262 3286 apud
2297 3222 2555 3272 Nostrum
2583 3237 2651 3272 ae

1566 3297 1848 3409 praetere?
1905 3295 2652 3422 ιῖοηειαηῒοιὶῖιριίιέἕοιὲειιῐιιίι·

1565 3375 1638 3409 κα
1736 3375 1797 3409 ar
1826 3375 1911 3409 icu
1938 3375 1971 3409 a
2022 3375 2058 3407 v
2114 3375 2143 3409 ο

1565 3429 1652 3480 65.
1698 3376 1822 3491 ξ35,
1875 3433 1937 3478 ut
1985 3428 2131 3493 apud
2178 3430 2329 3491 Hesy
2333 3427 2511 3476 chium
2548 3427 2650 3476 sub

1565 3497 1725 3547 litera
1762 3496 1817 3546 Κ
1858 3496 2098 3576 legatur:
2146 3492 2259 3545 Καὶ
2293 3444 2649 3558 προκατέδη,

1566 3558 1694 3615 ἀντὶ
1731 3560 1834 3613 τοῦ
1866 3579 2053 3627 αφνω.
2102 3564 2217 3613 Nec
2252 3562 2412 3613 aliter
2447 3563 2545 3612 alii
2578 3562 2652 3612 le-

1566 3632 1885 3698 xicographi
1921 3637 2198 3695 exponunt
2229 3622 2429 3693 εὐθὺς,
2469 3645 2651 3694 παρα-

1564 3699 1781 3767 χρῆμα,
1819 3692 2122 3764 ἐξαίφνης,
2163 3704 2360 3781 statim3
2399 3701 2648 3762 protinus,

1563 3771 1741 3820 subito.
1779 3799 1849 3808 —
1885 3768 1949 3818 In
1987 3783 2137 3833 seqq.
2163 3760 2484 3831 ’,Αστυαγεω
2507 3768 2651 3833 quod

1568 3855 1597 3890 e
1659 3838 1936 3889 Sancrosti
2003 3836 2141 3886 libro
2202 3837 2437 3902 aliisque
2500 3836 2651 3888 dedit

1566 3906 1927 3986 Gaisfordius,
1964 3904 2303 3956 retinuimus.
2362 3904 2542 3971 Vulgo
2572 3897 2649 3954 ’A-

1568 3967 1851 4039 στυοὶγεος,
1877 3975 2023 4040 quod
2045 3973 2289 4025 firmatur
2322 3976 2650 4025 auctoritate

1562 4043 1689 4094 libri
1705 4043 1958 4107 Medicei,
1980 4043 2503 4106 Schellershemiani,
2519 4042 2652 4094 alio-

1565 4129 1701 4175 rum,
1739 4113 1901 4178 idque
1945 4113 2172 4164 retinuit
2206 4113 2494 4164 Matthiae.
2548 4114 2651 4163 Re·

1566 4151 1734 4232 eent’t.
1773 4182 1896 4233 edd.
1923 4182 2189 4234 dederunt
2215 4174 2533 4246 Ἀστυάγεα),
2559 4180 2651 4230 ad-

1566 4256 1819 4322 versante
1852 4251 1981 4302 lieet
2031 4252 2262 4302 Bredov.
2298 4267 2350 4316 p.
2397 4250 2519 4310 231,
2558 4249 2651 4315 qui

1565 4334 1762 4437 ἲὲἶῖῑίἳ
1799 4285 2650 4438 &eiiiffsstlfinipaud‘issfflidiii?-

2102 4464 2229 4527 16*
