3109 5092
1254 355 1772 424 GLIO.1.166.

2527 369 2653 432 325

374 521 442 604 ἐς
466 523 592 612 τὴν
617 533 1087 614 Φωκαίην.οἳ
1111 528 1186 598 δὲ
1216 525 1444 600 αὐτῶν
1467 530 1543 604 τὸ
1573 562 1806 622 ορκιον
1832 532 2253 624 ἐφύλασσον,
2282 535 2648 629 ἀερθέντες

374 625 451 698 ἐκ
486 632 624 698 τῶν
656 633 1090 702 Οἰνουσσέων
1128 638 1390 704 ἔπλεον.
1455 632 1645 707 Ἐπεί
1677 666 1750 709 τε
1793 638 1939 709 δὲ’
1912 669 1980 721 ες
2018 639 2144 731 τὴν
2168 640 2449 732 Κύρνον
2484 643 2641 718 ἄπί-
2665 660 2783 722 166

372 759 607 820 κοντο,
647 742 872 804 οἴκεον
910 741 1106 826 κοινῇ
1146 735 1312 826 μετὰ
1352 744 1492 810 τῶν
1530 740 1864 831 πρότερον
1902 741 2336 833 ἀπικομένων
2362 744 2460 817 ευτ’
2491 755 2645 822 ἔτεα

373 835 613 924 πέντε,
664 840 778 908 καὶ
823 834 937 927 ίρα
979 835 1441 931 ἓνιδρυσαντο.
1528 847 1677 930 καὶ,
1730 838 1901 936 ἦγον
1943 877 2072 938 γαρ
2117 847 2202 938 δὴ
2245 851 2359 920 καὶ
2397 857 2647 944 ἔφερον

372 939 529 1021 τούς
566 949 951 1030 περιοίκους
993 937 1292 1025 ἅπαντας
1310 995 1329 1031 ,
1366 948 1843 1032 στρατεύονται
1884 978 1982 1021 ων
2021 948 2118 1022 ἐπ’
2149 948 2397 1033 αὐτοὺς
2443 962 2650 1050 κοινῷ

373 1043 548 1137 λόγῳ
584 1046 989 1137 χρησάμενοι
1038 1051 1376 1138 Τυρσηνοὶ
1418 1053 1533 1119 καὶ
1563 1051 2055 1142 Καρχηδόνιοι,
2099 1057 2302 1142 νηυσὶ
2346 1056 2648 1147 ἕκατεροι

373 1147 709 1237 εξήκοντα.
792 1154 864 1218 οἱ
901 1149 979 1219 δὲ
1019 1151 1361 1233 Φωκαιέες
1404 1155 1879 1244 πληρώσαντες
1922 1158 2033 1226 καὶ
2074 1153 2266 1227 αὐτοὶ
2304 1155 2387 1227 τὰ
2422 1169 2644 1247 πλοῖα,

373 1248 571 1320 ἐόντα
601 1247 898 1342 ἀριθμόν
937 1252 1286 1344 ἑξήκοντα,
1326 1253 1637 1345 ἠντίαζον
1682 1255 1749 1339 ἐς
1789 1256 1863 1329 τὸ
1888 1259 2278 1350 Σαρδόνιον
2323 1262 2642 1352 καλεόμε-

369 1382 496 1426 νον
522 1352 827 1444 πέλαγος.
874 1359 1393 1447 συμμισγόντων
1424 1361 1499 1431 δὲ
1527 1367 1608 1451 τῇ
1641 1371 2004 1453 ναυμαχίῃ,
2032 1369 2339 1454 Καδμείη
2364 1393 2466 1447 τις
2491 1373 2647 1456 νίκη

370 1557 455 1607 ria
489 1573 680 1608 vocem
711 1552 914 1609 ἔπλεον
946 1559 1157 1612 librarii
1196 1562 1459 1629 interpre-

372 1631 673 1679 tamentum
708 1644 830 1681 esse
860 1635 1039 1697 putat.

712 1801 1122 1855 Ου.01ιΧἮ.

438 1896 578 1987 μετὰ
616 1902 731 1955 τῶν
766 1895 1049 1987 πρότερον
1091 1896 1458 1970 ἀπικομένων

370 1965 468 2026 ἐπ’
498 1970 623 2025 ἔτεα
656 1972 845 2040 πέντε]
884 1966 983 2024 ἐπ’
1020 1970 1145 2025 ἔτεα
1171 1972 1335 2025 πέντε
1370 1976 1461 2029 hic

373 2049 485 2097 exst
524 2060 628 2108 per
661 2048 876 2111 quinque
918 2061 1094 2096 annos.
1165 2045 1256 2096 Sic
1298 2046 1459 2110 plane

371 2114 486 2176 III,
534 2114 621 2166 59.
675 2114 781 2178 VI,
833 2113 901 2164 98
943 2114 1066 2165 coll.
1109 2114 1228 2167 101.
1390 2116 1460 2168 In

374 2200 526 2251 seqq.
566 2183 634 2235 de
669 2183 900 2235 formula
930 2174 1092 2250 ἄγειν
1128 2180 1226 2234 καὶ
1262 2179 1458 2250 φέρειν

374 2255 653 2318 (diripere,
700 2252 977 2316 abducere)
1034 2254 1162 2324 vide
1205 2254 1276 2304 ad
1310 2256 1366 2336 Ι,
1389 2255 1459 2308 88

372 2328 513 2376 nott.
546 2324 793 2405 Scripsi
817 2322 1027 2375 duobus
1065 2319 1096 2374 e
1127 2323 1282 2374 libris
1312 2312 1457 2389 ἦγον

371 2395 498 2461 (pro
535 2383 705 2458 ανον)
755 2394 1090 2444 assentiente
1123 2393 1358 2445 Bredov.
1400 2410 1455 2460 p.

371 2463 503 2527 293,
555 2478 662 2529 quo
709 2463 897 2515 eodem
944 2468 1168 2515 auctore
1215 2463 1293 2528 (p.
1333 2463 1457 2544 295)

370 2550 499 2665 ιῗΙοιέ
534 2533 700 2585 etiam
725 2534 922 2600 scripsi
941 2524 1210 2598 ἠντίαζον
1236 2548 1353 2598 pro
1347 2549 1459 2583 αν-

370 2620 402 2654 τ
428 2620 466 2653 α
495 2618 582 2654 ον.

442 2669 623 2740 κοινῷ
654 2664 801 2740 λόγῳ
870 2673 908 2726 i.
946 2688 993 2724 e.
1033 2674 1268 2722 commoti
1299 2676 1462 2725 consi-

374 2748 470 2802 lio‚·
531 2758 672 2809 quae
723 2759 788 2794 ea
828 2759 910 2794 em
974 2741 1102 2793 hinc
1155 2741 1461 2793 Pausaniae

378 2814 633 2879 frequens
670 2817 755 2864 est
798 2812 1023 2864 locutio.
1095 2811 1264 2862 Plura
1301 2811 1463 2863 colle-

378 2883 459 2950 git
486 2881 736 2934 Siebelis.
770 2881 841 2932 ad
875 2881 922 2945 1,
961 2881 1047 2932 29.
1086 2879 1137 2942 5.
1175 2885 1225 2931 4.

446 2948 627 3014 κοινῷ
673 2944 819 3018 λόγῳ
853 2942 1200 3031 χρησάμενοι
1242 2949 1463 3015 Τυρση-

378 3017 469 3072 νοὶ
503 3016 597 3071 καὶ
628 3001 1017 3086 Καρχηδόνιοι
1053 3034 1105 3068 κ.
1133 3035 1180 3069 τ.
1214 3017 1288 3085 L]
1328 3020 1464 3086 Tyr·

378 3106 539 3142 senos
588 3091 705 3142 sive
749 3091 962 3142 Tuscos
1021 3092 1154 3140 tunc
1203 3090 1462 3155 temporis

377 3160 623 3226 inprimis
662 3159 838 3212 classe
882 3158 1123 3210 valuisse
1159 3162 1215 3209 et
1259 3158 1317 3208 in
1352 3158 1461 3211 isto

378 3231 519 3281 mari
579 3229 885 3282 dominatos
943 3243 1064 3279 esse
1126 3228 1234 3277 iam
1296 3243 1463 3294 supra

377 3300 562 3352 monui
596 3299 668 3350 ad
696 3300 742 3364 I,
771 3299 889 3351 163.
961 3295 1104 3348 Add.
1131 3297 1317 3347 Micali
1341 3299 1463 3349 Sto-

375 3371 459 3421 ria
499 3373 607 3420 etc.
646 3368 726 3420 11.
777 3384 830 3433 p.
868 3368 937 3419 54
977 3381 1131 3433 seqq.
1167 3364 1270 3417 336
1307 3382 1460 3433 seqq.

376 3438 536 3491 Unde
599 3453 709 3488 non
754 3439 946 3487 mirum
1001 3452 1095 3487 eos
1141 3436 1464 3487 coniunctos

376 3509 464 3560 hic
500 3507 724 3574 reperiri
753 3522 873 3557 cum
898 3506 1463 3571 Carthaginiensibus,

378 3594 473 3644 per
507 3576 736 3628 inferius
769 3577 912 3628 idem
938 3591 1088 3626 mare
1120 3574 1464 3626 dominantes

379 3664 479 3700 nec
508 3646 622 3699 ullo
659 3646 819 3698 modo
854 3645 1174 3711 alienigenis
1210 3646 1465 3710 gentibus

378 3717 545 3768 maris
569 3716 806 3767 fructum
826 3714 1176 3780 coloniasque
1199 3713 1468 3765 condendi

379 3787 724 3838 occasionem
783 3786 1175 3850 permittentes.

378 3860 576 3922 postea
611 3859 897 3920 utramque
936 3855 1211 3906 nationem
1250 3852 1466 3904 foedere

379 3927 621 3977 iunctam
679 3925 981 3975 invenimus
1046 3921 1191 3989 apud
1242 3922 1463 3974 Pindar.

293 4029 299 4034 -
379 3995 541 4060 Pyth.
571 3993 618 4058 1,
647 3992 748 4045 139
773 4009 923 4059 seqq.
988 3993 1104 4044 Nec
1126 4008 1254 4043 vero
1282 4008 1465 4043 omnes

380 4066 591 4116 Tuscos
641 4063 731 4115 hic
776 4063 1011 4128 intelligi
1063 4061 1183 4112 vult
1227 4061 1465 4113 Niebuh-

379 4134 493 4184 rius
554 4133 741 4200 (cuius
794 4132 977 4183 locum
1030 4131 1324 4196 adscripsit
1372 4132 1460 4183 Cr.

380 4205 537 4255 Rem.
564 4202 765 4254 Gesch.
789 4201 834 4252 1.
856 4218 909 4267 p.
938 4201 1037 4255 130
1058 4215 1173 4266 seq.
1198 4199 1283 4250 ed.
1306 4200 1463 4267 sem),

379 4289 566 4323 verum
593 4286 686 4323 eos
711 4276 943 4334 tantum,
975 4271 1069 4337 qui
1092 4268 1346 4335 Agyllam
1371 4270 1466 4322 ha·

378 4342 635 4404 bitarint,
679 4341 951 4403 Caerites,
1005 4354 1141 4405 quos
1178 4339 1344 4390 etiam
1381 4355 1465 4390 so-

378 4410 462 4461 los
505 4408 684 4463 scelus
727 4411 785 4462 in
834 4409 1069 4475 captivis
1120 4409 1465 4460 commissum

1270 3784 1489 3848 Itaque·

1560 1563 1730 1616 luisse
1775 1564 1920 1614 infra
1962 1562 2195 1630 legimus
2242 1565 2301 1629 1,
2338 1566 2460 1618 167.
2543 1568 2650 1619 Vix

1562 1635 1704 1684 enim
1739 1649 1839 1698 par
1866 1638 2012 1697 erat,
2048 1649 2143 1685 eos
2167 1650 2401 1699 poenam
2427 1636 2648 1689 sceleris

1562 1702 1721 1766 dare,
1757 1703 1830 1752 ad
1865 1718 2001 1769 qnos
2037 1703 2189 1754 istud
2216 1704 2394 1770 ipsum
2429 1707 2649 1757 minime

1559 1772 1909 1838 pertinuerit,
1942 1772 2036 1836 qui
2073 1772 2281 1822 nullam
2306 1773 2498 1839 culpae
2527 1791 2650 1840 par-

1558 1847 1666 1892 tem
1703 1843 1760 1890 in
1796 1856 1856 1891 se
1893 1840 2230 1892 admiserint.
2296 1843 2383 1893 De
2417 1843 2648 1896 foederi·

1558 1913 1661 1963 bus
1705 1912 1848 1962 inter
1885 1911 2094 1961 Tuscos
2145 1916 2200 1961 et
2235 1911 2649 1978 Carthaginien-

1562 1997 1651 2032 ses
1698 1982 1784 2032 Cr.
1837 1980 2050 2031 consuli
2094 1980 2214 2030 vult
2255 1981 2483 2032 eundem
2522 1983 2649 2033 Nie-

1561 2050 1718 2102 buhr.
1755 2050 1800 2101 Ι.
1853 2066 1909 2115 p.
1951 2049 2069 2102 132.
2139 2050 2281 2101 Nam
2315 2051 2404 2102 vel
2438 2051 2650 2102 Aristo-

1561 2120 1686 2172 telis
1722 2123 1907 2171 aetate
1944 2119 2042 2169 illa
2067 2120 2347 2171 exstitisse
2370 2119 2647 2173 dicuntur.

1632 2187 1892 2253 Καδμείη
1937 2204 2023 2247 τις
2078 2187 2209 2253 νίκη
2246 2191 2395 2239 τοῖσι
2430 2188 2650 2241 Φωκαι

1562 2256 1710 2324 εῦσι]
1757 2259 1980 2310 Retinui
2024 2254 2312 2324 Καδμείη,
2363 2259 2432 2310 ab
2482 2261 2652 2311 omni-

1560 2329 1663 2380 bus
1713 2328 1868 2378 libris
1915 2327 2171 2390 allatum,
2217 2344 2254 2378 a
2283 2328 2556 2380 Bredovio
2592 2346 2649 2395 p.

1565 2397 1705 2449 179
1689 2415 1744 2448 ιιι
1773 2393 2042 2462 Καδμηΐη
2065 2401 2360 2460 mutatum,
2399 2399 2544 2464 qnod
2571 2414 2652 2450 re-

1564 2468 1710 2532 cepit
1744 2467 1990 2518 Dietscb.
2056 2466 2276 2518 Cadmea
2308 2469 2543 2519 victoria
2572 2468 2652 2519 di-

1562 2537 1705 2588 citur
1738 2537 1829 2600 (ut
1853 2535 2354 2601 Schweighaeuser-i
2385 2541 2511 2588 utar
2534 2554 2651 2588 ver-

1561 2606 1702 2668 bis),
1752 2621 1912 2668 „cum
1959 2604 2080 2670 plus
2125 2605 2454 2656 incommodi
2500 2623 2653 2658 acce-

1563 2676 1647 2741 pit
1691 2675 1899 2738 victor,
1954 2689 2115 2739 quam
2159 2674 2412 2735 intulit;“
2462 2675 2546 2726 ita
2591 2679 2653 2726 ut

1563 2745 1749 2795 hostes
1808 2743 2019 2793 cladem
2077 2742 2292 2809 quidem
2340 2745 2654 2810 acceperint

1566 2814 1825 2880 priusque
1862 2828 1929 2863 ex
1958 2813 2077 2864 acie
2106 2828 2166 2863 se
2187 2812 2509 2878 receperint,
2545 2814 2653 2878 ipsi

1564 2889 1751 2934 tamen
1808 2883 2046 2932 victores
2106 2881 2486 2934 Phocaeenses
2538 2888 2653 2933 tam

1568 2952 1765 3004 afflicti
1801 2969 1831 3003 e
1866 2968 2051 3018 pugna
2077 2951 2454 3013 discesserint,
2489 2957 2552 3003 ut
2576 2952 2654 3002 vi-

1568 3028 1688 3075 ctos
1711 3022 1895 3087 potius
1923 3037 2086 3088 quam
2117 3021 2356 3073 victores
2382 3023 2656 3073 existima·

1565 3093 1732 3145 veris.
1795 3092 1921 3143 Vid.
1949 3090 2281 3156 Wesseling.
2319 3091 2389 3141 ad
2426 3091 2655 3141 Diodor.

1567 3163 1678 3214 Sic.
1716 3162 1824 3225 XI,
1851 3162 1915 3212 12
1953 3165 2008 3211 et
2029 3162 2287 3225 Excerpt.
2316 3160 2445 3211 libri
2471 3161 2655 3211 XXII.

1567 3230 1658 3297 (Τ.
1709 3231 1788 3282 11.
1838 3247 1893 3295 p.
1942 3229 2091 3295 495).
2173 3229 2321 3279 Plut.
2371 3231 2539 3281 Morr.
2598 3246 2654 3294 p.

1566 3301 1670 3352 488
1703 3302 1765 3351 A.
1806 3300 2010 3364 Unger.
2049 3297 2251 3349 Paracl.
2279 3298 2452 3349 Theb.
2475 3314 2530 3363 p.
2553 3298 2654 3351 383

1567 3388 1683 3436 seq.
1752 3370 1842 3420 Cr.
1883 3367 2064 3418 addit:
2114 3367 2275 3428 „Ast.
2327 3366 2398 3416 ad
2434 3366 2653 3419 Platon.

1569 3441 1637 3490 de
1666 3438 1839 3502 Legg.
1873 3436 1933 3499 1,
1974 3436 2057 3486 11.
2096 3450 2223 3500 pag.
2262 3434 2329 3485 65
2380 3441 2436 3486 ct
2470 3435 2653 3487 Schol.

1566 3506 1793 3558 Aristid.
1852 3520 1979 3570 pag.
2027 3502 2129 3556 188
2190 3504 2274 3554 ed.
2320 3503 2654 3554 Frommel.“

1567 3579 1715 3628 Bene
1766 3579 2041 3625 caeterum
2088 3572 2395 3623 Larcherns
2454 3577 2657 3636 monet,

1567 3647 1709 3697 hanc
1746 3644 2035 3693 victoriam
2071 3656 2180 3693 non
2220 3641 2658 3693 confundendam

1570 3730 1691 3766 esse
1746 3728 1869 3763 cum
1918 3727 2012 3774 ea,
2072 3724 2235 3774 quam
2279 3711 2657 3763 Phocaeenses

1569 3781 1872 3835 Massiliam
1920 3778 2217 3831 condentes
2263 3778 2328 3830 de
2374 3779 2659 3846 Carthagi-

1569 3852 1852 3904 niensibus
1935 3853 2247 3916 reportasse
2311 3849 2659 3915 Thucydides

1571 3922 1776 3974 scribat
1799 3921 1846 3984 Ι,
1878 3920 1961 3972 13.
2031 3920 2173 3969 Nam
2200 3917 2504 3970 Massiliam
2535 3936 2661 3971 con-

1571 3993 1745 4043 ditam
1780 4005 1901 4042 esse
1938 3994 2068 4040 ante
2100 3988 2237 4040 haec
2282 3994 2529 4054 tempora
2563 3989 2660 4056 (dc

1571 4061 1768 4129 quibus
1807 4060 1898 4110 hic
1933 4060 2140 4125 agitur)
2173 4059 2511 4126 sexagesimo
2547 4060 2659 4112 fere

1569 4148 1732 4184 anno.
1821 4128 1978 4192 Quod
2027 4129 2075 4178 si
2129 4144 2316 4179 verum
2368 4133 2480 4193 est,
2547 4145 2656 4179 non

1566 4203 1789 4265 mirum,
1842 4199 1932 4251 hic
1966 4197 2075 4249 loci
2107 4198 2313 4250 nullam
2347 4197 2464 4249 fieri
2512 4214 2658 4249 men-

1565 4273 1773 4323 tionem
1833 4269 2080 4321 coloniae
2134 4284 2169 4318 a
2213 4267 2652 4320 Phocaeensibus

1565 4340 1870 4393 Massiliam
1909 4338 2194 4400 deductae,
2230 4354 2332 4389 nec
2366 4336 2504 4386 illud
2537 4336 2653 4387 iure

1565 4411 1805 4472 mireris,
1841 4408 2220 4459 Phocaeenses
2245 4406 2429 4474 patria
2462 4403 2655 4455 relicta
