3109 5092
517 325 644 387 646

1392 321 1937 382 HERODOTI

520 502 595 568 ἐν
634 497 996 586 τοσαύτῃσι
1044 502 1317 584 γενεῇσι
1361 493 1757 583 ἀνθρώπων
1800 492 2259 565 ὀκτωκαίδεκα
2301 496 2428 584 μὲν
2469 500 2809 574 Αἰθίοπες

519 593 727 690 ἦσαν,
770 605 890 690 μία
933 599 1009 669 δὲ
1052 596 1227 687 γυνὴ
1273 601 1632 689 ἐπιχωρίη,
1674 603 1746 667 οἱ
1782 599 1855 668 δὲ
1891 596 2082 669 ἄλλοι
2124 596 2371 686 ἄνδρες
2412 597 2802 685 Αἰγύπτιοι.

518 709 602 794 τῇ
637 705 713 773 δὲ
753 703 1027 791 γυναικὶ
1057 700 1315 792 οὔνομα
1356 693 1475 790 ἦν,
1517 697 1562 789 ἦ
1602 730 1703 782 τις
1742 704 2171 789 ἐβασίλευσε,
2202 701 2409 790 τόπερ
2436 706 2518 790 τῇ
2566 708 2801 789 Βαβυ-

520 815 735 896 aowin
754 859 773 893 ,
837 812 1197 896 Νίτωκρις.

516 974 628 1024 liae
681 988 870 1040 regum
921 988 1174 1025 numerus
1228 973 1603 1024 Herodoteum

519 1059 798 1095 numerum
835 1044 1104 1108 complere
1140 1048 1374 1109 poterat.
1447 1044 1512 1093 In
1538 1060 1603 1094 eo

520 1130 650 1164 vero
685 1113 850 1178 plane
886 1113 1185 1164 concordat
1211 1117 1437 1177 uterque
1471 1113 1607 1164 scri·-

518 1188 671 1248 ptor,
710 1181 856 1247 quod
881 1198 1043 1232 unam
1071 1187 1491 1234 commemorant
1527 1198 1608 1232 re·

519 1254 727 1316 ginam,
763 1251 1013 1301 Nitocrin
1061 1253 1304 1313 nomine,
1352 1252 1608 1316 quodque

520 1322 686 1371 etiam
720 1335 881 1370 unam
906 1320 1282 1386 Aethiopicam
1316 1336 1503 1386 regum
1530 1321 1609 1371 fa-

519 1390 722 1440 miliam
749 1388 885 1439 dicit
904 1390 1179 1453 Manetho,
1215 1406 1353 1456 quae
1377 1395 1607 1455 septem-

519 1459 693 1510 decim
725 1474 882 1524 reges
916 1460 1263 1510 continuerit.
1338 1460 1418 1509 Ac
1459 1460 1606 1509 deni-

519 1543 626 1593 que
659 1529 719 1577 in
743 1544 807 1578 eo
845 1529 1157 1592 consensio,
1197 1527 1340 1603 quod
1364 1529 1435 1579 ab
1454 1529 1606 1578 hisee

518 1597 739 1661 regibus
776 1596 908 1647 nihil
944 1598 1084 1660 sere,
1128 1597 1271 1664 quod
1306 1603 1605 1648 memoratu

519 1666 680 1717 valdo
715 1667 937 1733 dignum
975 1668 1168 1730 fuerit,
1203 1672 1484 1732 peractum
1520 1668 1604 1717 fu-

520 1738 643 1787 erit.
716 1738 955 1803 Tempus
975 1753 1134 1799 vero,
1173 1753 1281 1803 quo
1319 1752 1476 1802 reges
1509 1737 1603 1787 isti

519 1806 826 1869 floruerint,
878 1809 1188 1858 accuratius
1227 1808 1321 1857 vix
1356 1807 1603 1872 equidem

518 1875 845 1937 definierim,
883 1876 990 1927 nisi
1024 1876 1160 1927 illud
1188 1893 1310 1927 cum
1331 1877 1603 1928 Heerenio

516 1946 622 1996 1.1.
661 1961 786 2011 pag.
826 1945 955 2009 426,
997 1961 1155 2011 reges
1200 1945 1338 1998 istos
1387 1950 1604 1996 autece-

518 2016 646 2065 dere
699 2030 899 2064 annum
960 2014 1094 2067 1350
1159 2022 1287 2065 ante
1345 2015 1472 2067 Chr.
1525 2031 1601 2077 n.,

516 2085 716 2149 quippe
762 2099 868 2147 quo
917 2099 1060 2135 anno
1103 2086 1336 2146 Moeris,
1383 2085 1476 2149 qui
1522 2083 1604 2133 ul-

517 2154 681 2202 timus
693 2152 881 2203 horum
895 2168 1081 2217 regum
1100 2154 1429 2216 perhibetur,
1445 2154 1599 2216 obiit,

516 2227 614 2272 aut
646 2236 847 2271 annum
890 2223 1039 2284 1356,
1087 2223 1134 2273 si
1169 2222 1430 2273 Larcheri
1477 2237 1599 2286 pro-

515 2288 875 2341 bes-calculos
893 2288 1252 2356 (chronolog.
1276 2291 1597 2343 d'Herodot.

517 2377 571 2425 p.
621 2357 708 2408 86.
747 2358 858 2423 87).
935 2360 1041 2421 Qui
1087 2359 1226 2410 idem
1275 2359 1334 2423 (1.
1384 2359 1423 2412 l.
1472 2375 1597 2426 pag.

513 2430 584 2479 84
622 2429 762 2492 seq.)
816 2443 1076 2479 annorum
1122 2444 1403 2480 numerum
1446 2429 1602 2479 inda-

517 2513 648 2564 gare
682 2498 892 2560 studet,
930 2513 1066 2562 quos
1092 2513 1247 2563 reges
1266 2498 1346 2549 illi
1369 2500 1602 2549 trecenti

515 2568 743 2633 triginta
797 2567 1206 2633 compleverint.
1292 2570 1430 2619 Nam
1490 2569 1601 2619 siu-

517 2637 673 2704 gulas
711 2641 922 2688 aetates
956 2638 1026 2688 ad
1068 2654 1349 2689 numerum
1383 2639 1604 2689 vicena-

515 2709 656 2758 rium
680 2722 943 2758 revocans
972 2706 1144 2759 efficit
1164 2724 1441 2759 numerum
1464 2708 1606 2759 6600

515 2793 774 2828 annorum
792 2815 805 2839 ,
851 2778 931 2828 ita
976 2781 1037 2827 ut
1071 2778 1258 2828 Menes
1294 2778 1607 2843 regnaverit

517 2862 660 2897 anno
708 2845 845 2898 7956
897 2862 950 2897 a.
1001 2847 1129 2898 Chr.
1180 2863 1234 2897 n.
1321 2846 1430 2897 Sed
1478 2863 1606 2898 mox

517 2915 757 2979 praefert
790 2914 931 2965 alias
978 2917 1248 2979 rationes,
1297 2916 1492 2981 quibus
1537 2931 1605 2966 ex

515 2982 785 3034 Herodoti
807 2987 988 3034 mente
1000 2985 1213 3035 Menem
1233 2985 1418 3036 decem
1441 2984 1605 3035 adeo-

517 3067 623 3116 que
658 3052 909 3103 undecim
947 3052 1060 3103 fere
1097 3053 1243 3103 mille
1280 3054 1438 3104 annis
1474 3058 1605 3105 ante

517 3121 644 3170 Chr.
688 3137 742 3172 n.
793 3137 1015 3186 reguum
1060 3123 1301 3173 tenuisse
1358 3127 1604 3173 statuen-

518 3190 644 3240 dum
681 3191 770 3243 sit.
848 3192 1001 3253 Quae
1046 3190 1260 3255 quidem
1309 3192 1602 3256 protulisse

516 3264 605 3310 sat
649 3259 939 3321 habemus;
1001 3275 1127 3310 nam
1174 3259 1419 3311 refellere
1466 3260 1602 3314 talia

516 3330 735 3381 minime
769 3333 953 3382 vacat.
1023 3330 1138 3381 Nec
1189 3330 1434 3396 singulos
1471 3332 1602 3382 attis

515 3404 609 3451 net
643 3414 928 3452 recensere
973 3414 1128 3465 reges
1176 3405 1274 3449 aut
1309 3401 1601 3452 eorundem

517 3470 778 3531 familias3
818 3469 930 3522 vid.
957 3470 1117 3520 modo
1152 3469 1325 3521 Beck:
1364 3470 1596 3535 Allgem.

515 3539 851 3606 Weltgesch.
884 3539 930 3590 1.
968 3555 1096 3605 pag.
1134 3539 1238 3592 283
1277 3555 1428 3605 seqq.
1469 3540 1595 3591 coll.

513 3624 642 3675 pag.
672 3610 804 3671 281,
851 3610 1070 3660 Bunsen
1109 3608 1147 3659 1.
1188 3608 1226 3660 l.
1259 3608 1337 3661 11.
1369 3625 1495 3674 pag.
1528 3610 1598 3663 38

514 3694 685 3744 seqq„
724 3680 956 3744 Lepsius
993 3678 1096 3731 1.1.
1139 3693 1266 3743 pag.
1300 3680 1597 3740 405—-547‚

511 3747 779 3799 Rosellini
817 3749 1056 3799 Menum.
1081 3747 1272 3798 storici
1306 3747 1357 3800 1.
1377 3763 1503 3813 pag.
1529 3749 1600 3799 20

513 3832 667 3881 seqq.
737 3816 806 3868 69
862 3833 978 3883 seq.
1087 3818 1354 3868 Numerus
1412 3833 1598 3883 regum

513 3885 800 3936 OCCXXX
848 3900 913 3934 ex
960 3886 1230 3937 Herodoti
1272 3891 1453 3937 mente
1500 3884 1597 3951 (cf.

514 3955 589 4015 11,
626 3954 750 4019 101)
787 3953 974 4004 finitur
1005 3954 1272 4006 Moeride:
1309 3972 1344 4006 a
1379 3970 1483 4021 quo
1510 3971 1602 4006 us-

514 4037 618 4088 que
674 4021 742 4072 ad
790 4022 1079 4073 Sethonem
1136 4040 1257 4074 cum
1310 4025 1390 4076 XI
1441 4040 1600 4091 reges

513 4091 742 4152 fuerint,
811 4091 1047 4141 efficitur
1100 4108 1352 4144 numerus
1414 4110 1600 4159 regum

514 4159 794 4222 CCCXLI,
834 4159 926 4225 qui
949 4160 1182 4211 traditur
1201 4163 1278 4224 11,
1304 4165 1421 4215 142.
1494 4165 1601 4215 Ne-

513 4245 618 4295 que
670 4229 761 4279 hic
819 4230 936 4294 ipse
992 4245 1245 4280 numerus
1310 4232 1599 4283 admodum

514 4299 792 4350 discedere
830 4298 1047 4349 videtur
1066 4315 1100 4349 a
1125 4301 1472 4351 Manethonis
1499 4310 1599 4351 nu·

515 4369 705 4433 meris,
743 4368 932 4436 quales
969 4382 1114 4421 nunc
1135 4370 1423 4421 constituit
1455 4370 1599 4422 idem

1302 802 1427 893 τὴν
1479 811 1716 892 ἔλεγον
1765 809 2230 896 τιμωρέουσαν
2274 803 2625 899 ἀδελφεῷ,
2678 802 2807 874 τὸν

1704 974 1937 1038 Lepsius
1973 975 2013 1026 1.
2049 974 2087 1026 l.
2111 990 2239 1040 pag.
2271 974 2393 1037 256,
2418 973 2536 1024 sive
2568 972 2806 1023 eundem

1706 1059 1927 1108 prorsus
1985 1060 2263 1094 numerum
2323 1043 2642 1094 Manethoni
2700 1044 2804 1092 tri-

1705 1114 1871 1173 buas,
1918 1113 2036 1164 sive
2071 1114 2280 1179 aliquot
2314 1112 2486 1163 addas
2522 1127 2699 1177 reges,
2740 1117 2807 1163 ut

1708 1182 1995 1233 CCCXLV
2024 1183 2113 1233 vel
2150 1182 2465 1234 CCCXLVI
2506 1183 2799 1235 exsistant.

1708 1252 1871 1302 Hunc
1894 1266 2215 1303 consensum
2250 1252 2391 1303 inter
2412 1251 2804 1302 Manethonem

1708 1325 1877 1386 atque
1899 1322 2237 1373 Herodotum
2262 1322 2455 1373 merito
2478 1336 2696 1386 quoque
2713 1337 2802 1372 re-

1710 1391 1817 1440 fert
1848 1391 2114 1441 Rosellini
2152 1391 2187 1443 l.
2227 1391 2264 1441 1.
2300 1407 2431 1457 pag.
2467 1391 2538 1441 98
2562 1390 2687 1441 coll.
2728 1391 2803 1444 69

1707 1475 1879 1525 seqq„
1934 1476 2109 1526 neque
2160 1461 2323 1526 longe
2369 1462 2567 1511 abesse
2612 1476 2803 1513 nume-

1706 1544 1822 1579 rum
1872 1546 2059 1595 reg-um
2103 1532 2161 1581 in
2206 1531 2533 1581 Taurinensi
2586 1546 2800 1595 papyro

1706 1598 2102 1663 declarator-um
2186 1600 2396 1651 indicat
2469 1602 2527 1651 S.
2604 1600 2797 1651 Birch:
2864 1637 2871 1641 -

1706 1669 2023 1720 Transactt.
2063 1670 2124 1719 of
2166 1670 2258 1720 the
2292 1670 2448 1735 royal
2494 1670 2707 1735 society
2741 1671 2807 1720 of

1704 1735 1907 1791 literat.
1948 1738 1998 1789 1.
2036 1755 2089 1804 p.
2130 1740 2231 1791 204
2269 1756 2421 1805 seqq.

1774 1798 1835 1857 ἕν
1854 1803 2159 1874 τοσαύτῃσι
2183 1806 2406 1874 γενεῇσι
2431 1798 2794 1872 ἀνθρώπων]

1706 1879 1829 1928 Non
1875 1883 1989 1927 tam
2031 1877 2099 1928 de
2144 1879 2589 1944 generationibus
2629 1893 2797 1942 quam

1705 1947 1773 1997 de
1816 1947 2251 1999 successionibus
2276 1948 2411 1999 haec
2436 1946 2799 2012 intellig-enda

1703 2031 1824 2066 esse
1848 2020 2034 2067 monet
2068 2018 2390 2069 Larcherus.
2450 2017 2575 2067 vid.
2614 2016 2685 2066 ad
2716 2018 2797 2078 11,

1710 2086 1808 2137 142
1843 2089 1983 2138 nott.

1773 2145 2160 2203 ὀκτωκαίδεκα
2183 2147 2288 2219 μὲν
2315 2150 2597 2210 Αἰθίοπες
2622 2141 2795 2220 ἦσαν]

1702 2223 1818 2273 Iam
1840 2223 1971 2283 dixi,
1996 2240 2176 2287 uuam,
2204 2240 2365 2288 quam
2389 2223 2650 2274 Manetho
2673 2240 2798 2288 pro·

1702 2292 1809 2343 fert
1843 2309 2027 2357 regum
2074 2293 2336 2344 familiam
2384 2298 2663 2358 quartam,
2712 2310 2797 2344 se-

1706 2362 2031 2426 ptemdecim
2068 2362 2176 2413 dici
2213 2378 2399 2427 regum
2437 2378 2663 2428 eamque
2706 2379 2797 2427 pe·

1705 2432 1994 2497 regrinam.
2026 2472 2045 2483 .
2077 2432 2185 2482 Ubi
2245 2432 2538 2496 Aethiopes
2593 2431 2796 2482 intelli-

1705 2501 1912 2569 gendos
1948 2516 2071 2551 esse
2106 2500 2270 2552 dubio
2308 2505 2476 2552 caret.
2544 2501 2661 2551 Nec
2698 2503 2799 2551 rni-

1705 2586 1849 2631 rum3
1903 2586 2028 2620 nam
2079 2572 2217 2621 satis
2263 2574 2595 2636 compertum
2632 2571 2796 2621 habe-

1708 2655 1854 2701 mus,
1909 2655 2049 2705 quae
2094 2640 2418 2705 Aethiopiae
2469 2645 2634 2705 atque
2692 2641 2796 2690 Ae-

1706 2710 1860 2773 gypti
1890 2708 2016 2759 olim
2048 2710 2213 2759 fuerit
2247 2709 2583 2760 coniunctio.
2631 2708 2794 2761 Cous.

1704 2780 1939 2829 Heeren.
1988 2779 2157 2830 Ideen
2204 2779 2279 2840 11,
2320 2781 2372 2830 2.
2417 2794 2543 2843 pag.
2602 2777 2699 2828 118
2738 2785 2797 2830 et

1705 2852 1846 2899 nott.
1884 2848 1954 2898 ad
1986 2848 2192 2899 Herod.
2224 2848 2299 2910 11,
2337 2849 2423 2901 29.
2482 2847 2640 2912 Apud
2673 2849 2793 2899 Ma-

1704 2916 2011 2981 nethonem,
2027 2917 2240 2982 qualem
2256 2917 2542 2968 constituit
2557 2918 2791 2981 Lepsius

1703 2986 1766 3050 (1.
1803 2986 1841 3037 l.
1880 3003 2007 3053 pag.
2039 2989 2143 3039 255
2168 2986 2331 3051 seq.),
2372 3002 2529 3051 reges
2564 2987 2792 3051 quintae

1706 3059 1763 3105 et
1811 3060 1997 3107 sextae
2050 3056 2363 3121 dynastiae,
2422 3057 2512 3122 qui
2565 3071 2791 3106 numero

1704 3129 1832 3177 sunt
1883 3125 2214 3192 quindecim,
2276 3126 2570 3191 Aethiopes
2614 3126 2792 3191 perbi-

1702 3193 1915 3245 bentur.
1992 3195 2201 3257 Quibus
2230 3197 2278 3245 si
2314 3195 2643 3245 adiiciantur
2673 3199 2789 3245 tres

1702 3279 1861 3329 reges
1886 3264 2176 3329 Aethiopes
2202 3263 2669 3329 dynastianXV,
2690 3280 2790 3315 nu-

1702 3348 1901 3384 merum
1925 3334 2226 3385 octodecim
2255 3349 2439 3399 regum
2460 3333 2789 3398 Aethiopum

1703 3404 1771 3453 ab
1787 3403 2066 3454 Herodoto
2086 3402 2387 3454 indicatum
2397 3418 2620 3468 prorsus
2646 3418 2790 3453 com-

1654 3520 1661 3527 ,
1700 3472 1918 3536 probari
1948 3473 2090 3524 idem
2125 3473 2210 3522 vir
2249 3473 2443 3525 doctus
2478 3473 2690 3522 statuit.

1770 3537 1945 3604 τόπερ
1978 3539 2050 3608 τῇ
2083 3538 2435 3609 Βαβυλωνίῃ,
2473 3540 2786 3607 Νίτωκρις]

1701 3610 1890 3673 Nulla,
1939 3611 1985 3662 si
2024 3610 2155 3676 quid
2184 3611 2372 3673 video,
2409 3610 2789 3661 emendatione

1701 3679 1791 3730 bic
1826 3686 1950 3745 eget
1982 3679 2165 3743 locus,
2202 3696 2304 3730 nec
2338 3679 2680 3730 scribendum
2719 3669 2790 3728 ἐν

1702 3745 1782 3813 τῇ
1807 3746 2029 3816 Βαβυλ.,
2056 3754 2118 3800 ut
2144 3750 2360 3815 quidam
2386 3749 2512 3800 libri
2535 3749 2787 3810 offerunt,

1703 3833 1804 3867 nec
1838 3814 1959 3867 καὶ
1996 3816 2067 3884 τῇ
2104 3819 2222 3869 sive
2258 3816 2329 3882 τῇ
2364 3809 2450 3880 ἐν,
2501 3834 2603 3869 nec
2639 3818 2789 3869 deni-

1704 3902 1808 3951 que
1842 3875 1917 3951 ἦν
1954 3884 2051 3954 τῇ,
2090 3892 2151 3938 ut
2184 3888 2507 3953 quibusdam
2525 3888 2660 3938 viris
2694 3889 2790 3939 do·

1703 3957 1807 4005 ctis
1842 3956 1899 4007 in
1933 3962 2165 4008 mentem
2197 3958 2369 4007 venit.
2406 3985 2479 3995 —-
2508 3957 2590 4007 Ad
2629 3973 2789 4022 argu-

1702 4029 1944 4076 mentum
1999 4025 2107 4077 loci
2152 4027 2264 4077 vid.
2314 4028 2359 4089 I,
2401 4025 2520 4079 185.
2575 4027 2672 4077 187
2723 4027 2790 4077 de

1703 4094 1917 4146 Nitocri
1954 4094 2278 4160 Babylonia.
2343 4095 2428 4146 Ad
2463 4096 2789 4161 Aethiopum

1701 4179 1888 4229 regum
1914 4164 2174 4215 familiam
2199 4171 2378 4215 utrum
2403 4165 2678 4230 Aegyptia
2695 4166 2790 4215 Ni·

1701 4234 1869 4283 tocris
1894 4234 2179 4299 pertineat,
2208 4234 2355 4285 hand
2374 4235 2786 4297 monetNoster,

1703 4304 1795 4366 qui
1829 4304 1909 4353 its.
1950 4304 2131 4369 potius
2179 4303 2247 4355 de
2293 4320 2358 4355 ea
2400 4304 2669 4368 loquitur,
2727 4308 2790 4354 ut

1700 4372 2026 4439 Aegyptiam
2073 4372 2246 4425 fuisse
2287 4372 2601 4439 suspiceris.
2687 4373 2789 4424 Ae·
