3109 5092
1246 371 1499 432 OLIO.
1544 374 1766 435 I.-131.

2519 367 2635 427 271

370 554 602 633 ληνες,
653 543 849 614 εἶναι.
924 548 995 612 οἰ
1016 544 1092 612 δὲ
1137 551 1479 632 νομίζουσι
1506 549 1634 612 Διῒ
1654 543 1812 632 μὲν,
1854 544 1963 613 ἐπὶ
1988 538 2070 610 τὰ
2094 535 2479 629 ὑψηλότατα
2503 545 2644 609 τῶν

369 645 634 735 οὐρέων
670 643 1187 735 ἀναβαίνοντες,
1232 654 1476 726 θυσίας
1516 650 1775 736 ἕρδειν,
1818 644 1938 714 τὸν
1977 644 2230 714 κύκλον
2268 644 2484 714 πάντα
2521 650 2643 712 τοῦ

368 747 668 839 οὐρανοῦ
697 757 836 818 Δία
863 753 1244 830 καλέοντες·
1296 749 1548 818 θύουσι
1590 750 1667 818 δὲ
1704 746 1874 842 ἡλίῳ
1901 775 1973 817 τε
2002 749 2114 816 καὶ
2142 749 2389 837 σελήνῃ
2418 748 2529 815 καὶ
2556 751 2644 835 γῇ

374 947 503 995 ches
552 951 659 997 etc.
714 946 758 997 1.
808 962 862 1011 p.
900 942 1075 997 CXVI
1111 962 1225 1012 seq.
1299 948 1458 999 Cous.

373 1031 590 1081 quoque
625 1016 688 1065 C.
710 1015 1197 1082 Schimmelpfeng:
1232 1017 1318 1066 De
1355 1018 1459 1067 diis

373 1087 430 1133 in
470 1091 820 1149 conspectum
867 1085 1066 1136 homm.
1114 1087 1458 1136 venientibus

372 1154 520 1218 apud
571 1155 866 1203 Homerum
925 1155 1228 1221 (Marburg.
1278 1155 1454 1221 1845).

372 1239 428 1287 Ρ.
449 1225 503 1274 8.
539 1221 740 1273 Voluit'
752 1229 934 1273 autem
960 1225 1271 1276 Herodotus
1294 1226 1458 1276 Grae—

373 1307 568 1341 corum·
590 1292 1219 1360 anthropomorphismo,
1259 1296 1351 1360 qui
1381 1296 1458 1344 di—

373 1361 543 1423 citur,
582 1376 853 1428 opponere
884 1363 1229 1414 orientalium
1262 1363 1460 1414 doctri·

373 1445 500 1479 nam
539 1432 713 1495 magis
751 1447 942 1496 puram
978 1438 1352 1499 exemtamque
1389 1433 1458 1483 ab

374 1514 467 1560 eo,
525 1499 670 1563 quod
729 1501 1134 1552 materialitatis
1189 1502 1459 1552 vocabulo

373 1568 606 1618 barbaro
643 1568 810 1635 vulgo
848 1570 1156 1636 designant.
1211 1573 1298 1622 Tu
1330 1572 1459 1621 vide

376 1643 692 1688 accuratam
712 1639 1138 1704 disputationem
1158 1643 1227 1693 V.
1249 1642 1322 1693 D.
1349 1640 1458 1690 Ou-

373 1705 579 1757 waroff.
615 1709 807 1758 Essais
834 1724 927 1759 sur
953 1708 1032 1759 les
1054 1709 1276 1775 myster.
1313 1726 1368 1775 p.
1389 1711 1456 1761 73

372 1775 523 1826 -76
569 1776 655 1826 οᾶ.
705 1792 849 1840 sec.,
902 1780 1188 1842 probatam
1240 1794 1456 1845 quoque

373 1843 534 1894 Gallo
547 1847 665 1895 viro
678 1847 840 1896 docto
855 1848 1126 1899 Letronne
1155 1850 1212 1898 in
1224 1847 1456 1899 Journal

374 1914 427 1963 d.
449 1914 578 1964 Sav.
610 1915 763 1966 1817.
786 1931 841 1980 Ρ.
868 1916 966 1968 100
990 1932 1105 1982 seq.
1144 1917 1267 1970 coll.
1298 1917 1450 1968 1816.

373 1983 573 2033 Octob.
611 1999 665 2049 p.
692 1984 811 2037 111.

444 2048 506 2100 οἱ
536 2046 600 2102 δὲ
633 2050 925 2117 νομίζουσι
959 2050 1061 2103 Διῒ
1093 2050 1200 2117 μὲν
1230 2069 1281 2102 κ.
1309 2069 1355 2104 τ.
1381 2051 1452 2119 λ.]

373 2121 572 2171 Persas
596 2121 782 2172 Iovem
804 2128 1093 2173 veneratos
1119 2138 1256 2185 esse,
1283 2122 1456 2172 multa

370 2194 616 2239 veterum
635 2191 952 2241 testimonia
981 2192 1276 2242 ostendunt
1310 2207 1345 2242 a
1368 2206 1454 2241 me

369 2259 586 2323 prolata
609 2260 666 2309 in
688 2264 833 2312 nott.
865 2260 937 2309 ad
958 2261 1176 2311 Ctesias
1201 2262 1452 2326 fragmm.

372 2343 429 2392 p.
475 2329 589 2379 146.
648 2329 791 2380 Add.
829 2329 1076 2395 Xenopb.
1112 2331 1311 2396 Cyrop.
1346 2330 1451 2392 111,

370 2397 423 2459 3,
459 2399 523 2448 21
565 2398 747 2463 ibique
765 2400 1125 2450 Bornemann.
1179 2401 1283 2450 Est
1308 2400 1453 2449 enim

369 2465 692 2530 tenendum,
732 2468 971 2519 Graecos
999 2468 1321 2533 scriptores,
1360 2468 1454 2533 qui

371 2535 596 2585 Graecis
643 2536 952 2587 hominibus
1007 2538 1334 2601 scriberent,
1396 2538 1454 2586 in

371 2603 604 2653 aliarum
638 2607 920 2655 nationum
969 2606 1103 2668 diis,
1159 2606 1337 2669 cultu,
1383 2607 1454 2656 ri-

370 2673 549 2735 tibus,
587 2673 711 2725 aliis
748 2674 1123 2725 describendis
1159 2676 1239 2725 ita
1273 2691 1333 2725 se
1368 2690 1456 2724 ac·

370 2744 743 2793 commodasse
766 2750 821 2793 et
846 2743 1174 2808 applicuisse
1198 2744 1269 2794 ad
1291 2745 1457 2795 Grae-

370 2827 555 2862 corum
579 2827 755 2862 mores
795 2818 851 2862 et
883 2813 1164 2876 instituta,
1199 2818 1264 2863 ut
1286 2813 1455 2877 quod·

371 2880 773 3000 331¹}q2‘3112522‘}
818 2880 1198 3001 “22255333
1214 2897 1455 3017 2333?ss

794 2986 808 3012 t

371 3021 493 3066 rent
547 3018 682 3082 ipsis
732 3020 909 3084 magis
967 3020 1130 3070 solito
1189 3020 1306 3069 eius
1366 3020 1452 3069 dei

372 3086 589 3149 Graeci,
627 3086 696 3136 ad
733 3103 890 3151 quem
925 3089 1266 3152 potissimum
1303 3105 1455 3154 pere-

372 3155 514 3218 grini
533 3157 765 3206 numinis
789 3157 1118 3221 significatio
1147 3162 1316 3222 atque
1342 3157 1454 3207 cul·

370 3225 460 3272 tus
494 3225 753 3276 accedere
792 3225 1087 3277 videretur.
1143 3228 1338 3291 Itaque
1363 3226 1454 3276 Io·

286 3322 294 3331 -
369 3306 490 3341 vem
515 3294 662 3357 apud
685 3296 882 3344 Persas
913 3300 969 3345 et
990 3296 1265 3345 invenisse
1288 3295 1454 3345 Grae-

370 3375 464 3410 cos
518 3366 575 3410 et
627 3377 972 3427 nuncupasse
1029 3364 1160 3429 quid
1212 3365 1450 3413 mirum?

369 3430 660 3481 Persarum
703 3431 889 3482 Iovem
937 3448 1062 3483 mox
1099 3433 1300 3483 Noster
1335 3433 1454 3496 ipse

369 3498 539 3548 refert
573 3500 644 3549 ad
679 3516 890 3550 omnem
928 3502 1068 3551 coeli
1115 3503 1298 3551 orbem
1335 3502 1453 3550 sive

371 3566 666 3631 ambitum,
704 3569 770 3618 de
809 3585 916 3634 quo
954 3569 1035 3619 sic
1059 3569 1325 3620 Boethius
1358 3568 1449 3620 l.l.

371 3650 427 3698 Ρ.
456 3635 582 3686 104:
622 3637 837 3699 „Dabei
871 3638 946 3686 ist
970 3638 1102 3688 aber
1121 3637 1262 3689 wohl
1302 3637 1452 3688 nicht

370 3717 440 3752 an
479 3704 577 3754 das
621 3704 1132 3771 Himmelsgewfflbe
1178 3706 1348 3758 selbst
1385 3720 1453 3755 zu

372 3772 611 3835 denken,
649 3774 884 3824 sondern
919 3790 993 3824 an
1027 3775 1132 3826 den
1166 3775 1455 3824 Himmels-

369 3855 548 3903 raum,
609 3842 703 3892 der
751 3844 852 3892 mit
900 3844 1081 3893 seiner
1123 3842 1455 3894 Unendlich-

369 3908 484 3958 keit
522 3910 619 3960 das
649 3910 1160 3976 Himmelsgewiilbe
1190 3912 1450 3976 umgiebt.

370 3978 473 4027 Die
505 3978 860 4045 Vorstellung
897 3981 992 4030 der
1027 3979 1454 4032 Unendlichkcit

371 4045 584 4096 scheint
608 4048 707 4097 das
729 4048 1099 4099 Wesentliche
1122 4049 1299 4099 dieses
1323 4049 1454 4100 Got-

370 4115 705 4180 terbegriffes
726 4117 1142 4180 aussumaclmn,
1174 4117 1285 4166 und
1309 4131 1453 4166 zwar

371 4183 459 4233 die
476 4184 903 4236 Unendlichkeit
915 4222 929 4248 ,
962 4181 1172 4236 sowohI
1187 4185 1450 4235 ritumlich

370 4251 452 4300 als
490 4252 709 4302 zeitlich
747 4254 1042 4318 gedacht“.
1097 4255 1183 4304 De
1206 4254 1332 4318 igne
1365 4267 1454 4303 ae-

372 4319 581 4382 theree,
618 4336 776 4386 quem
811 4322 961 4373 Iovis
996 4322 1213 4372 nomine
1249 4323 1452 4371 Persae

372 4387 621 4439 venerati
639 4388 780 4454 sint,
815 4388 1083 4457 cogitavit
1099 4385 1318 4441 Emeric
1341 4389 1452 4440 Da-

1565 949 1659 999 vid
1693 949 1732 999 l.
1769 948 1807 998 l.
1849 947 1897 998 1.
1934 963 1990 1012 Ρ.
2030 947 2148 998 171.
2221 946 2306 997 Ad
2339 948 2516 1011 ipsam
2550 960 2644 995 vo-

1564 1034 1681 1069 cem
1741 1015 1856 1067 Δία
1916 1018 2050 1067 Pott
2102 1016 2449 1082 Etymologg.
2508 1015 2643 1064 For-

1563 1088 1826 1150 schungg.
1858 1087 1905 1137 I.
1946 1103 1999 1151 p.
2028 1086 2125 1137 100
2163 1086 2319 1136 affert
2340 1084 2644 1135 Sanscrita-

1562 1173 1692 1208 num
1736 1159 1866 1220 Dj0,
1924 1155 2068 1220 quod
2117 1158 2302 1206 coetuum
2348 1153 2640 1219 significat.

1564 1228 1719 1289 Quae
1756 1242 1878 1276 cum
1913 1225 1995 1274 ita
2030 1226 2158 1287 sint,
2194 1223 2361 1275 nolim
2395 1224 2536 1273 hunc
2557 1223 2643 1272 Io-

1561 1312 1683 1346 vem
1704 1297 1907 1346 referre
1926 1294 1997 1344 ad
2012 1310 2132 1344 eum
2157 1295 2444 1344 Persarum
2466 1293 2642 1352 deum,

1563 1366 1657 1431 qui
1694 1365 1911 1415 Ormuzd
1946 1371 2202 1426 vocatur,
2238 1369 2299 1412 ut
2335 1363 2469 1412 fecit
2500 1361 2643 1412 Rho·

1563 1434 1657 1485 de:
1694 1436 1799 1485 Die
1835 1433 2035 1498 heilige
2073 1433 2216 1497 Sage
2256 1437 2362 1483 etc.
2400 1448 2453 1510 p'.
2481 1430 2605 1508 4‘73.

1559 1501 1923 1622 ιόῖἒῖἔῖἷεῗ
1953 1496 2641 1636 οῗῖεὲἷ”’ἆῖἷέαἶνῖοἶῇἶ]
2718 1539 2721 1542 ’

1560 1639 1814 1774 ἕέμῧῖἔ
1848 1640 2143 1758 ἓὲῗεέἓὸἓ.
2162 1643 2251 1759 ⁰⁸3.
2275 1641 2642 1758 ‚222222220

1779 1761 1791 1777 e
2150 1745 2164 1771 ²
2625 1740 2640 1765 2

1559 1795 1694 1829 more
1728 1782 1823 1841 uti,
1860 1781 2041 1828 solere.
2115 1777 2270 1827 Conf.
2313 1777 2368 1839 I,
2412 1775 2525 1826 133.
2564 1774 2640 1834 11,

1558 1849 1644 1899 64.
1675 1849 1779 1910 111,
1811 1847 1925 1898 100.
1968 1847 2064 1906 IV,
2095 1846 2182 1898 59.
2219 1844 2344 1894 Alia
2367 1843 2643 1908 congessit

1559 1918 1771 1980 Astius,
1811 1930 1845 1965 a
1879 1916 1964 1965 Gr.
2005 1914 2278 1976 laudatus,
2316 1914 2385 1963 ad
2420 1913 2639 1963 Platon.

1556 1986 1721 2036 Polit.
1769 2001 1822 2052 p.
1861 1986 1982 2035 557.
2020 2013 2092 2023 ·-
2145 1982 2303 2044 Quod
2337 1997 2467 2032 vero
2511 1983 2640 2031 Per-

1556 2069 1647 2105 sas
1684 2056 1739 2104 in
1783 2053 2043 2103 montium
2078 2051 2448 2102 cacuminibus
2484 2064 2643 2100 sacra

1556 2125 1739 2173 facere
1783 2124 1984 2174 Noster
2029 2121 2246 2183 scribit,
2296 2121 2352 2170 in
2396 2136 2461 2170 eo
2494 2118 2641 2169 haud

1555 2207 1760 2259 paucos
1797 2193 2158 2242 assentientes
2181 2195 2376 2241 nactus
2405 2194 2490 2241 est
2511 2190 2642 2240 scri-

1554 2267 1759 2327 ptores,
1802 2277 2029 2327 quorum
2065 2261 2379 2311 testimonia
2415 2258 2641 2324 protulit

1555 2333 1799 2382 Brissou.
1837 2332 1906 2382 de
1942 2346 2055 2396 reg.
2093 2332 2246 2380 Pers.
2284 2330 2515 2394 princip.
2556 2330 2635 2379 11.

1559 2404 1607 2463 §-
1640 2400 1728 2452 38.
1779 2402 1882 2451 Est
1902 2400 2245 2465 potissimum
2280 2399 2479 2448 Strabo
2516 2413 2640 2449 con-

1556 2470 1841 2533 ferendus,
1889 2471 1980 2534 qui
2024 2468 2291 2518 Herodoti
2338 2467 2504 2517 verba
2553 2482 2639 2516 ex·

1556 2539 1775 2604 scripsit
1793 2540 1910 2588 XV.
1946 2554 2000 2602 p.
2024 2538 2125 2588 732
2156 2553 2201 2587 s.
2227 2535 2364 2587 1064
2398 2537 2458 2586 C.
2497 2535 2638 2586 Nolo

1555 2623 1700 2658 nunc
1727 2607 1959 2657 aliarum
1995 2606 2237 2671 gentium
2268 2605 2525 2655 instituta
2546 2618 2639 2668 pa·

1555 2678 1640 2725 ria
1685 2690 2126 2737 commemorare,
2184 2689 2322 2738 quae
2379 2672 2636 2737 quoniam

1553 2746 1613 2794 in
1650 2746 1913 2794 montium
1951 2742 2324 2793 cacuminibus
2364 2742 2494 2791 deos
2530 2740 2638 2790 sibi

1558 2815 1715 2879 quasi
1753 2814 2030 2879 propiores
2067 2810 2493 2872 arbitrabantur,
2528 2810 2639 2860 illie

1553 2884 1800 2947 inprimis
1815 2897 1973 2932 sacra
1987 2883 2166 2931 facere
2182 2878 2448 2931 solebant.
2473 2879 2638 2930 Plura

1558 2953 1852 3014 Gesenius,
1901 2952 2055 3001 cuius
2091 2950 2271 3001 locum
2308 2951 2394 3000 Cr.
2434 2949 2638 2999 adscri-

1554 3022 1684 3084 psit,
1722 3021 1777 3070 in
1814 3022 2137 3071 Commentt.
2183 3020 2254 3069 ad
2277 3019 2440 3070 Iesai.
2466 3018 2633 3080 LXV,

1555 3092 1606 3139 7.
1647 3106 1697 3154 p.
1735 3089 1867 3148 282,
1918 3095 1973 3138 et
2010 3087 2289 3153 Ghillanyz
2321 3087 2640 3139 Menschen-

1556 3159 1710 3223 opfer
1745 3159 1800 3209 d.
1838 3158 2008 3208 Hebr.
2051 3174 2106 3222 p.
2140 3157 2262 3207 458.
2325 3159 2478 3218 Quae
2517 3153 2638 3205 reli-

1554 3241 1663 3292 qua
1697 3228 1898 3278 Noster
1931 3228 2115 3291 prodit
2137 3226 2204 3276 de
2225 3225 2489 3291 religione
2511 3226 2638 3275 Per-

1555 3311 1764 3357 sarum,
1812 3296 2101 3360 insigniter
2138 3295 2348 3344 faciunt
2385 3295 2454 3344 ad
2491 3292 2638 3342 illius

1553 3365 1726 3429 ipsius
1779 3364 2161 3414 declarandam
2213 3362 2637 3426 simplicitatem.

1555 3433 1809 3483 Omnium
1855 3434 1998 3483 enim
2041 3445 2217 3480 rerum
2253 3446 2392 3495 quae
2438 3430 2638 3479 haben—

1552 3507 1643 3552 tur
1677 3502 1945 3566 principia
1992 3505 2157 3563 atque
2204 3498 2499 3558 elementa,
2547 3511 2638 3545 ve-

1551 3571 1732 3620 nerati
1768 3574 1913 3628 sunt,
1950 3582 2122 3631 eaque
2147 3568 2377 3631 simplici
2405 3566 2635 3615 ratione.

1553 3638 1807 3688 Accessit
1837 3635 2045 3685 coelum
2086 3635 2248 3684 astris
2284 3633 2545 3698 repletum
2583 3637 2638 3682 et

1555 3707 1772 3757 nomine
1806 3705 1954 3754 Iovis
1993 3702 2384 3768 significatum,
2424 3702 2637 3766 duoque

1553 3775 1850 3839 praecipua
1884 3771 2029 3821 illius
2056 3771 2287 3832 lumina,
2325 3769 2419 3820 Sol
2447 3785 2512 3819 ac
2532 3770 2640 3819 Lu-

1556 3858 1654 3905 na,
1705 3857 1844 3907 quae
1881 3841 2061 3891 omnia
2102 3840 2399 3904 simplicem
2435 3838 2638 3902 simpli-

1556 3912 1636 3960 cis
1672 3911 1851 3975 gentis
1890 3914 1945 3959 et
1977 3908 2194 3973 quidem
2215 3913 2507 3957 montanae
2528 3906 2640 3956 cul-

1559 3987 1673 4029 tum
1733 3978 2032 4029 declarant.
2122 3977 2323 4027 Confer
2380 3975 2637 4026 Creuzer.

1554 4048 1797 4113 Symbol.
1824 4047 1871 4096 Ι.
1908 4063 1962 4112 p.
1994 4046 2093 4097 189
2110 4061 2225 4111 seq.
2264 4044 2369 4096 216
2396 4059 2511 4108 seq.
2551 4044 2635 4094 ed.

1556 4120 1684 4166 tert.
1757 4118 1937 4180 Atque
1984 4116 2242 4165 observat
2279 4114 2473 4164 Roeth.
2519 4113 2560 4164 l.
2596 4112 2637 4164 1.

1553 4185 1612 4233 in
1655 4188 1794 4236 nott.
1842 4200 1893 4249 p.
1932 4183 2019 4245 33,
2068 4197 2417 4248 quaecunque
2466 4181 2555 4230 hic
2604 4195 2639 4229 a

1550 4254 1736 4303 Persis
1771 4253 1920 4303 culta
1957 4266 2078 4302 esse
2098 4253 2285 4302 tradat
2303 4250 2637 4309 Herodotus,

1552 4321 1742 4371 eadem
1789 4322 1957 4372 ferme
2004 4321 2171 4370 etiam
2228 4317 2637 4368 commemorari

1552 4389 1613 4439 in
1643 4388 1767 4440 loco
1793 4388 2026 4454 quodam
2057 4385 2185 4438 libri
2220 4384 2524 4450 sacri,-qui
2560 4383 2638 4434 di·
