3109 5092
439 315 563 377 392

1297 308 1841 371 HERODOTI

436 483 553 557 ἀπ’
592 477 690 555 οἷν
722 483 1078 574 ἐκήρυξαν,
1110 482 1225 563 τὰς
1246 484 1319 552 δὲ
1352 486 1686 572 διφθέρας
1712 481 2140 563 ἐπισάξαντες
2172 482 2283 548 ἐπὶ
2310 477 2466 560 τοὺς
2492 477 2715 564 ὅνους,

357 597 360 600 ’
437 586 893 660 ἀπελαύνουσι
916 584 1168 667 ἐςτούς
1198 583 1608 675 Ἀρμενίους.
1675 582 1803 656 ἀνὰ
1829 582 1948 654 τὸν
1983 581 2282 671 ποταμὸν
2320 581 2561 673 γὰρ,δὴ
2587 579 2715 654 οὐκ
2733 600 2805 655 93

438 689 547 763 οἷά
571 695 647 761 τέ
669 694 807 760 ἐστι
835 693 1038 760 πλέεν
1065 687 1298 760 οὐδενὶ
1328 688 1552 782 τρόπῳ
1594 685 1728 758 ὑπὸ
1766 690 1996 776 τάχεος
2034 693 2156 757 τοῦ
2205 692 2537 775 ποταμοῦ·
2605 687 2719 756 διὰ

439 794 568 885 γὰρ
592 800 802 863 ταῦτα
842 795 955 862 καὶ
995 792 1120 862 οὐκ
1150 797 1224 863 ἐκ
1258 793 1482 876 ξύλων
1518 798 1863 862 ποιεῦνται
1891 790 1972 861 τὰ
2000 800 2236 875 πλοῖα,
2301 787 2449 860 ἀλλ’
2490 793 2566 859 ἐκ
2611 797 2715 859 δι-

441 902 779 989 φθερέων.
825 893 1032 965 ἐπεὰν
1070 898 1145 966 δὲ
1173 894 1326 979 τοὺς
1359 895 1559 975 ὄνους
1600 895 1992 975 ἐλαύνοντες
2008 892 2383 964 ἀπίκωνται
2410 891 2623 964 ὀπίσω
2652 898 2721 973 ἐς

439 1000 594 1083 τούς
624 998 1048 1092 Ἀρμενίους,
1093 997 1264 1069 ἄλλα
1303 999 1528 1092 τρόπῳ
1580 1005 1677 1091 τῷ
1716 996 1897 1092 αὐτῷ
1950 1005 2301 1068 ποιεῦνται
2351 1006 2572 1068 πλοῖα.
2636 995 2720 1067 τὰ

307 1118 426 1181 195
443 1107 568 1195 μὲν
590 1102 675 1194 δὴ
702 1112 902 1173 πλοῖα
921 1099 1190 1172 αὐτοῖσί
1211 1106 1348 1172 ἐστι
1375 1107 1671 1172 τοιαῦτα.
1717 1099 1988 1190 Ἐσθ-ἦτι
2014 1102 2089 1171 δὲ
2117 1107 2341 1190 τοιῇδε
2370 1104 2716 1188 χρέωνται,

441 1214 693 1278 κιθῶνι
723 1207 1088 1294 ποδηνεκέι·
1101 1207 1322 1300 λινέῳ,
1354 1207 1468 1274 καὶ
1490 1207 1601 1275 ἐπὶ
1628 1211 1870 1275 τοῦτον
1892 1202 2102 1275 α”λλον
2130 1210 2422 1296 εἰρίνεον
2448 1210 2719 1273 κιθῶνα

440 1393 489 1426 τ.
515 1391 566 1423 κ.
596 1370 785 1422 πᾶσαν
819 1361 1203 1437 ἄπεκήρυξαν.
1262 1374 1530 1438 Exempla

439 1445 600 1495 huius
639 1447 873 1492 tmeseos
907 1443 1052 1507 apud
1082 1444 1339 1493 Nostrum
1383 1443 1530 1493 haud

443 1513 743 1564 inusitatae
789 1517 1009 1562 exstant
1049 1512 1133 1575 11,
1173 1511 1258 1563 39.
1302 1513 1389 1564 40.
1440 1514 1527 1563 70.

441 1584 526 1635 85.
560 1582 645 1633 86.
670 1581 755 1632 87.
787 1581 875 1634 88.
902 1582 1000 1644 96,
1035 1582 1093 1633 in
1129 1583 1326 1646 quibus
1363 1584 1532 1632 omni-

441 1654 544 1703 bus
579 1651 700 1716 pari
737 1651 895 1701 modo
934 1652 1172 1701 aoristus
1206 1652 1428 1716 ponitur
1465 1652 1532 1702 de

439 1738 527 1785 re,
585 1735 724 1786 quae
782 1720 1031 1772 accidere
1081 1719 1223 1771 solet
1278 1721 1366 1771 vel
1421 1736 1533 1772 cre-

439 1792 591 1842 brius
637 1791 927 1855 repetitur:
983 1789 1050 1839 de
1100 1805 1208 1855 qua
1242 1791 1435 1841 aoristi
1471 1792 1527 1840 vi

440 1875 611 1925 nuper
636 1861 887 1925 exposuit
911 1860 1132 1910 Franke
1159 1861 1238 1908 in:
1275 1859 1530 1911 Berichte

442 1932 533 1981 iib.
574 1930 626 1981 d.
662 1927 977 1980 Verhandll.
1028 1929 1081 1979 d.
1133 1929 1188 1980 k.
1230 1930 1529 1982 sachsisch.

444 1998 743 2052 Gesellsch.
804 1998 856 2047 d.
907 1999 1076 2048 Wiss.
1128 1998 1280 2051 1854.
1339 1999 1528 2064 philol.

444 2070 574 2119 hist.
625 2067 799 2117 Class.
848 2067 925 2118 11.
971 2082 1022 2130 p.
1076 2067 1165 2117 84.
1253 2069 1338 2118 Tu
1379 2069 1526 2120 conf.

448 2139 613 2187 etiam
638 2136 905 2186 Herodot.
945 2136 1051 2198 ΙΙΙ,
1077 2136 1144 2185 82
1181 2140 1236 2186 et
1268 2137 1333 2188 de
1367 2139 1531 2188 tmesi

444 2206 616 2257 allata
652 2206 724 2255 ad
757 2205 1023 2255 Herodot.
1064 2204 1232 2266 VIII,
1269 2205 1355 2258 89.
1426 2207 1531 2256 His

445 2276 619 2336 adde,
672 2289 813 2338 quae
861 2273 928 2322 de
963 2273 1065 2324 hoc
1113 2275 1317 2325 aoristo
1353 2276 1410 2325 in
1445 2275 1531 2326 his

441 2344 580 2395 locis
625 2343 952 2393 Herodoteis
1000 2358 1171 2406 nuper
1218 2344 1532 2408 disquisivit

443 2413 638 2465 Moller
698 2414 754 2462 in
809 2411 1203 2464 Schneidewin.
1255 2413 1527 2480 Philolog.

443 2485 544 2535 IX.
595 2500 646 2547 p.
686 2482 783 2534 361
821 2496 936 2547 seq.
986 2487 1041 2531 et
1086 2481 1430 2562 potissimum
1473 2501 1527 2550 p.

442 2554 545 2604 365
590 2567 705 2616 seq.
777 2553 880 2600 Est
930 2567 1059 2602 vero
1107 2542 1531 2615 αποκηρύττειν

434 2640 539 2688 per
581 2633 884 2685 praeconem
932 2620 999 2685 (s.
1041 2620 1262 2685 publice)
1311 2623 1531 2674 vendere

440 2692 528 2743 vel
575 2691 835 2742 vendenda
875 2693 986 2741 voci
1027 2690 1274 2742 subiicere
1316 2708 1534 2756 praeco-

441 2765 543 2823 nis,
604 2765 667 2810 ut
716 2766 902 2810 monet
951 2760 1374 2826 Wesselingius,
1439 2764 1531 2827 qui

442 2831 732 2881 lectionem
788 2844 890 2879 sua
942 2833 1127 2879 aetate
1174 2846 1208 2879 a
1256 2831 1530 2881 Gronovio

441 2899 723 2977 vulgatam
766 2889 1200 2961 ἆπενεκήρυξαν
1239 2899 1296 2948 in
1333 2893 1532 2950 ἐπανε-

443 2961 699 3030 κήρυξαν
717 2967 953 3029 (insuper
971 2967 1062 3016 sub
1080 2982 1334 3028 praecone
1351 2971 1531 3020 vende-

443 3036 590 3102 bant)
620 3039 887 3085 mutatam
919 3035 1187 3085 voluerat.
1243 3037 1350 3087 Sed
1379 3053 1531 3102 prae-

445 3110 557 3155 stat
593 3121 627 3154 a
663 3104 966 3182 Schweigh.
1005 3105 1249 3183 reposita
1274 3105 1460 3158 lectio.

509 3165 623 3223 ἀνὰ
670 3164 771 3222 τὸν
817 3165 1076 3236 ποταμὸν
1132 3164 1237 3237 γὰρ
1290 3168 1363 3239 δὴ
1424 3167 1530 3225 οὐκ

445 3235 540 3293 οἷοὶ
579 3240 637 3292 τέ
679 3233 791 3291 ἔστι
829 3237 1016 3291 πλέειν
1059 3257 1111 3290 κ.
1159 3258 1204 3291 τ.
1252 3242 1323 3309 λ.]
1378 3246 1531 3296 Idem

444 3314 623 3364 adhue
650 3313 707 3361 in
727 3312 881 3376 Tigri
913 3311 1029 3361 fieri
1057 3310 1364 3376 affirmant,
1409 3330 1529 3365 cum

442 3397 653 3432 summa
699 3381 771 3430 sit
819 3381 981 3431 huius
1039 3381 1193 3431 fluvii
1244 3352 1535 3447 rapiditas,

443 3469 606 3517 quam
642 3452 764 3514 ipso
806 3451 958 3500 fluvii
1004 3452 1223 3501 nomine
1269 3455 1529 3519 sagittam

443 3522 724 3573 indicante
761 3519 1027 3570 declarari
1065 3521 1327 3572 scribunt.
1403 3523 1529 3575 vid.

442 3592 621 3641 Ritter
671 3590 970 3654 Erdkunde
1023 3590 1123 3640 IX.
1169 3607 1222 3656 p.
1261 3592 1383 3644 517.
1426 3594 1529 3645 XI.

444 3675 497 3724 p.
535 3663 622 3710 45.
662 3661 752 3709 47.
789 3658 877 3710 66.
918 3657 1017 3710 193
1055 3657 1182 3710 coll.
1218 3659 1339 3713 934.
1412 3662 1532 3712 Asi-

444 3745 562 3791 nos,
599 3729 847 3792 quamvis
873 3729 944 3778 ab
978 3729 1160 3778 Iesaia
1189 3731 1340 3792 XXI,
1364 3732 1395 3780 7
1424 3746 1531 3781 me-

444 3803 710 3858 moratos,
747 3798 803 3845 in
826 3796 1121 3860 sculpturis
1156 3799 1398 3863 Assyriis
1428 3802 1531 3850 Ba-

442 3865 751 3929 byloniisve
802 3866 1038 3915 nondum
1086 3882 1144 3916 se
1194 3868 1399 3919 vidisse
1452 3886 1532 3919 re-

443 3939 824 3998 praesentatos
859 3939 1097 3984 testatur
1125 3937 1345 4001 Layard
1365 3939 1529 3989 Nine-

443 4004 550 4053 veh
586 4003 693 4052 and
728 4004 802 4052 its
840 4018 972 4053 rem.
1011 4004 1085 4054 ΙΙ.
1122 4022 1177 4069 p.
1214 4008 1340 4058 425.

796 4122 926 4173 Car.
966 4122 1173 4175 CXCV.

507 4197 743 4271 Ἐσθῆτι
767 4200 830 4256 δὲ
864 4203 1059 4270 τοιῇδε
1091 4206 1362 4271 χρέωνται
1393 4206 1443 4260 κ.
1478 4229 1525 4262 τ.

444 4275 513 4342 λ.]
566 4279 811 4327 Recentt.
862 4275 984 4327 edd.
1030 4275 1307 4340 χρέονται.
1377 4282 1531 4332 Haec

447 4347 629 4402 emnia
670 4346 785 4403 fere
827 4346 1015 4402 retulit
1050 4346 1248 4400 Strabo
1284 4350 1436 4402 XVI.
1473 4367 1529 4416 p.

1631 1374 1735 1423 745
1771 1386 1817 1424 s.
1850 1371 1983 1424 1082
2009 1372 2079 1434 A,
2119 1372 2177 1422 in
2211 1388 2274 1422 eo
2308 1387 2418 1423 uno
2457 1373 2525 1422 ab
2547 1372 2719 1421 Hero-

1633 1443 1763 1493 doto
1817 1442 2173 1504 dissentiens,
2226 1441 2373 1507 quod
2422 1441 2486 1491 de
2531 1442 2721 1505 comis,

1633 1528 1770 1578 quas
1807 1510 2098 1576 Babylonii
2133 1511 2314 1573 alant,
2348 1516 2621 1562 narratur.

1702 1578 1916 1632 κιθῶνι
1949 1577 2260 1644 ποδηνεκέι
2294 1577 2457 1644 λινέῳ
2492 1592 2543 1629 κ.
2572 1596 2619 1630 τ.
2648 1579 2720 1646 λ.]

1632 1652 1756 1701 Νοιι
1794 1666 1860 1700 ex
1910 1653 2010 1701 lino
2052 1654 2267 1700 tautum
2312 1650 2596 1700 confectas
2640 1651 2725 1700 in-

1635 1720 1807 1771 dicari
1864 1724 2047 1771 vestes
2107 1719 2368 1769 observat
2414 1720 2723 1770 Heerenius

1632 1791 1800 1840 Ideen
1848 1790 1895 1853 I,
1942 1791 1991 1840 2.
2042 1805 2165 1854 pag.
2207 1790 2359 1851 205.,
2414 1804 2601 1839 verum
2655 1805 2723 1839 ex

1627 1864 1870 1924 yossypio
1918 1874 2154 1924 quoque.
2238 1859 2398 1920 Quod
2453 1858 2725 1909 vestiendi

1633 1944 1830 1994 genus,
1868 1944 1975 1994 quo
2011 1928 2315 2000 Babylonii
2341 1927 2410 1977 ab
2437 1929 2723 1980 Herodoto

1635 1998 1889 2048 dicuntur
1936 1998 2023 2048 usi
2080 2013 2230 2060 esse,
2287 2013 2409 2047 cum
2454 1998 2548 2047 vix
2596 2014 2723 2049 con-

1632 2068 1818 2118 venire
1845 2068 2098 2118 videatur
2128 2067 2336 2133 regioni
2362 2067 2584 2132 acrique
2608 2072 2725 2118 tam

1635 2137 1813 2187 calido
1830 2175 1843 2201 ,
1884 2137 2074 2203 utique
2096 2137 2202 2187 hae
2236 2140 2420 2187 vestes
2442 2136 2594 2186 luxui
2611 2153 2726 2189 ma-

1635 2206 1720 2272 gis
1757 2223 1823 2256 ac
1864 2206 2034 2257 fastui
2081 2222 2244 2271 quam
2286 2207 2609 2256 necessitati
2645 2208 2726 2257 in·

1637 2276 1873 2326 servisse
1917 2276 2188 2326 videntur.
2262 2276 2403 2326 Sunt
2450 2292 2578 2326 vero
2627 2293 2724 2326 no-

1635 2345 1934 2397 bilissimae
1975 2361 2041 2395 ac
2076 2361 2171 2409 per
2217 2361 2430 2396 omnem
2478 2347 2593 2396 fere
2628 2362 2725 2396 au-

1635 2415 1944 2479 tiquitatem
1968 2414 2277 2465 celebratae
2297 2414 2724 2479 Babyloniorum

1634 2488 1913 2546 texturae,
1962 2488 2207 2548 tapetes,
2267 2483 2378 2533 alia
2423 2484 2478 2534 id
2527 2500 2721 2548 genus,

1635 2554 1703 2603 ‹le
1737 2554 1933 2619 quibus
1972 2554 2142 2614 eonf.,
2192 2568 2262 2603 ne
2300 2552 2483 2618 plura,
2527 2555 2725 2605 Heere-

1631 2624 1782 2673 nium
1830 2623 1866 2674 l.
1910 2622 1950 2673 l.
1998 2639 2051 2687 p.
2098 2621 2202 2673 206
2247 2638 2399 2686 seqq.
2446 2623 2570 2673 coll.
2616 2625 2723 2674 245

1634 2708 1750 2757 seq.
1824 2693 1907 2742 De
1940 2692 2153 2741 luxurie
2176 2691 2600 2754 Babyloniorum
2624 2692 2723 2743 ali-

1635 2767 1770 2825 quot
1812 2761 1965 2811 locos
2022 2761 2168 2811 infra
2221 2761 2502 2810 afferemus
2551 2762 2621 2812 ad
2673 2763 2720 2824 1,

1638 2831 1758 2881 199.
1832 2831 1954 2880 Hoc
1979 2830 2103 2881 loco
2136 2830 2272 2880 illud
2302 2830 2517 2891 addam,
2545 2830 2723 2882 adhuc

1636 2900 1691 2949 in
1725 2899 2027 2964 lapidibus,
2075 2900 2264 2964 quales
2293 2915 2388 2964 per
2422 2900 2721 2965 Babylonis

1635 2968 1784 3018 urbis
1823 2970 2007 3018 ruinas
2056 2970 2433 3030 inveniuntur,
2480 2971 2721 3034 conspici

1634 3037 1968 3102 Babylonios
2026 3038 2296 3100 homines,
2358 3038 2559 3101 triplici
2617 3039 2721 3090 hoc

1632 3109 1958 3157 vestimento
1983 3107 2234 3173 pileoque
2270 3109 2325 3157 in
2357 3107 2526 3158 altum
2557 3109 2721 3159 ducto

1634 3177 1873 3227 indutos.
1937 3177 2115 3241 Atque
2152 3178 2284 3241 ipsis
2313 3178 2515 3228 Thebis
2540 3179 2722 3244 Aegy-

1632 3247 1830 3311 ptiacis
1866 3246 2188 3297 detexerunt
2238 3262 2410 3310 nuper
2454 3248 2511 3296 in
2553 3247 2722 3313 hypo-

1635 3317 1751 3381 geis
1796 3321 2030 3381 quatuor
2066 3315 2493 3379 Babyloniorum
2529 3317 2725 3383 imagi-

1636 3401 1760 3448 nes,
1798 3387 1891 3451 qui
1925 3384 2071 3435 haud
2113 3385 2273 3435 aliter
2318 3387 2509 3436 vestiti
2554 3392 2724 3452 atque

1636 3455 1815 3504 ornati
1848 3459 1976 3504 suut
2002 3460 2166 3519 atque
2190 3455 2501 3505 Herodotus
2524 3455 2726 3506 descri-

1632 3525 1733 3574 bit.
1808 3524 1965 3576 Conf.
2006 3525 2275 3574 Muenter.
2313 3524 2490 3589 Relig.
2536 3525 2589 3576 d.
2619 3527 2726 3576 Ba-

1631 3594 1819 3655 bylon.
1868 3609 1995 3658 pag.
2036 3593 2122 3654 97,
2162 3594 2255 3658 qui
2298 3595 2465 3644 etiam
2501 3595 2721 3646 Daniel.

1631 3665 1739 3725 ΙΙΙ,
1762 3665 1826 3714 21
1854 3669 2023 3727 atque
2040 3663 2241 3713 Enoch.
2259 3663 2467 3722 XXIII,
2503 3664 2561 3714 15
2581 3664 2725 3716 hanc

1631 3734 1688 3782 in
1719 3748 1831 3782 rem
1860 3733 2015 3783 citat.
2088 3732 2247 3797 Apud
2280 3732 2567 3783 Danielem
2595 3733 2724 3785 huic

1630 3801 1835 3865 triplici
1898 3799 2133 3851 vestium
2196 3802 2380 3866 generi
2449 3802 2725 3854 adduntur

1633 3886 1848 3936 quoque
1883 3871 2143 3932 braccae,
2200 3870 2343 3935 apud
2380 3873 2578 3921 Persas
2616 3874 2726 3923 usi-

1633 3944 1811 4001 tatae,
1861 3939 1959 3990 sed
1993 3939 2264 3988 solearum
2299 3940 2452 3990 nulla
2485 3940 2549 3990 fit
2580 3957 2727 3991 men-

1632 4010 1731 4059 tio.
1804 4008 1962 4059 Conf.
2003 4008 2292 4072 Lengerke
2340 4025 2396 4073 p.
2447 4009 2566 4061 136.
2616 4011 2727 4061 He-

1630 4077 1813 4129 rodoti
1836 4076 2015 4128 locum
2043 4093 2164 4127 cum
2200 4078 2268 4126 iis
2285 4115 2298 4139 ,
2331 4093 2472 4142 quae
2499 4094 2565 4129 ex
2591 4080 2724 4131 ima-

1633 4148 1851 4210 ginibus
1875 4163 2046 4211 nuper
2068 4146 2281 4196 effossis
2304 4151 2577 4211 constant,
2594 4165 2724 4200 cou-

1634 4217 1762 4267 tulit
1752 4217 2012 4349 pLayard
2045 4215 2297 4266 Nineveh
2333 4216 2441 4266 and
2477 4218 2551 4267 its
2587 4233 2725 4273 rem.

1636 4287 1712 4336 11.
1794 4286 1946 4338 .319
1981 4301 2096 4350 seq.

1700 4302 1875 4405 ἄλλον
1893 4350 2140 4422 εἰρίνεον
2154 4350 2385 4404 κιθῶνα
2403 4345 2729 4429 ἐπενδύνει]
