3109 5092
437 353 563 416 622

343 543 424 604 89
441 556 597 618 ρας,
647 531 760 598 καὶ
802 534 1030 598 ἔπειτα
1070 524 1214 598 ἀπ’.
1242 519 1341 597 ὧν
1384 533 1651 599 ἔδωκαν
1692 524 2183 616 ἀποφέρεσθαι.

1309 354 1848 417 HERODOTI

2302 524 2431 606 Τὰς
2476 528 2558 596 δέ
2592 554 2714 615 γυ·

433 649 670 712 ναῖκας
703 638 842 701 τῶν
871 634 1262 720 ἐπιφανέων
1293 628 1603 721 ἀνδρῶν,
1645 629 1852 700 ἐπεὰν
1886 629 2334 720 τελευτήσωσι
2354 681 2372 714 ,
2415 627 2498 700 οὐ
2539 657 2712 719 παρ-

432 743 673 806 αυτίκα
714 740 983 804 διδοῦσι
1019 734 1436 825 ταριχεύειν,
1486 732 1647 805 οὐδὲ
1678 731 1826 803 ὅσαι
1864 727 1952 802 ἂν
1993 725 2115 803 ὦσι
2166 730 2461 813 εὐειδέες
2502 732 2711 821 κάρτα

432 842 544 908 καὶ
580 839 787 926 λόγου
817 843 1106 918 πλεῦνος
1139 853 1458 926 γυναῖκες
1480 860 1494 873 ·

1600 834 1749 907 ἀλλ’
1802 834 2010 906 ἐπεὰν
2059 852 2347 926 τριταῖαι
2384 831 2430 924 ἦ
2475 864 2707 926 τεταρ-

430 959 610 1012 ταῖαι
646 946 1010 1030 γένωνται,
1057 938 1235 1010 οὕτω
1283 945 1735 1030 παραδιδοῦσι
1775 956 1945 1009 τοῖσι
1990 939 2437 1028 ταριχεύουσι.
2513 945 2711 1009 τοῦτο

433 1047 510 1115 δὲ
541 1049 842 1116 ποιέουσι
877 1042 1054 1114 οὕτω
1093 1050 1294 1114 τοῦδε
1340 1051 1623 1125 εἵνεκεν,
1654 1049 1767 1113 ἵνα
1803 1042 1893 1132 μή
1924 1064 2045 1131 σφι
2079 1048 2147 1111 οἱ
2177 1044 2563 1133 ταριχευταὶ
2597 1049 2707 1131 μί·

431 1169 724 1236 σγωνται
759 1154 909 1241 τῇσι
942 1152 1229 1235 γυναιξί.

1348 1153 1750 1237 λαμφθῆναι
1806 1147 1934 1236 γάρ
1969 1146 2121 1215 τινα
2169 1170 2335 1233 φασι
2383 1145 2705 1235 μισγόμε-

430 1280 556 1322 νον
605 1258 826 1344 νεκρῷ
861 1252 1228 1344 προσφάτῳ
1274 1248 1629 1338 γυναικὸς,
1687 1265 1995 1320 κατεῖπαι
2038 1249 2114 1318 δὲ
2151 1247 2272 1319 τὸν
2321 1244 2707 1337 ὁμότεχνον.

337 1352 535 1436 9οὋς
565 1352 631 1423 δ’
670 1349 758 1424 ἂν
793 1349 836 1442 ἦ
869 1351 1098 1423 αὐτῶν
1129 1359 1526 1440 Αἰγυπτίων
1555 1348 1598 1441 ἦ
1632 1357 1876 1435 ξείνων
1907 1347 2153 1440 ὁμοίως
2187 1348 2322 1421 ὑπὸ
2358 1357 2708 1441 κροκοδεί-

433 1562 729 1681 Gdesqh.t·d.
776 1561 1160 1613 Arzneikunde
1195 1562 1242 1615 Ι.
1283 1576 1411 1626 pag.
1449 1559 1516 1612 97

431 1648 462 1683 e
505 1673 516 1686 .
583 1648 640 1683 er
670 1669 682 1683 .

739 1804 871 1855 Cn.
911 1803 1212 1853 LXXXIX.

503 1902 599 1956 ἴνα
626 1898 705 1972 μή
722 1920 822 1970 σφι
844 1902 905 1956 οἷ
924 1899 1246 1972 ταριχευταὶ
1274 1903 1516 1968 μίσγων-

433 1976 545 2042 ται]
585 1978 736 2027 Haee
767 1978 813 2026 si
841 1982 1058 2041 reputes
1093 1975 1407 2039 turpissima
1432 1978 1518 2021 ta-

433 2047 795 2096 richeatarum
827 2047 1099 2107 facinora,
1153 2045 1242 2094 vix
1292 2043 1517 2093 honora-

432 2121 608 2165 torum
655 2115 927 2165 hominum
965 2115 1139 2165 ordini
1185 2130 1278 2163 eos
1315 2111 1518 2163 adscri-

430 2185 557 2246 bas,
607 2185 855 2248 quamvis
893 2184 1166 2234 Diodorus
1211 2182 1265 2244 Ι,
1304 2182 1369 2232 91
1419 2196 1514 2230 eos

432 2253 578 2303 omni
614 2253 814 2303 honore
860 2252 1120 2317 cultuque
1169 2253 1423 2315 dignatos
1461 2254 1516 2300 et

430 2321 804 2372 sacerdotibus
835 2322 1131 2372 familiares
1168 2319 1384 2385 prodat.
1449 2319 1516 2368 In

430 2392 613 2441 omnia
661 2392 773 2441 alia
820 2391 940 2440 abit
990 2389 1516 2442 Pseudo-Manetho

429 2461 538 2525 v1,
578 2462 680 2511 459
725 2476 876 2527 seqq.
933 2460 1188 2511 miserum
1243 2458 1516 2509 hominum

430 2546 602 2597 genus
629 2531 945 2583 describens
971 2531 1321 2583 taricheatas.
1361 2529 1516 2590 Quae

429 2600 824 2665 quodammpdo
861 2600 1140 2652 conciliari
1167 2615 1328 2665 posse
1358 2601 1517 2662 putat

429 2672 664 2722 Creuzer
695 2670 1042 2735 (Commentt.
1068 2669 1311 2720 Herodd.
1337 2683 1391 2732 p.
1425 2666 1515 2728 13)

428 2739 564 2791 haec
598 2741 869 2791 scribens:
926 2740 1219 2803 „videntur
1254 2740 1393 2788 enim
1435 2741 1516 2786 ta-

429 2809 706 2860 richeutae
741 2810 1002 2876 adscripti
1047 2809 1217 2859 fuisse
1246 2806 1519 2871 pastopho-

429 2882 530 2941 ris,
577 2879 630 2929 h.
668 2895 717 2930 e.
752 2879 921 2929 infimi
968 2878 1172 2928 ordinis
1222 2876 1517 2926 sacerdoti-

430 2948 558 3006 bus3
612 2948 679 2996 de
719 2949 803 2996 his
851 2947 923 2997 cf.
959 2962 1100 3012 quae
1148 2946 1423 3011 posuimus
1460 2945 1516 2992 in

431 3014 736 3082 Mytholog.
787 3017 834 3065 I.
882 3032 935 3080 p.
978 3015 1083 3065 278
1130 3013 1229 3080 [11.
1265 3031 1320 3080 p.
1357 3016 1391 3065 8
1427 3012 1512 3062 ed.

431 3082 583 3148 tert.]
610 3088 665 3133 et
687 3082 886 3134 adhibe
909 3086 1142 3148 zoegam
1168 3085 1234 3134 de
1259 3082 1513 3134 obelisco.

431 3170 485 3219 p.
530 3155 705 3203 255.“
790 3153 958 3202 Aliter
1005 3153 1201 3202 statuit
1244 3152 1514 3202 Amadeus

431 3224 646 3289 Peyron
683 3223 907 3287 (Papyr.
947 3223 1138 3273 Graec.
1169 3238 1222 3286 p.
1251 3221 1318 3271 83
1351 3219 1516 3284 seq.)‚

432 3293 525 3358 qui
560 3298 622 3342 ut
658 3292 991 3357 Cholchytas
1035 3292 1331 3355 superioris
1379 3289 1521 3339 ordi-

433 3363 518 3412 nis
555 3361 866 3413 sacerdotes
916 3363 1087 3412 fuisse
1134 3360 1405 3425 longeque
1437 3364 1520 3408 ta-

431 3432 693 3482 richeutis
716 3432 1060 3497 praestitisse
1096 3430 1401 3492 existimat,
1437 3429 1520 3478 ita

432 3501 853 3552 taricheutarum
871 3501 1077 3551 nomini
1097 3500 1405 3549 indecoram
1419 3497 1519 3547 ali-

432 3586 595 3635 quam
631 3577 816 3622 notam
849 3573 1084 3621 inustam
1122 3569 1321 3631 fuisse,
1354 3582 1516 3632 quam

432 3641 598 3691 ceteri
636 3656 671 3690 a
713 3656 774 3691 se
804 3640 1019 3691 amoliri
1064 3639 1396 3699 studuerint,
1451 3652 1516 3686 ex

431 3710 566 3773 ipsis
614 3710 837 3760 Graecis
880 3710 1102 3774 papyris
1147 3707 1378 3773 intelligi
1426 3706 1519 3755 ad-

433 3783 639 3827 monet:
680 3795 847 3843 quarc
886 3779 953 3828 de
983 3777 1302 3828 taricheutis
1339 3792 1406 3826 ea
1441 3775 1519 3823 di·

433 3852 525 3896 cta
560 3847 761 3908 credit,
812 3864 952 3913 qnae
989 3842 1515 3898 Pseudo-Manetho

431 3914 467 3967 l.
505 3913 546 3965 l.
581 3915 834 3980 protulit,
869 3917 1276 3980 Diodorumque
1311 3914 1518 3965 iudicat

431 3984 632 4033 rectius
672 3999 764 4045 ea,
804 4000 942 4049 quae
978 3984 1043 4033 de
1080 3984 1402 4035 taricheutis
1432 3997 1518 4032 eo-

431 4067 655 4115 rumque
709 4051 913 4103 honore
966 4053 1187 4114 scribit,
1241 4052 1308 4103 de
1359 4051 1518 4103 Chol-

431 4121 608 4185 chytis
641 4120 967 4186 scripturum
1003 4122 1191 4173 fuisse.
1251 4120 1514 4186 Equidem

429 4189 559 4255 quid
596 4190 856 4251 sentiam,
895 4191 1000 4240 iam
1037 4205 1202 4254 supra
1236 4190 1307 4240 ad
1339 4191 1412 4251 11,
1445 4189 1516 4240 86

429 4258 722 4310 declaravi.
823 4260 1123 4310 Creuzerus
1189 4259 1314 4308 olim
1380 4258 1513 4309 haec

429 4329 821 4393 adscripserat:
887 4328 1003 4391 „In
1049 4343 1255 4393 papyro
1303 4329 1512 4379 Graeco

428 4398 501 4450 ad
554 4397 772 4450 Thebas
828 4397 1129 4463 Aegyptias
1190 4397 1512 4462 pertinente,

1624 1577 1779 1626 quem
1827 1574 1998 1627 nuper
2047 1576 2077 1610 e
2126 1561 2301 1610 Musei
2352 1560 2707 1611 Taurinensis

1620 1630 1891 1680 thesauris
1924 1631 2066 1679 eruit
2101 1634 2267 1694 atque
2302 1630 2356 1679 in
2379 1630 2555 1680 lucem
2588 1645 2709 1695 pro·

1622 1700 1747 1750 tulit
1776 1701 1990 1766 Peyron
2028 1699 2281 1763 (Taurini
2311 1699 2485 1765 1826),
2520 1698 2709 1765 legun·

1620 1775 1710 1819 tur
1754 1770 1918 1820 haec:
1978 1762 2039 1818 οἴ
2082 1761 2182 1825 τὰς
2235 1767 2587 1833 λειτουργίας
2646 1759 2708 1818 ἐν

1618 1841 1745 1896 ταῖς
1772 1837 2023 1900 νείιριάις
2049 1829 2452 1902 παρεχόμενοι,
2502 1830 2710 1887 mioti-

1619 1921 1781 1971 μενοι
1816 1901 1881 1957 δὲ
1916 1899 2221 1971 Χολχύται.
2276 1907 2435 1957 Unde
2470 1912 2704 1969 constat,

1620 1977 1862 2026 homines
1915 1976 2152 2027 fortasse
2208 1976 2521 2026 sacerdotes
2570 1977 2707 2026 infe·

1620 2047 1778 2096 rioris
1816 2046 2050 2109 ordiniS,
2100 2046 2194 2111 qui
2235 2047 2292 2094 in
2326 2045 2707 2111 necropolibus

1621 2132 1715 2179 ea,
1752 2130 1892 2180 quae
1928 2115 1999 2164 ad
2036 2121 2277 2165 mortuos
2308 2115 2578 2177 facerent,
2616 2130 2709 2165 cu·

1621 2192 1821 2247 rarent‚
1848 2185 2023 2235 dictos
2048 2199 2169 2235 esse
2194 2184 2508 2250 Cholchycas.
2564 2185 2707 2246 Quo-

1620 2270 1737 2304 rum
1778 2254 1995 2305 omnino
2045 2253 2238 2305 erebra
2282 2252 2343 2303 fit
2394 2255 2599 2304 mentio
2653 2256 2707 2303 in

1621 2325 1842 2389 papyris
1865 2324 2216 2373 Thebaicis.“
2261 2324 2413 2373 Haec
2436 2325 2562 2385 Cr„
2592 2324 2709 2388 qui·

1618 2395 1845 2444 buscum
1889 2393 2034 2443 conf.
2093 2394 2370 2442 Letronne
2408 2393 2603 2444 Jouru.
2651 2394 2704 2443 d.

1617 2464 1747 2514 Sav,
1786 2462 1940 2514 1828.
1968 2478 2020 2527 p.
2054 2462 2151 2512 102
2176 2477 2314 2527 seq„
2351 2463 2619 2512 Franzius
2650 2463 2707 2512 in

1619 2533 1782 2597 Corp.
1810 2533 2092 2596 Inscriptt.
2123 2532 2215 2583 Gr.
2240 2531 2347 2582 111.
2373 2546 2428 2595 p.
2457 2530 2563 2582 306
2585 2547 2703 2597 seq.

1619 2607 1674 2651 et
1709 2601 1970 2652 Rosellini
2005 2600 2042 2651 1.
2083 2600 2118 2651 l.
2158 2616 2285 2666 pag.
2325 2600 2430 2652 354
2466 2616 2583 2667 seq.
2630 2599 2706 2650 εἷ’-

1620 2684 1783 2719 νεκεν
1825 2687 1854 2720 e
1900 2670 2074 2720 tribus
2120 2669 2274 2720 libris
2326 2668 2446 2734 (pro
2494 2666 2705 2733 εἵνεκα)

1618 2742 1724 2790 iam
1763 2739 2065 2804 Schweigh.
2116 2744 2173 2788 et
2207 2739 2383 2790 Gaisf.
2420 2739 2704 2790 dederunt.

1685 2812 1950 2859 κατεῖπαι
1989 2801 2052 2857 δὲ
2087 2800 2192 2857 τὸν
2226 2800 2556 2875 ὁμότεχνον]
2604 2809 2709 2860 Re·

1620 2879 1759 2929 tinui
1806 2894 1927 2928 cum
1977 2877 2100 2928 edd.
2139 2883 2370 2929 recentt.
2406 2881 2709 2937 κατεῖπαιξ

1618 2948 1862 3013 plerique
1905 2947 2064 2998 codd.
2112 2950 2428 3009 κατειπεῖν,
2482 2947 2548 2997 de
2596 2963 2704 3012 qno

1617 3018 1729 3068 vid.
1765 3022 1906 3068 nott.
1943 3016 2013 3067 ad
2047 3017 2101 3078 1,
2139 3016 2227 3068 49.
2310 3018 2392 3066 De
2429 3016 2705 3082 significa-

1617 3087 1767 3137 tione
1802 3086 1956 3136 verbi
1993 3087 2260 3152 (desen-e,
2302 3087 2555 3150 indicare)
2592 3103 2706 3138 mo-

1618 3156 1710 3205 nui
1757 3155 1829 3206 ad
1863 3154 2143 3207 Plutarch.
2181 3154 2375 3220 Pyrrh.
2412 3171 2540 3222 pag.
2583 3157 2704 3208 155.

2020 3326 2152 3377 Cu.
2191 3327 2306 3379 XC.

1676 3418 1780 3487 “09
1816 3427 1874 3478 δ’
1901 3417 1975 3478 ἂν
2013 3418 2054 3494 ἢ
2083 3420 2274 3479 αὐτῶν
2297 3424 2620 3494 Αἰγυπτίων
2650 3445 2703 3479 κ.

1620 3514 1667 3548 τ.
1703 3497 1776 3564 λ.]
1834 3499 2035 3564 Attigit
2080 3498 2267 3550 eadem
2313 3499 2528 3564 Ioseph.
2580 3514 2708 3549 con-

1618 3572 1705 3617 tra
1731 3568 1929 3633 Apion.
1950 3568 2033 3630 ΙΙ,
2060 3571 2109 3619 7.
2137 3583 2191 3633 p.
2217 3569 2321 3619 475
2361 3573 2415 3618 et
2453 3567 2708 3633 disquisi-

1622 3638 1703 3687 vit
1751 3639 1935 3703 zoega
1991 3639 2059 3688 de
2113 3636 2367 3719 obelisco.
2408 3636 2546 3702 bag.
2603 3637 2705 3718 2524

1620 3721 1777 3825 ἓξὲξ
1825 3708 2239 3826 ssssffsssztff.
2252 3707 2612 3842 Ἦξζῖιῗέῗ
2621 3721 2707 3824 ,2¹3

1620 3845 1858 3909 pientes,
1919 3850 1982 3895 ut
2034 3844 2326 3895 alacriores
2387 3849 2573 3895 essent
2633 3843 2706 3894 ad

1620 3913 1840 3965 fluvium
1874 3915 2323 3980 frequentandum
2359 3920 2415 3963 et
2440 3913 2627 3965 hortos
2654 3914 2709 3962 ei
2788 3971 2797 3977 ⁸

1621 3983 1933 4033 adiacentes
1979 3982 2236 4034 colendos
2281 3998 2383 4033 nec
2415 3982 2583 4034 ullum
2619 3981 2708 4033 vel
2751 3982 2767 3997 ’

1621 4067 1656 4100 a
1690 4052 1947 4102 fluetibus
2000 4051 2087 4102 vel
2135 4068 2170 4102 a
2202 4050 2376 4102 beluis
2413 4051 2709 4118 periculum

1622 4121 2056 4172 reformidarent.
2128 4122 2309 4187 Atque
2343 4121 2601 4172 Indorum
2638 4122 2707 4171 si·

1618 4189 1791 4239 milem
1833 4207 1954 4241 esse
1997 4193 2434 4256 persuasionem,
2485 4196 2546 4241 ut
2582 4192 2709 4242 bea·

1616 4264 1703 4308 tos
1737 4260 1984 4324 inprimis
2027 4261 2368 4322 existiment,
2406 4261 2501 4325 qui
2537 4261 2707 4311 sacris

1616 4329 1822 4392 Gangis
1879 4329 2130 4379 fluctibus
2190 4330 2427 4380 immersi
2486 4330 2706 4392 fuerint,

1615 4412 1772 4447 nemo
1828 4397 1944 4449 fere
1997 4398 2193 4450 nescit.
2285 4397 2412 4451 vid.
2468 4399 2703 4449 Heeren.
