3109 5092
1203 387 1457 451 CLIO.
1501 390 1554 449 Ι.
1600 400 1691 454 53.
1737 400 1825 453 54.

2527 390 2647 451 109

356 568 675 652 λέγουσαι
702 569 974 656 Κροίσῳ
993 614 1011 648 ,
1058 557 1145 651 ἦν
1170 562 1610 652 στρατεύηται
1641 564 1751 634 ἐπὶ
1779 565 2076 653 Πέρσας,
2109 562 2410 652 μεγάλην
2434 560 2648 654 ἀρχήν

355 697 476 758 μιν
502 672 890 736 καταλῦσαι.
948 664 1103 746 τούς
1134 666 1207 735 δὲ
1245 663 1584 756 Ἑλλήνων
1613 665 2122 746 δυνατωτάτους
2150 666 2647 755 συνεβούλευόν

355 777 428 841 οἱ
448 769 810 859 ἐξευρόντα
839 776 1080 857 φίλους
1110 773 1555 859 προσθέσθαι.
1627 767 1815 839 Ἐπεί
1836 797 1907 838 τε
1938 769 2012 838 δὲ
2055 765 2535 859 ἀνενειχθέντα
2561 769 2642 840 τὰ
2657 781 2740 843 54

354 874 740 964 θεοπρόπια
793 872 1086 943 ἐπύθετο
1139 870 1176 944 ὁ
1218 881 1540 962 Κροῖσος,
1595 868 1954 963 ὑπερήσθη
2006 900 2078 942 τε
2131 890 2302 943 τοῖσι
2354 895 2640 964 χρηστη-

358 986 595 1067 ρίοισι,
653 975 872 1064 πάγχυ
923 1004 995 1045 τε
1038 980 1313 1057 ἐλπίσας
1357 975 1765 1047 καταλύσειν
1804 974 1926 1065 τὴν
1967 976 2203 1066 Κύρου
2260 984 2642 1066 βασιληΐην,

354 1086 619 1169 πέμψας
654 1071 845 1160 αὖτις
889 1083 957 1160 ἐς
993 1078 1217 1151 Πυθώ
1240 1079 1562 1168 Δελφοὺς
1600 1084 1953 1169 δωρέεται,
2003 1079 2390 1170 πυθόμενος
2417 1078 2645 1151 αὐτῶν

425 1240 675 1313 μεγάλην
719 1237 905 1312 ἀρχήν
963 1262 1064 1312 μιν
1112 1245 1448 1316 καταλῦσαι]

354 1320 559 1369 Exstat
604 1316 812 1367 oraculi
864 1332 1056 1367 versus
1112 1318 1170 1367 in
1222 1318 1451 1369 Diodori

355 1389 638 1452 Excerptt.
666 1387 790 1437 VII.
809 1385 860 1448 9.
888 1387 955 1438 28
984 1387 1164 1452 (Tom.
1198 1388 1275 1438 11.
1302 1404 1355 1454 p.
1382 1390 1449 1440 25

354 1458 496 1507 Nov.
534 1457 723 1521 script.
759 1455 881 1506 coll.
915 1457 1000 1507 ed.
1040 1457 1229 1524 Mai.)=

462 1526 711 1590 Κροῖσος
750 1517 915 1575 ’Ἅλυν
952 1519 1158 1592 διαβὰς
1200 1520 1451 1592 μεγάλην

562 1587 746 1660 ἀρχὴν
782 1588 1101 1646 καταλύσει.

352 1667 508 1729 Quae
547 1665 738 1715 Cicero
776 1665 843 1715 de
880 1666 1110 1716 divinat.
1149 1665 1224 1730 11,
1263 1668 1331 1719 56
1368 1667 1449 1717 ita

350 1734 616 1785 reddidit:

459 1804 731 1866 „Croesus
767 1801 967 1867 Halym
1006 1808 1299 1868 penetrans
1338 1822 1449 1856 ma·

563 1887 724 1939 gnam
762 1877 1039 1937 pervertet
1077 1890 1239 1938 opum
1274 1875 1447 1926 vim.“

352 1943 464 1991 Ubi
498 1942 656 2007 plura
708 1941 818 1991 alia
853 1947 1097 1992 veterum
1134 1945 1450 1996 testimonia

352 2012 552 2061 citavit
583 2011 864 2062 Davisius.
940 2013 1188 2078 Namque
1233 2014 1301 2064 ob
1340 2030 1449 2065 am-

352 2082 581 2146 biguum
600 2095 819 2132 sensum
845 2082 1053 2131 oraculi
1075 2098 1266 2135 versus
1286 2084 1448 2135 valde

354 2151 661 2201 celebratus
698 2165 795 2214 per
826 2165 1036 2201 omnem
1064 2153 1449 2218 antiquitatem

351 2236 525 2285 usque
564 2220 634 2269 sd
666 2219 945 2283 Cosmam,
984 2221 1077 2285 qui
1113 2223 1170 2271 in
1202 2223 1448 2274 historiis

351 2305 525 2354 nuper
561 2288 724 2340 editis
766 2286 1045 2355 (Spicileg.
1085 2293 1242 2343 Rom.
1274 2294 1349 2344 11.
1388 2310 1442 2358 p.

351 2360 420 2409 98
456 2359 600 2424 seq.)
639 2359 757 2409 eius
794 2360 1059 2410 meminit.
1096 2392 1168 2401 —
1203 2362 1447 2411 καταλῦ-

352 2441 445 2477 σαι
478 2429 700 2494 reliqui,
762 2430 1011 2493 quamvis
1057 2431 1277 2495 quidam
1321 2432 1446 2482 libri

350 2491 713 2560 καταλύσειν,
781 2497 927 2562 quod
988 2499 1130 2549 idem
1194 2502 1446 2566 sequenti

349 2568 533 2632 capite
580 2581 765 2618 omnes
811 2568 1099 2632 praebent,
1140 2566 1265 2621 'uno
1310 2571 1445 2622 San·

348 2636 513 2687 crofti
553 2636 691 2686 libro
733 2651 863 2686 exce
903 2643 989 2701 to,
1038 2640 1094 2688 in
1129 2654 1236 2705 quo
1273 2656 1443 2690 κατα-

345 2704 534 2756 λῦσαι.
588 2706 652 2756 In
679 2721 830 2772 seqq.
864 2652 1168 2770 Ξὲευρόντα
1204 2711 1440 2775 accipio:

346 2781 436 2839 „si
469 2790 595 2839 quos
630 2776 930 2840 invenisset,
981 2776 1153 2827 multa
1187 2780 1244 2828 in
1282 2795 1444 2845 quae-

344 2844 516 2895 rendo
554 2859 719 2908 opera
770 2844 1076 2896 adhibita.“
1151 2849 1236 2899 cf.
1276 2865 1444 2915 supra

345 2914 391 2977 1,
416 2914 506 2976 48,
544 2929 611 2964 ne
645 2914 823 2978 plura.
880 2915 1077 2966 Moneo
1100 2924 1322 2983 propter
1340 2920 1443 2970 Ne-

344 2985 491 3049 gris,
541 2983 637 3048 qui
666 2983 721 3033 h.
759 2983 797 3035 l.
835 2973 1138 3049 ἐξευρόντα
1175 2987 1315 3038 idem
1350 3005 1441 3038 va-

342 3053 459 3103 lere
504 3053 585 3102 ait
629 3058 795 3118 atque
838 3048 1050 3118 γνόντα
1097 3055 1267 3107 allato
1319 3058 1439 3111 10oe

342 3122 662 3173 Herodoteo
707 3123 842 3185 VII,
886 3124 990 3174 215
1037 3123 1116 3187 (in
1153 3142 1259 3191 quo
1307 3143 1439 3178 sane

343 3183 600 3255 ἐξευρεῖν
647 3191 836 3242 eadem
887 3196 1171 3246 inveniendi
1216 3198 1439 3247 notione

344 3260 659 3327 adhibetur)
697 3261 931 3328 aliisque
952 3264 1231 3328 Euripidis
1267 3271 1323 3315 et
1343 3267 1440 3317 So-

341 3329 561 3395 phoclis
588 3329 754 3392 locis,
793 3332 885 3396 qui
917 3337 1098 3382 tamen
1126 3335 1304 3385 minus
1337 3336 1440 3387 huc

341 3400 529 3450 facere
566 3398 840 3451 videntur.

731 3568 865 3620 Cu.
902 3570 1051 3622 LIV.

410 3669 486 3721 πέ
618 3687 647 3730 ς
683 3659 846 3729 αὖτις
881 3663 937 3729 ἐς
964 3667 1149 3724 Πυθώ
1176 3670 1439 3741 Δελφοὺς

340 3740 461 3807 dono
492 3740 635 3807 εται]
669 3740 1000 3807 wesseling.
1037 3741 1228 3795 laudat
1257 3745 1436 3796 Sobel.

342 3812 413 3861 ad
444 3812 670 3862 Homer.
696 3809 860 3861 Iliad.
882 3810 979 3873 lx,
1004 3812 1126 3875 405,
1154 3815 1248 3867 ubi
1274 3815 1437 3866 haec:

342 3872 564 3943 Πυθώ,
616 3872 784 3937 πόλις
820 3877 1112 3945 Φωκίδος,
1158 3871 1228 3947 ἧς
1261 3877 1323 3932 οἱ
1357 3879 1438 3932 οἰ-

336 3942 581 4013 κήτορες
608 3947 843 4012 Δελφοί.
910 3943 1097 4000 Πυθὼ
1135 3966 1330 4002 nomen
1356 3957 1441 4002 est

338 4023 457 4067 tum
482 4017 551 4067 de
584 4018 709 4069 loco
745 4020 863 4068 sive
895 4018 1025 4069 sede
1049 4019 1283 4083 oraculi,
1324 4027 1438 4071 tum

340 4088 407 4137 de
448 4093 733 4152 serpente,
782 4101 940 4151 quem
978 4087 1092 4138 illic
1127 4089 1322 4154 Apollo
1361 4091 1442 4140 in-

338 4156 629 4206 terfecisse
682 4157 855 4206 fertur
874 4193 888 4216 ,
948 4158 1237 4218 usitatum3
1294 4159 1439 4223 quod

339 4226 545 4275 dudum
573 4225 886 4275 observavit
911 4226 1202 4291 Spanhem.
1226 4227 1296 4276 ad
1319 4228 1440 4277 Cal-

338 4294 563 4345 limach.
590 4295 663 4344 Η.
688 4295 743 4343 in
771 4293 1011 4358 Apollin.
1041 4311 1124 4346 vs.
1156 4296 1265 4345 100.
1317 4297 1439 4346 Hoc

335 4363 493 4425 loco,
541 4363 639 4413 ubi
675 4362 988 4414 Herodotus
1037 4363 1326 4427 distinguit
1362 4366 1440 4413 in-

337 4439 425 4482 ter
476 4424 670 4481 Πυθώ
716 4437 774 4481 et
824 4426 1114 4496 Δελφοὺς,
1175 4432 1311 4482 illud
1373 4433 1439 4483 de

1551 1249 1741 1316 templi
1789 1254 1953 1316 atque
2003 1248 2208 1303 oraculi
2263 1248 2394 1300 sede
2449 1247 2647 1298 intelli-

1552 1320 1812 1385 gendum,
1872 1319 1974 1370 hoc
2021 1319 2088 1369 de
2132 1319 2329 1370 ineolis
2377 1318 2522 1370 illius
2567 1334 2646 1368 re-

1552 1390 1730 1455 gionis
1784 1389 2028 1454 adeoque
2077 1389 2257 1452 urbis,
2313 1404 2475 1455 quam
2531 1387 2644 1437 illic

1553 1460 1834 1509 exstitisse
1875 1459 2117 1509 tradunt.
2201 1461 2288 1510 De
2334 1459 2468 1509 urbe
2523 1458 2672 1524 ipsae

1552 1520 1817 1592 Δελφοὺς
1874 1529 2164 1593 posteriori
2230 1533 2443 1579 tantum
2505 1543 2642 1579 aevo

1553 1597 1662 1647 dici
1698 1598 1982 1648 contendit
2009 1598 2179 1661 Gan„
2217 1599 2383 1663 priori
2405 1613 2543 1647 aevo
2576 1597 2643 1646 de

1552 1668 1690 1719 vicis
1713 1668 1910 1732 viginti
1931 1668 2142 1718 duobus
2166 1669 2312 1717 circa
2333 1666 2538 1717 oraculi
2562 1681 2645 1716 se-

1552 1736 1676 1787 dem
1709 1737 1915 1801 sparsis
1950 1752 2242 1802 eorumque
2263 1737 2458 1787 incolis
2496 1735 2641 1799 (coll.

1552 1806 1736 1857 Sehol.
1777 1806 2082 1871 Thucydid.
2131 1806 2188 1868 1,
2231 1804 2359 1869 112)
2408 1804 2646 1870 intelligi

1552 1875 1775 1935 debere;
1828 1867 2041 1937 Πυθὼ,
2090 1890 2197 1940 quo
2248 1874 2454 1925 oraculi
2488 1874 2644 1924 sedes

1551 1960 1619 1994 ac
1653 1945 1806 1995 locus
1855 1944 2158 2009 antiquitus
2204 1945 2508 2007 indicatur,
2557 1958 2644 1994 eo·

1551 2014 1673 2063 dem
1712 2014 1938 2079 antiquo
1985 2029 2119 2063 aevo
2168 2013 2238 2064 de
2282 2014 2418 2064 urbe
2467 2014 2645 2078 accipi

1552 2098 1716 2148 posse
1751 2083 1892 2133 idem
1929 2088 2127 2148 negat,
2174 2083 2353 2148 qualis
2388 2084 2643 2134 nimirum

1552 2151 1648 2202 illa
1693 2153 1980 2204 Strabonis
2037 2157 2219 2204 aetate
2276 2152 2489 2203 demum
2535 2153 2638 2219 (cf.

1549 2222 1681 2272 ibid.
1712 2223 1810 2273 IX.
1849 2238 1901 2288 p.
1938 2222 2072 2287 640)
2108 2228 2205 2273 aut
2242 2223 2444 2274 Iustini
2479 2224 2644 2275 exsti-

1548 2293 1696 2342 terit.
1774 2292 1934 2343 Conf.
1970 2292 2088 2342 eius
2124 2294 2309 2358 Atlas,
2345 2297 2643 2344 eontenant

1547 2361 1627 2411 les
1665 2367 1843 2412 cartes
1882 2362 2138 2414 relatives
2167 2364 2202 2414 a
2237 2363 2293 2413 la
2327 2346 2638 2429 Geogqssa.

1548 2430 1869 2483 d'Herodot.
1920 2438 2024 2483 etc.
2080 2431 2283 2495 (Paris.
2333 2433 2495 2496 1825)
2533 2432 2640 2482 Ob-

1548 2516 1728 2551 servv.
1773 2500 2051 2555 Prelimin.
2089 2518 2149 2566 ·p.
2190 2503 2314 2553 XII.
2391 2502 2477 2552 Tu
2514 2517 2639 2551 con-

1548 2570 1648 2631 fer,
1683 2571 1778 2632 sis,
1819 2576 1880 2619 ut
1901 2571 2124 2621 Homeri
2157 2586 2221 2621 ac
2248 2570 2473 2621 Pindari
2495 2586 2638 2620 nunc

1548 2640 1794 2688 omittam
1828 2638 2004 2703 locos,
2057 2640 2346 2705 praecipue
2382 2640 2638 2693 Straboni.

1546 2708 1644 2770 lx,
1681 2707 1733 2758 3.
1774 2712 1825 2771 §-
1862 2709 1914 2757 2.
1957 2724 2011 2773 p.
2051 2709 2154 2760 418
2202 2713 2257 2758 et
2286 2710 2526 2759 Pausan.
2569 2710 2636 2770 Χ,

1545 2778 1606 2839 6,
1645 2776 1697 2828 3.
1770 2776 2031 2843 Reliquos
2082 2783 2327 2828 veterum
2384 2777 2535 2828 locos
2575 2777 2642 2826 de

1544 2846 1774 2913 Delphis
1822 2846 1976 2897 dabit
2013 2847 2280 2913 Forbiger
2313 2847 2533 2898 Handb.
2587 2846 2640 2897 d.

1546 2916 1646 2967 alt.
1687 2916 1884 2981 Geogr.
1927 2917 2036 2968 111.
2070 2933 2124 2983 p.
2150 2918 2280 2968 911:
2321 2916 2640 2969 recentioris

1545 3000 1762 3052 quoque
1798 2988 1997 3037 aetatis
2031 2988 2465 3053 peregrinatores
2484 3025 2498 3051 ,
2545 2987 2640 3053 qui

1542 3055 1785 3121 Delphos
1803 3057 2109 3108 inviserant
2128 3072 2192 3108 ac
2213 3057 2635 3125 descripserunt,

1541 3125 1686 3174 idem
1726 3125 2002 3189 laudavit,
2064 3127 2207 3177 inter
2253 3143 2389 3193 quos
2428 3127 2637 3194 praeci-

1540 3208 1648 3259 pue
1715 3200 1873 3245 erunt
1945 3196 2297 3251 consulendi:
2366 3196 2632 3249 Dodwell.

1540 3262 1808 3314 Classical
1864 3265 1973 3315 and
2028 3267 2443 3332 topographical
2512 3271 2635 3317 tour

1541 3332 1777 3398 through
1811 3334 2014 3386 Greece
2055 3336 2102 3387 1.
2144 3352 2198 3401 p.
2241 3337 2340 3386 162
2369 3351 2522 3400 seqq.
2563 3334 2632 3397 (Ι,

1546 3401 1594 3452 1.
1634 3418 1686 3467 p.
1724 3403 1827 3453 225
1861 3419 2005 3455 vers.
2043 3404 2338 3470 gemam),
2385 3406 2633 3468 Pouque-

1538 3470 1672 3521 ville
1693 3472 1749 3520 in
1781 3473 1960 3523 itiner.
1990 3473 2184 3524 Graec.
2215 3473 2275 3523 11
2300 3488 2353 3536 p.
2387 3473 2452 3522 14
2473 3487 2628 3536 seqq.
2709 3515 2729 3526 .

1536 3554 1684 3590 vers.
1734 3556 2008 3605 german„
2047 3542 2233 3591 Leake
2285 3540 2514 3590 Travels
2573 3526 2706 3591 in·

1540 3608 1814 3659 Northern
1849 3610 2052 3660 Greece
2089 3610 2167 3660 11.
2215 3626 2269 3675 p.
2309 3610 2406 3660 551
2456 3624 2628 3674 seqq„

1538 3676 1759 3727 Ulrichs
1794 3679 1993 3728 Reisen
2033 3683 2138 3729 etc.
2189 3680 2235 3730 1.
2275 3694 2327 3742 p.
2353 3680 2422 3728 25
2453 3693 2626 3743 seqq„

1540 3749 1806 3811 Burgess:
1849 3747 2052 3797 Greece
2075 3747 2182 3798 and
2209 3750 2423 3798 Levant
2447 3746 2629 3812 (1835)

1541 3817 1608 3865 T.
1645 3815 1694 3864 I.
1732 3831 1787 3879 p.
1831 3816 1946 3865 148.
2019 3817 2313 3868 Praeterea
2348 3817 2419 3867 cf.
2457 3817 2518 3867 C.
2558 3816 2627 3867 O.

1540 3883 1787 3934 Mueller.
1843 3883 2166 3936 Orchomen.
2225 3903 2276 3952 p.
2338 3886 2443 3937 494
2504 3886 2629 3937 coll.

1542 3954 1647 4003 146
1693 3968 1843 4019 seqq.
1903 3959 1958 4003 et
1997 3955 2176 4006 Kruse
2210 3956 2401 4007 Hellas
2448 3957 2534 4018 11,
2574 3959 2625 4006 2.

1540 4036 1596 4087 p.
1646 4024 1716 4073 44
1769 4037 1920 4087 seqq.
2004 4024 2163 4075 Nunc
2222 4026 2358 4075 satis
2411 4029 2632 4076 constat

1540 4090 1677 4141 haec
1713 4089 1837 4142 loca
1861 4095 2115 4157 occupari
2135 4095 2282 4155 vico,
2321 4096 2408 4144 cui
2434 4110 2630 4145 nomen

1542 4161 1731 4209 casu-i.
1813 4161 1972 4211 Unde
2017 4178 2158 4227 quae
2205 4168 2397 4213 nostra
2448 4168 2634 4214 aetate

1542 4234 1731 4278 erutae
1787 4236 1915 4279 sunt
1955 4232 2365 4297 inscriptiones,
2404 4248 2497 4283 eas
2534 4247 2629 4296 pu-

1540 4296 1671 4347 blici
1703 4299 1839 4348 iuris
1875 4299 2009 4348 fecit
2045 4300 2294 4351 Curtius:
2343 4301 2630 4351 Anecdota

1537 4366 1824 4431 Delphica.
1880 4368 2115 4418 Berolin.
2159 4369 2308 4420 1843.
2361 4371 2415 4420 4.
2487 4368 2630 4420 Reli·

1540 4436 1699 4498 quias
1736 4437 2000 4500 quasdam
2035 4437 2321 4502 grandium
2355 4452 2628 4489 murorum
