3109 5092
521 321 643 385 798

1390 324 1929 388 HERODOTI

521 501 869 578 δοκέοντες
906 494 1088 585 παρὰ
1129 501 1340 566 ταῦτα
1382 495 1533 568 οὐδ’
1578 493 1665 568 ἂν
1712 497 1871 579 τοὺς
1920 498 2355 587 σοφωτάτους
2400 497 2807 591 ἀνθρώπων

519 608 937 689 Αἰγυπτίους
963 597 1170 670 οὐδὲν
1208 604 1617 691 ἐπεξευρεῖν.
1685 598 1774 684 ὦς
1801 602 1877 672 δὲ
1905 599 2299 691 ἀπικόμενοι
2329 607 2396 684 ἐς
2420 602 2547 694 τὴν
2577 616 2799 692 Αἰγυ-

518 732 686 775 πτον
716 710 785 774 οἱ
799 703 1046 775 Ἠλεῖοι
1077 710 1343 790 ἔλεγον,
1371 711 1510 774 τῶν
1537 712 1764 776 εἵνεκα
1797 703 2119 775 ἀπίκοντο
2137 757 2156 790 ,
2190 709 2494 777 ἐνθαῦτα
2523 703 2559 778 ὁ
2594 717 2796 798 βασι-

516 807 674 889 λεὺς
712 799 907 889 οὗτος
939 810 1377 895 συγκαλέεται
1405 815 1804 896 Αἰγυπτίων
1844 807 2001 888 τούς
2032 814 2436 899 λεγομένους
2466 811 2640 882 εἶναι
2673 833 2794 881 σο-

521 913 890 1002 φωτοίτους.

985 911 1435 991 συνελθόντες
1491 912 1567 982 δὲ
1619 918 1689 982 οἱ
1720 913 2083 1000 Αἰγύπτιοι
2133 914 2605 985 ἐπυνθάνοντο
2656 919 2798 983 τῶν

510 1015 794 1086 Ἠλείων
829 1014 1167 1102 λεγόντων
1193 1010 1491 1102 ἅπαντα,
1534 1014 1616 1085 τὰ
1646 1016 1917 1106 κατήκει
1954 1019 2166 1105 σφέας
2195 1020 2452 1087 ποιέειν
2479 1020 2632 1108 περὶ
2672 1016 2797 1087 τὸν

518 1117 749 1207 ἀγῶνα
770 1142 784 1156 ·
830 1116 1333 1206 ἀπηγησάμενοι
1360 1118 1434 1187 δὲ
1465 1117 1545 1188 τὰ
1575 1119 1792 1189 πάντα
1827 1126 2091 1209 ἔφασαν
2117 1117 2310 1209 ήκειν
2336 1121 2757 1210 ἐπιμαθησό-
2780 1138 2882 1190 1&ss

518 1250 741 1313 μενοι,
791 1234 858 1292 εἴ
896 1250 956 1291 τι
1003 1228 1219 1308 ἔχοιεν
1249 1219 1609 1308 Αἰγύπτιοι
1638 1223 1899 1292 τούτων
1926 1223 2349 1312 δικαιότερον
2378 1228 2790 1314 ἐπεξευρεῖν.

516 1332 584 1396 οἰ
608 1326 682 1395 δὲ
709 1324 1239 1414 βουλευσάμενοι
1269 1323 1653 1413 ἐπειρώτων
1682 1324 1839 1407 τούς
1858 1323 2190 1412 Ἠλείους,
2237 1336 2305 1394 εἴ
2334 1347 2456 1415 σφι
2501 1334 2569 1398 οἰ
2593 1336 2788 1397 πολι-

514 1436 664 1518 ῆται
695 1431 1227 1516 ἐναγωνίζονται.
1298 1432 1367 1497 οἰ
1392 1430 1466 1499 δὲ
1495 1436 1794 1516 ἔφασαν,
1840 1432 2211 1524 καὶ-σφέων
2237 1432 2350 1499 καὶ
2383 1437 2522 1500 τῶν
2561 1429 2795 1501 ἄλλων

504 1528 845 1623 Ἑλλήνων
873 1527 1116 1620 ὁμοίως
1141 1537 1237 1623 τῷ
1260 1537 1653 1626 βουλομένῳ
1685 1536 1929 1616 ἐξεῖναι
1956 1529 2426 1620 ἀγωνίζεσθαι.
2474 1539 2544 1603 οἱ
2559 1535 2635 1603 δὲ
2660 1541 2788 1603 Αί-

515 1636 782 1724 γύπτιοι
811 1642 1095 1725 ἔφασαν,
1112 1637 1322 1722 σφέας
1343 1631 1519 1705 οὕτω
1537 1639 1851 1717 τιθέντας
1873 1634 2118 1715 παντὸς
2136 1641 2258 1706 τοῦ
2280 1642 2551 1707 δικαίου
2572 1633 2794 1727 ἡμαρέ

515 1742 786 1828 τηκέναι
806 1761 821 1777 ·
866 1735 1194 1826 οὐδεμίαν
1220 1736 1349 1827 γὰρ
1379 1738 1552 1809 εἶναι
1585 1737 1926 1829 μηχανὴν,
1967 1735 2139 1819 ὅκως
2169 1737 2252 1812 οὐ
2277 1745 2371 1832 τῷ
2399 1737 2579 1834 ἀστῷ
2607 1737 2790 1828 ἄγω-

515 1845 837 1937 νιζομένῳ
881 1840 1383 1931 προσθήσονται
1401 1894 1419 1928 ,
1473 1840 1857 1923 ἀδικέοντες
1904 1840 2025 1911 τὸν
2077 1845 2318 1924 ξεῖνον.
2397 1841 2550 1914 ἀλλ’
2598 1851 2662 1914 εἰ
2706 1841 2795 1932 δὴ

515 1945 877 2035 βούλονται
905 1950 1181 2025 δικαίως
1205 1951 1493 2030 τιθέναι,
1523 1948 1637 2015 καὶ
1662 1945 1906 2014 τούτου
1938 1950 2163 2013 εἵνεκα
2188 1943 2540 2016 ἀπικοίατο
2565 1950 2632 2026 ἐς
2663 1957 2789 2015 Αἶ-

516 2077 807 2137 γυπτον,
885 2051 1161 2130 ξείνοισι
1215 2045 1621 2138 ἀγωνιστῇσι
1677 2051 1992 2118 ἐκέλευον
2044 2045 2164 2117 τὸν
2214 2046 2445 2136 ἀγῶνα
2495 2054 2790 2132 τιθέναι,

508 2151 791 2222 Ἠλείων
830 2151 904 2220 δὲ
944 2153 1185 2239 μηδενὶ
1227 2150 1401 2221 εἶναι
1441 2149 1911 2239 ἀγωνίζεσθαι.
1994 2156 2216 2220 Ταῦτα
2257 2151 2383 2240 μὲν
2424 2152 2789 2240 Αἰγύπτιοι

508 2251 824 2325 Ἠλείοισι
851 2249 1306 2342 ὑπεθήκαντο.

519 2463 632 2528 Cr.)
680 2461 750 2512 ad
796 2461 1026 2513 Theoer.
1084 2461 1416 2514 Adoniazus.
1464 2479 1594 2529 pag.

521 2532 620 2583 194
659 2532 718 2594 C,
770 2532 835 2582 de
869 2531 1144 2582 locutione
1186 2530 1414 2582 τιθέναι
1462 2537 1596 2594 (ιιοιι

517 2599 763 2660 θέσθαι)
792 2595 860 2652 τὰ
891 2593 1172 2681 Ολύμπια
1197 2617 1240 2653 s.
1272 2594 1374 2651 τὸν
1405 2594 1599 2668 ἀγῶνα

518 2687 615 2721 seu
652 2668 899 2733 διέπειν,
945 2661 1130 2735 ἄγειν,
1180 2688 1393 2730 curare,
1441 2674 1599 2723 admi-

518 2745 758 2799 nistrare,
787 2744 1062 2802 instituere,
1097 2746 1158 2792 ut
1187 2742 1265 2804 ΙΙ,
1297 2740 1383 2803 91,
1411 2743 1503 2793 ubi
1532 2742 1600 2792 de

517 2813 908 2876 Aegyptiorum
942 2779 1085 2862 ludis
1122 2812 1390 2876 gymnicis
1424 2827 1601 2862 sermo

518 2885 628 2941 est;
687 2880 830 2930 conf.
883 2882 1046 2929 etiam
1104 2881 1327 2930 Pindar.
1385 2881 1601 2946 Olymp.

519 2949 624 3010 111,
663 2949 748 3000 23.
774 2948 929 2998 Nem.
961 2950 1057 3010 IX,
1082 2951 1134 3000 9.
1186 2949 1439 3015 Aenehyl.
1463 2952 1605 3015 Aga-

518 3033 713 3068 memn.
745 3018 867 3067 845.
939 3018 1188 3082 Euripid.
1212 3018 1415 3068 Alcest.
1447 3020 1602 3070 1027.

497 3097 588 3123 “-
631 3086 715 3136 Ad
759 3101 913 3148 παρα
963 3085 1141 3136 ταῦτα
1188 3085 1341 3150 (prae
1381 3087 1480 3153 his)
1526 3089 1601 3138 cf.

517 3156 763 3206 Fischer.
803 3154 871 3204 ad
907 3155 1128 3205 Weller.
1165 3156 1273 3217 111,
1312 3157 1365 3206 b.
1406 3173 1460 3222 p.
1498 3158 1603 3208 270

520 3230 574 3275 et
612 3240 749 3291 quae
786 3223 1018 3290 plurima
1051 3226 1187 3276 citat
1218 3225 1483 3277 Matthiae
1504 3228 1597 3278 Gr.

519 3296 612 3347 Gr.
649 3311 772 3360 pag.
813 3295 948 3344 1174
994 3300 1108 3345 not.
1150 3311 1201 3345 a.
1243 3325 1311 3334 —-
1346 3296 1412 3345 In
1449 3312 1603 3416 εοᾳιέ.

520 3366 591 3415 ad
633 3365 797 3415 verba
834 3358 1162 3445 Αἰγυπτίων
1197 3357 1334 3423 τούς
1380 3364 1547 3430 λεγομ

517 3427 840 3568 νρίυἷῐεῖναι
882 3427 1250 3499 σοφωτάτους
1286 3434 1430 3487 conf.
1459 3440 1600 3490 nott.

519 3521 552 3554 a

588 3616 865 3706 οὐδεμίαν
935 3617 1041 3691 γὰρ
1104 3616 1253 3675 εἷναι
1320 3615 1603 3689 μηχανὴν,

518 3683 664 3753 ὅκως
700 3689 772 3744 ου’
797 3727 866 3735 --
890 3687 1350 3760 προσθήσονται]
1378 3694 1460 3743 Ad
1497 3709 1603 3757 μη-

518 3758 700 3828 χανὴν
730 3764 1234 3825 confer1‚209.11,
1271 3764 1386 3813 181.
1433 3763 1602 3813 Plura

518 3833 798 3883 Blomfield
849 3835 904 3884 in
939 3803 1180 3885 G’lossar.
1231 3834 1301 3883 ad
1345 3832 1602 3916 Aeschyl.

518 3904 834 3979 Agamemn.
892 3906 942 3954 2.
1005 3909 1061 3953 et
1104 3905 1170 3953 de
1222 3890 1372 3959 ὅκως
1419 3895 1487 3951 οὗ
1531 3928 1603 3939 —

517 3965 952 4089 πηροσθήσονται
988 3973 1254 4023 Matthiae
1291 3971 1382 4023 Gr.
1412 3972 1505 4024 Gr.
1543 3987 1599 4037 p.

588 4150 708 4208 ἀλλ’
758 4156 814 4210 εἰ
847 4152 920 4224 δὴ
971 4155 1357 4226 βούλονται
1393 4192 1458 4201 --
1502 4156 1599 4211 καὶ

516 4256 584 4265 —-
614 4220 1019 4293 ἀπικοίατο]
1058 4231 1336 4280 Pertiuont
1373 4230 1478 4280 hue
1513 4247 1596 4292 ea,

516 4314 656 4364 quae
688 4300 898 4350 monuit
947 4298 1216 4348 Matthiae
1262 4301 1354 4349 Gr.
1407 4301 1499 4352 Gr.
1542 4304 1595 4360 §-

514 4372 618 4420 524
654 4376 768 4419 not.
813 4369 860 4420 1.
896 4368 1211 4434 pag-1015.
1285 4370 1363 4419 Ac
1390 4369 1594 4418 similes

1697 2461 1975 2513 modorum
2002 2463 2272 2514 transitus
2301 2464 2712 2515 observavimus
2744 2464 2792 2527 Ι,

1700 2533 1786 2582 80.
1815 2532 1889 2595 ΙΙ,
1925 2533 2012 2584 41.
2050 2533 2115 2595 V,
2147 2531 2234 2596 97,
2268 2533 2362 2583 ubi
2397 2534 2543 2585 cons.
2576 2541 2717 2585 nott.

1766 2625 1998 2684 ''Hletmv
2044 2629 2107 2684 δὲ
2147 2632 2353 2701 μηδενὶ
2398 2629 2547 2687 εἶναι
2583 2630 2794 2702 αγωνίι

1699 2701 1920 2770 ζεσθαι]
1957 2697 2103 2753 εἶναι
2142 2722 2248 2755 non
2296 2706 2477 2757 differt
2515 2707 2793 2773 significa·

1701 2775 1851 2823 tione
1886 2774 1955 2823 ab
1992 2791 2088 2838 (ιο,
2126 2776 2267 2840 quod
2298 2775 2461 2840 paulo
2495 2784 2625 2829 aute
2650 2777 2794 2826 dixit

1708 2834 1935 2903 ἐξεῖναι.
1972 2844 2247 2896 Diodorus
2286 2846 2330 2907 1,
2367 2846 2576 2899 08-95
2598 2847 2791 2897 eadem

1708 2912 1822 2961 sere
1846 2928 2073 2963 narrans
2100 2914 2169 2965 ad
2198 2916 2422 2978 Amasin,
2452 2932 2629 2982 neque
2660 2931 2791 2966 vero

1704 2983 1776 3032 ad
1800 2981 2065 3046 Psammin,
2086 2990 2148 3033 ut
2167 2985 2494 3048 Herodotus,
2532 2985 2790 3037 Eleorum

1704 3051 1917 3116 legatos
1948 3053 2164 3104 venisse
2205 3059 2409 3106 narrat.
2460 3058 2505 3105 A
2528 3071 2634 3121 quo
2660 3056 2793 3105 hac-

1702 3126 1861 3170 tenus
1894 3120 2150 3173 dissentit
2180 3123 2507 3174 Plutarchus
2534 3126 2790 3187 Quaestt.

1703 3189 1875 3239 Platt.
1904 3204 2032 3255 pag.
2059 3193 2195 3243 1000
2220 3192 2286 3254 A,
2324 3194 2470 3257 quod
2495 3194 2792 3276 Aegyptio-

1705 3274 1821 3308 rum
1843 3274 2159 3323 responsum
2183 3262 2549 3328 sophistarum
2576 3265 2671 3313 uui
2695 3264 2793 3312 tri-

1705 3328 1843 3378 buit.
1916 3329 2106 3393 Neque
2127 3346 2237 3380 non
2261 3334 2620 3394 conveniunt,
2650 3347 2791 3398 quae

1705 3397 1849 3461 apud
1887 3397 2205 3450 Philostrat.
2245 3401 2345 3453 vit.
2381 3401 2558 3466 Apoll.
2583 3401 2691 3462 ΙΙΙ,
2718 3401 2791 3452 30

1705 3466 1833 3517 coll.
1887 3467 1984 3531 IV,
2028 3468 2097 3518 29
2146 3469 2420 3535 leguntur.
2500 3470 2790 3521 Caeterum

1702 3534 1998 3600 aequitatis
2033 3536 2285 3589 Eleorum
2322 3541 2380 3589 in
2405 3540 2489 3590 his
2518 3540 2664 3590 ludis
2697 3539 2793 3589 ad·

1704 3605 2076 3658 ministrandis
2104 3609 2403 3673 exemplum
2422 3611 2789 3660 Romanorum

1705 3680 1887 3724 aetate
1903 3677 2393 3729 subministratDio
2414 3678 2788 3743 chrysostom.

1706 3744 1761 3793 in
1796 3743 1974 3797 Rhod.
2018 3762 2146 3812 pag.
2190 3747 2294 3797 344
2330 3748 2390 3799 C.
2462 3749 2617 3799 Haeo
2662 3747 2789 3797 Val-

1705 3813 1861 3864 cken.
1895 3819 1949 3864 et
1972 3815 2316 3881 wesseling„
2353 3817 2551 3881 quibus
2583 3819 2670 3868 Or.
2696 3816 2788 3866 ad·

1705 3882 1787 3932 dit
1817 3883 2205 3950 Wyttenbach.
2237 3886 2307 3936 ad
2337 3886 2484 3936 Plut.
2512 3885 2709 3937 Moral.
2740 3886 2787 3947 1,

1707 3954 1757 4002 2.
1812 3967 1936 4019 pag.
1991 3955 2124 4005 1005
2185 3955 2284 4020 (ad
2331 3955 2785 4021 Apophthegmm.

1704 4036 1855 4086 regg.
1895 4039 2020 4088 pag.
2062 4023 2162 4073 190
2199 4024 2287 4089 Ο).
2359 4025 2439 4075 Ao
2462 4040 2659 4091 magno
2695 4025 2791 4075 do-

1702 4097 1954 4142 cumento
1973 4099 2057 4143 est
2079 4093 2214 4142 haec
2240 4094 2569 4145 Graecorum
2590 4094 2663 4144 ad
2686 4094 2789 4144 Ae·

1703 4162 1857 4224 gypti
1883 4178 2065 4226 regem
2083 4162 2306 4226 legatio,
2337 4168 2669 4229 quantopere
2692 4163 2790 4213 illa

1700 4235 1885 4281 aetate
1921 4231 2030 4281 iam
2065 4231 2207 4282 inter
2240 4237 2524 4298 utramque
2568 4238 2787 4298 gentem

1701 4298 1941 4350 floruerit
1985 4302 2391 4353 commercium.
2444 4302 2593 4362 conf.
2643 4307 2787 4352 nott.

1696 4368 1770 4418 ad
1800 4369 1877 4431 11,
1922 4369 2019 4422 159
2056 4369 2146 4420 fin.
