3109 5092
468 321 591 384 608

1343 328 1871 390 HERODOTI

464 499 693 587 τέχνη,
743 504 882 568 τῶν
929 500 1001 570 δὲ
1053 507 1243 572 θεῶν
1277 506 1774 593 μετεξετέροισι.
1852 503 1966 570 καὶ
2006 497 2135 588 γὰρ
2171 496 2532 592 Ἡρακλέος
2569 531 2739 592 μαν-

462 600 651 691 τήϊον
701 600 945 674 αὐτόθι
1015 607 1186 691 ἐστὶ,
1269 608 1380 675 καὶ
1447 604 1899 689 Ἀπόλλωνος,
1975 606 2086 675 καὶ
2140 600 2539 695 Ἀθηναίης,
2628 609 2739 675 καὶ

453 700 869 794 Ἀρτέμιδος,
927 709 1033 777 καὶ
1072 706 1341 798 mesos,
1413 712 1523 779 καὶ
1580 711 1776 788 Διός·
1839 709 1951 779 καὶ
1994 704 2111 794 ὅγε
2144 708 2431 795 ’μάλιστα
2470 713 2546 779 ἐν
2584 714 2741 799 τιμῇ

461 804 738 895 ἄγονται
805 809 1080 881 πάντων
1142 818 1286 882 τῶν
1341 821 1724 902 μαντηΐων,
1817 816 2078 899 Λητοῦς
2132 813 2209 880 ἐν
2273 820 2520 883 Βουτοῖ
2585 812 2741 882 πόλι

463 914 623 981 ἐστί.
719 909 802 982 οὐ
859 917 1088 1003 μέντοι
1152 921 1229 985 αἲ
1283 943 1360 1002 γε
1421 915 1745 1006 μαντήταί
1802 935 1923 1003 σφι
1996 911 2162 984 κατὰ
2221 912 2438 985 τώυτὸ
2494 917 2737 1002 ἑστᾶσι,
2844 926 2859 939 ”

369 1021 448 1082 84
466 1012 637 1084 ἀλλὰ
682 1015 1004 1107 διάφοροί
1053 1025 1201 1088 εἰσι.
1287 1015 1374 1089 ‘H
1415 1019 1489 1088 δὲ
1531 1015 1795 1109 ἰητρικὴ
1827 1015 1996 1086 κατὰ
2032 1015 2195 1086 τάδε
2235 1041 2360 1107 σφι
2398 1021 2733 1089 δέδασται.

461 1124 615 1207 μιῆς
650 1118 902 1189 νούσου
952 1124 1226 1204 ἕκαστος
1277 1123 1503 1212 ἰητρός
1551 1127 1691 1193 ἐστι
1728 1124 1841 1191 καὶ
1876 1117 1961 1188 οὐ
1995 1118 2322 1192 πλεόνων.
2406 1121 2625 1191 πάντα
2663 1120 2726 1191 δ’

461 1325 720 1385 quantum
771 1319 1043 1372 valuerint
1085 1322 1307 1373 oraculo.
1344 1324 1413 1374 sd
1458 1339 1545 1374 ss-

460 1389 738 1439 cerdotum
763 1390 1045 1455 imperium
1062 1398 1116 1442 et
1135 1393 1543 1457 propagandum

462 1465 516 1508 et
542 1458 816 1510 tuendum.
885 1462 970 1511 De
995 1475 1117 1525 quo,
1152 1460 1544 1527 Aegyptiorum

460 1529 517 1578 in
554 1529 744 1591 rebus,
795 1531 1004 1580 monuit
1051 1531 1283 1581 Heeren.
1334 1532 1371 1583 l.
1412 1531 1449 1581 l.
1489 1549 1543 1598 p.

467 1598 586 1648 100.
644 1599 728 1648 Gr.
773 1600 984 1650 confert
1026 1606 1310 1664 praeterea
1345 1601 1544 1653 Gesen.

463 1668 533 1717 ad
573 1667 734 1718 Iesai.
773 1669 920 1732 Vnt,
957 1670 1008 1720 3.
1049 1685 1083 1734 p
1161 1705 1176 1720 .
1216 1671 1338 1722 604.
1377 1698 1447 1708 —
1480 1671 1546 1721 In

462 1752 579 1802 seq.
627 1736 696 1786 sd
738 1737 1067 1789 locutionem
1138 1755 1170 1789 ν
1205 1737 1340 1807 τιμῇ
1373 1732 1544 1805 ἄγον-

459 1821 549 1855 ται
588 1806 735 1857 conf.
775 1806 821 1871 1,
867 1808 963 1861 134
995 1814 1051 1858 et
1078 1810 1146 1861 de
1180 1810 1300 1874 ipso
1322 1809 1546 1861 oraculo

461 1876 536 1938 11,
583 1876 698 1954 1225.
767 1878 852 1928 De
887 1879 1081 1929 Martis
1115 1878 1332 1931 oraculo
1369 1880 1443 1931 ef.
1467 1880 1544 1941 11,

460 1948 546 1996 63.
611 1960 709 2010 oys
743 1946 1011 1998 intactum
1034 1949 1257 2015 reliqui,
1301 1964 1367 1999 ex
1394 1951 1548 2000 Stru-

461 2017 536 2063 vii
575 2022 864 2080 praecepto
906 2017 976 2067 ad
1029 2021 1105 2081 11,
1145 2021 1212 2069 74
1256 2017 1423 2069 allato
1462 2020 1545 2083 (p.

460 2086 530 2135 30
555 2085 712 2147 Spec.
740 2086 786 2135 1.
825 2087 1060 2149 Quaeste
1093 2089 1161 2138 de
1194 2087 1413 2139 dialect.
1439 2089 1547 2138 He-

460 2153 664 2215 rodot.)
691 2155 1006 2205 mutandum
1031 2160 1086 2207 in
1112 2150 1262 2220 τόγε,
1298 2158 1445 2222 quod
1468 2172 1548 2207 re·

459 2228 629 2272 eentt.
649 2222 771 2273 edd.
803 2233 1138 2288 receperunt,
1166 2227 1355 2276 invitis
1386 2226 1542 2276 codd.

529 2287 600 2338 αἴ
620 2305 679 2354 γε
713 2285 1007 2359 μαντήϊαι]
1046 2296 1086 2346 i.
1125 2311 1173 2345 e.
1212 2294 1545 2359 (explicante

458 2360 787 2426 Schweigh.)
823 2364 1017 2426 modus,
1069 2380 1165 2430 quo
1199 2365 1548 2415 reddebantur

458 2434 688 2480 oracula.

764 2603 895 2655 Ου’.
935 2605 1236 2658 LXXXIV.

528 2705 663 2773 μιῆς
685 2700 902 2758 νούσου
922 2702 1153 2766 ἕκαστος
1185 2699 1380 2773 ἰητρός
1404 2699 1539 2773 ἐστι]

460 2778 649 2829 Artem
686 2778 950 2828 medicam
998 2794 1119 2828 cum
1166 2794 1200 2827 a
1244 2779 1543 2829 sacerdoti-

462 2848 563 2898 bus
592 2848 884 2897 exercitam
917 2863 1035 2897 esse
1057 2854 1289 2908 constet,
1309 2847 1396 2897 vel
1419 2847 1544 2897 iude

461 2930 673 2965 summa
704 2916 864 2965 huius
901 2917 1038 2965 artis
1084 2932 1208 2967 cum
1243 2916 1546 2981 astrologia

461 2985 774 3034 coniunctio
824 2988 1078 3048 apparet,
1129 2986 1382 3050 quoniam
1429 2987 1544 3035 uni-

459 3068 620 3103 versa
639 3054 882 3116 corporis
901 3053 1120 3103 humani
1151 3054 1445 3120 descriptio
1473 3054 1545 3105 sd

459 3120 812 3185 astrologiam
849 3121 1024 3171 relata
1042 3121 1394 3188 singulaeque
1430 3139 1546 3175 cor·

459 3191 608 3256 poris
645 3194 829 3255 partes
848 3191 918 3241 sd
946 3191 1190 3256 singulos
1217 3191 1347 3242 deos
1370 3200 1546 3244 astro-

458 3260 703 3310 nomicos
729 3266 1020 3311 revocatae
1046 3266 1220 3311 erant.
1282 3262 1439 3313 Unde
1462 3263 1543 3313 fs.-

460 3335 636 3392 ctum,
673 3335 769 3392 ut,
807 3330 1258 3395 quemadmodum
1295 3333 1543 3396 partibus

459 3399 702 3465 singulis,
726 3400 927 3465 singuli
960 3406 1276 3465 praeessent
1310 3401 1414 3465 dii,
1465 3403 1543 3453 ita

459 3470 625 3520 etism
661 3484 844 3520 earum
877 3469 1256 3522 affectionibus
1301 3486 1366 3521 ac
1404 3488 1542 3522 mor-

461 3540 544 3589 bis
582 3539 784 3605 singuli
809 3540 1183 3605 prospicerent
1207 3539 1402 3591 medici
1427 3541 1543 3592 sive

459 3609 791 3660 sacerdotes.
866 3610 1203 3675 Quamquam
1228 3611 1346 3660 inre
1370 3615 1543 3660 statu-

459 3680 654 3729 endum
674 3678 916 3741 videtur,
956 3680 1343 3744 Aegyptiorum
1368 3684 1540 3729 artem

459 3749 633 3811 magis
666 3748 1010 3799 diaeteticam
1047 3764 1207 3814 quam
1237 3754 1439 3799 vocent
1464 3750 1544 3798 fu-

459 3817 593 3877 isse,
627 3832 788 3882 quam
818 3834 1002 3868 veram
1047 3819 1296 3869 medendi
1346 3824 1538 3868 artem.

459 3885 617 3935 Unde
671 3886 834 3936 etiam
890 3887 1227 3951 explicantur
1282 3892 1541 3937 accurata

461 3952 558 4002 ills.
585 3954 854 4004 inferioris
882 3955 1207 4005 conditionis
1230 3956 1538 4006 hominibus

461 4022 580 4072 dari
613 4023 778 4072 solita
799 4029 1118 4088 praecepta,
1158 4025 1342 4090 qualis
1375 4041 1541 4089 supra

463 4091 764 4141 invenimus
807 4092 882 4153 11,
920 4094 1007 4141 77.
1078 4094 1165 4143 Tu
1211 4094 1358 4145 conf.
1400 4095 1540 4144 Hee-

463 4175 578 4210 ren.
617 4160 693 4220 11,
732 4162 785 4211 2.
823 4175 949 4225 pag.
985 4161 1084 4212 165
1122 4178 1253 4227 seq„
1288 4163 1537 4213 Creuzer.

458 4227 700 4293 Symbol.
748 4228 824 4278 11.
876 4245 1004 4293 pag.
1059 4230 1175 4280 125.
1248 4231 1541 4282 Wesselin-

458 4298 583 4363 gius
619 4297 806 4348 attulit
850 4297 921 4347 sd
966 4297 1022 4349 h.
1071 4298 1109 4349 l.
1146 4299 1371 4352 Maxim.
1407 4303 1538 4366 Tyr.

457 4366 676 4417 dissert.
722 4367 971 4431 XXXIV,
1014 4368 1062 4419 1.
1107 4383 1233 4434 psg.
1270 4368 1393 4433 403,
1449 4371 1541 4435 qui

1645 1321 1914 1373 Herodoti
1949 1321 2126 1373 locum
2166 1326 2296 1372 ente
2341 1320 2528 1371 oculos
2564 1320 2733 1371 habu-

1647 1394 1759 1442 isse
1776 1392 2011 1444 videtur.
2059 1394 2140 1442 Ac
2160 1390 2274 1441 vid.
2299 1397 2586 1455 praeterea.
2609 1392 2741 1440 Dio·

1649 1461 1765 1511 dor.
1813 1460 1983 1512 Sicul.
2033 1462 2078 1523 1,
2123 1462 2190 1512 82
2239 1461 2525 1525 ipsumque
2568 1461 2743 1509 Hero·

1651 1531 1838 1581 dotum
1887 1531 1997 1592 111,
2052 1532 2101 1582 1.
2160 1530 2256 1580 129
2294 1529 2501 1594 (ibique
2548 1531 2738 1591 nott.)‚

1649 1600 1793 1651 unde
1839 1615 2001 1664 quam
2046 1598 2309 1650 celebrati
2356 1598 2485 1649 olim
2537 1598 2742 1648 fuerint
2828 1641 2834 1646 .

1648 1671 2041 1735 Aegyptiorum
2088 1668 2313 1731 medici,
2362 1667 2739 1733 intelligimus.

1650 1740 1716 1790 In
1749 1740 1871 1803 ipsa
1907 1753 2065 1788 sacra
2112 1739 2385 1802 scriptura
2420 1752 2744 1787 commemo-

1650 1814 1844 1859 rantur
1872 1807 2097 1869 medici,
2135 1807 2335 1872 quibus
2363 1808 2539 1871 patris
2576 1806 2741 1856 cada·

1650 1893 1747 1928 ver
1804 1877 2163 1928 condiendum
2229 1876 2399 1926 tradit
2454 1875 2739 1940 Iosephus,

1651 1947 1850 1998 Genes.
1908 1947 1983 2009 11,
2030 1949 2081 2009 2,
2139 1945 2204 1996 de
2252 1960 2358 2012 quo
2404 1945 2526 1996 loeo
2587 1944 2737 1995 conf.

1650 2017 1698 2066 N
1706 2015 1867 2066 ieolsi
1901 2015 2226 2066 Meletemm.
2271 2015 2339 2065 de
2383 2016 2557 2065 servis
2592 2015 2739 2064 Iose-

1649 2085 1740 2149 pbi
1758 2084 2369 2150 medicis,Msgdeburg.
2389 2085 2539 2135 1752.
2577 2083 2736 2134 Conf-

1648 2155 1978 2205 Wilkinson.
2014 2155 2272 2204 Manners
2317 2159 2425 2205 etc.
2461 2153 2569 2204 111.
2608 2168 2737 2218 pag.

1649 2222 1754 2274 389
1783 2240 1919 2288 seq„
1951 2224 2042 2289 qui
2066 2239 2121 2287 p.
2147 2223 2247 2275 393
2267 2223 2425 2273 affert
2449 2223 2740 2289 imaginem

1649 2294 1845 2344 medici
1882 2308 2104 2359 aegrum
2127 2292 2395 2343 hominem
2420 2293 2734 2342 tractantis.

1649 2364 1796 2426 Quid
1848 2362 1992 2427 quod
2037 2362 2123 2412 vel
2162 2362 2382 2426 scriptis
2427 2361 2581 2411 libris
2626 2377 2739 2411 me-

1648 2432 1811 2482 dendi
1834 2433 1969 2482 artis
1997 2436 2291 2497 praecepta
2313 2432 2630 2495 exposuisse
2655 2431 2737 2481 di-

1648 2506 1871 2552 cuntur:
1921 2517 2047 2551 nam
2081 2502 2223 2550 inter
2259 2500 2429 2550 libros
2467 2500 2739 2550 Her-meti-

1648 2587 1772 2635 cos,
1823 2586 1957 2636 quos
2007 2574 2269 2621 memorat
2317 2569 2563 2620 Clemens
2609 2568 2737 2619 Ale-

1616 2641 1947 2708 ,xsndrinus
1984 2642 2270 2691 Stromstt.
2304 2639 2402 2702 VI,
2442 2642 2492 2689 4.
2531 2655 2586 2704 p.
2610 2638 2735 2701 758,

1646 2710 1823 2760 ultimi
1876 2725 2001 2772 sex,
2063 2708 2524 2773 Psstophororum
2570 2723 2736 2758 curse

1646 2780 1916 2844 permissi,
1942 2778 2012 2829 sd
2032 2794 2143 2828 rem
2168 2777 2435 2828 medicam
2458 2777 2731 2842 pertinere

1649 2850 1930 2909 dicuntur,
1970 2863 2111 2898 unus
2141 2847 2297 2909 adeo,
2333 2862 2555 2897 numero
2579 2848 2737 2913 quin-

1649 2923 1758 2980 tus,
1797 2916 1985 2968 oculos
2017 2916 2316 2968 tractabat.
2388 2915 2473 2966 Ad
2512 2915 2611 2966 hos
2647 2932 2735 2966 ss-

1649 3003 1770 3038 cros
1806 2987 1974 3037 libros
2009 2987 2248 3050 pertinet
2275 3000 2489 3051 quoque
2521 2986 2614 3049 qui
2637 3001 2732 3038 vu-

1645 3064 1801 3107 cstur
1856 3047 2118 3121 Ἆμβρὴς,
2177 3060 2319 3106 teste
2375 3054 2731 3118 Horspolline

1644 3124 2000 3191 Hieroglyph.
2024 3125 2069 3187 1,
2106 3124 2193 3174 38.
2268 3124 2348 3174 Ae
2372 3138 2633 3188 papyrum
2662 3138 2729 3173 ex

1644 3210 1831 3246 museo
1863 3193 2204 3244 Berolinensi
2246 3197 2541 3257 praecepta
2572 3194 2728 3242 varia

1645 3263 1713 3314 de
1743 3280 1801 3314 re
1831 3263 2042 3314 medies
2073 3262 2439 3313 continentem
2466 3266 2631 3327 atque
2658 3262 2728 3312 sd

1644 3334 1911 3384 decimum
1946 3336 2195 3398 quartum
2233 3337 2363 3381 ante
2382 3331 2508 3381 Chr.
2535 3346 2587 3380 n.
2611 3346 2728 3382 sse-

1644 3403 1824 3453 culum
1875 3402 2243 3461 recedentem,
2297 3415 2467 3464 nuper
2518 3406 2727 3464 protre-

1644 3472 1726 3522 xit
1766 3471 2031 3536 simulque
2078 3470 2145 3520 de
2197 3470 2575 3534 antiquissima
2622 3470 2726 3519 Ae-

1642 3542 1955 3606 gyptiorum
2012 3538 2245 3590 scientis
2310 3537 2558 3589 medendi
2611 3540 2726 3603 egit

1641 3609 1889 3675 Brugsch
1926 3609 2008 3660 in:
2045 3607 2274 3674 Allgem.
2313 3607 2729 3658 Monatsschrii't

1646 3680 1798 3731 1853.
1831 3679 1875 3729 1.
1914 3694 1970 3742 p.
1999 3681 2068 3728 44
2091 3693 2244 3742 seqq.
2308 3678 2388 3727 Ae
2417 3677 2505 3726 vel
2536 3684 2730 3742 postes

1640 3748 2077 3799 Ptolemaeorum
2120 3749 2305 3796 aetate
2351 3746 2597 3797 medicae
2642 3763 2727 3797 sr-

1645 3818 1716 3866 tis
1753 3817 1936 3867 studia
1971 3816 2201 3866 maxime
2236 3814 2485 3865 floruisse
2508 3832 2603 3880 per
2627 3818 2729 3867 Ae-

1642 3894 1868 3951 gyptum
1907 3886 2042 3935 satis
2090 3884 2325 3936 constet.
2398 3884 2730 3936 Commemo-

1641 3960 1793 4005 ratur
1829 3945 1860 4004 ὁ
1900 3945 2190 4019 βασιλικὸς
2224 3941 2422 4015 ἰατρὸς
2456 3954 2511 4002 in
2535 3970 2724 4020 papyr.

1642 4024 1835 4076 Grsec.
1877 4022 2070 4074 Amed.
2109 4024 2340 4087 Peyron.
2380 4036 2435 4085 p.
2469 4022 2557 4072 28.
2600 4023 2723 4075 103.

1640 4094 1726 4144 Tu
1764 4093 1888 4143 vide
1924 4094 1979 4141 in
2014 4092 2325 4142 universum
2364 4088 2431 4139 de
2466 4092 2726 4157 Aegypti-

1640 4178 1792 4213 orum
1829 4161 2099 4212 medicina
2123 4175 2263 4225 quse
2288 4159 2507 4209 saeculo
2529 4160 2724 4213 dicimo

1640 4236 1794 4282 sexto
1842 4236 1969 4297 post
2014 4229 2142 4281 Chr.
2188 4245 2246 4279 n.
2293 4230 2546 4292 exposuit
2587 4230 2725 4282 cele-

1641 4301 1903 4351 berrimus
1947 4302 2182 4363 Prosper
2215 4297 2445 4363 Alpinus
2493 4304 2725 4363 quatuor

1638 4369 1793 4421 libris
1840 4370 1907 4421 de
1951 4371 2213 4436 Aegyptt.
2262 4365 2562 4431 medicina,
2621 4370 2726 4420 Ve-
