3109 5092
474 340 593 405 162

1341 336 1873 401 HERODOTI

470 538 675 601 σασα,
713 511 1056 603 ὑπεξῆλθε
1085 516 1153 593 ἐς
1180 520 1310 602 γῆν
1335 510 1460 601 τὴν
1486 512 1832 602 ,Μηδικήν
1889 508 2297 601 ἐτυράννευε
2325 512 2401 581 δὲ
2438 508 2558 582 τὸν
2589 509 2744 599 χρό-

470 648 594 690 νον
637 624 877 688 τοῦτον
914 617 1183 707 Μήδων
1221 614 1576 706 Κυαξάρης
1627 612 1662 685 ὁ
1704 614 2065 705 Φραόρτεω
2117 620 2238 685 τοῦ
2277 614 2622 704 Δηϊόκεω,
2678 611 2750 694 ὃς

454 720 628 803 τοὺς
655 721 937 801 Σκύθας
978 720 1256 801 τούτους
1297 719 1371 788 τὸ
1401 719 1528 806 μὲν
1570 724 1839 809 πρῶτον
1882 733 2186 809 περιεῖπε
2230 711 2343 805 εὖ,
2392 715 2480 798 ὥς
2520 717 2749 797 ἐόντας

474 830 722 910 ἱκέτας,
767 819 935 893 ὥστε
981 823 1057 892 δὲ
1097 825 1252 910 περὶ
1286 828 1544 905 οπολλοῦ
1586 822 1973 910 ποιεόμενος
2015 817 2293 909 αὐτοὺς,
2345 821 2587 900 παῖδάς
2625 841 2749 908 σφι

474 931 821 1016 παρέδωκε
859 925 984 1015 τὴν
1022 924 1335 1013 γλῶσσάν
1374 952 1445 993 τε
1488 928 1850 1013 έκμαθέειν
1879 926 1992 993 καὶ
2027 922 2152 1014 τὴν
2190 930 2432 1013 τέχνην
2468 930 2607 993 τῶν
2637 923 2747 992 τό·

474 1033 628 1113 ξων.
698 1028 945 1118 χρόνου
987 1030 1063 1099 δὲ
1104 1032 1506 1116 γενομένου,
1561 1029 1674 1096 καὶ
1725 1029 1860 1096 αἰεὶ
1895 1027 2327 1116 φοιτεόντων
2382 1033 2519 1096 τῶν
2559 1035 2748 1096 Σκυ-

473 1138 661 1203 θέων
704 1130 809 1202 ἐπ’
856 1130 1104 1221 ἄγρην,
1165 1133 1278 1200 καὶ
1320 1138 1460 1199 αιέί
1497 1160 1562 1199 τι
1605 1131 1991 1219 φερόντων,
2040 1140 2158 1200 καί
2193 1158 2345 1200 κοτε
2394 1129 2750 1218 συνήνεικε

476 1239 656 1305 ἑλεῖν
697 1239 906 1323 σφέας
948 1237 1193 1323 μηδέν·
1256 1234 1705 1322 νοστήσαντας
1760 1234 1834 1303 δὲ
1877 1231 2122 1313 αὐτοὺς
2169 1240 2432 1323 κεινῇσι
2486 1235 2673 1322 χερσὶ
2714 1228 2750 1300 ὁ

473 1338 831 1425 Κυαξάρης
875 1329 990 1426 (ἦν
1033 1334 1197 1427 γὰρ,
1243 1331 1331 1416 ὥς
1372 1341 1658 1421 διέδεξε,
1693 1333 1907 1427 ὀργὴν
1941 1334 2169 1426 ἄκρος)
2210 1340 2502 1427 τρηχέως
2541 1336 2752 1425 κάρτα

475 1445 792 1527 περιέσπε
821 1437 1097 1528 ἀεικείῃ.
1153 1445 1224 1508 οἰ
1254 1439 1328 1508 δὲ
1358 1445 1566 1508 ταῦτα
1594 1437 1758 1527 πρὸς
1784 1440 2152 1528 Κυαξάρεω
2181 1440 2545 1523 παθόντες,
2581 1434 2751 1507 ὥστε

473 1540 708 1625 ἀνάξια
760 1546 991 1631 σφέων
1041 1538 1268 1612 αὐτῶν
1328 1542 1744 1623 πεπονθότες
1764 1592 1782 1626 ,
1840 1539 2330 1631 ἐβουλεύσαντο
2383 1547 2522 1611 τῶν
2557 1539 2750 1631 ’παρὰ

473 1759 587 1805 res,
645 1757 712 1793 ex
768 1743 1008 1792 eiusdem
1051 1741 1267 1792 Volneii
1313 1739 1560 1804 calculis,

474 1813 796 1878 quibuscum
810 1811 1069 1862 Larcheri
1083 1811 1417 1875 computatio
1434 1826 1562 1860 con-

473 1883 638 1947 gruit,
676 1882 747 1932 ad
784 1897 1009 1947 regnum
1046 1886 1130 1930 est
1164 1884 1383 1930 evectus
1418 1894 1561 1929 anno

474 1952 576 2001 034
617 1967 668 2001 a.
709 1951 836 2001 Chr.
876 1968 927 2001 ιι.
978 1950 1118 2001 Add.
1158 1950 1385 1999 Fischer
1419 1949 1564 1999 Zeit-

474 2021 647 2071 tafeln
698 2038 751 2086 p.
802 2024 888 2083 08,
935 2021 1028 2086 qui
1081 2020 1184 2069 hoc
1232 2020 1350 2085 ipso
1399 2034 1562 2081 anno,

475 2107 580 2155 quo
611 2090 885 2154 cyaxares
920 2104 1143 2154 rignum
1181 2089 1447 2152 suscepit,
1484 2089 1564 2137 in-

476 2159 782 2209 cursionem
819 2159 1143 2237 Scytharum
1178 2160 1458 2223 ponit.—-
1497 2156 1563 2207 In

476 2244 627 2293 seqq.
681 2227 751 2277 ad
798 2218 863 2277 εὖ
911 2224 1228 2291 περιέπειν,
1284 2228 1408 2277 bene
1455 2235 1564 2276 tra-

474 2307 645 2361 ctare,
709 2297 820 2347 vid.
890 2296 1073 2347 laudd.
1144 2297 1213 2346 ad
1282 2297 1559 2346 Plutarch.

475 2367 709 2417 Flamin.
714 2383 800 2445 p.
842 2366 909 2417 79
941 2372 996 2416 et
1030 2366 1100 2416 ad
1129 2366 1322 2431 Pyrrh.
1353 2382 1407 2431 p.
1436 2365 1556 2418 200.

476 2436 657 2487 Verba
693 2426 769 2493 ὡς
814 2425 1010 2493 ἐόντας
1052 2429 1240 2492 ῖκέτας
1284 2435 1562 2485 illustran-

476 2512 566 2556 tur
601 2506 688 2570 iis,
718 2521 887 2583 quaeq
894 2506 963 2556 ad
1000 2505 1044 2567 Ι,
1072 2504 1139 2556 35
1174 2520 1325 2570 seqq.
1364 2511 1560 2555 notata

476 2582 622 2627 sunt.
695 2576 798 2626 Ad.
839 2589 979 2625 ωστε
1014 2544 1077 2624 δὲ
1115 2606 1186 2615 -
1220 2567 1560 2640 ποιεόμενος

476 2647 619 2696 conf.
654 2646 700 2709 1,
729 2646 762 2697 8
793 2646 975 2725 ibique
1004 2649 1141 2695 nott.

543 2712 639 2764 καὶ
684 2708 790 2780 τὴν
833 2714 1040 2780 τέχνην
1088 2710 1204 2763 τῶν
1246 2707 1448 2780 τόξων]
1487 2716 1562 2765 Et

475 2784 711 2850 Scythae
748 2789 802 2834 et
835 2786 1037 2834 Persae
1062 2784 1253 2849 (quam
1279 2789 1565 2848 utramque

475 2854 765 2904 nomadum
789 2855 1036 2918 primitus
1060 2855 1230 2902 fuisse
1246 2854 1412 2903 Asiae
1434 2869 1564 2917 gen-

476 2929 585 2972 tem
623 2922 868 2985 constat)
909 2937 1004 2987 per
1043 2927 1213 2971 totam
1265 2923 1564 2987 antiquita—

476 2998 585 3041 tem
621 2990 861 3041 celebres
911 2996 1029 3040 arte
1071 3004 1292 3040 arcuum
1326 2997 1567 3042 tractan-

478 3060 684 3110 dorum.
757 3062 880 3122 Qua
924 3060 992 3109 de
1037 3076 1095 3110 re
1139 3058 1382 3110 sufficiat
1428 3061 1566 3111 indi-

478 3143 633 3179 casse
667 3129 949 3210 primarios
984 3130 1171 3178 Nostri
1206 3128 1383 3192 locos,
1422 3130 1565 3181 unde

475 3199 635 3247 huius
659 3198 794 3248 artis
819 3199 904 3247 vis
939 3212 1005 3247 ac
1030 3200 1180 3247 notio
1203 3199 1348 3262 apud
1366 3205 1566 3250 utram·

478 3283 583 3334 que
627 3272 843 3334 gentem
892 3268 1127 3317 eluceat.
1175 3265 1290 3330 111,
1336 3269 1422 3319 21.
1474 3272 1560 3320 22.

478 3336 601 3389 coll.
644 3337 739 3400 IV,
782 3337 900 3389 131.
954 3336 1071 3388 132.
1126 3337 1254 3397 vn,
1300 3337 1390 3388 61.
1439 3339 1562 3389 Cte-

478 3408 592 3457 siae
626 3408 881 3472 Excerpt.
915 3408 1065 3457 Pers.
1117 3409 1197 3459 17.
1272 3408 1357 3458 De
1393 3413 1564 3459 tesse-

476 3478 621 3527 raria
656 3492 815 3526 arcus
863 3477 1086 3527 notione
1129 3475 1261 3525 alibi
1298 3477 1560 3529 dicemus.

476 3547 541 3597 In
576 3548 817 3611 proxime
850 3562 1023 3612 seqq„
1054 3546 1147 3596 ubi
1184 3561 1305 3597 cum
1343 3548 1399 3597 vi
1433 3564 1564 3613 qua-

477 3616 603 3665 dam
638 3615 948 3695 duplicatur
982 3583 1179 3667 v⁷ocula
1201 3613 1297 3667 καὶ
1331 3615 1465 3683 (καὶ
1492 3649 1564 3658 -

479 3678 831 3748 φοιτεόντων
851 3682 1055 3735 -καὶ
1088 3678 1425 3752 φερόντων),
1451 3693 1561 3739 ter-

476 3754 554 3803 tio
603 3754 722 3804 loco
772 3771 937 3820 quum
984 3757 1204 3820 ponitur
1249 3756 1389 3818 (καί
1431 3771 1562 3807 κοτε

479 3815 773 3885 συνήνεικε
808 3839 861 3872 τι.
898 3840 945 3872 τ.
982 3823 1075 3887 λ.),
1110 3826 1436 3876 intensivam
1472 3843 1560 3878 ac-

478 3890 612 3969 cipit
643 3893 917 3941 notionem
954 3893 1209 3973 valetque
1242 3897 1404 3949 etiam.

546 3947 623 4022 ἦν
658 3952 762 4042 νᾴο
796 3991 863 4000 -
902 3951 1122 4026 ὀργὴν
1157 3954 1389 4029 ἄκουε]
1428 3965 1465 4015 i·
1505 3980 1554 4015 e.

477 4036 594 4077 erat
632 4031 758 4078 enim
804 4031 972 4079 animo
1026 4033 1271 4081 iracundo
1324 4034 1440 4083 sive
1486 4036 1561 4083 ad

474 4101 602 4148 iram
639 4100 868 4159 pronior.
907 4099 997 4148 Ita
1013 4100 1423 4165 Wesselingius,
1463 4103 1558 4166 qui

476 4167 693 4216 dicendi
757 4167 1044 4217 formulam
1112 4169 1235 4218 aliis
1298 4172 1558 4235 exemplis

475 4236 726 4300 Appiani,
750 4236 946 4286 aemuli
964 4237 1279 4300 Herodotei,
1298 4239 1556 4291 illustrat.

475 4307 548 4354 Et
583 4312 830 4370 pugnant
864 4311 973 4355 tres
1020 4305 1145 4356 libri
1188 4308 1423 4359 Parisini
1459 4326 1556 4374 pro

376 4441 387 4452 ·
473 4375 577 4425 hac
611 4374 845 4426 lectione
880 4377 1106 4441 ipsaque
1139 4378 1370 4443 denique
1394 4380 1555 4432 ratio.

1665 1741 1842 1807 Vulgo
1871 1731 2051 1805 ὀργὴν
2087 1756 2211 1791 ουκ
2244 1733 2436 1821 ἄκρος,
2467 1741 2612 1806 quod
2638 1746 2752 1789 tue-

1665 1816 1753 1860 tur
1782 1814 2001 1889 Coi-aes,
2037 1827 2227 1861 vocem
2261 1803 2438 1876 ὀργὴν
2475 1811 2750 1876 explicans

1666 1873 1878 1944 ψυχὴν,
1906 1879 2282 1945 hominemque
2315 1879 2625 1946 intelligens
2655 1895 2754 1943 pu·

1664 1952 1768 2000 silli
1801 1951 2011 2014 ingeni&
2060 1951 2148 2000 cui
2182 1951 2514 2015 suffragatur
2548 1951 2614 1998 W
2619 1950 2752 2000 erse·

1667 2034 1758 2068 rus
1801 2019 1858 2067 in
1908 2022 2054 2070 Actt.
2103 2019 2255 2084 phill.
2302 2021 2551 2070 Monacc.
2598 2020 2646 2070 1.
2694 2035 2747 2083 p.

1669 2089 1735 2137 77
1772 2103 1886 2154 seq.
1929 2104 2229 2154 exponens.
2267 2105 2364 2139 non
2409 2089 2538 2140 bona
2583 2097 2633 2139 et
2663 2106 2753 2153 qe-

1665 2173 1851 2209 nerosa
1893 2160 2089 2222 indole,
2148 2175 2272 2209 cum
2316 2150 2458 2224 ὀργὴ
2505 2158 2751 2223 inprimis

1664 2227 1818 2310 apud.
1869 2228 2087 2278 Ionicos
2149 2235 2203 2279 et
2259 2236 2451 2311 poetas
2499 2230 2750 2293 frequens

1665 2298 1760 2347 sit.
1798 2300 2059 2361 inqem'um,
2086 2300 2298 2358 indoles,
2321 2304 2375 2349 et
2408 2289 2582 2361 ἄκρος
2606 2297 2750 2362 apud

1664 2368 1923 2417 Nostrum
1959 2383 2170 2432 semper
2204 2369 2348 2428 bono,
2375 2384 2484 2418 non
2506 2371 2635 2417 malo
2666 2383 2751 2418 oc-

1663 2441 1847 2486 currat
1888 2453 2056 2487 sensu.
2101 2438 2210 2488 Sed
2246 2439 2534 2501 confiteor,
2571 2437 2752 2487 huius-

1662 2506 1807 2555 modi
1841 2506 2349 2571 interpretationes,
2387 2507 2473 2557 vel
2509 2508 2556 2556 si
2593 2506 2752 2557 docte

1663 2574 2053 2639 defendantur,
2092 2578 2266 2642 magis
2306 2577 2583 2643 quaesitas
2620 2576 2754 2626 mihi

1663 2645 1835 2695 videri
1902 2661 2065 2710 quam
2127 2663 2285 2697 veras
2353 2647 2749 2727 simplicesque.

1664 2715 1845 2764 Alium
1902 2717 2072 2765 virum
2128 2716 2382 2779 doctum,
2434 2718 2526 2799 qui
2569 2708 2750 2780 ὀργὴν

1666 2775 1773 2833 οὐκ
1837 2775 2013 2866 ἄκρος
2080 2787 2417 2851 explicabat:
2478 2789 2603 2837 iram
2655 2801 2751 2834 non

1663 2855 1880 2918 vincam,
1917 2856 2026 2904 irae
2059 2872 2156 2905 non
2193 2864 2509 2920 temper-‚ans
2548 2856 2684 2905 satis
2723 2869 2753 2903 e

1665 2921 1887 2987 linguae
1910 2925 2212 2974 rationibus
2225 2926 2487 2976 refutavit
2494 2895 2749 3003 ’Schwgh

1667 2994 1788 3043 Hoc
1825 2994 1967 3042 enim
2003 2995 2143 3043 soret
2170 2996 2401 3047 Graece.
2435 2987 2609 3060 ὀργῆς
2646 3007 2751 3042 ουκ

1667 3054 1954 3126 ἐγκρατής.
1993 3063 2150 3113 Unde
2169 3081 2291 3114 cum
2319 3071 2546 3116 recentt.
2572 3064 2751 3124 editt,

1665 3131 1934 3195 probante
1960 3147 2176 3199 quoque
2194 3134 2497 3186 Blomfield.
2518 3135 2572 3184 in
2598 3133 2751 3185 Glos-

1667 3215 1774 3250 sar.
1814 3200 1883 3250 ad
1921 3202 2174 3268 Aeschyl.
2207 3205 2359 3254 Pers.
2400 3220 2480 3255 vs.
2522 3205 2640 3265 140,
2671 3217 2751 3252 re-

1666 3270 1926 3320 tinuimus
1939 3271 2229 3322 lectionem
2243 3273 2749 3339 wesseling-ianam,

1663 3354 1825 3404 quam
1861 3341 2025 3391 etiam
2069 3357 2191 3392 cum
2231 3349 2461 3421 recentt3
2511 3342 2633 3394 edd.
2672 3356 2753 3391 re-

1663 3409 1829 3458 tinuit
1864 3410 2058 3476 Negris
2106 3411 2384 3476 explicans
2428 3404 2607 3476 ὀργὴν
2653 3425 2752 3476 χα-

1664 3471 1850 3541 λεπὸς,
1884 3479 2029 3544 quod
2066 3482 2240 3546 ipsum
2267 3480 2467 3547 legitur
2491 3482 2600 3543 111,
2629 3479 2746 3530 131.

1664 3548 1994 3598 Doederlein
2029 3551 2084 3599 in
2121 3551 2361 3602 Glossar.
2388 3551 2661 3601 Homeric.
2701 3549 2750 3599 Ι.

1665 3632 1719 3682 p.
1768 3617 1818 3669 3.
1875 3620 2100 3685 corrigit
2146 3612 2324 3685 ὀργὴν
2377 3634 2624 3683 ακρητος
2681 3618 2750 3668 ad

1666 3686 1995 3752 Aeschylum
2041 3689 2336 3755 respiciens
2381 3691 2436 3740 in
2471 3688 2745 3740 Prometh.

1664 3772 1747 3807 vs.
1787 3757 1909 3807 678.

1735 3816 2164 3894 ἐβουλεύσαντο]
2199 3829 2493 3894 Vulgatam
2524 3842 2646 3876 cum
2672 3841 2751 3875 re—

1663 3900 1832 3946 centt.
1881 3896 2002 3946 edd.
2064 3899 2345 3960 revocavi,
2401 3912 2435 3946 a
2480 3895 2751 3960 Schweig-

1663 3963 1954 4028 haeusero‚
1994 3967 2145 4029 aliis,
2193 3968 2261 4017 ob
2309 3967 2467 4017 codd.
2517 3966 2750 4016 auetori-

1660 4039 1830 4085 tatem
1856 4041 2117 4086 mutatam
2138 4038 2192 4084 in
2214 4028 2577 4101 ἐβούλευσαν,
2605 4035 2751 4099 quod

1659 4104 1790 4154 mihi
1826 4105 1894 4154 ab
1932 4105 2032 4155 hoc
2073 4105 2194 4156 loco
2243 4107 2480 4156 alienum
2515 4105 2748 4167 videtur,

1659 4173 1753 4222 ubi
1791 4175 1972 4239 agitur
2006 4175 2072 4225 de
2105 4176 2191 4238 iis,
2230 4178 2324 4240 qui
2358 4190 2540 4225 secum
2577 4174 2749 4239 agita-

1659 4249 1787 4293 ruut
1821 4244 2051 4295 consilia
2079 4245 2310 4310 indeque
2349 4250 2554 4296 certum
2578 4244 2748 4309 quod-

1662 4311 1784 4363 dam
1814 4314 1957 4364 inter
1975 4330 2034 4364 se
2068 4314 2487 4364 constituerunt.
2528 4314 2613 4363 Cf.
2640 4313 2747 4375 111,

1660 4382 1749 4434 84.
1792 4383 2191 4449 Wesselingius
2226 4383 2486 4450 vulgatae
2529 4390 2584 4433 et
2630 4384 2749 4448 ipse
