3109 5092
418 380 538 447 132
1279 358 1817 443 HERoDo'm

416 566 607 645 νίδα,
648 561 946 628 ἐνταῦθα
986 554 1260 647 ἤγειρον
1298 561 1587 635 δωτίνας
1630 557 1703 622 ἐκ
1747 560 1885 624 τοῖν
1928 562 2217 641 πολίων,
2260 559 2334 624 αἳ
2368 554 2547 633 τινές
2573 574 2698 639 σφι

419 660 795 753 προῃδέατό
833 659 958 730 κού
985 687 1069 729 τι.
1144 663 1414 730 πολλῶν
1459 658 1536 726 δὲ
1577 656 1833 747 μεγάλα
1875 657 2360 747 παρασχόντων
2396 654 2700 746 χρήματα

420 772 702 854 Θηβαῖοι
741 761 1240 852 ὑπερεβάλοντο
1279 767 1362 853 τῇ
1405 760 1590 830 δόσει
1631 765 1769 830 τῶν
1808 764 2184 849 χρημάτων.
2250 758 2417 850 μετὰ
2456 759 2570 844 δὲ,
2614 754 2698 827 οὐ

312 918 323 927 -
416 873 642 961 πολλῷ
668 870 847 961 λόγῳ
876 872 1124 953 εἰπεῖν,
1172 867 1407 955 χρόνος
1450 866 1688 951 διέφυ,
1733 865 1844 931 καὶ
1873 864 2090 934 πάντα
2132 886 2257 952 σφι
2287 861 2604 952 ἐξήρτυτο
2631 862 2697 940 ἐς

415 968 542 1059 τὴν
582 971 890 1041 κάτοδον.
958 973 1069 1039 καὶ
1120 966 1250 1056 γὰρ
1289 965 1577 1057 Ἀργεῖοι
1619 969 1948 1055 μισθωτοὶ
1991 964 2314 1037 ἀπίκοντο
2356 969 2430 1035 ἐκ
2480 972 2694 1034 Πελο-

418 1074 792 1163 ποννήσου·
849 1074 962 1141 καὶ
1000 1071 1238 1154 Νάξιός
1265 1092 1388 1157 σφι
1428 1066 1598 1159 ἀνὴρ
1627 1066 1989 1157 ἀπιγμένος
2018 1065 2414 1158 ἐθελοντὴς,
2455 1072 2550 1160 τῷ
2576 1062 2695 1136 οὔ·

422 1205 595 1266 νομα
634 1169 722 1264 ἦν
764 1175 1147 1263 Λύγδαμις,
1189 1178 1582 1263 προθυμίην
1624 1179 1944 1259 πλείστην
1985 1180 2368 1261 παρείχετο,
2424 1177 2700 1259 κομίσας

329 1283 409 1344 62
426 1282 538 1349 καὶ
585 1278 884 1367 χρήματα
923 1279 1035 1346 καὶ
1089 1274 1362 1364 ἄνδρας.
1455 1272 1555 1355 Ἐξ
1607 1271 1939 1363 Ἐρετρίης
1994 1276 2069 1345 δὲ
2116 1271 2528 1365 ὁρμηθέντες
2588 1269 2702 1340 διὰ

429 1380 791 1451 ἑνδεκάτου
844 1385 1024 1459 ἔτεος
1074 1376 1396 1449 ἀπίκοντο
1449 1373 1684 1446 ὀπίσω.
1754 1380 1867 1446 καὶ
1918 1383 2186 1467 πρῶτον
2242 1382 2360 1466 τῆς
2403 1373 2701 1464 Ἀττικῆς

426 1579 687 1644 selingius
721 1583 838 1629 tum
875 1578 945 1629 ad
980 1579 1036 1630 h.
1061 1579 1101 1631 l.
1138 1585 1253 1629 tum
1289 1578 1358 1630 ad
1379 1580 1510 1630 Dio·
1613 1579 1782 1629 stath.
1822 1578 1891 1629 ad
1926 1577 2125 1643 Odyss.
2162 1579 2311 1641 XIX,
2347 1576 2453 1628 284
2487 1575 2566 1640 (p.
2595 1573 2701 1626 697

424 1650 542 1700 dor.
581 1649 692 1700 Sic.
728 1649 826 1711 xl,
866 1650 952 1699 26.
1614 1663 1781 1713 supra
1817 1647 1901 1699 ed.
1935 1648 2114 1713 Bas.)‚
2148 1648 2240 1697 ubi
2260 1647 2327 1698 de
2352 1636 2701 1725 ἀγυρτάζειν,

492 1715 564 1768 αἶ’
587 1715 737 1775 τινές
773 1730 876 1782 σφι
922 1709 1247 1784 προῃδέατό
1283 1709 1393 1767 κού
1430 1716 1508 1783 τι]
1615 1716 2054 1781 συναγείρεσθαι
2091 1723 2147 1766 et
2179 1728 2509 1781 πτωχευειν.

423 1789 558 1838 Tres
594 1786 719 1837 libri
756 1783 1079 1852 προηδὲατο
1110 1788 1228 1836 sine
1250 1786 1364 1837 iota
1386 1787 1509 1837 sub·
1682 1777 1751 1834 οὐ
1796 1784 1985 1852 πολλῷ
2032 1778 2177 1854 λόγῳ
2218 1780 2423 1849 εἰπεῖν]
2471 1783 2511 1835 i.
2559 1798 2610 1833 e.
2649 1790 2704 1831 ut

424 1858 652 1922 scripto,
701 1857 795 1906 alii
842 1852 1192 1920 προειδὲατο.
1278 1857 1392 1907 Nos
1428 1871 1509 1905 re·

424 1931 592 1977 centt.
642 1927 806 1975 editt.
868 1927 1043 1976 secuti
1099 1940 1312 1989 eumue,
1386 1942 1507 1976 cum

422 1991 747 2127 ἷέδέἲῖἱῖω
764 1994 1509 2114 1⁶⁰3⁰⁰¹¹.{3{.2.2222¹3⁰.2“23·

696 2101 711 2125 7
788 2102 800 2114 ·
878 2101 890 2114 ·
926 2100 963 2126 γ’
1490 2093 1510 2103 “

425 2140 615 2196 ceptum
639 2141 759 2181 ante
783 2133 1067 2192 beneficiam
1098 2141 1148 2182 et
1172 2142 1375 2196 gracum
1403 2137 1510 2183 ani-

423 2218 547 2250 mum
589 2203 818 2263 testor-,⁴⁶
860 2205 922 2249 ut
960 2201 1062 2261 111,
1107 2202 1221 2251 140.
1306 2202 1511 2251 Intelli-

425 2275 628 2335 guntur
660 2270 800 2318 enim
827 2269 1212 2319 Pisistratidae
1238 2270 1380 2320 dona
1404 2270 1509 2319 sibi

427 2338 714 2403 collegisse
749 2338 819 2387 ab
850 2338 917 2387 iis
944 2338 1187 2399 urbibus,
1224 2354 1381 2403 quae,
1418 2339 1510 2388 be-

427 2407 635 2458 neficiis
673 2410 807 2456 ante
844 2408 1089 2472 acceptis
1125 2406 1413 2458 devinctae
1452 2408 1514 2456 il-

425 2477 526 2540 lis,
590 2491 734 2525 nunc
790 2475 1007 2527 eosdem
1061 2475 1148 2526 hic
1202 2477 1512 2527 muneribus

424 2545 824 2611 quodammodo
844 2551 1269 2597 remunerantur.
1307 2546 1512 2598 Eodem

426 2616 542 2666 fere
562 2631 725 2665 sensu
753 2613 1037 2680 προτιμᾶν
1054 2618 1267 2666 notavit
1283 2617 1510 2682 Seguar.

427 2685 495 2735 ad
540 2685 802 2735 Clement.
842 2685 997 2737 Alex.
1072 2686 1207 2749 Quis
1252 2686 1363 2738 div,
1406 2691 1511 2737 etc.

463 2770 552 2819 ag.
583 2753 702 2817 368,
742 2770 900 2836 quem
923 2755 1111 2805 locum
1148 2756 1513 2820 adscripscrat

423 2771 514 2874 gr.
551 2820 895 2888 προηδεατο,
934 2824 1079 2889 quod
1102 2825 1159 2874 in
1192 2825 1515 2889 quibusdam

423 2892 654 2957 legitur,
714 2892 1022 2943 Gronovius
1072 2892 1222 2943 ducit
1269 2910 1302 2942 a
1348 2895 1514 2944 verbo

425 2951 783 3023 προήδομαι,
821 2960 925 3010 hoc
962 2976 1151 3010 sensu:
1189 2978 1360 3026 „quae
1391 2965 1515 3025 ipsis

426 3027 650 3077 nonnihil
678 3036 794 3078 ante
823 3030 1187 3090 placuerant.“
1251 3030 1360 3080 Sed
1396 3031 1514 3080 iure

425 3096 531 3146 hoc
576 3096 853 3159 displicuit
902 3097 1289 3162 Wesselingio‚
1354 3114 1513 3163 quern

426 3164 553 3214 vide
586 3164 662 3213 sis
691 3166 749 3213 in
770 3165 1067 3215 Dissertat.
1095 3166 1358 3217 Herodot.
1388 3183 1509 3233 cap.

428 3234 527 3284 xl.
555 3249 610 3297 p.
639 3234 780 3295 178„
816 3235 1056 3300 itemque
1082 3235 1363 3301 displicuit
1386 3238 1513 3287 Bre—

430 3302 621 3364 dovio,
673 3303 765 3368 qui
801 3319 922 3353 cum
957 3304 1047 3354 hic
1094 3305 1161 3355 de
1197 3307 1514 3370 imperfecto

429 3372 579 3422 verbi
610 3367 987 3437 προαιδὲομαι
1023 3379 1221 3439 agatur
1254 3391 1515 3441 augmen-

426 3447 651 3506 tumque
692 3442 750 3491 in
785 3442 988 3492 talibus
1025 3445 1206 3493 verbis
1244 3445 1312 3494 ab
1340 3446 1515 3495 Hero-

428 3510 558 3561 doto
585 3511 916 3576 negligatur,
949 3514 1177 3563 rescribi
1202 3514 1351 3565 iubet
1374 3529 1515 3580 προ-

428 3575 676 3643 αιδέατο,
701 3596 830 3645 pag.
854 3583 974 3633 310.
1002 3583 1124 3634 331.
1164 3584 1343 3634 Minus
1369 3590 1517 3634 recte

430 3646 496 3697 de
571 3647 1102 3715 plusquamperfecto
1176 3655 1519 3719 cogitaverat

432 3716 672 3765 Grashof
703 3718 758 3767 in
780 3719 1170 3786 Schulzeitung
1204 3724 1353 3775 1832.
1387 3739 1515 3788 pag.

431 3782 924 3863 9q4.‚·qua.mquam
953 3790 1023 3839 ad
1055 3790 1517 3857 plusquamperfe-

432 3855 508 3899 ct1
544 3851 995 3913 significationem
1028 3858 1105 3906 ita
1143 3861 1517 3923 imperfectum

433 3918 718 3979 accedere,
768 3926 831 3970 ut
878 3938 1135 3984 praesens
1183 3929 1254 3977 ad
1290 3930 1519 3993 perfecti

433 3985 570 4046 vim,
627 4001 693 4034 ex
740 3987 860 4051 ipsa
906 3992 1059 4040 verbi
1094 3996 1318 4048 notione
1368 4005 1518 4049 recte

434 4051 710 4103 concludit
744 4055 999 4121 Bredov„
1033 4063 1126 4123 qui
1154 4063 1297 4114 hunc
1334 4066 1512 4117 locum

432 4122 514 4170 ita
550 4120 752 4170 reddit:
801 4140 970 4188 „quae
1005 4128 1156 4178 urbes
1190 4134 1252 4181 iis
1286 4136 1515 4197 referen-

433 4190 548 4238 dam
583 4191 830 4252 quandam
861 4198 1081 4256 qratiam
1115 4198 1515 4255 debebant,“·-.

432 4256 517 4306 Ad
547 4252 795 4319 ἀγείρειν
829 4258 1046 4325 (stipem
1079 4268 1339 4334 colligere,
1383 4288 1514 4322 men-

432 4321 636 4383 dicare)
682 4325 767 4375 Gr.
807 4331 1037 4381 confert.
1110 4335 1398 4392 Ruhnken.
1444 4340 1514 4391 ad

432 4393 644 4442 Timaei
672 4394 804 4446 Lex.
835 4396 1051 4452 Platon.
1079 4418 1206 4469 pag.
1234 4408 1300 4459 10
1333 4415 1388 4461 et
1406 4413 1515 4462 Eu-

1607 1858 1789 1918 paucis
1835 1855 2114 1919 absolvam,
2170 1863 2359 1918 tempus
2407 1855 2701 1916 praeterla-

1607 1933 1880 1987 ptume-n·
1909 1922 1976 1988 (s.
2012 1929 2255 1990 tempore
2296 1920 2606 1984 interiecto)
2654 1929 2705 1970 et

1613 1995 1774 2044 οηιηία
1807 1997 1931 2056 ipsis·
1978 1995 2051 2044 ad
2089 1995 2300 2044 reditum
2342 2000 2538 2055 parata
2570 1998 2700 2040 mat.

1614 2064 1697 2113 De
1731 2062 2007 2113 locutione
2042 2063 2189 2113 conf.
2222 2063 2298 2125 11,
2325 2064 2411 2113 25.
2453 2060 2541 2112 53.
2582 2060 2701 2121 134,

1613 2147 1681 2182 ne
1735 2131 1911 2197 plura.
2005 2133 2188 2182 Verba
2257 2123 2467 2196 χρόνος
2532 2125 2704 2193 διέφυ

1614 2202 1818 2265 poetici
1854 2201 1984 2266 quid
2020 2216 2216 2251 sonare
2249 2200 2531 2261 videntur,
2582 2213 2707 2248 cum

1614 2269 1748 2319 nihil
1768 2269 1918 2319 aliud
1948 2271 2218 2333 indicent,
2247 2271 2381 2320 nisit
2420 2276 2610 2330 tempus
2631 2275 2707 2318 est

1614 2341 1945 2403 interiectum,
1994 2340 2086 2389 ubi
2142 2338 2456 2405 plerumque
2503 2338 2707 2387 Noster

1616 2409 1790 2458 utitur
1823 2408 1990 2458 verbo
2032 2405 2363 2474 διέρχεσθαι
2410 2422 2476 2457 ac
2519 2406 2707 2455 simili·

1614 2478 1736 2529 bus.
1777 2503 1844 2513 —
1904 2478 1987 2527 De
2025 2479 2312 2543 Lyydamo‚
2368 2491 2527 2542 quem
2562 2475 2708 2526 Naxi

1616 2552 1905 2611 tyrannum
1941 2551 2104 2596 vocat
2127 2547 2436 2612 Polyaenus
2463 2546 2704 2609 Strateg.

1616 2616 1662 2678 Ι,
1688 2615 1773 2666 23.
1806 2620 1857 2678 ξ.
1883 2617 1933 2678 2,
1964 2616 2076 2666 vid.
2112 2616 2257 2666 infra
2279 2616 2326 2678 1,
2350 2616 2440 2665 64.
2476 2620 2534 2663 et
2557 2615 2704 2664 conf.

1618 2685 1870 2735 Grueter:
1895 2686 1976 2735 De
1987 2686 2144 2736 Naxo
2174 2684 2352 2736 insula
2374 2683 2524 2749 (Hal.
2548 2683 2705 2748 1833)

1617 2771 1672 2819 p.
1712 2755 1781 2806 30
1816 2769 1933 2819 seq.

1985 2907 2118 2975 ci’p.
2155 2922 2331 2975 an.

1687 3021 1785 3077 διὰ
1814 3019 2119 3077 ἑνδεκάτου
2167 3022 2339 3091 ἔτεος]
2388 3025 2425 3074 i.
2465 3040 2513 3075 e.
2550 3027 2707 3076 unde-

1614 3099 1735 3147 cimo
1781 3113 1914 3147 anno
1957 3097 2047 3147 vel
2089 3097 2273 3160 potius
2316 3097 2455 3144 intra
2502 3095 2706 3145 undeci-

1613 3182 1736 3215 mum
1762 3183 1967 3229 annm,
2004 3182 2070 3216 ex
2107 3180 2170 3214 eo
2197 3163 2410 3214 scilicet
2442 3168 2703 3228 tempore,

1617 3251 1724 3299 quo
1779 3236 2008 3287 Athenis
2067 3239 2224 3285 erant
2268 3233 2432 3299 pulsi.
2524 3233 2707 3296 Quare

1618 3305 1862 3356 Voemel.
1895 3306 1952 3354 in
1986 3318 2315 3369 programm.
2353 3301 2423 3353 ad
2445 3302 2491 3364 1,
2517 3302 2608 3354 30.
2640 3303 2707 3353 59

1616 3373 1842 3424 laudato
1878 3373 2057 3424 reddit
2094 3371 2170 3437 (p.
2215 3373 2325 3437 l4):
2371 3372 2470 3434 ‘per
2505 3373 2708 3421 undeci-

1617 3460 1738 3493 mum
1784 3460 1990 3503 annum,
2036 3444 2074 3492 i.
2111 3457 2159 3491 e.
2193 3451 2309 3505 post
2335 3442 2502 3491 decem
2548 3456 2709 3490 annos

1622 3514 1724 3573 (sc.
1765 3512 2028 3578 exactos).
2100 3511 2282 3561 Minus
2331 3515 2479 3560 recte
2516 3511 2709 3575 opinor

1622 3582 1862 3633 Schultz.
1910 3583 1967 3631 in
2002 3582 2266 3645 Apparat.
2314 3580 2521 3631 critice.
2577 3579 2711 3644 Spe-

1621 3651 1744 3702 cim.
1783 3653 1860 3702 11.
1907 3667 1960 3716 p.
1999 3652 2058 3700 72
2109 3658 2228 3714 post
2285 3649 2508 3699 undecim
2551 3662 2712 3698 armos

1622 3738 1667 3771 s.
1694 3722 1947 3772 undet-bno
1967 3734 2098 3769 anno
2137 3715 2294 3783 (fere)
2317 3726 2522 3781 emnem,
2556 3718 2711 3767 item-

1622 3805 1726 3855 que
1770 3790 2036 3853 Matthiae
2096 3788 2188 3838 Gr.
2248 3788 2341 3837 Gr.
2395 3786 2445 3847 §-
2496 3786 2616 3849 580,
2657 3802 2706 3836 e.

1619 3874 1749 3924 pag.
1781 3859 1944 3911 1150:
1982 3856 2252 3921 eas-[alere
2275 3855 2521 3921 naehker,
2557 3870 2712 3920 prae-

1620 3927 1946 3992 positionem
1990 3917 2086 3975 διὰ
2130 3925 2201 3975 ad
2240 3927 2499 3988 temporis
2544 3927 2711 3974 inter-

1619 3995 1821 4046 vallum
1858 3994 2206 4047 indicandum
2243 3994 2502 4044 referens.
2566 3994 2707 4043 Nam

1619 4058 1718 4114 διὰ
1769 4064 1852 4130 (ut
1906 4065 2151 4116 Fischer.
2218 4064 2296 4112 ait
2356 4062 2425 4112 ad
2482 4061 2704 4113 Weller.

1617 4135 1723 4196 ΙΠ,
1755 4135 1810 4185 b.
1829 4151 1882 4199 p.
1912 4132 2039 4193 168)
2073 4132 2440 4183 numeralibus
2468 4137 2524 4182 et
2558 4132 2708 4196 geni-

1617 4203 1748 4254 tivis
1806 4205 2080 4254 nominum
2139 4202 2398 4266 temporis
2463 4203 2706 4251 iunctum

1618 4272 1876 4337 explicari
1921 4273 2082 4322 debet
2127 4271 2230 4333 ita,
2296 4274 2358 4321 ut
2412 4270 2498 4331 id,
2560 4268 2707 4334 quod

1618 4341 1733 4391 fieri
1771 4343 2082 4406 factumque
2137 4355 2255 4390 esse
2303 4340 2542 4401 dicatur,
2589 4338 2708 4388 fieri

1619 4411 1930 4476 factumque
1967 4411 2322 4461 existimetur·
2341 4424 2405 4458 eo
2442 4414 2705 4473 tempore,
