3109 5092
303 673 422 734 152

434 270 558 333 308

1248 291 1276 312 ⁸
1305 279 1837 342 HERODOTI

432 453 681 542 νήσους
713 459 975 542 ἔχουσι,
1008 445 1098 543 ἦν
1140 454 1369 523 δεινὸν
1399 450 1639 523 οὐδέν·
1679 459 1833 543 τῇσι
1870 453 1947 523 δὲ
1984 457 2256 542 λοιπῇσι
2295 451 2523 522 πόλισι
2551 456 2709 523 ἕαδε

435 562 627 645 κοινῇ
642 554 830 624 Ἴωσι
860 559 1146 627 ἕπεσθαι
1164 609 1183 644 ,
1220 563 1302 649 τῇ
1337 550 1424 627 ἀν
1456 546 1643 626 οὗτοι
1682 553 2099 647 ἐξηγέωνται.

582 655 698 739 Ὡς
738 659 815 728 δὲ
845 657 1163 730 ἀπικέατο
1194 663 1261 741 ἐς
1294 658 1418 750 τὴν
1440 658 1769 784 Σπάρτην
1795 666 1933 731 τῶν
1964 657 2211 729 Ἰαἱνων
2250 658 2364 726 καὶ
2402 659 2709 727 Αἰολέων

434 766 507 830 οἱ
534 759 806 849 ἄγγελοι
852 761 1047 848 (κατὰ
1088 760 1217 853 γὰρ
1268 770 1351 854 δη
1376 761 1571 850 τάχος
1595 754 1683 853 ἦν
1716 768 1926 834 ταῦτα
1966 760 2447 853 πρησσόμενα),
2488 765 2703 830 εἴλον-

434 892 510 934 το
537 863 666 955 πρὸ
703 864 978 936 πάντων
1020 869 1245 954 λέγειν
1276 864 1396 936 τὸν
1425 869 1745 953 Φωκαέα,
1787 894 1880 960 τω
1916 864 2172 954 οὕνομα
2198 857 2286 970 ἦν
2317 862 2704 953 Πύθερμος.

433 963 470 1036 ὁ
505 966 581 1036 δὲ
612 966 1003 1058 πορφύρεόν
1031 996 1103 1039 τε
1144 964 1297 1058 εἷμα
1344 969 1903 1060 περιβαλόμενος,
1946 998 2034 1050 ως
2069 998 2156 1068 αν
2195 963 2705 1056 πυνθανόμενοι
2724 981 2794 1036 74

434 1067 731 1142 πλεῖστοι
766 1076 1174 1143 συνέλθοιεν
1199 1076 1717 1162 Σπαρτιητέων,
1758 1074 1870 1141 καὶ
1911 1069 2238 1153 καταστὰς
2305 1076 2494 1157 ἔλεγε
2539 1078 2700 1141 πολ-

435 1171 550 1260 λὰ,
597 1177 952 1263 τιμωρέειν
1004 1177 1311 1246 ἑωυτοῖσι
1352 1174 1630 1266 χρῄζων.

1736 1174 2255 1263 Λακεδαιμόνιοι
2316 1173 2393 1243 δὲ
2437 1171 2522 1243 οὔ
2572 1200 2706 1252 κως

432 1273 717 1365 ἤκουον,
747 1274 888 1346 ἀλλ’
918 1275 1204 1360 ἀπέδοξέ
1225 1299 1347 1366 σφι
1380 1276 1473 1368 μὴ
1500 1278 2068 1368 τιμωρέεινἽωσι.
2123 1284 2194 1348 οἱ
2217 1278 2343 1366 μὲν
2367 1273 2452 1364 δὴ
2488 1273 2700 1346 ἀπαλ-

435 1378 793 1465 λάσσοντο,
825 1380 1346 1470 Λακεδαιμόνιοι
1376 1383 1451 1451 δὲ
1492 1379 1922 1471 ἀπωσάμενοι
1956 1386 2092 1450 τῶν
2116 1378 2363 1450 Ἰώνων
2399 1378 2555 1460 τοὺς
2581 1375 2702 1465 ἀγ-

436 1483 708 1569 γέλους,
752 1479 932 1571 ὅμως
972 1480 1375 1555 ἀπέστειλαν
1412 1489 1917 1579 πεντηκοντέρῳ
1953 1481 2244 1573 ἄνδρας,
2282 1478 2372 1562 ὦς
2396 1482 2524 1570 μὲν
2559 1482 2706 1571 ἐμοὶ

438 1588 694 1670 δοκέει,
741 1585 1206 1668 κατασκόπους
1245 1592 1385 1658 τῶν
1433 1615 1505 1658 τε
1544 1586 1784 1676 Κύρου
1838 1586 2250 1678 πρηγμάτων
2292 1583 2703 1674 καὶΊωνιής.

435 1684 830 1778 ἀπικόμενοι
873 1688 948 1758 δὲ
987 1679 1173 1760 οὗτοι
1227 1692 1294 1771 ἐς
1340 1689 1663 1762 Φώκαιαν
1726 1697 2026 1780 ἔπεμπον
2066 1692 2133 1769 ἐς
2175 1688 2432 1777 Σάρδις
2476 1691 2707 1778 σφέων

437 1788 669 1861 αὐτων
694 1790 813 1861 τὸν
844 1792 1340 1881 δοκιμώτατον,
1395 1822 1487 1887 τω
1515 1821 1774 1882 ουνομα
1805 1786 1888 1883 ἦν
1924 1801 2295 1882 Λακρίνης,
2335 1788 2706 1881 ἀπερέοντα

434 1893 643 1989 Κύρω
685 1902 1241 1985 Λακεδαιμονίων
1276 1900 1507 1987 ρησιν,
1552 1883 1674 1986 γῆς
1707 1902 1823 1984 τῆς
1857 1892 2168 1975 Ἑλλάδος
2205 1900 2541 1984 μηδεμίαν
2581 1891 2702 1962 πό-

305 2011 421 2073 153
438 2007 549 2068 λιν
573 2001 1053 2090 σιναμωρέειν,
1104 1995 1193 2080 ὦς
1239 1997 1469 2069 αὐτων
1494 1997 1577 2069 οὐ
1609 2001 2140 2089 περιοψομένων.
2224 2002 2445 2066 Ταῦτα
2475 1995 2703 2066 εἰπόν-

435 2127 547 2180 τος
571 2106 691 2169 τοῦ
717 2101 1038 2191 κήρυκος,
1084 2105 1345 2189 λέγεται
1372 2107 1607 2190 Κῦρον
1638 2105 2028 2190 ἐπείρεσθαι
2056 2129 2214 2180 τους
2245 2099 2615 2188 παρεόντας
2643 2101 2713 2168 οἰ

428 2199 798 2291 Ἑλλήνων,
856 2210 1035 2283 τίνες
1094 2203 1317 2284 ἐόντες
1372 2202 1729 2295 ἄνθρωποι
1780 2205 2300 2292 Λακεδαιμόνιοι
2355 2206 2466 2272 καὶ
2521 2201 2706 2272 κόσοι

813 2374 946 2427 Cn.
979 2375 1151 2427 CLII.

498 2467 595 2536 Ὡς
629 2471 694 2528 δὲ
728 2469 1025 2546 ἀπικέατο]
1060 2470 1399 2529 ἀπικέατο
1437 2484 1523 2529 est

436 2547 613 2598 forma
629 2548 822 2600 aoristi
840 2549 1066 2600 secundi
1094 2564 1191 2615 pro
1219 2540 1520 2614 ἀφίκοντο,

436 2619 583 2682 quod
618 2619 795 2684 ipsum
831 2622 886 2668 et
922 2619 976 2670 1ι.
1026 2618 1064 2669 l.
1114 2624 1169 2668 et
1205 2618 1251 2680 I,
1293 2619 1392 2670 169
1430 2619 1523 2668 de-

436 2686 632 2738 derunt
676 2688 915 2739 Dindorf
957 2693 1013 2739 et
1056 2656 1311 2739 Dietse’h.
1358 2689 1520 2750 of.1,

438 2757 504 2810 15
531 2759 713 2824 ibique
736 2763 876 2808 nott.
949 2760 1058 2809 Pro
1091 2754 1343 2822 Φωκαέα,
1372 2726 1520 2824 quod,

436 2825 493 2875 in
527 2827 775 2877 omnibus
813 2827 968 2877 libris
1005 2827 1234 2892 legitur,
1281 2827 1516 2879 BredOV.

437 2910 492 2958 Ρ.
531 2895 627 2946 141
678 2897 904 2960 corrigit
950 2892 1239 2959 Φωκαιέα,
1290 2913 1323 2946 a
1368 2897 1523 2946 Diet-

437 2963 591 3013 schio
642 2964 767 3015 inde
818 2969 1112 3029 receptum.
1197 2933 1282 3014 A'd
1330 2981 1521 3016 vocem

440 3024 757 3096 Πυθερμος
837 3033 1061 3098 eiusque
1128 3033 1522 3084 derivationem

437 3101 673 3151 conferri
704 3109 952 3166 possunt,
987 3118 1127 3167 quae
1147 3102 1403 3153 observat
1422 3103 1523 3153 Le-

435 3173 629 3221 tronne
652 3171 884 3222 Journal
908 3171 963 3222 d.
984 3170 1112 3222 Sav.
1142 3171 1295 3224 1846.
1321 3189 1375 3238 p.
1404 3173 1522 3224 172.

504 3264 843 3337 πορφύρεόν
888 3287 946 3323 τε
982 3267 1113 3339 εἷμα
1157 3266 1522 3341 περιβαλόμε-

394 3342 556 3410 νος]
608 3343 697 3393 Ita
746 3359 869 3393 cum
911 3348 1142 3395 recentt.
1192 3344 1348 3395 editt.
1393 3345 1524 3395 scri-

435 3413 643 3478 psimus
679 3428 775 3477 pro
814 3405 1339 3479 περιβαλλόμενος.
1391 3414 1524 3464 Cae·

436 3487 612 3533 terum
667 3481 806 3533 bene
853 3482 943 3533 hic
990 3487 1150 3534 notat
1197 3483 1521 3547 Larcherus,

434 3567 761 3617 purpuream
815 3557 1024 3602 vestem
1070 3553 1382 3604 mulieribus
1429 3570 1524 3619 po-

436 3625 546 3672 tius
582 3637 744 3687 quam
779 3622 912 3671 viris
958 3623 1017 3672 in
1061 3637 1164 3672 usu
1201 3623 1399 3685 fuisse;
1443 3623 1523 3672 in-

437 3690 623 3741 dutam
651 3707 685 3741 a
708 3691 1001 3756 Pythermo
1029 3691 1174 3742 haud
1211 3693 1375 3744 dubie
1401 3708 1520 3743 eam

437 3761 505 3810 ob
558 3775 810 3824 causam,
868 3764 930 3811 ut
974 3760 1252 3812 hominum
1309 3762 1520 3812 animos

436 3829 746 3880 adverteret
781 3845 1071 3895 eorumque
1106 3847 1203 3883 ora
1237 3833 1294 3881 in
1321 3848 1379 3882 se
1396 3847 1522 3882 con-

434 3897 644 3949 iiceret.
670 3929 740 3939 -
785 3899 871 3949 Ad
904 3900 1074 3950 verba
1108 3892 1183 3958 ὦς
1207 3917 1317 3950 αν-
1331 3898 1522 3950 συνέλ-

436 3964 607 4016 θοιεν
628 3968 772 4020 conf.
797 3973 941 4021 nott.
958 3968 1031 4019 ad
1055 3969 1103 4030 1,
1129 3971 1215 4020 75.
1276 3970 1343 4021 In
1368 3985 1520 4035 seqq.

436 4028 717 4092 καταστὰς
767 4044 877 4087 est:
934 4040 1009 4088 acl
1048 4039 1306 4090 dicendum
1360 4040 1524 4089 consi-

433 4112 574 4155 stens
609 4104 676 4154 de
713 4120 795 4168 ee,
828 4108 923 4170 qui
957 4107 1170 4158 dicendi
1208 4125 1374 4159 causa
1410 4112 1524 4158 stat

437 4178 491 4223 et
539 4173 697 4238 quasi
743 4176 1014 4228 consistit.
1097 4178 1224 4228 vid.
1276 4179 1523 4243 wytten-

432 4243 687 4363 &ghium
715 4244 787 4294 ad
819 4243 1098 4298 Plutarch.
1130 4246 1327 4298 Moral.
1354 4247 1432 4297 11.
1465 4262 1517 4310 p.

575 4329 690 4379 seq.

1691 2369 2136 2442 Λακεδαιμόνιοι
2159 2371 2222 2427 δὲ
2241 2370 2313 2428 οὗ
2333 2392 2446 2459 κως
2466 2366 2707 2457 ἤκουον]

1625 2447 1799 2498 Cobet
1839 2449 1975 2498 scite
2005 2448 2257 2498 emendat
2293 2438 2398 2496 οὐκ
2429 2438 2708 2510 ἐσήκου·

1626 2532 1735 2582 ον,
1777 2534 1882 2583 quo
1921 2518 2110 2567 eodem
2140 2516 2307 2567 verbo
2340 2517 2541 2567 Noster
2575 2529 2706 2564 usus

1626 2591 1712 2638 est
1756 2587 1802 2650 1,
1848 2588 1970 2637 214.
2008 2587 2105 2650 IV,
2155 2586 2276 2639 133.
2320 2586 2420 2649 VI,
2467 2584 2554 2635 86.
2607 2583 2706 2645 Ix,

1694 2726 1758 2775 In
1783 2725 1888 2776 fine
1908 2740 2029 2807 cap.
2059 2723 2372 2788 scripsimus
2395 2717 2586 2785 σφέων
2607 2710 2710 2770 αὖ

1622 2811 1652 2844 τ
1666 2792 1755 2843 ῶν
1776 2793 1895 2860 (pro
1918 2791 2023 2843 αὐτ
2037 2790 2063 2841 έ
2074 2809 2116 2842 ω
2119 2791 2186 2859 ”ν)
2208 2797 2261 2842 et
2278 2788 2538 2857 μηδεμία
2552 2805 2586 2838 ν
2605 2781 2709 2838 πό-

1621 2864 1713 2913 λιν
1747 2879 1843 2929 pro
1871 2861 2117 2945 μηδεμίη
2135 2877 2193 2924 ν,
2232 2864 2526 2927 praeeunte
2554 2860 2710 2911 Gais-

1621 2933 1818 2984 fordio.
1855 2935 1961 2983 Pro
1983 2900 2304 2994 ἀπορέόντα
2327 2930 2501 2980 Cobet
2517 2944 2711 2994 propo-

1622 3004 1705 3053 nit
1732 2994 2087 3067 ἀγγελέοντα.
2118 3000 2330 3051 Deinde
2352 3015 2450 3064 pro
2466 3011 2709 3062 σιναμω-

1624 3071 1774 3134 ρέειν
1796 3070 2042 3121 nonnulli
2064 3070 2278 3121 codices
2306 3082 2475 3133 σιναμ
2492 3083 2522 3116 ο
2539 3066 2708 3131 ρέειν.

1626 3141 1735 3192 Sed
1769 3141 1878 3191 vid.
1915 3140 2073 3203 VIII,
2110 3141 2195 3191 35.
2234 3140 2301 3200 V,
2339 3138 2428 3189 92.
2467 3142 2519 3202 §-
2553 3136 2606 3187 6.
2656 3139 2710 3185 et

1626 3210 1771 3260 conf.
1832 3208 2032 3260 Siebel.
2083 3209 2151 3258 ad
2203 3209 2445 3258 Pausan.
2493 3207 2569 3269 11,
2623 3204 2708 3266 32,

1627 3280 1677 3330 3.
1750 3279 1892 3331 Add.
1937 3279 2172 3329 Bredov,
2219 3294 2271 3342 p.
2314 3280 2382 3327 42
2430 3280 2485 3325 et
2527 3277 2709 3326 Lucas

1623 3350 1679 3397 in
1698 3353 2100 3415 programmate
2120 3346 2401 3397 Bonnensi
2422 3345 2551 3396 anni
2578 3343 2709 3395 1837

1625 3417 1692 3468 de
1737 3419 2041 3469 Homericis
2098 3416 2355 3481 epithetis
2409 3415 2466 3465 in
2520 3427 2711 3478 μωρος

1623 3488 1964 3538 exeuntibus.
2011 3489 2117 3537 Est
2153 3501 2312 3537 vero:
2348 3485 2576 3547 laedere,
2619 3483 2710 3532 da-

1622 3573 1779 3607 mnum
1815 3559 2030 3621 inferre.

1978 3728 2111 3778 cir.
2151 3726 2352 3777 CLIII.

1693 3827 1842 3887 τίνες
1880 3819 2065 3887 ἐόντες
2101 3819 2408 3892 ανθρωποι
2433 3822 2710 3874 Λακεδαι-

1622 3891 1814 3962 μόνιοι
1849 3913 1900 3947 κ.
1937 3914 1983 3948 τ
2017 3896 2089 3964 λ.]
2128 3899 2214 3949 Ad
2246 3911 2402 3947 usum
2431 3894 2709 3960 participii

1625 3971 1681 4017 et
1737 3968 2070 4032 pronominis
2108 3968 2180 4017 cf.
2218 3965 2417 4016 Matth.
2467 3965 2562 4016 Gr.
2612 3965 2706 4014 Gr.

1627 4040 1679 4099 §-
1704 4037 1823 4088 567.
1844 4053 1896 4101 Ρ.
1923 4036 2078 4088 1118.
2150 4036 2362 4088 Similia
2387 4034 2539 4085 hisce
2557 4032 2713 4099 plura

1626 4121 1657 4155 e
1723 4107 1950 4171 tragicis
2013 4107 2194 4171 poetis
2253 4105 2442 4156 attulit
2501 4105 2710 4168 Burges

1627 4175 1698 4225 ad
1739 4174 1991 4239 Aeschyl.
2032 4175 2220 4240 Suppl.
2260 4176 2385 4226 927.
2457 4173 2520 4222 In
2557 4187 2711 4237 seqq

1623 4244 1818 4310 reliqui
1853 4243 2014 4294 πόλει
2062 4249 2117 4294 et
2161 4236 2385 4308 πρήσει,
2434 4241 2587 4292 libris
2631 4241 2711 4290 sic

1623 4315 1960 4376 iubentibus3
1996 4315 2213 4366 Bekker
2238 4319 2295 4364 et
2318 4311 2544 4363 Dietsch
2584 4302 2714 4360 πόλι
