<?xml version="1.0" encoding="UTF-8"?>
<!DOCTYPE html PUBLIC "-//W3C//DTD XHTML 1.0 Transitional//EN"
    "http://www.w3.org/TR/xhtml1/DTD/xhtml1-transitional.dtd">
<html xmlns="http://www.w3.org/1999/xhtml" xml:lang="en" lang="en">
 <head>
  <title>
</title>
<meta http-equiv="Content-Type" content="text/html;charset=utf-8" />
  <meta name='ocr-system' content='tesseract 3.04.00' />
  <meta name='ocr-capabilities' content='ocr_page ocr_carea ocr_par ocr_line ocrx_word'/>
</head>
<body>
  <div class='ocr_page' id='page_1' title='image "./herodotihalicar02unkngoog_0290.png"; bbox 0 0 3109 5092; ppageno 0'>
   <div class='ocr_carea' id='block_1_1' title="bbox 466 356 592 416">
    <p class='ocr_par' dir='ltr' id='par_1_1' title="bbox 466 356 592 416">
     <span class='ocr_line' id='line_1_1' title="bbox 466 356 592 416; baseline -0.008 0"><span class='ocrx_word' id='word_1_1' title='bbox 466 356 592 416; x_wconf 84' lang='lat'><strong>270</strong></span> 
     </span>
    </p>
   </div>
   <div class='ocr_carea' id='block_1_2' title="bbox 1333 359 1872 421">
    <p class='ocr_par' dir='ltr' id='par_1_2' title="bbox 1333 359 1872 421">
     <span class='ocr_line' id='line_1_2' title="bbox 1333 359 1872 421; baseline 0.002 -2"><span class='ocrx_word' id='word_1_2' title='bbox 1333 359 1872 421; x_wconf 86' lang='lat' dir='ltr'>HERODOTI</span> 
     </span>
    </p>
   </div>
   <div class='ocr_carea' id='block_1_3' title="bbox 464 527 2820 827">
    <p class='ocr_par' dir='ltr' id='par_1_3' title="bbox 464 527 2820 827">
     <span class='ocr_line' id='line_1_3' title="bbox 465 527 2820 624; baseline 0 -27"><span class='ocrx_word' id='word_1_3' title='bbox 465 532 578 597; x_wconf 82' lang='grc' dir='ltr'><strong>καὶ</strong></span> <span class='ocrx_word' id='word_1_4' title='bbox 603 527 808 617; x_wconf 79' lang='grc' dir='ltr'><strong><em>νηοὺς</em></strong></span> <span class='ocrx_word' id='word_1_5' title='bbox 835 531 946 599; x_wconf 82' lang='grc' dir='ltr'><strong>καὶ</strong></span> <span class='ocrx_word' id='word_1_6' title='bbox 975 530 1242 619; x_wconf 78' lang='grc' dir='ltr'><strong><em>βωμοὺς</em></strong></span> <span class='ocrx_word' id='word_1_7' title='bbox 1269 528 1393 600; x_wconf 79' lang='grc' dir='ltr'><strong>οὐκ</strong></span> <span class='ocrx_word' id='word_1_8' title='bbox 1421 533 1497 599; x_wconf 77' lang='grc' dir='ltr'><strong><em>ἐν</em></strong></span> <span class='ocrx_word' id='word_1_9' title='bbox 1523 530 1709 624; x_wconf 76' lang='grc' dir='ltr'><strong><em>νόμω</em></strong></span> <span class='ocrx_word' id='word_1_10' title='bbox 1737 534 2173 618; x_wconf 83' lang='grc' dir='ltr'><strong><em>ποιευμένους</em></strong></span> <span class='ocrx_word' id='word_1_11' title='bbox 2201 533 2583 618; x_wconf 73' lang='grc' dir='ltr'><strong><em>ἱδρύεσθαι,</em></strong></span> <span class='ocrx_word' id='word_1_12' title='bbox 2610 529 2726 602; x_wconf 73' lang='grc' dir='ltr'><strong>ἀλ·</strong></span> <span class='ocrx_word' id='word_1_13' title='bbox 2752 545 2820 598; x_wconf 89' lang='grc'><strong>66</strong></span> 
     </span>
     <span class='ocr_line' id='line_1_4' title="bbox 467 630 2729 723; baseline 0.002 -24"><span class='ocrx_word' id='word_1_14' title='bbox 467 630 552 700; x_wconf 75' lang='grc' dir='ltr'><strong>λὰ</strong></span> <span class='ocrx_word' id='word_1_15' title='bbox 579 634 690 701; x_wconf 87' lang='grc' dir='ltr'><strong>καὶ</strong></span> <span class='ocrx_word' id='word_1_16' title='bbox 715 648 887 701; x_wconf 81' lang='grc' dir='ltr'><strong><em>τοῖσι</em></strong></span> <span class='ocrx_word' id='word_1_17' title='bbox 917 637 1181 703; x_wconf 80' lang='grc' dir='ltr'><strong><em>ποιεῦσι</em></strong></span> <span class='ocrx_word' id='word_1_18' title='bbox 1222 640 1486 723; x_wconf 77' lang='grc' dir='ltr'><strong><em>μωρίην</em></strong></span> <span class='ocrx_word' id='word_1_19' title='bbox 1512 637 1939 723; x_wconf 79' lang='grc' dir='ltr'><strong><em>ἐπιφέρουσι·</em></strong></span> <span class='ocrx_word' id='word_1_20' title='bbox 1993 630 2082 714; x_wconf 74' lang='grc' dir='ltr'><strong>ὡς</strong></span> <span class='ocrx_word' id='word_1_21' title='bbox 2111 634 2237 722; x_wconf 76' lang='grc' dir='ltr'><strong><em>μὲν</em></strong></span> <span class='ocrx_word' id='word_1_22' title='bbox 2266 637 2409 722; x_wconf 81' lang='grc' dir='ltr'><strong><em>ἐμοὶ</em></strong></span> <span class='ocrx_word' id='word_1_23' title='bbox 2443 639 2729 720; x_wconf 81' lang='grc' dir='ltr'><strong><em>δοκέειν,</em></strong></span> 
     </span>
     <span class='ocr_line' id='line_1_5' title="bbox 464 731 2732 827; baseline 0.002 -25"><span class='ocrx_word' id='word_1_24' title='bbox 464 731 566 803; x_wconf 82' lang='grc' dir='ltr'><strong><em>ὅτι</em></strong></span> <span class='ocrx_word' id='word_1_25' title='bbox 596 732 721 803; x_wconf 83' lang='grc' dir='ltr'><strong>οὐκ</strong></span> <span class='ocrx_word' id='word_1_26' title='bbox 748 732 1292 824; x_wconf 78' lang='grc' dir='ltr'><strong><em>ἀνθρωποφυέας</em></strong></span> <span class='ocrx_word' id='word_1_27' title='bbox 1332 736 1650 825; x_wconf 80' lang='grc' dir='ltr'><strong><em>ἐνόμισαν</em></strong></span> <span class='ocrx_word' id='word_1_28' title='bbox 1687 735 1842 816; x_wconf 85' lang='grc' dir='ltr'><strong>τούς</strong></span> <span class='ocrx_word' id='word_1_29' title='bbox 1873 735 2115 823; x_wconf 75' lang='grc' dir='ltr'><strong><em>θεοὺς,</em></strong></span> <span class='ocrx_word' id='word_1_30' title='bbox 2158 737 2454 827; x_wconf 76' lang='grc' dir='ltr'><strong><em>κατάπερ</em></strong></span> <span class='ocrx_word' id='word_1_31' title='bbox 2478 743 2548 807; x_wconf 77' lang='grc' dir='ltr'><strong>οἰ</strong></span> <span class='ocrx_word' id='word_1_32' title='bbox 2576 735 2732 806; x_wconf 77' lang='grc' dir='ltr'><strong>Ἕλ-</strong></span> 
     </span>
    </p>
   </div>
   <div class='ocr_carea' id='block_1_4' title="bbox 456 927 1550 3137">
    <p class='ocr_par' dir='ltr' id='par_1_4' title="bbox 463 927 1550 1138">
     <span class='ocr_line' id='line_1_6' title="bbox 465 927 1550 1002; baseline 0.002 -19"><span class='ocrx_word' id='word_1_33' title='bbox 465 934 802 999; x_wconf 80' lang='grc' dir='ltr'><strong><em>νομίκασι</em></strong></span> <span class='ocrx_word' id='word_1_34' title='bbox 831 927 1550 1002; x_wconf 73' lang='grc' dir='ltr'><strong><em>ποιέειν,ἆλλὰκαὶτοΐσι</em></strong></span> 
     </span>
     <span class='ocr_line' id='line_1_7' title="bbox 463 1004 1548 1056; baseline 0.003 -4"><span class='ocrx_word' id='word_1_35' title='bbox 463 1019 514 1052; x_wconf 75' lang='grc' dir='ltr'><strong>κ.</strong></span> <span class='ocrx_word' id='word_1_36' title='bbox 563 1019 610 1053; x_wconf 88' lang='grc' dir='ltr'><strong>τ.</strong></span> <span class='ocrx_word' id='word_1_37' title='bbox 661 1004 706 1053; x_wconf 82' lang='grc' dir='ltr'><strong>λ.</strong></span> <span class='ocrx_word' id='word_1_38' title='bbox 782 1005 919 1055; x_wconf 85' lang='lat' dir='ltr'><strong>Mihi</strong></span> <span class='ocrx_word' id='word_1_39' title='bbox 967 1006 1119 1056; x_wconf 89' lang='lat' dir='ltr'><strong>nulla</strong></span> <span class='ocrx_word' id='word_1_40' title='bbox 1174 1006 1548 1056; x_wconf 78' lang='lat' dir='ltr'><strong>emendatione</strong></span> 
     </span>
     <span class='ocr_line' id='line_1_8' title="bbox 465 1075 1024 1138; baseline 0.005 -16"><span class='ocrx_word' id='word_1_41' title='bbox 465 1088 600 1138; x_wconf 88' lang='lat' dir='ltr'><strong>opus</strong></span> <span class='ocrx_word' id='word_1_42' title='bbox 639 1090 756 1125; x_wconf 90' lang='lat' dir='ltr'><strong>esse</strong></span> <span class='ocrx_word' id='word_1_43' title='bbox 791 1075 1024 1125; x_wconf 85' lang='lat' dir='ltr'><strong>videtur.</strong></span> 
     </span>
    </p>

    <p class='ocr_par' dir='ltr' id='par_1_5' title="bbox 456 1144 1548 3137">
     <span class='ocr_line' id='line_1_9' title="bbox 533 1144 1548 1209; baseline 0.003 -19"><span class='ocrx_word' id='word_1_44' title='bbox 533 1144 599 1191; x_wconf 90' lang='lat' dir='ltr'><strong>In</strong></span> <span class='ocrx_word' id='word_1_45' title='bbox 634 1145 752 1207; x_wconf 89' lang='lat' dir='ltr'><strong>ipso</strong></span> <span class='ocrx_word' id='word_1_46' title='bbox 791 1150 1107 1208; x_wconf 87' lang='lat' dir='ltr'><strong>argumento</strong></span> <span class='ocrx_word' id='word_1_47' title='bbox 1144 1145 1360 1209; x_wconf 86' lang='lat' dir='ltr'><strong>plurimi</strong></span> <span class='ocrx_word' id='word_1_48' title='bbox 1400 1150 1548 1194; x_wconf 85' lang='lat' dir='ltr'><strong>vete-</strong></span> 
     </span>
     <span class='ocr_line' id='line_1_10' title="bbox 463 1213 1542 1275; baseline 0.002 -16"><span class='ocrx_word' id='word_1_49' title='bbox 463 1227 580 1260; x_wconf 89' lang='lat' dir='ltr'><strong>rum</strong></span> <span class='ocrx_word' id='word_1_50' title='bbox 647 1228 769 1261; x_wconf 89' lang='lat' dir='ltr'><strong>cum</strong></span> <span class='ocrx_word' id='word_1_51' title='bbox 821 1215 1101 1264; x_wconf 80' lang='lat' dir='ltr'>Herodoto</span> <span class='ocrx_word' id='word_1_52' title='bbox 1176 1213 1542 1275; x_wconf 86' lang='lat' dir='ltr'><strong>consentiunt,</strong></span> 
     </span>
     <span class='ocr_line' id='line_1_11' title="bbox 464 1282 1544 1346; baseline 0.001 -17"><span class='ocrx_word' id='word_1_53' title='bbox 464 1295 692 1344; x_wconf 89' lang='lat' dir='ltr'><strong>quorum</strong></span> <span class='ocrx_word' id='word_1_54' title='bbox 744 1282 896 1331; x_wconf 90' lang='lat' dir='ltr'><strong>locos</strong></span> <span class='ocrx_word' id='word_1_55' title='bbox 955 1287 1346 1346; x_wconf 83' lang='lat' dir='ltr'><strong>congesserunt</strong></span> <span class='ocrx_word' id='word_1_56' title='bbox 1396 1283 1544 1331; x_wconf 90' lang='lat' dir='ltr'><strong>Bris-</strong></span> 
     </span>
     <span class='ocr_line' id='line_1_12' title="bbox 465 1350 1544 1415; baseline 0 -16"><span class='ocrx_word' id='word_1_57' title='bbox 465 1365 582 1399; x_wconf 89' lang='lat' dir='ltr'><strong>son.</strong></span> <span class='ocrx_word' id='word_1_58' title='bbox 622 1350 688 1399; x_wconf 89' lang='lat' dir='ltr'><strong>de</strong></span> <span class='ocrx_word' id='word_1_59' title='bbox 728 1366 844 1415; x_wconf 82' lang='lat' dir='ltr'><strong>reg.</strong></span> <span class='ocrx_word' id='word_1_60' title='bbox 882 1352 1035 1402; x_wconf 91' lang='lat' dir='ltr'><strong>Pers.</strong></span> <span class='ocrx_word' id='word_1_61' title='bbox 1082 1352 1310 1415; x_wconf 87' lang='lat' dir='ltr'><strong>princip.</strong></span> <span class='ocrx_word' id='word_1_62' title='bbox 1349 1351 1439 1412; x_wconf 93' lang='lat' dir='ltr'><strong>II,</strong></span> <span class='ocrx_word' id='word_1_63' title='bbox 1477 1351 1544 1399; x_wconf 77' lang='lat'><strong>28</strong></span> 
     </span>
     <span class='ocr_line' id='line_1_13' title="bbox 464 1418 1543 1485; baseline 0.003 -19"><span class='ocrx_word' id='word_1_64' title='bbox 464 1423 520 1467; x_wconf 90' lang='lat' dir='ltr'><strong>et</strong></span> <span class='ocrx_word' id='word_1_65' title='bbox 543 1433 693 1483; x_wconf 86' lang='lat' dir='ltr'><strong>seqq.</strong></span> <span class='ocrx_word' id='word_1_66' title='bbox 734 1418 882 1482; x_wconf 89' lang='lat' dir='ltr'><strong>(coll.</strong></span> <span class='ocrx_word' id='word_1_67' title='bbox 910 1420 1103 1485; x_wconf 75' lang='lat' dir='ltr'><strong>Heyde</strong></span> <span class='ocrx_word' id='word_1_68' title='bbox 1129 1420 1194 1469; x_wconf 91' lang='lat' dir='ltr'><strong>de</strong></span> <span class='ocrx_word' id='word_1_69' title='bbox 1222 1424 1356 1469; x_wconf 84' lang='lat' dir='ltr'><strong>vett.</strong></span> <span class='ocrx_word' id='word_1_70' title='bbox 1389 1421 1543 1477; x_wconf 77' lang='lat' dir='ltr'><strong>Pers.</strong></span> 
     </span>
     <span class='ocr_line' id='line_1_14' title="bbox 464 1486 1544 1553; baseline 0.003 -18"><span class='ocrx_word' id='word_1_71' title='bbox 464 1486 618 1551; x_wconf 80' lang='lat' dir='ltr'>relig.</span> <span class='ocrx_word' id='word_1_72' title='bbox 669 1489 775 1538; x_wconf 91' lang='lat'><strong>111.</strong></span> <span class='ocrx_word' id='word_1_73' title='bbox 829 1504 883 1553; x_wconf 93' lang='lat' dir='ltr'><strong>p.</strong></span> <span class='ocrx_word' id='word_1_74' title='bbox 921 1489 1020 1553; x_wconf 83' lang='lat'><strong>93)</strong></span> <span class='ocrx_word' id='word_1_75' title='bbox 1072 1494 1127 1539; x_wconf 88' lang='lat' dir='ltr'><strong>et</strong></span> <span class='ocrx_word' id='word_1_76' title='bbox 1166 1489 1428 1540; x_wconf 76' lang='lat' dir='ltr'>Davisius</span> <span class='ocrx_word' id='word_1_77' title='bbox 1475 1488 1544 1538; x_wconf 87' lang='lat' dir='ltr'><strong>ad</strong></span> 
     </span>
     <span class='ocr_line' id='line_1_15' title="bbox 463 1556 1543 1622; baseline 0.003 -17"><span class='ocrx_word' id='word_1_78' title='bbox 463 1556 637 1607; x_wconf 85' lang='lat' dir='ltr'><strong>Cicer.</strong></span> <span class='ocrx_word' id='word_1_79' title='bbox 679 1557 745 1606; x_wconf 91' lang='lat' dir='ltr'><strong>de</strong></span> <span class='ocrx_word' id='word_1_80' title='bbox 776 1559 948 1622; x_wconf 84' lang='lat' dir='ltr'><strong>Legg.</strong></span> <span class='ocrx_word' id='word_1_81' title='bbox 990 1558 1076 1621; x_wconf 93' lang='lat'><strong>11,</strong></span> <span class='ocrx_word' id='word_1_82' title='bbox 1115 1559 1199 1609; x_wconf 91' lang='grc'><strong>10.</strong></span> <span class='ocrx_word' id='word_1_83' title='bbox 1238 1574 1290 1622; x_wconf 89' lang='lat' dir='ltr'><strong>p.</strong></span> <span class='ocrx_word' id='word_1_84' title='bbox 1323 1558 1424 1610; x_wconf 79' lang='lat'><strong>234</strong></span> <span class='ocrx_word' id='word_1_85' title='bbox 1457 1557 1543 1608; x_wconf 90' lang='lat' dir='ltr'><strong>ed.</strong></span> 
     </span>
     <span class='ocr_line' id='line_1_16' title="bbox 465 1625 1547 1691; baseline 0.002 -17"><span class='ocrx_word' id='word_1_86' title='bbox 465 1625 658 1674; x_wconf 83' lang='lat' dir='ltr'><strong>Creuz.</strong></span> <span class='ocrx_word' id='word_1_87' title='bbox 733 1628 807 1677; x_wconf 85' lang='lat' dir='ltr'><strong>Et</strong></span> <span class='ocrx_word' id='word_1_88' title='bbox 843 1627 1050 1678; x_wconf 81' lang='lat' dir='ltr'><strong>consul.</strong></span> <span class='ocrx_word' id='word_1_89' title='bbox 1089 1627 1267 1691; x_wconf 87' lang='lat' dir='ltr'><strong>ipsum</strong></span> <span class='ocrx_word' id='word_1_90' title='bbox 1302 1627 1547 1677; x_wconf 87' lang='lat' dir='ltr'><strong>Herodo-</strong></span> 
     </span>
     <span class='ocr_line' id='line_1_17' title="bbox 461 1695 1544 1760; baseline 0.001 -18"><span class='ocrx_word' id='word_1_91' title='bbox 461 1699 577 1743; x_wconf 87' lang='lat' dir='ltr'><strong>tum</strong></span> <span class='ocrx_word' id='word_1_92' title='bbox 613 1695 783 1759; x_wconf 87' lang='lat' dir='ltr'>VIII,</span> <span class='ocrx_word' id='word_1_93' title='bbox 823 1696 942 1747; x_wconf 83' lang='lat'><strong>109.</strong></span> <span class='ocrx_word' id='word_1_94' title='bbox 1013 1697 1092 1746; x_wconf 84' lang='lat' dir='ltr'><strong>Ac</strong></span> <span class='ocrx_word' id='word_1_95' title='bbox 1138 1701 1285 1746; x_wconf 86' lang='lat' dir='ltr'><strong>recte</strong></span> <span class='ocrx_word' id='word_1_96' title='bbox 1328 1695 1544 1760; x_wconf 87' lang='lat' dir='ltr'><strong>quidem</strong></span> 
     </span>
     <span class='ocr_line' id='line_1_18' title="bbox 461 1763 1543 1815; baseline 0.002 -4"><span class='ocrx_word' id='word_1_97' title='bbox 461 1763 520 1811; x_wconf 88' lang='lat' dir='ltr'><strong>in</strong></span> <span class='ocrx_word' id='word_1_98' title='bbox 555 1770 743 1814; x_wconf 88' lang='lat' dir='ltr'><strong>nostro</strong></span> <span class='ocrx_word' id='word_1_99' title='bbox 791 1764 909 1814; x_wconf 91' lang='lat' dir='ltr'><strong>loco</strong></span> <span class='ocrx_word' id='word_1_100' title='bbox 955 1765 1218 1815; x_wconf 86' lang='lat' dir='ltr'><strong>insistunt</strong></span> <span class='ocrx_word' id='word_1_101' title='bbox 1253 1766 1359 1814; x_wconf 74' lang='lat' dir='ltr'><strong>viri</strong></span> <span class='ocrx_word' id='word_1_102' title='bbox 1395 1765 1543 1813; x_wconf 87' lang='lat' dir='ltr'><strong>docti</strong></span> 
     </span>
     <span class='ocr_line' id='line_1_19' title="bbox 460 1833 1540 1899; baseline 0.001 -18"><span class='ocrx_word' id='word_1_103' title='bbox 460 1837 682 1883; x_wconf 86' lang='lat' dir='ltr'><strong>nostrae</strong></span> <span class='ocrx_word' id='word_1_104' title='bbox 718 1835 946 1896; x_wconf 83' lang='lat' dir='ltr'><strong>aetatis,</strong></span> <span class='ocrx_word' id='word_1_105' title='bbox 987 1850 1053 1884; x_wconf 85' lang='lat' dir='ltr'><strong>ex</strong></span> <span class='ocrx_word' id='word_1_106' title='bbox 1091 1850 1197 1898; x_wconf 90' lang='lat' dir='ltr'><strong>quo</strong></span> <span class='ocrx_word' id='word_1_107' title='bbox 1220 1833 1540 1899; x_wconf 76' lang='lat' dir='ltr'><strong>simplicitas</strong></span> 
     </span>
     <span class='ocr_line' id='line_1_20' title="bbox 460 1903 1542 1969; baseline 0.001 -18"><span class='ocrx_word' id='word_1_108' title='bbox 460 1906 626 1966; x_wconf 84' lang='lat' dir='ltr'><strong>atque</strong></span> <span class='ocrx_word' id='word_1_109' title='bbox 672 1905 959 1969; x_wconf 78' lang='lat' dir='ltr'><strong>integritas</strong></span> <span class='ocrx_word' id='word_1_110' title='bbox 1013 1903 1296 1968; x_wconf 85' lang='lat' dir='ltr'><strong>religionis</strong></span> <span class='ocrx_word' id='word_1_111' title='bbox 1350 1905 1542 1953; x_wconf 79' lang='lat' dir='ltr'><strong>Persa·</strong></span> 
     </span>
     <span class='ocr_line' id='line_1_21' title="bbox 461 1973 1542 2037; baseline 0.002 -18"><span class='ocrx_word' id='word_1_112' title='bbox 461 1986 577 2019; x_wconf 87' lang='lat' dir='ltr'><strong>rum</strong></span> <span class='ocrx_word' id='word_1_113' title='bbox 614 1973 816 2035; x_wconf 87' lang='lat' dir='ltr'><strong>optime</strong></span> <span class='ocrx_word' id='word_1_114' title='bbox 859 1977 1249 2037; x_wconf 79' lang='lat' dir='ltr'><strong>cognoscatur,</strong></span> <span class='ocrx_word' id='word_1_115' title='bbox 1298 1987 1406 2036; x_wconf 91' lang='lat' dir='ltr'><strong>qua</strong></span> <span class='ocrx_word' id='word_1_116' title='bbox 1443 1987 1542 2036; x_wconf 90' lang='lat' dir='ltr'><strong>pu·</strong></span> 
     </span>
     <span class='ocr_line' id='line_1_22' title="bbox 461 2040 1540 2106; baseline 0.002 -18"><span class='ocrx_word' id='word_1_117' title='bbox 461 2040 572 2089; x_wconf 90' lang='lat' dir='ltr'><strong>rior</strong></span> <span class='ocrx_word' id='word_1_118' title='bbox 595 2046 651 2090; x_wconf 93' lang='lat' dir='ltr'><strong>et</strong></span> <span class='ocrx_word' id='word_1_119' title='bbox 685 2042 755 2090; x_wconf 92' lang='lat' dir='ltr'><strong>ab</strong></span> <span class='ocrx_word' id='word_1_120' title='bbox 779 2041 1028 2090; x_wconf 88' lang='lat' dir='ltr'><strong>humanis</strong></span> <span class='ocrx_word' id='word_1_121' title='bbox 1063 2041 1540 2106; x_wconf 79' lang='lat' dir='ltr'><strong>superstitionibus</strong></span> 
     </span>
     <span class='ocr_line' id='line_1_23' title="bbox 462 2109 1541 2175; baseline 0.001 -18"><span class='ocrx_word' id='word_1_122' title='bbox 462 2109 636 2172; x_wconf 78' lang='lat' dir='ltr'><strong>magis</strong></span> <span class='ocrx_word' id='word_1_123' title='bbox 663 2110 915 2159; x_wconf 88' lang='lat' dir='ltr'><strong>immunis</strong></span> <span class='ocrx_word' id='word_1_124' title='bbox 940 2111 1030 2158; x_wconf 81' lang='lat' dir='ltr'><strong>vix</strong></span> <span class='ocrx_word' id='word_1_125' title='bbox 1053 2110 1166 2160; x_wconf 88' lang='lat' dir='ltr'><strong>ulla</strong></span> <span class='ocrx_word' id='word_1_126' title='bbox 1197 2127 1293 2175; x_wconf 89' lang='lat' dir='ltr'><strong>per</strong></span> <span class='ocrx_word' id='word_1_127' title='bbox 1331 2125 1541 2159; x_wconf 89' lang='lat' dir='ltr'><strong>omnem</strong></span> 
     </span>
     <span class='ocr_line' id='line_1_24' title="bbox 461 2177 1543 2243; baseline 0.002 -17"><span class='ocrx_word' id='word_1_128' title='bbox 461 2177 629 2226; x_wconf 83' lang='lat' dir='ltr'><strong>fuerit</strong></span> <span class='ocrx_word' id='word_1_129' title='bbox 661 2179 1061 2242; x_wconf 75' lang='lat' dir='ltr'><strong>antiquitatem.</strong></span> <span class='ocrx_word' id='word_1_130' title='bbox 1118 2180 1363 2243; x_wconf 81' lang='lat' dir='ltr'><strong>Namque</strong></span> <span class='ocrx_word' id='word_1_131' title='bbox 1400 2194 1543 2228; x_wconf 89' lang='lat' dir='ltr'><strong>sum·</strong></span> 
     </span>
     <span class='ocr_line' id='line_1_25' title="bbox 461 2248 1540 2312; baseline 0.002 -18"><span class='ocrx_word' id='word_1_132' title='bbox 461 2261 606 2295; x_wconf 87' lang='lat' dir='ltr'><strong>mum</strong></span> <span class='ocrx_word' id='word_1_133' title='bbox 648 2262 846 2297; x_wconf 89' lang='lat' dir='ltr'><strong>numen</strong></span> <span class='ocrx_word' id='word_1_134' title='bbox 893 2263 1001 2298; x_wconf 88' lang='lat' dir='ltr'><strong>non</strong></span> <span class='ocrx_word' id='word_1_135' title='bbox 1050 2248 1377 2312; x_wconf 78' lang='lat' dir='ltr'><strong>imaginibus</strong></span> <span class='ocrx_word' id='word_1_136' title='bbox 1421 2252 1540 2297; x_wconf 84' lang='lat' dir='ltr'><strong>arte</strong></span> 
     </span>
     <span class='ocr_line' id='line_1_26' title="bbox 459 2315 1538 2382; baseline 0.001 -18"><span class='ocrx_word' id='word_1_137' title='bbox 459 2315 697 2365; x_wconf 86' lang='lat' dir='ltr'><strong>humana</strong></span> <span class='ocrx_word' id='word_1_138' title='bbox 752 2316 915 2365; x_wconf 85' lang='lat' dir='ltr'><strong>factis</strong></span> <span class='ocrx_word' id='word_1_139' title='bbox 965 2320 1224 2380; x_wconf 85' lang='lat' dir='ltr'><strong>tanquam</strong></span> <span class='ocrx_word' id='word_1_140' title='bbox 1277 2317 1538 2382; x_wconf 69' lang='lat' dir='ltr'><strong>symbolis</strong></span> 
     </span>
     <span class='ocr_line' id='line_1_27' title="bbox 461 2384 1538 2449; baseline 0.002 -17"><span class='ocrx_word' id='word_1_141' title='bbox 461 2385 833 2448; x_wconf 83' lang='lat' dir='ltr'><strong>exprimebant</strong></span> <span class='ocrx_word' id='word_1_142' title='bbox 893 2384 1279 2449; x_wconf 79' lang='lat' dir='ltr'><strong>colebantque,</strong></span> <span class='ocrx_word' id='word_1_143' title='bbox 1338 2385 1434 2435; x_wconf 89' lang='lat' dir='ltr'><strong>sed</strong></span> <span class='ocrx_word' id='word_1_144' title='bbox 1483 2385 1538 2434; x_wconf 89' lang='lat' dir='ltr'><strong>in</strong></span> 
     </span>
     <span class='ocr_line' id='line_1_28' title="bbox 459 2452 1538 2518; baseline 0.002 -17"><span class='ocrx_word' id='word_1_145' title='bbox 459 2452 592 2516; x_wconf 88' lang='lat' dir='ltr'><strong>ipsis</strong></span> <span class='ocrx_word' id='word_1_146' title='bbox 629 2469 804 2518; x_wconf 89' lang='lat' dir='ltr'><strong>aquae</strong></span> <span class='ocrx_word' id='word_1_147' title='bbox 840 2458 895 2504; x_wconf 91' lang='lat' dir='ltr'><strong>et</strong></span> <span class='ocrx_word' id='word_1_148' title='bbox 931 2454 1074 2518; x_wconf 76' lang='lat' dir='ltr'><strong>ignis</strong></span> <span class='ocrx_word' id='word_1_149' title='bbox 1112 2455 1391 2504; x_wconf 86' lang='lat' dir='ltr'><strong>elementis</strong></span> <span class='ocrx_word' id='word_1_150' title='bbox 1427 2454 1538 2504; x_wconf 76' lang='lat' dir='ltr'><strong>vim</strong></span> 
     </span>
     <span class='ocr_line' id='line_1_29' title="bbox 460 2522 1537 2575; baseline 0.003 -5"><span class='ocrx_word' id='word_1_151' title='bbox 460 2522 700 2572; x_wconf 84' lang='lat' dir='ltr'><strong>divinam</strong></span> <span class='ocrx_word' id='word_1_152' title='bbox 758 2522 1174 2575; x_wconf 81' lang='lat' dir='ltr'><strong>venerabantur.</strong></span> <span class='ocrx_word' id='word_1_153' title='bbox 1257 2524 1395 2574; x_wconf 90' lang='lat' dir='ltr'><strong>Inde</strong></span> <span class='ocrx_word' id='word_1_154' title='bbox 1437 2539 1537 2573; x_wconf 88' lang='lat' dir='ltr'><strong>nec</strong></span> 
     </span>
     <span class='ocr_line' id='line_1_30' title="bbox 458 2592 1537 2657; baseline 0.001 -16"><span class='ocrx_word' id='word_1_155' title='bbox 458 2592 672 2657; x_wconf 88' lang='lat' dir='ltr'><strong>templis</strong></span> <span class='ocrx_word' id='word_1_156' title='bbox 701 2607 853 2656; x_wconf 88' lang='lat' dir='ltr'><strong>opus,</strong></span> <span class='ocrx_word' id='word_1_157' title='bbox 892 2608 992 2643; x_wconf 90' lang='lat' dir='ltr'><strong>nec</strong></span> <span class='ocrx_word' id='word_1_158' title='bbox 1020 2594 1237 2654; x_wconf 81' lang='lat' dir='ltr'><strong>statuis,</strong></span> <span class='ocrx_word' id='word_1_159' title='bbox 1271 2608 1372 2642; x_wconf 88' lang='lat' dir='ltr'><strong>nec</strong></span> <span class='ocrx_word' id='word_1_160' title='bbox 1402 2592 1537 2642; x_wconf 88' lang='lat' dir='ltr'><strong>alta-</strong></span> 
     </span>
     <span class='ocr_line' id='line_1_31' title="bbox 458 2661 1538 2727; baseline 0.002 -18"><span class='ocrx_word' id='word_1_161' title='bbox 458 2662 607 2711; x_wconf 81' lang='lat' dir='ltr'><strong>ribus</strong></span> <span class='ocrx_word' id='word_1_162' title='bbox 671 2661 876 2712; x_wconf 88' lang='lat' dir='ltr'><strong>affabre</strong></span> <span class='ocrx_word' id='word_1_163' title='bbox 939 2663 1120 2713; x_wconf 84' lang='lat' dir='ltr'><strong>factis.</strong></span> <span class='ocrx_word' id='word_1_164' title='bbox 1205 2662 1394 2727; x_wconf 88' lang='lat' dir='ltr'><strong>Neque</strong></span> <span class='ocrx_word' id='word_1_165' title='bbox 1446 2662 1538 2711; x_wconf 93' lang='lat' dir='ltr'><strong>ob-</strong></span> 
     </span>
     <span class='ocr_line' id='line_1_32' title="bbox 459 2732 1537 2797; baseline 0.001 -19"><span class='ocrx_word' id='word_1_166' title='bbox 459 2736 634 2794; x_wconf 87' lang='lat' dir='ltr'><strong>stant,</strong></span> <span class='ocrx_word' id='word_1_167' title='bbox 688 2732 735 2781; x_wconf 92' lang='lat' dir='ltr'><strong>si</strong></span> <span class='ocrx_word' id='word_1_168' title='bbox 773 2745 912 2796; x_wconf 87' lang='lat' dir='ltr'><strong>quae</strong></span> <span class='ocrx_word' id='word_1_169' title='bbox 956 2733 1276 2797; x_wconf 84' lang='lat' dir='ltr'><strong>templorum</strong></span> <span class='ocrx_word' id='word_1_170' title='bbox 1326 2746 1392 2780; x_wconf 89' lang='lat' dir='ltr'><strong>ac</strong></span> <span class='ocrx_word' id='word_1_171' title='bbox 1429 2736 1537 2779; x_wconf 87' lang='lat' dir='ltr'><strong>sta-</strong></span> 
     </span>
     <span class='ocr_line' id='line_1_33' title="bbox 458 2800 1539 2864; baseline -0.001 -15"><span class='ocrx_word' id='word_1_172' title='bbox 458 2803 671 2849; x_wconf 84' lang='lat' dir='ltr'><strong>tuarum</strong></span> <span class='ocrx_word' id='word_1_173' title='bbox 720 2800 956 2863; x_wconf 80' lang='lat' dir='ltr'><strong>vestigia</strong></span> <span class='ocrx_word' id='word_1_174' title='bbox 1010 2801 1374 2864; x_wconf 85' lang='lat' dir='ltr'><strong>reperiantur,</strong></span> <span class='ocrx_word' id='word_1_175' title='bbox 1428 2814 1539 2848; x_wconf 90' lang='lat' dir='ltr'><strong>mo-</strong></span> 
     </span>
     <span class='ocr_line' id='line_1_34' title="bbox 457 2868 1534 2932; baseline 0 -16"><span class='ocrx_word' id='word_1_176' title='bbox 457 2873 622 2917; x_wconf 87' lang='lat' dir='ltr'><strong>nente</strong></span> <span class='ocrx_word' id='word_1_177' title='bbox 665 2869 929 2918; x_wconf 80' lang='lat' dir='ltr'><strong>Creuzero</strong></span> <span class='ocrx_word' id='word_1_178' title='bbox 986 2869 1044 2917; x_wconf 89' lang='lat' dir='ltr'><strong>in</strong></span> <span class='ocrx_word' id='word_1_179' title='bbox 1101 2868 1342 2932; x_wconf 79' lang='lat' dir='ltr'><strong>Symbol.</strong></span> <span class='ocrx_word' id='word_1_180' title='bbox 1389 2868 1433 2918; x_wconf 93' lang='lat' dir='ltr'><strong>I.</strong></span> <span class='ocrx_word' id='word_1_181' title='bbox 1482 2883 1534 2931; x_wconf 88' lang='lat' dir='ltr'><strong>p.</strong></span> 
     </span>
     <span class='ocr_line' id='line_1_35' title="bbox 458 2936 1536 3002; baseline 0 -17"><span class='ocrx_word' id='word_1_182' title='bbox 458 2937 561 2985; x_wconf 82' lang='lat'><strong>216</strong></span> <span class='ocrx_word' id='word_1_183' title='bbox 580 2951 696 3000; x_wconf 88' lang='lat' dir='ltr'><strong>seq.</strong></span> <span class='ocrx_word' id='word_1_184' title='bbox 724 2937 808 2986; x_wconf 90' lang='lat' dir='ltr'><strong>ed.</strong></span> <span class='ocrx_word' id='word_1_185' title='bbox 837 2942 963 2986; x_wconf 87' lang='lat' dir='ltr'><strong>tert.</strong></span> <span class='ocrx_word' id='word_1_186' title='bbox 985 2937 1168 3002; x_wconf 91' lang='lat' dir='ltr'><strong>ibique</strong></span> <span class='ocrx_word' id='word_1_187' title='bbox 1186 2937 1368 2986; x_wconf 86' lang='lat' dir='ltr'><strong>laudd.</strong></span> <span class='ocrx_word' id='word_1_188' title='bbox 1393 2936 1536 2985; x_wconf 83' lang='lat' dir='ltr'><strong>Add.</strong></span> 
     </span>
     <span class='ocr_line' id='line_1_36' title="bbox 456 3002 1535 3069; baseline 0.002 -17"><span class='ocrx_word' id='word_1_189' title='bbox 456 3002 934 3069; x_wconf 82' lang='lat' dir='ltr'><strong>KleukerAnhang</strong></span> <span class='ocrx_word' id='word_1_190' title='bbox 957 3021 1003 3054; x_wconf 78' lang='lat' dir='ltr'><strong>z.</strong></span> <span class='ocrx_word' id='word_1_191' title='bbox 1021 3006 1347 3054; x_wconf 79' lang='lat' dir='ltr'><strong>Zendavest.</strong></span> <span class='ocrx_word' id='word_1_192' title='bbox 1385 3005 1461 3065; x_wconf 89' lang='grc' dir='ltr'><strong>ΙΙ,</strong></span> <span class='ocrx_word' id='word_1_193' title='bbox 1482 3006 1535 3054; x_wconf 84' lang='grc'><strong>2.</strong></span> 
     </span>
     <span class='ocr_line' id='line_1_37' title="bbox 458 3070 1539 3137; baseline 0.003 -18"><span class='ocrx_word' id='word_1_194' title='bbox 458 3070 629 3135; x_wconf 84' lang='grc' dir='ltr'><strong><em>Περσ.</em></strong></span> <span class='ocrx_word' id='word_1_195' title='bbox 675 3087 728 3135; x_wconf 91' lang='lat' dir='ltr'><strong>p.</strong></span> <span class='ocrx_word' id='word_1_196' title='bbox 774 3072 837 3123; x_wconf 87' lang='lat'><strong>13</strong></span> <span class='ocrx_word' id='word_1_197' title='bbox 881 3089 1031 3137; x_wconf 86' lang='lat' dir='ltr'><strong>seqq.</strong></span> <span class='ocrx_word' id='word_1_198' title='bbox 1113 3073 1253 3124; x_wconf 89' lang='lat' dir='ltr'><strong>Nam</strong></span> <span class='ocrx_word' id='word_1_199' title='bbox 1298 3073 1539 3137; x_wconf 89' lang='lat' dir='ltr'><strong>loquitur</strong></span> 
     </span>
    </p>
   </div>
   <div class='ocr_carea' id='block_1_5' title="bbox 345 3134 1538 3206">
    <p class='ocr_par' dir='ltr' id='par_1_6' title="bbox 345 3134 1538 3206">
     <span class='ocr_line' id='line_1_38' title="bbox 345 3134 1538 3206; baseline 0.003 -18"><span class='ocrx_word' id='word_1_200' title='bbox 345 3134 352 3141; x_wconf 81' lang='grc'><strong>’</strong></span> <span class='ocrx_word' id='word_1_201' title='bbox 456 3139 767 3189; x_wconf 86' lang='lat' dir='ltr'><strong>Herodotus</strong></span> <span class='ocrx_word' id='word_1_202' title='bbox 825 3142 893 3190; x_wconf 93' lang='lat' dir='ltr'><strong>de</strong></span> <span class='ocrx_word' id='word_1_203' title='bbox 938 3141 1213 3206; x_wconf 85' lang='lat' dir='ltr'><strong>primitiva</strong></span> <span class='ocrx_word' id='word_1_204' title='bbox 1255 3142 1538 3206; x_wconf 84' lang='lat' dir='ltr'><strong>magisque</strong></span> 
     </span>
    </p>
   </div>
   <div class='ocr_carea' id='block_1_6' title="bbox 442 3210 1538 4439">
    <p class='ocr_par' dir='ltr' id='par_1_7' title="bbox 442 3210 1538 4439">
     <span class='ocr_line' id='line_1_39' title="bbox 454 3210 1538 3274; baseline 0.003 -17"><span class='ocrx_word' id='word_1_205' title='bbox 454 3224 592 3272; x_wconf 88' lang='lat' dir='ltr'><strong>pura</strong></span> <span class='ocrx_word' id='word_1_206' title='bbox 625 3210 912 3259; x_wconf 85' lang='lat' dir='ltr'><strong>Persarum</strong></span> <span class='ocrx_word' id='word_1_207' title='bbox 957 3210 1249 3274; x_wconf 84' lang='lat' dir='ltr'><strong>religione,</strong></span> <span class='ocrx_word' id='word_1_208' title='bbox 1302 3211 1390 3259; x_wconf 89' lang='lat' dir='ltr'><strong>cui</strong></span> <span class='ocrx_word' id='word_1_209' title='bbox 1425 3210 1538 3260; x_wconf 89' lang='lat' dir='ltr'><strong>alia</strong></span> 
     </span>
     <span class='ocr_line' id='line_1_40' title="bbox 454 3277 1536 3342; baseline 0.003 -16"><span class='ocrx_word' id='word_1_210' title='bbox 454 3278 738 3341; x_wconf 88' lang='lat' dir='ltr'><strong>postmodo</strong></span> <span class='ocrx_word' id='word_1_211' title='bbox 772 3294 836 3328; x_wconf 84' lang='lat' dir='ltr'><strong>ex</strong></span> <span class='ocrx_word' id='word_1_212' title='bbox 861 3277 1090 3328; x_wconf 87' lang='lat' dir='ltr'><strong>aliarum</strong></span> <span class='ocrx_word' id='word_1_213' title='bbox 1121 3278 1363 3342; x_wconf 87' lang='lat' dir='ltr'><strong>gentium</strong></span> <span class='ocrx_word' id='word_1_214' title='bbox 1388 3278 1536 3329; x_wconf 85' lang='lat' dir='ltr'><strong>cultu</strong></span> 
     </span>
     <span class='ocr_line' id='line_1_41' title="bbox 455 3346 1533 3411; baseline 0.002 -16"><span class='ocrx_word' id='word_1_215' title='bbox 455 3346 646 3396; x_wconf 87' lang='lat' dir='ltr'><strong>addita</strong></span> <span class='ocrx_word' id='word_1_216' title='bbox 703 3363 848 3410; x_wconf 90' lang='lat' dir='ltr'><strong>esse,</strong></span> <span class='ocrx_word' id='word_1_217' title='bbox 914 3363 980 3397; x_wconf 89' lang='lat' dir='ltr'><strong>ea</strong></span> <span class='ocrx_word' id='word_1_218' title='bbox 1031 3348 1152 3411; x_wconf 87' lang='lat' dir='ltr'><strong>ipsa</strong></span> <span class='ocrx_word' id='word_1_219' title='bbox 1210 3348 1533 3397; x_wconf 90' lang='lat' dir='ltr'><strong>documento</strong></span> 
     </span>
     <span class='ocr_line' id='line_1_42' title="bbox 454 3417 1534 3480; baseline 0.001 -15"><span class='ocrx_word' id='word_1_220' title='bbox 454 3419 605 3476; x_wconf 83' lang='lat' dir='ltr'><strong>sunt,</strong></span> <span class='ocrx_word' id='word_1_221' title='bbox 649 3431 788 3480; x_wconf 85' lang='lat' dir='ltr'><strong>quae</strong></span> <span class='ocrx_word' id='word_1_222' title='bbox 810 3417 1067 3467; x_wconf 89' lang='lat' dir='ltr'><strong>continuo</strong></span> <span class='ocrx_word' id='word_1_223' title='bbox 1101 3417 1246 3480; x_wconf 88' lang='lat' dir='ltr'><strong>apud</strong></span> <span class='ocrx_word' id='word_1_224' title='bbox 1273 3418 1534 3467; x_wconf 84' lang='lat' dir='ltr'><strong>Nostrum</strong></span> 
     </span>
     <span class='ocr_line' id='line_1_43' title="bbox 450 3482 1533 3550; baseline 0.003 -18"><span class='ocrx_word' id='word_1_225' title='bbox 450 3482 725 3549; x_wconf 80' lang='lat' dir='ltr'><strong>leguntur.</strong></span> <span class='ocrx_word' id='word_1_226' title='bbox 759 3487 834 3535; x_wconf 86' lang='lat' dir='ltr'><strong>Et</strong></span> <span class='ocrx_word' id='word_1_227' title='bbox 853 3486 1069 3536; x_wconf 89' lang='lat' dir='ltr'><strong>omnino</strong></span> <span class='ocrx_word' id='word_1_228' title='bbox 1086 3485 1353 3550; x_wconf 82' lang='lat' dir='ltr'><strong>imagines</strong></span> <span class='ocrx_word' id='word_1_229' title='bbox 1375 3500 1533 3550; x_wconf 86' lang='lat' dir='ltr'><strong>quas-</strong></span> 
     </span>
     <span class='ocr_line' id='line_1_44' title="bbox 452 3553 1533 3619; baseline 0.001 -17"><span class='ocrx_word' id='word_1_230' title='bbox 452 3554 576 3602; x_wconf 86' lang='lat' dir='ltr'><strong>dam</strong></span> <span class='ocrx_word' id='word_1_231' title='bbox 606 3553 825 3604; x_wconf 88' lang='lat' dir='ltr'><strong>deorum</strong></span> <span class='ocrx_word' id='word_1_232' title='bbox 860 3555 917 3605; x_wconf 90' lang='lat' dir='ltr'><strong>in</strong></span> <span class='ocrx_word' id='word_1_233' title='bbox 952 3555 1086 3605; x_wconf 88' lang='lat' dir='ltr'><strong>artis</strong></span> <span class='ocrx_word' id='word_1_234' title='bbox 1113 3555 1364 3619; x_wconf 88' lang='lat' dir='ltr'><strong>operibus</strong></span> <span class='ocrx_word' id='word_1_235' title='bbox 1385 3554 1533 3603; x_wconf 91' lang='lat' dir='ltr'><strong>haud</strong></span> 
     </span>
     <span class='ocr_line' id='line_1_45' title="bbox 449 3624 1533 3688; baseline 0.002 -18"><span class='ocrx_word' id='word_1_236' title='bbox 449 3637 576 3672; x_wconf 83' lang='lat' dir='ltr'><strong>raro</strong></span> <span class='ocrx_word' id='word_1_237' title='bbox 608 3624 859 3687; x_wconf 88' lang='lat' dir='ltr'><strong>reperiri,</strong></span> <span class='ocrx_word' id='word_1_238' title='bbox 895 3627 1170 3674; x_wconf 82' lang='lat' dir='ltr'><strong>testantur</strong></span> <span class='ocrx_word' id='word_1_239' title='bbox 1206 3637 1345 3688; x_wconf 87' lang='lat' dir='ltr'><strong>quae</strong></span> <span class='ocrx_word' id='word_1_240' title='bbox 1383 3638 1533 3687; x_wconf 79' lang='lat' dir='ltr'><strong>egre·</strong></span> 
     </span>
     <span class='ocr_line' id='line_1_46' title="bbox 449 3690 1530 3757; baseline 0.001 -18"><span class='ocrx_word' id='word_1_241' title='bbox 449 3691 539 3754; x_wconf 75' lang='lat' dir='ltr'><strong>gie</strong></span> <span class='ocrx_word' id='word_1_242' title='bbox 574 3690 716 3740; x_wconf 87' lang='lat' dir='ltr'><strong>hanc</strong></span> <span class='ocrx_word' id='word_1_243' title='bbox 752 3693 808 3740; x_wconf 91' lang='lat' dir='ltr'><strong>in</strong></span> <span class='ocrx_word' id='word_1_244' title='bbox 844 3707 954 3742; x_wconf 86' lang='lat' dir='ltr'><strong>rem</strong></span> <span class='ocrx_word' id='word_1_245' title='bbox 1003 3693 1305 3757; x_wconf 81' lang='lat' dir='ltr'><strong>disputavit</strong></span> <span class='ocrx_word' id='word_1_246' title='bbox 1341 3691 1530 3741; x_wconf 85' lang='lat' dir='ltr'><strong>Grote-</strong></span> 
     </span>
     <span class='ocr_line' id='line_1_47' title="bbox 451 3759 1526 3826; baseline 0.003 -19"><span class='ocrx_word' id='word_1_247' title='bbox 451 3759 599 3810; x_wconf 80' lang='lat' dir='ltr'><strong>send.</strong></span> <span class='ocrx_word' id='word_1_248' title='bbox 644 3761 701 3809; x_wconf 88' lang='lat' dir='ltr'><strong>in</strong></span> <span class='ocrx_word' id='word_1_249' title='bbox 735 3761 1038 3826; x_wconf 84' lang='lat' dir='ltr'><strong>Boettigeri</strong></span> <span class='ocrx_word' id='word_1_250' title='bbox 1079 3760 1316 3810; x_wconf 80' lang='lat' dir='ltr'><strong>Amalth.</strong></span> <span class='ocrx_word' id='word_1_251' title='bbox 1359 3759 1433 3808; x_wconf 91' lang='lat'><strong>11.</strong></span> <span class='ocrx_word' id='word_1_252' title='bbox 1467 3774 1526 3822; x_wconf 87' lang='lat' dir='ltr'><strong>p.</strong></span> 
     </span>
     <span class='ocr_line' id='line_1_48' title="bbox 449 3827 1528 3894; baseline -0.001 -17"><span class='ocrx_word' id='word_1_253' title='bbox 449 3827 519 3877; x_wconf 77' lang='lat'><strong>69</strong></span> <span class='ocrx_word' id='word_1_254' title='bbox 553 3842 735 3891; x_wconf 89' lang='lat' dir='ltr'><strong>seqq.,</strong></span> <span class='ocrx_word' id='word_1_255' title='bbox 779 3829 1024 3894; x_wconf 89' lang='lat' dir='ltr'><strong>ipsisque</strong></span> <span class='ocrx_word' id='word_1_256' title='bbox 1070 3845 1135 3878; x_wconf 83' lang='lat' dir='ltr'><strong>ex</strong></span> <span class='ocrx_word' id='word_1_257' title='bbox 1172 3827 1423 3894; x_wconf 88' lang='lat' dir='ltr'><strong>operibus</strong></span> <span class='ocrx_word' id='word_1_258' title='bbox 1470 3828 1528 3876; x_wconf 89' lang='lat' dir='ltr'><strong>in</strong></span> 
     </span>
     <span class='ocr_line' id='line_1_49' title="bbox 447 3894 1527 3962; baseline 0.001 -19"><span class='ocrx_word' id='word_1_259' title='bbox 447 3894 682 3945; x_wconf 88' lang='lat' dir='ltr'><strong>medium</strong></span> <span class='ocrx_word' id='word_1_260' title='bbox 714 3898 960 3958; x_wconf 85' lang='lat' dir='ltr'><strong>protulit.</strong></span> <span class='ocrx_word' id='word_1_261' title='bbox 1032 3898 1221 3962; x_wconf 83' lang='lat' dir='ltr'><strong>Neque</strong></span> <span class='ocrx_word' id='word_1_262' title='bbox 1266 3896 1406 3946; x_wconf 88' lang='lat' dir='ltr'><strong>enim</strong></span> <span class='ocrx_word' id='word_1_263' title='bbox 1445 3911 1527 3958; x_wconf 90' lang='lat' dir='ltr'><strong>eo,</strong></span> 
     </span>
     <span class='ocr_line' id='line_1_50' title="bbox 449 3963 1527 4028; baseline 0.001 -17"><span class='ocrx_word' id='word_1_264' title='bbox 449 3963 593 4027; x_wconf 89' lang='lat' dir='ltr'><strong>quod</strong></span> <span class='ocrx_word' id='word_1_265' title='bbox 631 3963 968 4026; x_wconf 85' lang='lat' dir='ltr'><strong>idololatria,</strong></span> <span class='ocrx_word' id='word_1_266' title='bbox 1023 3980 1162 4028; x_wconf 91' lang='lat' dir='ltr'><strong>quae</strong></span> <span class='ocrx_word' id='word_1_267' title='bbox 1197 3969 1454 4024; x_wconf 83' lang='lat' dir='ltr'><strong>vocatur,</strong></span> <span class='ocrx_word' id='word_1_268' title='bbox 1492 3978 1527 4013; x_wconf 86' lang='lat' dir='ltr'><strong>a</strong></span> 
     </span>
     <span class='ocr_line' id='line_1_51' title="bbox 445 4031 1526 4096; baseline 0 -16"><span class='ocrx_word' id='word_1_269' title='bbox 445 4031 733 4080; x_wconf 86' lang='lat' dir='ltr'><strong>Persarum</strong></span> <span class='ocrx_word' id='word_1_270' title='bbox 751 4031 1014 4096; x_wconf 82' lang='lat' dir='ltr'><strong>religione</strong></span> <span class='ocrx_word' id='word_1_271' title='bbox 1033 4031 1211 4083; x_wconf 90' lang='lat' dir='ltr'><strong>aliena</strong></span> <span class='ocrx_word' id='word_1_272' title='bbox 1224 4037 1326 4094; x_wconf 88' lang='lat' dir='ltr'><strong>est,</strong></span> <span class='ocrx_word' id='word_1_273' title='bbox 1342 4046 1526 4081; x_wconf 88' lang='lat' dir='ltr'><strong>omnes</strong></span> 
     </span>
     <span class='ocr_line' id='line_1_52' title="bbox 444 4098 1526 4165; baseline 0 -17"><span class='ocrx_word' id='word_1_274' title='bbox 444 4098 708 4164; x_wconf 83' lang='lat' dir='ltr'><strong>imag-ines</strong></span> <span class='ocrx_word' id='word_1_275' title='bbox 745 4099 963 4150; x_wconf 85' lang='lat' dir='ltr'><strong>divinae</strong></span> <span class='ocrx_word' id='word_1_276' title='bbox 990 4115 1278 4165; x_wconf 88' lang='lat' dir='ltr'><strong>earumque</strong></span> <span class='ocrx_word' id='word_1_277' title='bbox 1307 4115 1440 4150; x_wconf 85' lang='lat' dir='ltr'><strong>usus</strong></span> <span class='ocrx_word' id='word_1_278' title='bbox 1468 4100 1526 4148; x_wconf 91' lang='lat' dir='ltr'><strong>in</strong></span> 
     </span>
     <span class='ocr_line' id='line_1_53' title="bbox 444 4167 1528 4232; baseline -0.001 -15"><span class='ocrx_word' id='word_1_279' title='bbox 444 4167 696 4232; x_wconf 83' lang='lat' dir='ltr'><strong>gemmis,</strong></span> <span class='ocrx_word' id='word_1_280' title='bbox 749 4167 872 4216; x_wconf 89' lang='lat' dir='ltr'><strong>aliis</strong></span> <span class='ocrx_word' id='word_1_281' title='bbox 931 4169 1314 4228; x_wconf 82' lang='lat' dir='ltr'><strong>excluduntur;</strong></span> <span class='ocrx_word' id='word_1_282' title='bbox 1376 4183 1528 4217; x_wconf 88' lang='lat' dir='ltr'><strong>acce-</strong></span> 
     </span>
     <span class='ocr_line' id='line_1_54' title="bbox 445 4235 1526 4302; baseline 0 -16"><span class='ocrx_word' id='word_1_283' title='bbox 445 4236 580 4286; x_wconf 88' lang='lat' dir='ltr'><strong>dunt</strong></span> <span class='ocrx_word' id='word_1_284' title='bbox 615 4235 725 4285; x_wconf 86' lang='lat' dir='ltr'><strong>alia</strong></span> <span class='ocrx_word' id='word_1_285' title='bbox 765 4236 1102 4302; x_wconf 39' lang='lat' dir='ltr'><strong>animalium,</strong></span> <span class='ocrx_word' id='word_1_286' title='bbox 1123 4237 1275 4286; x_wconf 84' lang='lat' dir='ltr'><strong>varie</strong></span> <span class='ocrx_word' id='word_1_287' title='bbox 1312 4250 1526 4299; x_wconf 87' lang='lat' dir='ltr'><strong>compo-</strong></span> 
     </span>
     <span class='ocr_line' id='line_1_55' title="bbox 443 4304 1526 4370; baseline 0 -17"><span class='ocrx_word' id='word_1_288' title='bbox 443 4305 670 4354; x_wconf 88' lang='lat' dir='ltr'><strong>sitorum</strong></span> <span class='ocrx_word' id='word_1_289' title='bbox 705 4304 979 4369; x_wconf 80' lang='lat' dir='ltr'><strong>symbola,</strong></span> <span class='ocrx_word' id='word_1_290' title='bbox 1028 4305 1213 4370; x_wconf 85' lang='lat' dir='ltr'><strong>qualia</strong></span> <span class='ocrx_word' id='word_1_291' title='bbox 1247 4305 1304 4353; x_wconf 89' lang='lat' dir='ltr'><strong>in</strong></span> <span class='ocrx_word' id='word_1_292' title='bbox 1339 4318 1526 4354; x_wconf 90' lang='lat' dir='ltr'><strong>monu-</strong></span> 
     </span>
     <span class='ocr_line' id='line_1_56' title="bbox 442 4371 1523 4439; baseline 0 -16"><span class='ocrx_word' id='word_1_293' title='bbox 442 4371 640 4424; x_wconf 85' lang='lat' dir='ltr'><strong>mentis</strong></span> <span class='ocrx_word' id='word_1_294' title='bbox 698 4371 1127 4439; x_wconf 77' lang='lat' dir='ltr'><strong>Persepolitanis</strong></span> <span class='ocrx_word' id='word_1_295' title='bbox 1184 4371 1361 4425; x_wconf 82' lang='lat' dir='ltr'><strong>adhuc</strong></span> <span class='ocrx_word' id='word_1_296' title='bbox 1411 4384 1523 4424; x_wconf 85' lang='lat' dir='ltr'><strong>cer-</strong></span> 
     </span>
    </p>
   </div>
   <div class='ocr_carea' id='block_1_7' title="bbox 1646 936 2736 1555">
    <p class='ocr_par' dir='ltr' id='par_1_8' title="bbox 1646 936 2736 1555">
     <span class='ocr_line' id='line_1_57' title="bbox 1651 936 2736 1000; baseline -0.001 -14"><span class='ocrx_word' id='word_1_297' title='bbox 1651 942 1875 987; x_wconf 88' lang='lat' dir='ltr'><strong>nuntur.</strong></span> <span class='ocrx_word' id='word_1_298' title='bbox 1948 937 2078 1000; x_wconf 89' lang='lat' dir='ltr'><strong>Ipsa</strong></span> <span class='ocrx_word' id='word_1_299' title='bbox 2127 951 2257 987; x_wconf 85' lang='lat' dir='ltr'><strong>vero</strong></span> <span class='ocrx_word' id='word_1_300' title='bbox 2303 936 2526 987; x_wconf 89' lang='lat' dir='ltr'><strong>deorum</strong></span> <span class='ocrx_word' id='word_1_301' title='bbox 2573 937 2736 987; x_wconf 86' lang='lat' dir='ltr'><strong>simu-</strong></span> 
     </span>
     <span class='ocr_line' id='line_1_58' title="bbox 1650 1004 2732 1071; baseline 0 -17"><span class='ocrx_word' id='word_1_302' title='bbox 1650 1005 1800 1055; x_wconf 81' lang='lat' dir='ltr'><strong>lacr&#39;a</strong></span> <span class='ocrx_word' id='word_1_303' title='bbox 1836 1022 1880 1055; x_wconf 77' lang='grc' dir='ltr'><strong>ε.</strong></span> <span class='ocrx_word' id='word_1_304' title='bbox 1920 1004 2215 1068; x_wconf 86' lang='lat' dir='ltr'><strong>attributa,</strong></span> <span class='ocrx_word' id='word_1_305' title='bbox 2258 1006 2452 1071; x_wconf 90' lang='lat' dir='ltr'><strong>quibus</strong></span> <span class='ocrx_word' id='word_1_306' title='bbox 2496 1006 2732 1055; x_wconf 86' lang='lat' dir='ltr'><strong>numinis</strong></span> 
     </span>
     <span class='ocr_line' id='line_1_59' title="bbox 1651 1074 2732 1140; baseline 0 -16"><span class='ocrx_word' id='word_1_307' title='bbox 1651 1075 1826 1124; x_wconf 84' lang='lat' dir='ltr'><strong>divini</strong></span> <span class='ocrx_word' id='word_1_308' title='bbox 1887 1076 1971 1123; x_wconf 85' lang='lat' dir='ltr'><strong>vis</strong></span> <span class='ocrx_word' id='word_1_309' title='bbox 2032 1074 2403 1125; x_wconf 84' lang='lat' dir='ltr'><strong>declararetur</strong></span> <span class='ocrx_word' id='word_1_310' title='bbox 2424 1113 2437 1137; x_wconf 93' lang='lat'><strong>,</strong></span> <span class='ocrx_word' id='word_1_311' title='bbox 2511 1081 2732 1140; x_wconf 83' lang='lat' dir='ltr'><strong>postera</strong></span> 
     </span>
     <span class='ocr_line' id='line_1_60' title="bbox 1648 1143 2730 1210; baseline 0.002 -18"><span class='ocrx_word' id='word_1_312' title='bbox 1648 1149 1832 1194; x_wconf 84' lang='lat' dir='ltr'><strong>aetate</strong></span> <span class='ocrx_word' id='word_1_313' title='bbox 1868 1145 2071 1194; x_wconf 87' lang='lat' dir='ltr'><strong>Persae</strong></span> <span class='ocrx_word' id='word_1_314' title='bbox 2100 1143 2316 1209; x_wconf 85' lang='lat' dir='ltr'><strong>longius</strong></span> <span class='ocrx_word' id='word_1_315' title='bbox 2352 1146 2624 1210; x_wconf 84' lang='lat' dir='ltr'><strong>progressi</strong></span> <span class='ocrx_word' id='word_1_316' title='bbox 2661 1145 2730 1194; x_wconf 91' lang='lat' dir='ltr'><strong>ab</strong></span> 
     </span>
     <span class='ocr_line' id='line_1_61' title="bbox 1650 1213 2729 1277; baseline 0 -15"><span class='ocrx_word' id='word_1_317' title='bbox 1650 1213 1791 1274; x_wconf 87' lang='lat' dir='ltr'><strong>aliis,</strong></span> <span class='ocrx_word' id='word_1_318' title='bbox 1830 1229 1965 1277; x_wconf 91' lang='lat' dir='ltr'><strong>quas</strong></span> <span class='ocrx_word' id='word_1_319' title='bbox 1997 1213 2357 1275; x_wconf 85' lang='lat' dir='ltr'><strong>subiecerant,</strong></span> <span class='ocrx_word' id='word_1_320' title='bbox 2397 1214 2729 1275; x_wconf 87' lang='lat' dir='ltr'><strong>nationibus,</strong></span> 
     </span>
     <span class='ocr_line' id='line_1_62' title="bbox 1646 1282 2732 1347; baseline -0.002 -15"><span class='ocrx_word' id='word_1_321' title='bbox 1646 1282 1964 1346; x_wconf 81' lang='lat' dir='ltr'><strong>Babyloniis</strong></span> <span class='ocrx_word' id='word_1_322' title='bbox 2020 1284 2309 1347; x_wconf 82' lang='lat' dir='ltr'><strong>praecipue</strong></span> <span class='ocrx_word' id='word_1_323' title='bbox 2357 1288 2522 1347; x_wconf 84' lang='lat' dir='ltr'><strong>atque</strong></span> <span class='ocrx_word' id='word_1_324' title='bbox 2567 1285 2732 1346; x_wconf 83' lang='lat' dir='ltr'><strong>Assy-</strong></span> 
     </span>
     <span class='ocr_line' id='line_1_63' title="bbox 1648 1352 2731 1416; baseline 0 -16"><span class='ocrx_word' id='word_1_325' title='bbox 1648 1353 1743 1400; x_wconf 86' lang='lat' dir='ltr'><strong>riis</strong></span> <span class='ocrx_word' id='word_1_326' title='bbox 1779 1352 1910 1416; x_wconf 88' lang='lat' dir='ltr'><strong>quin</strong></span> <span class='ocrx_word' id='word_1_327' title='bbox 1946 1353 2327 1414; x_wconf 86' lang='lat' dir='ltr'><strong>assumserint,</strong></span> <span class='ocrx_word' id='word_1_328' title='bbox 2366 1352 2587 1403; x_wconf 87' lang='lat' dir='ltr'><strong>dubium</strong></span> <span class='ocrx_word' id='word_1_329' title='bbox 2622 1367 2731 1401; x_wconf 89' lang='lat' dir='ltr'><strong>non</strong></span> 
     </span>
     <span class='ocr_line' id='line_1_64' title="bbox 1649 1419 2730 1480; baseline -0.002 -9"><span class='ocrx_word' id='word_1_330' title='bbox 1649 1426 1758 1480; x_wconf 88' lang='lat' dir='ltr'><strong>est;</strong></span> <span class='ocrx_word' id='word_1_331' title='bbox 1798 1421 1872 1470; x_wconf 81' lang='lat' dir='ltr'><strong>cf.</strong></span> <span class='ocrx_word' id='word_1_332' title='bbox 1912 1419 2086 1469; x_wconf 89' lang='lat' dir='ltr'><strong>Raoul</strong></span> <span class='ocrx_word' id='word_1_333' title='bbox 2111 1422 2378 1471; x_wconf 83' lang='lat' dir='ltr'><strong>Rochette</strong></span> <span class='ocrx_word' id='word_1_334' title='bbox 2413 1421 2645 1472; x_wconf 89' lang='lat' dir='ltr'><strong>Journal</strong></span> <span class='ocrx_word' id='word_1_335' title='bbox 2677 1421 2730 1469; x_wconf 93' lang='lat' dir='ltr'><strong>d.</strong></span> 
     </span>
     <span class='ocr_line' id='line_1_65' title="bbox 1648 1488 2733 1555; baseline -0.002 -15"><span class='ocrx_word' id='word_1_336' title='bbox 1648 1491 1778 1540; x_wconf 73' lang='lat' dir='ltr'><strong>SaV.</strong></span> <span class='ocrx_word' id='word_1_337' title='bbox 1835 1489 1988 1540; x_wconf 75' lang='lat'><strong>1843.</strong></span> <span class='ocrx_word' id='word_1_338' title='bbox 2040 1504 2093 1552; x_wconf 90' lang='lat' dir='ltr'><strong>p.</strong></span> <span class='ocrx_word' id='word_1_339' title='bbox 2126 1491 2226 1540; x_wconf 88' lang='lat'><strong>427</strong></span> <span class='ocrx_word' id='word_1_340' title='bbox 2273 1506 2390 1555; x_wconf 90' lang='lat' dir='ltr'><strong>seq.</strong></span> <span class='ocrx_word' id='word_1_341' title='bbox 2462 1489 2627 1539; x_wconf 72' lang='lat' dir='ltr'><strong>Mem.</strong></span> <span class='ocrx_word' id='word_1_342' title='bbox 2668 1488 2733 1538; x_wconf 88' lang='lat' dir='ltr'><strong>de</strong></span> 
     </span>
    </p>
   </div>
   <div class='ocr_carea' id='block_1_8' title="bbox 1626 1558 2731 1623">
    <p class='ocr_par' dir='ltr' id='par_1_9' title="bbox 1626 1558 2731 1623">
     <span class='ocr_line' id='line_1_66' title="bbox 1626 1558 2731 1623; baseline 0.002 -17"><span class='ocrx_word' id='word_1_343' title='bbox 1626 1558 1857 1608; x_wconf 74' lang='lat' dir='ltr'><strong>·l&#39;Acad.</strong></span> <span class='ocrx_word' id='word_1_344' title='bbox 1897 1559 1991 1607; x_wconf 91' lang='lat' dir='ltr'><strong>des</strong></span> <span class='ocrx_word' id='word_1_345' title='bbox 2026 1558 2199 1608; x_wconf 82' lang='lat' dir='ltr'><strong>Inser.</strong></span> <span class='ocrx_word' id='word_1_346' title='bbox 2240 1560 2307 1609; x_wconf 92' lang='lat' dir='ltr'><strong>T.</strong></span> <span class='ocrx_word' id='word_1_347' title='bbox 2334 1559 2516 1620; x_wconf 85' lang='lat' dir='ltr'>XVII.</span> <span class='ocrx_word' id='word_1_348' title='bbox 2556 1575 2606 1623; x_wconf 87' lang='lat' dir='ltr'><strong>p.</strong></span> <span class='ocrx_word' id='word_1_349' title='bbox 2633 1560 2731 1609; x_wconf 79' lang='lat'><strong>125</strong></span> 
     </span>
    </p>
   </div>
   <div class='ocr_carea' id='block_1_9' title="bbox 1621 1627 2731 4438">
    <p class='ocr_par' dir='ltr' id='par_1_10' title="bbox 1638 1627 2731 2725">
     <span class='ocr_line' id='line_1_67' title="bbox 1650 1627 2728 1692; baseline -0.001 -15"><span class='ocrx_word' id='word_1_350' title='bbox 1650 1632 1706 1677; x_wconf 87' lang='lat' dir='ltr'><strong>et</strong></span> <span class='ocrx_word' id='word_1_351' title='bbox 1761 1627 1888 1676; x_wconf 80' lang='lat' dir='ltr'><strong>vide</strong></span> <span class='ocrx_word' id='word_1_352' title='bbox 1943 1628 2207 1677; x_wconf 88' lang='lat' dir='ltr'><strong>Berosum</strong></span> <span class='ocrx_word' id='word_1_353' title='bbox 2268 1628 2411 1692; x_wconf 89' lang='lat' dir='ltr'><strong>apud</strong></span> <span class='ocrx_word' id='word_1_354' title='bbox 2466 1628 2728 1677; x_wconf 87' lang='lat' dir='ltr'><strong>Clement.</strong></span> 
     </span>
     <span class='ocr_line' id='line_1_68' title="bbox 1648 1696 2728 1762; baseline 0 -16"><span class='ocrx_word' id='word_1_355' title='bbox 1648 1696 1942 1746; x_wconf 78' lang='lat' dir='ltr'><strong>Alexandr.</strong></span> <span class='ocrx_word' id='word_1_356' title='bbox 1976 1697 2251 1762; x_wconf 89' lang='lat' dir='ltr'><strong>Protrept.</strong></span> <span class='ocrx_word' id='word_1_357' title='bbox 2290 1700 2341 1748; x_wconf 85' lang='lat'><strong>5.</strong></span> <span class='ocrx_word' id='word_1_358' title='bbox 2377 1697 2728 1747; x_wconf 84' lang='lat' dir='ltr'><strong>scribentem:</strong></span> 
     </span>
     <span class='ocr_line' id='line_1_69' title="bbox 1645 1756 2731 1830; baseline -0.002 -16"><span class='ocrx_word' id='word_1_359' title='bbox 1645 1759 1783 1829; x_wconf 81' lang='grc' dir='ltr'><strong><em>μετὰ</em></strong></span> <span class='ocrx_word' id='word_1_360' title='bbox 1807 1758 2017 1820; x_wconf 77' lang='grc' dir='ltr'><strong><em>πολλὰς</em></strong></span> <span class='ocrx_word' id='word_1_361' title='bbox 2044 1764 2238 1828; x_wconf 82' lang='grc' dir='ltr'><strong><em>μέντοι</em></strong></span> <span class='ocrx_word' id='word_1_362' title='bbox 2261 1756 2507 1830; x_wconf 72' lang='grc' dir='ltr'><strong><em>ὕστερον</em></strong></span> <span class='ocrx_word' id='word_1_363' title='bbox 2536 1757 2731 1829; x_wconf 67' lang='grc' dir='ltr'><strong><em>περιό·</em></strong></span> 
     </span>
     <span class='ocr_line' id='line_1_70' title="bbox 1647 1824 2730 1898; baseline -0.001 -17"><span class='ocrx_word' id='word_1_364' title='bbox 1647 1831 1786 1891; x_wconf 85' lang='grc' dir='ltr'><strong><em>δονς</em></strong></span> <span class='ocrx_word' id='word_1_365' title='bbox 1821 1825 1961 1882; x_wconf 77' lang='grc' dir='ltr'><strong><em>ἐτῶν</em></strong></span> <span class='ocrx_word' id='word_1_366' title='bbox 1991 1824 2501 1898; x_wconf 76' lang='grc' dir='ltr'><strong><em>ἀνθρωποειδῆ</em></strong></span> <span class='ocrx_word' id='word_1_367' title='bbox 2537 1825 2730 1898; x_wconf 79' lang='grc' dir='ltr'><em>ἀγάλ-</em></span> 
     </span>
     <span class='ocr_line' id='line_1_71' title="bbox 1644 1894 2726 1966; baseline 0 -15"><span class='ocrx_word' id='word_1_368' title='bbox 1644 1917 1818 1966; x_wconf 81' lang='grc' dir='ltr'><strong><em>ματα</em></strong></span> <span class='ocrx_word' id='word_1_369' title='bbox 1866 1898 2048 1965; x_wconf 82' lang='grc' dir='ltr'><strong><em>σέβειν</em></strong></span> <span class='ocrx_word' id='word_1_370' title='bbox 2084 1894 2299 1960; x_wconf 71' lang='grc' dir='ltr'><strong><em>αὐτούς</em></strong></span> <span class='ocrx_word' id='word_1_371' title='bbox 2344 1901 2445 1966; x_wconf 86' lang='lat' dir='ltr'><strong>(so.</strong></span> <span class='ocrx_word' id='word_1_372' title='bbox 2484 1902 2726 1966; x_wconf 86' lang='lat' dir='ltr'><strong>Persas).</strong></span> 
     </span>
     <span class='ocr_line' id='line_1_72' title="bbox 1645 1971 2729 2036; baseline 0 -15"><span class='ocrx_word' id='word_1_373' title='bbox 1645 1972 1692 2021; x_wconf 82' lang='lat' dir='ltr'>A</span> <span class='ocrx_word' id='word_1_374' title='bbox 1746 1971 2037 2036; x_wconf 84' lang='lat' dir='ltr'><strong>primitivis</strong></span> <span class='ocrx_word' id='word_1_375' title='bbox 2091 1973 2273 2021; x_wconf 86' lang='lat' dir='ltr'><strong>Persis</strong></span> <span class='ocrx_word' id='word_1_376' title='bbox 2332 1972 2434 2021; x_wconf 90' lang='lat' dir='ltr'><strong>hoc</strong></span> <span class='ocrx_word' id='word_1_377' title='bbox 2492 1972 2729 2021; x_wconf 89' lang='lat' dir='ltr'><strong>alienum</strong></span> 
     </span>
     <span class='ocr_line' id='line_1_73' title="bbox 1644 2041 2729 2104; baseline -0.002 -14"><span class='ocrx_word' id='word_1_378' title='bbox 1644 2055 1819 2104; x_wconf 84' lang='lat' dir='ltr'><strong>aeque</strong></span> <span class='ocrx_word' id='word_1_379' title='bbox 1843 2045 2005 2104; x_wconf 82' lang='lat' dir='ltr'><strong>atque</strong></span> <span class='ocrx_word' id='word_1_380' title='bbox 2035 2055 2067 2088; x_wconf 91' lang='lat' dir='ltr'><strong>a</strong></span> <span class='ocrx_word' id='word_1_381' title='bbox 2101 2042 2295 2090; x_wconf 88' lang='lat' dir='ltr'><strong>ceteris</strong></span> <span class='ocrx_word' id='word_1_382' title='bbox 2323 2041 2577 2104; x_wconf 83' lang='lat' dir='ltr'><strong>gentibus</strong></span> <span class='ocrx_word' id='word_1_383' title='bbox 2604 2042 2729 2090; x_wconf 87' lang='lat' dir='ltr'><strong>stir-</strong></span> 
     </span>
     <span class='ocr_line' id='line_1_74' title="bbox 1646 2109 2726 2173; baseline 0.002 -16"><span class='ocrx_word' id='word_1_384' title='bbox 1646 2110 1729 2173; x_wconf 88' lang='lat' dir='ltr'><strong>pis</strong></span> <span class='ocrx_word' id='word_1_385' title='bbox 1753 2109 2016 2167; x_wconf 79' lang='lat' dir='ltr'><strong>Arianae3</strong></span> <span class='ocrx_word' id='word_1_386' title='bbox 2054 2123 2119 2159; x_wconf 89' lang='lat' dir='ltr'><strong>ea</strong></span> <span class='ocrx_word' id='word_1_387' title='bbox 2152 2126 2309 2173; x_wconf 82' lang='lat' dir='ltr'><strong>vero,</strong></span> <span class='ocrx_word' id='word_1_388' title='bbox 2349 2125 2488 2173; x_wconf 88' lang='lat' dir='ltr'><strong>quae</strong></span> <span class='ocrx_word' id='word_1_389' title='bbox 2512 2110 2566 2161; x_wconf 91' lang='lat' dir='ltr'><strong>h.</strong></span> <span class='ocrx_word' id='word_1_390' title='bbox 2589 2111 2627 2159; x_wconf 92' lang='lat' dir='ltr'><strong>l.</strong></span> <span class='ocrx_word' id='word_1_391' title='bbox 2658 2110 2726 2159; x_wconf 89' lang='lat' dir='ltr'><strong>ab</strong></span> 
     </span>
     <span class='ocr_line' id='line_1_75' title="bbox 1642 2179 2725 2244; baseline 0.002 -18"><span class='ocrx_word' id='word_1_392' title='bbox 1642 2179 1925 2228; x_wconf 87' lang='lat' dir='ltr'><strong>Herodoto</strong></span> <span class='ocrx_word' id='word_1_393' title='bbox 1982 2179 2297 2242; x_wconf 85' lang='lat' dir='ltr'><strong>traduntur,</strong></span> <span class='ocrx_word' id='word_1_394' title='bbox 2360 2194 2530 2243; x_wconf 89' lang='lat' dir='ltr'><strong>aeque</strong></span> <span class='ocrx_word' id='word_1_395' title='bbox 2580 2179 2725 2244; x_wconf 87' lang='lat' dir='ltr'><strong>apud</strong></span> 
     </span>
     <span class='ocr_line' id='line_1_76' title="bbox 1640 2248 2725 2312; baseline 0 -16"><span class='ocrx_word' id='word_1_396' title='bbox 1640 2248 1870 2297; x_wconf 84' lang='lat' dir='ltr'><strong>Bactros</strong></span> <span class='ocrx_word' id='word_1_397' title='bbox 1917 2250 2081 2310; x_wconf 88' lang='lat' dir='ltr'><strong>atque</strong></span> <span class='ocrx_word' id='word_1_398' title='bbox 2122 2249 2266 2312; x_wconf 88' lang='lat' dir='ltr'><strong>apud</strong></span> <span class='ocrx_word' id='word_1_399' title='bbox 2302 2248 2493 2310; x_wconf 84' lang='lat' dir='ltr'><strong>Indos,</strong></span> <span class='ocrx_word' id='word_1_400' title='bbox 2545 2248 2600 2297; x_wconf 88' lang='lat' dir='ltr'><strong>in</strong></span> <span class='ocrx_word' id='word_1_401' title='bbox 2641 2263 2725 2297; x_wconf 88' lang='lat' dir='ltr'><strong>sa·</strong></span> 
     </span>
     <span class='ocr_line' id='line_1_77' title="bbox 1642 2317 2726 2380; baseline 0.001 -15"><span class='ocrx_word' id='word_1_402' title='bbox 1642 2317 1749 2365; x_wconf 86' lang='lat' dir='ltr'><strong>eris</strong></span> <span class='ocrx_word' id='word_1_403' title='bbox 1760 2317 2041 2379; x_wconf 85' lang='lat' dir='ltr'><strong>utriusque</strong></span> <span class='ocrx_word' id='word_1_404' title='bbox 2062 2318 2241 2380; x_wconf 88' lang='lat' dir='ltr'><strong>gentis</strong></span> <span class='ocrx_word' id='word_1_405' title='bbox 2264 2317 2433 2379; x_wconf 88' lang='lat' dir='ltr'><strong>libris,</strong></span> <span class='ocrx_word' id='word_1_406' title='bbox 2454 2318 2509 2366; x_wconf 87' lang='lat' dir='ltr'><strong>in</strong></span> <span class='ocrx_word' id='word_1_407' title='bbox 2520 2317 2726 2366; x_wconf 86' lang='lat' dir='ltr'><strong>Zenda·</strong></span> 
     </span>
     <span class='ocr_line' id='line_1_78' title="bbox 1641 2385 2726 2449; baseline 0 -15"><span class='ocrx_word' id='word_1_408' title='bbox 1641 2389 1799 2434; x_wconf 81' lang='lat' dir='ltr'><strong>vesta</strong></span> <span class='ocrx_word' id='word_1_409' title='bbox 1826 2390 1880 2434; x_wconf 90' lang='lat' dir='ltr'><strong>et</strong></span> <span class='ocrx_word' id='word_1_410' title='bbox 1905 2385 1962 2434; x_wconf 88' lang='lat' dir='ltr'><strong>in</strong></span> <span class='ocrx_word' id='word_1_411' title='bbox 1980 2385 2172 2447; x_wconf 87' lang='lat' dir='ltr'><strong>Vedis‚</strong></span> <span class='ocrx_word' id='word_1_412' title='bbox 2208 2385 2432 2449; x_wconf 89' lang='lat' dir='ltr'><strong>reperiri</strong></span> <span class='ocrx_word' id='word_1_413' title='bbox 2467 2385 2726 2435; x_wconf 84' lang='lat' dir='ltr'><strong>observat</strong></span> 
     </span>
     <span class='ocr_line' id='line_1_79' title="bbox 1639 2452 2723 2505; baseline 0 -1"><span class='ocrx_word' id='word_1_414' title='bbox 1639 2453 1816 2504; x_wconf 88' lang='lat' dir='ltr'><strong>Roeth</strong></span> <span class='ocrx_word' id='word_1_415' title='bbox 1849 2452 2046 2504; x_wconf 85' lang='lat' dir='ltr'><strong>Geseh.</strong></span> <span class='ocrx_word' id='word_1_416' title='bbox 2086 2454 2138 2505; x_wconf 88' lang='lat' dir='ltr'><strong>d.</strong></span> <span class='ocrx_word' id='word_1_417' title='bbox 2166 2453 2489 2504; x_wconf 62' lang='lat' dir='ltr'><strong>abendland.</strong></span> <span class='ocrx_word' id='word_1_418' title='bbox 2516 2454 2723 2504; x_wconf 87' lang='lat' dir='ltr'><strong>Philos.</strong></span> 
     </span>
     <span class='ocr_line' id='line_1_80' title="bbox 1639 2522 2724 2588; baseline 0.001 -17"><span class='ocrx_word' id='word_1_419' title='bbox 1639 2522 1685 2571; x_wconf 92' lang='lat'><strong>1.</strong></span> <span class='ocrx_word' id='word_1_420' title='bbox 1726 2539 1779 2587; x_wconf 92' lang='lat' dir='ltr'><strong>p.</strong></span> <span class='ocrx_word' id='word_1_421' title='bbox 1822 2522 1920 2573; x_wconf 83' lang='lat'><strong>103</strong></span> <span class='ocrx_word' id='word_1_422' title='bbox 1948 2538 2061 2588; x_wconf 87' lang='lat' dir='ltr'><strong>seq.</strong></span> <span class='ocrx_word' id='word_1_423' title='bbox 2136 2524 2221 2574; x_wconf 92' lang='lat' dir='ltr'><strong>De</strong></span> <span class='ocrx_word' id='word_1_424' title='bbox 2257 2525 2439 2573; x_wconf 87' lang='lat' dir='ltr'><strong>Persis</strong></span> <span class='ocrx_word' id='word_1_425' title='bbox 2482 2524 2555 2573; x_wconf 86' lang='lat' dir='ltr'><strong>cf.</strong></span> <span class='ocrx_word' id='word_1_426' title='bbox 2595 2539 2724 2588; x_wconf 90' lang='lat' dir='ltr'><strong>quo-</strong></span> 
     </span>
     <span class='ocr_line' id='line_1_81' title="bbox 1639 2590 2720 2657; baseline 0.003 -17"><span class='ocrx_word' id='word_1_427' title='bbox 1639 2607 1744 2656; x_wconf 90' lang='lat' dir='ltr'><strong>que</strong></span> <span class='ocrx_word' id='word_1_428' title='bbox 1778 2590 1994 2641; x_wconf 86' lang='lat' dir='ltr'><strong>Rhode:</strong></span> <span class='ocrx_word' id='word_1_429' title='bbox 2048 2592 2152 2641; x_wconf 90' lang='lat' dir='ltr'><strong>Die</strong></span> <span class='ocrx_word' id='word_1_430' title='bbox 2192 2592 2387 2657; x_wconf 88' lang='lat' dir='ltr'><strong>heilige</strong></span> <span class='ocrx_word' id='word_1_431' title='bbox 2425 2593 2569 2657; x_wconf 82' lang='lat' dir='ltr'><strong>Sage</strong></span> <span class='ocrx_word' id='word_1_432' title='bbox 2613 2597 2720 2643; x_wconf 88' lang='lat' dir='ltr'><strong>etc.</strong></span> 
     </span>
     <span class='ocr_line' id='line_1_82' title="bbox 1638 2660 2015 2725; baseline -0.005 -13"><span class='ocrx_word' id='word_1_433' title='bbox 1638 2676 1692 2724; x_wconf 88' lang='lat' dir='ltr'><strong>p.</strong></span> <span class='ocrx_word' id='word_1_434' title='bbox 1730 2660 1832 2710; x_wconf 84' lang='lat'><strong>478</strong></span> <span class='ocrx_word' id='word_1_435' title='bbox 1864 2676 1960 2725; x_wconf 88' lang='lat' dir='ltr'><strong>seq</strong></span> <span class='ocrx_word' id='word_1_436' title='bbox 2003 2697 2015 2710; x_wconf 91' lang='lat'><strong>.</strong></span> 
     </span>
    </p>

    <p class='ocr_par' dir='ltr' id='par_1_11' title="bbox 1636 2675 2723 3343">
     <span class='ocr_line' id='line_1_83' title="bbox 1709 2675 2723 2794; baseline -0.001 -17"><span class='ocrx_word' id='word_1_437' title='bbox 1709 2728 1933 2792; x_wconf 81' lang='grc' dir='ltr'><strong><em>μωρίην</em></strong></span> <span class='ocrx_word' id='word_1_438' title='bbox 1962 2675 2329 2794; x_wconf 42' lang='grc' dir='ltr'><strong>ζἔπειφὲρουσι]</strong></span> <span class='ocrx_word' id='word_1_439' title='bbox 2391 2729 2428 2776; x_wconf 89' lang='lat' dir='ltr'><strong>i.</strong></span> <span class='ocrx_word' id='word_1_440' title='bbox 2468 2743 2514 2777; x_wconf 94' lang='lat' dir='ltr'><strong>e.</strong></span> <span class='ocrx_word' id='word_1_441' title='bbox 2564 2730 2723 2779; x_wconf 77' lang='lat' dir='ltr'><strong>stulti-</strong></span> 
     </span>
     <span class='ocr_line' id='line_1_84' title="bbox 1641 2799 2722 2861; baseline -0.003 -13"><span class='ocrx_word' id='word_1_442' title='bbox 1641 2802 1761 2849; x_wconf 76' lang='lat' dir='ltr'><strong>tiam</strong></span> <span class='ocrx_word' id='word_1_443' title='bbox 1795 2800 1897 2849; x_wconf 72' lang='lat' dir='ltr'><strong>illis</strong></span> <span class='ocrx_word' id='word_1_444' title='bbox 1926 2800 2194 2861; x_wconf 77' lang='lat' dir='ltr'><strong>impmant,</strong></span> <span class='ocrx_word' id='word_1_445' title='bbox 2233 2799 2479 2849; x_wconf 75' lang='lat' dir='ltr'><strong>stultitiae</strong></span> <span class='ocrx_word' id='word_1_446' title='bbox 2503 2799 2613 2847; x_wconf 81' lang='lat' dir='ltr'><strong>illos</strong></span> <span class='ocrx_word' id='word_1_447' title='bbox 2633 2813 2722 2846; x_wconf 83' lang='lat' dir='ltr'><strong>ar-</strong></span> 
     </span>
     <span class='ocr_line' id='line_1_85' title="bbox 1636 2865 2723 2931; baseline -0.003 -15"><span class='ocrx_word' id='word_1_448' title='bbox 1636 2875 1811 2931; x_wconf 73' lang='lat' dir='ltr'><strong>quunt.</strong></span> <span class='ocrx_word' id='word_1_449' title='bbox 1884 2867 2042 2917; x_wconf 83' lang='lat' dir='ltr'><strong>Cons.</strong></span> <span class='ocrx_word' id='word_1_450' title='bbox 2092 2881 2257 2931; x_wconf 86' lang='lat' dir='ltr'><strong>supra</strong></span> <span class='ocrx_word' id='word_1_451' title='bbox 2300 2866 2356 2927; x_wconf 90' lang='lat'><strong>1,</strong></span> <span class='ocrx_word' id='word_1_452' title='bbox 2406 2865 2491 2916; x_wconf 82' lang='lat'><strong>26.</strong></span> <span class='ocrx_word' id='word_1_453' title='bbox 2551 2866 2620 2916; x_wconf 79' lang='lat'><strong>68</strong></span> <span class='ocrx_word' id='word_1_454' title='bbox 2668 2870 2723 2915; x_wconf 84' lang='lat' dir='ltr'><strong>et</strong></span> 
     </span>
     <span class='ocr_line' id='line_1_86' title="bbox 1641 2934 2717 2995; baseline 0 -10"><span class='ocrx_word' id='word_1_455' title='bbox 1641 2935 1971 2986; x_wconf 88' lang='lat' dir='ltr'><strong>Pausaniam</strong></span> <span class='ocrx_word' id='word_1_456' title='bbox 2000 2936 2145 2985; x_wconf 78' lang='lat' dir='ltr'><strong>‘haec</strong></span> <span class='ocrx_word' id='word_1_457' title='bbox 2190 2935 2490 2984; x_wconf 87' lang='lat' dir='ltr'><strong>imitantem</strong></span> <span class='ocrx_word' id='word_1_458' title='bbox 2528 2935 2581 2995; x_wconf 94' lang='lat'><strong>1,</strong></span> <span class='ocrx_word' id='word_1_459' title='bbox 2633 2934 2717 2995; x_wconf 81' lang='lat'><strong>23,</strong></span> 
     </span>
     <span class='ocr_line' id='line_1_87' title="bbox 1646 3002 2719 3068; baseline 0 -16"><span class='ocrx_word' id='word_1_460' title='bbox 1646 3004 1736 3066; x_wconf 88' lang='grc'><strong>10,</strong></span> <span class='ocrx_word' id='word_1_461' title='bbox 1773 3004 1869 3054; x_wconf 91' lang='lat' dir='ltr'><strong>ubi</strong></span> <span class='ocrx_word' id='word_1_462' title='bbox 1904 3004 2062 3068; x_wconf 88' lang='lat' dir='ltr'><strong>plura</strong></span> <span class='ocrx_word' id='word_1_463' title='bbox 2098 3003 2347 3055; x_wconf 82' lang='lat' dir='ltr'><strong>Siebelis.</strong></span> <span class='ocrx_word' id='word_1_464' title='bbox 2382 3033 2451 3042; x_wconf 92' lang='lat'><strong>-—</strong></span> <span class='ocrx_word' id='word_1_465' title='bbox 2498 3002 2564 3051; x_wconf 88' lang='lat' dir='ltr'><strong>In</strong></span> <span class='ocrx_word' id='word_1_466' title='bbox 2600 3018 2719 3066; x_wconf 86' lang='lat' dir='ltr'><strong>pro·</strong></span> 
     </span>
     <span class='ocr_line' id='line_1_88' title="bbox 1641 3067 2717 3154; baseline -0.002 -33"><span class='ocrx_word' id='word_1_467' title='bbox 1641 3073 1783 3122; x_wconf 85' lang='lat' dir='ltr'><strong>xime</strong></span> <span class='ocrx_word' id='word_1_468' title='bbox 1841 3087 1993 3154; x_wconf 82' lang='lat' dir='ltr'><strong>seqq.</strong></span> <span class='ocrx_word' id='word_1_469' title='bbox 2045 3072 2288 3122; x_wconf 88' lang='lat' dir='ltr'><strong>dedimus</strong></span> <span class='ocrx_word' id='word_1_470' title='bbox 2343 3067 2562 3120; x_wconf 80' lang='grc' dir='ltr'><strong><em>δοκέειν</em></strong></span> <span class='ocrx_word' id='word_1_471' title='bbox 2622 3086 2717 3134; x_wconf 90' lang='lat' dir='ltr'><strong>pro</strong></span> 
     </span>
     <span class='ocr_line' id='line_1_89' title="bbox 1640 3137 2718 3205; baseline -0.001 -15"><span class='ocrx_word' id='word_1_472' title='bbox 1640 3142 1790 3205; x_wconf 81' lang='lat' dir='ltr'><strong>vulg.</strong></span> <span class='ocrx_word' id='word_1_473' title='bbox 1829 3139 2039 3204; x_wconf 82' lang='grc' dir='ltr'><strong><em>δοκεει,</em></strong></span> <span class='ocrx_word' id='word_1_474' title='bbox 2090 3141 2243 3191; x_wconf 89' lang='lat' dir='ltr'><strong>libris</strong></span> <span class='ocrx_word' id='word_1_475' title='bbox 2288 3140 2600 3190; x_wconf 88' lang='lat' dir='ltr'><strong>melioribus</strong></span> <span class='ocrx_word' id='word_1_476' title='bbox 2639 3137 2718 3189; x_wconf 86' lang='lat' dir='ltr'><strong>sic</strong></span> 
     </span>
     <span class='ocr_line' id='line_1_90' title="bbox 1638 3208 2719 3260; baseline -0.002 -2"><span class='ocrx_word' id='word_1_477' title='bbox 1638 3209 1970 3260; x_wconf 87' lang='lat' dir='ltr'><strong>iubentibus.</strong></span> <span class='ocrx_word' id='word_1_478' title='bbox 2015 3212 2100 3260; x_wconf 91' lang='lat' dir='ltr'><strong>De</strong></span> <span class='ocrx_word' id='word_1_479' title='bbox 2122 3210 2398 3260; x_wconf 89' lang='lat' dir='ltr'><strong>locutione</strong></span> <span class='ocrx_word' id='word_1_480' title='bbox 2428 3208 2571 3258; x_wconf 85' lang='lat' dir='ltr'><strong>conf.</strong></span> <span class='ocrx_word' id='word_1_481' title='bbox 2596 3209 2719 3259; x_wconf 86' lang='lat' dir='ltr'><strong>Rei-</strong></span> 
     </span>
     <span class='ocr_line' id='line_1_91' title="bbox 1641 3278 2611 3343; baseline -0.001 -15"><span class='ocrx_word' id='word_1_482' title='bbox 1641 3280 1783 3329; x_wconf 79' lang='lat' dir='ltr'><strong>zium</strong></span> <span class='ocrx_word' id='word_1_483' title='bbox 1810 3278 1878 3328; x_wconf 90' lang='lat' dir='ltr'><strong>ad</strong></span> <span class='ocrx_word' id='word_1_484' title='bbox 1905 3280 2088 3343; x_wconf 77' lang='lat' dir='ltr'><strong>Viget.</strong></span> <span class='ocrx_word' id='word_1_485' title='bbox 2127 3279 2191 3329; x_wconf 90' lang='lat' dir='ltr'><strong>de</strong></span> <span class='ocrx_word' id='word_1_486' title='bbox 2222 3279 2380 3328; x_wconf 88' lang='lat' dir='ltr'><strong>idiot.</strong></span> <span class='ocrx_word' id='word_1_487' title='bbox 2410 3293 2463 3341; x_wconf 90' lang='lat' dir='ltr'><strong>p.</strong></span> <span class='ocrx_word' id='word_1_488' title='bbox 2491 3279 2611 3327; x_wconf 77' lang='lat'><strong>744.</strong></span> 
     </span>
    </p>

    <p class='ocr_par' dir='ltr' id='par_1_12' title="bbox 1621 3337 2717 4438">
     <span class='ocr_line' id='line_1_92' title="bbox 1710 3337 2717 3410; baseline -0.004 -13"><span class='ocrx_word' id='word_1_489' title='bbox 1710 3337 1796 3397; x_wconf 80' lang='grc' dir='ltr'><strong><em>ὅτι</em></strong></span> <span class='ocrx_word' id='word_1_490' title='bbox 1834 3338 1940 3395; x_wconf 77' lang='grc' dir='ltr'><strong>οὐκ</strong></span> <span class='ocrx_word' id='word_1_491' title='bbox 1960 3343 2427 3410; x_wconf 80' lang='grc' dir='ltr'><strong><em>ἀνθρωποφυέας</em></strong></span> <span class='ocrx_word' id='word_1_492' title='bbox 2449 3337 2717 3409; x_wconf 78' lang='grc' dir='ltr'><strong><em>ἐνόμισαν</em></strong></span> 
     </span>
     <span class='ocr_line' id='line_1_93' title="bbox 1636 3405 2716 3478; baseline -0.004 -13"><span class='ocrx_word' id='word_1_493' title='bbox 1636 3409 1771 3472; x_wconf 83' lang='grc' dir='ltr'><strong><em>τοὺς</em></strong></span> <span class='ocrx_word' id='word_1_494' title='bbox 1821 3407 2002 3472; x_wconf 80' lang='grc' dir='ltr'><strong><em>θεοὺς</em></strong></span> <span class='ocrx_word' id='word_1_495' title='bbox 2055 3430 2106 3463; x_wconf 73' lang='grc' dir='ltr'><strong>κ.</strong></span> <span class='ocrx_word' id='word_1_496' title='bbox 2157 3431 2204 3464; x_wconf 85' lang='grc' dir='ltr'><strong>τ.</strong></span> <span class='ocrx_word' id='word_1_497' title='bbox 2258 3413 2341 3478; x_wconf 76' lang='lat'><strong>2.]</strong></span> <span class='ocrx_word' id='word_1_498' title='bbox 2406 3405 2716 3478; x_wconf 78' lang='grc' dir='ltr'><strong><em>ἄνθρωπο-</em></strong></span> 
     </span>
     <span class='ocr_line' id='line_1_94' title="bbox 1635 3480 2715 3548; baseline -0.003 -15"><span class='ocrx_word' id='word_1_499' title='bbox 1635 3481 1814 3548; x_wconf 76' lang='grc' dir='ltr'><strong><em>φυέας</em></strong></span> <span class='ocrx_word' id='word_1_500' title='bbox 1850 3483 2008 3535; x_wconf 89' lang='lat' dir='ltr'><strong>Valla</strong></span> <span class='ocrx_word' id='word_1_501' title='bbox 2045 3483 2377 3533; x_wconf 89' lang='lat' dir='ltr'><strong>reddiderat:</strong></span> <span class='ocrx_word' id='word_1_502' title='bbox 2424 3480 2610 3548; x_wconf 89' lang='lat' dir='ltr'><strong>(deos)</strong></span> <span class='ocrx_word' id='word_1_503' title='bbox 2645 3497 2715 3531; x_wconf 76' lang='lat' dir='ltr'><strong>ex</strong></span> 
     </span>
     <span class='ocr_line' id='line_1_95' title="bbox 1632 3552 2712 3613; baseline -0.003 -12"><span class='ocrx_word' id='word_1_504' title='bbox 1632 3552 1899 3602; x_wconf 71' lang='lat' dir='ltr'><strong>hominibus</strong></span> <span class='ocrx_word' id='word_1_505' title='bbox 1933 3560 2088 3602; x_wconf 76' lang='lat' dir='ltr'><strong>ortos.</strong></span> <span class='ocrx_word' id='word_1_506' title='bbox 2161 3553 2330 3613; x_wconf 79' lang='lat' dir='ltr'><strong>Quem</strong></span> <span class='ocrx_word' id='word_1_507' title='bbox 2372 3555 2591 3600; x_wconf 87' lang='lat' dir='ltr'><strong>secutus</strong></span> <span class='ocrx_word' id='word_1_508' title='bbox 2629 3554 2712 3598; x_wconf 89' lang='lat' dir='ltr'><strong>est</strong></span> 
     </span>
     <span class='ocr_line' id='line_1_96' title="bbox 1635 3618 2709 3684; baseline -0.002 -14"><span class='ocrx_word' id='word_1_509' title='bbox 1635 3621 1891 3670; x_wconf 85' lang='lat' dir='ltr'><strong>Kleuker.</strong></span> <span class='ocrx_word' id='word_1_510' title='bbox 1930 3622 1986 3669; x_wconf 90' lang='lat' dir='ltr'><strong>in</strong></span> <span class='ocrx_word' id='word_1_511' title='bbox 2009 3620 2254 3684; x_wconf 83' lang='lat' dir='ltr'><strong>Append.</strong></span> <span class='ocrx_word' id='word_1_512' title='bbox 2292 3619 2363 3670; x_wconf 91' lang='lat' dir='ltr'><strong>ad</strong></span> <span class='ocrx_word' id='word_1_513' title='bbox 2386 3618 2709 3668; x_wconf 85' lang='lat' dir='ltr'><strong>Zendavest.</strong></span> 
     </span>
     <span class='ocr_line' id='line_1_97' title="bbox 1631 3685 2712 3752; baseline -0.004 -14"><span class='ocrx_word' id='word_1_514' title='bbox 1631 3690 1751 3739; x_wconf 89' lang='lat' dir='ltr'><strong>Vol.</strong></span> <span class='ocrx_word' id='word_1_515' title='bbox 1793 3690 1868 3739; x_wconf 92' lang='lat'><strong>11.</strong></span> <span class='ocrx_word' id='word_1_516' title='bbox 1918 3690 1981 3739; x_wconf 90' lang='lat' dir='ltr'><strong>P.</strong></span> <span class='ocrx_word' id='word_1_517' title='bbox 2016 3689 2089 3740; x_wconf 86' lang='lat'><strong>·3.</strong></span> <span class='ocrx_word' id='word_1_518' title='bbox 2144 3704 2200 3752; x_wconf 90' lang='lat' dir='ltr'><strong>p.</strong></span> <span class='ocrx_word' id='word_1_519' title='bbox 2249 3691 2300 3740; x_wconf 80' lang='lat'><strong>5.</strong></span> <span class='ocrx_word' id='word_1_520' title='bbox 2355 3689 2438 3739; x_wconf 84' lang='lat'><strong>13.</strong></span> <span class='ocrx_word' id='word_1_521' title='bbox 2523 3685 2712 3737; x_wconf 81' lang='lat' dir='ltr'><strong>Malim</strong></span> 
     </span>
     <span class='ocr_line' id='line_1_98' title="bbox 1634 3755 2710 3822; baseline -0.004 -15"><span class='ocrx_word' id='word_1_522' title='bbox 1634 3758 1883 3822; x_wconf 90' lang='lat' dir='ltr'><strong>equidem</strong></span> <span class='ocrx_word' id='word_1_523' title='bbox 1907 3757 2212 3822; x_wconf 79' lang='lat' dir='ltr'><strong>intelligere</strong></span> <span class='ocrx_word' id='word_1_524' title='bbox 2241 3758 2361 3807; x_wconf 75' lang='lat' dir='ltr'><strong>deos</strong></span> <span class='ocrx_word' id='word_1_525' title='bbox 2390 3757 2589 3817; x_wconf 78' lang='lat' dir='ltr'><strong>formae</strong></span> <span class='ocrx_word' id='word_1_526' title='bbox 2621 3755 2710 3803; x_wconf 73' lang='lat' dir='ltr'><strong>Itu-</strong></span> 
     </span>
     <span class='ocr_line' id='line_1_99' title="bbox 1631 3824 2713 3890; baseline -0.003 -15"><span class='ocrx_word' id='word_1_527' title='bbox 1631 3842 1835 3888; x_wconf 80' lang='lat' dir='ltr'><strong>manae,</strong></span> <span class='ocrx_word' id='word_1_528' title='bbox 1873 3826 1966 3890; x_wconf 78' lang='lat' dir='ltr'><strong>qui</strong></span> <span class='ocrx_word' id='word_1_529' title='bbox 2001 3826 2163 3875; x_wconf 89' lang='lat' dir='ltr'><strong>iidem</strong></span> <span class='ocrx_word' id='word_1_530' title='bbox 2197 3825 2282 3887; x_wconf 91' lang='grc' dir='ltr'><strong>ΙΙ,</strong></span> <span class='ocrx_word' id='word_1_531' title='bbox 2324 3824 2420 3874; x_wconf 79' lang='grc'><strong>142</strong></span> <span class='ocrx_word' id='word_1_532' title='bbox 2460 3825 2713 3873; x_wconf 84' lang='lat' dir='ltr'><strong>dicuntur</strong></span> 
     </span>
     <span class='ocr_line' id='line_1_100' title="bbox 1629 3884 2712 3959; baseline -0.001 -17"><span class='ocrx_word' id='word_1_533' title='bbox 1629 3884 2093 3959; x_wconf 77' lang='grc' dir='ltr'><strong><em>ἄνθρωποειδὲες</em></strong></span> <span class='ocrx_word' id='word_1_534' title='bbox 2136 3890 2297 3953; x_wconf 84' lang='grc' dir='ltr'><strong><em>θεοί;</em></strong></span> <span class='ocrx_word' id='word_1_535' title='bbox 2346 3907 2521 3958; x_wconf 83' lang='lat' dir='ltr'><strong>neque</strong></span> <span class='ocrx_word' id='word_1_536' title='bbox 2550 3892 2712 3941; x_wconf 87' lang='lat' dir='ltr'><strong>aliter</strong></span> 
     </span>
     <span class='ocr_line' id='line_1_101' title="bbox 1628 3954 2710 4027; baseline 0 -17"><span class='ocrx_word' id='word_1_537' title='bbox 1628 3954 2043 4026; x_wconf 80' lang='grc' dir='ltr'><strong><em>ἀνθρωποειδῆ</em></strong></span> <span class='ocrx_word' id='word_1_538' title='bbox 2067 3955 2356 4027; x_wconf 74' lang='grc' dir='ltr'><strong><em>ἀγάλματα</em></strong></span> <span class='ocrx_word' id='word_1_539' title='bbox 2389 3962 2446 4011; x_wconf 89' lang='lat' dir='ltr'><strong>in</strong></span> <span class='ocrx_word' id='word_1_540' title='bbox 2470 3959 2710 4012; x_wconf 86' lang='lat' dir='ltr'><strong>Clemen-</strong></span> 
     </span>
     <span class='ocr_line' id='line_1_102' title="bbox 1629 4029 2709 4091; baseline -0.002 -11"><span class='ocrx_word' id='word_1_541' title='bbox 1629 4032 1702 4080; x_wconf 80' lang='lat' dir='ltr'><strong>tis</strong></span> <span class='ocrx_word' id='word_1_542' title='bbox 1747 4032 1869 4083; x_wconf 92' lang='lat' dir='ltr'><strong>loco</strong></span> <span class='ocrx_word' id='word_1_543' title='bbox 1913 4032 2073 4082; x_wconf 89' lang='lat' dir='ltr'><strong>modo</strong></span> <span class='ocrx_word' id='word_1_544' title='bbox 2123 4031 2271 4081; x_wconf 90' lang='lat' dir='ltr'><strong>laud.</strong></span> <span class='ocrx_word' id='word_1_545' title='bbox 2345 4031 2465 4091; x_wconf 76' lang='lat' dir='ltr'><strong>Quo</strong></span> <span class='ocrx_word' id='word_1_546' title='bbox 2522 4029 2709 4079; x_wconf 87' lang='lat' dir='ltr'><strong>eodem</strong></span> 
     </span>
     <span class='ocr_line' id='line_1_103' title="bbox 1630 4097 2707 4164; baseline -0.003 -15"><span class='ocrx_word' id='word_1_547' title='bbox 1630 4115 1795 4150; x_wconf 86' lang='lat' dir='ltr'><strong>sensu</strong></span> <span class='ocrx_word' id='word_1_548' title='bbox 1836 4100 2108 4150; x_wconf 87' lang='lat' dir='ltr'><strong>Diodorus</strong></span> <span class='ocrx_word' id='word_1_549' title='bbox 2156 4101 2252 4164; x_wconf 86' lang='lat' dir='ltr'><strong>IV,</strong></span> <span class='ocrx_word' id='word_1_550' title='bbox 2292 4097 2361 4149; x_wconf 80' lang='lat'><strong>69</strong></span> <span class='ocrx_word' id='word_1_551' title='bbox 2406 4098 2707 4148; x_wconf 85' lang='lat' dir='ltr'><strong>Centauros</strong></span> 
     </span>
     <span class='ocr_line' id='line_1_104' title="bbox 1630 4159 2709 4233; baseline -0.003 -15"><span class='ocrx_word' id='word_1_552' title='bbox 1630 4169 1764 4219; x_wconf 84' lang='lat' dir='ltr'><strong>dicit</strong></span> <span class='ocrx_word' id='word_1_553' title='bbox 1796 4159 2275 4233; x_wconf 75' lang='grc' dir='ltr'><strong><em>ἀνθρωποφυεῖς,</em></strong></span> <span class='ocrx_word' id='word_1_554' title='bbox 2322 4168 2360 4217; x_wconf 92' lang='lat' dir='ltr'><strong>i.</strong></span> <span class='ocrx_word' id='word_1_555' title='bbox 2402 4182 2449 4217; x_wconf 90' lang='lat' dir='ltr'><strong>e.</strong></span> <span class='ocrx_word' id='word_1_556' title='bbox 2494 4166 2709 4217; x_wconf 76' lang='lat' dir='ltr'><strong>humana</strong></span> 
     </span>
     <span class='ocr_line' id='line_1_105' title="bbox 1621 4234 2709 4302; baseline -0.006 -14"><span class='ocrx_word' id='word_1_557' title='bbox 1621 4239 1818 4300; x_wconf 73' lang='lat' dir='ltr'><strong>sor-ma,</strong></span> <span class='ocrx_word' id='word_1_558' title='bbox 1849 4241 2022 4302; x_wconf 64' lang='lat' dir='ltr'><strong>figura</strong></span> <span class='ocrx_word' id='word_1_559' title='bbox 2054 4238 2335 4300; x_wconf 72' lang='lat' dir='ltr'><strong>praeditos.</strong></span> <span class='ocrx_word' id='word_1_560' title='bbox 2387 4235 2577 4300; x_wconf 84' lang='lat' dir='ltr'><strong>Neque</strong></span> <span class='ocrx_word' id='word_1_561' title='bbox 2612 4234 2709 4284; x_wconf 87' lang='lat' dir='ltr'><strong>ali-</strong></span> 
     </span>
     <span class='ocr_line' id='line_1_106' title="bbox 1628 4302 2707 4369; baseline -0.002 -15"><span class='ocrx_word' id='word_1_562' title='bbox 1628 4310 1713 4355; x_wconf 89' lang='lat' dir='ltr'><strong>ter</strong></span> <span class='ocrx_word' id='word_1_563' title='bbox 1745 4305 2013 4356; x_wconf 89' lang='lat' dir='ltr'><strong>Herodoti</strong></span> <span class='ocrx_word' id='word_1_564' title='bbox 2057 4306 2234 4355; x_wconf 89' lang='lat' dir='ltr'><strong>locum</strong></span> <span class='ocrx_word' id='word_1_565' title='bbox 2266 4303 2504 4369; x_wconf 76' lang='lat' dir='ltr'><strong>intelligi</strong></span> <span class='ocrx_word' id='word_1_566' title='bbox 2535 4302 2707 4353; x_wconf 82' lang='lat' dir='ltr'><strong>voluit</strong></span> 
     </span>
     <span class='ocr_line' id='line_1_107' title="bbox 1625 4370 2708 4438; baseline -0.005 -13"><span class='ocrx_word' id='word_1_567' title='bbox 1625 4371 1842 4425; x_wconf 70' lang='lat' dir='ltr'><strong>Emeric</strong></span> <span class='ocrx_word' id='word_1_568' title='bbox 1874 4371 2081 4424; x_wconf 79' lang='lat' dir='ltr'><strong>David:</strong></span> <span class='ocrx_word' id='word_1_569' title='bbox 2129 4372 2338 4438; x_wconf 86' lang='lat' dir='ltr'><strong>Iupiter</strong></span> <span class='ocrx_word' id='word_1_570' title='bbox 2373 4385 2445 4422; x_wconf 88' lang='lat' dir='ltr'><strong>ou</strong></span> <span class='ocrx_word' id='word_1_571' title='bbox 2477 4370 2708 4423; x_wconf 81' lang='lat' dir='ltr'><strong>Becher-</strong></span> 
     </span>
    </p>
   </div>
  </div>
 </body>
</html>
