3109 5092
1061 345 1559 406 EUTERPE.
1602 344 1688 403 Π.
1733 350 1851 406 172.

2479 340 2601 401 815

323 509 459 582 ὑπὸ
485 517 835 603 Δωριέων,
866 513 1239 597 ἐξαπώλετο
1266 511 1307 606 ἡ
1335 514 1594 604 τελετή·
1627 521 1699 585 οἱ
1719 514 1794 584 δὲ
1821 509 2355 599 ὑπολειφθέντες
2380 521 2597 581 Πελο-

325 623 715 704 ποννησίων
767 620 880 686 καὶ
934 613 1058 687 οὐκ
1114 619 1592 702 ἐξαναστάντες
1641 616 1959 708 Ἀρκάδες
2016 617 2331 698 διέσωζον
2384 611 2600 705 αὐτὴν

322 724 581 807 μοῦνοι.

456 818 743 909 Ἀπρίεω
775 821 856 890 δὲ’
879 811 1012 890 ὦδε
1040 827 1655 914 καταραιρημένου,
1703 825 2097 909 ἐβασίλευσε
2121 816 2435 907 ”Αμασις,
2476 845 2590 886 νο-
2615 821 2733 883 172

321 929 453 1011 μοῦ
498 924 624 1012 μὲν
666 931 934 994 Σαΐτεω
978 922 1142 994 &622-
1209 930 1282 995 ἐκ
1324 932 1441 1015 τῆς
1480 927 1558 995 δὲ
1598 917 1684 1014 ἦν
1731 922 1996 1009 πόλιος,
2053 920 2310 1010 οὔνομά
2351 926 2424 991 οἱ
2456 924 2595 990 ἐστὶ

321 1024 571 1114 Σιούφ.
601 1024 681 1094 τὰ
707 1027 833 1115 μὲν
862 1024 946 1116 δὴ
976 1034 1207 1116 πρῶτα
1236 1029 1598 1098 κατόνοντο
1622 1025 2040 1115 τόν”Αμασιν
2070 1025 2452 1112 Αἰγύπτιοι,
2480 1026 2593 1092 καὶ

325 1133 400 1198 ἐν
427 1126 711 1218 οὐδεμιῇ
739 1137 938 1220 μοίρῃ
973 1130 1230 1220 μεγάλῃ
1260 1123 1457 1221 ἦγον,
1501 1128 1618 1200 ἅτε
1657 1128 1741 1219 δὴ
1781 1128 2080 1218 δημότην
2107 1126 2182 1197 τὸ
2209 1130 2372 1219 πρὶν
2399 1126 2596 1197 ἐόντα

325 1344 429 1393 que
464 1330 618 1378 fluxit
655 1329 734 1378 sic
780 1329 994 1382 dicente
1032 1328 1232 1394 Odyss.
1260 1329 1407 1393 XVI,

321 1397 443 1447 423.
476 1399 596 1460 XX,
633 1399 752 1448 412.

393 1463 661 1526 διέσωζον
694 1458 878 1531 αὐτὴν
906 1464 1135 1531 μοῦνοι]
1173 1468 1407 1518 Omnino

322 1536 612 1585 tenendum
673 1540 791 1597 est,
860 1551 1020 1586 saera
1079 1537 1408 1588 Graecarum

321 1606 563 1669 gentium
595 1604 880 1669 (Pelasgos
906 1604 1070 1671 vulgo
1109 1605 1408 1671 appellant)

320 1675 730 1738 antiquissima,
772 1675 1010 1724 Doribue
1057 1676 1408 1736 irruentibus,

321 1742 609 1793 admodum
647 1758 767 1793 esse
800 1744 1050 1807 turbata,
1087 1759 1259 1810 eoque
1293 1759 1405 1793 rem

320 1812 609 1862 adductam
636 1827 774 1873 esse,
809 1818 872 1862 ut
897 1827 1057 1862 secra
1082 1829 1148 1863 ex
1183 1813 1403 1879 publico

319 1883 476 1945 quasi
517 1880 667 1931 cultu
705 1880 777 1931 ad
814 1883 1192 1946 mysteriorum
1230 1898 1406 1932 reces-

319 1966 410 1999 sus
452 1956 835 2000 revocarentur
872 1952 1054 2015 ibique
1100 1958 1162 2002 ut
1199 1966 1406 2002 arcana

319 2024 767 2084 propagarentur.
831 2020 923 2070 Sic
953 2020 1405 2085 Thesmophorio—

319 2102 436 2136 rum
466 2103 650 2149 sacra,
689 2103 831 2152 quae
865 2090 1245 2155 antiquissimo
1264 2105 1402 2140 aevo

319 2156 389 2205 ad
415 2159 722 2207 memoriam
755 2158 1121 2222 agriculturae
1148 2160 1403 2209 instituta

319 2227 610 2289 quotannis
645 2226 1023 2277 celebrandam
1060 2244 1125 2278 ex
1150 2230 1401 2293 Aegypto

319 2295 631 2345 introducta
696 2300 877 2356 eraut,
942 2297 1130 2348 relicto
1181 2299 1400 2363 publico

319 2364 468 2414 cultu
522 2365 590 2415 ad
638 2366 1017 2429 mysteriorum
1073 2382 1273 2417 arcana
1319 2382 1401 2416 re-

319 2431 434 2482 lata
453 2434 622 2484 fuisse
643 2434 913 2485 videntur.
978 2436 1063 2485 Tu
1087 2436 1232 2486 conf.
1258 2438 1398 2486 Pau-

317 2518 434 2552 san.
475 2503 628 2565 VIII,
666 2503 751 2553 37.
794 2507 844 2567 ἕ.
884 2506 928 2553 1.
970 2509 1026 2555 et
1061 2520 1095 2554 a
1133 2506 1399 2555 Creuzero

316 2570 595 2622 laudatum
623 2572 685 2622 C.
715 2572 782 2623 Ο.
818 2572 1064 2624 Mueller.
1104 2575 1159 2622 in
1196 2573 1402 2624 Orcho-

318 2655 459 2692 men.
502 2657 630 2705 pag.
677 2642 806 2702 453,
852 2642 1158 2693 Heinecke=
1196 2644 1399 2693 Homer

316 2724 367 2759 u.
394 2710 638 2775 Lykurg.
673 2725 800 2775 pag.
842 2712 926 2760 21.

634 2879 761 2930 Cn.
800 2881 1070 2931 CLXXII.

383 2971 613 3045 Ἀπρίεω
660 2975 725 3031 δὲ
782 2997 932 3033 ουτω
986 2982 1397 3063 καταραιρημέ-

313 3049 437 3117 νου]
495 3053 533 3102 1.
586 3067 635 3102 e.
673 3052 847 3116 Apria
891 3053 1034 3103 hunc
1083 3055 1141 3103 in
1180 3048 1395 3105 modum

309 3119 523 3170 sublato.
604 3122 754 3172 Idem
795 3122 1017 3172 verbum
1056 3124 1256 3173 Noster
1302 3123 1397 3173 ad·

309 3187 486 3238 hibuit
523 3191 568 3251 Ι,
605 3192 689 3242 46.
731 3191 939 3244 71.95.
983 3194 1098 3243 124.
1135 3193 1231 3255 IV,
1274 3193 1391 3244 137.

310 3257 406 3318 IX,
435 3261 499 3308 27
526 3260 648 3309 coll.
676 3261 804 3322 VII,
836 3262 919 3323 50,
953 3262 1047 3312 ubi
1073 3262 1218 3312 conf.
1251 3267 1392 3312 nott.

312 3326 458 3387 Qui·
445 3343 502 3376 ιιι
520 3329 746 3409 Apriae
746 3328 922 3380 locum
953 3331 1219 3380 successit
1238 3331 1395 3380 Ama

308 3396 409 3457 sis,
460 3404 690 3446 vocatur
721 3388 955 3459 Ἀμωσις
1006 3400 1150 3464 apud
1186 3400 1397 3450 Africa-

309 3477 435 3512 num
474 3468 528 3513 et
561 3466 858 3516 Eusebium
895 3466 1031 3529 (vid.
1065 3467 1299 3532 Syncell.
1337 3484 1393 3532 p.

308 3532 376 3579 75
415 3533 534 3582 sive
569 3549 623 3597 p.
653 3535 747 3583 141
792 3535 875 3585 ed.
899 3534 1137 3595 Bonn.);
1175 3537 1232 3586 in
1266 3538 1400 3600 ipsis

304 3600 699 3666 Aegyptiorum
761 3604 1122 3653 monumentis
1181 3605 1401 3654 Aahmes

306 3668 542 3719 inveniri
600 3675 835 3722 testatur
888 3672 1184 3722 Rosellini:
1246 3674 1395 3723 Mon.

307 3739 497 3791 storic.
534 3739 613 3791 II.
649 3756 704 3804 p.
750 3739 852 3790 148
883 3756 1027 3806 seq.;
1075 3742 1132 3792 in
1167 3743 1400 3807 Cypriea

302 3822 421 3927 ¹1¹¹s⁸2⁰
433 3809 1398 3943 &3331523323323223332

304 3945 449 3993 Aclz-
460 3962 569 3996 me·
582 3949 697 3997 As·
674 3951 779 4003 -εἰ,
817 3962 923 4013 quo
948 3949 1281 4011 declaratur,
1310 3965 1397 3999 eo-

306 4012 427 4064 dem
465 4016 581 4065 viro
628 4016 790 4067 docto
839 4018 1164 4082 interprete,
1216 4019 1396 4069 Lunae

524 4084 743 4136 Nettkae
769 4087 924 4147 filius.

376 4146 453 4200 ov
457 4167 605 4215 νομα
628 4167 684 4202 οι
668 4145 818 4202 ’ἐστὶ
838 4145 1055 4219 Σιούφ]
1078 4154 1234 4217 Siupk
1255 4156 1393 4205 Ren-

305 4220 447 4271 nelio
501 4221 538 4271 l.
586 4222 624 4271 l.
675 4237 803 4286 pag.
848 4224 950 4272 617
1004 4238 1067 4273 eo
1115 4223 1234 4273 loco
1285 4224 1394 4274 sita

302 4287 476 4338 fuisse
528 4290 773 4353 videtur,
829 4291 922 4355 qui
976 4307 1117 4341 nunc
1165 4297 1394 4342 vocatur

302 4357 591 4423 Ssaouasdlae
625 4360 681 4413 in
721 4359 1048 4410 occidentali
1082 4360 1203 4425 ripa
1240 4360 1395 4410 fluvii

303 4098 485 4168 cam,

1512 1327 1793 1392 Canopiei.
1875 1327 2010 1377 Cum
2048 1341 2176 1376 vero
2214 1325 2340 1376 Sa'is
2388 1329 2442 1374 et
2479 1324 2599 1374 Sa‘i-

1512 1398 1625 1447 tica
1659 1397 1794 1446 ditio
1845 1396 1901 1445 in
1951 1394 2200 1446 orientali
2244 1394 2365 1457 ripa
2414 1394 2596 1455 fuerit,

1511 1464 1810 1531 Cbampoll.
1838 1465 1979 1530 l’Eg.
2020 1480 2148 1516 sous
2185 1463 2222 1513 l.
2252 1464 2418 1513 Phar.
2437 1462 2511 1514 11.
2538 1478 2593 1526 p.

1511 1536 1614 1585 220
1644 1550 1759 1600 seq.
1797 1534 2053 1599 oppidum
2071 1533 2231 1596 Siuph
2260 1534 2316 1581 in
2342 1533 2464 1582 vico
2488 1530 2599 1594 Safi

1510 1603 1875 1670 quaerendum
1912 1608 2087 1667 putat,
2124 1603 2217 1668 qui
2248 1602 2353 1651 tria
2381 1606 2596 1650 tantum

1510 1674 1768 1724 milliaria
1810 1672 2021 1724 Gallica
2070 1687 2104 1721 a
2148 1671 2246 1721 Sai
2298 1670 2482 1720 distet.
2525 1695 2595 1706 —

1509 1743 1595 1792 Ad
1630 1733 1945 1791 κατόνοντο
1992 1740 2179 1792 confer
2229 1740 2315 1802 II,
2360 1739 2458 1789 130
2497 1738 2592 1789 fin.

1508 1817 1565 1861 et
1588 1813 1761 1862 Koen.
1788 1810 1859 1861 ad
1884 1811 2046 1875 Greg.
2072 1808 2317 1860 Corinth.
2356 1808 2423 1858 de
2459 1806 2588 1857 dial.

1505 1881 1625 1934 Ion.
1676 1884 1727 1942 §-
1777 1881 1862 1930 23.
1913 1894 2041 1952 pag.
2081 1880 2182 1930 407
2231 1877 2316 1928 ed.
2372 1876 2592 1929 Schaef.

1505 1950 1772 2015 Equidem
1816 1962 2130 1997 κατονοντο
2173 1963 2203 1997 e
2241 1946 2483 2011 pluribus
2530 1944 2595 1993 li·

1505 2020 1618 2069 bris
1671 2033 1793 2068 cum
1847 2016 2159 2068 Gaisfordio
2217 2016 2440 2080 scripsi,
2500 2029 2592 2064 ne-

1504 2088 1684 2153 glecto
1713 2092 2020 2161 augmento,
2051 2102 2173 2137 cum
2201 2085 2365 2150 vulgo
2389 2084 2591 2150 legere-

1504 2163 1594 2208 tur
1616 2170 1974 2219 κατωνοντο,
2001 2157 2181 2220 quod'
2166 2170 2341 2220 ipsum
2360 2152 2588 2204 Dietsch

1504 2232 1562 2278 et
1582 2225 1820 2277 Dindorf
1849 2225 2203 2285 retinuerunt,
2242 2229 2484 2286 auctore,
2524 2226 2587 2272 ut

1501 2296 1746 2354 videtur,
1788 2294 2053 2345 Bredovio
2090 2310 2145 2358 p.
2184 2294 2307 2345 307.

1574 2359 1635 2414 ἐν
1673 2357 1916 2430 οὐδεμιῇ
1960 2368 2134 2429 μοίρῃ
2168 2355 2378 2428 μεγάλῃ
2419 2348 2584 2426 ἦγον]

1502 2434 1680 2485 Sensu
1715 2433 1927 2498 quidem
1958 2433 2093 2483 haec
2121 2432 2323 2483 locutio
2348 2446 2457 2481 non
2484 2429 2589 2480 dif-

1501 2505 1611 2554 fert
1644 2503 1713 2553 ab
1752 2518 1844 2563 eo,
1892 2502 2035 2568 quod
2081 2500 2282 2566 legitur
2329 2500 2413 2561 II,
2457 2499 2583 2550 141.

1494 2564 1736 2649 αλογίην
1771 2565 1920 2634 ἔχειν
1939 2570 2064 2621 οο11.
2096 2571 2191 2633 IV,
2222 2571 2339 2630 150,
2372 2570 2489 2618 sive
2524 2558 2587 2615 ἐν

1501 2634 1699 2691 οὐδενὶ
1744 2638 1888 2706 λόγῳ
1935 2634 2108 2703 ἔχειν,
2174 2639 2452 2701 despicatui
2492 2635 2585 2684 lta-

1500 2710 1648 2773 bere,
1694 2714 1875 2760 nuttam
1916 2711 2155 2758 rationem
2189 2707 2395 2757 habere.
2468 2705 2587 2754 Mo·

1498 2779 1621 2828 nuit
1644 2777 1909 2831 Valcken.
1946 2777 2113 2838 adII,
2146 2777 2259 2827 141.
2316 2777 2402 2825 Tu
2435 2772 2581 2823 conf.

1498 2852 1639 2899 nott.
1677 2848 1747 2899 ad
1783 2845 1988 2909 Ι,134.

1566 2908 1663 2966 ἅτε
1698 2909 1771 2981 δὴ
1808 2885 2433 2980 δημότην-ἐόντα]
2478 2912 2585 2961 Eo-

1498 2985 1620 3036 dem
1658 3001 1821 3038 sensu
1857 2985 2057 3035 Noster
2089 2985 2229 3035 hanc
2263 2997 2453 3032 vocem
2489 2980 2585 3030 ad-

1497 3055 1676 3105 hibuit
1710 3055 1911 3117 V,11.
1999 3053 2299 3119 „Respexit
2343 3052 2586 3100 Zonaras

1499 3125 1555 3173 in
1590 3125 1725 3175 Lex.
1751 3126 1843 3176 Gr.
1871 3139 1997 3209 pag.
2031 3122 2133 3173 404
2172 3122 2289 3188 (ubi
2316 3121 2583 3196 legimus.

1499 3186 1774 3275 Δημότην
1805 3187 1864 3243 ot
1886 3189 2070 3250 Ἴωνες
2098 3184 2198 3241 τὸν
2223 3189 2337 3240 τῶν
2363 3186 2589 3238 πολλῶν

1500 3256 1629 3311 ενα·
1693 3252 1875 3319 οὕτως
1929 3258 2024 3312 καὶ
2063 3253 2433 3324 Ἡρόδοτος),
2494 3256 2588 3306 ubi

1500 3331 1819 3382 Tittmanno
1861 3331 2127 3382 Herodoti
2173 3330 2325 3380 loeus
2373 3340 2482 3374 non
2532 3325 2586 3372 in

1499 3406 1749 3464 promptu
1770 3407 1938 3467 strat.
2031 3399 2277 3449 Alteram
2332 3392 2589 3443 vocabuli

1500 3474 1826 3551 potestatem
1879 3469 1994 3532 (ubi
2042 3466 2281 3516 eiusdem
2314 3463 2457 3513 demi
2492 3461 2589 3510 ho·

1501 3538 1696 3586 minem
1735 3537 1983 3597 denotat)
2021 3534 2261 3598 expediit
2297 3530 2583 3581 Ruhnken.

1502 3606 1573 3655 ad
1594 3605 1840 3669 Xenoph.
1877 3606 2101 3654 Memor.
2130 3603 2177 3663 1,
2202 3604 2253 3662 2,
2281 3601 2349 3650 58
2386 3600 2587 3648 aTitt·

1500 3690 1699 3724 manno
1758 3673 2034 3726 laudatus.
2132 3638 2271 3722 Add'.
2318 3667 2584 3720 Valcken.

1500 3744 1571 3793 ad
1592 3742 1853 3793 Herodot.
1882 3743 1986 3804 ΙΙΙ,
2009 3742 2094 3792 55.
2134 3738 2400 3790 Herodoti
2426 3751 2586 3786 usum

1499 3813 1744 3877 sequitur
1767 3825 2151 3875 nonnunquam
2162 3807 2459 3872 Dionysius
2473 3806 2587 3855 Ha-

1498 3880 1711 3941 licarn.,
1748 3897 1801 3930 ν.
1844 3898 1891 3931 c.
1931 3881 1998 3942 V,
2033 3880 2127 3929 2.“
2165 3878 2261 3929 Gr.
2334 3877 2449 3927 Nec
2485 3874 2586 3923 dis·

1499 3950 1625 4011 fert,
1646 3950 1789 4014 quod
1813 3950 1881 3999 ab
1899 3948 2192 3998 Hellanico
2208 3944 2375 4010 (apud
2387 3944 2583 3995 Athen.

1496 4019 1617 4068 XV.
1655 4034 1708 4082 p.
1744 4019 1873 4079 680)
1920 4018 2135 4068 Amasis
2187 4015 2387 4066 dicitur
2430 4006 2586 4063 ἰδιαί-

1496 4101 1598 4149 της
1632 4082 1865 4136 καὶτῶν
1890 4079 2196 4151 τυχόντων.
2271 4085 2406 4134 Cum
2442 4081 2586 4133 enim

1497 4171 1530 4205 a
1567 4155 1805 4206 Diodoro
1854 4156 1938 4218 ΙΙ,
1987 4154 2055 4207 68
2098 4153 2313 4205 Amasis
2358 4155 2586 4202 vocatur

1490 4215 1640 4288 ἀνὴρ
1678 4193 1963 4288 ἐμφανὴς,
2022 4240 2130 4274 ιιοιι
2167 4229 2280 4273 tam
2314 4221 2386 4271 ad
2424 4218 2587 4282 origi-

1497 4308 1620 4357 nes,
1673 4309 1833 4358 quam
1876 4293 1946 4344 ad
1982 4309 2067 4344 res
2119 4298 2334 4373 gestas,
2390 4291 2583 4355 quibus

1494 4361 1587 4412 ille
1623 4368 1748 4428 post
1788 4360 2038 4427 eminuit,
2090 4360 2391 4427 respexisse
2435 4357 2586 4409 vide·
