3109 5092
1107 312 1610 371 EU'PERPE.
1656 311 1741 370 11.
1794 320 1910 372 112.
2036 321 2049 361 '-
2521 309 2633 370 671

374 486 589 565 πάσας
615 482 746 553 σὺν
772 480 947 572 αὐτῇ
979 489 1061 573 τῇ
1088 483 1264 554 πόλι.
1313 490 1430 575 τῆς
1457 485 1532 554 δὲ
1562 483 1930 573 νιψάμενος
1956 489 2050 578 τῷ
2074 480 2259 577 οὔρῳ
2287 479 2644 572 ἀνέβλεψε,

375 588 628 677 ταύτην
667 587 742 656 δὲ
788 586 922 675 εἶχε
968 585 1171 668 αὐτὸς
1210 605 1520 675 γυναῖκα.

1619 585 2051 677 Ἀναθήματα
2097 587 2172 657 δὲ
2186 640 2204 673 ,
2266 584 2647 675 ἀποφυγών

371 691 496 783 τὴν
529 691 771 779 πάθην
808 695 947 759 τῶν
990 688 1405 781 ὀφθαλμῶν,
1447 689 1617 762 ἄλλα
1646 719 1717 760 τε
1759 688 1890 760 ἀνα
1917 689 1999 760 τὰ
2029 689 2140 781 ἱρὰ
2170 688 2388 760 πάντα
2417 689 2499 760 τὰ
2528 689 2641 760 λό-

371 824 534 885 γιμα
572 792 902 883 ἀνέθηκε,
943 797 1054 863 καὶ
1093 800 1217 864 τοῦ
1243 823 1320 881 γε
1364 794 1571 883 λόγον
1610 794 1896 883 μάλιστα
1923 793 2113 878 ἄξιόν
2152 798 2534 882 ἐστι-ἔχειν,
2579 795 2645 872 ἐς

373 905 494 968 τοῦ
514 894 749 968 Ἡλίου
775 895 850 965 τὸ
881 895 1029 987 ἱρὸν
1056 896 1413 987 ἀξιοθέητα
1444 897 1741 987 ἀνέθηκε
1772 905 1957 988 ἔργα,
1996 896 2277 987 ὀβελοὺς
2305 898 2431 966 δύο
2459 903 2642 966 λιθί-

375 1030 567 1087 νους,
608 1005 674 1084 ἐξ
705 999 851 1081 ἑνὸς
893 1000 1088 1070 ἐόντα
1117 1002 1433 1093 ἑκάτερον
1469 1010 1709 1089 λίθου,
1754 1007 1962 1091 μῆκος
2000 1004 2124 1091 μὲν
2164 1001 2480 1093 ἑκάτερον
2507 1027 2636 1089 πη-

373 1109 547 1195 χέων
576 1102 845 1191 ἑκατὸν,
890 1095 1085 1195 εὖρος
1113 1106 1188 1175 δὲ
1215 1103 1390 1175 ὀκτώ
1419 1108 1705 1195 πηχέων.

533 1207 790 1278 Τούτου
811 1208 888 1277 δὲ
915 1211 1314 1291 ἐκδέξασθαι
1341 1207 1467 1299 τὴν
1482 1216 1843 1298 βασιληΐην
1865 1215 2099 1296 ἔλεγον
2118 1205 2336 1297 ἄνδρα
2358 1212 2640 1296 Μεμφί-
2666 1217 2687 1276 1
2710 1215 2783 1276 12

374 1377 548 1426 horst.
588 1375 807 1427 1.1aud.
858 1391 985 1442 pag.
1033 1375 1122 1427 88.
1193 1376 1361 1427 Plura
1395 1377 1464 1428 de

374 1446 482 1496 loci
520 1447 631 1495 situ
665 1461 775 1495 non
812 1452 1085 1496 constant.

380 1563 580 1669 mgtgu
592 1540 740 1668 agito&
766 1540 1051 1669 atquizrudgt]
1064 1557 1465 1686 eizaegngiragffiz

380 1689 569 1739 Cobet.
661 1688 820 1739 Oonf.
871 1688 1070 1741 Matth.
1125 1691 1217 1740 Gr.
1269 1691 1361 1741 Gr.
1409 1690 1460 1753 ξ.

381 1760 503 1810 405.
542 1764 658 1808 not.
695 1757 748 1809 3.
782 1773 910 1838 pag.
947 1760 1070 1810 741.
1107 1790 1176 1797 -
1211 1759 1276 1809 In
1306 1775 1460 1825 seqq.

381 1827 574 1893 reliqui
621 1820 940 1907 ἀξιοθέητα
975 1844 1009 1878 a
1055 1828 1300 1883 Dietscb.
1349 1845 1463 1880 mu-

380 1903 554 1947 tatum
602 1897 657 1946 in
703 1888 1060 1977 ἆξιοθηητα,
1109 1898 1204 1964 qui
1247 1898 1367 1963 ipse
1415 1899 1461 1960 1,

384 1968 601 2018 14.184
635 1970 783 2017 recte
816 1966 968 2017 dedit
1008 1935 1352 2032 ἀξιοθέητα,
1396 1967 1464 2017 de

382 2051 487 2101 quo
534 2034 647 2087 vid.
692 2040 902 2086 ceteros
952 2036 1102 2086 locos
1146 2037 1291 2102 apud
1334 2039 1463 2088 Bre-

382 2106 506 2155 dov.
557 2120 683 2170 pag.
737 2105 824 2155 40.
892 2093 1092 2162 ’Ἤλιος
1147 2108 1309 2169 deus,
1370 2107 1464 2172 qui

379 2180 846 2237 commemoratur,
883 2190 991 2224 non
1021 2175 1158 2226 alius
1191 2186 1276 2226 est
1301 2181 1465 2241 atque

378 2245 427 2294 is
463 2244 596 2295 Solis
632 2244 792 2308 deus,
830 2244 897 2294 de
932 2260 1036 2309 quo
1073 2246 1142 2296 ad
1180 2246 1256 2309 11,
1292 2248 1360 2297 42
1390 2245 1466 2296 di-

381 2329 580 2365 ximus.

450 2407 685 2484 ὀβελούς
731 2409 841 2467 δύο
891 2416 1160 2476 λιθίνους
1203 2433 1254 2467 κ.
1303 2432 1351 2467 τ.
1389 2415 1465 2483 L]

381 2487 590 2536 Horum
636 2487 996 2538 obeliscorum
1040 2487 1178 2538 alter
1217 2492 1342 2553 post
1378 2486 1467 2536 de-

383 2561 573 2607 vectus
611 2560 697 2606 est
731 2558 957 2608 Romam
994 2562 1051 2608 et
1084 2558 1141 2606 in
1178 2559 1324 2608 circo
1360 2558 1467 2608 Va-

382 2626 566 2676 ticano
613 2625 941 2689 collocatus,
989 2631 1129 2677 teste
1176 2627 1356 2678 Plinio
1392 2627 1465 2677 Η.

381 2695 452 2745 Ν.
507 2696 757 2759 XXXVI,
806 2697 867 2747 ll
920 2695 1017 2760 (al.
1072 2697 1155 2759 15,
1204 2698 1280 2760 7),
1322 2694 1467 2747 unde

379 2780 523 2815 anno
558 2781 612 2830 p.
649 2765 776 2818 Chr.
816 2782 869 2816 n.
901 2767 1034 2818 1589
1053 2766 1193 2817 Sixti
1214 2767 1279 2817 V.
1314 2766 1467 2816 iussu

380 2835 437 2883 in
465 2834 650 2899 populi
675 2850 857 2886 aream
879 2834 1104 2901 (Piazza
1124 2835 1213 2885 del
1243 2834 1463 2901 popolo)

381 2904 678 2955 translatus
726 2921 760 2955 a
795 2905 1068 2956 Flaminia
1111 2910 1272 2970 porta
1312 2920 1468 2956 acce-

381 2974 463 3037 pit
508 2972 762 3024 Flaminii
809 2990 1032 3026 nomen:
1084 2976 1152 3025 de
1195 2991 1302 3042 quo
1349 2973 1461 3024 vid.

381 3043 565 3109 Zoega
603 3043 640 3094 1.
687 3060 812 3095 mox
848 3045 886 3097 l.
937 3060 1065 3111 pag.
1119 3044 1189 3096 62
1232 3049 1288 3094 et
1321 3044 1465 3094 Fon-

382 3113 500 3162 tani
537 3113 822 3164 architecti
856 3130 920 3165 ac
957 3114 1186 3165 Mercati
1220 3113 1390 3164 libros
1427 3128 1462 3163 a

382 3184 566 3247 Zoega
593 3198 649 3247 p.
678 3184 748 3234 60
779 3188 896 3235 not.
927 3183 1206 3247 laudatos,
1243 3185 1462 3234 Bunsen

384 3255 489 3301 etc.
520 3252 929 3318 Beschreibnng
972 3270 1027 3305 ν.
1073 3255 1231 3304 Rom.
1265 3253 1370 3317 111,
1408 3253 1459 3304 3.

382 3322 1210 3456 Ξῖἔὲιῖῗθιέῗὲτιέζὲῗοὲῧὲ
1244 3337 1465 3442 ῗῖῗὲἔ

383 3457 444 3520 0,
483 3457 756 3523 Heliopoli
781 3459 918 3510 duos
942 3459 1209 3510 obeliscos
1238 3461 1464 3511 Romam

383 3527 553 3577 fuisse
576 3526 807 3579 delatos.
864 3527 1004 3579 Add.
1027 3529 1294 3579 Ammian.
1320 3529 1465 3579 Mar-

382 3595 562 3646 cellin.
602 3597 778 3660 XVII,
815 3599 866 3659 4,
896 3596 1074 3661 quide
1104 3596 1465 3647 obeliscorum

384 3665 559 3716 forma
596 3668 677 3717 sic
712 3666 931 3716 scribit:
974 3670 1100 3728 „est
1122 3671 1303 3717 autem
1340 3666 1466 3716 obe-

386 3733 580 3799 liscus,
633 3736 963 3801 asperrimus
1010 3735 1180 3800 lapis,
1227 3735 1285 3784 in
1333 3735 1468 3801 figu-

386 3820 502 3854 ram
553 3812 731 3856 metae
793 3804 1074 3857 cuiusdam
1137 3805 1339 3856 sensim
1396 3804 1467 3854 ad

386 3875 767 3938 proceritatem
801 3889 1134 3940 consurgens
1179 3873 1466 3935 excelsam,

384 3948 553 4008 utque
584 3944 796 3995 radium
823 3945 1066 3994 imitetur
1083 3942 1467 4007 gracilescens,

386 4012 664 4078 paulisper
698 4014 879 4078 specie
911 4011 1184 4077 quadrata
1217 4013 1276 4061 in
1310 4011 1475 4061 verti·

385 4096 503 4130 cem
527 4082 824 4145 productus
847 4086 1174 4147 angustum,
1212 4095 1375 4130 manu
1399 4080 1473 4130 le·

386 4150 606 4214 rigatus
643 4150 902 4202 artifici.“
973 4149 1141 4200 Plura
1173 4148 1277 4199 hac
1313 4150 1381 4199 de
1415 4164 1473 4198 re

389 4217 542 4268 dabit
577 4220 654 4282 is,
692 4219 784 4284 qui
816 4219 882 4270 de
921 4224 1041 4269 tota
1079 4217 1183 4267 bac
1213 4234 1271 4268 re
1306 4219 1474 4269 omni·

388 4303 478 4337 um
537 4288 947 4338 accuratissime
1005 4287 1257 4351 exposuit
1312 4301 1475 4352 opere

389 4357 682 4407 immortali
714 4356 780 4407 de
804 4358 1013 4422 origine
1036 4363 1201 4420 atque
1223 4370 1327 4406 usn
1349 4356 1475 4405 obe·

1562 1378 1847 1441 liscorum,
1892 1378 2074 1442 Zoega
2109 1378 2292 1441 (Rom.
2340 1376 2471 1426 1797
2519 1374 2647 1437 fol.)

1564 1463 1691 1513 pag.
1744 1448 1844 1498 128
1877 1462 2029 1512 seqq.
2078 1447 2175 1498 132
2211 1460 2355 1510 seq„
2393 1445 2483 1495 cni
2519 1444 2645 1495 add.

1565 1531 1704 1583 quac
1737 1517 1894 1567 affert
1918 1515 2169 1566 Mueller:
2208 1515 2427 1566 Handb.
2467 1514 2520 1565 (1.
2552 1516 2649 1565 Ar-

1566 1587 1845 1652 chaeolog.
1888 1589 1941 1649 §-
1980 1588 2100 1649 224,
2137 1585 2294 1635 Walz
2332 1585 2414 1634 in:
2450 1584 2645 1649 Pauly.

1566 1655 1984 1720 Realencyclop.
2041 1656 2109 1706 V.
2162 1671 2287 1720 pag.
2353 1654 2649 1716 797-802,
2714 1696 2719 1701 .

1564 1725 1727 1776 Birch
1763 1726 1844 1774 in:
1882 1726 2127 1775 Museum
2164 1725 2228 1774 of
2259 1722 2512 1774 classical
2544 1725 2653 1773 An·

1566 1795 1749 1860 tiquit.
1788 1796 1967 1853 (1852.
2007 1792 2214 1853 Lond.)
2262 1793 2339 1843 11.
2376 1808 2505 1857 pag.
2545 1790 2648 1841 203

1565 1879 1715 1929 seqq.
1780 1864 1863 1913 De
1890 1863 1997 1913 fine
2020 1868 2075 1912 et
2098 1862 2499 1928 significatione
2527 1861 2652 1911 obe-

1564 1933 1824 1984 liscorum
1859 1933 1908 1982 si
1943 1948 2202 1997 quaeras,
2240 1929 2473 1997 plurima
2508 1929 2651 1980 idem

1565 2005 1750 2067 Zoega
1777 2018 1905 2067 pag.
1946 2003 2040 2053 161
2080 2016 2234 2066 seqq.
2271 2001 2514 2066 praebet.
2570 2000 2651 2049 Ac

1566 2071 1810 2138 plerique
1844 2071 1942 2132 (cf.
1978 2070 2112 2121 ibid.
2152 2086 2279 2136 pag.
2322 2072 2440 2132 172,
2487 2069 2650 2119 Creu-

1569 2158 1682 2192 zerz
1708 2140 1949 2207 Symbol.
1973 2140 2021 2192 1.
2040 2156 2093 2205 p.
2117 2142 2217 2191 27⁴
2240 2140 2326 2192 ed.
2350 2138 2503 2205 tert.)
2541 2137 2650 2188 Pli-

1567 2212 1718 2260 nium
1747 2216 2048 2276 sequuntur
2074 2211 2221 2261 Hist.
2242 2211 2370 2261 Nat.
2396 2208 2646 2271 XXXVI,

1568 2280 1620 2331 8.
1652 2297 1697 2331 s.
1727 2281 1875 2344 XIV,
1909 2296 2014 2346 quo
2041 2285 2180 2330 teste
2209 2280 2324 2331 Soli
2342 2277 2650 2330 consecrati

1567 2354 1751 2414 erant,
1805 2350 1960 2400 cuius
2008 2350 2165 2415 quasi
2211 2350 2393 2400 radios
2429 2347 2650 2414 lapidea

1569 2420 1751 2485 effigie
1776 2425 2275 2503 repraesentareut;
2306 2422 2497 2502 3⁰⁹3}
2531 2421 2651 2499 ipse

1569 2488 1891 2623 {ge-„2322
1926 2489 2153 2609 33?ssss
2190 2489 2652 2623 {erarius}

1566 2633 1688 2678 tuto
1736 2627 2080 2691 colebantur,
2124 2627 2390 2677 obeliscos
2439 2632 2650 2676 erectos

1567 2712 1689 2748 esse
1739 2697 2055 2748 arbitratur.
2136 2698 2217 2747 De
2268 2703 2449 2761 etymo
2497 2695 2650 2745 vocis

1565 2766 2012 2902 {¹22f01‘3'9‘223.
2034 2765 2649 2900 ω’ἰῗὲἓζὲέῗλὲἕξξέ

1566 2905 1733 2957 Stelle
1771 2911 1876 2955 etc.
1916 2906 1960 2956 1.
1987 2921 2112 2971 pag.
2139 2906 2284 2970 438),
2323 2906 2416 2972 qui
2450 2908 2505 2954 et
2530 2904 2647 2968 ipse

1567 2976 1639 3026 ad
1690 2975 1835 3026 Solis
1889 2975 2091 3026 cultum
2141 2976 2311 3026 refert
2356 2973 2647 3034 obeliscos,

1568 3060 1632 3096 eo
1672 3046 1836 3096 etiam
1864 3061 2058 3096 nomen
2078 3045 2309 3097 relatum
2337 3043 2476 3107 vult,
2501 3042 2648 3108 quod

1565 3120 1724 3166 sonet
1770 3116 2036 3179 uben-ra,
2085 3116 2121 3167 i.
2172 3131 2219 3167 e.
2259 3115 2393 3167 Solis
2446 3114 2643 3164 radius.

1564 3184 1870 3235 Ublemann
1920 3187 2004 3235 int
2061 3185 2260 3237 Philol.
2305 3188 2539 3249 Aegypt.
2589 3198 2643 3247 p.

1565 3256 1633 3304 24
1682 3254 1949 3306 Graecum
1996 3270 2190 3305 nomen
2246 3270 2367 3305 esse
2411 3252 2652 3303 affirmat

1563 3323 1909 3389 Pliniumque
1936 3340 2148 3375 errasse
2181 3325 2398 3385 scribit,
2430 3322 2520 3386 qui
2548 3321 2651 3370 Ae·

1564 3393 1811 3458 gyptium
1846 3408 2040 3444 nomen
2076 3393 2292 3452 habuit3
2334 3391 2477 3456 quod
2505 3387 2651 3437 idem

1566 3463 1763 3512 statuit
1807 3463 2014 3512 Brunet
2060 3461 2126 3511 de
2172 3459 2360 3512 Presle
2403 3460 2649 3508 Examen

1564 3530 1744 3649 criitiq.
1777 3530 1830 3579 d.
1873 3531 2089 3595 dynast.
2112 3529 2371 3594 dNJEgypt
2396 3542 2522 3591 pag.
2559 3525 2648 3575 40.

1716 3681 1818 3724 νιος
1912 3681 1945 3714 ν
2100 3679 2125 3715 ε
2167 3679 2235 3714 ον
2270 3680 2314 3714 π
2390 3663 2500 3713 έων
2527 3653 2652 3713 ἕκα-

1613 3664 1713 3745 μῆ
1842 3659 1909 3729 μὲ
1966 3657 2098 3715 ἕκάτ
2129 3681 2161 3729 o
2318 3680 2387 3730 ηκ

1569 3727 1676 3784 τὸν
1709 3751 1761 3784 κ.
1798 3750 1846 3783 τ.
1884 3733 1955 3799 ³..J
1997 3734 2224 3784 Centum
2259 3734 2431 3785 cubiti
2478 3732 2649 3782 effici-

1570 3808 1664 3855 ent
1701 3805 1818 3866 147,
1863 3803 1950 3854 34·
1985 3802 2109 3867 ped.
2157 3804 2350 3866 Rben„
2400 3809 2524 3854 octo
2564 3817 2653 3852 cu-

1570 3873 1675 3922 biti
1712 3873 2026 3937 aequabunt
2073 3872 2153 3936 ll,
2193 3872 2277 3923 79‘
2317 3872 2440 3937 ped.
2477 3871 2650 3922 Rhen-

1571 3943 1659 3992 Ita
1704 3946 1853 3993 certe
1887 3941 2081 3991 Iacobs
2130 3910 2197 3992 de
2235 3957 2406 3993 mens.
2448 3941 2653 3992 Herod.

1574 4026 1702 4076 pag.
1751 4012 1838 4073 22,
1875 4011 1971 4075 qui
2018 4009 2257 4062 dubitari
2297 4025 2457 4076 posse
2500 4010 2655 4061 addit

1575 4080 1643 4130 de
1705 4079 1790 4129 bis
1856 4080 2149 4143 mensuris,
2220 4097 2341 4131 cum
2390 4082 2656 4131 maximus

1575 4149 1840 4210 omnium,
1901 4148 1995 4213 qni
2040 4149 2217 4201 adbuc
2277 4151 2479 4215 reperti
2525 4150 2654 4209 sint,

1575 4217 1846 4267 obeliscus
1904 4218 2257 4281 Ramessens,
2314 4220 2542 4270 Romam
2600 4223 2656 4269 et

1574 4287 1694 4404 {pse
1723 4291 2151 4405 trangporssatus,
2188 4290 2254 4339 72
2287 4289 2502 4339 cubitos
2539 4291 2657 4336 tan-

1602 4369 1690 4405 um
1726 4369 1828 4405 con
1877 4370 1978 4406 nea
2006 4391 2020 4406 .
