3109 5092
1276 387 1529 449 OLIO.
1581 391 1631 449 Ι.
1682 397 1770 454 76.
2534 392 2654 454 169

379 561 578 633 πόλιν
632 560 759 652 τὴν
801 565 878 632 ἐν
920 558 1218 656 Εὐξείνῳ
1264 560 1489 656 πόντῳ
1524 560 1812 651 μάλιστά
1845 589 1931 651 κη
1969 565 2304 651 κειμένη),
2354 567 2655 637 ἐνθαῦτα

376 664 1015 755 ἐστρατοπεδεύετο,
1079 672 1396 753 φθείρων
1437 671 1578 737 τῶν
1623 671 1905 753 Συρίων
1951 662 2109 745 τούς
2159 666 2464 756 κλήρους.
2542 674 2654 742 καὶ

380 766 515 842 εἷλε
557 770 684 859 μὲν
724 775 865 840 τῶν
890 777 1204 853 Πτερίων
1236 769 1362 859 τὴν
1402 770 1599 841 πόλιν
1635 772 1747 841 καὶ
1781 765 2322 859 ἠνδραποδίσατο
2344 823 2363 851 ,
2406 768 2544 844 εἷλε
2577 776 2652 845 δὲ

376 872 494 956 τὰς
536 881 951 961 περιοικίδας
987 872 1195 963 αὐτῆς
1241 876 1484 959 πάσας,
1536 880 1838 961 Συρίους
1875 901 1983 956 τε,
2035 870 2243 944 οὐδὲν
2282 874 2512 958 ἐόντας
2544 885 2649 948 αἰ·

376 985 591 1061 τίους,
651 975 1065 1059 ἀναστάτους
1113 982 1402 1068 ἐποίησε.
1502 983 1724 1066 Κῦρος
1781 977 1855 1048 δὲ
1898 973 2169 1066 ἀγείρας
2219 975 2341 1049 τὸν
2400 983 2656 1051 ἑωυτοῦ

377 1079 692 1167 στρατὸν,
737 1085 851 1153 καὶ
889 1080 1301 1171 παραλαβῶν
1338 1079 1494 1161 τούς
1535 1079 1782 1171 μεταξὺ
1820 1083 2161 1162 οἰκέοντας
2202 1083 2488 1171 πάντας,
2528 1082 2649 1173 ἦν·

374 1189 596 1257 τιοῦτο
621 1193 914 1278 Κροίσῳ.
964 1189 1127 1276 πρὶν
1158 1188 1233 1257 δὲ
1264 1184 1649 1269 ἐξελαύνειν
1679 1181 1963 1275 ὁρμῆσαι
1991 1183 2110 1256 τὸν
2136 1185 2454 1272 στρατὸν,
2485 1193 2650 1278 πέμ-

375 1305 505 1370 ψας
558 1288 856 1376 κήρυκας
911 1294 978 1371 ἐς
1025 1289 1184 1372 τούς
1222 1287 1497 1373 Ἴωνας,
1554 1293 1863 1374 ἐπειρᾶτο
1914 1293 2125 1379 σφέας
2178 1287 2310 1360 ἀπὸ
2354 1299 2655 1377 Κροίσου

376 1390 755 1464 ἀπιστάναι.
816 1391 1042 1475 Ἴωνες
1070 1396 1198 1484 μέν
1223 1423 1355 1464 νυν
1395 1391 1520 1465 οὐκ
1548 1397 1923 1465 ἐπείθοντο.
2008 1398 2236 1477 Κῦρος
2263 1396 2339 1466 δὲ
2375 1391 2466 1477 ὥς
2494 1394 2652 1467 ἆπί-

378 1524 563 1581 κετο,
607 1501 717 1568 καὶ
755 1494 1539 1583 ἀντεστρατοπεδεύσατο
1575 1506 1879 1589 Κροίσῳ,
1919 1500 2331 1569 ἐνθαῦτα,έν
2358 1505 2442 1590 τῇ
2475 1510 2649 1571 Πτε-

376 1607 487 1690 ρίῃ
518 1599 700 1692 χώρῃ
730 1606 1094 1692 ἐπειρῶντο
1132 1600 1303 1673 κατὰ
1327 1600 1402 1672 τὸ
1438 1600 1719 1692 ἰσχυρὸν
1747 1597 2077 1690 ἀλλήλων.
2133 1600 2342 1691 μάχης
2379 1602 2455 1674 δὲ
2486 1633 2650 1694 καρ-

368 1819 500 1854 vero
538 1805 723 1855 urbem
760 1806 996 1867 Pteriae‚
1041 1807 1192 1856 urbis
1237 1807 1462 1857 Graecis
1568 1807 1618 1857 1.
1674 1802 1916 1856 Voemel.
1965 1803 2038 1854 ad
2085 1804 2367 1856 Demosth.
2413 1807 2649 1872 Philipp.

368 1874 544 1925 minus
584 1876 839 1939 cognitae
885 1877 1048 1926 situm
1086 1875 1460 1927 declaraturus
1564 1891 1692 1940 pasc.
1731 1873 1835 1926 220
1863 1889 1978 1938 seq.
2016 1873 2154 1924 Add.
2184 1879 2323 1927 nott.
2362 1877 2433 1927 ad
2468 1877 2535 1939 V,
2562 1877 2647 1929 29.

368 1960 486 1995 cam
525 1945 593 1995 ob
633 1961 851 1996 causam
879 1945 1137 2011 appellat,
1164 1948 1307 2011 quod
1342 1948 1509 2010 ipsa·
1632 1941 1828 2001 Κῦρος
1883 1936 1959 2024 δὲ,
1998 1933 2228 2006 ἀγείρας
2282 1936 2384 1994 τὸν
2438 1936 2656 1996 ἕωυτοῦ

368 2015 578 2065 Graeca
628 2015 842 2066 colonia
898 2017 1218 2067 commercio
1263 2017 1459 2067 florens
1566 2006 2192 2073 στοατὸν-ηντιοῦτο
2219 2013 2473 2081 Κροίσῳ]
2510 2018 2653 2068 Mira

367 2084 621 2147 Graecis,
675 2086 732 2135 in
793 2100 1015 2151 quorum
1064 2101 1222 2137 usum
1260 2087 1460 2137 Noster
1564 2083 1750 2135 fabula
1785 2083 1890 2134 hac
1927 2083 1993 2135 de
2030 2099 2089 2135 re
2135 2084 2280 2148 apud
2318 2085 2541 2137 Suidam
2578 2087 2652 2138 le-

370 2154 675 2213 scribebat,
712 2156 902 2220 utique
939 2157 1173 2207 maxime
1216 2156 1322 2206 fuit
1370 2174 1459 2208 co-

367 2225 542 2287 gnita.
583 2224 665 2275 Ad
699 2226 876 2282 ipsum
900 2231 1279 2289 argumentum
1304 2231 1460 2277 nota-

364 2308 514 2356 mus,
577 2296 722 2358 quod
773 2295 829 2345 in
886 2296 1115 2347 Diodori
1170 2297 1454 2360 Excerptt.

366 2363 437 2412 ab
509 2364 648 2427 Ang.
720 2366 872 2416 Maio
936 2365 1168 2417 detectis
1242 2368 1291 2424 ,8.
1371 2366 1456 2429 29,

366 2433 433 2483 Τ.
474 2434 554 2484 11.
603 2450 658 2499 p.
706 2436 791 2486 25.
845 2435 1076 2486 relatum
1126 2436 1456 2489 invenimus:

1563 2156 1728 2219 gitur.
1768 2153 1968 2220 Cyrum
2002 2155 2144 2205 enim
2176 2153 2269 2206 ille
2302 2157 2496 2215 refert,
2534 2174 2651 2218 per-

1563 2225 1812 2275 territum
1851 2224 2040 2274 Croesi
2082 2225 2269 2286 minis,
2321 2227 2394 2278 ad
2436 2227 2648 2279 Indiam

1564 2295 1856 2359 confugere
1873 2292 2137 2356 voluissc3
2173 2311 2360 2347 verum
2387 2298 2456 2348 ab
2481 2314 2651 2350 uxore

1563 2365 1747 2415 animo
1761 2363 2155 2425 confirmatum,
2173 2366 2513 2419 sciscitatum
2527 2385 2650 2419 esse

1562 2434 1846 2486 Danielem
1882 2439 2081 2487 vatem.
2121 2436 2168 2486 A
2205 2452 2311 2501 quo
2339 2453 2462 2488 cum
2500 2454 2652 2489 acce-

365 2502 565 2564 cyrum
613 2519 735 2555 cum
800 2506 1042 2559 exercitu
1102 2521 1201 2556 suo
1245 2505 1317 2557 ad
1366 2522 1459 2557 an-

364 2579 533 2629 oeusta
586 2574 971 2633 Cappadociae
1036 2575 1159 2626 loca
1219 2576 1456 2629 delatum

360 2642 579 2704 legatos
616 2645 846 2701 misisse,
901 2647 994 2709 qni
1040 2645 1299 2697 Croesum
1347 2663 1458 2697 cer-

366 2715 560 2765 tiorem
601 2715 862 2769 facerent.
898 2715 1040 2766 velle
1073 2732 1133 2766 se
1168 2716 1246 2766 illi
1273 2715 1455 2773 (Croe—

364 2783 454 2847 so)
491 2785 729 2849 priorum
767 2785 1047 2849 culparum
1083 2787 1455 2837 remissionem

361 2854 576 2909 facere,
635 2855 951 2920 Lydiaeque
1002 2860 1256 2918 satrapen
1306 2857 1454 2907 illum

362 2924 725 2979 constituere.
793 2926 841 2974 si
906 2926 1079 2989 ipsius
1150 2925 1222 2976 ad
1273 2927 1453 2978 aulam

357 2984 485 3051 (ἐπὶ
513 2985 730 3051 θύρας)
767 2995 953 3046 venire
985 2995 1371 3060 subditumque
1394 3013 1455 3048 se

358 3063 470 3118 ipsi
530 3065 791 3127 praebere
844 3066 1028 3116 vellet.
1106 3065 1265 3125 Quod
1320 3083 1451 3117 vero

356 3133 622 3184 Croesum
660 3138 976 3195 recusasse,
1013 3136 1217 3185 Persae
1250 3140 1313 3185 nt
1347 3137 1451 3186 sihi

358 3204 659 3263 servirent,
711 3205 894 3269 potius
930 3205 1349 3270 respondentem
1387 3223 1454 3257 ac

358 3278 697 3338 poscentem.

424 3374 694 3435 φθείρων
728 3374 845 3426 τῶν
881 3376 1115 3432 Συρίων
1150 3369 1286 3435 τοὺς
1320 3370 1449 3440 κλή-

352 3444 521 3508 οουοῙ
557 3447 594 3498 i.
621 3463 670 3497 e.
702 3451 991 3516 „populum
1009 3447 1268 3512 &sm’ornm
1293 3464 1450 3509 prae-

348 3515 509 3566 dia.“
546 3516 733 3577 Syrios
771 3518 905 3568 dicit
950 3516 1264 3568 Herodotus
1303 3519 1449 3569 inco-

350 3585 439 3635 las
480 3587 643 3636 Ponti
691 3588 889 3638 Euxini
940 3603 974 3637 a
1020 3587 1316 3639 Parthenio
1357 3605 1447 3639 us-

346 3671 458 3711 one
533 3655 603 3705 ad
667 3656 1147 3718 Thermodontem,
1217 3657 1446 3709 docente

347 3724 580 3776 Bennel.
637 3726 940 3787 Geooeraph.
1001 3727 1149 3790 synt.
1205 3729 1259 3779 d.
1311 3729 1443 3778 Her.

350 3812 403 3847 n.
456 3794 611 3852 4843
667 3812 803 3859 quos
857 3802 1041 3848 tamen
1093 3797 1315 3849 colonos
1375 3814 1442 3849 ex

346 3866 597 3915 interiori
632 3864 791 3928 Syria
824 3865 883 3917 (i.
933 3882 979 3918 e.
1022 3866 1301 3923 Armenia)
1334 3868 1439 3919 huc

343 3935 625 3989 profectos
665 3936 1010 3994 crediderim;
1062 3953 1168 3992 nuo
1205 3938 1438 3987 forsitan

345 4004 502 4055 ducit
532 4004 730 4056 vocula
775 4004 985 4059 κλῆοος
1031 4006 1312 4057 Herodo‘to
1347 4007 1436 4058 hic

343 4080 631 4138 usurpata.
674 4076 761 4126 Tu
796 4075 907 4127 vid.
942 4080 1123 4169 potat.
1160 4076 1229 4127 ad
1254 4078 1299 4139 Ι,
1345 4079 1432 4128 72.

415 4168 766 4229 ἀναστάτους
800 4168 1055 4241 ἐποίησε]
1093 4179 1130 4229 i.
1180 4195 1227 4228 e.
1278 4180 1433 4239 „fun-

339 4249 483 4299 ditus
531 4246 768 4298 πρῶθ’
838 4249 1071 4298 Locutio
1128 4248 1265 4299 satis
1320 4248 1429 4299 fre·

340 4332 517 4375 quens
548 4318 604 4366 in
646 4317 976 4368 Herodoteis
1018 4317 1191 4367 libris.
1267 4316 1426 4368 Conf.

290 4440 299 4447 ,
339 4388 389 4441 ῐ.
426 4387 512 4438 97.
556 4387 672 4437 155.
711 4385 950 4451 178‚et0.
992 4386 1319 4447 Wesnolinoe.
1356 4386 1427 4436 ad

340 4456 444 4520 IV,
473 4455 595 4509 204.
638 4462 693 4507 et
726 4457 798 4508 ad
840 4456 1068 4508 Diodor.
1117 4456 1287 4514 Sicul.
1326 4457 1424 4519 xl,

1562 2507 1735 2570 pisset
1770 2520 1830 2555 se
1863 2504 2128 2556 victorem
2168 2505 2302 2568 sore,
2343 2507 2414 2558 ad
2449 2508 2649 2559 bellum

1562 2591 1684 2626 sese
1717 2590 1963 2638 parasse.

1631 2640 1770 2706 πρὶν
1809 2635 1872 2691 δὲ
1914 2632 2233 2703 ἐξελαύνειν
2267 2632 2511 2710 ὁρμῆσαι
2547 2638 2650 2696 τὸν

1560 2704 1824 2775 στρατὸν]
1859 2712 1895 2762 i.
1927 2728 1975 2763 e.
2005 2717 2338 2777 „priusquam
2375 2718 2651 2766 exer-citimi

1556 2785 1776 2834 educere
1809 2781 2176 2845 instindsset‚“
2211 2783 2304 2833 ubi
2330 2774 2651 2838 ἐξελαύνειν

1556 2854 1775 2904 minime
1809 2852 2129 2909 oelossatoris
2174 2869 2324 2915 esse,
2369 2855 2650 2925 bene-iam

1556 2925 1769 2974 monuit
1787 2922 2202 2980 wesselinoeius,
2240 2925 2540 2975 amandatis
2579 2927 2650 2978 ad

1555 2994 1689 3055 VII,
1731 2993 1830 3044 105
1875 2991 1997 3044 coll.
2045 2992 2359 3051 V111‚106.
2399 2994 2530 3046 Cum
2562 3013 2650 3047 eo-

1558 3063 1678 3114 dem
1713 3061 2077 3125 Wesselingio
2106 3063 2335 3123 aliisque
2368 3080 2493 3116 mox
2518 3067 2650 3118 scri-

1556 3134 1763 3197 psimus
1801 3124 2053 3196 κήρυκας
2100 3138 2156 3184 et
2197 3126 2443 3198 κήρυκα,
2482 3151 2649 3187 sensu

1556 3202 1888 3266 postulante,
1912 3201 2010 3252 sed
2035 3203 2200 3259 naulo
2234 3208 2361 3268 post
2395 3221 2492 3269 pro
2517 3197 2649 3256 ἄπι-

1558 3264 1827 3333 στάμεναι
1863 3272 1988 3323 dedi
2023 3265 2349 3337 ἀπιστάναι,
2384 3278 2448 3325 ut
2489 3277 2535 3338 1,
2560 3277 2644 3339 17,

1555 3343 1651 3393 ubi
1687 3343 1801 3393 vid.
1842 3346 1983 3393 nott.

1624 3401 1932 3462 ἕπειοοόατο
1967 3403 2113 3461 κατὰ
2159 3403 2222 3461 τὸ
2279 3403 2517 3474 ἰσχυρὸν
2552 3402 2648 3461 άλ-

1549 3473 1761 3545 λήλων]
1822 3482 1862 3531 i.
1922 3498 1972 3532 e.
2038 3496 2137 3544 pro
2187 3482 2377 3533 viribus
2432 3497 2648 3544 puanam

1544 3550 1994 3615 periclitabantm·‚
2023 3567 2067 3600 s.
2097 3553 2159 3601 ut
2194 3550 2360 3612 vuloeo
2396 3554 2645 3602 vertunt:

1548 3622 1758 3681 „valido
1800 3622 1985 3681 {mpetu
2038 3622 2175 3670 vires
2224 3622 2428 3672 invicem
2481 3629 2648 3671 tenea-

1549 3690 1724 3741 rmtt.“
1810 3689 2018 3754 Scripsi
2091 3680 2432 3748 ἐπειρῶντο,

1546 3761 1725 3824 ipsum
1759 3759 1883 3810 aliis
1926 3774 2142 3825 quoque
2175 3758 2313 3810 locis
2352 3758 2498 3817 apud
2537 3761 2647 3811 He-

1542 3829 1794 3881 rodotum
1839 3830 2123 3893 reperitur,
2184 3844 2218 3879 a
2261 3829 2535 3881 Bredovio
2589 3847 2644 3891 p.

1543 3899 1648 3951 388
1692 3898 1904 3950 allatis:
1960 3899 2056 3959 IV,
2112 3898 2233 3949 203.
2287 3899 2355 3963 V,
2412 3900 2498 3951 20.
2548 3899 2641 3951 85.

1538 3969 1817 4031 VI1‚139.
1843 3970 1940 4029 IX,
1978 3969 2065 4020 26.
2101 3968 2186 4021 33.
2224 3968 2341 4029 53„
2382 3970 2634 4035 Quodque

1539 4041 1705 4090 etiam
1742 4040 1932 4096 reponi
1969 4038 2150 4088 voluit
2197 4038 2348 4101 Eltz,
2397 4040 2505 4090 iam
2545 4055 2633 4090 su-

1537 4125 1636 4162 nra
1686 4109 1756 4160 ad
1813 4110 1859 4166 Ι,
1907 4107 1979 4159 68
2023 4107 2301 4177 laudatus.

1530 4179 1660 4229 libri
1696 4170 2027 4240 ἕπειροίατο,
2078 4179 2224 4242 quod
2276 4178 2626 4230 Gaisfordius

1531 4252 1832 4301 receperat.
1920 4248 2162 4299 Dindorf
2237 4248 2481 4300 Praefat.
2568 4264 2621 4312 p.

1529 4318 1789 4369 XXVIII.
1837 4332 2025 4367 verum
2059 4318 2225 4367 habet
2278 4306 2619 4374 ἔπειρέοντο.

1529 4387 1616 4438 Ad
1650 4385 1978 4437 locutionem
2004 4378 2187 4444 ιιάκης
2222 4384 2498 4445 καοτεοῆς
2533 4399 2617 4433 νε-

1530 4453 1777 4520 νομένης
1810 4454 2053 4518 Elmsley
2089 4454 2189 4519 (ad
2225 4453 2473 4518 Euripid.
2507 4455 2616 4504 He-

2498 3691 2648 3756 qnod

2395 4111 2630 4166 Quidam
