3109 5092
452 241 577 307 888
1243 231 1780 299 EXOURSUS
1826 233 1950 293 XV

1171 685 1816 767 EXOURSUS
1874 685 2023 762 XV

887 861 1059 926 AD
1145 855 2297 940 HERODOT.11‚159.

546 1167 664 1231 Καὶ
698 1164 950 1250 Σύροισι
978 1157 1188 1253 πεζῇ
1166 1190 1198 1228 ο
1234 1156 1445 1241 Νεκῶς
1473 1155 1794 1248 συμβαλὼν
1833 1163 1898 1226 ἕν
1934 1157 2246 1249 Μαγδόλῳ
2290 1159 2550 1239 ἐνίκησε·
2597 1184 2746 1241 μετα

717 1270 781 1334 δὲ
808 1260 921 1348 τὴν
953 1264 1149 1348 μάχην
1172 1263 1441 1329 Κάδυτιν
1470 1263 1650 1329 πόλιν
1680 1269 1788 1345 τῆς
1814 1268 2041 1349 Συρίης
2071 1264 2288 1327 ἐοῦσαν
2311 1258 2575 1344 μεγάλην
2599 1258 2741 1325 εἷλε.

631 1429 932 1500 Magdolus
972 1428 1107 1480 urbs
1137 1430 1467 1479 memoratur
1494 1424 1550 1477 in
1582 1424 1848 1478 Antonin.
1880 1423 2070 1478 itiner.
2102 1444 2158 1494 p.
2192 1426 2297 1483 178
2325 1422 2611 1476 duodecim
2640 1424 2741 1477 mi-

462 1514 610 1567 libus
643 1520 851 1566 remota
877 1531 910 1565 a
941 1511 1168 1564 Pelusio
1201 1511 1468 1564 orientem
1503 1525 1738 1577 versus3
1782 1510 1930 1563 unde
1963 1510 2087 1562 iure
2116 1510 2173 1561 in
2203 1506 2463 1560 confiniis
2493 1506 2742 1579 Aegypti

461 1598 743 1652 inferioris
775 1598 990 1667 Syriam
1023 1614 1222 1650 versus
1254 1595 1361 1648 erit
1388 1594 1724 1648 collocanda.
1784 1595 1905 1648 Nec
1935 1594 2043 1646 alia
2074 1600 2181 1662 est,
2220 1609 2365 1662 quae
2395 1610 2428 1644 a
2455 1592 2741 1663 Stephano

463 1683 776 1751 Byzantino
816 1683 1093 1736 indicatur
1134 1700 1181 1733 s.
1215 1699 1271 1735 v.
1316 1686 1374 1734 et
1403 1680 1458 1732 in
1492 1696 1684 1733 sacrae
1716 1679 2026 1749 scripturae
2057 1678 2271 1749 aliquot
2299 1676 2470 1745 locis,
2514 1679 2610 1731 ubi
2637 1697 2741 1731 vo-

462 1773 621 1821 catur
636 1763 842 1840 b'wwzng.
885 1768 1011 1820 Vid.
1030 1768 1241 1820 Gesen.
1265 1765 1321 1818 in
1338 1764 1528 1819 Lexic.
1547 1763 1807 1817 Hebraic.
1832 1783 1887 1834 p.
1903 1769 2006 1824 429
2030 1762 2153 1816 coll.
2170 1760 2471 1832 champoll.
2486 1762 2739 1834 l'Egypt.

463 1872 510 1905 s.
537 1852 572 1904 l.
597 1853 761 1905 Phar.
785 1853 858 1905 ΙΙ.
889 1871 943 1924 p.
969 1855 1039 1914 79
1068 1856 1124 1904 et
1145 1850 1408 1904 Valcken.
1434 1849 1493 1901 in
1527 1849 1830 1919 scriptione
1859 1866 1980 1902 mox
2008 1847 2283 1900 laudanda
2312 1851 2363 1912 s.
2389 1851 2443 1907 7.
2467 1851 2521 1906 9.
2555 1866 2610 1918 p.
2635 1852 2742 1907 159

464 1955 583 2007 seq.
645 1937 723 1989 Et
761 1942 927 1990 vetus
972 1953 1166 1989 nomen
1211 1935 1268 1988 in
1313 1935 1581 1987 hodierna
1624 1933 1733 1986 loci
1771 1933 2139 2005 appellatione
2180 1934 2291 1986 Rus
2332 1935 2382 1986 el
2420 1932 2610 2001 Maseli
2648 1932 2737 2003 (in

465 2020 719 2074 orientali
759 2038 822 2074 ac
852 2019 1195 2074 meridionali
1229 2037 1458 2073 recessu
1497 2018 1651 2070 lacus
1681 2017 2000 2085 Menzaleh)
2041 2017 2215 2070 latere
2258 2017 2535 2069 existimat
2574 2017 2741 2070 Man-

464 2112 618 2159 nert=
656 2106 865 2174 Geogr.
905 2104 959 2157 d.
994 2106 1097 2157 Gr.
1134 2122 1188 2157 u.
1223 2104 1412 2157 Roem.
1444 2102 1513 2169 X,
1544 2110 1597 2161 l
1631 2121 1685 2172 p-
1717 2107 1842 2162 489.

633 2189 744 2241 Sed
787 2191 855 2243 ab
900 2207 966 2242 ea
1006 2189 1143 2242 urbe
1173 2189 1348 2260 probe
1378 2186 1777 2255 distinguenda
1805 2193 1895 2240 est
1925 2186 2032 2239 alia
2060 2187 2231 2253 urbs,
2274 2203 2417 2255 quae
2459 2185 2515 2237 in
2562 2186 2743 2239 sacris

463 2273 639 2325 literis
680 2272 990 2343 appellatur
1027 2270 1182 2358 ''a-1273
1222 2272 1344 2325 sive
1385 2266 1706 2342 Μαγεδδώ,
1743 2271 1812 2324 ad
1840 2271 2274 2325 Manassitarum
2327 2270 2529 2324 tribum
2567 2270 2742 2341 perti-

465 2374 622 2425 nens,
654 2357 723 2409 ad
751 2363 984 2410 montem
1017 2334 1323 2410 Carmelum
1352 2356 1477 2425 sita,
1514 2372 1581 2408 ex
1610 2373 1721 2426 quo
1750 2357 1873 2426 ipso
1905 2355 2214 2427 porrigitur
2242 2355 2503 2426 planities
2536 2358 2743 2424 lessi-cl,

461 2444 521 2494 in
563 2460 671 2512 qua
701 2442 899 2495 Iosiam
928 2460 960 2494 a
989 2442 1218 2495 Necone
1260 2441 1465 2495 victum
1499 2440 1682 2493 fuisse
1713 2440 1818 2493 loci
1861 2458 2054 2493 sacrae
2096 2439 2409 2510 scripturae
2438 2457 2611 2510 supra
2650 2441 2741 2513 (in

463 2534 603 2579 nott.
629 2527 699 2579 ad
721 2527 796 2594 ΙΙ,
817 2526 946 2594 159)
974 2526 1181 2579 laudati
1220 2526 1502 2579 evincunt.
1560 2525 1812 2597 Namque
1848 2525 1982 2578 haec
2013 2524 2293 2594 planities,
2325 2542 2470 2595 quae
2497 2541 2529 2576 a
2557 2534 2742 2579 monte

464 2611 714 2664 Carmelo
753 2612 1189 2710 septentrionem
1227 2617 1394 2682 atque
1427 2610 1696 2663 orientem
1729 2627 1932 2664 versus
1963 2610 2033 2662 ad
2068 2609 2367 2663 Iordanum
2400 2626 2596 2708 usque
2611 2628 2743 2680 pro-

462 2696 743 2762 tenditur,
793 2696 843 2749 ei
886 2712 1185 2766 sanequam
1230 2694 1562 2767 permeanda
1603 2698 1720 2764 est,
1766 2695 1864 2765 qui
1895 2712 1962 2747 ex
1992 2693 2247 2764 Aegypto
2277 2676 2596 2762 Assyriam
2601 2695 2745 2765 petit

462 2787 630 2849 atque
659 2780 1049 2848 Babyloniam,
1095 2781 1338 2851 indeque
1372 2779 1465 2831 illa
1494 2778 1750 2849 pluribus
1778 2778 2008 2850 proeliis
2040 2786 2097 2831 et
2135 2779 2372 2849 plurium
2404 2797 2595 2848 regum
2631 2779 2743 2833 cla-

463 2864 626 2918 dibus
665 2864 908 2933 insignis
952 2865 1075 2917 fuit.
1137 2866 1304 2918 Nunc
1347 2870 1581 2917 vocatur
1611 2864 1860 2919 Mer-doch
1893 2866 2198 2931 Iba-Aruer,
2242 2864 2280 2916 i.
2318 2882 2367 2915 e.
2404 2875 2625 2935 pratum
2642 2867 2751 2936 filia·

464 2950 659 3001 Amet-i.
715 2946 884 2999 Plura
913 2949 1068 3000 Iahn.
1100 2948 1365 3001 Biblisch.
1400 2946 1764 3017 Arcbaeolog.
1797 2949 1842 3001 Ι.
1873 2953 2049 3018 p.142
2079 2954 2135 3000 et
2160 2948 2560 3002 Rosenmt'iller.
2594 2950 2740 3003 Bibl.

462 3030 987 3083 Alterthumskunde
1013 3031 1086 3099 ΙΙ,
1116 3038 1165 3097 1,
1208 3050 1261 3101 p.
1297 3035 1399 3091 149
1429 3031 1551 3083 coll.
1587 3031 1850 3085 Valcken.
1888 3033 1923 3085 Ι.
1959 3032 1995 3086 l.
2028 3037 2081 3098 S.
2114 3040 2199 3092 10.
2238 3051 2293 3102 p.
2314 3037 2417 3091 160
2441 3051 2560 3104 seq.
2590 3033 2745 3087 Rau·

460 3132 602 3168 mer:
638 3113 937 3167 Palaestin.
975 3132 1030 3184 p.
1064 3118 1153 3173 35.
1181 3120 1279 3174 142
1307 3114 1393 3166 ed.
1426 3121 1553 3167 tert.
1591 3115 1817 3168 Winer=
1850 3116 1993 3169 Bibl.
2024 3116 2533 3170 Realworterbuch.
2565 3119 2636 3172 Τ.
2664 3119 2745 3171 11.

463 3219 511 3253 a.
548 3219 604 3252 v.
637 3198 918 3267 Megiddo.
983 3198 1143 3251 Hanc
1171 3217 1308 3251 vero
1340 3197 1617 3267 planitiem
1651 3199 1709 3251 in
1738 3200 2060 3253 Herodoteo
2093 3201 2240 3268 loco,
2275 3200 2369 3253 ubi
2402 3205 2473 3255 ad
2500 3203 2744 3274 Magdo-

461 3288 572 3339 lum
602 3302 782 3353 regem
811 3282 1096 3337 victoriam
1128 3291 1447 3353 reportasse
1476 3282 1740 3352 legimus,
1776 3284 2189 3353 intelligendam
2218 3303 2344 3337 esse
2377 3286 2465 3339 vix
2496 3287 2743 3355 dubium,

463 3376 588 3437 aut,
639 3375 702 3422 ut
728 3368 1081 3421 Valckenarii
1113 3373 1239 3421 utar
1267 3369 1489 3435 verbis,
1532 3373 1660 3420 tuto
1693 3369 1965 3422 adfirmari
2007 3371 2167 3437 licet,
2214 3386 2334 3422 cum
2366 3370 2436 3423 de
2463 3369 2746 3442 Aegyptia

463 3455 600 3507 urbe
624 3452 883 3520 Magdolo
909 3472 978 3506 ne
1003 3453 1354 3522 cogitandum
1384 3452 1606 3522 quidem
1631 3453 1723 3521 sit,
1756 3454 2008 3524 quamvis
2041 3472 2233 3508 nomen
2264 3453 2444 3524 ipsum
2466 3456 2743 3527 Magdoli,

464 3538 612 3607 quod
651 3537 798 3607 apud
826 3536 1168 3590 Herodotum
1199 3543 1413 3605 exstat,
1458 3537 1633 3606 magis
1664 3539 1959 3590 conveniat
2003 3539 2204 3608 oppido
2235 3538 2295 3591 in
2325 3539 2570 3609 Aegypti
2609 3558 2742 3593 con-

462 3621 612 3674 finiis
645 3621 772 3673 sito.
836 3621 1004 3685 Quod
1044 3622 1146 3674 hoc
1170 3621 1491 3674 Herodoteo
1519 3620 1640 3674 loco
1668 3623 1764 3692 qui
1807 3622 2227 3691 intelligendum
2256 3640 2382 3677 esse
2423 3631 2741 3695 censerent,

463 3705 609 3757 haud
642 3705 861 3775 quidem
892 3706 1151 3774 defuere,
1198 3722 1390 3758 sacrae
1420 3706 1729 3775 scripturae
1759 3705 1926 3775 locis,
1972 3707 2065 3759 uhi
2096 3708 2360 3780 Megiddo
2389 3716 2740 3777 memoratur,

459 3788 540 3840 ita
579 3790 954 3857 commutatis,
998 3796 1062 3843 ut
1106 3807 1227 3843 cum
1269 3790 1517 3860 ipsorum
1559 3789 1840 3843 sententia
1878 3792 2263 3846 convenirent.
2323 3792 2491 3845 Conf.
2522 3793 2739 3846 Roseu-

459 3870 669 3924 miiller.
704 3871 740 3924 l.
771 3872 808 3925 l.
857 3873 931 3940 Π,
963 3879 1015 3931 2.
1049 3893 1104 3943 p.
1135 3878 1340 3944 99seq.
1374 3879 1490 3926 not.
1521 3878 1643 3932 204.
1704 3874 1778 3926 At
1804 3891 1937 3928 vero
1966 3883 2189 3946 praeter
2218 3876 2462 3929 codicum
2497 3877 2739 3930 auctori-

459 3960 629 4008 tatem
664 3956 788 4024 ipsa
819 3956 1135 4027 obloquitur
1164 3976 1285 4027 res,
1328 3975 1448 4011 cum
1483 3959 1550 4010 ab
1594 3957 1736 4010 omni
1768 3959 2050 4012 verisimili
2081 3961 2373 4015 abhorreat
2394 4000 2411 4028 ,
2454 3961 2741 4014 Iudaicum

459 4059 647 4110 regem
676 4057 854 4110 usque
880 4039 948 4092 ad
976 4040 1218 4112 Aegypti
1249 4042 1488 4095 confinia
1519 4042 1733 4095 obviam
1762 4042 1936 4097 ivisse
1962 4043 2530 4114 Aegyptiorum'regi‚
2574 4061 2739 4114 quem

460 4126 648 4195 potius
690 4142 724 4178 a
765 4124 1006 4177 transitu
1036 4143 1136 4194 per
1171 4130 1374 4178 terram
1403 4126 1675 4180 Iudaicam
1714 4126 1886 4196 ipsam
1931 4129 2314 4199 prohibiturus
2356 4132 2477 4183 erat
2505 4129 2560 4180 in
2592 4146 2737 4181 cam·

456 4209 573 4279 pis,
606 4228 706 4279 per
735 4225 875 4279 quos
905 4207 1088 4262 aditus
1124 4213 1341 4277 pateret
1370 4210 1439 4261 ad
1464 4210 1768 4278 Assyriam.
1823 4212 1985 4282 Quae
2017 4230 2135 4265 cum
2164 4213 2241 4265 ita
2273 4213 2408 4280 sint,
2447 4211 2735 4284 proelium,

455 4292 524 4345 de
554 4310 665 4366 quo
695 4293 909 4363 agitur,
961 4292 1018 4346 in
1047 4294 1248 4363 campis
1280 4312 1454 4365 prope
1493 4295 1753 4367 Megiddo
1801 4297 2143 4351 commissum
2187 4314 2313 4350 esse
2342 4297 2435 4352 vix
2476 4296 2735 4368 dubium3
