3109 5092
523 330 647 394 708
1381 327 1919 390 ΗΕΒΟΒΟΤΙ

525 517 814 579 Νείλου·
873 505 1496 595 διαπεραιωθέντας
1533 502 1609 570 δὲ
1647 499 1768 570 τὸν
1809 483 2112 589 ποταμὸν
2153 503 2448 567 πλοίοισι
2495 497 2655 579 τούς
2696 505 2806 569 λί-

524 624 696 691 θους
725 612 1004 697 ἑτέροισι
1035 610 1221 689 ἔταξε
1249 608 1684 688 ἐκδέκεσθαι,
1714 607 1825 672 καὶ
1847 602 2014 693 πρὸς
2041 600 2118 671 τὸ
2134 599 2442 689 Λιβυκὸν
2468 602 2805 692 καλεύμε-

525 741 651 785 νον
679 711 854 802 ὄρος,
884 709 1048 801 πρὸς
1074 714 1272 779 τοῦτο
1300 712 1542 778 ἕλκειν.
1601 706 1953 796 ἐργάζοντο
1983 704 2060 774 δὲ
2085 703 2255 773 κατὰ
2285 707 2450 774 δέκα
2468 705 2809 795 μυριάδας

525 816 918 905 ἀνθρώπων
957 815 1090 882 αἰεὶ
1120 810 1245 901 τὴν
1270 820 1598 901 τρίμηνον
1626 810 1931 898 ἑκάστην.
2018 808 2267 897 χρόνον
2296 809 2372 877 δὲ
2400 810 2805 896 ἐγγενέσθαι

525 920 901 1010 τριβομένῳ
940 922 1033 1008 τῷ
1063 921 1226 1008 λεῷ·
1298 917 1460 983 δέκα
1488 914 1616 1001 μὲν
1654 920 1805 982 ἔτεα
1831 918 1948 1000 τῆς
1984 906 2189 996 ὁδοῦ,
2251 908 2398 979 κατ’
2442 908 2531 999 ἢν
2576 907 2807 981 εἷλκον

526 1019 684 1102 τούς
712 1028 954 1099 λίθους
981 1016 1107 1106 τὴν
1135 1023 1448 1106 ἔδειμαν,
1479 1022 1682 1107 ἔργον
1710 1013 1824 1084 ἐὰν
1850 1011 1933 1083 οὐ
1960 1019 2189 1106 πολλῷ
2217 1017 2344 1107 τέῳ
2375 1020 2660 1084 ἔλασσον
2687 1021 2806 1102 τῆς

526 1185 669 1236 τέων
706 1201 756 1235 κ.
787 1201 834 1234 τ.
864 1185 910 1234 λ.
916 1183 938 1249 ]
964 1184 1139 1234 Simili
1162 1185 1322 1235 modo
1352 1185 1409 1233 in
1438 1199 1614 1263 seqq.:

527 1247 706 1332 πρὸς
773 1246 848 1303 τὸ
909 1254 989 1301 Aa.
1051 1245 1222 1302 υκὸν
1279 1251 1400 1302 καλ.
1459 1244 1615 1316 ὄρος,

529 1316 707 1386 πρὸς
741 1319 958 1371 τοῦτο
1018 1320 1187 1371 λκειν.
1261 1322 1388 1372 Vid.
1415 1321 1614 1371 Matth.

529 1393 623 1443 Gr.
663 1391 755 1442 Gr.
793 1405 921 1456 pag.
959 1391 1061 1440 877
1113 1396 1167 1440 et
1215 1390 1613 1456 conf.1aeg·er.

1718 1183 1968 1244 XXXVI,
2020 1182 2101 1244 17,
2147 1180 2181 1232 3
2234 1180 2495 1230 maiorem
2540 1180 2678 1231 adeo
2722 1181 2808 1231 fu·

1719 1253 1830 1303 isse
1863 1256 2076 1312 narrat,
2115 1265 2236 1300 cum
2272 1250 2556 1301 Herodoto
2577 1265 2807 1300 consen-

1717 1323 1788 1370 tit
1822 1320 2097 1371 Diodorus
2134 1321 2181 1382 1,
2218 1318 2306 1369 63.

1789 1383 2001 1453 χρόνον
2036 1383 2100 1437 δὲ
2137 1356 2466 1453 ίἸγενέσθαι
2491 1384 2807 1454 τριβομένῳ

528 1461 772 1524 Disputt.
815 1459 1059 1510 Herodd.
1107 1475 1234 1524 pag.
1274 1460 1358 1522 17,
1409 1462 1502 1523 qui
1547 1474 1614 1508 ex
1714 1457 1793 1508 tui
1831 1456 1963 1525 λεῷ]
2001 1458 2114 1508 Cfr.
2132 1457 2334 1508 Siebel.
2368 1457 2440 1507 ad
2466 1458 2707 1507 Psusau.
2736 1458 2806 1518 X,

529 1527 839 1579 istiusmodi
897 1529 1313 1593 repetitionibus
1384 1528 1613 1591 colligit,

529 1598 864 1648 Herodotum
892 1613 1075 1648 senem
1124 1613 1261 1661 opus
1296 1612 1452 1647 suum
1495 1611 1619 1647 con-

528 1667 834 1732 scripsisse.
909 1666 1243 1718 Herodotum
1283 1667 1339 1715 in
1384 1666 1470 1716 his
1519 1681 1617 1730 pro

529 1750 679 1785 more
723 1734 968 1783 imitatus
1008 1741 1092 1781 est
1136 1735 1471 1793 Pausanias,
1525 1749 1620 1778 no-

529 1808 685 1853 tante
719 1801 918 1853 Siebel.
963 1800 1033 1851 ad
1084 1801 1131 1863 1,
1187 1802 1264 1850 10.
1306 1803 1358 1862 §-
1408 1802 1463 1850 4.
1533 1799 1619 1847 De

530 1877 712 1922 monte
733 1871 961 1921 Arabico
996 1868 1053 1934 (i.
1080 1885 1126 1920 e.
1148 1870 1474 1930 Mocattam)
1504 1866 1618 1918 vid.

532 1946 670 1991 nott.
719 1941 789 1990 ad
827 1940 905 2000 11,
954 1939 1005 1989 3.
1078 1940 1394 1989 Etiamnum
1442 1937 1500 1986 in
1542 1935 1619 1985 la-

530 2009 748 2074 pidibus
782 2009 1017 2073 vestigia
1052 2006 1401 2058 latomiarum
1436 2019 1621 2069 super-

531 2094 654 2128 esse
672 2081 948 2127 testantur
971 2076 1287 2127 recentioris
1308 2077 1509 2127 aetatis
1528 2089 1620 2138 pe-

529 2149 920 2212 regrinatores,
963 2160 1190 2210 quorum
1222 2144 1375 2195 locos
1410 2146 1621 2210 profert

531 2216 717 2280 Zoega
762 2215 829 2264 de
871 2213 1126 2264 obeliscc.
1176 2228 1302 2278 pag.
1349 2214 1452 2265 400
1498 2217 1616 2263 not.

533 2284 623 2335 20.
704 2282 940 2333 Easdem
987 2297 1118 2331 vero
1163 2281 1489 2345 lapicidinas
1537 2284 1619 2333 in·

532 2351 742 2402 tellexit
790 2351 1005 2415 Ioseph.
1056 2365 1106 2400 c.
1155 2351 1351 2414 Apion.
1396 2352 1443 2401 1.
1494 2367 1559 2401 ca

533 2421 604 2472 26
632 2413 732 2475 τὰς
774 2418 1113 2497 λιθοτομίας
1146 2420 1392 2470 scribens
1426 2412 1524 2476 τὰς
1588 2434 1620 2468 ν

534 2486 613 2553 τῷ
628 2480 772 2551 πρὸς
786 2477 1073 2551 ἀνατολὴν
1088 2482 1242 2551 μέρει
1261 2502 1364 2537 του
1345 2486 1616 2539 Νείλου.

535 2558 651 2640 Qui·
676 2557 817 2606 idem
852 2572 978 2623 pag.
1027 2558 1126 2607 411
1166 2561 1315 2608 recte
1364 2557 1616 2608 coniicit.

535 2627 604 2678 de
634 2627 702 2676 iis
742 2631 954 2676 tantum
972 2625 1272 2691 lapidibus,
1306 2627 1500 2693 quibus
1525 2643 1621 2691 py-

532 2696 799 2747 ramidum
845 2696 1018 2746 facies
1076 2695 1277 2745 suerint
1335 2700 1620 2747 contectae

535 2766 637 2829 (11,
663 2765 804 2829 125),
847 2764 1230 2828 intelligendos
1261 2780 1382 2815 esse
1407 2771 1619 2815 veteres

534 2835 855 2898 scriptores,
915 2834 1007 2897 qui
1048 2847 1155 2883 uno
1189 2848 1459 2884 consensu
1507 2834 1620 2883 fere

535 2907 814 2962 asserant,
850 2900 1161 2965 lapicidinis
1191 2904 1247 2951 in
1271 2902 1506 2953 Arabico
1542 2902 1621 2952 la·

534 2975 651 3019 tere
687 2971 1026 3031 potissimum
1056 2983 1187 3018 usos
1212 2970 1382 3020 fuisse
1404 2970 1619 3021 illarum

535 3036 864 3095 conditorem
912 3052 1039 3087 nam
1073 3037 1312 3100 lapidem
1343 3038 1468 3088 inde
1500 3055 1622 3104 pro-

533 3109 770 3154 tractum
808 3105 877 3154 ob
920 3106 1373 3169 praestantiorem
1415 3122 1481 3157 ac
1526 3124 1621 3173 po-

532 3173 729 3223 liturae
764 3173 939 3238 magis
975 3173 1226 3223 idoneam
1259 3180 1511 3225 naturam
1547 3177 1619 3227 ad

531 3241 845 3307 pyramidas
880 3241 1191 3292 vestiendas
1211 3242 1514 3308 praelatum
1540 3247 1622 3297 fu-

533 3312 674 3373 isse,
713 3327 835 3361 cum
856 3312 929 3362 ad
958 3310 1154 3361 molem
1187 3313 1617 3364 coacervandam

534 3379 850 3432 sufficereut
884 3396 1021 3431 saxa
1055 3397 1119 3431 ex
1157 3381 1276 3447 ipso
1294 3387 1493 3444 monte,
1531 3384 1617 3435 cui

533 3455 938 3514 super-structae
952 3451 1080 3500 sint.
1099 3477 1156 3487 —
1179 3451 1246 3500 In
1269 3451 1451 3502 verbis
1463 3468 1615 3518 seqq.

533 3515 1063 3584 διαπεραιωθέντας
1074 3547 1139 3556 -
1152 3511 1484 3570 ἐκδέκεσθαι
1499 3537 1621 3586 par-

533 3588 780 3653 ticipium
804 3583 1332 3651 διαπεραιωθέντας
1345 3590 1440 3650 (cf
1454 3591 1619 3641 etiam

532 3656 814 3723 V111,25)
855 3659 1088 3723 pertinet
1123 3658 1192 3708 ad
1217 3652 1354 3714 τοὺς
1386 3656 1616 3723 λίθους,

534 3741 658 3776 cum
688 3727 797 3778 1οοί
830 3742 1023 3778 sensus
1058 3728 1148 3778 hic
1182 3727 1294 3780 fere
1329 3727 1427 3776 sit.
1468 3733 1620 3790 „-tra

531 3795 707 3845 iectos
743 3797 981 3861 navigiis
1020 3813 1117 3861 per
1164 3796 1364 3846 flumen
1407 3795 1617 3861 lapides

533 3862 660 3914 aliis
691 3865 982 3929 imperavit
1009 3870 1072 3915 ut
1089 3867 1460 3930 exciperent&
1533 3868 1618 3916 De

535 3937 720 3982 monte
765 3933 986 3997 Libyco,
1033 3936 1187 3984 cuius
1235 3949 1360 3983 mox
1414 3935 1617 3986 mentio

535 3998 622 4060 fit,
661 4000 808 4050 conf.
842 4001 920 4061 11,
953 4003 987 4052 8
1015 4002 1200 4080 ibique
1231 4006 1373 4053 nott.

607 4035 920 4132 ἐργάζοντο
939 4063 1003 4116 δὲ
1038 4064 1210 4120 κατὰ
1246 4068 1386 4120 δέκα
1418 4063 1618 4135 μυριά-

532 4132 658 4202 δας]
694 4138 849 4187 Haec
889 4136 1211 4201 explicanda
1255 4144 1384 4190 sunt
1429 4154 1621 4189 secun-

535 4203 663 4254 dum
698 4220 789 4266 ea,
825 4221 965 4270 quae
999 4208 1205 4258 monuit
1239 4209 1485 4273 Krueger
1522 4208 1618 4260 Gr.

535 4273 628 4323 Gr.
670 4271 719 4334 §-
757 4275 861 4326 413
898 4279 1014 4326 not.
1059 4275 1244 4325 1.1n
1295 4277 1413 4340 ipso
1448 4277 1619 4326 homi·

533 4356 661 4392 num
697 4357 948 4408 numero,
988 4358 1147 4409 quem
1189 4343 1399 4395 Plinius
1435 4346 1509 4395 Η.
1544 4345 1613 4395 Ν.

1720 1509 1953 1588 18.§.2‚
1990 1528 2084 1592 qui
2113 1532 2297 1578 monet
2325 1528 2380 1576 in
2404 1526 2571 1576 verbo
2598 1519 2811 1589 ἐγγενὲ-

1721 1596 1863 1646 σθαι
1900 1596 2081 1648 inesse
2115 1595 2575 1662 significationem
2603 1601 2811 1659 tempo-
2842 1618 2848 1623 ·

1719 1667 1823 1726 ris,
1862 1666 2006 1730 quod
2026 1666 2357 1726 intercedat,
2391 1663 2675 1730 longioris,
2713 1663 2813 1714 ad-

1720 1735 1836 1779 dito
1874 1734 2061 1784 dativo
2110 1734 2199 1783 vel
2242 1733 2507 1795 hominis,
2554 1733 2673 1794 cui,
2718 1732 2813 1782 vel

1721 1800 1827 1860 rei,
1866 1800 1922 1848 iu
1956 1813 2065 1864 qua
2098 1797 2236 1848 illud
2270 1803 2641 1849 consumatur.
2716 1799 2813 1849 Sic

1720 1882 1888 1932 supra
1923 1866 2118 1930 1,190
2163 1859 2375 1930 χρόνον
2419 1858 2809 1930 ἐγγινομένου,

1718 1937 1814 1986 ubi
1849 1936 2082 1986 afferunt
2109 1936 2489 1996 Herodot.11,
2541 1938 2640 1988 175
2688 1935 2810 2000 (ubi

1720 2007 1865 2055 conf.
1896 2005 2061 2069 nott.)
2100 2010 2156 2055 et
2190 2005 2407 2055 Platon.
2432 2005 2713 2056 Phaedon.
2749 2021 2807 2069 p.

1719 2074 1790 2126 86
1824 2076 1891 2125 Ε.
1966 2076 2073 2124 Pro
2109 2073 2260 2140 vulg.
2298 2071 2415 2140 λαῷ
2452 2075 2649 2139 scripsi
2678 2076 2812 2125 Bre-

1720 2144 1942 2194 dovium
1978 2147 2200 2194 secutus
2243 2158 2372 2220 pag.
2425 2142 2524 2193 138
2558 2141 2697 2209 λεῷ,
2745 2149 2812 2194 ut

1719 2227 1846 2262 mox
1882 2227 2002 2276 cap.
2045 2212 2148 2263 129
2178 2204 2349 2273 λεων,
2388 2226 2457 2262 ne
2492 2193 2653 2277 plurs‘.
2678 2212 2811 2261 affe-

1720 2296 1855 2332 ram.
1927 2280 2243 2331 Dindorfius
2281 2279 2432 2330 dedit
2467 2278 2614 2347 lngo,
2662 2281 2812 2346 quod

1720 2365 1885 2400 unum
1935 2348 2305 2399 Herodoteum
2356 2363 2478 2398 esse
2524 2350 2645 2399 vult
2680 2366 2811 2416 pag.

1719 2418 1955 2469 XXXIX
1999 2416 2258 2482 Prolegg.
2342 2417 2458 2469 Nec
2498 2433 2629 2470 vero
2677 2419 2815 2469 mihi

1717 2487 2009 2553 persuasit.
2056 2517 2129 2527 -—
2164 2487 2250 2537 Ad
2286 2493 2665 2552 argumentum
2701 2488 2815 2539 loci

1720 2557 1932 2606 faciunt
1965 2554 2252 2606 Aristotel.
2291 2556 2482 2608 Politt.
2518 2558 2587 2620 V,
2628 2558 2688 2608 11
2730 2556 2812 2622 (9)

1719 2641 1847 2692 pag.
1885 2625 1989 2675 229
2031 2624 2118 2675 ed.
2157 2624 2471 2676 Schneider.
2504 2630 2561 2676 et
2584 2626 2809 2691 Ioseph.

1719 2695 1944 2758 Antiqq.
1986 2694 2064 2757 11,
2104 2693 2156 2755 9,
2195 2695 2245 2745 l.
2319 2695 2473 2756 Quae
2505 2696 2811 2759 respiciens

1718 2764 1890 2826 Hirt„
1923 2762 2062 2813 libro
2097 2777 2223 2813 mox
2257 2762 2551 2827 laudando,
2585 2779 2716 2830 pag.
2748 2765 2811 2814 17

1718 2847 1834 2897 seq.
1881 2831 2191 2897 pyramides
2249 2839 2437 2882 censet
2498 2838 2811 2884 exstructas

1718 2916 1841 2951 esse
1891 2917 1955 2951 eo
2008 2900 2271 2962 consilio,
2319 2915 2387 2952 ne
2435 2915 2604 2966 egens
2652 2902 2811 2967 plebs

1717 2969 1831 3021 otio
1866 2969 2153 3036 langueret
2197 2985 2337 3020 neve
2372 2970 2559 3035 inopia
2592 2970 2810 3022 labora-

1718 3043 1821 3089 ret.
1893 3039 2017 3089 Alia
2049 3044 2112 3089 tu
2145 3039 2275 3089 vide
2309 3038 2378 3089 ad
2417 3040 2653 3102 11,128.

1804 3100 1911 3170 τὴν
1978 3103 2297 3173 ἔδειμαν]
2360 3106 2556 3171 δέμειν
2620 3110 2809 3160 eodem

1717 3176 1878 3226 modo
1907 3178 2037 3258 poni
2072 3175 2359 3237 doeemur,
2395 3192 2500 3241 quo
2535 3179 2684 3243 apud
2706 3180 2812 3229 La·

1718 3245 1867 3295 tinos
1885 3247 1996 3296 vias
2011 3254 2325 3309 construere,
2351 3249 2620 3297 instruere.
2679 3247 2809 3298 Vid.

1717 3313 1994 3372 V11,200
2034 3315 2169 3378 ibiq.
2186 3313 2547 3394 Wesseling.
2632 3316 2807 3366 Paulo

1718 3387 1849 3434 aute
1900 3382 2025 3433 dedi
2074 3373 2201 3432 κατ’
2262 3373 2338 3446 ἣν
2389 3399 2511 3434 cum
2568 3390 2803 3436 recentt.

1719 3451 1843 3500 edd.
1858 3467 1956 3516 pro
1973 3445 2118 3500 κατὰ
2137 3443 2261 3514 τὴν,
2280 3452 2580 3504 cuiusloco
2604 3454 2803 3504 Struve

1720 3520 1878 3584 Spec.
1912 3525 2127 3585 quaest.
2162 3520 2229 3570 de
2258 3521 2388 3571 dial.
2427 3522 2561 3572 Her.
2596 3523 2647 3576 1.
2674 3537 2801 3588 pag.

1719 3588 1786 3639 35
1813 3590 2105 3670 repositam
2142 3589 2318 3639 voluit
2349 3595 2589 3640 veterem
2618 3592 2803 3642 lectio·

1718 3672 1842 3776 323¹
1870 3672 2010 3776 ῗίξιῗο
2048 3648 2275 3778 Ἴνζιιιξῗιξ
2309 3658 2687 3807 {Inoiifiiuliiffl
2693 3675 2804 3806 edeix-

1720 3795 1928 3846 toribus
1980 3799 2244 3846 mutatam
2313 3797 2369 3846 in
2421 3790 2596 3846 κατὰ
2658 3790 2801 3860 τήν.

1716 3866 1821 3915 Est
1854 3879 1982 3916 vero
2012 3865 2182 3915 totius
2211 3864 2370 3915 huius
2396 3863 2503 3915 loci
2528 3870 2805 3918 structura

1718 3939 1937 3998 propter
1972 3934 2145 3984 multa
2179 3934 2351 3984 verba
2382 3934 2676 3985 interiecta
2710 3937 2805 3984 im-

1718 4003 1981 4067 peditior3
2019 4004 2108 4053 cui
2129 4007 2343 4053 mutata
2364 4002 2805 4067 interpunctione

1721 4086 1830 4122 non
1865 4071 2002 4120 nihil
2038 4085 2356 4122 succurrere
2389 4072 2602 4135 studui,
2641 4074 2804 4123 maio·

1718 4141 1795 4190 ris
1834 4139 2200 4190 distinctionis
2245 4140 2404 4205 signo
2449 4142 2633 4205 posito
2681 4145 2805 4206 post

1718 4206 1857 4275 λεῷ,
1902 4225 2053 4287 cum,
2111 4223 2251 4272 quae
2293 4214 2623 4273 sequuntur,
2668 4210 2802 4274 ipsis

1718 4244 1902 4327 verb⁹is
1937 4270 2148 4342 χρόνον
2182 4271 2247 4326 δὲ
2290 4248 2623 4341 ἐγγενέσθαι
2658 4274 2801 4342 τριβ.

1718 4342 1796 4411 τῷ
1842 4344 1947 4412 λεφ
1984 4344 2323 4411 explicandis
2370 4361 2438 4396 ac
2479 4345 2801 4397 definiendis
