3109 5092
372 320 497 382 520
1236 303 1775 381 ΗΕΒοΒοΤι

374 496 586 577 ἔξεστι
638 492 881 579 θύειν,
934 490 1105 563 ἀλλὰ
1157 496 1303 583 ίραί
1355 497 1485 562 εἰσι
1540 496 1660 580 τῆς
1690 488 1913 574 Ἴσιος.
1994 491 2071 561 τὸ
2125 490 2257 581 γὰρ
2306 495 2423 581 τῆς
2450 488 2651 572 Ἴσιος

374 594 672 686 ἄγαλμα,
731 594 844 666 ἐὸν
891 596 1327 688 γυναικήιον,
1387 593 1738 684 βούκερών
1783 594 1954 682 ἐστι,
2010 595 2307 684 κατάπερ
2330 591 2651 685 ’Έλληνες

373 698 500 792 τὴν
531 698 704 770 ’Ῑοῦν
757 698 1129 790 γράφουσι·
1178 702 1289 769 καὶ
1319 698 1434 780 τὰς
1460 704 1626 789 βοῦς
1652 696 1770 780 τὰς
1807 702 2058 789 θηλέας
2086 697 2449 787 Αἰγύπτιοι
2477 698 2648 769 πάν-

376 832 484 885 τες
523 799 767 893 ὁμοίως
808 807 1117 893 σέβονται
1160 801 1520 892 προβάτων
1565 800 1839 873 πάντων
1880 804 2164 892 μάλιστα
2204 807 2462 895 μακρῷ.
2515 806 2654 872 τῶν

379 914 607 979 εἵνεκα
645 903 790 977 οὔτ’
834 904 1007 996 ἀνὴρ
1049 906 1419 996 Αἰγύπτιος
1460 903 1616 976 οῦτε
1660 904 1833 995 γυνὴ
1869 905 2087 995 ἄνδρα
2109 902 2399 994 ’Ἕλληνα
2452 904 2650 994 φιλή-

378 1034 517 1083 σειε
563 1004 649 1079 ἂν
686 1014 780 1104 τῷ
819 1009 1127 1099 στόματι,
1169 1007 1331 1081 οὐδὲ
1374 1015 1662 1098 μαχαίρῃ
1704 1006 2281 1098 ἆνδρός“Ελληνος
2318 1006 2654 1097 χρήσεται,

379 1112 527 1186 οὐδ’
576 1110 908 1200 ὀβελοῖσι,
965 1110 1126 1182 οὐδὲ
1178 1116 1439 1201 λέβητι,
1512 1108 1674 1181 οῦδὲ
1720 1115 1932 1201 κρέως
1960 1117 2272 1200 καθαροῦ
2308 1109 2463 1200 βοὸς
2504 1117 2653 1181 δια-

382 1218 795 1307 τετμημένου
847 1211 1200 1308 Ἑλληνικῇ
1251 1222 1542 1305 μαχαίρῃ
1572 1213 1903 1301 γεύσεται.
1989 1213 2333 1285 Θάπτουσι
2381 1211 2457 1284 δὲ
2502 1212 2660 1296 τοῦς

384 1318 942 1407 ἀποθνήσκοντας
990 1325 1155 1407 βοῦς
1181 1317 1433 1408 τρόπον
1485 1316 1704 1388 τόνδε.
1804 1317 1919 1398 τὰς
1958 1318 2084 1407 μὲν
2121 1316 2374 1406 θηλέας
2424 1314 2492 1398 ἐς
2542 1315 2660 1388 τὸν

382 1420 685 1511 ποταμὸν
734 1417 988 1491 ἀπιεῖσι
1006 1473 1025 1508 ,
1092 1419 1248 1503 τοῦς
1297 1422 1373 1491 δὲ
1426 1427 1702 1512 ἔρσενας
1745 1420 2233 1512 κατορύσσουσι
2276 1424 2544 1492 ἕκαστοι
2583 1418 2660 1491 ἐν

384 1592 520 1644 illud
557 1605 722 1641 unum
761 1587 986 1639 addam:
1024 1587 1259 1640 Iudaeos
1294 1589 1351 1639 in
1373 1585 1472 1638 'bis
1576 1589 1691 1640 sere
1726 1594 1982 1654 ornatus,
2019 1606 2169 1650 cum,
2214 1590 2537 1641 tesserarios
2573 1605 2661 1640 rs·-
2694 1618 2700 1622 ·

385 1662 599 1714 differre
644 1660 713 1710 ab
753 1658 1039 1724 Aegyptiis
1055 1696 1068 1721 ,
1118 1674 1239 1709 cum
1289 1660 1476 1709 iuven·

383 1748 502 1784 csm
537 1730 715 1781 rufam
752 1732 993 1778 mactare
1036 1727 1327 1779 iubeantur
1363 1728 1475 1778 Nu-

384 1817 515 1852 mer.
548 1800 697 1862 XIX,
736 1800 786 1860 2,
826 1797 971 1862 quod
998 1798 1247 1848 consulto
1287 1798 1368 1849 sic
1391 1798 1475 1847 in·

384 1873 635 1922 stitutum
689 1867 905 1918 videtur
950 1867 1221 1932 Spencero
1262 1867 1337 1931 11,
1386 1865 1473 1928 26,

384 1945 437 2003 2,
484 1941 551 1991 de
597 1941 716 1990 ritt.
764 1937 960 1988 Hebrr.
1010 1952 1137 2003 pag.
1182 1937 1313 1999 485,
1367 1951 1473 2001 quo

385 2009 672 2075 Aegyptiis
722 2006 887 2071 plane
951 2012 1136 2056 essent
1188 2005 1471 2057 contrarii.

385 2080 471 2130 Cf.
510 2080 812 2129 Creuzerus
851 2075 1090 2141 symbol.
1122 2076 1201 2140 11,
1239 2092 1365 2142 pag.
1405 2075 1473 2128 93

385 2155 439 2199 et
472 2149 542 2199 94
578 2147 663 2197 ed.
703 2149 828 2196 tert.

454 2209 519 2265 τὸ
542 2209 648 2279 γὰρ
672 2211 774 2279 τῆς
795 2203 977 2268 Ἴσιος
1006 2201 1226 2276 αγαλμα
1253 2238 1315 2247 -
1341 2206 1475 2278 βού-

386 2276 570 2348 κεροῦν
603 2274 740 2348 ἐστι]
764 2283 920 2333 Haec
945 2296 1054 2346 quo
1090 2285 1355 2345 spectent,
1391 2296 1476 2332 sa-

387 2356 461 2406 tis
501 2369 567 2404 ex
605 2353 673 2404 iis
707 2351 941 2417 patebit,
998 2366 1137 2416 quse
1173 2349 1333 2400 modo
1370 2350 1477 2400 dis-

387 2423 720 2491 putavimus.
800 2422 982 2484 Atque
1030 2423 1212 2471 monet
1260 2419 1478 2470 Plutar-

390 2494 523 2546 chus
558 2492 596 2543 1.
635 2491 673 2543 l.
711 2491 769 2541 in
811 2490 979 2541 Isidis
1023 2488 1256 2541 buculae
1303 2489 1478 2540 corni-

387 2565 490 2617 bus
525 2567 751 2613 ornatae
775 2560 1105 2624 imaginibus
1139 2563 1353 2611 veteres
1390 2575 1479 2608 ex·

389 2635 619 2701 primere
654 2631 896 2683 voluisse
927 2629 1084 2680 orbes
1119 2628 1281 2680 lunae
1311 2628 1478 2679 falca-

388 2709 495 2755 tos.
566 2702 650 2754 Ad
688 2700 965 2758 oculorum
997 2715 1212 2766 quoque
1259 2714 1478 2750 sensum

388 2774 526 2824 haec
558 2771 814 2823 traducta
851 2785 1002 2831 esse,
1040 2785 1163 2820 cum
1192 2768 1395 2819 Isidem
1422 2773 1478 2818 et

392 2841 679 2903 osiridem,
704 2855 802 2905 pro
829 2839 1165 2904 primigeniis
1184 2839 1361 2889 bubus
1384 2837 1478 2888 ha-

389 2913 566 2972 bitos,
618 2909 776 2959 bovis
820 2923 886 2958 ac
922 2922 1128 2958 vaccae
1163 2906 1252 2958 vel
1286 2908 1478 2972 capiti-

388 2981 492 3032 bus
526 2978 614 3028 vel
656 2976 866 3027 exuviis
912 2977 1214 3040 impositis,
1263 2977 1479 3027 exhibe-

391 3053 542 3110 rent,
578 3047 714 3097 satis
743 3049 980 3095 constat.
1053 3045 1198 3095 Hinc
1222 3045 1476 3109 frequens

392 3119 449 3169 ἰιι
472 3115 862 3182 Aegyptiorum
887 3113 1209 3179 anaglyphis
1223 3114 1330 3163 Isis
1353 3130 1480 3165 con-

395 3187 624 3252 spicitur
652 3183 883 3235 buculae
908 3183 1162 3234 cornibus
1190 3181 1280 3234 vel
1306 3183 1478 3246 disco,

394 3257 482 3308 cui
507 3269 709 3306 cornus.
728 3253 916 3303 addita
941 3257 1097 3315 sunt,
1132 3256 1345 3304 ornata.
1393 3253 1482 3305 cf.

391 3325 720 3460 wilginson.
760 3323 1015 3372 Manners
1061 3327 1167 3373 etc.
1216 3339 1326 3374 sec.
1375 3338 1480 3374 ser.

592 3394 716 3446 366.
774 3392 872 3444 381
930 3408 1046 3457 seq.
1103 3392 1213 3444 111.
1264 3392 1480 3458 planch.

393 3467 484 3518 34.
493 3411 618 3516 Ρ35.
693 3462 946 3514 Creuzer.
1001 3462 1245 3528 Symbol.
1297 3462 1372 3513 11.
1426 3478 1482 3527 p.

392 3535 496 3587 216
529 3539 583 3585 et
602 3533 928 3585 Commentt.
953 3532 1245 3582 Herodott.
1281 3548 1335 3597 p.
1365 3532 1480 3583 11-1.

461 3595 714 3666 κατάπερ
736 3592 1018 3683 ’Έλληνες
1032 3594 1140 3667 τὴν
1163 3592 1327 3651 Ἰοῦν
1349 3616 1483 3666 γρα-

395 3671 594 3754 φουσι]
643 3674 728 3723 De
785 3671 962 3722 forma
1001 3661 1164 3721 Ἰοῦν
1216 3671 1378 3733 cf.1‚
1427 3673 1479 3723 1.

393 3734 634 3809 γράφειν
662 3741 750 3792 vel
775 3744 993 3806 pinqere
1021 3747 1106 3791 est
1143 3740 1231 3792 vel
1264 3741 1482 3792 omnino

393 3815 603 3879 &maine
650 3814 938 3875 exprimere
983 3816 1150 3876 atque
1189 3811 1247 3862 in
1294 3808 1484 3861 tabula.

396 3899 443 3934 s.
477 3881 659 3946 lapide
705 3889 1122 3944 repraesentare.
1193 3881 1279 3931 Ad
1324 3896 1483 3945 argu-

394 3955 634 4002 mentum
667 3950 812 4000 conf.
850 3949 1107 4002 Eustath.
1140 3949 1210 4000 ad
1249 3950 1480 4029 Dionys.

392 4020 610 4071 Perie.
644 4017 732 4069 92.
765 4010 861 4067 Ἰὼ
893 4009 929 4083 ἡ
957 4011 1181 4083 Σελήνη
1204 4010 1348 4067 κατὰ
1377 4009 1484 4083 τὴν

1574 1660 1753 1710 tiones
1790 1661 1840 1711 si
1879 1665 2115 1725 spectes,
2157 1664 2391 1726 utraque
2415 1659 2518 1711 dea
2555 1659 2663 1711 sibi

1577 1729 1897 1792 conveniat,
1953 1730 2154 1795 quippe
2197 1745 2308 1795 qus
2350 1729 2535 1780 lunam
2584 1730 2664 1780 in·

1580 1799 1755 1849 dicari
1774 1798 1941 1865 vulgo
1965 1799 2241 1851 docerent.
2274 1800 2437 1851 Inde
2422 1814 2478 1849 ιιι
2490 1796 2663 1851 Grae-

1580 1884 1765 1919 corum
1786 1870 2170 1932 monumentis,
2188 1870 2358 1930 vasis,
2380 1867 2665 1919 aliishsnd

1579 1953 1702 1989 rare
1738 1938 2021 1989 exhibetur
2063 1939 2126 1990 Io
2168 1938 2323 2003 virgo
2343 1907 2663 2003 βούκερως,

1577 2022 1779 2059 vsccse
1805 2008 2057 2059 cornibus
2081 2008 2374 2058 instructa.
2408 2008 2521 2058 vid.
2550 2008 2665 2058 Μο-

1576 2078 1819 2128 numenti
1866 2076 1993 2127 dell’
2044 2078 2309 2128 Instituto
2354 2076 2662 2141 archeolog.

1578 2144 1774 2211 (1838)
1813 2148 1878 2198 Τ.
1917 2147 1994 2197 11.
2029 2162 2084 2211 p.
2123 2146 2226 2197 328
2258 2152 2314 2197 et
2344 2147 2485 2198 st.
2515 2146 2663 2196 LIX.

1577 2216 1939 2282 Archaeolog.
1971 2217 2110 2266 Zeit.
2136 2216 2214 2266 lx
2240 2215 2423 2281 (1851)
2460 2231 2541 2265 nr.
2576 2215 2665 2266 31.

1578 2303 1633 2351 p.
1672 2285 1774 2339 369
1811 2291 1867 2337 et
1903 2301 2042 2351 quse
2076 2284 2236 2336 affert
2275 2284 2529 2336 Mueller=
2570 2285 2669 2335 Ar-

1580 2355 1860 2423 chaeolog.
1902 2357 1952 2419 §-
1986 2353 2109 2406 351.
2143 2371 2227 2405 nr.
2264 2355 2330 2406 L.
2387 2354 2492 2404 His
2526 2354 2668 2405 adde

1580 2426 1828 2490 inprimis
1848 2424 2023 2477 Raoul
2048 2424 2343 2475 Rochettez
2369 2424 2545 2474 Choix
2570 2425 2667 2475 des

1580 2496 1858 2561 peintures
1918 2494 1986 2545 de
2042 2492 2282 2560 Pompee
2342 2493 2428 2544 Pl.
2486 2493 2665 2545 XVII.

1580 2582 1636 2630 p.
1672 2564 1777 2617 209
1804 2579 1956 2629 seqq.
1992 2564 2097 2615 215
2118 2579 2269 2629 seqq.
2309 2568 2365 2614 et
2385 2579 2527 2629 quae
2549 2579 2670 2627 pre-

1580 2633 1708 2685 tulit
1770 2635 1923 2687 Hirt.
1996 2633 2286 2686 Abhandll.
2350 2632 2405 2684 d.
2462 2632 2668 2685 Berlin.

1580 2702 1759 2756 Akad.
1797 2704 1924 2753 bist.
1963 2702 2149 2768 philol.
2173 2702 2349 2754 Clsss.
2374 2717 2504 2752 ann.
2539 2702 2670 2756 1820

1583 2779 1638 2825 et
1675 2774 1831 2826 1821.
1847 2788 1974 2855 pag.
2012 2773 2108 2824 155
2130 2787 2282 2838 seqq.
2311 2771 2481 2823 -Ad
2501 2772 2672 2823 verbs

1580 2840 1697 2892 τῶν
1741 2835 2046 2909 προβάτων
2105 2842 2253 2896 conf.
2307 2846 2449 2893 nott.
2503 2841 2574 2891 ed
2621 2842 2668 2905 1,

2206 2916 2227 2942 0

1583 2912 1703 2965 133.
1741 2912 1864 2964 207.

1651 3004 1783 3066 οῦτε
1809 3006 1952 3097 γυνὴ
1979 3045 2050 3054 -
2072 3002 2385 3095 φιλήσειε“
2346 3030 2420 3063 αν
2445 3010 2525 3076 τῷ
2548 3003 2669 3063 στό-

1580 3100 1729 3164 ματι,
1771 3077 1881 3134 οἰδ
1845 3078 1909 3134 δὲ
1946 3112 2008 3121 -
2045 3075 2310 3149 χρήσεται
2350 3110 2418 3122 -
2443 3065 2672 3133 οὐδὲ-

1582 3146 1857 3220 γεύσεται]
1883 3156 1968 3205 De
1982 3152 2337 3216 discrimine,
2377 3153 2523 3219 quod
2552 3153 2605 3203 h.
2630 3152 2669 3202 1.

1587 3225 1732 3275 inter
1785 3225 2090 3288 optativum
2136 3228 2191 3274 et
2242 3223 2485 3273 futurum
2536 3223 2673 3275 obti-

1585 3297 1708 3356 net,
1748 3294 1891 3344 conf.
1929 3292 2128 3343 Matth.
2175 3291 2266 3342 Gr.
2314 3291 2407 3344 Gr.
2455 3309 2510 3359 p.
2546 3293 2671 3355 977,

1587 3364 1680 3427 qui
1702 3363 1874 3414 verba
1898 3354 2152 3426 φιλήσειε
2184 3351 2257 3410 ἂν
2277 3366 2426 3412 recte
2449 3363 2531 3412 sic
2554 3377 2674 3413 ver-

1586 3433 1679 3483 tit:
1733 3432 1902 3492 „mirei
1941 3430 2224 3482 schwerlich
2266 3430 2465 3482 kz'issen.
2477 3431 2512 3461 “
2584 3431 2670 3482 Cf.

1586 3503 1681 3564 IV,
1718 3501 1805 3552 97.
1845 3500 1968 3552 Ad
1951 3516 2128 3565 ipsam
2166 3516 2277 3551 rem
2302 3502 2450 3553 conf.
2474 3502 2673 3552 Genea.

1586 3571 1790 3632 XLIII,
1839 3570 1926 3632 32,
1969 3571 2060 3620 ubi
2105 3570 2336 3635 legimus
2370 3569 2671 3637 ¹'Aegyptiis

1585 3640 1730 3691 haud
1764 3640 1988 3690 licuisse
2036 3655 2155 3689 cum
2191 3640 2460 3692 Hebraeis
2497 3656 2674 3691 come-

1586 3711 1731 3772 dere,
1765 3725 1887 3760 cum
1909 3708 2022 3759 tale
2047 3709 2356 3760 convivium
2383 3711 2673 3775 profanum

1583 3784 1890 3845 putaretur.
1976 3778 2135 3840 Quod
2185 3780 2232 3829 si
2283 3781 2351 3830 de
2402 3777 2673 3830 Hebraeis

1585 3850 1789 3912 valuit,
1838 3848 1985 3900 haud
2018 3850 2196 3899 minus
2233 3849 2300 3900 de
2335 3849 2460 3900 aliis
2502 3850 2677 3915 genti-

1582 3921 1687 3971 bus
1723 3918 1967 3971 valuisse
2006 3922 2432 3970 consentaneum
2467 3923 2569 3969 est.

1657 4012 1713 4078 ἐς
1745 4013 1849 4071 τὸν
1882 4012 2141 4083 ποταμὸν
2168 4011 2405 4088 ἀπιεῖσι]
2438 4013 2540 4071 τὸν
2573 4035 2677 4070 πο-

386 4081 546 4154 Ἀργε
576 4103 658 4137 ων
680 4078 995 4151 διάλεκτον,
1037 4093 1092 4138 et
1116 4103 1256 4154 quse
1284 4088 1396 4138 alia
1420 4089 1488 4139 de
1587 4082 1770 4155 ταμὸν
1795 4088 2060 4156 intelligit
2074 4090 2276 4154 Nilum,
2301 4091 2359 4141 in
2378 4107 2535 4156 quem
2554 4106 2681 4140 vac-

392 4159 456 4210 10
495 4158 720 4222 eiusque
751 4156 1152 4222 significatione
1192 4158 1488 4209 tesseraria
1591 4174 1685 4210 cas
1741 4160 1939 4210 coniici
1992 4158 2253 4211 credibile
2308 4166 2393 4212 est
2440 4176 2560 4211 eam
2608 4160 2678 4210 eb

395 4228 643 4294 disputat
661 4226 940 4276 Welcker·
966 4227 1071 4277 Die
1092 4226 1347 4292 Aeschyl.
1369 4228 1489 4278 Tri-

394 4298 505 4363 log.
553 4312 608 4361 p.
653 4296 746 4345 127
787 4310 937 4361 seqq.
1010 4296 1150 4346 Nam
1195 4297 1359 4347 Isidis
1407 4302 1487 4348 at-

1590 4244 1838 4293 caussm,
1879 4230 2025 4295 quod
2062 4229 2188 4280 Nilo
2237 4230 2537 4296 generandi
2570 4230 2681 4279 vim

1590 4299 1857 4349 contineri
1893 4300 2182 4380 putabant.
2253 4299 2381 4351 vid.
2428 4304 2572 4351 nott.
2610 4297 2683 4349 ad

392 4381 498 4431 que
525 4367 619 4416 Ius
649 4365 839 4416 eadem
879 4366 994 4417 fere
1026 4366 1301 4432 symbols,
1343 4366 1488 4416 idem
1586 4368 1711 4420 init.
1754 4369 1971 4434 capitis.
2022 4399 2092 4408 —
2125 4360 2342 4419 ἆπιεισι
2387 4385 2486 4434 pro
2531 4368 2683 4434 vulg.
