<?xml version="1.0" encoding="UTF-8"?>
<!DOCTYPE html PUBLIC "-//W3C//DTD XHTML 1.0 Transitional//EN"
    "http://www.w3.org/TR/xhtml1/DTD/xhtml1-transitional.dtd">
<html xmlns="http://www.w3.org/1999/xhtml" xml:lang="en" lang="en">
 <head>
  <title>
</title>
<meta http-equiv="Content-Type" content="text/html;charset=utf-8" />
  <meta name='ocr-system' content='tesseract 3.04.00' />
  <meta name='ocr-capabilities' content='ocr_page ocr_carea ocr_par ocr_line ocrx_word'/>
</head>
<body>
  <div class='ocr_page' id='page_1' title='image "./herodotihalicar02unkngoog_0221.png"; bbox 0 0 3109 5092; ppageno 0'>
   <div class='ocr_carea' id='block_1_1' title="bbox 1304 371 1791 438">
    <p class='ocr_par' dir='ltr' id='par_1_1' title="bbox 1304 371 1791 438">
     <span class='ocr_line' id='line_1_1' title="bbox 1304 371 1791 438; baseline 0 -6"><span class='ocrx_word' id='word_1_1' title='bbox 1304 371 1556 434; x_wconf 86' lang='lat' dir='ltr'><strong>CLIO.</strong></span> <span class='ocrx_word' id='word_1_2' title='bbox 1604 374 1655 432; x_wconf 95' lang='grc' dir='ltr'><strong>Ι.</strong></span> <span class='ocrx_word' id='word_1_3' title='bbox 1701 383 1791 438; x_wconf 75' lang='lat'><strong>92.</strong></span> 
     </span>
    </p>
   </div>
   <div class='ocr_carea' id='block_1_2' title="bbox 2560 374 2673 435">
    <p class='ocr_par' dir='ltr' id='par_1_2' title="bbox 2560 374 2673 435">
     <span class='ocr_line' id='line_1_2' title="bbox 2560 374 2673 435; baseline 0.009 -1"><span class='ocrx_word' id='word_1_4' title='bbox 2560 374 2673 435; x_wconf 82' lang='lat'><strong>201</strong></span> 
     </span>
    </p>
   </div>
   <div class='ocr_carea' id='block_1_3' title="bbox 397 541 2683 846">
    <p class='ocr_par' dir='ltr' id='par_1_3' title="bbox 397 541 2683 846">
     <span class='ocr_line' id='line_1_3' title="bbox 397 541 2683 641; baseline 0 -24"><span class='ocrx_word' id='word_1_5' title='bbox 397 556 678 636; x_wconf 78' lang='grc' dir='ltr'><em>τρίπους</em></span> <span class='ocrx_word' id='word_1_6' title='bbox 720 546 1034 636; x_wconf 78' lang='grc' dir='ltr'><em>χρύσεος,</em></span> <span class='ocrx_word' id='word_1_7' title='bbox 1075 541 1195 617; x_wconf 72' lang='grc' dir='ltr'><strong>τόὖ</strong></span> <span class='ocrx_word' id='word_1_8' title='bbox 1233 544 1529 636; x_wconf 77' lang='grc' dir='ltr'><em>ἀνέθηκε</em></span> <span class='ocrx_word' id='word_1_9' title='bbox 1570 552 1663 641; x_wconf 77' lang='grc' dir='ltr'><strong>τῷ</strong></span> <span class='ocrx_word' id='word_1_10' title='bbox 1699 543 2067 616; x_wconf 79' lang='grc' dir='ltr'>Ἀπόλλωνι</span> <span class='ocrx_word' id='word_1_11' title='bbox 2108 552 2200 639; x_wconf 76' lang='grc' dir='ltr'><strong>τῷ</strong></span> <span class='ocrx_word' id='word_1_12' title='bbox 2232 543 2570 640; x_wconf 79' lang='grc' dir='ltr'><strong><em>Ἰσμηνίῳ,</em></strong></span> <span class='ocrx_word' id='word_1_13' title='bbox 2607 551 2683 618; x_wconf 79' lang='grc' dir='ltr'><strong>ἐν</strong></span> 
     </span>
     <span class='ocr_line' id='line_1_4' title="bbox 400 648 2682 744; baseline -0 -22"><span class='ocrx_word' id='word_1_14' title='bbox 400 652 479 722; x_wconf 71' lang='grc' dir='ltr'><strong>δὲ</strong></span> <span class='ocrx_word' id='word_1_15' title='bbox 517 648 771 744; x_wconf 71' lang='grc' dir='ltr'><strong><em>Ἐφέσῳ</em></strong></span> <span class='ocrx_word' id='word_1_16' title='bbox 813 655 890 720; x_wconf 81' lang='grc' dir='ltr'><strong>αἵ</strong></span> <span class='ocrx_word' id='word_1_17' title='bbox 933 677 1004 719; x_wconf 82' lang='grc' dir='ltr'><strong>τε</strong></span> <span class='ocrx_word' id='word_1_18' title='bbox 1048 650 1202 738; x_wconf 81' lang='grc' dir='ltr'><strong><em>βόες</em></strong></span> <span class='ocrx_word' id='word_1_19' title='bbox 1241 654 1316 719; x_wconf 76' lang='grc' dir='ltr'><strong>αἱ</strong></span> <span class='ocrx_word' id='word_1_20' title='bbox 1355 649 1633 740; x_wconf 81' lang='grc' dir='ltr'>χρύσέαι</span> <span class='ocrx_word' id='word_1_21' title='bbox 1686 652 1799 719; x_wconf 80' lang='grc' dir='ltr'><strong>καὶ</strong></span> <span class='ocrx_word' id='word_1_22' title='bbox 1837 657 1977 720; x_wconf 77' lang='grc' dir='ltr'><strong>τῶν</strong></span> <span class='ocrx_word' id='word_1_23' title='bbox 2015 649 2265 720; x_wconf 84' lang='grc' dir='ltr'>κιόνων</span> <span class='ocrx_word' id='word_1_24' title='bbox 2308 654 2385 718; x_wconf 77' lang='grc' dir='ltr'><strong>αἱ</strong></span> <span class='ocrx_word' id='word_1_25' title='bbox 2418 654 2682 736; x_wconf 80' lang='grc' dir='ltr'><strong>πολλαὶ,</strong></span> 
     </span>
     <span class='ocr_line' id='line_1_5' title="bbox 400 751 2680 846; baseline 0 -22"><span class='ocrx_word' id='word_1_26' title='bbox 400 758 478 824; x_wconf 83' lang='grc' dir='ltr'><strong>ἐν</strong></span> <span class='ocrx_word' id='word_1_27' title='bbox 509 754 584 824; x_wconf 70' lang='grc' dir='ltr'><strong>δὲ</strong></span> <span class='ocrx_word' id='word_1_28' title='bbox 613 761 971 844; x_wconf 80' lang='grc' dir='ltr'><em>Προνηΐης·</em></span> <span class='ocrx_word' id='word_1_29' title='bbox 998 758 1113 842; x_wconf 84' lang='grc' dir='ltr'><strong>τῆς</strong></span> <span class='ocrx_word' id='word_1_30' title='bbox 1153 757 1230 824; x_wconf 80' lang='grc' dir='ltr'><strong>ἐν</strong></span> <span class='ocrx_word' id='word_1_31' title='bbox 1256 762 1587 843; x_wconf 80' lang='grc' dir='ltr'><em>Δελφοῖσι</em></span> <span class='ocrx_word' id='word_1_32' title='bbox 1630 751 1826 836; x_wconf 75' lang='grc' dir='ltr'><strong><em>ἀσπὶς</em></strong></span> <span class='ocrx_word' id='word_1_33' title='bbox 1864 759 2110 846; x_wconf 82' lang='grc' dir='ltr'><strong>χρυσέη</strong></span> <span class='ocrx_word' id='word_1_34' title='bbox 2142 754 2418 842; x_wconf 78' lang='grc' dir='ltr'><em>μεγάλη.</em></span> <span class='ocrx_word' id='word_1_35' title='bbox 2472 760 2680 824; x_wconf 79' lang='grc' dir='ltr'><em>ταῦτα</em></span> 
     </span>
    </p>
   </div>
   <div class='ocr_carea' id='block_1_4' title="bbox 355 944 1493 2823">
    <p class='ocr_par' dir='ltr' id='par_1_4' title="bbox 355 944 1493 2823">
     <span class='ocr_line' id='line_1_6' title="bbox 470 944 1483 1034; baseline 0.002 -31"><span class='ocrx_word' id='word_1_36' title='bbox 470 944 532 1003; x_wconf 74' lang='grc' dir='ltr'><strong>ἐν</strong></span> <span class='ocrx_word' id='word_1_37' title='bbox 568 949 672 1018; x_wconf 73' lang='grc' dir='ltr'><strong>μὲν</strong></span> <span class='ocrx_word' id='word_1_38' title='bbox 719 944 825 1018; x_wconf 79' lang='grc' dir='ltr'><strong>γὰρ</strong></span> <span class='ocrx_word' id='word_1_39' title='bbox 874 947 1097 1034; x_wconf 82' lang='grc' dir='ltr'>Θήβῃσι</span> <span class='ocrx_word' id='word_1_40' title='bbox 1143 952 1275 1021; x_wconf 81' lang='grc' dir='ltr'>τῇσι</span> <span class='ocrx_word' id='word_1_41' title='bbox 1316 956 1483 1005; x_wconf 86' lang='grc' dir='ltr'>Βοιω</span> 
     </span>
     <span class='ocr_line' id='line_1_7' title="bbox 398 1016 1491 1089; baseline 0.001 -16"><span class='ocrx_word' id='word_1_42' title='bbox 398 1022 516 1073; x_wconf 73' lang='grc' dir='ltr'><strong>τῶν</strong></span> <span class='ocrx_word' id='word_1_43' title='bbox 550 1022 792 1086; x_wconf 77' lang='grc' dir='ltr'><em>τρίπους</em></span> <span class='ocrx_word' id='word_1_44' title='bbox 827 1016 1088 1089; x_wconf 78' lang='grc' dir='ltr'><strong>χρύσεος]</strong></span> <span class='ocrx_word' id='word_1_45' title='bbox 1119 1025 1327 1075; x_wconf 86' lang='lat' dir='ltr'><strong>Locum</strong></span> <span class='ocrx_word' id='word_1_46' title='bbox 1351 1026 1491 1076; x_wconf 85' lang='lat' dir='ltr'><strong>clas·</strong></span> 
     </span>
     <span class='ocr_line' id='line_1_8' title="bbox 400 1093 1491 1159; baseline 0 -15"><span class='ocrx_word' id='word_1_47' title='bbox 400 1095 574 1144; x_wconf 86' lang='lat' dir='ltr'><strong>sicum</strong></span> <span class='ocrx_word' id='word_1_48' title='bbox 596 1093 864 1143; x_wconf 76' lang='lat' dir='ltr'><strong>Athenaei</strong></span> <span class='ocrx_word' id='word_1_49' title='bbox 901 1094 968 1144; x_wconf 90' lang='lat' dir='ltr'><strong>de</strong></span> <span class='ocrx_word' id='word_1_50' title='bbox 1001 1094 1308 1159; x_wconf 85' lang='lat' dir='ltr'><strong>tripodibus</strong></span> <span class='ocrx_word' id='word_1_51' title='bbox 1343 1101 1491 1146; x_wconf 80' lang='lat' dir='ltr'><strong>vete-</strong></span> 
     </span>
     <span class='ocr_line' id='line_1_9' title="bbox 402 1162 1490 1228; baseline 0 -15"><span class='ocrx_word' id='word_1_52' title='bbox 402 1163 636 1224; x_wconf 87' lang='lat' dir='ltr'><strong>rumII‚</strong></span> <span class='ocrx_word' id='word_1_53' title='bbox 683 1165 736 1212; x_wconf 89' lang='grc'><strong>2.</strong></span> <span class='ocrx_word' id='word_1_54' title='bbox 780 1178 834 1227; x_wconf 88' lang='lat' dir='ltr'><strong>p.</strong></span> <span class='ocrx_word' id='word_1_55' title='bbox 885 1162 1044 1214; x_wconf 67' lang='lat'><strong>371?</strong></span> <span class='ocrx_word' id='word_1_56' title='bbox 1091 1179 1207 1228; x_wconf 89' lang='lat' dir='ltr'><strong>seq.</strong></span> <span class='ocrx_word' id='word_1_57' title='bbox 1253 1164 1490 1215; x_wconf 86' lang='lat' dir='ltr'><strong>iamad-</strong></span> 
     </span>
     <span class='ocr_line' id='line_1_10' title="bbox 401 1232 1492 1300; baseline 0.002 -17"><span class='ocrx_word' id='word_1_58' title='bbox 401 1232 626 1298; x_wconf 76' lang='lat' dir='ltr'><strong>scripsit</strong></span> <span class='ocrx_word' id='word_1_59' title='bbox 657 1232 918 1284; x_wconf 88' lang='lat' dir='ltr'><strong>Larcher.</strong></span> <span class='ocrx_word' id='word_1_60' title='bbox 949 1234 1073 1284; x_wconf 92' lang='lat' dir='ltr'><strong>Duo</strong></span> <span class='ocrx_word' id='word_1_61' title='bbox 1101 1233 1370 1297; x_wconf 86' lang='lat' dir='ltr'><strong>tripodum</strong></span> <span class='ocrx_word' id='word_1_62' title='bbox 1401 1249 1492 1300; x_wconf 85' lang='lat' dir='ltr'><strong>ge-</strong></span> 
     </span>
     <span class='ocr_line' id='line_1_11' title="bbox 399 1302 1488 1367; baseline 0.002 -15"><span class='ocrx_word' id='word_1_63' title='bbox 399 1318 533 1352; x_wconf 87' lang='lat' dir='ltr'><strong>nera</strong></span> <span class='ocrx_word' id='word_1_64' title='bbox 577 1302 880 1366; x_wconf 82' lang='lat' dir='ltr'><strong>antiquitus</strong></span> <span class='ocrx_word' id='word_1_65' title='bbox 941 1302 1113 1364; x_wconf 55' lang='lat' dir='ltr'><strong>suess</strong></span> <span class='ocrx_word' id='word_1_66' title='bbox 1166 1302 1257 1353; x_wconf 89' lang='lat' dir='ltr'><strong>ille</strong></span> <span class='ocrx_word' id='word_1_67' title='bbox 1303 1304 1488 1367; x_wconf 81' lang='lat' dir='ltr'>refert,</span> 
     </span>
     <span class='ocr_line' id='line_1_12' title="bbox 400 1371 1491 1437; baseline 0.001 -15"><span class='ocrx_word' id='word_1_68' title='bbox 400 1372 632 1422; x_wconf 87' lang='lat' dir='ltr'><strong>alterum</strong></span> <span class='ocrx_word' id='word_1_69' title='bbox 682 1386 892 1432; x_wconf 89' lang='lat' dir='ltr'><strong>eorum,</strong></span> <span class='ocrx_word' id='word_1_70' title='bbox 941 1371 997 1421; x_wconf 91' lang='lat' dir='ltr'><strong>in</strong></span> <span class='ocrx_word' id='word_1_71' title='bbox 1059 1371 1255 1437; x_wconf 87' lang='lat' dir='ltr'><strong>quibus</strong></span> <span class='ocrx_word' id='word_1_72' title='bbox 1305 1374 1491 1423; x_wconf 79' lang='lat' dir='ltr'><strong>vinum</strong></span> 
     </span>
     <span class='ocr_line' id='line_1_13' title="bbox 405 1432 1488 1506; baseline 0.001 -15"><span class='ocrx_word' id='word_1_73' title='bbox 405 1440 738 1500; x_wconf 79' lang='lat' dir='ltr'><strong>miscuerint,</strong></span> <span class='ocrx_word' id='word_1_74' title='bbox 761 1441 962 1506; x_wconf 89' lang='lat' dir='ltr'><strong>quique</strong></span> <span class='ocrx_word' id='word_1_75' title='bbox 986 1432 1202 1502; x_wconf 79' lang='grc' dir='ltr'><em>ἄπυροι</em></span> <span class='ocrx_word' id='word_1_76' title='bbox 1220 1442 1488 1505; x_wconf 84' lang='lat' dir='ltr'><strong>dicantur,</strong></span> 
     </span>
     <span class='ocr_line' id='line_1_14' title="bbox 400 1510 1490 1592; baseline 0.001 -31"><span class='ocrx_word' id='word_1_77' title='bbox 400 1510 633 1562; x_wconf 82' lang='lat' dir='ltr'><strong>alterum</strong></span> <span class='ocrx_word' id='word_1_78' title='bbox 684 1525 894 1573; x_wconf 88' lang='lat' dir='ltr'><strong>eorum,</strong></span> <span class='ocrx_word' id='word_1_79' title='bbox 941 1510 998 1559; x_wconf 89' lang='lat' dir='ltr'><strong>in</strong></span> <span class='ocrx_word' id='word_1_80' title='bbox 1048 1511 1245 1592; x_wconf 87' lang='lat' dir='ltr'><strong>quibus</strong></span> <span class='ocrx_word' id='word_1_81' title='bbox 1293 1528 1490 1577; x_wconf 85' lang='lat' dir='ltr'><strong>aquam</strong></span> 
     </span>
     <span class='ocr_line' id='line_1_15' title="bbox 402 1579 1492 1646; baseline 0.002 -16"><span class='ocrx_word' id='word_1_82' title='bbox 402 1579 780 1640; x_wconf 84' lang='lat' dir='ltr'><strong>calefecerint‚</strong></span> <span class='ocrx_word' id='word_1_83' title='bbox 814 1579 1134 1645; x_wconf 85' lang='lat' dir='ltr'><strong>praesertim</strong></span> <span class='ocrx_word' id='word_1_84' title='bbox 1182 1597 1331 1644; x_wconf 89' lang='lat' dir='ltr'><strong>eam,</strong></span> <span class='ocrx_word' id='word_1_85' title='bbox 1384 1597 1492 1646; x_wconf 89' lang='lat' dir='ltr'><strong>qua</strong></span> 
     </span>
     <span class='ocr_line' id='line_1_16' title="bbox 399 1649 1492 1717; baseline 0.001 -17"><span class='ocrx_word' id='word_1_86' title='bbox 399 1650 471 1700; x_wconf 89' lang='lat' dir='ltr'><strong>ad</strong></span> <span class='ocrx_word' id='word_1_87' title='bbox 506 1649 799 1699; x_wconf 80' lang='lat' dir='ltr'><strong>lavandum</strong></span> <span class='ocrx_word' id='word_1_88' title='bbox 848 1654 1150 1717; x_wconf 78' lang='lat' dir='ltr'><strong>uterentur.</strong></span> <span class='ocrx_word' id='word_1_89' title='bbox 1212 1652 1291 1702; x_wconf 86' lang='lat' dir='ltr'><strong>Ac</strong></span> <span class='ocrx_word' id='word_1_90' title='bbox 1325 1652 1492 1716; x_wconf 85' lang='lat' dir='ltr'><strong>tripo-</strong></span> 
     </span>
     <span class='ocr_line' id='line_1_17' title="bbox 401 1718 1493 1786; baseline 0.001 -17"><span class='ocrx_word' id='word_1_91' title='bbox 401 1719 494 1769; x_wconf 88' lang='lat' dir='ltr'><strong>des</strong></span> <span class='ocrx_word' id='word_1_92' title='bbox 532 1719 750 1768; x_wconf 87' lang='lat' dir='ltr'><strong>omnino</strong></span> <span class='ocrx_word' id='word_1_93' title='bbox 782 1719 1061 1784; x_wconf 88' lang='lat' dir='ltr'><strong>pertinent</strong></span> <span class='ocrx_word' id='word_1_94' title='bbox 1108 1718 1179 1769; x_wconf 88' lang='lat' dir='ltr'><strong>ad</strong></span> <span class='ocrx_word' id='word_1_95' title='bbox 1226 1720 1493 1786; x_wconf 87' lang='lat' dir='ltr'><strong>suppelle-</strong></span> 
     </span>
     <span class='ocr_line' id='line_1_18' title="bbox 400 1788 1490 1852; baseline 0.001 -14"><span class='ocrx_word' id='word_1_96' title='bbox 400 1788 587 1839; x_wconf 89' lang='lat' dir='ltr'><strong>ctilem</strong></span> <span class='ocrx_word' id='word_1_97' title='bbox 631 1793 876 1838; x_wconf 80' lang='lat' dir='ltr'><strong>veterum</strong></span> <span class='ocrx_word' id='word_1_98' title='bbox 922 1789 1215 1852; x_wconf 81' lang='lat' dir='ltr'><strong>variosque</strong></span> <span class='ocrx_word' id='word_1_99' title='bbox 1253 1790 1323 1840; x_wconf 85' lang='lat' dir='ltr'><strong>ad</strong></span> <span class='ocrx_word' id='word_1_100' title='bbox 1357 1805 1490 1841; x_wconf 88' lang='lat' dir='ltr'><strong>usus</strong></span> 
     </span>
     <span class='ocr_line' id='line_1_19' title="bbox 401 1857 1490 1909; baseline 0.001 -1"><span class='ocrx_word' id='word_1_101' title='bbox 401 1858 728 1908; x_wconf 82' lang='lat' dir='ltr'><strong>domesticos</strong></span> <span class='ocrx_word' id='word_1_102' title='bbox 765 1857 1180 1909; x_wconf 77' lang='lat' dir='ltr'><strong>adhibebantur.</strong></span> <span class='ocrx_word' id='word_1_103' title='bbox 1228 1860 1490 1909; x_wconf 85' lang='lat' dir='ltr'><strong>Primitus</strong></span> 
     </span>
     <span class='ocr_line' id='line_1_20' title="bbox 397 1926 1491 1993; baseline 0.001 -15"><span class='ocrx_word' id='word_1_104' title='bbox 397 1927 586 1993; x_wconf 89' lang='lat' dir='ltr'><strong>procul</strong></span> <span class='ocrx_word' id='word_1_105' title='bbox 623 1926 787 1976; x_wconf 89' lang='lat' dir='ltr'><strong>dubio</strong></span> <span class='ocrx_word' id='word_1_106' title='bbox 834 1926 1222 1991; x_wconf 79' lang='lat' dir='ltr'><strong>simplicissimi</strong></span> <span class='ocrx_word' id='word_1_107' title='bbox 1270 1929 1491 1979; x_wconf 79' lang='lat' dir='ltr'><strong>fuerunt</strong></span> 
     </span>
     <span class='ocr_line' id='line_1_21' title="bbox 401 1997 1489 2063; baseline 0.001 -16"><span class='ocrx_word' id='word_1_108' title='bbox 401 1997 580 2063; x_wconf 84' lang='lat' dir='ltr'><strong>specie</strong></span> <span class='ocrx_word' id='word_1_109' title='bbox 620 2011 685 2046; x_wconf 87' lang='lat' dir='ltr'><strong>ac</strong></span> <span class='ocrx_word' id='word_1_110' title='bbox 723 1997 913 2058; x_wconf 83' lang='lat' dir='ltr'><strong>forma,</strong></span> <span class='ocrx_word' id='word_1_111' title='bbox 942 2011 1043 2046; x_wconf 88' lang='lat' dir='ltr'><strong>nec</strong></span> <span class='ocrx_word' id='word_1_112' title='bbox 1080 2012 1204 2047; x_wconf 86' lang='lat' dir='ltr'><strong>aere</strong></span> <span class='ocrx_word' id='word_1_113' title='bbox 1240 1999 1366 2061; x_wconf 83' lang='lat' dir='ltr'><strong>fusi,</strong></span> <span class='ocrx_word' id='word_1_114' title='bbox 1394 1998 1489 2048; x_wconf 91' lang='lat' dir='ltr'><strong>sed</strong></span> 
     </span>
     <span class='ocr_line' id='line_1_22' title="bbox 401 2065 1486 2131; baseline 0.001 -15"><span class='ocrx_word' id='word_1_115' title='bbox 401 2067 595 2117; x_wconf 88' lang='lat' dir='ltr'><strong>malleo</strong></span> <span class='ocrx_word' id='word_1_116' title='bbox 630 2066 782 2115; x_wconf 86' lang='lat' dir='ltr'><strong>ducti</strong></span> <span class='ocrx_word' id='word_1_117' title='bbox 806 2071 973 2131; x_wconf 89' lang='lat' dir='ltr'><strong>atque</strong></span> <span class='ocrx_word' id='word_1_118' title='bbox 997 2065 1166 2116; x_wconf 80' lang='lat' dir='ltr'><strong>clavis</strong></span> <span class='ocrx_word' id='word_1_119' title='bbox 1196 2068 1486 2131; x_wconf 80' lang='lat' dir='ltr'><strong>compacti.</strong></span> 
     </span>
     <span class='ocr_line' id='line_1_23' title="bbox 355 2134 1490 2199; baseline 0.001 -13"><span class='ocrx_word' id='word_1_120' title='bbox 355 2176 366 2186; x_wconf 88' lang='lat'><strong>.</strong></span> <span class='ocrx_word' id='word_1_121' title='bbox 399 2136 535 2187; x_wconf 85' lang='lat' dir='ltr'><strong>Tale</strong></span> <span class='ocrx_word' id='word_1_122' title='bbox 597 2134 869 2199; x_wconf 88' lang='lat' dir='ltr'><strong>tripodum</strong></span> <span class='ocrx_word' id='word_1_123' title='bbox 937 2150 1107 2199; x_wconf 81' lang='lat' dir='ltr'><strong>genus</strong></span> <span class='ocrx_word' id='word_1_124' title='bbox 1163 2136 1490 2187; x_wconf 75' lang='lat' dir='ltr'><strong>describitur</strong></span> 
     </span>
     <span class='ocr_line' id='line_1_24' title="bbox 400 2204 1486 2270; baseline 0.002 -15"><span class='ocrx_word' id='word_1_125' title='bbox 400 2211 596 2270; x_wconf 87' lang='lat' dir='ltr'><strong>poetae</strong></span> <span class='ocrx_word' id='word_1_126' title='bbox 639 2205 694 2253; x_wconf 89' lang='lat' dir='ltr'><strong>in</strong></span> <span class='ocrx_word' id='word_1_127' title='bbox 743 2204 903 2254; x_wconf 84' lang='lat' dir='ltr'><strong>Iliad.</strong></span> <span class='ocrx_word' id='word_1_128' title='bbox 947 2204 1159 2267; x_wconf 87' lang='lat' dir='ltr'>XVIII,</span> <span class='ocrx_word' id='word_1_129' title='bbox 1208 2206 1310 2256; x_wconf 87' lang='grc'><strong>374</strong></span> <span class='ocrx_word' id='word_1_130' title='bbox 1362 2207 1486 2258; x_wconf 90' lang='lat' dir='ltr'><strong>coll.</strong></span> 
     </span>
     <span class='ocr_line' id='line_1_25' title="bbox 402 2273 1489 2341; baseline 0.001 -16"><span class='ocrx_word' id='word_1_131' title='bbox 402 2275 602 2340; x_wconf 85' lang='lat' dir='ltr'><strong>Odyss.</strong></span> <span class='ocrx_word' id='word_1_132' title='bbox 644 2274 740 2336; x_wconf 88' lang='lat' dir='ltr'><strong>IV,</strong></span> <span class='ocrx_word' id='word_1_133' title='bbox 791 2273 912 2325; x_wconf 85' lang='lat'><strong>131.</strong></span> <span class='ocrx_word' id='word_1_134' title='bbox 978 2273 1123 2323; x_wconf 90' lang='lat' dir='ltr'><strong>Hinc</strong></span> <span class='ocrx_word' id='word_1_135' title='bbox 1167 2274 1489 2341; x_wconf 83' lang='lat' dir='ltr'><strong>frequentis-</strong></span> 
     </span>
     <span class='ocr_line' id='line_1_26' title="bbox 402 2342 1487 2409; baseline 0 -15"><span class='ocrx_word' id='word_1_136' title='bbox 402 2345 524 2394; x_wconf 88' lang='lat' dir='ltr'><strong>simi</strong></span> <span class='ocrx_word' id='word_1_137' title='bbox 559 2348 852 2393; x_wconf 85' lang='lat' dir='ltr'><strong>occurrunt</strong></span> <span class='ocrx_word' id='word_1_138' title='bbox 886 2344 943 2393; x_wconf 91' lang='lat' dir='ltr'><strong>in</strong></span> <span class='ocrx_word' id='word_1_139' title='bbox 991 2342 1216 2393; x_wconf 84' lang='lat' dir='ltr'><strong>aedibus</strong></span> <span class='ocrx_word' id='word_1_140' title='bbox 1255 2346 1487 2409; x_wconf 81' lang='lat' dir='ltr'><strong>privatis</strong></span> 
     </span>
     <span class='ocr_line' id='line_1_27' title="bbox 400 2414 1487 2478; baseline 0.002 -14"><span class='ocrx_word' id='word_1_141' title='bbox 400 2415 728 2464; x_wconf 88' lang='lat' dir='ltr'><strong>Graecorum</strong></span> <span class='ocrx_word' id='word_1_142' title='bbox 764 2427 937 2478; x_wconf 85' lang='lat' dir='ltr'><strong>aeque</strong></span> <span class='ocrx_word' id='word_1_143' title='bbox 970 2428 1036 2462; x_wconf 84' lang='lat' dir='ltr'><strong>ac</strong></span> <span class='ocrx_word' id='word_1_144' title='bbox 1073 2414 1393 2477; x_wconf 87' lang='lat' dir='ltr'><strong>templorum</strong></span> <span class='ocrx_word' id='word_1_145' title='bbox 1430 2416 1487 2467; x_wconf 87' lang='lat' dir='ltr'><strong>in</strong></span> 
     </span>
     <span class='ocr_line' id='line_1_28' title="bbox 397 2481 1489 2546; baseline 0.004 -16"><span class='ocrx_word' id='word_1_146' title='bbox 397 2481 687 2533; x_wconf 82' lang='lat' dir='ltr'><strong>vestibulis</strong></span> <span class='ocrx_word' id='word_1_147' title='bbox 730 2487 896 2546; x_wconf 88' lang='lat' dir='ltr'><strong>atque</strong></span> <span class='ocrx_word' id='word_1_148' title='bbox 936 2482 1121 2544; x_wconf 84' lang='lat' dir='ltr'><strong>atriis,</strong></span> <span class='ocrx_word' id='word_1_149' title='bbox 1169 2483 1250 2532; x_wconf 89' lang='lat' dir='ltr'><strong>illi</strong></span> <span class='ocrx_word' id='word_1_150' title='bbox 1301 2500 1366 2534; x_wconf 85' lang='lat' dir='ltr'><strong>ex</strong></span> <span class='ocrx_word' id='word_1_151' title='bbox 1409 2487 1489 2534; x_wconf 84' lang='lat' dir='ltr'><strong>vi·</strong></span> 
     </span>
     <span class='ocr_line' id='line_1_29' title="bbox 399 2550 1487 2617; baseline 0.002 -16"><span class='ocrx_word' id='word_1_152' title='bbox 399 2552 522 2602; x_wconf 88' lang='lat' dir='ltr'><strong>liori</strong></span> <span class='ocrx_word' id='word_1_153' title='bbox 573 2552 766 2616; x_wconf 88' lang='lat' dir='ltr'><strong>opinor</strong></span> <span class='ocrx_word' id='word_1_154' title='bbox 812 2550 1035 2601; x_wconf 89' lang='lat' dir='ltr'><strong>metallo</strong></span> <span class='ocrx_word' id='word_1_155' title='bbox 1092 2553 1356 2615; x_wconf 78' lang='lat' dir='ltr'><strong>confecti3</strong></span> <span class='ocrx_word' id='word_1_156' title='bbox 1411 2554 1487 2617; x_wconf 85' lang='lat' dir='ltr'><strong>hi,</strong></span> 
     </span>
     <span class='ocr_line' id='line_1_30' title="bbox 399 2620 1487 2687; baseline 0.001 -15"><span class='ocrx_word' id='word_1_157' title='bbox 399 2622 492 2686; x_wconf 90' lang='lat' dir='ltr'><strong>qui</strong></span> <span class='ocrx_word' id='word_1_158' title='bbox 540 2620 743 2684; x_wconf 86' lang='lat' dir='ltr'><strong>templa</strong></span> <span class='ocrx_word' id='word_1_159' title='bbox 796 2621 1094 2682; x_wconf 87' lang='lat' dir='ltr'><strong>ornabant,</strong></span> <span class='ocrx_word' id='word_1_160' title='bbox 1151 2624 1369 2687; x_wconf 88' lang='lat' dir='ltr'><strong>saepius</strong></span> <span class='ocrx_word' id='word_1_161' title='bbox 1422 2639 1487 2673; x_wconf 85' lang='lat' dir='ltr'><strong>ex</strong></span> 
     </span>
     <span class='ocr_line' id='line_1_31' title="bbox 399 2690 1488 2752; baseline 0.004 -12"><span class='ocrx_word' id='word_1_162' title='bbox 399 2706 532 2741; x_wconf 88' lang='lat' dir='ltr'><strong>auro</strong></span> <span class='ocrx_word' id='word_1_163' title='bbox 569 2690 794 2740; x_wconf 87' lang='lat' dir='ltr'><strong>conflati</strong></span> <span class='ocrx_word' id='word_1_164' title='bbox 838 2690 1118 2752; x_wconf 88' lang='lat' dir='ltr'><strong>dicuntur,</strong></span> <span class='ocrx_word' id='word_1_165' title='bbox 1166 2692 1260 2741; x_wconf 87' lang='lat' dir='ltr'><strong>nbi</strong></span> <span class='ocrx_word' id='word_1_166' title='bbox 1304 2697 1488 2743; x_wconf 89' lang='lat' dir='ltr'><strong>tamen</strong></span> 
     </span>
     <span class='ocr_line' id='line_1_32' title="bbox 397 2758 1485 2823; baseline 0.003 -13"><span class='ocrx_word' id='word_1_167' title='bbox 397 2776 507 2810; x_wconf 89' lang='lat' dir='ltr'><strong>non</strong></span> <span class='ocrx_word' id='word_1_168' title='bbox 542 2758 715 2810; x_wconf 90' lang='lat' dir='ltr'><strong>solido</strong></span> <span class='ocrx_word' id='word_1_169' title='bbox 754 2775 885 2810; x_wconf 86' lang='lat' dir='ltr'><strong>auro</strong></span> <span class='ocrx_word' id='word_1_170' title='bbox 915 2759 1250 2823; x_wconf 87' lang='lat' dir='ltr'><strong>elaboratos,</strong></span> <span class='ocrx_word' id='word_1_171' title='bbox 1297 2779 1485 2813; x_wconf 82' lang='lat' dir='ltr'><strong>verum</strong></span> 
     </span>
    </p>
   </div>
   <div class='ocr_carea' id='block_1_5' title="bbox 313 2829 1487 2896">
    <p class='ocr_par' dir='ltr' id='par_1_5' title="bbox 313 2829 1487 2896">
     <span class='ocr_line' id='line_1_33' title="bbox 313 2829 1487 2896; baseline 0.002 -16"><span class='ocrx_word' id='word_1_172' title='bbox 313 2887 324 2890; x_wconf 55' lang='grc'>,</span> <span class='ocrx_word' id='word_1_173' title='bbox 396 2845 532 2880; x_wconf 89' lang='lat' dir='ltr'><strong>auro</strong></span> <span class='ocrx_word' id='word_1_174' title='bbox 564 2829 816 2879; x_wconf 87' lang='lat' dir='ltr'><strong>inductos</strong></span> <span class='ocrx_word' id='word_1_175' title='bbox 850 2830 968 2879; x_wconf 80' lang='lat' dir='ltr'><strong>sive</strong></span> <span class='ocrx_word' id='word_1_176' title='bbox 1003 2830 1284 2881; x_wconf 85' lang='lat' dir='ltr'><strong>inauratos</strong></span> <span class='ocrx_word' id='word_1_177' title='bbox 1319 2834 1487 2896; x_wconf 88' lang='lat' dir='ltr'><strong>tripo-</strong></span> 
     </span>
    </p>
   </div>
   <div class='ocr_carea' id='block_1_6' title="bbox 388 2897 1487 4488">
    <p class='ocr_par' dir='ltr' id='par_1_6' title="bbox 392 2897 1487 3727">
     <span class='ocr_line' id='line_1_34' title="bbox 396 2897 1486 2966; baseline 0.003 -17"><span class='ocrx_word' id='word_1_178' title='bbox 396 2899 492 2949; x_wconf 85' lang='lat' dir='ltr'><strong>des</strong></span> <span class='ocrx_word' id='word_1_179' title='bbox 563 2897 798 2964; x_wconf 72' lang='lat' dir='ltr'><strong>intelligi</strong></span> <span class='ocrx_word' id='word_1_180' title='bbox 861 2897 1093 2958; x_wconf 76' lang='lat' dir='ltr'><strong>malunt.</strong></span> <span class='ocrx_word' id='word_1_181' title='bbox 1162 2899 1486 2966; x_wconf 87' lang='lat' dir='ltr'><strong>Delphicum</strong></span> 
     </span>
     <span class='ocr_line' id='line_1_35' title="bbox 395 2967 1484 3036; baseline 0.003 -18"><span class='ocrx_word' id='word_1_182' title='bbox 395 2967 655 3032; x_wconf 87' lang='lat' dir='ltr'><strong>templum</strong></span> <span class='ocrx_word' id='word_1_183' title='bbox 713 2968 1018 3034; x_wconf 88' lang='lat' dir='ltr'><strong>tripodibus</strong></span> <span class='ocrx_word' id='word_1_184' title='bbox 1078 2969 1220 3018; x_wconf 83' lang='lat' dir='ltr'><strong>varii</strong></span> <span class='ocrx_word' id='word_1_185' title='bbox 1243 3021 1254 3029; x_wconf 67' lang='grc'>,</span> <span class='ocrx_word' id='word_1_186' title='bbox 1270 2972 1484 3036; x_wconf 82' lang='lat' dir='ltr'><strong>generis</strong></span> 
     </span>
     <span class='ocr_line' id='line_1_36' title="bbox 398 3038 1487 3104; baseline 0.003 -17"><span class='ocrx_word' id='word_1_187' title='bbox 398 3038 630 3087; x_wconf 84' lang='lat' dir='ltr'><strong>maxime</strong></span> <span class='ocrx_word' id='word_1_188' title='bbox 663 3038 834 3088; x_wconf 85' lang='lat' dir='ltr'><strong>fuisse</strong></span> <span class='ocrx_word' id='word_1_189' title='bbox 861 3038 1103 3102; x_wconf 79' lang='lat' dir='ltr'><strong>insigne,</strong></span> <span class='ocrx_word' id='word_1_190' title='bbox 1141 3054 1298 3089; x_wconf 90' lang='lat' dir='ltr'><strong>nemo</strong></span> <span class='ocrx_word' id='word_1_191' title='bbox 1334 3042 1487 3104; x_wconf 74' lang='lat' dir='ltr'><strong>igno-</strong></span> 
     </span>
     <span class='ocr_line' id='line_1_37' title="bbox 397 3107 1482 3173; baseline 0.002 -16"><span class='ocrx_word' id='word_1_192' title='bbox 397 3111 512 3166; x_wconf 80' lang='lat' dir='ltr'><strong>rat3</strong></span> <span class='ocrx_word' id='word_1_193' title='bbox 554 3111 615 3156; x_wconf 90' lang='lat' dir='ltr'><strong>ut</strong></span> <span class='ocrx_word' id='word_1_194' title='bbox 650 3107 777 3157; x_wconf 89' lang='lat' dir='ltr'><strong>inde</strong></span> <span class='ocrx_word' id='word_1_195' title='bbox 811 3107 1155 3171; x_wconf 87' lang='lat' dir='ltr'><strong>potissimum</strong></span> <span class='ocrx_word' id='word_1_196' title='bbox 1190 3110 1482 3173; x_wconf 88' lang='lat' dir='ltr'><strong>tripodum,</strong></span> 
     </span>
     <span class='ocr_line' id='line_1_38' title="bbox 396 3176 1483 3243; baseline 0.003 -17"><span class='ocrx_word' id='word_1_197' title='bbox 396 3179 665 3241; x_wconf 79' lang='lat' dir='ltr'><strong>quotquot</strong></span> <span class='ocrx_word' id='word_1_198' title='bbox 699 3192 795 3241; x_wconf 90' lang='lat' dir='ltr'><strong>per</strong></span> <span class='ocrx_word' id='word_1_199' title='bbox 822 3176 960 3226; x_wconf 87' lang='lat' dir='ltr'><strong>alias</strong></span> <span class='ocrx_word' id='word_1_200' title='bbox 999 3177 1262 3228; x_wconf 75' lang='lat' dir='ltr'><strong>Graeciae</strong></span> <span class='ocrx_word' id='word_1_201' title='bbox 1299 3184 1483 3243; x_wconf 76' lang='lat' dir='ltr'><strong>partes</strong></span> 
     </span>
     <span class='ocr_line' id='line_1_39' title="bbox 395 3246 1484 3311; baseline 0.002 -15"><span class='ocrx_word' id='word_1_202' title='bbox 395 3249 714 3308; x_wconf 87' lang='lat' dir='ltr'><strong>occurrunt,</strong></span> <span class='ocrx_word' id='word_1_203' title='bbox 749 3246 988 3311; x_wconf 80' lang='lat' dir='ltr'><strong>vestigia</strong></span> <span class='ocrx_word' id='word_1_204' title='bbox 1030 3247 1326 3309; x_wconf 88' lang='lat' dir='ltr'><strong>repetenda</strong></span> <span class='ocrx_word' id='word_1_205' title='bbox 1363 3264 1484 3298; x_wconf 85' lang='lat' dir='ltr'><strong>esse</strong></span> 
     </span>
     <span class='ocr_line' id='line_1_40' title="bbox 393 3315 1483 3378; baseline 0.003 -13"><span class='ocrx_word' id='word_1_206' title='bbox 393 3315 712 3378; x_wconf 79' lang='lat' dir='ltr'><strong>videantur,</strong></span> <span class='ocrx_word' id='word_1_207' title='bbox 758 3330 880 3365; x_wconf 91' lang='lat' dir='ltr'><strong>cum</strong></span> <span class='ocrx_word' id='word_1_208' title='bbox 925 3315 1175 3378; x_wconf 88' lang='lat' dir='ltr'><strong>primitus</strong></span> <span class='ocrx_word' id='word_1_209' title='bbox 1219 3322 1364 3367; x_wconf 87' lang='lat' dir='ltr'><strong>certe</strong></span> <span class='ocrx_word' id='word_1_210' title='bbox 1411 3318 1483 3368; x_wconf 88' lang='lat' dir='ltr'><strong>ad</strong></span> 
     </span>
     <span class='ocr_line' id='line_1_41' title="bbox 394 3382 1486 3453; baseline 0.003 -19"><span class='ocrx_word' id='word_1_211' title='bbox 394 3382 663 3449; x_wconf 74' lang='lat' dir='ltr'><strong>Apollinis</strong></span> <span class='ocrx_word' id='word_1_212' title='bbox 702 3399 861 3434; x_wconf 88' lang='lat' dir='ltr'><strong>sacra</strong></span> <span class='ocrx_word' id='word_1_213' title='bbox 906 3384 988 3433; x_wconf 90' lang='lat' dir='ltr'><strong>illi</strong></span> <span class='ocrx_word' id='word_1_214' title='bbox 1030 3385 1276 3449; x_wconf 80' lang='lat' dir='ltr'><strong>inprimis</strong></span> <span class='ocrx_word' id='word_1_215' title='bbox 1322 3388 1486 3453; x_wconf 88' lang='lat' dir='ltr'><strong>perti-</strong></span> 
     </span>
     <span class='ocr_line' id='line_1_42' title="bbox 392 3452 1485 3517; baseline 0.003 -14"><span class='ocrx_word' id='word_1_216' title='bbox 392 3452 632 3504; x_wconf 87' lang='lat' dir='ltr'><strong>nuerint.</strong></span> <span class='ocrx_word' id='word_1_217' title='bbox 691 3453 850 3504; x_wconf 86' lang='lat' dir='ltr'><strong>Unde</strong></span> <span class='ocrx_word' id='word_1_218' title='bbox 900 3468 1009 3503; x_wconf 88' lang='lat' dir='ltr'><strong>non</strong></span> <span class='ocrx_word' id='word_1_219' title='bbox 1069 3455 1288 3517; x_wconf 90' lang='lat' dir='ltr'><strong>mirum,</strong></span> <span class='ocrx_word' id='word_1_220' title='bbox 1347 3457 1485 3506; x_wconf 88' lang='lat' dir='ltr'><strong>anti-</strong></span> 
     </span>
     <span class='ocr_line' id='line_1_43' title="bbox 392 3493 1486 3588; baseline 0.004 -16"><span class='ocrx_word' id='word_1_221' title='bbox 392 3522 715 3588; x_wconf 86' lang='lat' dir='ltr'><strong>quissimum</strong></span> <span class='ocrx_word' id='word_1_222' title='bbox 761 3522 1030 3587; x_wconf 75' lang='lat' dir='ltr'><strong>Apollinis</strong></span> <span class='ocrx_word' id='word_1_223' title='bbox 1080 3493 1305 3574; x_wconf 73' lang='lat' dir='ltr'><strong>Ismenii</strong></span> <span class='ocrx_word' id='word_1_224' title='bbox 1347 3531 1486 3576; x_wconf 88' lang='lat' dir='ltr'><strong>tem-</strong></span> 
     </span>
     <span class='ocr_line' id='line_1_44' title="bbox 393 3590 1483 3656; baseline 0.004 -15"><span class='ocrx_word' id='word_1_225' title='bbox 393 3592 542 3656; x_wconf 89' lang='lat' dir='ltr'><strong>plum</strong></span> <span class='ocrx_word' id='word_1_226' title='bbox 569 3590 837 3656; x_wconf 86' lang='lat' dir='ltr'><strong>tripodum</strong></span> <span class='ocrx_word' id='word_1_227' title='bbox 864 3591 1104 3642; x_wconf 85' lang='lat' dir='ltr'><strong>donariis</strong></span> <span class='ocrx_word' id='word_1_228' title='bbox 1129 3593 1208 3643; x_wconf 88' lang='lat' dir='ltr'><strong>ita</strong></span> <span class='ocrx_word' id='word_1_229' title='bbox 1235 3600 1483 3645; x_wconf 87' lang='lat' dir='ltr'><strong>ornatum</strong></span> 
     </span>
     <span class='ocr_line' id='line_1_45' title="bbox 394 3660 1480 3728; baseline 0.003 -17"><span class='ocrx_word' id='word_1_230' title='bbox 394 3661 584 3720; x_wconf 80' lang='lat' dir='ltr'><strong>fuisse,</strong></span> <span class='ocrx_word' id='word_1_231' title='bbox 623 3665 686 3710; x_wconf 87' lang='lat' dir='ltr'><strong>ut</strong></span> <span class='ocrx_word' id='word_1_232' title='bbox 724 3676 758 3710; x_wconf 92' lang='lat' dir='ltr'><strong>a</strong></span> <span class='ocrx_word' id='word_1_233' title='bbox 793 3660 1031 3712; x_wconf 76' lang='lat' dir='ltr'><strong>Pindaro</strong></span> <span class='ocrx_word' id='word_1_234' title='bbox 1066 3662 1282 3727; x_wconf 83' lang='lat' dir='ltr'><strong>Pythie.</strong></span> <span class='ocrx_word' id='word_1_235' title='bbox 1321 3665 1480 3728; x_wconf 86' lang='lat' dir='ltr'><strong>XI,7</strong></span> 
     </span>
    </p>

    <p class='ocr_par' dir='ltr' id='par_1_7' title="bbox 388 3667 1486 4488">
     <span class='ocr_line' id='line_1_46' title="bbox 390 3667 1484 3795; baseline 0.003 -15"><span class='ocrx_word' id='word_1_236' title='bbox 390 3726 680 3788; x_wconf 78' lang='lat' dir='ltr'><strong>thesaurus</strong></span> <span class='ocrx_word' id='word_1_237' title='bbox 718 3745 1003 3782; x_wconf 88' lang='lat' dir='ltr'><strong>aureorum</strong></span> <span class='ocrx_word' id='word_1_238' title='bbox 1034 3731 1306 3795; x_wconf 82' lang='lat' dir='ltr'><strong>tripodum</strong></span> <span class='ocrx_word' id='word_1_239' title='bbox 1341 3667 1484 3783; x_wconf 68' lang='lat' dir='ltr'><strong>dice7-</strong></span> 
     </span>
     <span class='ocr_line' id='line_1_47' title="bbox 390 3799 1482 3866; baseline 0.003 -16"><span class='ocrx_word' id='word_1_240' title='bbox 390 3804 559 3850; x_wconf 87' lang='lat' dir='ltr'><strong>retur.</strong></span> <span class='ocrx_word' id='word_1_241' title='bbox 635 3799 756 3861; x_wconf 81' lang='lat' dir='ltr'><strong>Quo</strong></span> <span class='ocrx_word' id='word_1_242' title='bbox 809 3801 1004 3862; x_wconf 87' lang='lat' dir='ltr'><strong>etiam,</strong></span> <span class='ocrx_word' id='word_1_243' title='bbox 1058 3801 1152 3865; x_wconf 88' lang='lat' dir='ltr'><strong>qui</strong></span> <span class='ocrx_word' id='word_1_244' title='bbox 1199 3800 1312 3866; x_wconf 68' lang='lat' dir='ltr'><strong>hoc</strong></span> <span class='ocrx_word' id='word_1_245' title='bbox 1359 3802 1482 3853; x_wconf 86' lang='lat' dir='ltr'><strong>loco</strong></span> 
     </span>
     <span class='ocr_line' id='line_1_48' title="bbox 391 3869 1483 3933; baseline 0.003 -14"><span class='ocrx_word' id='word_1_246' title='bbox 391 3874 879 3919; x_wconf 79' lang='lat' dir='ltr'><strong>commemorantur</strong></span> <span class='ocrx_word' id='word_1_247' title='bbox 939 3869 1212 3933; x_wconf 87' lang='lat' dir='ltr'><strong>tripodes,</strong></span> <span class='ocrx_word' id='word_1_248' title='bbox 1280 3873 1483 3923; x_wconf 80' lang='lat' dir='ltr'><strong>referre</strong></span> 
     </span>
     <span class='ocr_line' id='line_1_49' title="bbox 391 3937 1483 4006; baseline 0.003 -19"><span class='ocrx_word' id='word_1_249' title='bbox 391 3953 556 4003; x_wconf 85' lang='lat' dir='ltr'><strong>posse</strong></span> <span class='ocrx_word' id='word_1_250' title='bbox 591 3937 722 3987; x_wconf 89' lang='lat' dir='ltr'><strong>mihi</strong></span> <span class='ocrx_word' id='word_1_251' title='bbox 759 3939 969 3990; x_wconf 86' lang='lat' dir='ltr'><strong>videor.</strong></span> <span class='ocrx_word' id='word_1_252' title='bbox 1031 3939 1110 3989; x_wconf 85' lang='lat' dir='ltr'><strong>Ac</strong></span> <span class='ocrx_word' id='word_1_253' title='bbox 1145 3954 1278 3990; x_wconf 86' lang='lat' dir='ltr'><strong>sane</strong></span> <span class='ocrx_word' id='word_1_254' title='bbox 1314 3942 1483 4006; x_wconf 88' lang='lat' dir='ltr'><strong>tripo-</strong></span> 
     </span>
     <span class='ocr_line' id='line_1_50' title="bbox 393 4006 1482 4060; baseline 0.003 -4"><span class='ocrx_word' id='word_1_255' title='bbox 393 4007 553 4057; x_wconf 88' lang='lat' dir='ltr'><strong>dibus</strong></span> <span class='ocrx_word' id='word_1_256' title='bbox 576 4008 662 4056; x_wconf 69' lang='grc' dir='ltr'><strong>ἰιι</strong></span> <span class='ocrx_word' id='word_1_257' title='bbox 709 4006 1054 4059; x_wconf 84' lang='lat' dir='ltr'><strong>donariorum</strong></span> <span class='ocrx_word' id='word_1_258' title='bbox 1099 4024 1482 4060; x_wconf 85' lang='lat' dir='ltr'><strong>commemora-</strong></span> 
     </span>
     <span class='ocr_line' id='line_1_51' title="bbox 389 4075 1481 4144; baseline 0.002 -17"><span class='ocrx_word' id='word_1_259' title='bbox 389 4077 540 4127; x_wconf 83' lang='lat' dir='ltr'><strong>tione</strong></span> <span class='ocrx_word' id='word_1_260' title='bbox 576 4075 712 4126; x_wconf 87' lang='lat' dir='ltr'><strong>nihil</strong></span> <span class='ocrx_word' id='word_1_261' title='bbox 747 4077 1104 4142; x_wconf 87' lang='lat' dir='ltr'><strong>frequentius.</strong></span> <span class='ocrx_word' id='word_1_262' title='bbox 1166 4079 1250 4128; x_wconf 90' lang='lat' dir='ltr'><strong>De</strong></span> <span class='ocrx_word' id='word_1_263' title='bbox 1285 4080 1481 4144; x_wconf 84' lang='lat' dir='ltr'><strong>quibus</strong></span> 
     </span>
     <span class='ocr_line' id='line_1_52' title="bbox 391 4146 1484 4211; baseline 0.001 -15"><span class='ocrx_word' id='word_1_264' title='bbox 391 4146 614 4211; x_wconf 85' lang='lat' dir='ltr'><strong>copiose</strong></span> <span class='ocrx_word' id='word_1_265' title='bbox 652 4148 902 4211; x_wconf 84' lang='lat' dir='ltr'><strong>exposuit</strong></span> <span class='ocrx_word' id='word_1_266' title='bbox 939 4146 1000 4198; x_wconf 88' lang='lat' dir='ltr'><strong>C.</strong></span> <span class='ocrx_word' id='word_1_267' title='bbox 1041 4147 1109 4197; x_wconf 93' lang='grc' dir='ltr'><strong>Ο.</strong></span> <span class='ocrx_word' id='word_1_268' title='bbox 1139 4147 1384 4199; x_wconf 82' lang='lat' dir='ltr'><strong>Mueller.</strong></span> <span class='ocrx_word' id='word_1_269' title='bbox 1425 4148 1484 4197; x_wconf 89' lang='lat' dir='ltr'><strong>in</strong></span> 
     </span>
     <span class='ocr_line' id='line_1_53' title="bbox 389 4214 1480 4281; baseline 0.003 -17"><span class='ocrx_word' id='word_1_270' title='bbox 389 4214 696 4280; x_wconf 77' lang='lat' dir='ltr'><strong>Boettigeri</strong></span> <span class='ocrx_word' id='word_1_271' title='bbox 729 4215 966 4266; x_wconf 81' lang='lat' dir='ltr'><strong>Amalth.</strong></span> <span class='ocrx_word' id='word_1_272' title='bbox 1009 4216 1055 4266; x_wconf 92' lang='grc' dir='ltr'><strong>Ι.</strong></span> <span class='ocrx_word' id='word_1_273' title='bbox 1094 4232 1150 4279; x_wconf 89' lang='lat' dir='ltr'><strong>p.</strong></span> <span class='ocrx_word' id='word_1_274' title='bbox 1191 4215 1291 4267; x_wconf 86' lang='grc'><strong>123</strong></span> <span class='ocrx_word' id='word_1_275' title='bbox 1328 4232 1480 4281; x_wconf 85' lang='lat' dir='ltr'><strong>seqq.</strong></span> 
     </span>
     <span class='ocr_line' id='line_1_54' title="bbox 388 4283 1484 4350; baseline 0.002 -16"><span class='ocrx_word' id='word_1_276' title='bbox 388 4283 501 4334; x_wconf 87' lang='lat'><strong>111.</strong></span> <span class='ocrx_word' id='word_1_277' title='bbox 540 4298 664 4348; x_wconf 85' lang='lat' dir='ltr'><strong>pag.</strong></span> <span class='ocrx_word' id='word_1_278' title='bbox 707 4284 774 4335; x_wconf 78' lang='lat'><strong>23</strong></span> <span class='ocrx_word' id='word_1_279' title='bbox 821 4300 976 4350; x_wconf 84' lang='lat' dir='ltr'><strong>seqq.</strong></span> <span class='ocrx_word' id='word_1_280' title='bbox 1019 4285 1245 4335; x_wconf 76' lang='lat' dir='ltr'><strong>Handb.</strong></span> <span class='ocrx_word' id='word_1_281' title='bbox 1289 4286 1344 4336; x_wconf 90' lang='lat' dir='ltr'><strong>d.</strong></span> <span class='ocrx_word' id='word_1_282' title='bbox 1381 4286 1484 4336; x_wconf 84' lang='lat' dir='ltr'><strong>Ar·</strong></span> 
     </span>
     <span class='ocr_line' id='line_1_55' title="bbox 389 4351 1484 4417; baseline 0.004 -16"><span class='ocrx_word' id='word_1_283' title='bbox 389 4351 669 4416; x_wconf 79' lang='lat' dir='ltr'><strong>chaeolog.</strong></span> <span class='ocrx_word' id='word_1_284' title='bbox 729 4356 781 4416; x_wconf 64' lang='grc' dir='ltr'><strong>ξ.</strong></span> <span class='ocrx_word' id='word_1_285' title='bbox 851 4355 920 4404; x_wconf 76' lang='grc'><strong>89</strong></span> <span class='ocrx_word' id='word_1_286' title='bbox 983 4353 1067 4417; x_wconf 71' lang='lat' dir='ltr'><strong>ed.</strong></span> <span class='ocrx_word' id='word_1_287' title='bbox 1126 4358 1255 4405; x_wconf 88' lang='lat' dir='ltr'><strong>tert.</strong></span> <span class='ocrx_word' id='word_1_288' title='bbox 1323 4354 1484 4406; x_wconf 79' lang='lat' dir='ltr'><strong>Gens.</strong></span> 
     </span>
     <span class='ocr_line' id='line_1_56' title="bbox 389 4421 1486 4488; baseline 0.004 -17"><span class='ocrx_word' id='word_1_289' title='bbox 389 4421 555 4473; x_wconf 85' lang='lat' dir='ltr'><strong>etiam</strong></span> <span class='ocrx_word' id='word_1_290' title='bbox 590 4422 737 4472; x_wconf 87' lang='lat' dir='ltr'><strong>infra</strong></span> <span class='ocrx_word' id='word_1_291' title='bbox 770 4422 842 4473; x_wconf 90' lang='lat' dir='ltr'><strong>ad</strong></span> <span class='ocrx_word' id='word_1_292' title='bbox 887 4423 933 4488; x_wconf 92' lang='lat'><strong>1,</strong></span> <span class='ocrx_word' id='word_1_293' title='bbox 983 4423 1084 4473; x_wconf 88' lang='grc'><strong>144</strong></span> <span class='ocrx_word' id='word_1_294' title='bbox 1119 4427 1259 4473; x_wconf 83' lang='grc' dir='ltr'>ιιοιι.</span> <span class='ocrx_word' id='word_1_295' title='bbox 1296 4454 1368 4463; x_wconf 92' lang='grc'>-</span> <span class='ocrx_word' id='word_1_296' title='bbox 1399 4423 1486 4475; x_wconf 87' lang='lat' dir='ltr'><strong>De</strong></span> 
     </span>
    </p>
   </div>
   <div class='ocr_carea' id='block_1_7' title="bbox 1578 954 2715 4489">
    <p class='ocr_par' dir='ltr' id='par_1_8' title="bbox 1592 954 2684 1077">
     <span class='ocr_line' id='line_1_57' title="bbox 1594 954 2684 1022; baseline 0.002 -17"><span class='ocrx_word' id='word_1_297' title='bbox 1594 957 1829 1021; x_wconf 77' lang='lat' dir='ltr'><strong>Apolline</strong></span> <span class='ocrx_word' id='word_1_298' title='bbox 1862 957 2077 1008; x_wconf 76' lang='lat' dir='ltr'><strong>Ismem‘o</strong></span> <span class='ocrx_word' id='word_1_299' title='bbox 2110 954 2256 1006; x_wconf 83' lang='lat' dir='ltr'><strong>conf.</strong></span> <span class='ocrx_word' id='word_1_300' title='bbox 2303 956 2349 1020; x_wconf 91' lang='lat'><strong>1,</strong></span> <span class='ocrx_word' id='word_1_301' title='bbox 2393 957 2460 1007; x_wconf 85' lang='lat'><strong>52</strong></span> <span class='ocrx_word' id='word_1_302' title='bbox 2501 955 2684 1022; x_wconf 86' lang='lat' dir='ltr'><strong>ibique</strong></span> 
     </span>
     <span class='ocr_line' id='line_1_58' title="bbox 1592 1025 2325 1086; baseline 0 -9"><span class='ocrx_word' id='word_1_303' title='bbox 1592 1031 1733 1077; x_wconf 90' lang='lat' dir='ltr'><strong>nott.</strong></span> <span class='ocrx_word' id='word_1_304' title='bbox 1771 1026 1847 1085; x_wconf 89' lang='lat' dir='ltr'><strong>V,</strong></span> <span class='ocrx_word' id='word_1_305' title='bbox 1886 1026 1971 1077; x_wconf 80' lang='lat'><strong>59.</strong></span> <span class='ocrx_word' id='word_1_306' title='bbox 2007 1026 2166 1086; x_wconf 87' lang='lat' dir='ltr'>VIII,</span> <span class='ocrx_word' id='word_1_307' title='bbox 2206 1025 2325 1077; x_wconf 80' lang='lat'><strong>134.</strong></span> 
     </span>
    </p>

    <p class='ocr_par' dir='ltr' id='par_1_9' title="bbox 1586 1086 2715 3161">
     <span class='ocr_line' id='line_1_59' title="bbox 1664 1086 2683 1174; baseline 0.001 -30"><span class='ocrx_word' id='word_1_308' title='bbox 1664 1088 1726 1145; x_wconf 79' lang='grc' dir='ltr'><strong>ἐν</strong></span> <span class='ocrx_word' id='word_1_309' title='bbox 1749 1088 1813 1144; x_wconf 76' lang='grc' dir='ltr'><strong>δὲ</strong></span> <span class='ocrx_word' id='word_1_310' title='bbox 1842 1091 2060 1174; x_wconf 78' lang='grc' dir='ltr'><strong><em>Ἐφέσῳ</em></strong></span> <span class='ocrx_word' id='word_1_311' title='bbox 2109 1091 2181 1143; x_wconf 79' lang='grc' dir='ltr'><strong>αἴ</strong></span> <span class='ocrx_word' id='word_1_312' title='bbox 2203 1109 2262 1144; x_wconf 81' lang='grc' dir='ltr'><strong>τε</strong></span> <span class='ocrx_word' id='word_1_313' title='bbox 2295 1086 2424 1161; x_wconf 76' lang='grc' dir='ltr'><strong><em>βόες</em></strong></span> <span class='ocrx_word' id='word_1_314' title='bbox 2450 1088 2515 1144; x_wconf 81' lang='grc' dir='ltr'><strong>αἴ</strong></span> <span class='ocrx_word' id='word_1_315' title='bbox 2549 1087 2683 1160; x_wconf 77' lang='grc' dir='ltr'><em>χρύ-</em></span> 
     </span>
     <span class='ocr_line' id='line_1_60' title="bbox 1595 1156 2715 1230; baseline -0.002 -14"><span class='ocrx_word' id='word_1_316' title='bbox 1595 1179 1716 1216; x_wconf 75' lang='grc' dir='ltr'>σεαι</span> <span class='ocrx_word' id='word_1_317' title='bbox 1761 1161 1856 1217; x_wconf 77' lang='grc' dir='ltr'><strong>καὶ</strong></span> <span class='ocrx_word' id='word_1_318' title='bbox 1912 1163 2027 1215; x_wconf 74' lang='grc' dir='ltr'><strong>τῶν</strong></span> <span class='ocrx_word' id='word_1_319' title='bbox 2073 1156 2287 1214; x_wconf 77' lang='grc' dir='ltr'>κιόνων</span> <span class='ocrx_word' id='word_1_320' title='bbox 2335 1159 2401 1215; x_wconf 79' lang='grc' dir='ltr'><strong>αἱ</strong></span> <span class='ocrx_word' id='word_1_321' title='bbox 2442 1165 2715 1230; x_wconf 74' lang='grc' dir='ltr'><strong>πολλαί]“</strong></span> 
     </span>
     <span class='ocr_line' id='line_1_61' title="bbox 1592 1234 2680 1299; baseline -0.001 -13"><span class='ocrx_word' id='word_1_322' title='bbox 1592 1238 1678 1286; x_wconf 88' lang='lat' dir='ltr'><strong>Ex</strong></span> <span class='ocrx_word' id='word_1_323' title='bbox 1724 1234 1828 1284; x_wconf 89' lang='lat' dir='ltr'><strong>hoc</strong></span> <span class='ocrx_word' id='word_1_324' title='bbox 1872 1235 1992 1286; x_wconf 91' lang='lat' dir='ltr'><strong>loco</strong></span> <span class='ocrx_word' id='word_1_325' title='bbox 2052 1234 2285 1299; x_wconf 87' lang='lat' dir='ltr'><strong>aliisque</strong></span> <span class='ocrx_word' id='word_1_326' title='bbox 2333 1234 2563 1285; x_wconf 87' lang='lat' dir='ltr'><strong>adiectis</strong></span> <span class='ocrx_word' id='word_1_327' title='bbox 2610 1234 2680 1298; x_wconf 91' lang='lat'><strong>(1,</strong></span> 
     </span>
     <span class='ocr_line' id='line_1_62' title="bbox 1594 1302 2681 1368; baseline -0.002 -12"><span class='ocrx_word' id='word_1_328' title='bbox 1594 1305 1682 1356; x_wconf 86' lang='grc'><strong>26.</strong></span> <span class='ocrx_word' id='word_1_329' title='bbox 1725 1305 1812 1364; x_wconf 87' lang='grc' dir='ltr'><strong>ΙΙ,</strong></span> <span class='ocrx_word' id='word_1_330' title='bbox 1846 1305 1929 1356; x_wconf 89' lang='grc'><strong>10.</strong></span> <span class='ocrx_word' id='word_1_331' title='bbox 1969 1302 2097 1368; x_wconf 83' lang='grc'><strong>148)</strong></span> <span class='ocrx_word' id='word_1_332' title='bbox 2130 1303 2275 1353; x_wconf 89' lang='lat' dir='ltr'><strong>haud</strong></span> <span class='ocrx_word' id='word_1_333' title='bbox 2311 1304 2452 1355; x_wconf 85' lang='lat' dir='ltr'><strong>male</strong></span> <span class='ocrx_word' id='word_1_334' title='bbox 2486 1305 2542 1356; x_wconf 89' lang='lat' dir='ltr'><strong>id</strong></span> <span class='ocrx_word' id='word_1_335' title='bbox 2575 1306 2681 1356; x_wconf 89' lang='lat' dir='ltr'><strong>col-</strong></span> 
     </span>
     <span class='ocr_line' id='line_1_63' title="bbox 1594 1372 2679 1439; baseline 0.001 -15"><span class='ocrx_word' id='word_1_336' title='bbox 1594 1374 1729 1438; x_wconf 84' lang='lat' dir='ltr'><strong>legit</strong></span> <span class='ocrx_word' id='word_1_337' title='bbox 1762 1374 1947 1439; x_wconf 85' lang='lat' dir='ltr'><strong>Heyse</strong></span> <span class='ocrx_word' id='word_1_338' title='bbox 1987 1374 2212 1436; x_wconf 81' lang='lat' dir='ltr'><strong>Quaest.</strong></span> <span class='ocrx_word' id='word_1_339' title='bbox 2260 1372 2502 1424; x_wconf 87' lang='lat' dir='ltr'><strong>Herodd.</strong></span> <span class='ocrx_word' id='word_1_340' title='bbox 2541 1376 2584 1425; x_wconf 89' lang='grc' dir='ltr'><strong>Ι.</strong></span> <span class='ocrx_word' id='word_1_341' title='bbox 2626 1391 2679 1439; x_wconf 90' lang='lat' dir='ltr'><strong>p.</strong></span> 
     </span>
     <span class='ocr_line' id='line_1_64' title="bbox 1594 1443 2685 1509; baseline -0.001 -15"><span class='ocrx_word' id='word_1_342' title='bbox 1594 1443 1682 1507; x_wconf 88' lang='lat'><strong>88,</strong></span> <span class='ocrx_word' id='word_1_343' title='bbox 1732 1443 2072 1495; x_wconf 89' lang='lat' dir='ltr'><strong>Herodotum</strong></span> <span class='ocrx_word' id='word_1_344' title='bbox 2120 1443 2297 1508; x_wconf 91' lang='lat' dir='ltr'><strong>ipsum</strong></span> <span class='ocrx_word' id='word_1_345' title='bbox 2344 1443 2548 1509; x_wconf 84' lang='lat' dir='ltr'><strong>Ephesi</strong></span> <span class='ocrx_word' id='word_1_346' title='bbox 2596 1459 2685 1493; x_wconf 87' lang='lat' dir='ltr'><strong>ur-</strong></span> 
     </span>
     <span class='ocr_line' id='line_1_65' title="bbox 1593 1512 2683 1579; baseline -0.002 -15"><span class='ocrx_word' id='word_1_347' title='bbox 1593 1515 1717 1564; x_wconf 88' lang='lat' dir='ltr'><strong>bem</strong></span> <span class='ocrx_word' id='word_1_348' title='bbox 1765 1513 1937 1564; x_wconf 87' lang='lat' dir='ltr'><strong>adiise</strong></span> <span class='ocrx_word' id='word_1_349' title='bbox 1983 1514 2273 1579; x_wconf 88' lang='lat' dir='ltr'><strong>ipsumque</strong></span> <span class='ocrx_word' id='word_1_350' title='bbox 2311 1512 2447 1564; x_wconf 87' lang='lat' dir='ltr'><strong>haec</strong></span> <span class='ocrx_word' id='word_1_351' title='bbox 2495 1513 2683 1564; x_wconf 87' lang='lat' dir='ltr'><strong>Croesi</strong></span> 
     </span>
     <span class='ocr_line' id='line_1_66' title="bbox 1595 1582 2681 1649; baseline -0.003 -15"><span class='ocrx_word' id='word_1_352' title='bbox 1595 1583 1825 1634; x_wconf 86' lang='lat' dir='ltr'><strong>donaria</strong></span> <span class='ocrx_word' id='word_1_353' title='bbox 1895 1582 2274 1649; x_wconf 87' lang='lat' dir='ltr'><strong>conspexisse,</strong></span> <span class='ocrx_word' id='word_1_354' title='bbox 2343 1598 2483 1647; x_wconf 89' lang='lat' dir='ltr'><strong>quae</strong></span> <span class='ocrx_word' id='word_1_355' title='bbox 2543 1583 2681 1633; x_wconf 83' lang='lat' dir='ltr'><strong>satis</strong></span> 
     </span>
     <span class='ocr_line' id='line_1_67' title="bbox 1594 1652 2681 1717; baseline -0.002 -13"><span class='ocrx_word' id='word_1_356' title='bbox 1594 1653 1891 1716; x_wconf 88' lang='lat' dir='ltr'><strong>conspicua</strong></span> <span class='ocrx_word' id='word_1_357' title='bbox 1918 1659 2083 1717; x_wconf 88' lang='lat' dir='ltr'><strong>atque</strong></span> <span class='ocrx_word' id='word_1_358' title='bbox 2103 1653 2245 1701; x_wconf 88' lang='lat' dir='ltr'><strong>inter</strong></span> <span class='ocrx_word' id='word_1_359' title='bbox 2263 1652 2499 1702; x_wconf 87' lang='lat' dir='ltr'><strong>Graecos</strong></span> <span class='ocrx_word' id='word_1_360' title='bbox 2522 1652 2681 1703; x_wconf 84' lang='lat' dir='ltr'><strong>valde</strong></span> 
     </span>
     <span class='ocr_line' id='line_1_68' title="bbox 1595 1721 2681 1784; baseline -0.003 -12"><span class='ocrx_word' id='word_1_361' title='bbox 1595 1721 1871 1772; x_wconf 87' lang='lat' dir='ltr'><strong>celebrata</strong></span> <span class='ocrx_word' id='word_1_362' title='bbox 1911 1723 2114 1784; x_wconf 79' lang='lat' dir='ltr'><strong>fuisse,</strong></span> <span class='ocrx_word' id='word_1_363' title='bbox 2161 1721 2249 1771; x_wconf 82' lang='lat' dir='ltr'><strong>vel</strong></span> <span class='ocrx_word' id='word_1_364' title='bbox 2289 1722 2552 1772; x_wconf 80' lang='lat' dir='ltr'><strong>articulus</strong></span> <span class='ocrx_word' id='word_1_365' title='bbox 2596 1722 2681 1770; x_wconf 88' lang='lat' dir='ltr'><strong>bis</strong></span> 
     </span>
     <span class='ocr_line' id='line_1_69' title="bbox 1593 1790 2681 1857; baseline -0.003 -15"><span class='ocrx_word' id='word_1_366' title='bbox 1593 1792 1804 1857; x_wconf 87' lang='lat' dir='ltr'><strong>positus</strong></span> <span class='ocrx_word' id='word_1_367' title='bbox 1841 1791 1930 1840; x_wconf 89' lang='lat' dir='ltr'><strong>hic</strong></span> <span class='ocrx_word' id='word_1_368' title='bbox 1964 1791 2207 1840; x_wconf 84' lang='lat' dir='ltr'><strong>indicare</strong></span> <span class='ocrx_word' id='word_1_369' title='bbox 2243 1791 2460 1854; x_wconf 79' lang='lat' dir='ltr'><strong>poterit.</strong></span> <span class='ocrx_word' id='word_1_370' title='bbox 2525 1790 2681 1852; x_wconf 84' lang='lat' dir='ltr'><strong>Quod</strong></span> 
     </span>
     <span class='ocr_line' id='line_1_70' title="bbox 1592 1859 2682 1924; baseline -0.001 -14"><span class='ocrx_word' id='word_1_371' title='bbox 1592 1876 1721 1910; x_wconf 84' lang='lat' dir='ltr'><strong>vero</strong></span> <span class='ocrx_word' id='word_1_372' title='bbox 1757 1862 1958 1910; x_wconf 86' lang='lat' dir='ltr'><strong>Noster</strong></span> <span class='ocrx_word' id='word_1_373' title='bbox 1982 1860 2036 1910; x_wconf 92' lang='lat' dir='ltr'><strong>h.</strong></span> <span class='ocrx_word' id='word_1_374' title='bbox 2073 1860 2112 1909; x_wconf 93' lang='lat' dir='ltr'><strong>l.</strong></span> <span class='ocrx_word' id='word_1_375' title='bbox 2151 1859 2448 1909; x_wconf 79' lang='lat' dir='ltr'><strong>foeminino</strong></span> <span class='ocrx_word' id='word_1_376' title='bbox 2483 1874 2682 1924; x_wconf 83' lang='lat' dir='ltr'><strong>genere</strong></span> 
     </span>
     <span class='ocr_line' id='line_1_71' title="bbox 1594 1928 2682 1993; baseline -0.002 -13"><span class='ocrx_word' id='word_1_377' title='bbox 1594 1930 1842 1980; x_wconf 85' lang='lat' dir='ltr'><strong>adhibuit</strong></span> <span class='ocrx_word' id='word_1_378' title='bbox 1876 1945 2065 1980; x_wconf 80' lang='lat' dir='ltr'><strong>vocem</strong></span> <span class='ocrx_word' id='word_1_379' title='bbox 2100 1928 2261 1989; x_wconf 73' lang='grc' dir='ltr'>κίων,</span> <span class='ocrx_word' id='word_1_380' title='bbox 2300 1930 2391 1993; x_wconf 89' lang='lat' dir='ltr'><strong>qui</strong></span> <span class='ocrx_word' id='word_1_381' title='bbox 2429 1928 2682 1978; x_wconf 86' lang='lat' dir='ltr'><strong>masculi-</strong></span> 
     </span>
     <span class='ocr_line' id='line_1_72' title="bbox 1591 1997 2681 2062; baseline 0 -14"><span class='ocrx_word' id='word_1_382' title='bbox 1591 2015 1719 2049; x_wconf 89' lang='lat' dir='ltr'><strong>num</strong></span> <span class='ocrx_word' id='word_1_383' title='bbox 1757 1998 1895 2049; x_wconf 84' lang='lat' dir='ltr'><strong>dixit</strong></span> <span class='ocrx_word' id='word_1_384' title='bbox 1934 1999 2030 2060; x_wconf 88' lang='lat' dir='ltr'><strong>IV,</strong></span> <span class='ocrx_word' id='word_1_385' title='bbox 2073 1999 2188 2059; x_wconf 84' lang='lat'>184,</span> <span class='ocrx_word' id='word_1_386' title='bbox 2230 1997 2357 2048; x_wconf 89' lang='lat' dir='ltr'><strong>inde</strong></span> <span class='ocrx_word' id='word_1_387' title='bbox 2391 2002 2453 2047; x_wconf 90' lang='lat' dir='ltr'><strong>ut</strong></span> <span class='ocrx_word' id='word_1_388' title='bbox 2485 2013 2681 2062; x_wconf 83' lang='lat' dir='ltr'><strong>aequa-</strong></span> 
     </span>
     <span class='ocr_line' id='line_1_73' title="bbox 1591 2066 2681 2133; baseline 0 -16"><span class='ocrx_word' id='word_1_389' title='bbox 1591 2068 1778 2118; x_wconf 84' lang='lat' dir='ltr'><strong>bilitas</strong></span> <span class='ocrx_word' id='word_1_390' title='bbox 1822 2067 2088 2133; x_wconf 86' lang='lat' dir='ltr'><strong>quaedam</strong></span> <span class='ocrx_word' id='word_1_391' title='bbox 2137 2068 2192 2116; x_wconf 88' lang='lat' dir='ltr'><strong>in</strong></span> <span class='ocrx_word' id='word_1_392' title='bbox 2231 2066 2337 2117; x_wconf 89' lang='lat' dir='ltr'><strong>hac</strong></span> <span class='ocrx_word' id='word_1_393' title='bbox 2385 2084 2522 2118; x_wconf 83' lang='lat' dir='ltr'><strong>voce</strong></span> <span class='ocrx_word' id='word_1_394' title='bbox 2567 2084 2681 2117; x_wconf 88' lang='lat' dir='ltr'><strong>ser-</strong></span> 
     </span>
     <span class='ocr_line' id='line_1_74' title="bbox 1590 2135 2678 2203; baseline 0 -16"><span class='ocrx_word' id='word_1_395' title='bbox 1590 2143 1766 2198; x_wconf 83' lang='lat' dir='ltr'><strong>vetur,</strong></span> <span class='ocrx_word' id='word_1_396' title='bbox 1784 2137 1887 2187; x_wconf 89' lang='lat' dir='ltr'><strong>hoc</strong></span> <span class='ocrx_word' id='word_1_397' title='bbox 1916 2152 2130 2203; x_wconf 89' lang='lat' dir='ltr'><strong>quoque</strong></span> <span class='ocrx_word' id='word_1_398' title='bbox 2164 2135 2284 2186; x_wconf 91' lang='lat' dir='ltr'><strong>loco</strong></span> <span class='ocrx_word' id='word_1_399' title='bbox 2321 2137 2678 2187; x_wconf 86' lang='lat' dir='ltr'><strong>masculinum</strong></span> 
     </span>
     <span class='ocr_line' id='line_1_75' title="bbox 1593 2202 2680 2272; baseline 0.001 -15"><span class='ocrx_word' id='word_1_400' title='bbox 1593 2202 1677 2270; x_wconf 82' lang='grc' dir='ltr'><strong>(οἷ</strong></span> <span class='ocrx_word' id='word_1_401' title='bbox 1713 2202 1937 2271; x_wconf 78' lang='grc' dir='ltr'><em>πολλοὶ)</em></span> <span class='ocrx_word' id='word_1_402' title='bbox 1975 2211 2263 2272; x_wconf 71' lang='lat' dir='ltr'><strong>praestare*</strong></span> <span class='ocrx_word' id='word_1_403' title='bbox 2297 2207 2516 2258; x_wconf 81' lang='lat' dir='ltr'><strong>videtur</strong></span> <span class='ocrx_word' id='word_1_404' title='bbox 2552 2209 2680 2258; x_wconf 92' lang='lat' dir='ltr'><strong>Bre-</strong></span> 
     </span>
     <span class='ocr_line' id='line_1_76' title="bbox 1593 2276 2677 2340; baseline -0.001 -13"><span class='ocrx_word' id='word_1_405' title='bbox 1593 2278 1755 2328; x_wconf 83' lang='lat' dir='ltr'><strong>dovio</strong></span> <span class='ocrx_word' id='word_1_406' title='bbox 1786 2293 1840 2340; x_wconf 91' lang='lat' dir='ltr'><strong>p.</strong></span> <span class='ocrx_word' id='word_1_407' title='bbox 1877 2278 1965 2327; x_wconf 82' lang='lat'><strong>52.</strong></span> <span class='ocrx_word' id='word_1_408' title='bbox 2003 2278 2091 2328; x_wconf 87' lang='lat' dir='ltr'><strong>Tu</strong></span> <span class='ocrx_word' id='word_1_409' title='bbox 2121 2276 2236 2328; x_wconf 82' lang='lat' dir='ltr'><strong>vid.</strong></span> <span class='ocrx_word' id='word_1_410' title='bbox 2290 2282 2431 2328; x_wconf 88' lang='lat' dir='ltr'><strong>nott.</strong></span> <span class='ocrx_word' id='word_1_411' title='bbox 2475 2277 2544 2326; x_wconf 82' lang='lat' dir='ltr'><strong>ad</strong></span> <span class='ocrx_word' id='word_1_412' title='bbox 2579 2278 2677 2339; x_wconf 89' lang='lat' dir='ltr'><strong>IV,</strong></span> 
     </span>
     <span class='ocr_line' id='line_1_77' title="bbox 1593 2346 2678 2398; baseline -0.002 0"><span class='ocrx_word' id='word_1_413' title='bbox 1593 2347 1713 2398; x_wconf 86' lang='grc'><strong>184.</strong></span> <span class='ocrx_word' id='word_1_414' title='bbox 1764 2348 1884 2397; x_wconf 84' lang='lat' dir='ltr'><strong>Has</strong></span> <span class='ocrx_word' id='word_1_415' title='bbox 1919 2363 2047 2397; x_wconf 83' lang='lat' dir='ltr'><strong>vero</strong></span> <span class='ocrx_word' id='word_1_416' title='bbox 2095 2346 2374 2398; x_wconf 85' lang='lat' dir='ltr'><strong>columnas</strong></span> <span class='ocrx_word' id='word_1_417' title='bbox 2407 2364 2440 2397; x_wconf 89' lang='lat' dir='ltr'><strong>a</strong></span> <span class='ocrx_word' id='word_1_418' title='bbox 2476 2347 2678 2397; x_wconf 88' lang='lat' dir='ltr'><strong>Croeso</strong></span> 
     </span>
     <span class='ocr_line' id='line_1_78' title="bbox 1592 2416 2677 2482; baseline 0 -15"><span class='ocrx_word' id='word_1_419' title='bbox 1592 2418 1822 2468; x_wconf 81' lang='lat' dir='ltr'><strong>donatas</strong></span> <span class='ocrx_word' id='word_1_420' title='bbox 1871 2416 2087 2467; x_wconf 85' lang='lat' dir='ltr'><strong>Urlichs</strong></span> <span class='ocrx_word' id='word_1_421' title='bbox 2139 2416 2362 2482; x_wconf 83' lang='lat' dir='ltr'><strong>(Rhein.</strong></span> <span class='ocrx_word' id='word_1_422' title='bbox 2414 2417 2558 2468; x_wconf 82' lang='lat' dir='ltr'><strong>Mus.</strong></span> <span class='ocrx_word' id='word_1_423' title='bbox 2607 2417 2677 2467; x_wconf 86' lang='lat' dir='ltr'><strong>N.</strong></span> 
     </span>
     <span class='ocr_line' id='line_1_79' title="bbox 1589 2486 2679 2552; baseline -0.001 -16"><span class='ocrx_word' id='word_1_424' title='bbox 1589 2488 1653 2536; x_wconf 81' lang='lat' dir='ltr'><strong>F.</strong></span> <span class='ocrx_word' id='word_1_425' title='bbox 1693 2488 1761 2536; x_wconf 88' lang='lat' dir='ltr'><strong>X.</strong></span> <span class='ocrx_word' id='word_1_426' title='bbox 1798 2502 1851 2550; x_wconf 89' lang='lat' dir='ltr'><strong>p.</strong></span> <span class='ocrx_word' id='word_1_427' title='bbox 1883 2487 1969 2552; x_wconf 91' lang='grc'><strong>10)</strong></span> <span class='ocrx_word' id='word_1_428' title='bbox 2007 2486 2317 2550; x_wconf 86' lang='lat' dir='ltr'><strong>suspicatur</strong></span> <span class='ocrx_word' id='word_1_429' title='bbox 2352 2486 2679 2550; x_wconf 86' lang='lat' dir='ltr'><strong>pertinuisse</strong></span> 
     </span>
     <span class='ocr_line' id='line_1_80' title="bbox 1591 2554 2679 2620; baseline 0 -15"><span class='ocrx_word' id='word_1_430' title='bbox 1591 2556 1660 2605; x_wconf 91' lang='lat' dir='ltr'><strong>ad</strong></span> <span class='ocrx_word' id='word_1_431' title='bbox 1699 2571 1818 2606; x_wconf 88' lang='lat' dir='ltr'><strong>eam</strong></span> <span class='ocrx_word' id='word_1_432' title='bbox 1853 2555 2041 2620; x_wconf 86' lang='lat' dir='ltr'><strong>templi</strong></span> <span class='ocrx_word' id='word_1_433' title='bbox 2077 2554 2570 2618; x_wconf 87' lang='lat' dir='ltr'><strong>amplificationem,</strong></span> <span class='ocrx_word' id='word_1_434' title='bbox 2611 2555 2679 2605; x_wconf 90' lang='lat' dir='ltr'><strong>de</strong></span> 
     </span>
     <span class='ocr_line' id='line_1_81' title="bbox 1588 2624 2679 2773; baseline -0.001 -30"><span class='ocrx_word' id='word_1_435' title='bbox 1588 2640 1699 2743; x_wconf 57' lang='lat'><strong>232</strong></span> <span class='ocrx_word' id='word_1_436' title='bbox 1731 2624 2153 2756; x_wconf 43' lang='grc' dir='ltr'>ὅξὲῃιῗξὲνηῐτῐὲἑι</span> <span class='ocrx_word' id='word_1_437' title='bbox 2168 2624 2483 2773; x_wconf 54' lang='lat' dir='ltr'><strong>’Alggudlds</strong></span> <span class='ocrx_word' id='word_1_438' title='bbox 2521 2625 2679 2771; x_wconf 53' lang='grc' dir='ltr'>ῗτῖἒιοῶἰ</span> 
     </span>
     <span class='ocr_line' id='line_1_82' title="bbox 1589 2752 2678 2842; baseline -0.002 -30"><span class='ocrx_word' id='word_1_439' title='bbox 1589 2778 1684 2819; x_wconf 83' lang='grc' dir='ltr'><strong>τος</strong></span> <span class='ocrx_word' id='word_1_440' title='bbox 1738 2758 1847 2842; x_wconf 72' lang='grc' dir='ltr'><strong>μὲν</strong></span> <span class='ocrx_word' id='word_1_441' title='bbox 1888 2760 2237 2841; x_wconf 78' lang='grc' dir='ltr'><em>Χερσίφρων</em></span> <span class='ocrx_word' id='word_1_442' title='bbox 2279 2752 2678 2826; x_wconf 81' lang='grc' dir='ltr'>ἠρχιτεκτόνη-</span> 
     </span>
     <span class='ocr_line' id='line_1_83' title="bbox 1591 2819 2676 2895; baseline 0 -14"><span class='ocrx_word' id='word_1_443' title='bbox 1591 2846 1703 2894; x_wconf 71' lang='lat' dir='ltr'><strong>osv,</strong></span> <span class='ocrx_word' id='word_1_444' title='bbox 1744 2822 1847 2880; x_wconf 80' lang='grc' dir='ltr'><em>εἶτ’</em></span> <span class='ocrx_word' id='word_1_445' title='bbox 1886 2819 2093 2888; x_wconf 78' lang='grc' dir='ltr'><em>ἄλλος</em></span> <span class='ocrx_word' id='word_1_446' title='bbox 2130 2823 2413 2895; x_wconf 75' lang='grc' dir='ltr'><strong>ἐποίησε</strong></span> <span class='ocrx_word' id='word_1_447' title='bbox 2455 2829 2676 2894; x_wconf 76' lang='grc' dir='ltr'>μείζω,</span> 
     </span>
     <span class='ocr_line' id='line_1_84' title="bbox 1586 2899 2677 2966; baseline 0 -14"><span class='ocrx_word' id='word_1_448' title='bbox 1586 2903 1668 2952; x_wconf 88' lang='lat' dir='ltr'><strong>ita</strong></span> <span class='ocrx_word' id='word_1_449' title='bbox 1703 2900 1935 2966; x_wconf 88' lang='lat' dir='ltr'><strong>quidem,</strong></span> <span class='ocrx_word' id='word_1_450' title='bbox 1973 2905 2035 2951; x_wconf 89' lang='lat' dir='ltr'><strong>ut</strong></span> <span class='ocrx_word' id='word_1_451' title='bbox 2071 2900 2213 2951; x_wconf 90' lang='lat' dir='ltr'><strong>cella</strong></span> <span class='ocrx_word' id='word_1_452' title='bbox 2246 2917 2364 2951; x_wconf 85' lang='lat' dir='ltr'><strong>eam</strong></span> <span class='ocrx_word' id='word_1_453' title='bbox 2401 2899 2677 2952; x_wconf 86' lang='lat' dir='ltr'><strong>columna-</strong></span> 
     </span>
     <span class='ocr_line' id='line_1_85' title="bbox 1588 2971 2678 3037; baseline 0 -15"><span class='ocrx_word' id='word_1_454' title='bbox 1588 2989 1704 3023; x_wconf 89' lang='lat' dir='ltr'><strong>rum</strong></span> <span class='ocrx_word' id='word_1_455' title='bbox 1733 2971 2099 3021; x_wconf 83' lang='lat' dir='ltr'><strong>accessionem</strong></span> <span class='ocrx_word' id='word_1_456' title='bbox 2123 2972 2412 3036; x_wconf 86' lang='lat' dir='ltr'><strong>acceperit,</strong></span> <span class='ocrx_word' id='word_1_457' title='bbox 2447 2987 2588 3037; x_wconf 87' lang='lat' dir='ltr'><strong>quae</strong></span> <span class='ocrx_word' id='word_1_458' title='bbox 2611 2989 2678 3022; x_wconf 83' lang='lat' dir='ltr'><strong>ex</strong></span> 
     </span>
     <span class='ocr_line' id='line_1_86' title="bbox 1587 3041 2679 3108; baseline 0.001 -16"><span class='ocrx_word' id='word_1_459' title='bbox 1587 3042 1860 3108; x_wconf 87' lang='lat' dir='ltr'><strong>periptero</strong></span> <span class='ocrx_word' id='word_1_460' title='bbox 1913 3041 1970 3091; x_wconf 92' lang='lat' dir='ltr'><strong>in</strong></span> <span class='ocrx_word' id='word_1_461' title='bbox 2020 3041 2288 3107; x_wconf 87' lang='lat' dir='ltr'><strong>dipterum</strong></span> <span class='ocrx_word' id='word_1_462' title='bbox 2334 3042 2501 3092; x_wconf 86' lang='lat' dir='ltr'><strong>fuerit</strong></span> <span class='ocrx_word' id='word_1_463' title='bbox 2536 3058 2679 3094; x_wconf 87' lang='lat' dir='ltr'><strong>com·</strong></span> 
     </span>
     <span class='ocr_line' id='line_1_87' title="bbox 1586 3116 1820 3161; baseline -0.005 0"><span class='ocrx_word' id='word_1_464' title='bbox 1586 3116 1820 3161; x_wconf 88' lang='lat' dir='ltr'><strong>mutata.</strong></span> 
     </span>
    </p>

    <p class='ocr_par' dir='ltr' id='par_1_10' title="bbox 1578 3171 2678 4489">
     <span class='ocr_line' id='line_1_88' title="bbox 1657 3171 2676 3244; baseline -0.002 -15"><span class='ocrx_word' id='word_1_465' title='bbox 1657 3171 1718 3229; x_wconf 74' lang='grc' dir='ltr'><strong>ἔν</strong></span> <span class='ocrx_word' id='word_1_466' title='bbox 1780 3176 1845 3227; x_wconf 74' lang='grc' dir='ltr'><strong>δὲ</strong></span> <span class='ocrx_word' id='word_1_467' title='bbox 1902 3175 2201 3243; x_wconf 81' lang='grc' dir='ltr'><strong>Προνηΐης</strong></span> <span class='ocrx_word' id='word_1_468' title='bbox 2253 3176 2355 3244; x_wconf 78' lang='grc' dir='ltr'><strong>τῆς</strong></span> <span class='ocrx_word' id='word_1_469' title='bbox 2410 3174 2471 3228; x_wconf 76' lang='grc' dir='ltr'><strong>ἐν</strong></span> <span class='ocrx_word' id='word_1_470' title='bbox 2540 3178 2676 3228; x_wconf 79' lang='grc' dir='ltr'><strong>Δελ-</strong></span> 
     </span>
     <span class='ocr_line' id='line_1_89' title="bbox 1588 3238 2677 3314; baseline -0.003 -15"><span class='ocrx_word' id='word_1_471' title='bbox 1588 3252 1751 3311; x_wconf 82' lang='grc' dir='ltr'>φοῖσι</span> <span class='ocrx_word' id='word_1_472' title='bbox 1818 3239 1990 3305; x_wconf 75' lang='grc' dir='ltr'><strong><em>ἀσπὶς</em></strong></span> <span class='ocrx_word' id='word_1_473' title='bbox 2044 3244 2251 3314; x_wconf 75' lang='grc' dir='ltr'><strong>χρυσέη</strong></span> <span class='ocrx_word' id='word_1_474' title='bbox 2312 3241 2549 3314; x_wconf 79' lang='grc' dir='ltr'><strong><em>μεγάλη]</em></strong></span> <span class='ocrx_word' id='word_1_475' title='bbox 2617 3238 2677 3297; x_wconf 78' lang='grc' dir='ltr'><strong>ἕν</strong></span> 
     </span>
     <span class='ocr_line' id='line_1_90' title="bbox 1588 3313 2675 3383; baseline -0.001 -15"><span class='ocrx_word' id='word_1_476' title='bbox 1588 3313 1886 3383; x_wconf 82' lang='grc' dir='ltr'><em>Προνηΐης</em></span> <span class='ocrx_word' id='word_1_477' title='bbox 1923 3318 2087 3366; x_wconf 88' lang='lat' dir='ltr'><strong>simili</strong></span> <span class='ocrx_word' id='word_1_478' title='bbox 2109 3319 2269 3367; x_wconf 90' lang='lat' dir='ltr'><strong>modo</strong></span> <span class='ocrx_word' id='word_1_479' title='bbox 2308 3318 2531 3379; x_wconf 88' lang='lat' dir='ltr'><strong>dictum,</strong></span> <span class='ocrx_word' id='word_1_480' title='bbox 2567 3334 2675 3381; x_wconf 90' lang='lat' dir='ltr'><strong>quo</strong></span> 
     </span>
     <span class='ocr_line' id='line_1_91' title="bbox 1587 3379 2678 3453; baseline -0.004 -15"><span class='ocrx_word' id='word_1_481' title='bbox 1587 3403 1753 3453; x_wconf 87' lang='lat' dir='ltr'><strong>supra</strong></span> <span class='ocrx_word' id='word_1_482' title='bbox 1793 3389 1837 3447; x_wconf 87' lang='grc' dir='ltr'><strong>Ι,</strong></span> <span class='ocrx_word' id='word_1_483' title='bbox 1872 3387 1938 3438; x_wconf 78' lang='lat'><strong>35</strong></span> <span class='ocrx_word' id='word_1_484' title='bbox 1975 3379 2035 3434; x_wconf 76' lang='grc' dir='ltr'><strong>ἐν</strong></span> <span class='ocrx_word' id='word_1_485' title='bbox 2083 3386 2366 3451; x_wconf 83' lang='grc' dir='ltr'><strong>Κροίσου.</strong></span> <span class='ocrx_word' id='word_1_486' title='bbox 2414 3391 2503 3448; x_wconf 77' lang='lat' dir='ltr'><strong>„in</strong></span> <span class='ocrx_word' id='word_1_487' title='bbox 2537 3388 2678 3435; x_wconf 78' lang='lat' dir='ltr'><strong>aedi-</strong></span> 
     </span>
     <span class='ocr_line' id='line_1_92' title="bbox 1585 3451 2677 3516; baseline -0.005 -9"><span class='ocrx_word' id='word_1_488' title='bbox 1585 3461 1699 3507; x_wconf 80' lang='lat' dir='ltr'><strong>cula</strong></span> <span class='ocrx_word' id='word_1_489' title='bbox 1740 3457 2005 3506; x_wconf 80' lang='lat' dir='ltr'><strong>Minervae</strong></span> <span class='ocrx_word' id='word_1_490' title='bbox 2054 3455 2326 3506; x_wconf 71' lang='lat' dir='ltr'><strong>pronaeae</strong></span> <span class='ocrx_word' id='word_1_491' title='bbox 2373 3451 2677 3516; x_wconf 67' lang='lat' dir='ltr'><strong>Delphicaf‘</strong></span> 
     </span>
     <span class='ocr_line' id='line_1_93' title="bbox 1587 3520 2677 3586; baseline -0.006 -10"><span class='ocrx_word' id='word_1_492' title='bbox 1587 3528 1838 3575; x_wconf 80' lang='lat' dir='ltr'><strong>Minerva</strong></span> <span class='ocrx_word' id='word_1_493' title='bbox 1872 3521 2137 3584; x_wconf 81' lang='grc' dir='ltr'><em>Προναία</em></span> <span class='ocrx_word' id='word_1_494' title='bbox 2171 3523 2244 3586; x_wconf 85' lang='lat' dir='ltr'><strong>(s.</strong></span> <span class='ocrx_word' id='word_1_495' title='bbox 2295 3522 2485 3571; x_wconf 89' lang='lat' dir='ltr'><strong>Ionice</strong></span> <span class='ocrx_word' id='word_1_496' title='bbox 2522 3520 2677 3585; x_wconf 86' lang='grc' dir='ltr'><em>Προ-</em></span> 
     </span>
     <span class='ocr_line' id='line_1_94' title="bbox 1588 3590 2676 3658; baseline -0.005 -14"><span class='ocrx_word' id='word_1_497' title='bbox 1588 3591 1747 3658; x_wconf 82' lang='grc' dir='ltr'>νηΐη)</span> <span class='ocrx_word' id='word_1_498' title='bbox 1770 3591 1997 3657; x_wconf 90' lang='lat' dir='ltr'><strong>Delphis</strong></span> <span class='ocrx_word' id='word_1_499' title='bbox 2024 3592 2171 3641; x_wconf 89' lang='lat' dir='ltr'><strong>culta</strong></span> <span class='ocrx_word' id='word_1_500' title='bbox 2207 3607 2241 3641; x_wconf 92' lang='lat' dir='ltr'><strong>a</strong></span> <span class='ocrx_word' id='word_1_501' title='bbox 2268 3590 2512 3655; x_wconf 89' lang='lat' dir='ltr'><strong>pluribus</strong></span> <span class='ocrx_word' id='word_1_502' title='bbox 2546 3591 2676 3640; x_wconf 89' lang='lat' dir='ltr'><strong>scri-</strong></span> 
     </span>
     <span class='ocr_line' id='line_1_95' title="bbox 1586 3661 2677 3727; baseline -0.005 -14"><span class='ocrx_word' id='word_1_503' title='bbox 1586 3663 1834 3727; x_wconf 87' lang='lat' dir='ltr'><strong>ptoribus</strong></span> <span class='ocrx_word' id='word_1_504' title='bbox 1892 3665 2221 3710; x_wconf 88' lang='lat' dir='ltr'><strong>memoratur</strong></span> <span class='ocrx_word' id='word_1_505' title='bbox 2266 3675 2493 3725; x_wconf 88' lang='lat' dir='ltr'><strong>eumque</strong></span> <span class='ocrx_word' id='word_1_506' title='bbox 2547 3661 2677 3709; x_wconf 80' lang='lat' dir='ltr'><strong>titu-</strong></span> 
     </span>
     <span class='ocr_line' id='line_1_96' title="bbox 1587 3729 2675 3794; baseline -0.004 -12"><span class='ocrx_word' id='word_1_507' title='bbox 1587 3733 1698 3783; x_wconf 89' lang='lat' dir='ltr'><strong>lum</strong></span> <span class='ocrx_word' id='word_1_508' title='bbox 1721 3731 1845 3781; x_wconf 91' lang='lat' dir='ltr'><strong>inde</strong></span> <span class='ocrx_word' id='word_1_509' title='bbox 1875 3730 2072 3780; x_wconf 87' lang='lat' dir='ltr'><strong>sortita</strong></span> <span class='ocrx_word' id='word_1_510' title='bbox 2089 3730 2307 3790; x_wconf 86' lang='lat' dir='ltr'><strong>dicitur,</strong></span> <span class='ocrx_word' id='word_1_511' title='bbox 2336 3729 2479 3794; x_wconf 90' lang='lat' dir='ltr'><strong>quod</strong></span> <span class='ocrx_word' id='word_1_512' title='bbox 2504 3729 2675 3793; x_wconf 88' lang='lat' dir='ltr'><strong>ipsius</strong></span> 
     </span>
     <span class='ocr_line' id='line_1_97' title="bbox 1587 3797 2676 3863; baseline -0.004 -12"><span class='ocrx_word' id='word_1_513' title='bbox 1587 3800 1838 3852; x_wconf 87' lang='lat' dir='ltr'><strong>aedicula</strong></span> <span class='ocrx_word' id='word_1_514' title='bbox 1896 3802 2023 3848; x_wconf 88' lang='lat' dir='ltr'><strong>ante</strong></span> <span class='ocrx_word' id='word_1_515' title='bbox 2072 3798 2340 3863; x_wconf 84' lang='lat' dir='ltr'><strong>Apollinis</strong></span> <span class='ocrx_word' id='word_1_516' title='bbox 2405 3797 2676 3849; x_wconf 88' lang='lat' dir='ltr'><strong>collocata</strong></span> 
     </span>
     <span class='ocr_line' id='line_1_98' title="bbox 1585 3867 2673 3933; baseline -0.004 -13"><span class='ocrx_word' id='word_1_517' title='bbox 1585 3872 1752 3922; x_wconf 79' lang='lat' dir='ltr'><strong>suerit</strong></span> <span class='ocrx_word' id='word_1_518' title='bbox 1782 3867 2057 3933; x_wconf 88' lang='lat' dir='ltr'><strong>templum,</strong></span> <span class='ocrx_word' id='word_1_519' title='bbox 2085 3869 2403 3920; x_wconf 76' lang='lat' dir='ltr'><strong>vestibular‘is</strong></span> <span class='ocrx_word' id='word_1_520' title='bbox 2435 3868 2605 3932; x_wconf 84' lang='lat' dir='ltr'><strong>igitur</strong></span> <span class='ocrx_word' id='word_1_521' title='bbox 2627 3884 2673 3917; x_wconf 92' lang='lat' dir='ltr'><strong>s.</strong></span> 
     </span>
     <span class='ocr_line' id='line_1_99' title="bbox 1578 3936 2677 4004; baseline -0.004 -14"><span class='ocrx_word' id='word_1_522' title='bbox 1578 3940 1936 4004; x_wconf 54' lang='lat' dir='ltr'><strong>protemplaris</strong></span> <span class='ocrx_word' id='word_1_523' title='bbox 1969 3938 2237 3988; x_wconf 79' lang='lat' dir='ltr'><strong>Minerva.</strong></span> <span class='ocrx_word' id='word_1_524' title='bbox 2295 3936 2421 3989; x_wconf 90' lang='lat' dir='ltr'><strong>Vid.</strong></span> <span class='ocrx_word' id='word_1_525' title='bbox 2459 3938 2677 4003; x_wconf 87' lang='lat' dir='ltr'><strong>potissi·</strong></span> 
     </span>
     <span class='ocr_line' id='line_1_100' title="bbox 1584 4006 2672 4074; baseline -0.003 -15"><span class='ocrx_word' id='word_1_526' title='bbox 1584 4025 1730 4059; x_wconf 90' lang='lat' dir='ltr'><strong>mum</strong></span> <span class='ocrx_word' id='word_1_527' title='bbox 1776 4007 2105 4074; x_wconf 85' lang='lat' dir='ltr'><strong>Wesseling.</strong></span> <span class='ocrx_word' id='word_1_528' title='bbox 2154 4008 2225 4058; x_wconf 89' lang='lat' dir='ltr'><strong>ad</strong></span> <span class='ocrx_word' id='word_1_529' title='bbox 2283 4006 2510 4057; x_wconf 88' lang='lat' dir='ltr'><strong>Diodor.</strong></span> <span class='ocrx_word' id='word_1_530' title='bbox 2562 4007 2672 4057; x_wconf 82' lang='lat' dir='ltr'><strong>Sic.</strong></span> 
     </span>
     <span class='ocr_line' id='line_1_101' title="bbox 1585 4076 2672 4138; baseline -0.005 -9"><span class='ocrx_word' id='word_1_531' title='bbox 1585 4078 1801 4138; x_wconf 81' lang='lat' dir='ltr'><strong>xl‚14.</strong></span> <span class='ocrx_word' id='word_1_532' title='bbox 1841 4077 2043 4128; x_wconf 81' lang='lat' dir='ltr'><strong>Meurs.</strong></span> <span class='ocrx_word' id='word_1_533' title='bbox 2095 4077 2274 4127; x_wconf 86' lang='lat' dir='ltr'><strong>Lectt.</strong></span> <span class='ocrx_word' id='word_1_534' title='bbox 2313 4076 2546 4138; x_wconf 82' lang='lat' dir='ltr'><strong>Att.11,</strong></span> <span class='ocrx_word' id='word_1_535' title='bbox 2590 4077 2672 4125; x_wconf 89' lang='lat'><strong>17.</strong></span> 
     </span>
     <span class='ocr_line' id='line_1_102' title="bbox 1584 4137 2676 4212; baseline -0.006 -13"><span class='ocrx_word' id='word_1_536' title='bbox 1584 4147 1745 4199; x_wconf 86' lang='lat' dir='ltr'><strong>Unde</strong></span> <span class='ocrx_word' id='word_1_537' title='bbox 1780 4146 2048 4212; x_wconf 88' lang='lat' dir='ltr'><strong>duplicem</strong></span> <span class='ocrx_word' id='word_1_538' title='bbox 2086 4145 2251 4211; x_wconf 83' lang='lat' dir='ltr'><strong>vulgo</strong></span> <span class='ocrx_word' id='word_1_539' title='bbox 2288 4148 2539 4196; x_wconf 87' lang='lat' dir='ltr'><strong>statuunt</strong></span> <span class='ocrx_word' id='word_1_540' title='bbox 2576 4137 2676 4193; x_wconf 86' lang='lat' dir='ltr'><strong>Mi-</strong></span> 
     </span>
     <span class='ocr_line' id='line_1_103' title="bbox 1587 4212 2675 4294; baseline -0.006 -28"><span class='ocrx_word' id='word_1_541' title='bbox 1587 4232 1826 4278; x_wconf 81' lang='lat' dir='ltr'><strong>nervam,</strong></span> <span class='ocrx_word' id='word_1_542' title='bbox 1849 4216 2077 4266; x_wconf 87' lang='lat' dir='ltr'><strong>alteram</strong></span> <span class='ocrx_word' id='word_1_543' title='bbox 2113 4213 2415 4294; x_wconf 81' lang='grc' dir='ltr'><em>Προναίαν</em></span> <span class='ocrx_word' id='word_1_544' title='bbox 2449 4212 2675 4276; x_wconf 87' lang='lat' dir='ltr'><strong>Delphis</strong></span> 
     </span>
     <span class='ocr_line' id='line_1_104' title="bbox 1588 4274 2675 4346; baseline -0.006 -11"><span class='ocrx_word' id='word_1_545' title='bbox 1588 4285 1808 4346; x_wconf 87' lang='lat' dir='ltr'><strong>cultam,</strong></span> <span class='ocrx_word' id='word_1_546' title='bbox 1847 4284 2073 4335; x_wconf 88' lang='lat' dir='ltr'><strong>alteram</strong></span> <span class='ocrx_word' id='word_1_547' title='bbox 2120 4274 2415 4346; x_wconf 75' lang='grc' dir='ltr'>Πρόνοιαν</span> <span class='ocrx_word' id='word_1_548' title='bbox 2446 4281 2675 4331; x_wconf 85' lang='lat' dir='ltr'><strong>Athenis</strong></span> 
     </span>
     <span class='ocr_line' id='line_1_105' title="bbox 1588 4348 2675 4418; baseline -0.006 -14"><span class='ocrx_word' id='word_1_549' title='bbox 1588 4354 1818 4416; x_wconf 84' lang='lat' dir='ltr'><strong>cultam,</strong></span> <span class='ocrx_word' id='word_1_550' title='bbox 1881 4359 2167 4418; x_wconf 83' lang='lat' dir='ltr'><strong>utramque</strong></span> <span class='ocrx_word' id='word_1_551' title='bbox 2210 4353 2352 4402; x_wconf 88' lang='lat' dir='ltr'><strong>inter</strong></span> <span class='ocrx_word' id='word_1_552' title='bbox 2406 4366 2466 4401; x_wconf 90' lang='lat' dir='ltr'><strong>se</strong></span> <span class='ocrx_word' id='word_1_553' title='bbox 2513 4348 2675 4398; x_wconf 87' lang='lat' dir='ltr'><strong>valde</strong></span> 
     </span>
     <span class='ocr_line' id='line_1_106' title="bbox 1587 4416 2675 4489; baseline -0.006 -16"><span class='ocrx_word' id='word_1_554' title='bbox 1587 4423 1887 4485; x_wconf 73' lang='lat' dir='ltr'><strong>diversam,</strong></span> <span class='ocrx_word' id='word_1_555' title='bbox 1924 4423 2122 4489; x_wconf 86' lang='lat' dir='ltr'><strong>quippe</strong></span> <span class='ocrx_word' id='word_1_556' title='bbox 2166 4419 2393 4472; x_wconf 85' lang='lat' dir='ltr'><strong>alterius</strong></span> <span class='ocrx_word' id='word_1_557' title='bbox 2438 4416 2675 4484; x_wconf 82' lang='lat' dir='ltr'><strong>appella-</strong></span> 
     </span>
    </p>
   </div>
  </div>
 </body>
</html>
