3109 5092
1089 345 1589 406 EUTERPE.
1634 347 1717 405 II.
1762 359 1882 410 155.
2498 347 2620 408 785

515 524 651 588 Τοῦ
698 516 774 586 δὲ
827 524 1234 606 χρηστηρίου
1271 523 1392 586 τοῦ
1433 521 1508 586 ἐν
1541 517 1866 613 Αἰγύπτῳ
1919 516 2133 588 πολλοὶ
2182 519 2758 610 ἐπεμνήσθην155

346 619 510 711 ἤδη,
554 624 664 690 καὶ
707 617 791 708 δὴ
831 621 1036 708 λόγον
1075 623 1228 710 περὶ
1271 618 1484 689 αὐτοῦ
1511 616 1601 701 ὥς
1637 619 1828 704 ἀξίου
1857 622 2081 703 ἐόντος
2108 623 2485 713 ποιήσομαι.
2545 622 2620 693 τὸ

345 723 475 814 γάρ
502 723 904 814 χρηστήριον
933 729 1132 793 τοῦτο
1160 721 1235 794 τὸ
1277 727 1352 792 ἐν
1369 723 1695 818 Αἰγύπτῳ
1724 726 1861 794 ἐστὶ
1887 725 2014 814 μὲν
2037 731 2300 813 Λητοῦς
2327 723 2511 816 ἱρὸν,
2544 729 2620 796 ἐν

345 829 500 897 πόλι
530 829 605 897 δὲ
631 826 889 917 μεγάλῃ
936 830 1332 916 ἱδρυμένον,
1375 824 1542 895 κατὰ
1568 824 1642 896 τὸ
1672 827 2176 916 Σεβεννυτικὸν
2210 829 2621 916 καλεόμενον

344 932 553 1019 στόμα
580 935 701 999 τοῦ
730 937 1022 1015 Νείλου,
1062 927 1464 1000 ἀναπλέοντι
1498 927 1631 1000 ἀπὸ
1661 930 2005 1019 θαλάσσης
2040 929 2202 1001 ἅνω.
2259 929 2515 1019 οὔνομα
2545 932 2620 1000 δὲ

342 1041 423 1123 τῇ
453 1033 609 1103 πόλι
636 1033 844 1122 ταύτῃ
863 1085 881 1116 ,
913 1030 1077 1101 ὅκου
1108 1030 1182 1101 τὸ
1208 1032 1610 1122 χρηστήριόν
1639 1036 1798 1120 ἐστι,
1829 1032 2086 1119 Βουτώ,
2119 1029 2208 1115 ὥς
2234 1038 2347 1105 καὶ
2375 1035 2615 1123 πρότε-

345 1165 467 1227 ρον
494 1134 911 1224 οὐνόμασταί
940 1165 1071 1224 μοι.
1117 1134 1268 1224 ἱρὸν
1296 1137 1378 1204 δέ
1401 1137 1538 1205 ἐστι
1572 1140 1646 1206 ἐν
1672 1142 1753 1226 τῇ
1781 1146 2033 1207 Βουτοῖ
2052 1135 2259 1227 ταύτῃ
2280 1135 2615 1207 Ἀπόλλω-

343 1269 460 1320 νος
501 1241 613 1308 καὶ
647 1237 1048 1328 Ἀρτέμιδος.
1132 1241 1244 1308 καὶ
1282 1235 1320 1307 ὅ
1354 1266 1429 1325 γε
1470 1236 1630 1328 νηὸς
1670 1245 1785 1328 τῆς
1819 1245 2113 1328 Λητοῦς,
2164 1243 2239 1309 ἐν
2278 1246 2371 1332 τῷ
2417 1239 2504 1329 δὴ
2544 1238 2618 1310 τὸ

344 1342 747 1433 χρηστήριον
787 1348 925 1428 ἔνι,
966 1339 1168 1420 αὐτός
1195 1369 1267 1410 τε
1293 1342 1609 1430 τυγχάνει
1644 1341 1776 1411 ἑῶν
1804 1345 2042 1432 μέγας,
2090 1345 2201 1411 καὶ
2240 1341 2321 1411 τὰ
2352 1344 2615 1432 προπύ-

347 1455 498 1515 λαια
539 1451 674 1533 ἔχει
718 1447 783 1525 ἐς
838 1441 1010 1526 ὕψος
1065 1446 1229 1514 δέκα
1284 1442 1637 1534 ὀργυιέων.
1723 1442 1798 1514 τὸ
1839 1448 1921 1514 δέ
1959 1472 2071 1533 μοι
2117 1451 2255 1514 τῶν
2302 1450 2621 1535 φανερῶν

342 1556 592 1637 θῶυμα
618 1551 933 1637 μέγιστον
960 1548 1421 1637 παρεχόμενον
1452 1548 1711 1638 φράσω.
1785 1554 1922 1616 ἔστι
1955 1552 2029 1616 ἐν
2055 1553 2148 1640 τῷ
2176 1552 2442 1636 τεμένει·
2463 1548 2619 1617 τού-

342 1681 435 1745 τῳ
467 1656 725 1740 Λητοῦς
766 1649 927 1739 νηὸς
973 1653 1038 1732 ἐξ
1080 1649 1228 1730 ἑνὸς
1269 1658 1473 1720 λίθου
1510 1654 1959 1739 πεποιημένος
1997 1657 2064 1730 ἔς
2103 1677 2172 1718 τε
2204 1647 2375 1733 ὕψος
2414 1653 2526 1718 καὶ
2556 1655 2622 1731 ἐς

344 1761 551 1844 μῆκος
569 1807 586 1839 ,
621 1756 734 1823 καὶ
763 1770 980 1841 τοῖχος
1009 1757 1283 1834 ἕκαστος
1309 1753 1602 1823 τούτοισι
1632 1764 1805 1833 ἴσος·
1841 1752 2326 1842 τεσσεράκοντα
2356 1755 2622 1842 πηχέων

346 1978 515 2028 gneos
564 1961 866 2026 cylindros,
915 1961 1113 2026 quibus
1164 1976 1333 2012 naves
1379 1961 1435 2011 in

346 2038 493 2083 terra
543 2034 992 2096 promoveantur,
1051 2031 1105 2079 in
1155 2046 1303 2081 mare
1349 2031 1438 2081 de-

348 2102 616 2152 ducantur
674 2105 838 2166 atque
897 2100 1092 2150 exinde
1134 2101 1437 2151 subducan-

346 2171 490 2236 tur);
539 2175 652 2220 tum
685 2184 816 2220 vero
853 2183 974 2218 esse
1009 2172 1243 2228 navalia,
1293 2174 1437 2220 teste

349 2239 591 2306 Hesych.
640 2256 685 2291 s.
726 2255 779 2288 v.
827 2238 952 2288 coll.
1000 2237 1168 2289 schol.
1220 2239 1437 2304 Thucy-

349 2310 461 2360 did.
510 2309 625 2372 111,
672 2311 760 2359 25.
833 2308 965 2358 Inde
1013 2309 1239 2359 verbum
1271 2307 1436 2357 νεωλ-

346 2382 470 2428 κεῐν
506 2378 813 2440 (subducere
846 2376 1041 2442 naves),
1078 2380 1233 2429 cuius
1257 2378 1441 2428 admo-

347 2454 440 2499 net
475 2448 779 2513 Schweigh.
816 2447 888 2497 ad
922 2447 975 2497 h.
1015 2446 1053 2497 l.

729 2620 862 2670 Car.
906 2619 1067 2669 CLV.

419 2716 601 2770 πολλὰ
654 2711 1028 2785 ἐπεμνήσθην
1079 2711 1217 2785 ἤδη]
1279 2720 1439 2770 Conf.

353 2791 438 2852 11,
486 2789 555 2840 83
606 2789 728 2840 coll.
777 2790 863 2850 11,
916 2790 999 2840 18.
1050 2792 1136 2840 55.
1190 2790 1287 2841 152
1331 2793 1437 2839 etc.

350 2887 419 2897 —-
470 2861 552 2910 De
593 2860 707 2909 Nili
755 2858 897 2909 ostio
942 2858 1274 2926 Sebennytico
1325 2858 1436 2909 vid.

350 2930 581 2980 Excurs.
619 2929 687 2979 ad
727 2928 812 2991 ΙΙ,
856 2928 939 2978 17.

421 2988 648 3061 Βουτώ,
696 2990 772 3055 ὡς
817 2994 912 3046 καὶ
958 2986 1239 3059 πρότερον
1274 2985 1442 3044 οὐνό-

350 3066 564 3132 μασταί
572 3064 691 3131 μοι]
715 3067 871 3118 Conf.
900 3067 979 3127 11,
1002 3064 1185 3118 59.63.
1213 3065 1300 3117 83.
1321 3065 1438 3118 133.

351 3137 505 3200 Alia,
569 3138 625 3186 in
668 3137 863 3201 quibus
915 3135 1257 3201 potissimum
1294 3136 1443 3186 Stra-

351 3208 510 3257 bonis
525 3205 632 3258 loc.
650 3207 828 3258 XVII.
841 3222 967 3271 pag.
987 3205 1089 3255 802
1112 3204 1360 3257 seu1153
1375 3206 1442 3265 Ῐ),

353 3277 491 3326 citat
532 3276 949 3326 Schlichthorst.
996 3275 1034 3325 l.
1079 3275 1116 3324 l.
1171 3291 1296 3340 pag.
1356 3274 1444 3325 67.

353 3345 474 3395 Sita
505 3344 642 3394 haec
677 3346 832 3406 urbs,
882 3359 1022 3408 quae
1059 3345 1128 3393 ab
1166 3343 1275 3393 alia
1305 3344 1446 3392 eius-

353 3413 474 3463 dem
502 3413 737 3462 nominis
775 3412 883 3477 (11,
922 3411 1017 3469 75)
1051 3413 1218 3475 probe
1249 3415 1334 3462 est
1368 3411 1445 3460 di·

354 3481 713 3546 stInguenda,
758 3482 831 3530 ad
868 3480 1258 3531 occidentalem
1293 3480 1446 3530 fluvii

355 3551 707 3614 Sebennytici
736 3550 910 3614 ripam
947 3565 1111 3613 prope
1138 3549 1313 3599 lacum
1338 3550 1444 3598 Bu-

354 3621 541 3680 ticum‚
580 3617 783 3684 dequo
817 3618 930 3667 vid.
963 3623 1079 3669 not.
1107 3619 1177 3668 ad
1204 3618 1281 3680 ΙΙ,
1323 3619 1441 3668 156.

356 3689 421 3739 In
460 3687 690 3739 australi
737 3688 898 3737 buius
944 3685 1098 3737 lacus
1151 3691 1306 3753 parte
1352 3686 1447 3736 ad-

355 3759 462 3809 hue
511 3757 763 3823 dispersa
812 3773 906 3822 per
955 3757 1180 3822 paludes
1228 3761 1450 3821 stagna-

357 3844 463 3893 que
498 3828 841 3893 reperiuntur
877 3827 1026 3878 urbis
1055 3827 1268 3888 rudera,
1305 3830 1448 3875 teste

356 3899 571 3948 Rittero
612 3895 908 3948 Erdkunde
956 3896 1003 3947 1.
1042 3911 1096 3960 p.
1150 3896 1270 3946 822.
1345 3895 1448 3945 Ve-

358 3972 447 4016 tus
468 3967 798 4031 Aegyptium
833 3980 1028 4016 nomen
1065 3965 1211 4015 urbis
1239 3963 1451 4015 Ρὶέηαιὸ

359 4037 479 4085 sive
501 4034 711 4085 ΡΙέηέιὸ
746 4036 916 4085 fuisse
953 4035 1233 4085 contendit
1261 4035 1452 4085 Cham-

359 4103 493 4170 poll.
534 4104 679 4170 l'Eg.
719 4119 848 4156 sous
877 4101 959 4153 les
983 4104 1145 4155 Phar.
1174 4105 1232 4155 11
1267 4120 1320 4169 p.
1350 4105 1452 4154 227

362 4189 603 4299 aeica&
659 4254 720 4291 τε
780 4232 1040 4305 τυγχάνει
1094 4231 1203 4290 ἐὼν
1257 4236 1449 4305 μέγας]

364 4313 483 4375 „De
520 4310 895 4377 magnitudine
931 4310 1251 4375 templorum
1277 4310 1456 4375 Aegy-

362 4381 629 4448 ptiorum,
676 4377 949 4431 scalarum
995 4381 1162 4431 etiam
1207 4378 1308 4430 sub
1363 4379 1453 4431 dio

448 4484 788 4527 HERODOT.
837 4483 881 4524 1.

1541 1965 1671 2011 ante
1702 1960 1905 2024 templa
1941 1959 2222 2010 obviarum
2257 1961 2480 2025 eiusque
2516 1975 2626 2009 ma-

1539 2030 1843 2094 gnitudinis
1904 2030 2084 2079 causis
2143 2028 2300 2093 plura
2360 2029 2622 2094 disputat,

1538 2099 1804 2150 Herodoti
1829 2100 1994 2149 etiam
2020 2104 2272 2163 respectu
2296 2098 2502 2162 habito,
2538 2098 2626 2148 Io-

1538 2167 1734 2230 mard.,
1763 2169 1856 2218 ubi
1889 2167 1955 2218 de
1988 2183 2185 2233 magno
2222 2168 2445 2232 templo,
2481 2168 2626 2233 quod

1540 2237 1904 2303 Apollinopoli
1960 2253 2158 2302 magna
2215 2235 2464 2303 (Edfou)
2525 2243 2627 2298 est,

1538 2309 1660 2372 agit
1703 2308 1759 2357 in
1795 2308 2069 2372 Descript.
2122 2307 2189 2357 de
2221 2306 2366 2371 l'Eg.
2403 2308 2627 2372 Antiqq.

1541 2382 1674 2427 tom.
1710 2377 1756 2426 1.
1780 2392 1902 2441 cap.
1921 2377 1973 2426 5.
2007 2391 2132 2442 pag.
2157 2376 2239 2428 13.
2292 2378 2395 2426 Est
2427 2377 2517 2426 hic
2548 2375 2631 2426 lo-

1543 2461 1640 2495 cus
1676 2449 1906 2497 zmiverse
1936 2446 2202 2496 tenendus
2224 2445 2295 2496 ad
2322 2446 2632 2510 intelligen-

1544 2515 1667 2564 dam
1702 2516 1967 2566 rationem
1992 2514 2310 2580 templorum
2337 2515 2632 2580 Aegyptio-

1542 2601 1690 2644 rum,
1747 2584 1814 2634 de
1873 2600 1982 2650 qua
2030 2583 2230 2634 ibidem
2282 2584 2500 2633 disserit
2544 2584 2631 2634 Ιο-

1544 2652 1716 2703 mard.
1753 2669 1883 2719 pag.
1920 2654 1984 2704 14
2019 2654 2211 2718 seqq.“
2252 2653 2347 2703 Gr.

1616 2714 1800 2771 καὶτὰ
1824 2714 2232 2785 προπύλαια
2264 2715 2372 2784 ἔχει
2400 2710 2455 2778 ἐς
2475 2711 2631 2784 ὕψος

1544 2784 1683 2841 δέκα
1740 2782 2034 2856 ὀργυιέων]
2108 2787 2437 2853 προπύλαια
2490 2804 2633 2854 quae

1545 2862 1681 2923 sint,
1722 2859 1950 2910 diximus
1989 2858 2060 2908 ad
2093 2859 2179 2920 11,
2219 2858 2304 2913 91.
2360 2886 2427 2894 —
2465 2859 2633 2909 Ulna-

1543 2946 1663 2981 rum
1700 2945 1746 2981 s.
1786 2921 2031 2993 ὀργυιῶν
2062 2944 2369 2979 mensuram
2404 2929 2521 2994 ipse
2551 2929 2636 2978 in-

1547 3000 1754 3051 dicavit
1789 3000 1993 3049 Noster
2024 2998 2106 3061 11,
2148 2998 2264 3049 149.

1614 3060 1680 3117 τὸ
1725 3065 1788 3118 δέ
1824 3081 1921 3131 μοι
1971 3064 2085 3117 τῶν
2121 3066 2388 3132 φανερῶν
2424 3065 2635 3132 θῶυμα

1545 3135 1825 3204 μέγιστον]
1875 3137 2038 3187 Haud
2083 3136 2370 3203 displicere
2416 3137 2635 3188 videtur

1550 3208 1736 3258 Struv.
1782 3208 1942 3272 Spec.
1981 3213 2195 3271 quaest.
2243 3207 2311 3256 de
2356 3205 2488 3257 dial.
2525 3208 2636 3255 He·

1549 3276 1667 3327 rod.
1714 3276 1761 3327 1.
1816 3292 1867 3341 p.
1917 3274 1985 3325 29
2030 3282 2178 3339 not.‚
2231 3275 2376 3341 quod
2422 3280 2637 3339 praeter

1548 3350 1686 3394 vett.
1740 3344 2005 3394 editiones
2049 3344 2154 3394 duo
2201 3344 2324 3393 libri
2373 3344 2638 3406 praebent

1549 3414 1767 3478 scripti:
1808 3404 1870 3462 τὸ
1897 3409 1959 3459 δέ
1988 3427 2085 3475 μοι
2107 3409 2222 3460 τῶν
2243 3409 2513 3474 φανεροῦν
2550 3399 2638 3475 ἦν

1547 3481 1758 3544 θῶυμα
1792 3474 1942 3544 μέγ.,
1988 3495 2109 3529 cum
2156 3480 2259 3529 hoc
2297 3478 2510 3529 dicendi
2547 3495 2640 3544 ge-

1548 3567 1650 3601 nus
1688 3551 1890 3600 Nostro
1930 3549 2219 3597 admodum
2254 3549 2327 3596 sit
2362 3549 2636 3613 frequens.

1547 3619 1674 3669 Vid.
1702 3619 1781 3668 ibi
1812 3617 1998 3667 allata.
2057 3616 2190 3666 Inde
2214 3617 2441 3667 Dietsch
2476 3633 2640 3668 vocu-

1545 3688 1657 3738 lam
1691 3687 1923 3750 recepit‚
1970 3687 2122 3736 uncis
2160 3684 2455 3747 inclusam,
2503 3701 2638 3752 quos

1549 3757 1774 3808 sustulit
1809 3755 2068 3817 Dindorf,
2109 3755 2201 3819 qui
2248 3755 2390 3804 idem
2428 3772 2494 3805 ex
2529 3757 2642 3805 Me-

1550 3828 1704 3877 diceo
1733 3825 1966 3889 aliisque
1988 3824 2146 3874 codd.
2174 3826 2454 3874 revocavit
2470 3822 2644 3888 θῶμα

1549 3913 1649 3962 pro
1674 3893 1902 3958 θοόυμα,
1945 3894 2089 3959 quod
2112 3893 2459 3945 Florentinus
2485 3893 2643 3954 affert

1549 3967 1721 4027 liber,
1780 3962 2029 4030 quodque
2074 3964 2130 4013 in
2175 3963 2439 4013 Herodoti
2488 3964 2642 4014 libris

1555 4050 1723 4085 unum
1759 4049 1943 4084 verum
1984 4047 2105 4083 esse
2153 4038 2302 4083 recte
2349 4033 2479 4084 mihi
2520 4049 2644 4083 con-

1555 4103 1777 4156 tendere
1814 4103 2031 4153 videtur
2065 4101 2297 4154 Bredov.
2330 4118 2384 4168 p.
2425 4106 2543 4154 142.

1625 4170 1854 4238 πηχέων
1875 4163 2113 4237 τούτων]
2150 4171 2239 4223 Ita
2272 4173 2468 4237 scripsi
2490 4171 2647 4223 Gais-

1555 4241 1698 4293 ford.
1722 4248 1776 4292 et
1795 4246 2023 4293 recentt.
2046 4241 2167 4291 edd.
2191 4246 2429 4293 secutus.
2467 4240 2646 4304 Vulgo

1555 4311 1722 4362 male:
1782 4307 2012 4376 πηχέων
2072 4305 2362 4361 τουτέων.
2433 4339 2503 4351 --
2564 4309 2650 4359 Ne

1559 4374 1826 4445 ἕκαστον,
1887 4379 2032 4446 quod
2078 4381 2338 4430 continuo
2384 4378 2647 4445 sequitur,

2170 4460 2252 4521 50
