3109 5092
1094 354 1598 414 EUTERPE.
1644 355 1729 414 Π.
1779 364 1866 417 32.

2499 352 2623 413 495

343 521 948 645 ἀποπεμπομένους
976 521 1112 596 ὑπὸ
1146 531 1282 596 τῶν
1306 520 1586 615 ἡλίκων,
1622 521 1833 594 ὕδασί
1860 553 1932 595 τε
1963 527 2075 594 καὶ
2111 534 2379 596 σιτίοισι
2411 517 2490 595 εὖ
2519 522 2620 607 ἐξ·

345 626 792 715 ηρτυμένους,
839 627 1015 699 ἰέναι
1056 658 1136 698 τα
1181 634 1412 719 πρῶτα
1454 629 1582 717 μὲν
1610 625 1722 697 διὰ
1754 634 1871 718 τῆς
1906 626 2326 718 οἰκεομένης
2374 629 2626 717 ταύτην

347 730 420 798 δὲ
452 730 975 813 διεξελθόντας’
949 761 1015 812 ες
1041 760 1166 821 την
1193 731 1542 821 θηριώδεα
1577 728 1977 830 ἀπικέσθαι
2022 729 2096 802 ἐκ
2129 734 2204 801 δὲ
2229 732 2474 820 ταύτης
2500 730 2625 819 τὴν

345 829 596 922 ἐρῆμον
636 832 953 918 διεξιέναι
988 833 1114 924 τὴν
1151 830 1315 906 ὁδὸν
1358 835 1803 922 ποιευμένους
1832 834 2000 925 πρὸς
2030 835 2323 926 ζέφυρον
2349 832 2623 959 ἄνεμον,

346 936 812 1019 διεξελθόντας
844 939 918 1008 δὲ
955 944 1175 1027 χῶρον
1206 936 1456 1008 πολλὸν
1494 938 1871 1027 ψαμμώδεα
1900 936 2070 1007 καὶ’
2044 968 2118 1008 εν
2146 944 2428 1027 πολλῇσι
2460 934 2619 1027 ἡμέ-

343 1059 499 1128 ρῃσι
555 1046 731 1111 ἰδεῖν
787 1040 872 1131 δή
916 1069 1070 1112 κοτε
1111 1041 1398 1130 δένδρεα
1445 1038 1520 1111 έν
1561 1047 1774 1134 πεδίῳ
1814 1042 2200 1129 πεφυκότα·
2259 1050 2378 1111 καί
2411 1062 2625 1129 σφεας

344 1142 841 1229 προσελθόντας
887 1141 1221 1215 ἅπτεσθαι
1263 1151 1386 1214 τοῦ
1411 1140 1723 1224 ἐπεόντος
1754 1141 1863 1213 ἐπὶ
1903 1150 2041 1215 τῶν
2072 1144 2419 1234 δενδρέων
2453 1171 2620 1234 καρ-

344 1250 496 1314 ποῦ.
559 1241 989 1336 ἁπτομένοισι
1030 1249 1108 1318 δὲ
1147 1270 1270 1336 σφι
1319 1243 1640 1318 ἐπελθεῖν
1683 1245 1935 1338 ἄνδρας
1975 1245 2289 1339 μικρούς,
2329 1255 2623 1337 μετρίων

344 1344 706 1430 ἐλάσσονας
744 1348 1050 1441 ἀνδρῶν,
1095 1350 1421 1439 λαβόντας
1462 1351 1534 1419 δὲ
1578 1347 1771 1437 ἄγειν
1803 1349 2046 1438 σφέας·
2093 1357 2327 1440 φωνῆς
2361 1352 2434 1420 δὲ
2464 1348 2622 1420 οὔτε

344 1478 406 1520 τι
443 1457 559 1539 τῆς
587 1448 869 1523 ἐκείνων
901 1453 1058 1534 τούς
1087 1460 1514 1543 Νασαμῶνας
1549 1452 2112 1541 γινώσκειν-,οὕτε
2152 1452 2310 1535 τοὺς
2338 1452 2625 1542 ἄγοντας

414 1650 593 1710 υδασί
615 1675 672 1710 τε
706 1657 803 1711 καὶ
840 1660 1069 1712 σιτίοισι
1103 1649 1169 1712 εὖ
1202 1655 1430 1727 ἐξηρτυ-

344 1726 553 1794 μένους
597 1746 647 1781 κ,
696 1747 742 1780 τ.
791 1730 864 1797 λ.]
922 1733 1069 1782 Bene
1112 1734 1269 1783 nobis
1322 1749 1433 1781 mo-

346 1814 474 1848 nere
518 1799 735 1850 videtur
770 1803 1210 1852 Heeren.1deen
1252 1803 1427 1864 11,1.

346 1884 471 1934 pag.
501 1869 618 1932 198,
658 1871 877 1921 minime
903 1872 1049 1922 solos
1079 1873 1316 1936 quinque
1352 1872 1431 1921 in-

344 1936 669 2004 telligendos
732 1955 852 1990 esse
911 1942 1132 1991 iuvenes
1197 1940 1427 2003 nobiles,

345 2009 434 2071 qui
463 2010 566 2057 iter
602 2011 958 2074 susceperint,
996 2027 1183 2060 verum
1210 2010 1427 2061 additos

343 2078 508 2126 etiam
542 2076 650 2127 illis
679 2079 984 2143 ministros,
1022 2081 1266 2131 comites.
1317 2080 1430 2129 Nos

344 2145 575 2196 dicimus
599 2151 709 2198 eine
739 2148 1048 2199 Kar-amane.
1113 2151 1225 2200 Nec
1251 2154 1432 2199 tamen

345 2215 425 2263 illi
450 2215 674 2266 iuvenes
710 2219 856 2268 viam
892 2219 946 2268 in
977 2219 1286 2269 istiusmodi
1313 2234 1432 2283 pro-

348 2284 671 2336 fectionibus
722 2286 939 2338 solitam
975 2290 1148 2339 secuti
1198 2304 1318 2338 esse
1353 2288 1433 2335 vi-

346 2353 568 2419 dentur,
605 2356 701 2405 sed
735 2356 928 2406 relicta
958 2358 1078 2420 illa,
1136 2373 1256 2407 cnm
1293 2355 1431 2407 alias

344 2423 562 2474 Africae
608 2425 857 2490 regiones
902 2426 1079 2477 adhuc
1120 2427 1432 2492 incognitas

343 2493 522 2542 visere
564 2494 793 2556 vellent,
839 2497 1012 2561 magis
1064 2496 1134 2545 ad
1183 2496 1430 2546 occiden-

342 2568 452 2611 tem
490 2578 549 2613 se
586 2565 941 2616 convertisse.
1016 2566 1136 2627 Quo
1174 2570 1430 2643 spectant

342 2631 510 2682 verba
543 2625 659 2713 τὴν
694 2624 836 2683 ὁδὸν
870 2632 1248 2699 ποιευμένους
1283 2626 1430 2698 πρὸς

339 2692 587 2765 ζέφυρον
621 2692 852 2767 ἄνεμον,
891 2720 1012 2754 cum
1039 2704 1251 2755 scilicet
1287 2705 1427 2754 occi-

343 2771 556 2820 dentem
618 2777 673 2822 et
723 2742 997 2824 meridiem
1045 2789 1234 2824 versus
1285 2772 1428 2838 (ssd-

341 2840 578 2906 westliclz)
613 2840 693 2890 illi
729 2843 832 2892 iter
867 2844 1234 2894 instituerent.

409 2935 811 3004 διεξελθόντας
868 2940 930 2995 δὲ
978 2962 1168 3011 χωρον
1211 2939 1427 2995 πολλὸν

341 3008 661 3077 ψαμμώδεα
702 3029 753 3065 κ.
799 3030 847 3065 τ.
899 3014 973 3082 λ.]
1031 3017 1184 3066 Haec
1227 3016 1297 3065 ad
1340 3015 1428 3065 de-

340 3088 487 3132 serta
521 3082 728 3134 Sabura
780 3086 970 3135 referri
1021 3085 1216 3136 debere
1265 3086 1430 3134 mani-

342 3153 539 3202 festum
575 3159 684 3212 est;
738 3155 934 3218 quibus
980 3154 1210 3205 desertis
1255 3161 1430 3204 trans-

341 3223 588 3286 migratis
650 3222 728 3286 (id
777 3224 921 3289 quod
967 3224 1234 3289 hodieque
1284 3223 1426 3274 haud

341 3290 458 3340 sine
505 3307 701 3357 magno
750 3292 990 3358 periculo
1035 3292 1152 3343 fieri
1201 3293 1426 3358 potest),

342 3359 487 3410 haud
507 3362 688 3412 minus
711 3364 1077 3428 manifestum,
1116 3363 1429 3427 pervenisse

341 3429 563 3480 iuvenes
589 3431 658 3482 ad
684 3446 777 3482 eas
807 3433 1057 3496 regiones
1074 3469 1088 3493 ,
1126 3448 1262 3496 quas
1286 3448 1429 3482 nunc

339 3497 574 3550 solemus
632 3516 831 3551 vocare
890 3500 1262 3565 Neyertdncler.
1345 3504 1428 3552 Eo

341 3568 483 3618 enim
527 3569 761 3634 quadrat
807 3574 862 3620 et
909 3569 1059 3620 color
1095 3571 1276 3635 niger,
1336 3572 1428 3637 qui

337 3637 532 3688 incolis
584 3639 774 3690 harum
827 3644 1095 3690 terrarum
1149 3641 1425 3702 tribuitur,

341 3711 396 3755 et
438 3707 611 3758 minor
664 3713 882 3758 statura
925 3710 1196 3773 corporis,
1266 3725 1428 3774 quam

342 3777 656 3828 recentioris
705 3794 919 3843 quoque
974 3779 1234 3844 temporis
1279 3794 1431 3842 pere-

338 3846 645 3909 grinatores
684 3847 1071 3910 observarunt,
1120 3852 1174 3898 et
1216 3847 1428 3897 indoles

340 3914 639 3966 incolarum
685 3916 921 3982 benigne
971 3922 1026 3967 et
1080 3916 1428 3982 hospitaliter

339 3983 580 4035 advenas
609 3986 1021 4050 excipientium,
1069 4001 1230 4050 quam
1259 3986 1429 4036 virtu·

339 4059 447 4103 tem
493 4053 639 4106 illius
690 4055 870 4119 gentis
911 4054 1180 4119 hodieque
1230 4071 1431 4105 memo-

340 4129 490 4184 rant3
554 4140 619 4174 eo
673 4123 907 4189 denique
961 4124 1124 4174 etiam
1175 4128 1429 4191 spectant

338 4192 559 4243 arbores
589 4194 905 4258 frugiferae,
944 4193 1132 4245 itidem
1164 4194 1430 4244 recentio-

335 4262 485 4312 ribus
532 4263 1033 4327 peregrinatoribus
1090 4262 1203 4313 illic
1247 4263 1428 4313 obser·

335 4335 516 4382 vatae.
606 4332 733 4382 Vid.
779 4333 1016 4384 Heereu.
1067 4331 1104 4383 1.
1149 4331 1188 4384 1.
1237 4333 1324 4395 11,
1374 4331 1423 4382 1.

333 4414 460 4466 pag.
499 4399 622 4452 199.
661 4399 784 4452 200.

1600 1649 1890 1713 ἅπτεσθαι
1928 1660 2035 1713 τοῦ
2067 1695 2135 1703 --
2172 1659 2419 1728 καρποῦ]
2454 1650 2623 1711 ἅπτε-

1534 1730 1676 1780 σθαι
1713 1759 1779 1798 3-
1816 1731 2044 1798 καρποῦ
2082 1750 2190 1784 ιιοιι
2226 1737 2337 1782 tam
2375 1734 2625 1796 attingere

1525 1801 1728 1862 fructus
1774 1818 1893 1852 esse
1931 1809 2112 1852 monet
2148 1801 2478 1862 Larcherus,
2526 1800 2625 1850 sed

1526 1878 1740 1934 quatur-e
1760 1872 1981 1936 fructus,
2018 1875 2177 1934 vesci,
2216 1876 2278 1921 ut
2308 1870 2453 1935 apud
2478 1870 2624 1920 Thu-

1531 1939 1714 2005 cydid.
1756 1941 1832 2002 11,
1868 1941 1956 1992 50.
2005 1941 2395 2004 Intelliguntur
2420 1944 2620 1999 autem,

1532 2014 1596 2059 ut
1653 2008 1912 2060 credibile
1949 2015 2062 2072 est,
2125 2012 2334 2060 fructus
2391 2010 2620 2070 arboris,

1534 2094 1677 2143 quae
1713 2080 1912 2129 dicitur
1939 2080 2101 2129 Sela-a
2136 2080 2324 2142 Toulu,
2363 2078 2624 2130 Seln'baum

1535 2164 1580 2198 s.
1610 2148 1963 2213 Butler-baum,
2005 2155 2059 2199 et
2082 2166 2177 2215 per
2202 2155 2374 2199 totam
2403 2149 2624 2198 interio-

1533 2233 1645 2266 rem
1681 2218 1923 2268 Africam
1961 2225 2044 2269 est
2080 2223 2400 2285 propagata.
2460 2216 2619 2268 Cons-

1532 2287 1739 2337 Ritter:
1787 2288 2084 2338 Erdkunde
2133 2290 2175 2339 1.
2216 2305 2270 2354 p.
2310 2289 2431 2340 347.
2510 2288 2621 2336 Nec

1531 2355 1694 2406 aliter
1724 2357 1903 2407 visum
1930 2360 2200 2409 Heerenio
2238 2359 2273 2409 l.
2307 2358 2349 2409 1.

1611 2450 1879 2510 ἐπελθεῖν
1926 2453 2143 2543 ἄνδρας
2197 2476 2464 2527 μικρους,
2529 2474 2622 2524 με-

1531 2527 1706 2591 τρίων
1743 2521 2050 2589 ἐλάσσονας
2084 2522 2339 2596 ἀνδρῶν]
2400 2532 2482 2580 De
2520 2532 2623 2580 Ae-

1529 2598 1774 2662 thiopiae
1808 2599 2000 2649 incolis
2027 2600 2360 2650 brevissimis
2388 2605 2620 2658 statura,

1530 2668 1613 2716 ita
1656 2674 1718 2718 ut
1763 2669 1890 2718 inde
1933 2670 2329 2741 Pygmaeorum
2378 2669 2621 2718 fabulam

1531 2742 1707 2786 ortam
1742 2738 1962 2788 credere
1996 2731 2175 2801 licea‘t,
2217 2737 2399 2789 Strab.
2440 2736 2622 2788 XVII.

1530 2823 1584 2872 p.
1620 2806 1823 2856 11761)
1862 2823 1907 2856 s.
1946 2824 1999 2873 p.
2029 2809 2151 2859 821.
2175 2807 2419 2869 Similia
2454 2821 2621 2872 quae-

1531 2878 1655 2926 dam
1694 2877 1985 2927 Nonnosns
2021 2877 2167 2942 apud
2196 2877 2452 2928 Photium
2476 2875 2618 2926 Bibl.

1532 2945 1667 2995 Cod.
1708 2945 1817 2997 III.
1860 2962 1915 3010 p.
1953 2948 2013 3009 8,
2069 2963 2210 3012 quae
2256 2947 2620 2997 recentiorum

1531 3030 1744 3081 quoque
1797 3017 2113 3067 narratione
2164 3016 2383 3082 probari
2437 3020 2620 3067 monet

1529 3084 1852 3135 Larcherus.
1890 3087 2083 3152 Neque
2108 3088 2249 3137 enim
2284 3102 2429 3137 nunc
2454 3087 2619 3136 aliam

1530 3154 1600 3204 de
1638 3154 1759 3203 istis
1797 3154 2074 3207 interioris
2111 3157 2331 3206 Africae
2364 3156 2621 3222 gentibus

1530 3223 1841 3288 opinionem
1895 3226 2022 3275 ferri
2070 3226 2417 3287 confirmant,
2481 3239 2620 3289 quae

1529 3294 1832 3350 Hemonius
1870 3295 2099 3358 protulit
2135 3295 2170 3345 1.
2197 3295 2234 3345 1.
2262 3312 2317 3359 p.
2344 3293 2464 3345 199.
2493 3294 2617 3343 200.

1530 3363 1657 3412 Alia
1692 3361 1819 3412 olim
1857 3364 2075 3413 Ludolf.
2116 3366 2326 3414 Histor.
2364 3362 2619 3425 Aethiop.

1530 3446 1660 3497 pag.
1703 3431 1947 3483 69—74.
2041 3433 2384 3484 Recentioris
2438 3435 2619 3481 autem

1531 3502 1731 3551 aetatis
1778 3501 2180 3566 peregrinator,
2232 3501 2508 3562 Mallien.,
2565 3498 2619 3546 in

1531 3570 1742 3622 mediae
1775 3569 1997 3620 Africae
2028 3571 2343 3636 regionibus
2378 3568 2620 3619 homines

1532 3643 1645 3689 tam
1672 3654 1875 3702 parvae
1900 3643 2143 3690 staturae
2170 3640 2494 3702 eosdemque
2524 3637 2619 3686 im-

1530 3707 1854 3770 becillimos,
1897 3713 1957 3758 ut
1992 3709 2109 3759 iure
2131 3709 2436 3773 Pygmaeos
2474 3706 2621 3756 dixe·

1531 3779 1636 3838 ris,
1683 3791 1743 3826 se
1782 3777 2060 3827 invenisse
2106 3782 2372 3838 testatur,
2431 3776 2621 3840 lingua

1531 3846 1697 3896 etiam
1737 3846 2134 3898 diversissimos
2162 3862 2196 3896 a
2224 3845 2447 3911 reliquis
2477 3845 2621 3894 Afri-

1531 3931 1631 3966 cae
1677 3916 1957 3979 gentibus,
2007 3922 2070 3966 ut
2123 3931 2255 3966 sane
2301 3916 2620 3966 Herodotea

1529 3986 1774 4035 narratio
1803 3985 1869 4035 de
1895 3985 2294 4036 Nasamonibus
2327 3985 2455 4035 hinc
2490 3998 2621 4034 non-

1531 4053 1667 4104 nihil
1698 4054 1937 4105 lucretur
1969 4054 2137 4114 lucis3
2175 4054 2364 4105 videas
2391 4055 2618 4119 Voyage

1532 4124 1671 4174 dans
1731 4122 2034 4174 l’interieur
2083 4124 2150 4173 de
2194 4123 2464 4186 l’Afrique
2510 4127 2618 4172 etc.

1531 4192 1666 4242 faite
1712 4208 1780 4242 en
1827 4192 1960 4243 1818
2011 4193 2174 4243 t.11.
2223 4209 2279 4259 p.
2322 4191 2443 4242 209.
2493 4190 2617 4242 262.

1529 4262 1598 4311 In
1623 4277 1778 4340 seqq.
1819 4261 1887 4312 ad
1910 4254 2047 4320 τούς
2071 4254 2318 4325 ἄγοντας
2349 4259 2466 4310 τῶν
2496 4258 2615 4309 Να-

1530 4321 1808 4393 σαμῶνων
1854 4331 1998 4381 conf.
2044 4331 2244 4382 Matth.
2296 4335 2349 4394 §-
2398 4330 2520 4381 570.
2562 4345 2614 4393 p.
