3109 5092
1079 296 1578 358 EUTERPE.
1626 297 1711 357 H.
1761 304 1881 357 150.

355 474 578 560 μνέας.
627 468 909 557 Ἔλεγον
952 469 1027 538 δὲ
1072 473 1142 538 οἰ
1178 469 1520 559 ἐπιχώριοι
1562 470 1675 538 καὶ
1720 464 1809 549 ὥς
1848 472 1914 549 ἐς
1951 465 2077 557 τὴν
2111 466 2373 556 Σύρτιν
2412 466 2536 557 τὴν
2569 466 2771 552 ἑς150

2505 288 2626 350 777

358 574 626 663 Λιβύην
670 576 935 642 ἐκδιδοῖ
967 568 1009 661 ἡ
1052 580 1254 663 λίμνη
1297 570 1467 663 αὕτη
1501 568 1638 642 ὑπὸ
1684 578 1849 662 γῆν,
1894 567 2309 660 τετραμμένη
2346 569 2420 641 τό
2470 572 2635 662 πρὸς

360 682 649 768 ἑσπέρην
699 681 765 757 ἐς
800 674 925 765 τὴν
956 676 1322 765 μεσόγαιαν
1364 675 1545 767 παρὰ
1587 674 1662 746 τὸ
1707 668 1907 766 οὖρος
1953 673 2027 744 τὸ
2081 671 2254 764 ὑπὲρ
2295 680 2633 764 Μέμφιος.

350 780 538 852 Ἐπεί
561 809 632 851 τε
662 780 738 849 δὲ·
767 785 889 848 τοῦ
918 777 1293 870 ὀρύγματος
1318 780 1564 850 τούτου
1592 777 1717 849 οὐκ
1751 777 1966 867 αἵρεον
1994 776 2114 848 τὸν
2142 782 2306 867 χοῦν
2333 776 2653 868 οὐδαμοῦ.

361 885 591 970 ἐόντα,
635 884 941 971 ἐπιμελὲς
971 880 1100 974 γὰρ
1143 884 1229 972 δή
1263 912 1375 974 μοι
1403 875 1525 973 ἦν,
1572 884 1850 974 εἰρόμην
1886 881 2043 963 τοὺς
2073 880 2349 970 ἄγχιστα
2377 885 2632 954 οἰκέον-

360 1016 478 1068 τας
519 993 632 1075 τῆς
666 994 939 1076 λίμνης,
981 984 1147 1056 ὅκου
1192 998 1295 1075 εἴη
1336 984 1372 1057 ὁ
1410 994 1568 1075 χοῦς
1597 983 1632 1056 ὃ
1664 990 2069 1074 ἐξορυχθείς.
2137 989 2208 1055 οἰ
2229 984 2303 1054 δὲ·
2331 985 2639 1076 ἔφρασάν

362 1119 513 1180 μοι,
557 1095 673 1160 ἵνα
717 1091 1133 1181 ἐξεφορήθη,
1185 1094 1296 1160 καὶ
1344 1088 1675 1171 εὐπετέως
1712 1096 2026 1161 ἔπειθον·
2084 1085 2253 1179 ᾔδεα
2295 1087 2424 1179 γὰρ
2459 1089 2636 1184 λόγῳ

365 1196 478 1263 καὶ
512 1197 586 1263 ἐν
615 1200 810 1286 Νίνφ
839 1200 918 1282 τῇ
940 1192 1313 1284 Ἀσσυρίων
1349 1195 1503 1264 πόλι
1533 1193 1904 1284 γενόμενον
1944 1196 2177 1282 ἕτερον
2201 1198 2483 1263 τοιοῦτο.
2557 1192 2639 1264 τὰ

364 1366 646 1425 satrapae,
693 1362 788 1426 qui
840 1367 894 1411 et
942 1362 1058 1427 ipse
1107 1378 1203 1412 rex
1240 1364 1455 1415 diceba-

365 1437 473 1481 tur.
543 1430 667 1481 Vid.
715 1435 832 1481 not.
884 1431 955 1482 ad
988 1432 1074 1496 11,
1114 1431 1202 1484 98.
1274 1435 1454 1496 Quare

364 1502 433 1551 de
468 1500 601 1551 fisco
637 1502 925 1551 Persarum
967 1501 1055 1551 hic
1103 1502 1454 1567 cogitandum

364 1571 496 1631 erit,
545 1586 720 1635 neque
768 1570 835 1619 de
870 1571 1213 1621 Pharaonum
1264 1573 1453 1638 regali,

364 1639 809 1705 quemadmodum
846 1642 1126 1704 accepisse
1161 1642 1337 1692 locum
1374 1643 1453 1692 vi-

364 1710 464 1760 deo
500 1711 733 1759 Heeren.
774 1708 939 1760 Ideeu
977 1711 1051 1770 11,
1089 1713 1141 1760 2.
1177 1727 1305 1776 pag.
1328 1711 1447 1763 345.

364 1779 492 1843 Ipsa
527 1795 658 1828 vero
705 1780 969 1842 pecuniae
1005 1794 1214 1830 summa
1260 1781 1448 1848 (quam

363 1863 544 1897 veram
588 1848 755 1898 fuisse
792 1850 988 1898 statuit
1023 1850 1294 1900 Mannert.
1333 1849 1372 1900 l.
1409 1849 1449 1901 l.

365 1933 414 1982 p.
455 1915 586 1979 427)
633 1917 680 1966 si
715 1916 786 1966 ad
819 1923 1033 1968 nostros
1069 1935 1261 1969 numos
1299 1935 1452 1970 revo-

365 1991 549 2046 catur,
615 1986 833 2036 exsistit
877 2003 1086 2038 summa
1120 1988 1453 2040 thalerorum

363 2055 878 2120 quadringentorum
906 2059 1187 2122 octoginta
1204 2059 1450 2122 duorum,

364 2124 565 2175 additis
594 2126 803 2189 aliquot
839 2127 1076 2190 grossis,
1114 2129 1273 2179 modo
1309 2129 1451 2179 Atti-

363 2210 483 2244 cum
504 2193 780 2259 intelligas
804 2195 1086 2255 talentum,
1124 2198 1268 2263 quod
1297 2213 1452 2248 sexa-

364 2264 517 2328 ginta
555 2264 715 2313 minis
752 2269 986 2314 constat.
1044 2265 1201 2316 Conf.
1239 2269 1446 2319 Wurm.

362 2334 400 2383 l.
438 2333 473 2383 l.
509 2349 632 2398 pag.
674 2334 796 2383 207.
836 2334 1118 2385 Iomardus
1155 2335 1193 2385 l.
1229 2336 1266 2387 l.
1302 2354 1355 2402 p.
1382 2338 1450 2388 92

364 2403 488 2452 hinc
521 2417 757 2452 annuum
795 2403 1026 2453 reditum
1061 2420 1091 2454 e
1112 2406 1339 2470 piscium
1363 2423 1452 2457 ca-

363 2477 524 2536 ptura
560 2473 845 2522 constituit
888 2472 1216 2524 talentorum
1255 2477 1452 2526 duceu-

363 2544 539 2590 torum
584 2542 950 2607 quadraginta
997 2544 1115 2593 sive
1175 2545 1452 2609 1,800,000

363 2610 566 2660 france.
628 2612 784 2673 Quod
822 2627 950 2661 vero
978 2612 1124 2662 docti
1153 2614 1297 2666 Galli
1325 2631 1452 2666 con-

364 2680 626 2740 tendunt,
691 2680 871 2731 nullos
912 2681 1118 2744 pisces,
1180 2685 1273 2748 qui
1321 2685 1450 2735 olim

364 2753 473 2797 tam
522 2748 834 2812 frequentes
881 2749 1115 2814 fuerint,
1170 2753 1349 2805 adhuc
1392 2755 1450 2804 in

364 2817 488 2867 lacu
525 2818 717 2867 Birket
764 2817 815 2867 el
863 2819 1048 2880 Quorn
1097 2824 1333 2884 versari,
1382 2824 1449 2874 ob

363 2886 563 2936 salsam
603 2888 806 2952 opinor.
825 2886 978 2937 lacus
1016 2905 1211 2954 aquam
1250 2897 1307 2942 et
1339 2892 1453 2943 Nili

362 2956 542 3005 vivam
586 2972 782 3021 aquam
829 2973 938 3007 non
982 2958 1213 3024 amplius
1263 2963 1319 3012 in
1372 2963 1450 3012 la-

363 3042 481 3075 cum
531 3026 860 3090 immissam,
917 3028 998 3078 ita
1045 3033 1107 3079 ut
1155 3031 1337 3096 pisces
1392 3033 1449 3081 in

362 3095 487 3145 Nilo
508 3097 863 3160 retineantur,
892 3097 948 3147 in
979 3113 1042 3148 eo
1066 3102 1282 3165 egregie
1308 3101 1451 3167 lapsi

364 3169 507 3226 sunt,
530 3171 782 3216 monente
803 3169 1120 3219 recentioris
1142 3173 1341 3222 aetatis
1361 3187 1452 3235 pe-

362 3235 728 3297 regrinatore,
772 3237 865 3300 qui
901 3237 1019 3302 ipse
1054 3240 1231 3302 pisces
1267 3245 1452 3306 gusta-

361 3304 445 3351 vit
481 3303 536 3352 in
568 3303 694 3354 lacu
727 3311 916 3369 captos
951 3306 1241 3374 pluresque
1276 3310 1452 3374 pisca-

364 3376 539 3421 torum
575 3372 809 3422 familias
847 3390 913 3423 ex
953 3375 1180 3438 piscium
1220 3385 1449 3442 captura

364 3439 676 3490 alimentum
705 3442 808 3490 sibi
837 3458 1095 3506 quaerere
1124 3447 1310 3496 refert.
1346 3448 1450 3496 Ve-

363 3508 552 3573 ctigal·
567 3523 823 3572 annuum,
861 3511 1004 3574 quod
1026 3528 1170 3564 nunc
1195 3514 1321 3565 inde
1347 3516 1451 3565 sol-

363 3580 511 3628 vitur
550 3577 699 3640 fisco,
737 3578 997 3629 tredecim
1034 3587 1120 3631 est
1154 3585 1452 3647 marsupio-

361 3663 498 3709 rum,
537 3663 760 3712 quorum
793 3648 1046 3713 quodque
1080 3653 1323 3703 continet
1349 3652 1452 3702 164

364 3718 547 3766 francs
590 3722 841 3767 monetae
878 3717 1141 3771 Gallicae.
1215 3722 1342 3774 vid.
1377 3722 1443 3773 L.

363 3786 429 3835 de
465 3787 717 3838 Laborde
751 3786 788 3838 l.
828 3786 864 3837 l.
905 3804 1032 3854 pag.
1071 3789 1155 3841 67.

761 3956 894 4008 Cn.
934 3958 1041 4008 CL.

431 4051 528 4106 καὶ
564 4048 641 4113 ὥς
679 4049 733 4114 ἐς
764 4050 870 4122 τὴν
895 4050 1113 4122 Σύρτιν
1137 4050 1245 4124 τὴν
1278 4050 1331 4116 ἐς
1351 4061 1449 4109 Λι-

361 4118 510 4202 βιξην
545 4141 597 4175 κ.
636 4141 684 4175 τ.
723 4125 805 4245 L}
836 4127 1042 4192 Optimi
1078 4128 1235 4178 codd.
1261 4119 1325 4185 ἐς
1349 4130 1446 4177 Λι-

359 4192 537 4259 βυην,
584 4196 740 4245 cuius
805 4212 904 4247 oco
950 4213 980 4247 e
1026 4197 1181 4247 libris
1226 4198 1446 4263 quibus-

360 4264 483 4313 dam
528 4263 833 4330 Schweigh.
885 4271 940 4316 et
998 4267 1275 4317 Gaisford.
1328 4266 1442 4316 edi-

245 4341 262 4355 ·
360 4333 553 4384 derunt
588 4323 656 4382 ἔν
683 4327 898 4403 Λιβύῃ,
939 4335 1081 4401 quod
1114 4337 1440 4387 correctoris

1556 1378 1775 1412 manum
1835 1361 1993 1411 nobis
2052 1360 2278 1426 prodere
2331 1361 2639 1414 videbatur.

1555 1433 1718 1484 Conf.
1752 1431 2008 1482 Kuehner
2043 1431 2137 1481 Gr.
2188 1431 2280 1481 Gr.
2323 1433 2374 1493 ξ.
2415 1431 2535 1493 623,
2584 1433 2635 1484 6.

1555 1503 1686 1552 Mox
1721 1501 1917 1565 scripsi
1953 1486 2127 1563 οὖρος
2158 1516 2256 1565 pro
2294 1499 2443 1566 vulg.
2473 1492 2637 1565 ὄροςς

1559 1572 1629 1622 cf.
1664 1570 1731 1620 ad
1756 1570 1831 1633 ΙΙ,
1869 1570 1903 1620 6
1931 1574 2069 1619 nott.
2100 1596 2158 1605 —
2197 1569 2280 1620 Ad
2302 1585 2457 1620 usum
2484 1573 2639 1622 verbi

1555 1631 1850 1689 ἐκδιδόναι
1882 1640 2027 1689 conf.
2065 1639 2109 1698 1,
2148 1639 2199 1690 6.
2239 1640 2333 1701 IV,
2369 1641 2437 1690 85
2458 1641 2639 1705 ibique

1554 1713 1695 1760 nott.
1770 1709 1951 1773 Ipsam
1977 1707 2245 1758 Herodoti
2271 1711 2639 1761 narrationem

1556 1780 1623 1829 de
1660 1793 1804 1842 aqua
1845 1778 1996 1827 lacus
2047 1778 2146 1828 sub
2195 1783 2338 1827 terra
2383 1780 2639 1830 effluente

1555 1848 1623 1899 ad
1654 1847 1871 1897 fabulas
1893 1851 2205 1898 revocatam
2224 1847 2344 1898 vult
2368 1850 2640 1901 Mannert.

1553 1918 1591 1968 l.
1633 1918 1669 1967 l.
1705 1933 1833 1982 pag.
1870 1918 1992 1967 427.
2070 1917 2189 1978 Quo
2226 1918 2441 1968 cautius
2466 1919 2642 1969 Minu-

1552 1986 1652 2038 toli
1674 1984 1855 2050 (Reise
1879 1985 2018 2036 nach
2046 1986 2097 2037 d.
2124 1986 2345 2051 Tempel
2363 1987 2456 2037 des
2470 1988 2638 2053 Jupp.

1554 2058 1729 2108 Amm.
1769 2071 1895 2120 pag.
1940 2054 2063 2119 101)
2114 2056 2179 2105 de
2227 2058 2364 2107 artis
2403 2058 2638 2122 quodam

1555 2142 1719 2191 opere
1766 2125 1941 2176 rarius
1998 2125 2242 2177 adhibito
2297 2127 2639 2192 (Schleussen-

1553 2194 1739 2259 merle),
1778 2211 1885 2260 quo
1914 2211 2057 2260 aqua
2082 2195 2138 2245 in
2170 2195 2283 2245 Nili
2313 2197 2524 2246 alveum
2550 2198 2641 2247 Li-

1551 2267 1749 2330 bycum
1787 2280 1833 2315 s.
1870 2264 2326 2316 Bahr-Bela-ma
2362 2265 2494 2330 (vid.
2521 2272 2636 2319 not.

1551 2335 1625 2385 ad
1667 2335 1741 2396 ΙΙ,
1775 2335 1859 2385 10.
1903 2333 2030 2392 149)
2064 2334 2301 2385 deducta
2329 2336 2511 2396 fuerit,
2549 2353 2640 2387 co-

1552 2405 1718 2469 gitari
1752 2419 1915 2468 posse
1933 2404 2156 2455 iudicat.
2212 2405 2390 2456 Verba
2415 2422 2639 2470 sequen-

1555 2474 1660 2523 tia:
1710 2467 2057 2537 τετραμμένη
2105 2466 2169 2523 τὸ
2212 2468 2358 2534 πρὸς
2393 2465 2639 2539 ἕσπέρην

1553 2534 1608 2598 ἐς
1648 2534 1755 2606 τὴν
1790 2540 2101 2606 μεσόγαιαν
2135 2539 2291 2603 παρὰ
2312 2535 2375 2591 τὸ
2412 2533 2548 2606 ὄρος
2571 2537 2636 2592 τὸ

1551 2603 1696 2673 ὑπὲρ
1734 2605 2005 2675 Μέμφιος
2050 2617 2307 2662 accurate
2349 2615 2639 2664 convenire

1552 2682 1610 2730 in
1641 2680 1840 2743 locum,
1876 2682 1968 2745 qui
1989 2695 2132 2730 nunc
2168 2682 2367 2731 dicitur
2399 2681 2633 2746 Tamyeh,

1552 2749 1745 2801 scribit
1764 2749 2050 2800 Iomardus
2070 2749 2109 2799 l.
2134 2749 2171 2799 1.
2197 2765 2324 2814 pag.
2350 2751 2435 2800 87.
2479 2751 2639 2814 Quod

1553 2821 1599 2868 si
1624 2834 1807 2868 verum
1830 2825 1943 2880 est,
1981 2834 2150 2882 aquas
2185 2834 2280 2883 per
2308 2821 2525 2870 eosdem
2550 2837 2639 2871 ca-

1551 2889 1731 2950 nales,
1772 2889 1970 2953 quibus
2002 2888 2058 2937 in
2079 2887 2257 2938 lacum
2282 2890 2640 2941 immitteren-

1552 2965 1659 3018 tur,
1680 2958 1961 3010 refluxisse
1981 2958 2324 3009 statuendum
2345 2960 2468 3011 erit.
2496 2961 2640 3022 Qua-

1551 3044 1610 3078 re
1646 3028 1710 3078 L.
1759 3028 1823 3079 de
1860 3027 2107 3079 Laborde
2150 3029 2187 3079 l.
2227 3029 2265 3080 l.
2315 3046 2437 3096 pag.
2477 3031 2545 3082 66
2582 3032 2638 3081 in

1551 3097 1819 3147 Herodoti
1853 3098 1973 3149 loco
2010 3113 2126 3148 eam
2165 3100 2464 3150 convallem
2500 3100 2639 3151 indi-

1554 3167 1671 3217 cari
1707 3168 2011 3228 existimat,
2052 3184 2189 3233 quae
2215 3183 2248 3218 a
2274 3170 2640 3234 septentrione

1551 3236 1708 3286 lacus
1760 3237 1869 3288 sita
1928 3238 2139 3288 canalis
2188 3254 2280 3302 per
2326 3240 2502 3304 ipsam
2541 3239 2639 3288 du-

1555 3305 1632 3354 cti
1671 3307 1907 3372 vestigia
1943 3307 2122 3357 adhuc
2146 3307 2407 3370 praebeat
2442 3311 2497 3356 et
2520 3307 2639 3357 bre-

1553 3374 1695 3424 viori
1733 3379 1897 3439 atque
1945 3375 2181 3425 faciliori
2230 3376 2324 3425 via
2359 3390 2531 3440 aquas
2581 3377 2639 3426 in

1548 3442 1828 3506 planitiem
1866 3444 2271 3509 Memphiticam
2318 3443 2510 3494 ducere
2544 3460 2637 3509 po-

1550 3511 1736 3561 tuerit.

1623 3603 1729 3662 οὗκ
1764 3600 1946 3673 ὄρεον
1982 3604 2083 3660 τὸν
2120 3610 2285 3677 χοῦν]
2317 3605 2500 3678 αἵρεον
2528 3615 2634 3679 hic,

1552 3686 1812 3746 quantum
1850 3681 1993 3744 scic,
2034 3697 2218 3732 omnes
2255 3683 2396 3733 libri.
2470 3684 2632 3737 Conf.

1550 3750 1625 3814 ΙΙ,
1666 3750 1785 3802 106.
1858 3750 2064 3801 Eodem
2100 3755 2282 3802 autem
2317 3760 2635 3819 arg-umento

1550 3820 1618 3870 de
1653 3820 1917 3869 immensa
1963 3823 2143 3869 terrae
2184 3821 2412 3872 effossae
2458 3825 2633 3889 copia,

1550 3904 1692 3953 quae
1728 3904 1963 3954 quonam
2003 3890 2124 3939 eiici
2162 3893 2426 3956 potuerit,
2480 3894 2635 3944 intel-

1546 3957 1647 4024 ligi
1674 3963 1926 4024 nequeat,
1955 3959 2283 4010 recentiores
2308 3978 2522 4028 quoque
2548 3965 2635 4014 usi

1551 4032 1706 4090 sunt,
1745 4043 1853 4092 quo
1889 4027 2068 4079 lacum
2102 4027 2338 4081 humana
2362 4038 2479 4082 arte
2515 4033 2636 4084 sola

1550 4096 1697 4147 effici
1735 4097 1981 4163 potuisse
2009 4105 2292 4163 negarent.
2365 4102 2489 4153 Vid.
2519 4103 2636 4154 Rit-

1549 4170 1651 4216 ter.
1690 4165 1727 4216 l.
1769 4167 1806 4217 l.
1844 4183 1973 4234 pag.
2010 4167 2134 4219 800.

1614 4264 1714 4316 ἵνα
1748 4259 2105 4335 ἐξεφορήθη]
2141 4270 2305 4321 Haud
2339 4268 2502 4321 aliter
2535 4266 2635 4320 ἵνα

1545 4337 1594 4401 1,
1633 4337 1752 4401 179,
1788 4338 1883 4389 ubi
1917 4339 2032 4389 vid.
2069 4343 2212 4391 nott.
