3109 5092
1247 376 1499 439 OLIO.
1548 379 1598 438 I.
1651 387 1733 441 18.
2549 384 2620 446 41

334 550 556 645 χώρης
591 556 708 640 τῆς
753 554 1081 643 σφετέρης
1120 555 1603 644 μαχεσαμένων
1642 555 1755 624 καὶ
1798 555 1874 622 ἐν
1923 553 2334 645 Μαιάνδρου
2388 564 2624 652 πεδίῳ.

334 657 417 729 τὰ
452 658 579 745 μέν
612 683 745 726 νυν
779 660 846 739 ἓξ
876 662 1029 726 ἔτεα
1060 662 1201 728 τῶν
1236 661 1480 730 ἕνδεκα
1511 657 1914 746 Σαδυάττης
1955 654 1992 728 ὁ
2029 655 2314 747 ’Ἄρδυος
2349 666 2446 731 ἔτι
2477 671 2620 732 Λυ-

335 766 480 833 δῶν
515 752 710 850 ἦρχε,
770 755 808 829 ὁ
850 762 963 830 καὶ
1002 760 1350 849 ἐσβάλλων
1400 767 1772 851 τηνικαῦτα
1828 765 1895 841 ἐς
1933 760 2060 851 τὴν
2095 770 2448 853 Μιλησίην
2494 764 2621 855 τὴν

333 863 655 956 στρατιήν
709 863 1138 954 (Σαδυάττης
1182 864 1311 956 γὰρ
1350 856 1544 947 οὗτος
1593 868 1704 936 καὶ
1749 859 1786 936 ὁ
1825 863 1945 935 τὸν
1990 864 2287 954 πόλεμον
2325 858 2412 957 ἦν
2451 890 2616 939 συν-

332 971 569 1053 άψας)·
616 966 697 1038 τά
738 967 815 1037 δὲ
857 970 1058 1038 πέντε
1096 997 1236 1040 των
1269 972 1474 1040 ἐτέων
1507 968 1590 1039 τὰ
1623 969 1916 1059 ἑπόμενα
1943 987 2114 1040 τοῖσι
2152 973 2220 1052 ἓξ
2259 967 2620 1061 Ἀλυάττης

334 1070 370 1144 ὁ
402 1071 811 1142 Σαδυάττεω
853 1074 1207 1162 ἐπολέμεε,
1257 1069 1330 1154 ὃς
1366 1073 1940 1163 παραδεξάμενος,
1995 1069 2085 1154 ὥς
2130 1075 2238 1144 καὶ
2291 1074 2621 1164 πρότερόν

333 1205 447 1266 μοι
478 1175 881 1266 δεδήλωται,
915 1175 1095 1266 παρὰ
1130 1182 1252 1248 τοῦ
1284 1175 1531 1267 πατρὸς
1566 1175 1686 1247 τὸν
1721 1176 2049 1265 πόλεμον,
2091 1193 2400 1266 προσεῖχε
2431 1181 2614 1250 ἐντε-

331 1282 648 1368 ταμένως.
716 1293 888 1349 τοῖσι
944 1280 1021 1349 δὲ
1069 1288 1467 1370 Μιλησίοισι
1511 1278 1798 1368 οὐδαμοὶ
1851 1277 2098 1350 Ἰώνων
2153 1279 2273 1351 τὸν
2319 1281 2619 1375 πόλεμον

330 1389 572 1453 τοῦτον
619 1383 1265 1474 συνεπελάφρυνον,
1324 1382 1425 1455 ὅτι
1470 1382 1564 1474 μὴ
1614 1393 1764 1454 Χῖοι
1813 1390 2074 1472 μοῦνοι.
2160 1375 2346 1456 οὗτοι
2407 1385 2482 1457 δὲ
2543 1386 2619 1457 τὸ

326 1582 511 1669 τέρης]
554 1586 618 1636 Ιιι
668 1584 993 1651 quibusdam
1036 1585 1192 1636 libris
1239 1592 1422 1638 exstat

325 1651 388 1705 ἕν
438 1669 495 1704 τε
554 1645 616 1704 ἐν
660 1651 977 1721 Λιμενηΐῳ,
1036 1658 1420 1721 patrocinante

326 1725 624 1786 Gronovio,
665 1726 759 1790 qui
794 1720 856 1775 ἒν
890 1739 949 1774 τε
986 1725 1239 1778 absolute
1274 1728 1419 1792 posi·

325 1803 441 1847 tum
479 1794 626 1844 vult:
660 1797 792 1845 inter
827 1798 953 1852 alia,
988 1812 1039 1847 ιιι
1073 1796 1168 1847 his.
1217 1797 1325 1855 Sed
1353 1814 1417 1876 ep

323 1881 488 1917 sensu
529 1865 730 1914 dicitur
774 1854 836 1913 ἐν
890 1858 953 1913 δὲ
1007 1864 1132 1930 (pro
1183 1856 1244 1915 ἐν
1286 1858 1417 1917 τού-

324 1949 446 1991 τοις
482 1928 588 1999 δὲ),
612 1938 676 1984 ut
701 1935 912 1985 monuit
945 1935 1298 2001 wesseling„
1327 1937 1415 1988 cui

322 2004 451 2057 add.
498 2003 790 2055 Ruhnken.
838 2004 1019 2069 Epist.
1068 2006 1244 2057 critic.
1286 2023 1414 2073 pag.

321 2073 443 2126 236.
494 2073 622 2134 Alii,
674 2089 781 2139 quo
828 2073 1143 2126 mendosam
1186 2077 1416 2142 scriptu-

319 2159 437 2195 ram
485 2111 850 2209 explicarent,
901 2133 962 2191 ἐν
1023 2142 1295 2211 λιμενηΐφ
1347 2162 1415 2197 ex

320 2214 501 2280 prisco
552 2212 827 2263 scribendi
871 2228 976 2263 usu
1030 2213 1173 2264 idem
1230 2215 1445 2267 valere·

317 2298 515 2431 3323..
531 2273 1410 2417 ιεῗῑεκεξιῑξ.ἐέὲεειιὶι

316 2412 577 2487 μενήῖον,
613 2421 707 2472 ubi
744 2437 929 2487 pugna
966 2421 1061 2472 illa
1089 2427 1234 2474 esset
1270 2439 1413 2475 com-

318 2493 507 2543 missa.
574 2490 882 2541 Larcherus
954 2489 1033 2553 (in
1100 2494 1214 2543 tab.
1287 2509 1414 2559 geo·

384 2560 513 2626 aph.
554 2562 622 2611 T.
660 2560 815 2611 VIII.
843 2577 897 2625 p.
934 2561 1066 2617 302)
1102 2563 1414 2614 coniecerat

317 2579 385 2683 g
426 2644 487 2680 τε
534 2626 821 2696 Διμνηΐῳ,
871 2646 994 2681 cum
1042 2647 1076 2681 a
1119 2632 1411 2696 paludibus

317 2699 641 2784 stagnisque
674 2698 796 2750 loco
832 2716 1027 2751 nomen
1056 2701 1289 2752 inditum
1312 2704 1411 2752 Λι-

315 2776 550 2835 μνηϊον.
604 2771 679 2820 Et
713 2769 983 2819 coloniam
1018 2770 1113 2821 ille
1147 2778 1415 2823 memorat

314 2839 656 2893 Milesiorum
686 2839 742 2889 iu
762 2839 1102 2892 Chersoneso
1122 2842 1411 2905 Thracica,

312 2912 403 2962 cui
438 2924 637 2960 nomen
671 2907 914 2972 Λίμναι,
953 2915 1096 2961 teste
1139 2911 1413 2962 Strabone

311 2981 461 3032 xlv.
500 2993 553 3060 p.
594 2977 698 3030 635
747 2994 793 3029 s.
844 2978 943 3028 941
996 2980 1066 3030 D.
1142 2979 1412 3032 Herodoti

310 3041 629 3113 Αιμενήϊον
680 3062 981 3112 sanequam
1028 3049 1249 3101 aliunde
1298 3066 1409 3101 non

309 3124 503 3170 notum
558 3120 671 3177 est,
732 3119 781 3167 si
826 3118 1051 3168 Suidam
1107 3121 1405 3185 exceperis,

308 3191 403 3253 qui
458 3187 564 3238 hoc
614 3184 836 3237 'nomine
897 3188 1175 3254 regionem
1238 3205 1407 3255 quan·

306 3259 432 3308 dam
481 3255 713 3306 indicari
758 3256 984 3321 scribit,
1034 3258 1406 3309 Herodoteum

304 3328 471 3378 credo
507 3325 690 3375 locum
724 3326 1043 3391 respiciens.
1083 3329 1204 3391 Quo
1228 3330 1405 3393 magis

302 3397 393 3446 hic
439 3412 474 3445 a
520 3394 768 3444 codicum
816 3395 1091 3477 scriptura
1148 3398 1404 3448 standum

304 3465 543 3515 videtur.
628 3463 878 3530 Namque
944 3458 1008 3515 τὸ
1088 3459 1403 3531 Λιμενήϊον

304 3530 661 3597 (Λιμενεῐον)
695 3532 804 3584 dici
839 3536 1021 3598 potuit
1056 3537 1207 3602 regio
1241 3538 1402 3586 mari-

299 3604 457 3666 tima,
504 3606 695 3667 portus
751 3600 1045 3667 (λιμένας),
1098 3622 1235 3671 quos
1271 3622 1401 3672 qua-

300 3680 427 3723 tuor
477 3676 619 3723 teste
668 3672 937 3723 Strabone
982 3675 1131 3726 XIV.
1192 3692 1245 3741 p.
1296 3675 1401 3726 335

300 3742 499 3793 habuit
530 3740 773 3799 Miletus,
811 3742 1196 3821 complectens.
1250 3745 1400 3795 Mae·

303 3813 461 3861 andri
522 3826 747 3875 campus
811 3803 896 3875 (τό
958 3809 1187 3880 πεδίον)
1245 3820 1402 3864 extra

304 3880 483 3931 Mileti
520 3879 785 3931 ditionem
822 3882 1165 3946 quaerendus
1202 3884 1307 3932 erit
1342 3883 1399 3932 in

303 3950 616 4014 regionibus
677 3950 1056 4012 inferioribus,
1114 3967 1250 4017 quas
1309 3950 1400 4001 hic

304 4019 497 4069 fluvius
537 4034 686 4069 mare
731 4034 922 4069 versus
960 4020 1200 4071 flexuoso
1238 4036 1402 4071 cursu

300 4094 545 4152 permeat
589 4103 690 4139 nec
750 4104 874 4137 raro
930 4089 1163 4139 inundat
1209 4094 1399 4140 vexat·

301 4173 433 4222 qne,
466 4156 579 4206 vid.
627 4157 672 4218 1,
727 4157 846 4208 161.
895 4157 970 4221 11,
1026 4158 1109 4209 10.
1178 4159 1399 4210 Maean-

297 4227 442 4277 drum
500 4227 705 4277 Noster
757 4233 1143 4278 commemorat
1189 4229 1265 4290 11,
1306 4227 1394 4278 29.

295 4296 420 4358 Vn,
481 4296 569 4346 26.
627 4294 754 4347 coll.
812 4296 918 4356 ΙΙΙ,
972 4297 1090 4349 122.
1148 4298 1215 4358 V,
1276 4298 1398 4348 118.

294 4365 463 4416 Plura
511 4365 723 4414 dabunt
769 4365 1080 4417 Tzschuck.
1124 4366 1193 4416 ad
1240 4368 1399 4416 Pom·

292 4450 423 4500 pon.
462 4434 591 4485 Mel.
632 4436 678 4498 1,
722 4434 807 4486 12.
847 4437 898 4499 9.
939 4435 990 4486 3.
1054 4436 1322 4503 Forbiger
1357 4436 1397 4487 l.

1524 1587 1563 1638 1.
1614 1605 1669 1653 p.
1721 1588 1842 1640 104.
1888 1587 2167 1641 Soldanl.
2204 1587 2242 1639 1.
2291 1605 2345 1653 p.
2397 1589 2614 1656 Oseqq.

1523 1659 1683 1709 Nunc
1718 1662 1947 1708 vocatur
1979 1658 2236 1713 Meinder.
2273 1673 2307 1708 a
2343 1659 2617 1724 Neograe-

1525 1729 1605 1778 cis
1648 1725 1966 1789 Μένδερος,
2015 1732 2161 1777 teste
2205 1729 2345 1778 Ross
2392 1728 2430 1779 1.
2481 1729 2520 1779 1.
2559 1745 2612 1793 p.

1527 1796 1646 1849 139.
1686 1798 1814 1857 151ς
1854 1797 1970 1846 eius
2018 1812 2209 1847 cursus
2257 1813 2402 1847 nunc
2452 1797 2615 1848 valde

1522 1872 1784 1918 mutatus.
1858 1866 1984 1917 Vid.
2043 1865 2431 1917 Tchihatcheff
2477 1866 2612 1919 1.1.

1522 1952 1649 2054 pag
1664 1939 2079 2082 κίῗ-Ιέσβάλλων
2105 2000 2440 2068 τηνικαῦτα]
2467 2004 2615 2055 Male

1521 2075 1652 2126 olim
1690 2063 1968 2141 έσβαλῶνς
2006 2071 2257 2123 meliores
2294 2072 2436 2134 libri,
2475 2090 2613 2139 quos

1519 2161 1641 2196 cum
1701 2146 1930 2195 recentt.
1987 2142 2110 2193 edd.
2175 2144 2352 2193 secuti
2406 2158 2611 2206 sumus,

1517 2205 1824 2281 ἐσβάλλων,
1874 2212 2018 2278 quod
2064 2217 2366 2277 temporum
2412 2214 2614 2265 rationi

1515 2285 1691 2351 magis
1727 2283 1998 2349 congruit.
2044 2312 2115 2323 -
2165 2283 2230 2333 In
2275 2299 2427 2363 seqq.
2481 2285 2613 2334 scri-

1513 2355 1749 2420 psimus:
1822 2343 2161 2417 Σαδυάττης
2238 2344 2343 2415 γὰρ
2417 2341 2608 2411 οὗτος,

1515 2439 1842 2508 quamquam
1879 2421 2083 2473 arridet
2105 2422 2610 2487 Schweighaeuseri

1514 2495 1782 2559 suspicio,
1832 2493 1925 2559 qni
1972 2507 2065 2554 eo,
2112 2492 2258 2557 quod
2305 2493 2433 2542 libri
2480 2508 2611 2542 non·

1513 2563 1652 2614 nulli
1696 2563 2049 2614 distinctione
2095 2562 2278 2625 posita
2322 2566 2447 2625 post
2494 2559 2609 2609 Σα-

1514 2624 1762 2697 δυάττης
1800 2631 1930 2697 (qua
1979 2628 2114 2680 illud
2160 2629 2610 2680 antecedentibus

1518 2702 1876 2763 annectatur)
1938 2706 2172 2781 pergunt
2243 2686 2413 2754 οὗτος
2483 2690 2608 2761 γὰρ,

1516 2788 1708 2822 vocem
1758 2768 2098 2831 Σαδυάττης
2133 2772 2335 2818 temere
2388 2767 2444 2816 in
2498 2773 2611 2817 tex-

1515 2846 1633 2893 tum
1680 2840 1892 2891 illatam
1944 2839 2262 2890 arbitratur.
2335 2837 2481 2886 Hinc
2530 2852 2610 2886 re-

1517 2915 1687 2963 centt.
1731 2909 1853 2961 edd.
1895 2909 2037 2960 hanc
2073 2923 2262 2957 vocem
2311 2906 2606 2957 eiecerunt.

1515 2980 1624 3033 Sed
1661 2981 1932 3031 cautiores
1969 2980 2026 3028 in
2061 2976 2291 3027 delendo
2342 2991 2442 3026 nos
2492 2976 2610 3027 red-

1512 3051 1642 3101 dere
1674 3050 1838 3101 debet
1872 3047 2174 3100 Herodotei
2218 3046 2482 3097 sermonis
2520 3062 2608 3096 co-

1512 3121 1606 3185 pia
1636 3125 1801 3186 atque
1838 3117 2194 3170 abundantia.
2245 3115 2420 3167 Simili
2447 3115 2606 3166 modo

1508 3191 1657 3240 infra
1694 3206 1814 3254 cap.
1862 3188 1930 3240 23
1978 3189 2059 3237 sic
2104 3188 2372 3265 repetitur
2416 3176 2446 3233 ὁ
2497 3182 2608 3233 Πε-

1510 3255 1801 3321 ρίανδρος.
1850 3258 1935 3309 Ad
1973 3248 2238 3315 συνάψας
2274 3255 2418 3305 conf.
2462 3268 2603 3318 quae

1509 3330 1748 3379 excitavi
1795 3328 1866 3377 ad
1923 3325 2201 3376 Plutarch.
2265 3323 2604 3387 Philopoem.

1507 3414 1632 3463 pag.
1682 3398 1770 3449 67.
1821 3401 1877 3447 et
1923 3395 2063 3445 adde
2123 3394 2393 3444 Herodoti
2453 3391 2605 3441 locos

1505 3468 1603 3531 IV,
1649 3469 1735 3519 80.
1774 3468 1840 3527 V,
1880 3466 1966 3515 75.
2008 3464 2106 3523 VI,
2149 3461 2264 3513 108.
2313 3461 2443 3519 VII,
2490 3459 2606 3509 158.

1505 3567 1578 3576 -
1634 3538 1702 3586 In
1750 3550 1901 3599 seqq.
1952 3547 2050 3597 pro
2093 3496 2609 3607 συνεπελάφρυνον

1503 3605 1631 3655 libri
1655 3604 1868 3668 aliquot
1891 3589 2426 3661 συναπελάφρυνον,
2461 3594 2607 3661 quod

1505 3690 1602 3724 cur
1643 3671 1910 3737 praeferri
1964 3667 2101 3717 velit
2161 3664 2603 3731 Schweighaeus.

1504 3745 1562 3793 in
1599 3742 1788 3791 Lexic.
1837 3737 2102 3789 Herodot.
2153 3751 2198 3786 s.
2248 3752 2324 3796 ιη,
2377 3750 2488 3785 ιιοιι
2527 3736 2605 3784 ἰιι-

1503 3810 1716 3875 telligo.
1754 3807 1881 3860 Vid.
1921 3805 2155 3858 Bredov.
2195 3822 2250 3871 p.
2289 3773 2411 3857 3'18.
2472 3806 2605 3856 Sen-

1503 3881 1682 3931 tentia
1711 3879 1844 3929 fert·
1887 3877 2118 3928 Milesios
2151 3877 2278 3925 nulli
2309 3875 2488 3926 Ionum
2511 3874 2606 3924 Ιιοσ

1502 3953 1555 4001 in
1588 3951 1719 4000 betto
1756 3947 2081 3999 adiuvabant.
2139 3946 2380 3997 Verbum
2422 3946 2605 4008 ipsum

1499 4020 1702 4078 rarius3
1737 4018 1811 4068 cf.
1852 4016 1997 4071 Guil.
2049 4015 2292 4066 Dindorf
2334 4015 2391 4063 in
2431 4014 2600 4064 Thes.

1502 4090 1569 4140 L.
1607 4088 1702 4140 Gr.
1741 4087 1855 4139 111.
1892 4103 1947 4149 p.
1984 4086 2105 4138 688.
2148 4085 2320 4135 1176.

1572 4171 1679 4206 οτι
1733 4149 1821 4220 μὴ
1875 4155 2012 4205 Χιοι
2078 4146 2315 4217 μοῦνοι]
2373 4165 2461 4199 οτι
2522 4142 2601 4232 μὴ

1499 4230 1614 4286 nisi,
1651 4235 1866 4289 praeter
1887 4224 2082 4291 (Chios
2120 4221 2310 4286 solos),
2349 4220 2538 4269 haud
2523 4236 2603 4269 ιιι-

1500 4297 1756 4360 frequens
1811 4294 1955 4358 apud
2012 4294 2302 4351 Nostrum,
2365 4304 2432 4339 ex
2493 4304 2601 4353 quo

1501 4364 1767 4414 formulae
1805 4378 1936 4413 usus
1958 4362 2028 4412 ad
2057 4359 2394 4411 Pausaniam
2422 4362 2601 4407 trans·

1500 4434 1583 4497 iit,
1619 4435 1873 4484 monente
1892 4430 2095 4482 Siebel.
2140 4428 2210 4478 ad
2251 4428 2297 4490 1,
2341 4426 2423 4476 18.
2463 4430 2513 4489 9.
2542 4425 2597 4476 6.
