3109 5092
441 310 565 372 504

1312 296 1862 363 HERODOTI

443 490 601 575 δρες
629 481 706 552 δὲ
734 479 1010 551 πάντων
1037 504 1110 548 τε
1141 478 1254 546 καὶ
1287 478 1578 546 πασέων.
1645 474 1923 562 τρέφειν
1956 466 2115 551 τοὺς
2141 470 2375 550 τοκέας
2408 484 2582 539 τοῖσι
2608 466 2736 557 μὲν

446 587 635 657 παισὶ
676 580 962 671 οὐδεμία
1013 578 1275 668 ἀνάγκη
1320 577 1410 668 μὴ
1465 577 1971 667 βουὲομένοισι,
2024 578 2176 663 τῇσι
2222 573 2296 643 δὲ
2350 570 2733 659 θυγατράσι

352 701 433 763 36
450 695 630 762 πᾶσα
658 684 919 774 ἀνάγκη
949 688 1062 755 καὶ
1089 682 1179 774 μὴ
1206 682 1680 772 βουλομένῃσι.
1759 684 1850 748 Οἱ
1876 680 2049 765 ἱρέες
2076 681 2265 747 θεῶν
2296 680 2379 767 τῇ
2405 676 2533 764 μὲν
2562 672 2734 763 ἄλλῃ

446 906 534 944 res
581 887 1094 941 administrantibus
1138 886 1197 935 in
1244 883 1540 949 Aegyptio-

447 976 566 1012 rum
597 958 802 1019 sacris;
831 957 978 1009 conf.
1003 956 1171 1006 etiam
1195 970 1304 1006 sec.
1331 968 1438 1003 ser.
1461 952 1538 1002 11.

446 1048 481 1098 P
513 1090 747 1163 τρέφειν
803 1087 940 1151 τοὺς
991 1090 1195 1150 τοκέας
1246 1107 1299 1141 κ.
1356 1105 1404 1139 τ.
1464 1087 1537 1155 λ.]

448 1168 681 1232 Scripsit
716 1165 854 1216 haec
888 1165 1089 1214 Noster
1133 1161 1431 1227 respiciens
1470 1158 1541 1208 ad

448 1238 718 1298 Graecos,
774 1251 840 1285 ac
884 1232 1228 1298 potissimum
1272 1230 1344 1281 ad
1377 1228 1543 1280 Athe·

447 1306 695 1368 nienses,
765 1303 911 1369 apud
957 1317 1093 1368 quos
1151 1299 1368 1352 Solonis
1420 1298 1543 1363 lege

449 1375 764 1425 institutum
799 1371 947 1433 crat,
998 1375 1060 1421 ut
1093 1375 1541 1436 parentes.senes

449 1443 538 1495 vel
582 1442 823 1493 infirmos
872 1440 1082 1491 alerent
1126 1439 1253 1500 filii3
1310 1429 1408 1488 ἐάν
1456 1452 1543 1493 τις

446 1505 524 1578 μὴ
548 1503 730 1578 τρέφῃ
751 1502 887 1568 τοὺς
917 1500 1149 1574 γονέας,
1179 1499 1379 1573 ἄτιμος
1403 1501 1541 1556 ἔστω

450 1581 642 1633 scribit
675 1581 912 1646 Diogen.
948 1580 1136 1629 Laert.
1171 1578 1217 1640 1,
1257 1579 1347 1629 55.
1419 1574 1544 1626 Alia

447 1651 562 1704 vid.
583 1649 729 1715 apud
748 1650 1149 1701 Westermann.
1172 1647 1243 1698 ad
1259 1644 1542 1698 Plutarch.

449 1720 636 1773 Solon.
669 1720 755 1771 22.
792 1735 849 1784 p.
890 1720 980 1771 55.

784 1892 916 1942 Car.
955 1887 1207 1939 XXXVI.

449 1987 1364 2139 baffntffgfffffofss‘nfii’ffffi?
1386 1988 1542 2123 ιξθζῖ

447 2134 596 2182 τοῖσι
633 2121 854 2181 ἄλλοισι
895 2121 1263 2192 ἀνθρωποισι
1301 2127 1540 2178 Graecos

449 2201 793 2266 potissimum
813 2199 1031 2263 respici,
1054 2196 1277 2246 dubium
1303 2196 1397 2245 vix
1420 2210 1542 2245 esse

449 2268 672 2336 poterit.
746 2267 865 2317 Iam
908 2280 1049 2331 quae
1099 2264 1203 2315 hoc
1245 2263 1367 2315 loco
1404 2264 1541 2314 refe-

451 2342 673 2400 runtur,
720 2336 788 2386 iis
834 2350 944 2385 non
989 2340 1100 2385 tam
1140 2333 1410 2384 diversam
1457 2348 1542 2383 sa-

454 2407 734 2458 cerdotum
792 2403 1243 2456 consuetudinem
1296 2401 1542 2454 Herodo-

451 2482 567 2527 tum
620 2473 900 2527 declarare
944 2472 1186 2523 voluisse
1236 2471 1539 2522 Larcherus

451 2545 760 2607 existimat,
814 2543 910 2594 sed
957 2558 1063 2609 quo
1113 2542 1291 2608 gentis
1327 2542 1542 2591 univer-

455 2631 551 2666 sae
594 2612 1044 2666 cousuetudinem
1089 2627 1123 2661 a
1175 2610 1398 2676 reliquis
1435 2609 1541 2660 dif-

451 2687 593 2736 ferre
616 2686 975 2744 monstraret3
1011 2698 1045 2732 a
1071 2696 1180 2746 qua
1204 2679 1393 2745 populi
1416 2695 1543 2730 con-

451 2755 740 2806 suetudine
767 2769 837 2803 ne
861 2751 1174 2802 sacerdotes
1210 2749 1423 2816 quidem
1451 2750 1543 2799 ab·

452 2838 604 2885 esse,
667 2823 722 2872 in
788 2822 940 2872 hisce
1004 2835 1178 2885 aeque
1239 2818 1449 2869 alienos
1508 2835 1543 2869 a

451 2891 782 2957 reliquarum
836 2889 1080 2955 gentium
1146 2887 1541 2939 sacerdotibus.

451 2960 589 3014 Mihi
619 2959 763 3009 hunc
789 2958 968 3008 locum
993 2957 1292 3023 perlegenti
1316 2957 1373 3006 in
1398 2972 1541 3007 men-

453 3034 562 3080 tem
592 3027 885 3078 veniebant
908 3026 1232 3077 Iudaeorum
1267 3026 1539 3088 instituta,

454 3114 520 3149 ex
565 3097 818 3162 Aegypto
866 3095 1058 3160 opinor
1102 3094 1423 3158 repetenda,
1483 3097 1541 3145 in

449 3167 686 3217 Levitic.
735 3164 896 3225 XXI,
950 3164 1045 3215 ubi
1095 3163 1249 3227 plura
1296 3162 1542 3227 disputat

452 3236 709 3301 Spencer.
737 3234 804 3285 de
829 3234 948 3285 ritt.
972 3234 1346 3284 Hebraeorum
1369 3232 1447 3294 11,
1474 3235 1541 3286 28

454 3308 591 3356 sect.
630 3307 682 3356 2.
720 3302 775 3355 3.
809 3318 939 3369 pag.
964 3304 1067 3355 585
1096 3318 1245 3367 seqq.
1295 3302 1540 3368 Namque

452 3374 668 3428 Levitis
704 3374 784 3425 sic
810 3372 1201 3437 praescribitur
1222 3372 1399 3436 (XIX,
1421 3373 1539 3438 27):

455 3460 565 3506 „ne
599 3442 972 3495 circumcidite
997 3441 1137 3507 pilos
1172 3440 1241 3491 ad
1272 3441 1419 3492 latus
1454 3458 1540 3493 ca·

452 3514 583 3578 pitis
620 3512 819 3564 vestri:
865 3527 1041 3578 neque
1086 3512 1415 3576 corrumpite
1460 3511 1540 3563 la-

452 3587 543 3634 tus
575 3584 780 3634 barbae
816 3582 984 3632 tuae“
1020 3585 1076 3631 et
1110 3578 1280 3644 (XXI,
1310 3578 1395 3644 5):
1435 3597 1542 3642 „ne

452 3652 682 3717 capillos
729 3651 1007 3703 evellendo
1054 3649 1335 3701 calvitium
1373 3651 1540 3715 capiti

449 3736 548 3772 suo
584 3722 885 3772 inducunto
930 3734 1105 3785 neque
1147 3720 1294 3770 latus
1338 3719 1540 3769 barbae

449 3803 582 3839 suae
609 3789 905 3840 radunto.“
943 3790 1021 3840 Ac
1047 3789 1268 3840 videtur
1291 3788 1540 3839 consulto

448 3856 582 3907 haec
610 3857 827 3922 aliaque
848 3859 964 3908 eius
988 3859 1201 3924 generis
1231 3857 1539 3908 instituisse

448 3924 759 3990 legislator,
806 3941 913 3991 quo
946 3927 1187 3979 Iehovae
1224 3926 1537 3978 sacerdotes

450 4008 615 4058 quam
658 3995 891 4045 maxime
936 3994 1213 4046 differrent
1259 3995 1328 4046 ab
1361 3995 1538 4062 Aegy·

447 4062 685 4127 ptiorum
728 4062 1126 4117 sacerdotibus.
1208 4063 1537 4116 Graecorum

450 4129 764 4180 sacerdotes
796 4146 1007 4182 comam
1030 4132 1235 4185 aluisse
1263 4133 1420 4198 plura
1446 4134 1538 4185 do-

450 4202 576 4248 cent
603 4198 939 4263 testimonia,
977 4198 1149 4253 allata
1167 4219 1204 4253 a
1226 4203 1288 4254 C.
1314 4204 1381 4254 F.
1401 4204 1536 4254 Her-

449 4281 647 4317 manno
682 4267 719 4322 1.
760 4269 801 4319 l.
830 4268 880 4330 5.
907 4268 996 4320 35.
1031 4276 1148 4324 not.
1189 4270 1273 4322 18.
1346 4273 1411 4340 b
1434 4271 1537 4321 Ae-

448 4335 756 4401 gyptiorum
804 4336 1130 4404 anaglyphis
1176 4355 1242 4391 ac
1286 4340 1534 4405 picturis,

1643 883 1912 946 quotquot
1943 883 2269 944 supersunt,
2305 879 2551 929 homines
2576 876 2737 942 plane

1645 950 1792 999 tunsi
1828 948 2178 1010 exhibentur,
2224 950 2331 998 nisi
2355 949 2461 1013 .qui
2497 951 2625 997 sunt
2660 947 2738 997 in-

1644 1013 1902 1070 feriorum
1927 1019 2200 1078 ordinum,
2238 1023 2381 1068 teste
2403 1016 2735 1068 Wilkinson.

1645 1090 1903 1140 Manners
1950 1093 2059 1140 etc.
2105 1088 2212 1138 111.
2258 1104 2310 1152 p.
2349 1086 2451 1139 357
2489 1085 2618 1137 coll.
2656 1087 2733 1137 11.

1644 1175 1699 1225 p.
1730 1159 1847 1209 127.
1876 1158 1923 1208 1.
1953 1173 2009 1223 p.
2038 1158 2158 1208 125.
2202 1155 2470 1208 Rosellini
2493 1157 2735 1207 Monum.

1647 1227 1796 1279 civil.
1825 1228 1901 1279 11.
1923 1244 1977 1293 p.
2004 1225 2105 1277 394
2136 1242 2289 1292 seqq.
2362 1224 2448 1277 Ad
2484 1225 2584 1276 hos
2607 1241 2738 1276 vero

1646 1298 1994 1363 pertinebant
2011 1295 2265 1347 custodes
2291 1294 2390 1358 illi,
2414 1310 2640 1360 quorum
2660 1295 2739 1345 in·

1646 1368 1975 1418 ebriatorum
1996 1381 2167 1431 genas
2189 1363 2551 1416 contumeliae
2569 1380 2741 1416 causa

1645 1437 1851 1487 rasisse
1903 1437 2102 1487 dicitur
2147 1434 2379 1486 callidus
2442 1435 2530 1485 fur
2577 1449 2737 1500 opum

1646 1506 2004 1570 Rampsiniti,
2044 1505 2191 1554 infra
2226 1505 2303 1566 II,
2331 1504 2449 1555 121.
2474 1503 2524 1566 9.
2550 1505 2602 1554 4.
2652 1505 2737 1554 De

1645 1576 2039 1640 Aegyptiorum
2068 1589 2215 1624 more
2252 1574 2498 1637 disputat
2523 1589 2737 1639 quoque

1646 1646 1838 1696 Creuz.
1878 1646 1933 1695 in
1970 1645 2297 1695 Commentt.
2331 1642 2574 1693 Herodd.
2609 1659 2737 1709 pag.

1644 1714 1776 1778 363,
1801 1715 1895 1765 ubi
1917 1714 1984 1764 de
2005 1713 2321 1778 corporibus
2345 1712 2737 1776 Aegyptiorum

1643 1784 1948 1846 medicatis,
1986 1784 2042 1833 in
2080 1781 2276 1847 quibus
2315 1780 2573 1846 capillum
2604 1783 2738 1833 resi-

1644 1854 1811 1905 duum
1842 1855 2083 1919 arguunt
2119 1852 2439 1901 mumiarum
2478 1851 2740 1902 vetustis·

1643 1924 1897 1973 simarum
1931 1922 2120 1972 crania
2156 1936 2185 1971 e
2208 1921 2417 1985 cryptis
2442 1920 2737 1972 Thebaicis

1645 1997 1820 2042 eruta.
1910 1992 2110 2055 „Lege
2168 1989 2302 2039 mihi
2359 1987 2509 2055 (sunt
2569 1991 2739 2040 verba

1645 2062 1899 2112 Creuseri
1935 2061 1974 2111 1.
2011 2060 2050 2110 l.
2089 2075 2143 2124 p.
2182 2058 2338 2123 364).
2377 2074 2518 2124 quae
2554 2061 2740 2125 posuit

1646 2130 1932 2180 Iomardus
1979 2127 2274 2193 (Descript.
2336 2128 2404 2178 de
2449 2128 2596 2193 l'Eg.
2645 2145 2740 2179 an-

1645 2200 1783 2264 tiqq.
1822 2199 1900 2249 11.
1948 2214 2001 2262 p.
2038 2197 2184 2262 344).
2270 2197 2378 2258 Qui
2415 2197 2635 2262 quidem
2683 2199 2738 2248 in

1644 2268 1859 2318 mumiis
1896 2282 2007 2317 non
2044 2266 2217 2316 solum
2255 2265 2438 2330 capilli
2477 2266 2737 2331 reliquias

1644 2337 1873 2400 reperit,
1914 2335 2011 2386 sed
2046 2335 2417 2386 cincinnatum
2452 2336 2613 2400 plane
2651 2352 2738 2387 ca·

1644 2405 1831 2472 pillum
1864 2407 2045 2471 ipsum
2082 2409 2317 2469 apteque
2354 2406 2734 2468 compositum.

1643 2476 1723 2525 Ac
1749 2475 2081 2541 suffragatur
2110 2474 2229 2523 eius
2258 2473 2737 2526 observationibus

1646 2545 1818 2609 ipsius
1866 2545 2003 2596 civis
2063 2558 2130 2592 ac
2181 2540 2384 2592 sodalis
2430 2545 2735 2608 Rouyerius

1644 2614 1804 2680 (ibid.
1850 2613 2020 2664 xeme
2064 2611 2274 2664 livrais.
2324 2628 2378 2676 p.
2417 2613 2522 2663 208
2564 2615 2733 2664 notic.

1646 2699 1740 2733 sur
1786 2684 1868 2734 les
1911 2680 2388 2747 embaumemens).
2472 2681 2576 2732 Ille
2607 2698 2736 2735 vero

1647 2767 1767 2803 eam
1803 2768 1915 2802 rem
1939 2751 2076 2801 dicit
2110 2751 2276 2801 etiam
2303 2749 2613 2801 confirmari
2641 2751 2738 2803 ali-

1647 2826 1781 2887 quot
1801 2821 2193 2887 Aegyptiorum
2213 2819 2420 2885 figuris,
2446 2835 2583 2885 quas
2610 2837 2739 2872 ana·

1645 2889 2739 3011 3313332’0‘3'33'232221'3⁰33&

1644 3029 1890 3081 coniicit:
1946 3043 2088 3094 quae
2130 3027 2442 3078 Herodotus
2492 3026 2605 3092 (ΙΙ,
2643 3029 2734 3092 36)

1643 3098 1829 3148 tradat
1874 3098 1938 3148 de
1985 3098 2196 3147 abrasis
2246 3097 2519 3161 capitibus
2567 3099 2737 3151 homi-

1644 3183 1771 3217 num
1808 3167 2228 3233 Aegyptiorum,
2274 3182 2340 3217 ea
2383 3183 2494 3218 non
2540 3184 2737 3234 usque-

1645 3252 1860 3303 quaque
1918 3252 2094 3301 neque
2150 3237 2208 3286 in
2257 3236 2509 3288 omnibus
2555 3237 2733 3289 locum

1642 3307 1923 3358 habuisse.
1957 3306 2172 3357 Barbae
2191 3311 2254 3356 ut
2271 3304 2559 3370 plurimum
2585 3305 2736 3357 nulla

1645 3392 1955 3442 comparere
1989 3375 2254 3441 vestigia;
2296 3376 2459 3425 etiam
2496 3375 2735 3441 reliquas

1644 3447 1887 3510 corporis
1921 3449 2105 3510 partes
2143 3445 2261 3495 sine
2298 3444 2425 3510 pilis
2463 3460 2603 3508 esse,
2641 3447 2736 3511 qui

1644 3516 1861 3580 quidem
1896 3514 2308 3565 medicamentis
2344 3512 2607 3565 adhibitis
2644 3515 2737 3565 ab·

1644 3585 1809 3634 sumti
1855 3584 2164 3634 videantur.
2235 3585 2357 3633 Hoc
2405 3583 2526 3647 ipso
2563 3583 2735 3634 multa

1645 3653 1891 3718 expediri
1935 3656 2192 3718 possunt,
2250 3666 2390 3718 quae
2442 3652 2511 3702 de
2563 3653 2736 3703 barba

1643 3723 1961 3773 mumiarum
1998 3721 2347 3786 disputarunt
2382 3721 2489 3771 viri
2525 3720 2733 3773 docti.“

1645 3792 1797 3842 Idem
1826 3790 2125 3842 Oreuzerus
2154 3790 2194 3840 l.
2221 3790 2370 3842 laud.
2396 3806 2453 3854 p.
2478 3789 2581 3842 363
2614 3795 2731 3841 not.

1643 3861 1748 3914 372
1791 3865 2038 3911 nostrum
2086 3858 2266 3910 locum
2318 3858 2552 3909 afferens
2599 3859 2736 3910 haec

1644 3930 1959 3994 adscripsit:
2013 3929 2227 3991 „Quem
2268 3927 2447 3978 locum
2493 3943 2605 3980 non
2640 3943 2735 3978 ne-

1641 4000 1811 4065 glexit
1855 3998 1920 4049 de
1957 3996 2202 4048 Schmidt
2247 3996 2314 4047 de
2352 3997 2735 4048 sacerdotibus

1638 4071 1899 4133 Aegyptt.
1964 4066 2149 4117 Etiam
2188 4066 2378 4130 attigit
2410 4065 2645 4117 Becker.
2674 4067 2731 4115 in

1638 4138 1920 4202 Augusteo
1956 4135 2002 4184 1.
2040 4151 2093 4198 p.
2131 4136 2185 4186 7.
2256 4134 2337 4184 Ac
2373 4133 2538 4196 plane
2584 4135 2732 4186 tonsi

1636 4206 1891 4256 videntur
1926 4202 2239 4255 sacerdotes
2268 4201 2495 4252 exhibiti
2524 4218 2646 4253 esse
2673 4204 2732 4253 in

1636 4273 1959 4339 anaglyphis
1997 4271 2316 4330 Thebaicis3
2353 4270 2462 4320 vid.
2493 4270 2599 4334 Op.
2620 4272 2727 4321 De-

1636 4343 1823 4407 script.
1850 4342 1917 4393 de
1939 4340 2083 4406 l’Eg.
2112 4340 2320 4404 antiqq.
2346 4337 2459 4391 vol.
2486 4340 2567 4390 11.
2592 4355 2721 4404 pag.
