3109 5092
507 355 631 417 738

1372 352 1912 416 HERODOTI

502 524 671 613 ἀτὰρ
709 523 834 595 οὐκ
867 523 955 607 ὥς
985 554 1064 614 γε
1091 530 1158 607 ές
1184 533 1530 617 πυραμίδα
1561 527 1880 613 τοιαύτην
1907 525 2270 607 ἐξικέσθαι.
2354 529 2471 612 τῆς
2497 522 2628 610 γὰρ
2653 519 2789 611 τὴν

509 628 797 717 δεκάτην
838 636 977 699 τῶν
1024 630 1381 719 χρημάτων
1413 634 1685 700 ἰδέσθαι
1726 630 1864 698 ἐστὶ
1899 633 1996 696 ἔτι
2024 630 2137 697 καὶ
2169 631 2235 707 ἐς
2262 627 2419 696 τόδε
2446 627 2648 696 παντὶ
2687 631 2790 716 τῷ

506 736 897 825 βουλομένῳ
916 785 933 818 ,
977 731 1182 802 οὐδὲν
1214 739 1324 803 δεῖ
1352 734 1610 823 μεγάλα
1650 737 1719 801 οἰ
1740 731 2040 822 χρήματα
2068 729 2453 801 ἀναθεῖναι.
2522 728 2783 798 ἐπεθύ-

505 856 676 924 μησε
712 833 841 925 γάρ
864 832 1181 916 Ῥοδῶπις
1220 837 1558 925 μνημήτον
1601 838 1853 923 ἑωυτῆς
1891 837 1967 904 έν
1999 840 2080 923 τῇ
2115 830 2383 903 Ἐλλάδι
2419 833 2783 902 καταλιπέ-

506 950 703 1020 σθαι,
733 945 984 1027 ποίημα
1014 943 1426 1028 ποιησαμένη
1453 945 1687 1021 τοῦτο,
1728 937 1805 1007 τὸ
1833 936 1923 1026 μὴ
1949 938 2266 1025 τυγχάνει
2288 935 2471 1030 ἄλλῳ
2503 938 2781 1022 ἐξευρη-

505 1044 712 1130 μένον
754 1044 865 1111 καὶ
894 1040 1341 1132 ἀνακείμενον
1368 1045 1444 1111 έν
1484 1047 1643 1134 ἱρῷ,
1681 1046 1880 1110 τοῦτο
1929 1037 2290 1110 ἀναθεῖναι
2328 1043 2394 1119 ές
2430 1035 2753 1127 Δελφοὺς
2775 1052 2884 1106 169

504 1144 940 1233 μνημόσυνον
981 1147 1251 1234 ἑωυτῆς.

1343 1150 1458 1234 τῆς
1497 1136 1597 1214 ὦν
1628 1145 1909 1231 δεκάτης
1934 1149 2073 1211 τῶν
2104 1141 2461 1232 χρημάτων
2498 1164 2780 1230 ποιησα-

503 1249 672 1335 μένη
716 1244 994 1336 ὀβελοὺς
1032 1247 1415 1336 βουπόρους
1444 1245 1734 1327 πολλοὺς
1760 1249 2151 1334 σιδηρέους,
2191 1243 2354 1314 ὅσον
2383 1244 2705 1333 ἐνεχώρεε
2742 1238 2787 1332 ἦ

506 1350 751 1436 δεκάτη
795 1354 893 1432 οἱ,
936 1348 1286 1439 ἀπέπεμπε
1316 1354 1381 1430 ἐς
1411 1350 1761 1438 Δελφούς’
1810 1356 1881 1418 οἳ
1904 1351 2015 1417 καὶ
2045 1354 2178 1418 νῦν
2210 1355 2308 1417 ἔτι
2336 1349 2785 1417 συννενέαται

504 1448 751 1520 ὄπισθε
778 1452 903 1540 μὲν
932 1456 1053 1522 τοῦ
1080 1457 1351 1541 βωμοῦ,
1394 1449 1514 1522 τὸν
1558 1462 1709 1522 Χῖοι
1748 1448 2122 1537 ἀνέθεσαν,
2180 1449 2414 1519 ἇντίον
2454 1451 2531 1519 δὲ
2570 1447 2788 1518 αὐτοῦ

504 1558 626 1622 τοῦ
658 1559 848 1641 νηοῦ.
902 1558 1222 1624 Φιλέουσι
1253 1558 1335 1624 δέ
1356 1582 1489 1635 κως
1519 1558 1594 1624 έν
1622 1561 1702 1646 τῇ
1732 1553 2089 1643 Ναυκράτι
2127 1554 2567 1642 ἐπαφρόδιτοι
2596 1559 2787 1639 γίνε-

505 1667 671 1725 σθαι
705 1661 780 1726 αἱ
812 1660 1087 1747 ἑταῖραι.
1172 1663 1369 1728 τοῦτο
1410 1659 1535 1746 μὲν
1566 1654 1693 1746 γὰρ
1721 1654 1928 1745 αὕτη,
1974 1661 2090 1744 τῆς
2130 1661 2281 1745 πέρι
2312 1660 2574 1743 λέγεται
2603 1651 2721 1723 ὅδε
2746 1651 2790 1721 ὁ

506 1759 700 1846 λόγος
722 1812 739 1844 ,
785 1757 963 1829 οὕτω
994 1760 1078 1848 δή
1105 1788 1166 1828 τι
1199 1759 1431 1849 κλεινὴ
1461 1763 1763 1847 ἐγένετο,
1810 1756 1898 1838 ὡς
1941 1760 2052 1827 καὶ
2091 1759 2334 1838 πάντες
2375 1763 2446 1827 οί
2466 1754 2791 1845 Ἕλληνες

496 1858 853 1942 Ῥοδώπιος
872 1859 947 1931 τὸ
966 1859 1220 1951 οὕνομα
1237 1866 1568 1951 ἐξέμαθον
1586 1884 1599 1897 ·
1632 1868 1829 1931 τοῦτο
1849 1867 1890 1929 δ
1894 1861 1947 1944 ὲ,
1967 1858 2253 1949 ὕστερον
2273 1859 2540 1948 ταύτης,
2563 1865 2643 1948 τῇ
2664 1857 2786 1928 οὔ-

508 1993 680 2055 νομα
706 1957 795 2054 ἦν
816 1962 1178 2053 Ἀρχιδίκη,
1208 1963 1508 2054 ἀοίδιμος
1534 1961 1665 2033 άνά
1696 1962 1821 2054 τὴν
1841 1960 2123 2033 Ἐλλάδα
2156 1966 2453 2051 ἐγένετο,
2482 1966 2682 2031 ἕσσον
2709 1962 2787 2031 δὲ

505 2073 622 2156 τῆς
640 2071 866 2156 ἑτέρης
893 2070 1504 2156 περιλεσχήνευτος.
1534 2067 1836 2156 Χάραξος
1859 2068 1931 2136 δὲ
1952 2062 2041 2146 ὡς
2069 2065 2442 2154 λυσάμενος
2461 2062 2790 2134 Ῥοδῶπιν

503 2240 750 2290 iusofern
788 2239 965 2289 dieses
1002 2239 1101 2289 das
1121 2240 1422 2303 Vermiigeu
1446 2239 1597 2289 einer

506 2310 921 2372 Privatperson,
961 2307 1055 2358 der
1070 2307 1382 2390 Rhodopis,
1420 2309 1573 2370 werf

508 2378 652 2443 quod
688 2378 945 2441 probaret
986 2377 1208 2456 Lhardy
1250 2378 1309 2426 in
1343 2345 1594 2426 adnota't.

509 2447 579 2497 ud
603 2446 655 2496 h.
684 2445 755 2510 1.,
795 2446 842 2496 si
879 2447 1100 2497 abesset
1131 2461 1223 2508 αν,
1265 2461 1370 2512 qua
1411 2448 1467 2496 in
1503 2461 1597 2496 vo-

509 2515 632 2568 cula
656 2531 776 2566 cum
801 2517 885 2565 vis
908 2515 1262 2581 hypothetica
1297 2515 1449 2577 insit,
1485 2531 1597 2566 ma-

505 2586 628 2636 vult
676 2586 766 2635 ille
825 2587 1152 2636 sententiam
1207 2586 1287 2635 sio
1341 2554 1595 2636 red'dere.

485 2646 824 2781 «mm
828 2644 1194 2804 202255155
1214 2670 1415 2781 5⁰3?
1386 2648 1599 2773 1333?

499 2808 634 2850 πιος
668 2792 892 2860 μοῦνον
918 2784 1078 2846 ὄντα.
1150 2787 1414 2859 Equidem
1451 2793 1592 2843 hanc

501 2865 676 2946 ipsam
711 2864 821 2912 vim
859 2863 915 2912 in
951 2864 1074 2915 loco
1110 2863 1291 2913 inesse
1338 2863 1592 2924 arbitror,

505 2935 552 2982 ai
590 2947 736 2992 eum,
776 2936 992 2982 retenta
1023 2932 1180 2983 codd.
1214 2932 1478 2994 lectione,
1510 2933 1594 2982 ita

503 3000 954 3056 intellexerimus,
969 3007 1031 3050 ut
1043 3000 1591 3064 Schweighaeuser&

501 3069 811 3154 proposuit.
910 3070 1016 3131 Qui
1075 3085 1202 3119 vero
1256 3071 1596 3121 Herodotum

503 3138 790 3216 scripsisse
826 3143 985 3201 putat
1019 3153 1097 3194 ως
1137 3130 1446 3188 ἀναθεῖναι
1482 3137 1594 3188 δω-

506 3198 611 3272 ρόν
629 3221 707 3268 τι,
747 3207 832 3256 vir
855 3207 1084 3257 doctus
1069 3223 1126 3257 ιιι
1146 3206 1374 3258 classic.
1395 3210 1592 3260 Journ.

503 3292 586 3327 nr.
624 3276 824 3327 XLIV.
858 3291 988 3342 pag.
1012 3275 1134 3339 375,
1171 3291 1206 3326 ιι
1237 3276 1344 3328 1οοί
1377 3284 1595 3328 seuten-

503 3348 583 3397 tia
618 3344 707 3396 vel
745 3346 918 3428 magis
946 3347 1243 3397 aberravit.
1317 3348 1483 3428 Quod
1509 3364 1594 3397 se-

539 3418 685 3467 uitur
732 3406 1044 3465 άναθειναι
1089 3417 1146 3465 in
1195 3417 1377 3466 verbis
1416 3408 1592 3466 οὐδὲν

540 3489 596 3534 ει
632 3478 845 3550 μεγάλα
889 3478 950 3535 οἷ
980 3477 1239 3550 χρήματα
1282 3476 1595 3535 αναθείναι

505 3555 717 3619 (minime
766 3560 890 3607 enim
941 3559 1057 3605 licet
1112 3571 1323 3620 maynar-
1352 3558 1597 3619 fortunas

502 3628 552 3676 ei
583 3625 919 3706 adscribere),
959 3625 1067 3674 iam
1087 3626 1251 3689 attigi
1282 3624 1353 3673 ad
1370 3624 1444 3684 11,
1473 3626 1594 3675 134.

501 3721 569 3730 —
604 3686 841 3760 ὀβελοὺς
874 3686 1204 3761 βουπόρους
1235 3695 1292 3742 ἰιι
1326 3709 1478 3758 seqq.
1516 3694 1596 3743 di-

501 3764 576 3812 cit
611 3778 769 3814 verua
805 3767 999 3814 maiora
1031 3764 1269 3813 assandi-³
1295 3762 1451 3812 bobus
1485 3764 1596 3812 ido-

499 3848 627 3892 nea,
664 3847 804 3896 quae
842 3832 912 3881 ad
949 3847 1161 3882 sacram
1200 3830 1591 3896 supellectilem

497 3868 822 3964 pertinuisse
843 3900 1099 3951 credibile
1118 3907 1220 3953 est.
1281 3901 1444 3952 Cous.
1465 3901 1592 3951 Pol-

499 3968 591 4017 lux
641 3969 738 4024 ῙΧ,
802 3971 888 4020 77.
973 3970 1282 4033 Hesychius
1336 3985 1381 4020 a.
1429 3985 1484 4021 v.
1533 3976 1591 4021 et

499 4038 867 4100 phavorinus,
903 4039 994 4100 qui
1021 4038 1295 4102 explicant
1316 4032 1595 4103 μεγάλους

494 4098 826 4172 ὀβελίσκους
866 4106 1039 4183 Apud
1045 4108 1387 4187 Xenophqut.
1409 4109 1591 4158 Anah.

497 4175 624 4236 VII,
676 4176 727 4238 8,
793 4176 874 4225 14.
969 4166 1039 4224 οἱ
1043 4189 1224 4237 πορος
1260 4168 1586 4256 ὀβελιὀ“.κος

569 4239 629 4294 οἳ
664 4211 760 4292 καὶ
795 4240 904 4292 νῦν
956 4259 1007 4292 τι
1035 4241 1424 4308 συννενέαται]
1453 4259 1587 4295 συν-

496 4310 752 4363 νενὲαται
788 4328 822 4361 a
859 4311 1028 4362 schol.
1067 4313 1227 4363 Pasa.
1281 4315 1587 4394 explicatur

495 4382 554 4434 h.
611 4382 649 4433 l.
719 4380 1092 4448 συνηγμένοι,

1698 2237 1852 2302 (quae
1888 2241 2147 2288 etiamnum
2179 2247 2517 2289 coar-cervam
2552 2253 2597 2288 s.
2634 2240 2790 2289 coue-

1698 2314 1781 2356 cta
1818 2308 2065 2374 exstant).
2141 2308 2224 2357 Ad
2270 2309 2423 2359 verbi
2469 2309 2629 2358 huius
2682 2309 2790 2358 sor-

1698 2391 1839 2425 mam
1876 2377 2021 2426 conf.
2058 2377 2157 2438 IV,
2205 2379 2299 2438 623
2346 2377 2459 2428 alia
2505 2379 2573 2428 ad
2614 2378 2679 2441 1,·
2698 2378 2787 2428 50.

1697 2446 1773 2506 ΙΙ,
1820 2444 1914 2495 107
1964 2446 2233 2496 adnotatu
2279 2454 2427 2499 sunt.
2498 2448 2584 2498 Ad
2627 2462 2791 2512 trgu-

1698 2519 1941 2564 mentum
1961 2514 2069 2565 loci
2094 2515 2304 2566 consul.
2332 2515 2612 2567 Plutarch.
2641 2517 2783 2567 Mor.

1699 2599 1826 2648 pag.
1868 2584 1972 2635 400
2003 2586 2066 2634 F.
2107 2601 2246 2649 seq„
2292 2601 2323 2635 e
2368 2602 2474 2651 quo
2524 2584 2787 2650 intelligi-

1695 2669 1841 2715 mus,
1889 2653 2170 2704 Plutarchi
2209 2659 2392 2704 aetate
2435 2654 2570 2704 haec
2616 2656 2787 2704 dona-

1695 2723 1777 2771 ria
1828 2723 2046 2773 minime
2103 2723 2218 2774 illic
2276 2724 2474 2786 fuisse,
2533 2725 2786 2789 quamvis

1694 2792 1843 2855 1000,
1897 2807 2001 2857 quo
2053 2792 2181 2843 olim
2229 2793 2461 2857 fuerint,
2509 2794 2647 2842 bene
2697 2809 2786 2843 co—

1695 2861 1867 2925 gnito.
1907 2863 2090 2924 Aram,
2119 2877 2281 2926 quam
2307 2862 2619 2912 Herodotus
2642 2877 2787 2912 com-

1694 2937 1973 2992 memorat,
1988 2932 2157 2981 fuisse
2170 2932 2605 2996 magnanimum,
2620 2947 2783 2996 quam

1694 3003 1859 3050 vocat
1878 3000 2213 3064 Pausania,
2252 3007 2380 3050 ante
2404 3000 2672 3066 Apollinis
2697 3017 2785 3051 ae-

1698 3068 1818 3118 dem
1866 3070 1967 3119 sub
2021 3069 2171 3120 coelo
2229 3072 2585 3121 constitutam
2628 3072 2784 3135 ponit

1695 3138 1943 3188 Ulrichs:
1971 3140 2170 3189 Reisen
2190 3140 2246 3188 in
2263 3140 2659 3190 Griechenland
2675 3145 2779 3190 etc.

1695 3208 1741 3257 1.
1789 3215 1915 3272 p'ug.
1966 3207 2052 3259 60.
2095 3210 2181 3259 62.
2223 3240 2294 3248 —
2329 3209 2412 3259 Dc
2460 3210 2595 3260 urbe
2637 3210 2783 3259 Nau·

1695 3279 1835 3327 crati
1871 3277 2014 3328 conf.
2050 3283 2164 3328 not.
2205 3279 2274 3329 ad
2317 3278 2393 3340 ΙΙ,
2438 3279 2551 3340 178;
2604 3278 2672 3329 de
2712 3280 2783 3328 si·

1693 3346 2045 3412 gnificatione
2086 3349 2239 3398 vocis
2302 3346 2447 3411 νηοῦ
2511 3354 2653 3398 nott.
2711 3348 2783 3398 ad

1756 3454 1936 3534 ἓσσόν
1980 3478 2043 3534 δὲ
2090 3482 2192 3549 τῆς
2226 3477 2420 3549 ἑτέρης
2454 3474 2781 3549 περιλεσχή-

1696 3553 1914 3618 νευτος]
1956 3555 1990 3604 i.
2031 3570 2079 3604 ο.
2117 3554 2388 3605 Archidice
2421 3556 2578 3603 minus
2614 3557 2784 3604 altera

1698 3623 2043 3689 (Rhodopide
2088 3624 2207 3673 scil.
2214 3622 2239 3686 )
2267 3625 2369 3688 fuit
2386 3624 2617 3687 ’.Γαιηοεα
2693 3618 2781 3671 ἑσ-

1697 3706 1800 3741 σον
1834 3693 1980 3742 edidi
2017 3708 2115 3757 pro
2150 3681 2332 3772 ἧσσον
2368 3699 2445 3755 ut,
2483 3692 2559 3754 II,
2601 3693 2652 3750 6,
2686 3690 2783 3740 ubi

1692 3761 1806 3813 vid.
1879 3762 1963 3812 Ad
1999 3777 2189 3812 vocem
2216 3731 2482 3840 ἀοίδιμος
2520 3762 2665 3813 conf.
2705 3760 2783 3819 11,

1692 3832 1777 3884 79.
1852 3833 1935 3880 De
1964 3846 2100 3880 voce
2124 3829 2350 3894 περιλεσ
2388 3823 2625 3895 η’νευτος
2650 3845 2785 3880 nou·

1692 3900 1843 3950 nulla
1892 3900 2102 3950 monuit
2146 3900 2200 3949 h.
2252 3899 2292 3950 l.
2393 3900 2607 3951 alckcu.
2696 3899 2783 3948 Tu

1693 3971 1840 4020 conf.
1882 3974 2022 4020 nott.
2066 3968 2136 4019 ad
2174 3969 2219 4029 Ι,
2273 3967 2390 4019 153.
2462 3970 2568 4019 Pro
2608 3958 2784 4033 Ἀρχι-

1692 4036 1825 4105 δίκῃ
1863 4054 1986 4088 οιιιιι
2022 4042 2247 4089 recentt.
2303 4037 2424 4087 edd.
2464 4038 2624 4102 posui
2664 4034 2784 4098 Ἀρ-

1689 4090 1910 4171 χιδίκη,
1947 4115 2010 4158 ut
2043 4108 2167 4158 libri
2198 4107 2479 4157 iubebant.
2553 4109 2638 4156 De
2664 4107 2788 4170 ipsa.

1691 4178 1976 4227 meretrice
2012 4178 2158 4227 conf.
2196 4175 2406 4227 Aelian.
2443 4177 2510 4225 V.
2548 4177 2623 4226 H.
2636 4176 2784 4250 XII,

1688 4246 1776 4297 63.
1815 4278 1886 4287 —
1922 4247 1987 4297 In
2015 4261 2165 4324 seqq.
2194 4246 2422 4296 retinui·
2464 4236 2786 4307 ἀπενόστη-

1688 4330 1748 4364 σε
1786 4306 1813 4364 ἐ
1826 4332 1854 4372 ς
1890 4311 2259 4379 Μυτιλήνην,
2308 4315 2401 4365 ubi
2436 4314 2681 4364 nonnulli
2722 4313 2786 4361 li-

1167 4379 1586 4449 συνειλεγμένοι
1685 4386 1771 4435 bri
1808 4400 1905 4449 pro
1947 4376 2000 4442 ἐς
2031 4385 2267 4435 afferunt
2295 4374 2401 4448 ὡς,
2440 4382 2785 4450 improbante
