3109 5092
992 294 1498 355 EUTERPE.
1545 296 1631 356 II.
1680 308 1800 360 105.
1846 308 1968 363 106.
2499 296 2624 358 657

345 461 435 546 ὥς
466 471 901 553 Αἰγυπτίοισι
944 471 1358 559 προσφερέες
1399 475 1547 539 εἰσί.

1654 476 1847 539 λίνον
1897 473 2136 558 μοῦνοι
2173 457 2367 539 οὗτοί
2398 497 2471 540 τε
2508 471 2621 540 καὶ

344 568 702 656 Αἰγύπτιοι
731 570 1116 660 ἐργάζονται
1142 569 1310 641 κατὰ
1335 569 1545 642 ταῦτᾶ
1560 625 1580 658 ,
1607 565 1782 660 καὶὴ
1810 571 1919 661 ζόη
1946 578 2124 642 πᾶσα
2151 572 2264 640 καὶ
2289 567 2620 660 ἡγλῶσσα

342 672 634 763 ἐμφερής
661 675 797 742 ἐστι
841 669 1205 762 ἀλλήλοισι.
1278 683 1469 745 λίνον
1501 676 1575 745 δὲ
1615 673 1688 745 τὸ
1715 673 1841 762 μὲν
1866 673 2200 763 Κολχικὸν
2226 670 2361 743 ὑπὸ
2386 670 2614 764 Ἑλλή-

340 803 483 845 νων
511 773 939 866 Σαρδονικόν
966 778 1309 865 κέκληται,
1354 776 1429 847 τὸ
1466 781 1693 867 μέντοι
1731 774 1853 846 ἀπ’
1896 777 2246 866 Αἰγύπτου
2284 773 2606 847 ἀπικνεύ-

340 905 548 967 μενον
575 882 878 949 καλέεται
917 879 1306 967 Αἰγύπτιον.
1422 880 1551 963 Τὰς
1594 882 1669 951 δὲ
1705 880 1949 970 στήλας
1982 879 2099 962 τὰς
2124 886 2274 970 ἵστη
2302 877 2470 950 κατὰ
2494 878 2748 961 τάς106

741 1114 874 1166 Cu.
912 1115 1026 1167 CV.

410 1207 553 1281 Φέρε
596 1231 705 1266 νυν
751 1211 850 1266 καὶ
892 1208 1039 1267 ἄλλω
1074 1214 1240 1283 εἴπω]
1293 1207 1427 1266 ἄλλο

339 1302 419 1349 τι,
457 1286 603 1351 quod
640 1286 868 1337 Cobetio
903 1286 1112 1353 placet,
1149 1286 1309 1337 valde
1345 1301 1429 1336 ar-

341 1354 504 1406 ridet:
550 1371 723 1422 neque
768 1372 897 1407 vero
945 1357 1311 1408 necessarium
1350 1356 1428 1405 vi·

340 1425 513 1476 detur.
595 1427 678 1477 De
724 1427 1072 1477 coniunctivo
1118 1424 1309 1492 (εἴπω)
1367 1426 1426 1475 in

339 1495 830 1558 adhortationibus,
845 1498 1142 1561 praemisso
1158 1494 1312 1559 φέρε,
1335 1494 1428 1545 ad·

337 1564 510 1615 hibito
539 1565 751 1616 monuit
770 1565 1113 1617 Baeumlein.
1136 1565 1320 1616 Ueber
1339 1564 1426 1615 die

337 1633 543 1699 griech.
571 1634 725 1685 Modi
747 1651 801 1700 p.
829 1635 949 1686 179.

404 1701 569 1753 λίνον
605 1700 813 1769 μοῦνοι
853 1690 1024 1754 οὗτοί
1063 1716 1122 1753 τε
1165 1718 1217 1752 κ.
1257 1718 1304 1751 τ.
1347 1699 1421 1766 λ.]

336 1772 496 1824 Conf.
548 1788 713 1839 supra
760 1773 847 1837 11,
890 1773 978 1825 35.
1061 1773 1244 1838 Atque
1279 1770 1333 1822 h.
1382 1770 1422 1820 l.

334 1841 499 1892 λίνον
536 1858 658 1893 esse
690 1810 889 1894 tinterna
922 1841 1299 1906 (Leinwand),
1333 1854 1425 1891 ne-

336 1927 439 1977 que
492 1915 780 1979 gossypium
827 1908 1422 1976 (Baumwollenzeug),

336 1987 483 2031 recte
548 1982 838 2032 admonere
906 1981 1124 2032 videtur
1184 1981 1422 2031 Heeren.

335 2051 504 2101 Ideeu
540 2056 647 2101 etc.
685 2050 774 2115 11,
811 2053 865 2102 2.
900 2068 955 2117 p.
992 2049 1113 2102 383.
1193 2051 1279 2100 De
1321 2051 1423 2098 lino

336 2119 560 2171 Colchico
594 2119 745 2171 locus
781 2126 867 2171 est
899 2118 1187 2171 Strabonis
1219 2118 1330 2181 XI,
1368 2119 1421 2167 2.

335 2205 391 2255 p.
424 2189 528 2240 498
565 2204 613 2241 s.
649 2190 825 2241 762Α
870 2190 952 2255 (p.
988 2188 1093 2240 409
1129 2185 1421 2250 Tauchn.),

336 2259 428 2309 ubi
472 2263 689 2324 praeter
733 2258 848 2309 alia
891 2258 1146 2336 leguntur
1171 2257 1334 2308 haec.
1383 2251 1421 2319 ἡ

335 2323 399 2377 δὲ
433 2325 729 2407 λινουργία
753 2324 848 2377 καὶ
879 2319 1287 2406 nominatae·
1325 2324 1421 2376 καὶ

332 2389 439 2462 γὰρ
475 2390 557 2453 εἰς
589 2390 727 2455 τοὺς
769 2392 875 2458 ἔξω
912 2389 1128 2454 τόπους
1162 2386 1423 2473 ἐπεκόμι-

331 2466 458 2526 ζον·
516 2465 620 2515 καί
655 2480 805 2524 τινες
842 2456 1181 2545 βουλόμενοι
1208 2454 1421 2545 ,συγγέ-

335 2527 494 2585 νειοὶν
528 2550 657 2584 τινα
689 2539 812 2592 τοις
835 2527 1081 2599 Κόλχοις
1114 2526 1261 2613 πρὸς
1286 2547 1422 2591 τους

333 2599 677 2669 Αἰγυπτίους
736 2595 1064 2669 ἐμφανίζειν
1115 2594 1231 2652 ἀπὸ
1290 2593 1420 2652 τού-

331 2688 448 2723 των
481 2671 836 2724 πιστοῦνται.
902 2673 1238 2735 Quibuscum
1269 2672 1418 2722 conf.

333 2744 588 2795 Eustath.
641 2743 712 2793 ad
753 2743 988 2808 Dionys.
1038 2743 1252 2807 Perieg.
1296 2740 1421 2792 689.

335 2811 515 2864 Schol.
554 2813 623 2864 ad
658 2811 911 2878 Apollon.
949 2810 1126 2862 Rhod.
1163 2811 1260 2872 1V,
1293 2811 1415 2860 277.

335 2881 542 2933 Polluc.
601 2881 890 2933 Onomast.
938 2881 1015 2943 V,
1063 2880 1150 2931 26.
1238 2879 1421 2945 Atque

336 2953 628 3003 etiamnum
665 2951 763 3003 lini
799 2956 856 3003 et
889 2949 1153 3001 cannabis
1200 2948 1422 3000 feracis-

334 3022 525 3073 simam
570 3037 691 3072 esse
737 3022 1014 3087 regionem
1060 3017 1308 3083 intelligo
1353 3032 1421 3067 ex

334 3092 532 3142 Ritteri
560 3090 857 3142 Erdkunde
875 3091 951 3141 11.
977 3104 1105 3155 pag.
1126 3088 1249 3140 916.
1315 3087 1422 3150 Qui

333 3160 477 3211 idem
509 3162 755 3212 Ritterus
793 3158 1070 3226 (Vorhalle
1103 3164 1210 3210 etc.
1259 3172 1313 3222 p.
1350 3157 1419 3207 45

333 3229 493 3295 -48)
512 3267 526 3293 ,
569 3230 714 3280 hunc
743 3228 1011 3280 Herodoti
1044 3226 1222 3279 locum
1255 3226 1419 3276 attin-

332 3314 496 3365 gens,
534 3314 600 3349 ex
623 3299 779 3349 lintei
807 3297 1168 3348 fabricatione
1191 3295 1267 3346 nil
1295 3311 1420 3347 con-

334 3367 481 3418 cludi
500 3382 662 3432 posse
682 3372 870 3418 censet
883 3367 952 3416 ad
968 3366 1304 3431 probandam
1318 3366 1421 3415 Ae·

334 3437 579 3503 gyptiam
608 3435 929 3486 Colchorum
962 3436 1212 3499 stirpem,
1248 3448 1420 3499 quon·

333 3507 443 3556 iam
488 3520 584 3571 per
613 3505 923 3555 universam
951 3504 1139 3553 Asiam
1181 3502 1309 3553 inde
1348 3501 1417 3551 ab

337 3574 718 3641 antiquissimo
755 3588 891 3623 aevo
930 3573 1065 3623 haec
1099 3587 1190 3622 ars
1228 3571 1420 3621 florue-

334 3644 678 3710 rit.1taque
708 3658 828 3694 eam
859 3642 994 3692 facit
1023 3641 1414 3692 coniecturam.

333 3713 545 3764 Indiam
587 3715 821 3764 fortasse
859 3726 957 3777 pro
1003 3709 1291 3760 linteorum
1328 3722 1422 3773 pa·

335 3784 445 3833 tria
491 3798 611 3835 esse
651 3782 985 3840 habendam·
1033 3779 1115 3829 ita
1149 3784 1211 3829 ut
1248 3778 1425 3828 Hero·

336 3852 452 3902 doti
486 3851 775 3902 Sar-donica
810 3849 936 3915 (sic)
974 3852 1031 3900 et
1065 3862 1422 3913 synonymum

333 3921 525 3972 Sindon
563 3919 824 3985 (Hesych.
865 3918 941 3969 ΙΙ.
981 3933 1107 3983 pag.
1148 3915 1310 3975 1189)
1353 3914 1424 3965 ad

336 3994 536 4040 terram
568 3989 816 4050 Serlu'nd,
862 3987 991 4038 sind
1023 3987 1292 4038 referatur
1325 3985 1427 4034 lin-

334 4063 533 4124 teaque
565 4057 759 4108 Indica
797 4055 1084 4122 (Indienne)
1117 4052 1424 4121 significen-

335 4132 521 4245 ωζςπὸ
569 4183 860 4259 Ἑλλήνων
906 4183 1277 4259 Σαρδονιιιόν
1337 4187 1426 4241 κέ-

331 4262 566 4330 κληται]
643 4262 770 4315 Non
818 4263 1041 4314 variant
1098 4260 1252 4324 libri,
1316 4259 1426 4311 nisi

333 4332 478 4401 quod
527 4331 774 4385 nonnulli
816 4332 1074 4385 exhibent
1110 4326 1424 4395 Σαρδωνι-

414 4437 763 4512 ῙΙΒΒΟΒΟΤ..
799 4437 846 4477 1.

1530 1073 1667 1145 κὸν,
1717 1080 1861 1147 quod
1897 1096 2020 1132 cum
2057 1082 2128 1131 ad
2166 1080 2400 1132 insulam
2432 1080 2618 1133 Sardi·

1527 1167 1735 1271 m.
1761 1154 2617 1302 θᾷὶᾪᾚὲὲιὲἴΐὲἒζῑ

1528 1294 1706 1340 staret
1758 1290 1947 1355 utique
1994 1305 2119 1342 cum
2162 1290 2436 1341 Larchero
2483 1289 2617 1339 scri-

1527 1359 1656 1410 bere
1690 1350 2046 1424 Σαρδιηνὸν,
2088 1359 2219 1423 nisi,
2251 1358 2395 1425 quod
2434 1362 2616 1410 monet

1527 1428 1861 1494 Schweigh„
1896 1428 2005 1494 ipsi
2032 1429 2227 1480 Graeci
2261 1430 2367 1479 duo
2393 1429 2615 1478 nomina

1527 1498 1801 1565 gentilitia
1846 1465 2232 1562 Σαρδωνικὸς
2252 1535 2267 1563 ,
2330 1497 2475 1563 quod
2541 1497 2613 1547 ad

1524 1568 1821 1618 Sardiniam
1842 1566 2074 1617 insulam
2092 1567 2357 1646 pertinet,
2381 1571 2438 1617 et
2459 1565 2615 1631 Σαρ-

1526 1629 1726 1694 διανὸς
1775 1651 1819 1688 s.
1871 1628 2289 1719 Σαρδιανιιιὸς,
2347 1636 2493 1701 quod
2540 1635 2615 1686 ad

1525 1705 1753 1770 Sardes,
1790 1706 1956 1756 Asiae
1992 1705 2213 1755 minoris
2249 1705 2454 1768 urbem,
2494 1720 2615 1770 spe-

1527 1781 1644 1826 ctat
1707 1773 1873 1838 (teste
1927 1773 2204 1855 Stephano
2257 1775 2398 1839 Byz.
2460 1789 2506 1823 s.
2555 1790 2612 1825 v.

1525 1836 1749 1908 Σάρδις
1781 1847 1840 1894 et
1862 1833 2114 1907 Σαρδω),
2153 1842 2298 1892 inter
2332 1858 2390 1893 se
2427 1842 2616 1893 confu-

1525 1913 1756 1963 dissent.
1837 1912 1983 1962 Hinc
2025 1902 2360 1975 Σαρδιηνὸς
2405 1910 2613 1976 aliquo·

1523 1981 1629 2032 ties
1681 1981 1828 2046 apud
1873 1981 2135 2031 Nostrum
2181 1980 2446 2042 occurrit,
2498 1979 2611 2032 vid.

1522 2056 1665 2102 nott.
1714 2050 1785 2100 ad
1830 2051 1886 2113 1,
1923 2051 2010 2103 22.
2097 2049 2257 2100 Unde
2301 2045 2614 2114 Σαρδιηνι-

1523 2113 1631 2171 κὸν
1678 2118 1852 2170 edidit
1898 2119 1955 2171 h.
1996 2118 2034 2168 l.
2070 2118 2348 2183 Dietsch„
2395 2114 2611 2183 Σαρδι-
2668 2152 2671 2155 -

1521 2205 1662 2311 1Βαιζέᾰ
1667 2205 1735 2310 οἳ
1737 2187 2077 2310 1516)ιῖἑέἰὲῗέ
2078 2188 2611 2309 (ὲῗιειιξξᾚωῦιίῗ

1522 2344 1618 2379 cos
1646 2328 1959 2379 Colchicum
1991 2326 2162 2378 linum
2187 2328 2504 2392 pervenisse
2532 2327 2611 2377 vi-

1522 2399 1698 2462 detur,
1715 2403 2010 2464 antequam
2029 2398 2100 2448 ad
2118 2396 2436 2447 orientalem
2448 2396 2613 2446 Ponti

1519 2468 1722 2519 Euxini
1744 2482 1896 2518 oram
1918 2467 2027 2532 ipsi
2045 2467 2242 2518 Graeci
2264 2466 2609 2532 navigarent,

1518 2537 1752 2603 indeque
1788 2536 2005 2587 videtur
2041 2536 2278 2598 factum,
2319 2539 2383 2584 ut
2416 2549 2451 2583 a
2484 2534 2611 2585 Sar-

1521 2605 1682 2656 dibus
1724 2621 1920 2656 nomen
1966 2604 2265 2670 acciperet3
2310 2603 2383 2654 cf.
2432 2603 2610 2653 Ukert

1521 2675 1721 2740 Geogr.
1756 2674 1809 2725 d.
1850 2673 2064 2725 Griech.
2102 2690 2158 2724 u.
2193 2673 2383 2723 Boem.
2423 2672 2527 2734 111,
2552 2675 2605 2722 2.

1522 2760 1579 2809 p.
1634 2742 1739 2794 258
1784 2747 1903 2793 not.
2005 2743 2086 2793 Ac
2135 2742 2403 2792 Sardiano
2451 2743 2609 2791 lincea

1523 2811 1686 2863 valde
1704 2811 1980 2864 celebrata
1999 2826 2095 2876 per
2113 2811 2428 2871 Graeciam,
2464 2810 2608 2860 unde

1522 2873 1715 3004 23:55
1748 2872 2610 3002 ..Σῖῗδὲζῖἷῗέωἲρ“ῗεηᾘίῗὲ.

1520 3020 1799 3086 Aristopb.
1849 3018 2086 3071 Acharn.
2129 3020 2248 3071 112.
2297 3018 2429 3069 Pac.
2474 3018 2608 3070 1174

1520 3106 1569 3142 s.
1611 3090 1746 3142 1086
1782 3089 1967 3156 ibique
2000 3091 2310 3155 interprett.

1909 3260 2043 3312 Cu.
2082 3259 2221 3312 CVI.

1592 3355 1713 3420 Τας
1734 3355 1798 3413 δὲ
1822 3353 2026 3426 στήλας
2057 3355 2156 3421 τὰς
2184 3356 2336 3426 ἵστη]
2376 3364 2484 3412 Pro
2509 3351 2608 3417 τὰς

1521 3425 1585 3480 δὲ
1621 3425 1825 3496 στήλας
1859 3431 2073 3497 aliquot
2115 3431 2242 3481 libri
2286 3424 2350 3479 αἱ
2380 3424 2444 3478 δὲ
2480 3426 2609 3492 στῆ-

1519 3499 1639 3564 λαι,
1678 3516 1745 3551 ex
1766 3501 2111 3565 ignoratione
2142 3499 2257 3549 eius
2282 3502 2607 3557 structurae,

1520 3585 1683 3635 quam
1722 3568 2108 3619 attractionem
2138 3568 2407 3616 inversam
2443 3568 2607 3617 vocat

1519 3637 1792 3689 Kuehner.
1815 3638 1907 3688 Gr.
1931 3637 2027 3688 Gr.
2051 3639 2101 3698 §-
2118 3636 2239 3698 789,
2262 3635 2386 3685 coll.
2406 3634 2607 3685 Matth.

1526 3708 1621 3758 Gr.
1646 3706 1741 3757 Gr.
1768 3721 1824 3771 p.
1852 3706 1975 3757 790.
2001 3704 2125 3756 886.
2157 3708 2213 3754 et
2234 3719 2370 3769 quos
2395 3705 2465 3754 ad
2493 3702 2547 3753 h.
2570 3701 2608 3752 l.

1521 3775 1715 3826 laudat
1766 3774 1912 3825 viros
1962 3773 2153 3824 doctos
2199 3772 2611 3837 Wesselingius,

1527 3845 1766 3897 Gronov.
1805 3842 1876 3893 ad
1911 3841 2104 3893 Senec.
2144 3841 2212 3892 de
2246 3842 2472 3893 benefic.
2512 3841 2609 3902 IV,

1525 3914 1613 3966 32.
1664 3912 1859 3963 Davis.
1907 3911 1980 3961 ad
2028 3910 2275 3961 ciceron.
2321 3913 2520 3962 Tusce.
2562 3910 2609 3972 1,

1524 3985 1615 4036 24.
1688 3980 1848 4033 Conf.
1885 3980 2049 4030 etiam
2085 3980 2351 4032 Herodot.
2385 3981 2453 4041 V,
2490 3978 2607 4031 103.

1529 4054 1711 4115 Quare
1745 4049 1889 4101 haud
1919 4064 2147 4100 necesse
2168 4049 2364 4100 eiicere
2384 4043 2510 4110 τὰς,
2548 4051 2612 4097 ut

1525 4118 1783 4188 proponit
1811 4118 2000 4169 Cobet.
2035 4115 2163 4181 ἵστη
2186 4135 2282 4184 pro
2312 4117 2462 4183 vulg.
2484 4114 2612 4166 ἵστα

1527 4207 1560 4242 e
1583 4189 1857 4241 Sancroft.
1893 4186 2172 4253 alteroque
2197 4188 2449 4238 Parisino
2485 4185 2612 4236 dedi

1527 4259 1794 4325 probante
1827 4258 2060 4309 Bredov.
2090 4273 2141 4322 p.
2170 4256 2300 4317 397;
2338 4257 2413 4307 cf.
2445 4255 2609 4305 etiam

1526 4328 1769 4393 11‚102.
1854 4328 1982 4378 Mox
2032 4326 2286 4376 revocavi
2330 4326 2437 4375 iam
2483 4322 2610 4371 olim

2135 4407 2217 4467 42
