3109 5092
1146 358 1400 418 CLIO.
1446 359 1495 418 I.
1539 368 1628 421 22.
1675 368 1762 423 23.
2509 362 2590 419 45

320 532 574 618 ἐγένετο
605 524 647 617 ἡ
676 528 1026 618 διαλλαγή.
1081 533 1368 615 ἐλπίζων
1398 529 1526 621 γὰρ
1560 528 1596 601 ὁ
1624 528 1982 620 Ἀλυάττης
2017 536 2358 620 σιτοδείην
2387 558 2460 601 τε
2495 530 2591 601 εἷ-

317 663 421 704 ναι
451 630 733 721 ἰσχυρὴν
763 635 839 702 ἐν
865 637 947 722 τῇ
975 632 1262 728 Μιλήτῳ
1304 637 1416 705 καὶ
1447 632 1567 705 τὸν
1597 631 1774 704 λεών
1797 633 2160 724 τετρύσθαι
2194 639 2259 715 ἐς
2290 633 2365 703 τὸ
2395 640 2592 723 ἔσχα-

320 766 428 807 τον
460 740 707 821 κακοῦ,
765 731 973 824 ἤκουε
1022 743 1145 806 τοῦ
1186 737 1478 828 κήρυκος
1516 737 1963 828 νοστήσαντος
2002 741 2075 807 ἐκ
2119 745 2234 828 τῆς
2280 738 2596 828 Μιλήτου

317 838 465 920 τούς
507 842 861 919 ἐναντίους
901 840 1146 927 λόγους
1191 836 1234 930 ἢ
1281 836 1370 922 ὥς
1422 838 1626 922 αὐτὸς
1673 842 2051 912 κατεδόκεε.
2115 840 2279 929 μετὰ
2326 843 2400 911 δὲ
2446 838 2490 930 ἦ
2525 869 2597 911 τε

322 942 641 1032 διαλλαγή
679 963 803 1030 σφι
842 944 1139 1031 ἐγένετο,
1194 942 1299 1014 ἐπ’
1350 935 1402 1038 ᾧ
1442 972 1516 1015 τε
1568 950 1829 1028 ξείνους
1874 944 2220 1035 ἀλλήλοισι
2273 945 2446 1014 εἶναι
2485 947 2600 1013 καὶ

321 1046 714 1135 ξυμμάχους.
782 1050 895 1116 καὶ
939 1048 1063 1117 δύο
1107 1074 1180 1116 τε
1228 1044 1376 1118 ἀντὶ
1421 1045 1568 1129 ἑνὸς
1603 1045 1811 1136 νηούς
1849 1055 1932 1139 τῇ
1968 1047 2297 1138 Ἀθηναίῃ
2334 1047 2598 1118 οἰκοδό-

325 1170 483 1239 μησε
511 1145 547 1217 ὁ
585 1145 945 1238 Ἀλυάττης
981 1154 1054 1220 ἐν
1080 1155 1161 1239 τῇ
1200 1149 1528 1247 Ἀσσησῷ,
1573 1149 1774 1231 αὐτός
1810 1180 1883 1221 τε
1917 1155 1991 1223 ἐκ
2020 1159 2137 1242 τῆς
2165 1150 2418 1222 νούσου
2444 1149 2600 1221 ἀνέ-

326 1276 463 1342 στη.
516 1251 682 1321 κατὰ
713 1252 842 1341 μὲν
872 1252 991 1324 τὸν
1019 1251 1186 1344 πρὸς
1214 1262 1598 1344 Μιλησίους
1629 1283 1703 1326 τε
1738 1258 1850 1324 καὶ
1884 1256 2375 1346 Θρασύβουλον
2400 1255 2601 1325 πόλε-

321 1385 448 1446 μον
481 1353 801 1444 Ἀλυάττῃ
844 1347 980 1427 ὦδε
1023 1364 1194 1446 ἔσχε.

474 1465 898 1550 Περίανδρος
928 1461 1003 1530 δὲ
1035 1452 1115 1550 ἦν
1144 1463 1466 1545 Κυψέλου
1491 1477 1648 1543 παῖς
1658 1515 1678 1550 ,
1710 1450 1906 1543 οὗτος
1934 1458 1969 1531 ὁ
2011 1467 2107 1556 τῷ
2140 1460 2604 1555 Θρασυβούλῳ
2620 1470 2700 1532 23

318 1629 494 1693 ipsam
520 1628 753 1690 adiisse,
785 1645 894 1694 quo
931 1628 998 1679 de
1033 1629 1118 1679 his
1155 1643 1289 1680 vera
1317 1644 1411 1678 au-

321 1699 485 1761 diret,
523 1698 783 1749 credibile
802 1700 894 1749 sit.
933 1701 1052 1762 Quo
1080 1700 1245 1750 etiam
1272 1699 1410 1749 facit

321 1768 460 1818 alter
493 1767 647 1818 locus
683 1768 728 1831 1,
761 1770 847 1833 20,
886 1770 979 1819 ubi
997 1769 1242 1820 Milesios
1280 1770 1411 1821 scri-

320 1839 403 1887 bit
460 1838 796 1903 Delphorum
852 1840 1183 1903 narrationi,
1247 1855 1409 1904 quam

320 1908 457 1972 ipsis
491 1908 720 1973 Delphis
764 1907 857 1958 ille
893 1914 1173 1974 acceptam
1214 1910 1411 1959 refere-

320 1978 446 2040 bat,
502 1977 615 2027 alia
674 1979 940 2044 quaedam
995 1978 1292 2041 adiecisse3
1354 1979 1410 2029 id

323 2047 469 2113 quod
513 2049 705 2112 procul
750 2049 917 2099 dubio
976 2050 1034 2099 in
1070 2050 1192 2114 ipsa
1226 2049 1418 2099 Mileto

322 2118 456 2167 urbe
482 2117 787 2169 audiverat.
828 2118 967 2169 Add.
1000 2119 1045 2181 Ι,
1075 2120 1173 2170 157
1201 2126 1256 2170 et
1281 2134 1420 2184 quae

324 2188 382 2235 in
404 2186 548 2237 hanc
563 2203 673 2238 rem
688 2188 949 2238 disseruit
959 2190 1146 2254 Heyse
1165 2190 1417 2252 Quaestt.

325 2256 565 2307 Herodd.
604 2274 658 2323 p.
683 2258 751 2309 87
791 2258 917 2308 coll.
953 2258 1282 2309 Dahlmanu.
1312 2260 1421 2309 He-

327 2326 508 2375 rodot.
549 2344 602 2407 p.
638 2330 726 2378 57.

394 2392 491 2445 καὶ
537 2390 639 2446 τὸν
695 2388 840 2445 λεών
896 2387 1206 2476 τετρύσθαι
1257 2386 1312 2454 ἐς
1354 2387 1458 2446 τὸ·

326 2459 566 2530 ἔσχατον
610 2463 813 2531 κακοῦ]
862 2458 1008 2515 λεών
1053 2482 1238 2516 omnes
1287 2466 1421 2515 dant

324 2534 479 2597 libri,
527 2536 622 2601 qui
668 2536 833 2585 iidem
876 2535 935 2585 in
978 2551 1093 2601 seq.
1146 2551 1281 2586 voce
1327 2551 1421 2586 va-

326 2605 499 2664 riant;
558 2605 761 2656 etenim
816 2604 963 2655 haud
1016 2607 1178 2670 pauci
1228 2602 1420 2685 τετρῆ-

330 2672 501 2735 σθαις
561 2674 707 2740 quod
762 2690 862 2724 nos
932 2674 1178 2726 dedimus
1232 2668 1421 2737 τετρύ-

330 2742 498 2807 σθαι,
538 2744 697 2794 affert
741 2744 1093 2795 Florentinus
1136 2761 1257 2795 cum
1293 2744 1422 2794 duo-

327 2814 432 2864 bus
480 2815 637 2864 codd.
686 2814 896 2865 Pariss.
948 2815 1424 2880 Schweighaeuse-

327 2900 422 2934 rus
483 2899 547 2934 ac
600 2889 832 2935 recentt.
900 2883 1023 2935 edd.
1093 2882 1421 2947 τετρῦσθαι.

326 2954 569 3003 Verbum
622 2954 804 3035 ipsum
865 2952 1033 3019 (unde
1081 2955 1425 3035 potissimum

325 3020 657 3087 τετρῦμένοι
683 3040 729 3074 s.
756 3015 1205 3088 ἆποτετρυμένοι
1241 3024 1429 3073 dicun·

327 3099 421 3142 tur
446 3095 626 3156 altrici,
655 3093 896 3159 confecti)
924 3092 1222 3143 illustravit
1245 3092 1428 3144 Ruhn-

328 3163 461 3213 ken.
499 3162 570 3212 ad
597 3163 811 3212 Timaei
846 3164 1031 3214 Lexic.
1068 3180 1121 3229 p.
1161 3163 1230 3212 47
1266 3167 1321 3212 et
1358 3162 1427 3212 ab

332 3248 399 3282 eo
446 3231 705 3282 laudatus
760 3232 1090 3299 Wesseling.
1142 3232 1213 3282 ad
1254 3233 1428 3282 Hero-

330 3302 451 3352 dot.
488 3301 585 3363 VI,
624 3303 707 3352 12.
747 3303 1043 3355 Praeterea
1078 3302 1175 3353 Cr.
1217 3300 1428 3353 consuli

330 3372 455 3421 vult
469 3371 658 3421 Orelli.
699 3372 768 3421 ad
804 3372 982 3422 Nicol.
1013 3374 1345 3423 Damascen.
1371 3387 1425 3436 p.

336 3443 470 3503 171,
519 3456 586 3491 ac
627 3442 775 3491 viros
831 3441 1022 3493 doctos
1073 3441 1143 3491 ad
1200 3441 1427 3506 Gregor-

334 3511 586 3562 Corinth.
629 3511 696 3562 de
733 3511 951 3562 dialect.
1000 3512 1175 3563 Ionic.
1225 3515 1275 3574 §-
1329 3510 1431 3561 140

332 3580 398 3645 (,,
404 3572 510 3630 τὸν
561 3576 1120 3661 καταπεπονημένον
1173 3577 1431 3645 τετρυμέ-

335 3665 447 3700 νον
512 3643 805 3716 λέγουσι“)
867 3668 921 3716 p.
995 3650 1117 3703 534.
1181 3650 1283 3701 535
1344 3648 1429 3699 ed.

334 3720 619 3771 Schaefer.
653 3720 863 3771 Eodem
891 3722 1058 3772 refert
1081 3722 1176 3772 Cr.
1206 3721 1429 3770 Homer.

337 3790 543 3855 Odyss.
570 3791 747 3871 XVII,
770 3790 900 3843 387:
940 3781 1259 3855 πτωχὸν-
1276 3781 1433 3853 τρύ-

338 3851 555 3921 ξοντά
592 3851 621 3909 ἕ
650 3850 854 3923 αὐτόν,
893 3857 988 3911 ubi
1023 3860 1134 3910 vid.
1172 3859 1430 3910 Eustath.

340 3946 393 3994 p.
433 3928 538 3980 638
578 3930 663 3979 ed.
694 3897 867 3980 Basil'.
906 3931 992 3981 Ad
1026 3931 1259 3980 formam
1280 3930 1434 3979 vocis

335 3991 485 4048 λεών
521 3999 704 4049 omnia
743 3999 930 4050 attulit
962 3999 1196 4051 Bredov.
1224 4015 1279 4063 p.
1319 3997 1431 4049 138.

409 4058 508 4117 ἐπ’
550 4057 594 4134 ᾦ
633 4082 701 4118 τε
752 4066 979 4130 ξείνους
1024 4061 1313 4134 ἀλλήλοισι
1358 4060 1435 4117 εἷ-

335 4153 436 4187 ναι
475 4120 572 4188 καὶ
606 4131 954 4219 ξυμμάχους]
975 4140 1032 4221 ri.
1071 4155 1118 4189 e.
1157 4138 1439 4189 conditione

330 4217 388 4258 ut
410 4209 637 4272 hospites
665 4214 769 4259 etc.
810 4199 912 4273 ἐφ’
953 4196 997 4273 ᾦ
1034 4223 1132 4272 τε,
1171 4212 1436 4272 sequente

330 4277 611 4328 infinitivo
636 4279 726 4329 vel
746 4279 921 4329 futuri
945 4278 1266 4339 indicativo,
1296 4278 1434 4327 satis

328 4348 643 4410 illustrant,
686 4365 829 4414 quae
861 4348 1017 4399 affert
1054 4346 1311 4398 Kuehner
1336 4347 1430 4398 Gr.

328 4419 431 4471 Gr.
472 4422 524 4483 g.
563 4417 687 4482 828,
724 4421 776 4470 2.
817 4418 1033 4469 Accivit
1056 4416 1201 4468 hunc
1236 4416 1433 4479 locum,

1952 1631 2218 1682 Paciaudi
2242 1634 2604 1682 Monumentt.

1511 1700 1906 1765 Peloponness.
1945 1700 2020 1751 11.
2060 1717 2113 1766 p.
2145 1700 2243 1752 139
2279 1702 2346 1752 de
2383 1700 2610 1765 hospitii

1510 1770 1629 1820 iure
1666 1787 1731 1821 ac
1761 1776 1962 1822 natura
1997 1770 2305 1836 disputans.
2353 1771 2429 1820 Ut
2465 1769 2611 1819 enim

1513 1854 1606 1903 eo,
1681 1841 1828 1905 quod
1889 1845 2077 1890 mutuo
2139 1844 2297 1892 erant
2363 1839 2609 1904 hospites

1515 1906 1765 1975 (ξεῖνοι)
1842 1910 2119 1960 amicitiae
2188 1909 2422 1975 quodam
2500 1907 2613 1957 foe·

1514 1978 1643 2030 dere
1698 1985 1865 2045 atque
1918 1980 2276 2029 humanitatis
2348 1979 2491 2028 inter
2553 1992 2614 2027 se

1523 2050 1715 2111 iuncti,
1753 2050 1987 2100 invicem
2029 2064 2150 2099 sese
2186 2048 2436 2100 domibus
2474 2048 2616 2098 exci-

1522 2119 1775 2185 piebant,
1838 2123 1901 2169 ut
1960 2135 2144 2169 omnes
2209 2122 2617 2170 removerentur

1523 2188 1832 2239 simultates
1878 2194 2048 2255 atque
2097 2190 2362 2252 offensae,
2408 2189 2489 2237 ita
2523 2187 2615 2237 hic

1523 2260 1740 2325 privato
1769 2260 1929 2325 quasi
1955 2260 2253 2311 amicorum
2293 2258 2502 2310 foederi
2529 2273 2617 2308 ac-

1525 2329 1694 2380 cessit
1727 2328 2004 2393 publicum
2038 2330 2231 2380 foedus
2268 2345 2334 2379 ac
2362 2327 2617 2379 bellicum

1526 2390 1875 2465 (ξύμμαχοι),
1915 2414 2022 2464 quo
2056 2401 2230 2451 maior
2263 2401 2321 2450 in
2356 2402 2619 2462 utrosque

1524 2469 1854 2519 redundaret
1895 2469 2126 2520 utilitas.
2197 2470 2262 2519 In
2318 2484 2470 2533 seqq.
2519 2482 2617 2532 pro

1526 2530 1860 2606 ᾠκοδόμησε
1911 2554 2032 2588 cum
2088 2539 2338 2589 Bekkero
2387 2537 2621 2600 aliisque

1525 2608 1721 2671 scripsi
1773 2599 2148 2671 οἰκοδόμησε,
2186 2606 2332 2672 quod
2367 2606 2622 2670 probavit

1525 2677 1762 2729 BredoV.
1807 2693 1862 2741 p.
1918 2675 2040 2726 311.
2092 2706 2163 2715 —-
2207 2677 2292 2726 De
2349 2674 2623 2740 particula

1526 2761 1585 2795 τε
1622 2746 1714 2795 hic
1748 2746 1985 2810 repetita
2033 2746 2260 2811 eiusque
2309 2745 2364 2793 vi
2406 2744 2464 2792 in
2499 2743 2622 2794 tali-

1528 2818 1632 2867 bus
1659 2816 1804 2865 conf.
1827 2815 2086 2865 Kuehner
2112 2815 2205 2866 Gr.
2223 2815 2316 2866 Gr.
2347 2817 2396 2877 §.
2421 2814 2541 2875 722,
2567 2815 2620 2863 4.

1601 2876 1744 2933 κατὰ
1793 2878 1898 2947 μὲν
1947 2876 2050 2934 τὸν
2105 2876 2251 2947 πρὸς
2294 2881 2625 2947 Μιλησίους

1530 2970 1588 3004 τε
1624 2949 1718 3003 καὶ
1759 2945 2172 3021 Θρασύβουλον
2205 2970 2257 3003 κ.
2285 2969 2333 3003 τ.
2360 2951 2429 3020 λ.]
2468 2952 2558 3003 Ita
2594 2968 2624 3002 e

1512 1636 1766 1682 monente
1803 1631 1923 1695 Gru,

1492 3073 1505 3085 ,
1527 3025 1684 3075 libris
1721 3024 1967 3090 probatis
2003 3023 2290 3075 ediderunt
2315 3022 2623 3089 Schweigh.

1533 3101 1589 3146 et
1626 3095 1801 3146 Gaisf.
1841 3099 1903 3144 ut
1939 3095 2086 3145 infra
2118 3096 2164 3157 1,
2202 3094 2286 3145 70.
2327 3093 2415 3143 92.
2465 3093 2622 3143 Unus

1529 3165 1670 3215 liber
1703 3159 1816 3213 καὶ
1855 3179 1934 3212 τα
1967 3180 2066 3229 pro
2100 3155 2298 3227 κατὰ,
2337 3161 2482 3212 unde
2507 3162 2623 3212 vul-

1532 3235 1681 3300 garis
1718 3234 1883 3284 lectio
1935 3235 2116 3297 fluxit,
2164 3249 2304 3300 quae
2352 3232 2531 3283 adhuc
2567 3232 2624 3281 ιιι

1530 3305 1729 3355 Matth.
1771 3304 2012 3355 editione
2048 3273 2353 3382 οόιιιΡαιθι·
2401 3293 2628 3352 καὶτὰ

1531 3387 1652 3438 μεν
1704 3366 1877 3422 κατὰ
1932 3366 2050 3423 τὸν
2105 3365 2276 3435 πρὸς
2326 3371 2466 3420 Μιλ.
2541 3369 2627 3418 Ad

1531 3459 1645 3494 rem
1683 3444 1827 3495 conf.
1855 3442 2124 3508 Polyaeni
2143 3443 2385 3505 Strateg.
2413 3438 2510 3501 vl,
2535 3439 2624 3488 47.

1888 3613 2021 3663 Car.
2060 3610 2270 3662 xxm.

1610 3712 1971 3780 Περίανδρος
2005 3709 2069 3764 δὲ
2100 3701 2179 3779 ἦν
2197 3709 2467 3777 Κυψέλου
2492 3714 2630 3771 παῖς

1535 3803 1589 3837 κ.
1626 3802 1673 3837 τ.
1713 3785 1787 3851 λ.]
1825 3787 2054 3835 Temere
2102 3790 2158 3835 et
2204 3785 2262 3834 in
2313 3784 2396 3834 his
2444 3784 2628 3834 verbis

1539 3862 1594 3908 et
1629 3858 1685 3906 in
1723 3871 1875 3922 seqq.
1905 3855 2168 3905 nonnulla
2202 3859 2382 3905 tentat
2419 3854 2502 3904 vir
2536 3853 2630 3904 do-

1539 3932 1661 3978 ctus
1697 3926 1754 3975 ιιι
1777 3924 2043 3976 Classical
2069 3926 2302 3977 Journal
2337 3924 2514 3976 XXII.
2543 3940 2627 3974 nr.

1539 3999 1627 4047 44.
1665 4013 1718 4061 p.
1772 3994 1901 4057 3743
1952 4011 2092 4061 quae
2142 3995 2310 4046 semel
2355 3994 2631 4044 indicasse

1539 4065 1799 4117 sufficiat.
1851 4066 2109 4131 Sequitur
2150 4066 2239 4116 hic
2285 4063 2632 4114 nobilissima

1539 4137 1607 4186 de
1641 4136 1843 4187 Arione
1877 4140 2044 4200 atque
2080 4133 2378 4185 Periandro
2421 4132 2628 4193 fabula,

1536 4222 1635 4271 per
1677 4211 1850 4256 totam
1887 4205 2272 4270 antiquitatem
2316 4203 2508 4253 merito
2547 4217 2633 4252 ce-

1536 4276 1768 4327 lebrata.
1819 4274 1918 4325 Ad
1942 4290 2105 4340 quam
2149 4273 2490 4325 Herodotum
2535 4287 2630 4320 na-

1536 4347 1662 4395 tura
1697 4346 1856 4412 quasi
1891 4360 1958 4395 ex
1995 4344 2175 4409 operis
2211 4342 2297 4392 sui
2325 4340 2507 4391 indole
2545 4346 2626 4390 at·

1536 4431 1642 4480 que
1679 4412 1906 4465 consilio
1957 4412 2196 4462 delatum
2245 4411 2446 4471 fuisse,
2484 4407 2632 4457 haud
