3109 5092
380 313 504 375 518
1253 308 1800 371 HERODO'I'I

380 485 730 574 σπλάγχνα
767 484 844 555 δὲ
883 480 1094 554 αὐτοῦ
1130 489 1435 554 λείπουσι
1476 484 1553 553 ἐν
1590 487 1685 576 τῷ
1721 481 1978 572 σώματι
2022 482 2136 550 καὶ
2173 477 2300 569 τὴν
2340 476 2651 569 πιμελὴν,

380 591 620 661 σκέλεα
683 586 761 658 δὲ
814 586 1309 677 ἀποτάμνουσι,
1378 588 1492 656 καὶ
1541 584 1669 675 τὴν
1721 583 1948 672 ὀσφὺν
1998 582 2253 674 ἄκρην,
2328 585 2443 652 καὶ
2494 580 2653 664 τούς

382 690 605 783 ὤμους
659 717 733 760 τε
782 691 895 762 καὶ
947 687 1070 761 τὸν
1119 689 1467 780 τράχηλον.
1554 693 1766 759 ταῦτα
1810 690 1886 759 δὲ
1925 688 2326 779 ποιήσαντες
2367 684 2444 756 τὸ
2489 685 2653 758 ἄλλο

380 801 570 885 σῶμα
611 800 733 865 τοῦ
771 791 927 883 βοὸς
969 799 1298 883 πιμπλᾶσι
1337 790 1563 881 ἄρτων
1600 798 1928 881 καθαρῶν
1949 843 1968 876 ,
2022 791 2135 861 καὶ
2191 791 2490 879 μέλιτος,
2541 791 2655 859 καὶ

378 896 782 986 ἀσταφίδος,
849 899 963 966 καὶ
1013 895 1245 967 σύκων
1263 948 1281 982 ,
1339 898 1453 965 καὶ
1512 901 1893 983 λιβανωτοῦ
1910 947 1929 980 ,
1993 896 2107 963 καὶ
2150 892 2485 982 σμύρνης,
2542 893 2654 962 καὶ

379 1006 518 1071 τῶν
564 999 793 1070 ἄλλων
834 999 1242 1089 θυωμάτων.
1333 997 1705 1088 πλήσαντες
1763 997 1840 1068 δὲ
1891 996 2155 1067 τούτων
2206 1003 2652 1084 καταγίζουσι,

380 1111 609 1174 ἔλαιον
657 1101 973 1193 ἄφθονον
1034 1106 1483 1189 καταχέοντες.
1573 1099 2191 1190 προνηστεύσαντες
2247 1099 2321 1167 δὲ
2378 1098 2651 1169 θύουσι.

380 1208 759 1295 καιομένων
796 1205 873 1274 δὲ
907 1209 1047 1274 τῶν
1085 1209 1254 1293 ἱρῶν
1288 1204 1652 1273 τύπτονται
1697 1204 1975 1284 πάντες·
2031 1201 2239 1272 ἐπεὰν
2283 1201 2357 1272 δὲ
2400 1198 2650 1272 ἀποτύ-

381 1325 681 1393 ψωνται,
726 1313 921 1392 δαῖτα
948 1314 1421 1398 προτίθενται,
1470 1304 1554 1376 τά
1595 1309 1905 1377 ἐλίποντο
1933 1311 2070 1375 τῶν
2100 1310 2287 1395 ἱρῶν.

381 1509 541 1562 unt.“
566 1536 637 1546 —
657 1509 743 1561 Ad
762 1508 929 1560 verba
956 1492 1082 1570 ἐξ
1037 1522 1121 1557 ων
1138 1500 1294 1556 εἷλον
1317 1507 1464 1558 conf.

380 1581 456 1644 11,
484 1568 721 1632 39:812?
761 1566 843 1629 ῶν
869 1572 1068 1628 ἔδοντο
1104 1577 1310 1658 ibique
1324 1580 1466 1627 nott.

442 1617 544 1699 καὶ
597 1641 705 1712 τὴν
764 1638 955 1711 ὀσφῦν
1012 1636 1217 1713 ακρην]
1281 1636 1467 1710 ὀσφὺς

381 1733 520 1770 coxa
571 1722 658 1768 est
712 1715 955 1785 (Hiifte),
1008 1730 1170 1782 quam
1228 1715 1465 1765 humeris

380 1778 606 1853 (ὤμοις)
624 1786 713 1839 hic
734 1786 934 1852 opponi
951 1785 1231 1837 contendit
1245 1783 1468 1836 Schnei-

380 1859 561 1908 derus.
608 1884 676 1893 -
728 1857 795 1906 In
847 1871 998 1921 seqq.
1053 1870 1176 1905 cum
1233 1858 1464 1904 recentt.

380 1927 537 1977 editt.
576 1927 926 2007 probatorum
971 1924 1227 1975 librorum
1275 1928 1463 1973 aucto-

378 1997 545 2047 ritate
564 1995 822 2061 rescripsi
842 1986 1163 2058 ἀσταφίδος
1179 2007 1277 2059 pro
1298 1982 1465 2041 ἄστα-

378 2061 596 2128 φίὸων,
637 2065 781 2145 quod
818 2062 1180 2128 wesselingio
1216 2061 1461 2112 debetur.

377 2136 483 2185 Est
518 2138 702 2183 autem
749 2124 1023 2196 ἄσταφὶς,
1074 2134 1191 2181 sive
1239 2125 1461 2194 σταφὶς,

379 2207 442 2253 ut
460 2202 749 2268 posteriori
768 2205 952 2251 aetate
965 2201 1345 2265 loquebantur,
1365 2214 1465 2249 uva

374 2287 555 2336 passa.
639 2271 725 2320 Tu
772 2269 885 2320 vid.
940 2285 1081 2336 quae
1130 2270 1203 2320 ad
1246 2269 1464 2319 Ctesiae

377 2341 430 2392 fr
558 2356 626 2390 ιιι.
665 2355 795 2404 pag.
831 2339 934 2391 325
971 2339 1278 2390 citavimus.

475 2424 621 2459 πεαν
683 2402 748 2458 δὲ
812 2399 1288 2488 ἀποτύψωνται]
1307 2406 1347 2459 i.
1410 2421 1458 2457 e.

378 2471 552 2530 ἐπεὰν
610 2471 676 2528 δὲ
733 2490 1141 2528 παυσωνται
1208 2489 1459 2526 τνπτε-

380 2547 579 2613 σθαι,
622 2553 686 2599 ut
727 2547 948 2613 exponit
994 2546 1331 2613 Hesychius,
1378 2545 1465 2595 ubi

370 2622 618 2685 plangere
652 2619 925 2671 desierunt.
993 2618 1105 2669 Ubi
1148 2632 1306 2668 nemo
1351 2630 1460 2666 non

377 2705 478 2809 31:
479 2704 611 2810 {¹535
614 2686 1274 2835 5323523‘2252223235
1244 2702 1349 2807 :2¹
1317 2700 1461 2803 ..155

376 2820 721 2888 τύπτεσθαι,
760 2832 823 2877 ut
857 2827 935 2887 11,
969 2826 1037 2878 73
1059 2822 1373 2891 πειρᾶσθαι
1403 2827 1460 2875 et

375 2889 834 2960 ἀποπειρᾶσθαι,
885 2894 1022 2957 alia,
1078 2909 1219 2961 quae
1266 2893 1461 2944 laudat

376 2962 639 3016 Valcken.
672 2993 742 3002 —
771 2963 1042 3015 Herodoti
1075 2963 1255 3014 locum
1283 2963 1462 3013 imita·

376 3037 466 3083 tus
505 3036 590 3082 est
623 3032 855 3082 Lucian.
903 3032 972 3082 de
1012 3033 1114 3083 dea
1150 3033 1273 3097 Syr.
1310 3031 1363 3083 6.
1402 3047 1456 3096 p.

376 3101 446 3153 89
495 3106 539 3153 t.
587 3100 668 3151 IX
709 3100 796 3152 ed.
840 3102 964 3167 Bip.
1011 3101 1096 3151 De
1141 3102 1262 3166 ipso
1301 3115 1461 3167 argu-

376 3175 558 3222 mento
617 3169 848 3220 laudant
901 3170 1235 3236 Athenagor.
1291 3170 1458 3234 legat.

375 3256 472 3308 pro
514 3239 715 3291 Christ.
757 3242 808 3304 g.
853 3239 933 3290 12.
974 3255 1103 3305 pag.
1151 3242 1220 3291 52
1258 3237 1332 3304 (ξ.
1375 3241 1456 3290 14.

374 3327 432 3376 p.
465 3309 588 3372 290,
626 3311 721 3373 D),
751 3309 848 3360 ubi
897 3308 1041 3359 hunc
1087 3325 1287 3359 morem
1324 3309 1461 3358 deri·

376 3381 486 3431 det.
561 3381 642 3431 Ac
676 3383 943 3430 memorat
966 3379 1166 3429 Noster
1196 3379 1301 3430 hoc
1338 3378 1457 3429 loco

375 3466 470 3512 ea,
524 3450 757 3515 quaein
795 3448 1091 3499 Busiritico
1139 3448 1302 3499 Isidis
1349 3464 1460 3498 ma·

373 3521 519 3570 ximo
567 3534 725 3570 sacro
769 3517 1034 3569 solemnia
1077 3517 1228 3568 obire
1280 3517 1460 3568 solent

370 3589 660 3656 Aegyptii,
706 3588 786 3651 11,
823 3589 910 3652 61,
947 3588 1168 3638 uberius
1215 3591 1458 3638 tractata

372 3675 408 3709 a
441 3660 709 3710 Creuzero
754 3658 812 3707 in
850 3659 1174 3709 Commentt.
1211 3657 1454 3709 Herodd.

371 3728 419 3779 1.
455 3745 509 3794 p.
550 3728 669 3791 115,
706 3726 851 3778 unde
885 3728 1104 3792 potiora
1134 3727 1224 3777 hic
1255 3726 1457 3778 adscri-

371 3797 498 3848 bere
532 3797 734 3863 placet.
806 3797 954 3861 „Qui
1003 3800 1317 3848 truncatum
1350 3797 1455 3847 hoc

371 3872 534 3932 paeto
586 3870 1068 3932 exenteratumqne
1123 3870 1179 3917 et
1237 3865 1454 3931 myrrha

371 3935 813 4000 aromatibusque
857 3936 1117 3987 refertum
1160 3936 1355 3986 bovem
1396 3935 1455 3985 in

369 4004 588 4071 lugubri
630 4004 773 4054 festo
821 4003 1052 4057 Osiridis
1098 4005 1236 4055 Isidi
1267 3998 1455 4055 immo-

370 4075 472 4126 lari
521 4074 755 4138 cogitet,
806 4073 854 4122 is
902 4089 987 4124 me
1029 4073 1242 4139 quidem
1290 4073 1455 4123 senti-

372 4148 498 4195 ente
549 4157 659 4192 non
707 4142 912 4206 poterit
955 4145 1130 4209 ipsum
1184 4142 1455 4193 Osiridem

370 4211 678 4263 mutilatum
695 4216 750 4262 et
767 4210 960 4262 deinde
982 4213 1315 4262 aromatibus
1330 4227 1455 4262 con-

371 4283 542 4333 ditum
567 4296 676 4331 non
711 4280 973 4346 cogitare.
1046 4280 1187 4332 Nam
1210 4297 1350 4346 quae
1371 4297 1454 4331 re-

367 4351 517 4418 liqua
551 4349 825 4401 adduntur
866 4350 924 4400 in
972 4350 1130 4401 bovis
1163 4350 1451 4413 sacrificio,

1572 1522 1638 1557 ea
1672 1507 1873 1572 partim
1908 1506 1980 1557 ad
2015 1507 2446 1557 combustionem
2492 1507 2655 1572 perti-

1571 1582 1729 1638 nent,
1792 1580 1854 1627 ut
1896 1576 2105 1638 oleum,
2160 1577 2359 1642 partim
2418 1577 2489 1627 ad
2544 1577 2695 1627 {ru--

1569 1650 1754 1696 menta
1796 1647 2023 1696 inventa
2055 1646 2308 1711 vitesque
2342 1646 2547 1709 cultas,
2592 1651 2655 1696 ut

1568 1729 1738 1779 panes
1795 1715 2136 1778 mundiores,
2200 1731 2340 1766 uvae
2396 1716 2654 1779 passae.“

1568 1784 1826 1850 Sequitur
1870 1783 2100 1836 Diodori
2156 1783 2310 1835 locus
2357 1784 2403 1847 1,
2440 1785 2539 1846 ·21,
2586 1786 2654 1836 de

1568 1853 1764 1904 bestiis
1817 1854 2053 1918 Aegypti
2116 1855 2287 1905 sacris
2306 1891 2320 1916 ,
2379 1854 2655 1905 adduntur

1566 1922 1677 1972 alia
1717 1921 1828 1972 illis
1887 1922 2088 1973 similia
2132 1937 2166 1972 a
2217 1924 2410 1987 priscis
2451 1923 2652 1974 Atticis

1565 1991 1872 2041 hominibus
1908 1992 1965 2040 iu
1993 1991 2247 2056 Diipoliis
2286 1992 2532 2043 factitari
2567 2008 2654 2043 so-

1564 2059 1695 2124 lita,
1732 2060 1828 2111 ubi
1850 2061 2008 2111 bovis
2028 2059 2340 2112 solemniter
2370 2062 2520 2112 eaesi
2536 2077 2653 2113 car-

1565 2145 1662 2180 nes
1688 2130 2062 2180 communibus
2088 2130 2263 2197 epulis
2294 2131 2654 2183 comedebant

1564 2199 1832 2264 bovisque
1905 2199 2111 2250 exuviis
2182 2199 2531 2251 simulacrum
2591 2200 2654 2250 li-

1566 2283 1762 2334 gneum
1798 2267 2191 2320 circumdatum
2238 2274 2421 2321 aratro
2464 2270 2655 2336 iunge-

1566 2338 1728 2399 bant3
1771 2339 2043 2404 pertinent
2065 2339 2298 2404 denique
2322 2338 2427 2390 hue
2446 2339 2653 2390 ’701Μί-

1567 2407 1779 2458 thriaca
1793 2445 1807 2471 ,
1865 2409 1961 2459 ubi
2025 2408 2219 2460 bovem
2268 2408 2501 2459 Abudad
2552 2408 2654 2459 Mi-

1566 2477 1717 2527 thras
1755 2479 2045 2528 Persarum
2091 2477 2319 2540 occidit,
2368 2483 2532 2544 atque
2583 2494 2653 2528 ex

1565 2547 1794 2606 mactati
1827 2546 2079 2597 animalis
2114 2562 2341 2613 corpore
2361 2548 2653 2599 excludun-

1565 2620 1656 2666 tur
1693 2617 1991 2682 germinum
2039 2617 2195 2667 varia
2243 2632 2445 2682 genera
2458 2655 2472 2680 ,
2526 2633 2652 2668 cau-

1567 2684 1745 2750 daque
1790 2686 1847 2736 in
1888 2686 2088 2736 aristas
2133 2687 2417 2738 excrescit.
2489 2687 2651 2738 Pera-

1567 2760 1655 2805 cto
1692 2756 1863 2820 primo
1910 2754 2180 2807 sacrificio
2220 2756 2534 2807 exoriuntur
2568 2772 2653 2807 re-

1562 2839 1659 2889 ges
1686 2823 2056 2890 agriculturae
2079 2826 2411 2876 inventores.
2485 2826 2653 2877 Athe-

1563 2894 1648 2944 nis
1683 2894 1882 2944 Attieis
1927 2896 2284 2946 communiter
2317 2894 2524 2946 bovilla
2556 2911 2650 2946 ve-

1563 2968 1789 3014 scuntur
1856 2963 2174 3026 sacrificuli,
2259 2968 2317 3015 et
2371 2969 2498 3029 post
2563 2979 2648 3014 so-

1562 3031 1740 3083 lemne
1777 3031 2100 3083 sacrificium
2148 3048 2183 3082 a
2225 3034 2383 3084 bovis
2429 3033 2648 3085 simula-

1565 3117 1656 3152 cro
1694 3102 1986 3152 simulatae
2021 3103 2283 3153 arationis
2316 3104 2533 3154 initium
2563 3103 2645 3153 fit.

1562 3171 1816 3222 Busiride
1840 3172 2231 3238 Aegyptiorum
2264 3177 2453 3224 coetus
2492 3189 2648 3224 sacer

1560 3241 1754 3292 bovem
1807 3241 1938 3307 igne
1988 3241 2235 3303 conficit,
2287 3247 2649 3308 posteaquam

1562 3311 1710 3361 caesi
1755 3325 1949 3375 eorpus
2004 3309 2250 3374 implevit
2311 3312 2547 3376 panibus
2594 3317 2649 3363 et

1560 3380 2649 3516 31¹12230232”?.;ffi:{²22¹‡¹32250.22?‘320.2

1560 3520 1743 3570 omnia
1801 3519 1897 3584 qui
1957 3520 2016 3569 in
2073 3535 2240 3570 unum
2303 3520 2530 3585 colligat
2593 3525 2649 3571 et

1560 3588 1881 3654 simpliciter
1912 3588 2219 3652 intueatur,
2264 3590 2312 3639 is
2359 3589 2509 3641 nullo
2556 3605 2648 3641 ne-

1556 3659 1708 3724 gotio
1730 3658 2003 3724 dispiciat,
2029 3673 2136 3723 quo
2159 3658 2296 3710 haec
2315 3659 2647 3724 pertineant,

1554 3731 1777 3779 uinxit-um
1822 3729 1896 3779 ad
1934 3729 2182 3779 orationis
2216 3743 2430 3780 comas
2472 3730 2645 3780 decla-

1554 3798 1782 3856 randas,
1838 3797 1982 3848 unde
2029 3800 2162 3848 vitae
2218 3801 2449 3850 cultioris
2478 3800 2639 3850 initia

1554 3868 1820 3918 ditatum.
1894 3866 2031 3917 Inde
2062 3867 2140 3917 nil
2166 3868 2389 3930 mirum,
2422 3870 2481 3919 in
2513 3884 2645 3919 ana-

1555 3936 1773 4001 glyphis
1808 3940 1864 3987 et
1883 3937 2111 4000 picturis
2139 3937 2533 4001 sepulcralibus
2558 3954 2645 3989 ur·

1554 4005 1641 4056 bis
1683 4005 1940 4071 Ilithyiae
1977 4007 2214 4072 Aegypti
2264 4007 2347 4057 ita
2402 4007 2643 4059 exhiberi

1559 4074 1861 4139 Osiridem,
1909 4079 1972 4126 ut
2006 4076 2245 4127 aratoria
2281 4077 2646 4129 instrumenta

1556 4149 1716 4209 gerat
1761 4145 1821 4195 in
1872 4144 2146 4197 manibus·
2206 4146 2507 4212 flagellum,
2557 4162 2645 4197 ru-

1553 4218 1698 4264 trum
1737 4229 1781 4264 s.
1817 4211 2083 4279 ligonem,
2130 4230 2401 4267 vomerem
2435 4231 2645 4280 peram-

1555 4298 1662 4348 que
1709 4283 1930 4333 seminis
1976 4283 2191 4347 plenam
2241 4286 2471 4336 sementi
2509 4285 2649 4336 faui:

1555 4351 1744 4403 endae.
1804 4352 1927 4405 Vid.
1957 4354 2234 4419 Descript.
2272 4354 2340 4405 ds
2366 4353 2513 4421 l'Eg.
2536 4355 2647 4406 Διι-
