3109 5092
476 338 597 418 158

1350 353 1893 417 HERODOTI

474 530 1082 621 ,,παρασκευάζεαι,
1137 536 1207 598 οἳ
1259 536 1577 608 σκυτίνας
1629 527 1756 616 μὲν
1796 517 2232 615 ἀναξυρίδαὲ,
2286 532 2615 614 σκυτίνην
2666 526 2743 596 δὲ

472 633 643 723 ,,τὴν
668 632 882 724 ἄλλην
924 632 1176 721 ἐσθῆτα
1203 634 1524 722 φορέουσι
1545 653 1559 666 ·
1618 633 1942 700 σιτέονται
1971 629 2048 697 δὲ
2084 624 2209 697 οὐκ
2237 624 2360 697 ὅσα
2404 625 2741 716 ἐθέλουσι,

471 736 667 823 ,,οἰλλ’
703 735 826 808 ὅσα
854 745 1115 827 ἔχουσι,
1156 734 1384 826 χώρην
1413 741 1676 823 ἔχοντες
1701 739 2041 825 τρηχείην·
2096 729 2262 820 πρὸς
2299 728 2374 802 δὲ
2413 729 2538 802 οὐκ
2575 744 2742 826 οἴνῳ

468 845 971 932 ,,διαχρέονται,
1024 837 1195 910 ἀλλὰ
1240 836 1754 929 ὑδροποτέουσι·
1821 833 1902 906 οὐ
1954 841 2129 905 σῦκα
2174 835 2250 904 δὲ
2293 841 2518 923 ἔχουσι
2564 837 2738 928 τρώ-

469 973 701 1033 ,,γειν,
743 941 869 1016 οὐκ
908 944 1073 1015 ἄλλο
1102 941 1367 1032 ἀγαθὸν
1392 939 1618 1012 οὐδέν.
1673 945 1866 1010 τοῦτο
1890 939 2015 1027 μὲν
2043 938 2163 1031 δὴ,
2208 944 2272 1007 εί
2307 938 2637 1029 νικήσεις,
2674 947 2747 1010 τί

469 1071 729 1139 „omme
753 1047 1189 1141 ἀπαιρήσεαι,
1230 1053 1410 1117 τοῖσί
1441 1072 1519 1133 γε
1548 1043 1639 1135 μή
1677 1042 1811 1114 ἐστι
1838 1046 2081 1132 μηδέν;
2137 1046 2335 1112 τοῦτο
2364 1044 2477 1130 δὲ,
2518 1037 2606 1132 ἦν
2631 1072 2736 1113 νι-

469 1159 765 1246 ,,κηθῇς,
818 1153 1028 1242 μάθε,
1071 1147 1194 1220 ὅσα
1232 1148 1461 1238 ἀγαθὰ
1504 1146 1913 1236 ἀποβαλέεις.
1981 1145 2384 1235 γευσάμενοι
2427 1145 2557 1236 γὰρ
2601 1152 2740 1217 τῶν

469 1253 857 1348 ,,ἡμετε’ρων
880 1253 1199 1342 ἀγαθῶν,
1240 1256 1694 1381 περιέξονται,
1729 1248 1889 1321 οὐδὲ
1927 1247 2223 1320 ἀπωστοὶ
2254 1255 2540 1322 ἔσονται.
2608 1248 2741 1338 ἐγώ

468 1364 639 1449 ,,με’ν
666 1389 799 1430 νυν
825 1371 1045 1429 θεοῖσι
1077 1365 1204 1445 ἔχω
1241 1358 1474 1447 χάριν,
1515 1365 1584 1427 οἳ
1618 1383 1742 1424 ουκ
1781 1351 1890 1424 ἐπὶ
1917 1352 2078 1426 νόον
2107 1357 2409 1425 ποιέουσι
2437 1357 2740 1445 Πέρσῃσι

466 1462 999 1553 ,,στρατεύεσθαι
1044 1458 1157 1532 ἐπὶ
1196 1459 1484 1541 Λυδούς.
1491 1468 1532 1498 “
1625 1463 1846 1527 Ταῦτα
1896 1461 2115 1546 λέγων
2164 1453 2289 1527 οὐκ
2347 1465 2581 1528 ἔπειθε
2620 1456 2741 1529 τόν

466 1575 785 1657 Κροῖσον.
877 1570 1177 1656 Πέρσῃσι
1225 1593 1392 1655 γαρ,
1454 1565 1612 1651 πρὶν
1656 1559 1927 1641 Λυδους
1970 1565 2560 1651 καταστρέψασθαι
2579 1612 2598 1647 ,
2651 1552 2739 1649 ἦν

374 1679 454 1740 72
472 1668 628 1740 οὕτε
671 1665 886 1759 ἁβρὸν
911 1666 1068 1739 ου”τε
1109 1665 1374 1757 ἀγαθὸν
1402 1663 1620 1736 οὐδέν.

467 1840 620 1891 libris
688 1842 907 1908 scriptis
976 1841 1121 1892 haud
1184 1841 1402 1907 probari
1466 1841 1554 1891 do·

469 1910 660 1962 lemus.

535 1976 593 2030 οἳ
619 1980 885 2038 σκυτίνας
906 1973 1012 2045 μὲν
1030 1970 1396 2099 ἀναξυρίδας,
1427 1993 1553 2028 σκυ-

468 2049 596 2115 τίνη
601 2066 635 2100 ν
672 2044 735 2100 δὲ
770 2042 878 2114 τὴν
921 2041 1098 2114 ἄλλην
1162 2048 1351 2114 σθῆτα
1385 2045 1551 2113 φορέ-

466 2119 618 2184 ουσι]
657 2111 999 2184 ἀναξυρίδες
1022 2124 1152 2169 sunt
1178 2120 1409 2169 braccae
1434 2133 1551 2169 eae-

466 2205 570 2254 que
603 2189 864 2239 arctiores
911 2190 1323 2253 angustioresve
1364 2204 1430 2238 ex
1467 2203 1551 2238 co-

464 2260 546 2307 rio
586 2258 886 2320 confectae,
926 2259 1087 2322 quale
1120 2260 1335 2308 omnino
1371 2258 1552 2321 depre-

466 2328 720 2379 henditur
741 2329 1056 2379 vestimenti
1069 2343 1240 2393 genus
1263 2328 1405 2393 apud
1425 2342 1550 2392 gen-

466 2402 551 2448 tes
597 2399 761 2448 Asiae
804 2399 862 2446 in
918 2397 1232 2464 regionibus
1279 2397 1549 2447 montanis

466 2468 700 2534 indeque
770 2466 1149 2533 frigidioribus
1217 2467 1548 2517 habitantes.

464 2537 661 2603 Itaque
715 2553 823 2588 non
885 2538 1078 2588 mirum
1135 2538 1316 2588 Persis
1383 2537 1548 2586 hocce

462 2608 734 2673 placuisse
785 2609 1196 2670 vestimentum,
1244 2624 1363 2659 cum
1402 2604 1548 2657 Medi

462 2682 744 2728 uterentur
777 2679 1115 2728 vestimentis
1152 2678 1443 2729 laxioribus
1480 2690 1547 2726 ac

462 2748 882 2799 remissioribus.
918 2748 1110 2799 Adhuc
1160 2749 1218 2797 in
1264 2746 1546 2798 ruderibus

462 2819 889 2883 Persepolitanis
960 2818 1365 2884 conspiciuntur
1443 2814 1548 2866 viri

462 2892 694 2953 utroque
728 2888 961 2938 vestium
1005 2904 1202 2953 genere
1247 2886 1421 2936 induti
1460 2901 1547 2936 eo·

464 2972 568 3022 que
597 2958 717 3021 ipso
742 2956 881 3006 bene
901 2957 1044 3007 inter
1073 2972 1133 3007 se
1158 2954 1543 3020 distinguendi.

462 3027 678 3077 Monuit
734 3026 966 3076 Heeren.
1015 3026 1180 3076 Ideen
1235 3030 1337 3075 etc.
1396 3025 1441 3087 Ι,
1494 3024 1544 3076 1.

462 3096 779 3215 ἷὲςιιιίοἳὲῗ.’
799 3111 873 3229 p.c
876 3095 1211 3216 117184εἶᾱί1ἧθὲ
1214 3093 1550 3215 1rtatiggiitihoxels

463 3237 667 3285 Persae
712 3234 1082 3284 huiuscemodi
1120 3235 1330 3285 braccis
1368 3250 1547 3285 caeru-

462 3305 564 3355 leis
600 3303 687 3355 vel
727 3304 904 3354 rubris
956 3304 1258 3365 abstinent,
1305 3304 1432 3354 illae
1470 3304 1546 3354 di-

463 3380 659 3425 cuntur
694 3375 840 3439 apud
860 3375 1066 3424 Turcos
1095 3374 1356 3425 Sohaemar
1392 3374 1548 3437 (σαρ-

463 3443 733 3512 βαρίδες),
771 3444 873 3495 hae
917 3443 1274 3495 Tsclzaclwcleir
1313 3434 1545 3508 (ἀναξυ-

463 3513 659 3580 ρίδες).
698 3515 856 3566 Conf.
892 3516 1167 3565 Hammer.
1205 3514 1288 3565 in·
1326 3514 1547 3564 Wiener

463 3585 762 3636 Jahrbiich.
801 3585 1052 3650 V111.p.
1091 3584 1215 3635 385.

530 3648 724 3721 χώρην
784 3650 1005 3720 ἔχοντες
1053 3652 1343 3719 τρηχείην]
1394 3652 1546 3703 Idem

460 3726 781 3790 praedicant
817 3726 1020 3775 Persae
1066 3725 1175 3786 IX,
1215 3723 1335 3786 121,
1384 3721 1549 3772 idem-

463 3810 569 3859 que
604 3794 700 3843 alii
746 3799 1021 3844 testantur
1064 3794 1386 3858 scriptores,
1422 3793 1550 3842 Per-

462 3879 644 3913 sarum
668 3868 870 3913 terram
896 3864 1067 3913 fuisse
1090 3877 1340 3927 asperam
1376 3861 1549 3913 cultu-

463 3948 567 3998 que
606 3931 983 3982 difficillimam
1020 3932 1088 3982 ob
1125 3939 1355 3995 montes,
1392 3946 1545 3993 saxa,

460 4003 572 4052 alia
586 4001 643 4050 id
666 4016 857 4067 genus,
874 4000 1106 4066 indeque
1129 4005 1346 4065 gentem
1370 3999 1545 4066 ipsam

465 4072 672 4134 duram,
710 4071 900 4135 paucis
947 4074 1259 4120 contentam
1308 4076 1363 4120 et
1399 4070 1550 4121 tenui

462 4143 642 4191 victus
713 4140 900 4204 generi
965 4139 1304 4189 adstrictam.
1388 4140 1547 4190 Conf.

465 4210 624 4261 modo
660 4209 907 4275 Xenoph.
931 4209 1129 4275 Cyrop.
1169 4208 1214 4271 Ι,
1251 4208 1301 4271 3,
1341 4210 1393 4259 2.
1421 4209 1547 4272 VII,

464 4283 513 4344 5,
551 4280 638 4331 67.
676 4281 746 4342 V,
793 4282 844 4342 2,
887 4279 971 4330 16.
1019 4277 1262 4328 Posthac
1298 4278 1356 4327 in
1392 4294 1549 4329 omne

463 4349 780 4400 deliciarum
813 4354 869 4400 et
902 4348 1134 4399 luxuriei
1157 4362 1329 4414 genus
1350 4348 1548 4399 Persas

460 4420 747 4486 prolapsos
809 4434 958 4482 esse,
1021 4418 1160 4469 satis
1222 4421 1437 4482 notum,
1487 4423 1549 4470 ut

1719 1670 1809 1734 OC
1847 1666 1923 1734 δὲ
1952 1665 2404 1735 Καππαδόκαι
2431 1661 2565 1735 ὑπὸ
2593 1660 2737 1734 Ελ-

1656 1840 1791 1890 adeo
1827 1840 1986 1903 vino,
2022 1857 2129 1907 quo
2164 1841 2251 1892 hic
2286 1846 2342 1892 et
2387 1840 2533 1906 apud
2564 1841 2742 1891 Xeno-

1656 1910 1911 1975 phontem
1950 1910 2170 1976 (Cyrop.
2207 1912 2254 1975 1,
2301 1913 2352 1975 2,
2389 1909 2440 1959 8.
2479 1910 2605 1961 coll.
2641 1911 2738 1973 IV,

1655 1986 1706 2043 5,
1743 1981 1826 2045 4.)
1853 1995 2039 2031 carere
2077 1980 2349 2044 dicuntur,
2375 1980 2536 2031 valde
2568 1979 2741 2030 indul-

1654 2050 1841 2100 serint.
1891 2048 2019 2101 Vid.
2069 2050 2215 2100 infra
2264 2050 2583 2113 1,133.-
2617 2047 2741 2098 δια-

1652 2117 1915 2183 χρέονται
1949 2134 2073 2170 cum
2106 2125 2336 2171 recentt.
2380 2119 2502 2170 edd.
2540 2119 2743 2170 retinui

1654 2204 1751 2254 pro
1778 2187 2215 2272 διαχρέωνται.
2253 2190 2410 2241 Cous.
2442 2190 2494 2267 1,
2536 2188 2624 2241 34.

1727 2273 1795 2309 ου
1835 2256 1981 2308 σῦκα
2015 2251 2078 2308 δὲ
2115 2255 2306 2324 ἔχουσι
2341 2250 2595 2324 τρώγειν,
2632 2248 2738 2308 οὐκ

1652 2318 1787 2377 ἄλλο
1822 2319 2070 2394 ἀγαθὸν]
2110 2330 2372 2394 Disputat
2406 2328 2471 2379 de
2493 2328 2739 2379 hocloco

1653 2413 1720 2448 ac
1778 2398 2050 2449 sententia
2107 2398 2421 2449 Herodotea
2492 2399 2739 2449 Iulianus

1654 2469 1909 2533 Imperat.
1959 2469 2063 2532 Ep.
2117 2468 2317 2520 XXIV.
2366 2484 2421 2534 p.
2471 2466 2576 2520 390
2620 2484 2736 2534 seq.

1652 2553 1705 2602 p.
1733 2538 1801 2589 32
1837 2536 1921 2587 ed.
1946 2536 2190 2602 Heyler„
2228 2539 2383 2588 cuius
2419 2537 2529 2589 vid.
2570 2552 2740 2588 anno-

1653 2612 1778 2659 tatt.
1816 2623 1870 2673 p.
1909 2607 2029 2658 261.
2070 2608 2316 2673 Namque
2352 2607 2488 2659 ficus
2533 2609 2589 2658 in
2628 2609 2738 2658 fru-

1651 2678 1809 2742 gibus
1848 2678 2187 2727 suavissimis
2225 2678 2492 2743 arborque
2527 2679 2647 2744 ipsa
2682 2679 2738 2727 in

1650 2747 2137 2813 praestantissimis
2158 2747 2386 2798 habetur
2421 2749 2566 2813 apud
2593 2752 2739 2799 vete—

1649 2834 1763 2881 res,
1809 2817 2008 2883 quippe
2066 2832 2176 2882 qua
2231 2817 2495 2883 quidquid
2539 2823 2740 2868 natura

1652 2903 1824 2938 suave
1880 2903 1946 2937 ac
2007 2885 2164 2937 dulce
2237 2889 2483 2953 proferre
2552 2891 2737 2953 queat,

1650 2958 1866 3007 omnino
1880 2956 2179 3006 indicatum
2193 2958 2579 3008 existimemus.
2595 2960 2739 3020 Quo·

1651 3028 1799 3077 circa
1852 3028 1937 3077 Cr.
1991 3027 2206 3077 confert
2257 3027 2480 3078 Homeri
2534 3027 2735 3094 Odyss.

1651 3096 1920 3160 vn,116
1955 3112 2106 3178 seqq.

1720 3165 1891 3216 τοῦτο
1915 3158 2019 3231 μεν
2047 3159 2140 3231 δὴ,
2167 3159 2221 3216 εί
2242 3156 2492 3230 νικήσεις
2515 3182 2566 3216 τι.
2588 3182 2637 3216 τ.
2661 3165 2708 3216 λ.
2713 3164 2736 3231 ]

1651 3236 1861 3317 Quibus
1889 3236 2144 3286 continuo
2170 3240 2542 3301 opponuntur:
2565 3233 2736 3285 τοῦτο

1651 3300 1715 3356 δὲ
1757 3296 1839 3369 ἢν
1887 3303 2157 3372 νικηθῇς.
2231 3307 2348 3356 Nec
2383 3312 2568 3357 tamen
2612 3321 2736 3356 raro

1651 3377 1732 3426 sic
1754 3376 1956 3442 opponi
1991 3371 2053 3425 εί
2085 3380 2140 3425 et
2175 3368 2277 3440 ἢν,
2305 3375 2565 3441 exemplis
2595 3391 2737 3426 com·

1651 3446 1976 3496 monstravit
2010 3445 2243 3496 Werfer.
2279 3445 2337 3494 in
2384 3445 2535 3497 Actt.
2579 3444 2734 3511 phill.

1650 3517 1898 3567 Monacc.
1935 3514 1981 3578 Ι,
2021 3516 2068 3565 l.
2106 3530 2234 3597 pag.
2274 3514 2394 3566 101.

1721 3574 1794 3650 ἦν
1839 3574 1970 3636 οὔτε
2025 3575 2270 3650 ἁβρὸν,
2329 3575 2461 3633 ουτε
2507 3573 2736 3649 ἀγαθὸν

1650 3647 1847 3720 οὐδὲν]
1899 3655 1936 3705 i.
1985 3670 2033 3704 e.
2090 3654 2226 3704 nihil
2279 3653 2481 3704 Persae
2526 3654 2736 3704 deliciis

1649 3725 1734 3788 (ut
1775 3723 1990 3790 postea)
2038 3723 2397 3790 indulgebant
2439 3740 2541 3774 nec
2584 3724 2738 3789 quid-

1649 3811 1811 3861 quam
1869 3808 2055 3845 eorum
2114 3799 2234 3845 erat
2292 3793 2402 3843 illis
2451 3794 2734 3855 Ιιοιιοτιιιιι,

1649 3880 1789 3930 quae
1833 3865 1905 3915 ad
1949 3862 2162 3914 mollem
2208 3864 2379 3914 vitam
2425 3863 2739 3915 delicatam-

1647 3951 1754 4000 que
1787 3935 2104 4000 perducant.

1992 4105 2392 4157 cmhxxn.

1722 4202 1801 4259 Of
1842 4202 1906 4259 δὲ
1942 4200 2331 4259 Καππαδόκαι
2379 4199 2497 4259 ὑπὸ
2544 4200 2737 4273 Ελλή-

1652 4294 1768 4328 νων
1823 4270 2031 4343 Συριοι
2084 4270 2519 4343 οὖνομάζονται]
2570 4280 2737 4329 Hisce

1650 4349 1941 4414 iungenda,
1972 4363 2112 4413 quae
2154 4349 2202 4411 I,
2236 4350 2299 4399 71
2338 4349 2460 4400 init.
2490 4352 2735 4399 exstant.

1651 4417 1904 4484 Κροισος
1929 4413 2004 4471 δὲ
2037 4447 2109 4459 -
2142 4385 2395 4469 ἐποιέετο
2427 4413 2739 4483 στρατηΐην
