3109 5092
1343 387 1598 450 OLIO.
1647 391 1700 449 Ῐ.
1747 397 1835 453 75.

2601 391 2719 454 167

443 555 533 641 ὥς
581 561 710 650 μὲν
759 557 889 648 ἐγω
934 562 1145 648 λέγω,
1191 559 1357 630 κατὰ
1417 560 1532 642 τὰς
1575 562 1812 642 ἐούσας
1857 562 2159 652 γεφύρας
2207 570 2550 653 διεβίβασε
2601 563 2721 636 τὸν

442 663 756 753 στρατόν
815 659 906 743 ὥς
945 662 1021 734 δὲ
1056 660 1091 734 ὁ
1138 663 1383 746 πολλὸς
1425 665 1619 753 λόγος
1647 663 2017 756 Ἑλλήνων,
2068 672 2288 756 Θαλῆς
2316 672 2386 736 οἰ
2417 663 2454 736 ὁ
2489 668 2715 758 Μιλή-

443 789 583 847 σιος
614 773 983 857 διεβίβασε.
1044 764 1447 856 ἀπορέοντος
1478 766 1609 857 γὰρ
1649 777 1980 857 Κροίσου,
2026 766 2198 851 ὅκως
2233 775 2302 839 οἰ
2330 771 2716 860 διαβήσεται

442 869 562 940 τὸν
598 868 897 960 ποταμὸν
937 866 974 940 ὁ
1017 870 1295 959 στρατός
1331 870 1444 953 (οὐ
1483 871 1613 961 γὰρ
1657 871 1742 962 δὴ
1778 872 1961 942 εἷναί
1989 901 2086 943 κω
2121 879 2362 943 τοῦτον
2403 871 2520 943 τὸν
2561 874 2714 962 χρό-

442 1000 566 1044 νον
595 972 711 1055 τὰς
740 971 1043 1062 γεφύρας
1086 973 1378 1059 ταύτας),
1424 980 1683 1063 λέγεται
1725 978 2058 1063 παρεόντα
2092 974 2211 1045 τὸν
2245 981 2477 1064 Θαλῆν
2517 979 2593 1046 ἐν
2626 982 2719 1101 333

445 1080 873 1169 στρατοπέδῳ
913 1081 1181 1165 ποιῆσαι
1218 1074 1401 1172 αὐτῷ
1444 1076 1563 1148 τὸν
1604 1077 1933 1168 ποταμὸν,
1993 1081 2059 1162 ἐξ
2108 1076 2461 1168 ἀριστερῆς
2502 1107 2720 1167 χειρος

445 1183 684 1265 ῥέοντα
740 1185 861 1250 τοῦ
907 1186 1227 1269 στρατοῦ,
1285 1184 1396 1251 καὶ
1440 1185 1514 1251 ἐκ
1564 1184 1783 1271 δεξιῆς
1838 1185 2051 1271 ῥέειν·
2125 1187 2395 1270 ποιῆσαι
2442 1182 2516 1250 δὲ
2562 1172 2715 1252 ὦδε.

444 1280 719 1353 ἄνωθεν
759 1287 883 1353 τοῦ
912 1285 1368 1371 στρατοπέδου
1412 1282 1818 1373 ἀρξάμενον,
1869 1284 2168 1373 διώρυχα
2209 1287 2472 1373 βαθέην
2513 1282 2714 1373 ὀρύσ-

514 1475 656 1533 aar&
691 1474 792 1541 τὰς
833 1473 1036 1541 ἐούσας
1083 1477 1355 1551 γεφύρας]
1404 1487 1442 1538 i.
1481 1502 1530 1538 e.

445 1555 521 1605 ad
556 1569 659 1615 eos,
695 1555 782 1619 qm·
807 1570 966 1604 nunc
1012 1555 1104 1606 ibt·
1133 1562 1263 1615 sune,
1297 1564 1493 1618 pontes.

516 1620 708 1687 Θαλῆς
747 1615 808 1672 οἱ
840 1613 870 1671 ὁ
909 1615 1197 1686 Μιλήσιος
1223 1620 1529 1690 διεβίβασε]

445 1692 562 1743 scil.
588 1684 691 1742 τὸν
728 1685 984 1752 στρατόν.
1024 1694 1328 1743 Pronomen
1366 1687 1426 1743 οῖ
1461 1693 1529 1743 ad

444 1762 703 1814 Croesum
741 1761 946 1823 refer0,
993 1763 1083 1812 cui
1128 1763 1423 1813 exercitum
1461 1764 1528 1821 (s.

443 1834 600 1883 cuius
639 1831 955 1892 exercitum)
993 1830 1193 1881 Thales
1230 1836 1382 1881 trans
1419 1833 1530 1882 Ha-

441 1901 537 1967 lyn
574 1902 821 1952 duxerat.
870 1901 1157 1951 Caeterum
1199 1901 1263 1951 de
1302 1900 1532 1952 Thalete

445 1974 533 2019 Cr.
585 1970 817 2020 conferri
862 1969 981 2019 vult
1031 1970 1253 2020 Gesner.
1310 1971 1379 2021 ad
1424 1971 1531 2021 Lu-

444 2041 587 2091 cian.
628 2039 794 2104 Hipp.
832 2040 988 2089 Tom.
1020 2039 1146 2091 VII.
1168 2055 1294 2104 pag.
1320 2042 1417 2089 557
1442 2042 1528 2091 ed.

443 2110 567 2174 Bip.
613 2110 781 2170 Quem
829 2109 971 2159 enim
1018 2108 1290 2159 Milesium
1331 2110 1531 2160 Noster

445 2179 609 2240 dicit,
657 2194 778 2228 eum
822 2178 1145 2228 Phoenicem
1191 2179 1285 2228 alii
1330 2185 1531 2229 vocant

446 2264 512 2299 ea
544 2248 780 2299 forsitan
816 2264 881 2297 ex
918 2263 1118 2307 causa,
1156 2248 1300 2312 quod
1337 2248 1530 2299 Thale-

445 2323 553 2368 tem
596 2317 960 2368 Phoenicibus
1005 2318 1300 2367 maioribus
1351 2318 1531 2367 oriun-

447 2388 573 2437 dum
611 2388 726 2450 ipse
770 2386 1086 2437 Herodotus
1134 2386 1268 2437 dicit
1317 2388 1361 2445 I,
1410 2388 1527 2447 170,

444 2458 538 2508 ubi
573 2456 684 2506 vid.
724 2461 864 2507 nott.
920 2454 1148 2521 Reliqua
1194 2456 1258 2506 de
1303 2455 1533 2506 Thalete

444 2526 784 2583 testimonia,
831 2525 1057 2575 Eusebii
1116 2531 1280 2590 atque
1340 2526 1533 2576 Hiero—

446 2595 611 2661 nymi,
637 2594 845 2658 cyrilli,
878 2593 1132 2658 Syncelli,
1157 2595 1373 2657 Suidae,
1400 2596 1532 2646 Dio-

448 2665 603 2727 genis
642 2662 713 2727 (1.
765 2668 817 2725 ξ.
862 2665 929 2713 22
967 2664 1177 2729 seqq.),
1214 2666 1307 2729 qui
1347 2680 1531 2715 omnes

447 2734 719 2785 Milesium
767 2733 936 2783 fuisse
997 2732 1184 2783 dicunt
1228 2732 1530 2796 Thaletem,

448 2804 619 2854 allata
633 2803 875 2853 invenies
894 2803 1034 2867 apud
1056 2802 1293 2853 Fischer.
1317 2802 1531 2854 Griech.

448 2871 739 2924 Zeittaseln
759 2888 812 2936 p.
848 2873 936 2932 97,
965 2873 1059 2937 qui
1084 2872 1310 2923 eundem
1345 2878 1532 2922 natum

447 2948 593 2993 recte
628 2942 812 3008 posuit
856 2940 1072 3006 Olymp.
1123 2942 1353 3001 XXXV,
1393 2944 1445 2994 2.
1485 2958 1530 2992 s.

448 3012 568 3065 639.
610 3027 660 3061 a.
700 3010 825 3062 Chr.
862 3025 916 3061 n.
979 3010 1135 3073 Quod
1171 3027 1301 3062 vero
1334 3012 1534 3061 Noster

447 3082 503 3132 h.
540 3081 577 3131 1.
616 3080 796 3142 aliam,
834 3085 997 3145 atque
1042 3081 1374 3131 Graecorum
1420 3080 1533 3145 plu-

448 3152 587 3214 rimi,
624 3150 950 3201 sententiam
985 3149 1142 3200 affert
1184 3150 1343 3215 idque
1367 3150 1531 3201 etiam

449 3224 635 3286 aperte
661 3219 900 3270 affirmat
935 3209 1041 3283 (ὥς
1068 3212 1173 3283 μὲν
1207 3210 1310 3282 ἐγώ
1348 3216 1530 3283 λέγω),

451 3291 507 3341 id
538 3290 711 3355 ipsum
746 3288 891 3338 haud
930 3289 1042 3339 scio
1080 3305 1150 3339 an
1188 3288 1413 3338 multum
1440 3304 1535 3338 va-

448 3359 563 3410 leat
598 3360 666 3410 ad
703 3357 961 3408 iudicium
998 3374 1063 3409 ac
1108 3357 1268 3408 fidem
1307 3358 1534 3422 scripto-

451 3430 554 3491 ris,
616 3429 706 3495 qui
741 3427 828 3477 vel
876 3427 945 3477 ab
980 3428 1076 3488 iis,
1138 3443 1276 3492 quae
1316 3426 1535 3493 plurimi

453 3498 649 3550 Graeci
684 3497 949 3559 ferebant,
981 3497 1260 3548 discedere
1296 3514 1404 3548 non
1441 3497 1536 3546 du-

451 3568 620 3628 bitat,
666 3567 761 3617 ubi
803 3567 922 3631 ipse
978 3566 1105 3632 quid
1165 3567 1366 3617 rectius
1428 3565 1534 3615 sibi

452 3637 777 3703 cognovisse
818 3636 1123 3687 videbatur.
1190 3636 1386 3687 Moneo
1432 3635 1534 3685 hoc

452 3723 632 3757 eorum
670 3706 725 3755 in
763 3707 1019 3773 gratiam,
1070 3706 1164 3771 qui
1196 3706 1534 3756 Herodotum

452 3782 652 3827 temere
690 3776 758 3826 ab
803 3775 926 3826 aliis
973 3780 1200 3840 accepta
1243 3774 1535 3825 tradidisse

455 3846 707 3897 clament.

527 3922 596 3980 οὔ
633 3922 739 3994 γὰρ
776 3920 848 3994 δὴ
885 3919 1044 3978 εἷναί
1067 3944 1147 3978 κω
1170 3945 1220 3979 κ.
1246 3945 1293 3979 τ.
1313 3927 1535 3993 λ.]Ροιι·

455 4002 584 4051 dent
616 4000 751 4051 haec
796 3997 886 4049 vel
920 4015 954 4050 a
991 3999 1232 4063 proxime
1275 4004 1536 4064 sequente

453 4068 664 4133 λέγεται
692 4066 783 4119 vel
815 4068 1103 4120 referenda
1138 4073 1263 4119 sunt
1289 4070 1360 4119 ad
1384 4074 1539 4119 ante-

457 4138 705 4190 cedentia
749 4127 826 4195 ὥς
873 4128 903 4187 ὃ
955 4128 1164 4195 πολλὸς
1206 4129 1372 4202 λόγος
1418 4129 1540 4186 Ἑλ-

453 4200 659 4273 λήνων.

529 4283 629 4341 τὸν
663 4282 950 4356 ποταμὸν,
991 4282 1048 4353 ἐξ
1095 4280 1397 4353 ἀριστερῆς
1431 4303 1542 4354 χει-

457 4353 558 4426 ρὸς
593 4353 797 4425 δέοντα
840 4376 893 4411 κ.
942 4377 989 4410 τ.
1040 4359 1111 4427 λ.]
1162 4359 1352 4411 Croesi
1395 4375 1544 4410 exer·

459 4430 601 4483 citus
645 4431 703 4480 in
750 4428 913 4481 laeva
962 4430 1116 4482 fluvii
1154 4429 1275 4496 ripa
1314 4428 1545 4482 colloca-

1633 1491 1724 1537 tus
1766 1489 1886 1536 erat
1938 1500 2004 1535 ex
2052 1484 2320 1536 Herodoti
2368 1491 2575 1549 mente,
2628 1487 2722 1550 qui

1632 1556 1714 1606 ita
1757 1555 1974 1617 scribit,
2025 1555 2177 1604 fluvii
2221 1571 2436 1605 cursum
2483 1572 2518 1605 a
2558 1556 2720 1606 fonti-

1633 1626 1734 1676 bus
1757 1625 1882 1675 inde
1902 1639 2250 1689 persequens.
2282 1626 2361 1675 Ut
2386 1625 2555 1689 igitur
2572 1640 2719 1676 exer-

1632 1696 1774 1745 citus
1814 1695 2007 1744 dextra
2045 1697 2191 1743 esset
2225 1693 2282 1741 in
2318 1695 2438 1758 ripa
2475 1694 2720 1744 fluvium-

1633 1779 1739 1829 que
1761 1778 1901 1829 pone
1937 1778 1995 1811 se
2018 1761 2260 1823 haberet,
2296 1763 2450 1812 fluvii
2483 1779 2718 1825 cursum,

1633 1833 1785 1883 fossa
1820 1847 1985 1896 supra
2024 1831 2295 1881 exercitus
2333 1836 2516 1881 castra
2566 1830 2625 1893 (i.
2668 1847 2717 1883 e.

1635 1918 1668 1952 a
1698 1900 2001 1951 meridiana
2024 1903 2325 1951 castrorum
2345 1898 2527 1965 parte)
2556 1900 2723 1951 ducta

1634 1971 1837 2022 circum
1872 1971 1993 2034 ipsa
2039 1974 2222 2019 castra
2265 1985 2298 2019 a
2340 1974 2496 2034 parte
2541 1969 2750 2032 laeva,-

1634 2044 1714 2090 ita
1747 2041 1983 2090 mutavit
2018 2037 2245 2100 Thales,
2281 2042 2343 2088 ut
2388 2039 2482 2104 qui
2522 2044 2651 2090 ante
2685 2055 2719 2089 a

1634 2110 1825 2160 dextra
1858 2114 2044 2159 castra
2083 2109 2492 2173 praeterflueret
2525 2108 2718 2172 amnis,

1633 2195 1776 2230 nuuc
1823 2194 1857 2228 a
1893 2178 2069 2240 laeva,
2130 2178 2166 2229 i.
2229 2194 2276 2228 e.
2341 2194 2479 2242 pone
2538 2182 2722 2228 castra

1629 2247 2137 2314 praeterlaberetur.
2198 2247 2358 2297 'Hanc
2402 2249 2722 2313 interpreta—

1631 2320 1834 2369 tionem
1877 2317 2149 2382 improbat
2195 2316 2256 2367 C.
2307 2317 2372 2367 G.
2423 2317 2618 2367 Nauck
2663 2318 2720 2366 in

1631 2392 2059 2453 programmate,
2118 2387 2261 2452 quod
2317 2386 2518 2450 prodiit
2569 2386 2723 2437 Cott-

1630 2458 1774 2508 busii
1815 2456 1951 2507 1848
2001 2472 2066 2506 ac
2111 2457 2258 2521 typis
2305 2456 2592 2521 repetitum
2637 2459 2722 2507 est

1631 2528 1714 2577 in:
1772 2526 2001 2577 Jahrbb.
2059 2524 2112 2575 d.
2169 2523 2310 2575 Phil.
2365 2541 2418 2575 u.
2476 2524 2718 2590 Paedag.

1636 2595 1824 2661 Suppl.
1873 2595 2023 2645 xtv.
2075 2611 2132 2659 p.
2189 2592 2292 2644 550
2352 2609 2532 2658 seqq.,
2579 2593 2720 2644 hanc

1634 2664 1963 2715 sententiam
1996 2662 2100 2712 hoc
2136 2677 2203 2712 ex
2235 2662 2356 2712 loco
2395 2677 2618 2724 eruens,
2654 2678 2720 2712 ac

1638 2734 1687 2783 si
1737 2735 1939 2785 Noster
1986 2731 2238 2781 dixisset:
2289 2720 2319 2779 ὃ
2370 2722 2625 2793 ποταμὸς
2662 2720 2721 2779 ἐκ

1636 2798 1828 2867 δεξιῆς
1864 2795 2009 2865 ῤ’ἑων
2043 2795 2139 2849 καὶ
2176 2789 2232 2860 ἔξ
2267 2790 2565 2863 ἀριστερῆς
2609 2813 2721 2862 χει-

1639 2864 1743 2934 ρὸς
1779 2864 1890 2934 ῤ’έει
1927 2866 2032 2918 τοῦ
2065 2867 2322 2930 στρατοῦ.
2366 2868 2535 2929 Quem
2559 2867 2722 2935 plane

1635 2941 1899 2991 refutavit
1933 2940 1997 2990 R.
2033 2937 2197 2990 Klotz
2227 2939 2313 2988 in:
2351 2937 2580 2990 Jahrbb.
2614 2944 2718 2990 etc.

1634 3011 1757 3061 Vol.
1796 3009 1957 3061 LIII.
1997 3024 2047 3073 p.
2088 3007 2192 3059 22ss
2227 3022 2341 3073 seq.

1705 3102 1939 3160 ἄνωθεν
1982 3108 2084 3160 τοῦ
2137 3106 2526 3174 στρατοπέδου
2563 3125 2614 3158 κ.
2671 3125 2719 3159 τ.

1634 3179 1702 3246 λ.]
1742 3180 1892 3230 Nihil
1926 3180 1983 3229 in
2033 3180 2148 3243 his,
2201 3198 2268 3231 ne
2315 3180 2721 3229 distinctionem

1636 3250 1853 3316 quidem
1898 3250 2233 3315 singularum
2279 3265 2499 3309 vocum,
2548 3253 2722 3298 muta-

1634 3322 1828 3379 vimus,
1866 3320 1997 3384 quia
2030 3319 2303 3370 sententia
2337 3318 2499 3383 plane
2531 3318 2722 3383 opinor

1635 3390 1715 3439 sic
1753 3387 2020 3453 procedit:
2059 3389 2104 3438 A
2131 3388 2408 3451 superiore
2440 3392 2596 3450 parte
2629 3401 2723 3435 ca-

1635 3463 1867 3508 strorum
1914 3454 1974 3517 (i.
2028 3472 2074 3508 e.
2120 3456 2191 3506 ab
2240 3472 2306 3506 ea
2351 3459 2535 3520 parte,
2578 3453 2723 3503 unde

1638 3527 1832 3576 fluvius
1863 3524 2043 3583 venit)
2067 3526 2268 3589 incepit
2301 3525 2505 3573 fossam
2538 3522 2724 3573 fodere

1638 3610 1865 3658 eamque
1919 3594 2114 3644 ducere
2166 3594 2223 3642 in
2281 3592 2516 3658 speciem
2560 3590 2722 3642 lunae

1637 3663 1973 3723 dimidiatae,
2021 3669 2081 3713 ut
2124 3663 2320 3713 fluvius
2366 3676 2401 3711 a
2443 3666 2600 3725 tergo
2636 3676 2723 3711 su-

1637 3739 1806 3785 meret
1864 3736 2049 3782 castra
2095 3733 2284 3783 eodem
2332 3731 2452 3781 loco
2504 3744 2722 3780 manen·

1637 3805 1736 3865 tia,
1792 3802 1899 3852 huc
1945 3801 2156 3860 scilicet
2203 3800 2287 3866 (ut
2335 3802 2391 3850 in
2453 3799 2722 3850 exercitus

1636 3879 1792 3937 tergo
1828 3868 2002 3933 esset)
2037 3872 2093 3921 in
2130 3871 2376 3923 canalem
2413 3886 2473 3921 se
2500 3885 2723 3921 conver-

1637 3948 1758 3995 tens
1797 3957 1863 3992 ex
1896 3946 2079 3992 vetere
2117 3940 2299 4005 alveo,
2346 3944 2402 3992 et
2448 3940 2574 3992 dein
2609 3955 2723 3991 rur-

1640 4028 1734 4064 sus
1785 4011 2184 4077 praeterlapsae
2244 4015 2427 4061 castra
2477 4010 2534 4059 in
2579 4016 2725 4060 vete-

1641 4098 1755 4133 rem
1792 4081 2008 4133 alveum
2040 4078 2310 4132 influeret.
2382 4080 2551 4141 Quae,
2587 4080 2723 4144 ipsis

1641 4151 2051 4216 wyttenbachii
2086 4150 2266 4202 verbis
2313 4165 2379 4200 ex
2414 4153 2567 4214 parte
2605 4164 2726 4212 pro-

1643 4221 1776 4283 lata,
1813 4226 1926 4271 tam
1966 4220 2115 4271 clara
2148 4221 2430 4279 videntur,
2479 4222 2541 4268 ut
2575 4217 2724 4267 nulla

1644 4306 1779 4355 opus
1825 4307 1925 4341 nec
1970 4290 2335 4341 distinctionis
2395 4303 2495 4337 nec
2538 4287 2727 4337 verbo-

1645 4375 1763 4410 rum
1814 4361 2130 4410 mutatione.
2203 4389 2274 4398 —-
2337 4358 2443 4406 Pro
2541 4354 2730 4418 αθέην

1647 4429 1823 4480 Bekk.
1860 4434 1914 4479 et
1950 4427 2183 4479 Bredov.
2234 4442 2286 4491 p.
2331 4425 2449 4478 158.
2523 4421 2726 4473 αθέαν.
