3109 5092
451 332 573 395 618

1271 370 1276 379 ·
1321 335 1850 399 HERODOTI

450 512 625 597 μιῦσι
672 512 1338 599 κατατετμημένοισι,
1402 506 1838 600 ὑποχρίοντες
1869 513 1962 601 τῷ
1996 507 2236 596 κόμμι,
2285 514 2381 601 τῷ
2418 506 2502 597 δὴ
2544 504 2695 578 ἀντὶ
2717 526 2822 581 143

454 610 695 700 κόλλης
729 610 810 681 τὰ
845 611 1060 683 πολλὰ
1105 615 1428 702 χρέωνται
1467 613 1844 701 Αἰγύπτιοι.

1952 613 2281 681 ἐνθεῦτεν
2316 613 2389 681 δὲ
2428 618 2725 702 παραδε-
2752 663 2765 675 -

453 713 733 804 ξάμενοί
766 744 885 804 μιν
916 722 988 786 οἰ
1015 717 1485 807 προσήκοντες,
1525 722 1873 786 ποιεῦνται
1904 714 2178 798 ξύλινον
2200 714 2417 785 τύπον
2450 713 2723 806 ἀνθρω-

454 821 761 901 ποειδέα,
815 820 1252 908 ποιησάμενοι
1291 819 1367 890 δὲ
1404 820 1843 909 ἑσεργνύουσι
1893 815 2012 888 τὸν
2053 818 2300 907 νεκρόν
2319 841 2334 856 ·

453 929 930 1011 τακληΐσαντες
959 920 1136 992 οὕτω
1170 930 1655 1013 θησαυρίζουσι
1690 926 1765 993 ἐν
1807 921 2115 1012 οἰκήματι
2144 929 2447 1017 θηκαίῳ,
2499 922 2725 993 ἱστάν-

455 1126 575 1185 (lin.
619 1126 701 1176 17.
731 1124 823 1187 18)
854 1141 1054 1189 pannos
1080 1127 1259 1177 linceos
1293 1130 1441 1176 recte
1462 1126 1542 1176 in-

454 1199 782 1260 terpretatur
820 1195 867 1245 1.
904 1196 1103 1245 Franz.
1153 1196 1207 1244 in
1248 1195 1409 1259 Corp.
1449 1195 1540 1244 In-

454 1281 561 1314 scr.
602 1265 827 1315 Graece.
864 1265 929 1314 Τ.
953 1265 1056 1314 ῙῙῘ.
1093 1280 1146 1328 p.
1176 1264 1296 1325 338,
1336 1263 1540 1314 dissen-

455 1335 626 1383 tiente
657 1334 975 1384 Drumanno
1017 1333 1365 1395 (Untersueh.
1408 1334 1541 1384 iiber

456 1402 510 1453 d.
549 1402 759 1453 Inschr.
786 1419 837 1452 v.
871 1403 1109 1468 Rosett.)
1134 1419 1258 1468 pag.
1293 1404 1389 1452 ¹59
1423 1419 1537 1469 seq.

455 1502 525 1511 -
543 1469 865 1528 τελαμῶνας
890 1471 1024 1521 dicit
1052 1473 1255 1535 fascius
1275 1472 1538 1535 dissectas,

455 1540 599 1606 quod
622 1540 867 1591 additum
888 1537 1423 1605 κατατετμημένοισι
1454 1558 1538 1591 sa-

456 1611 529 1660 tis
588 1611 795 1675 arg-uit,
853 1614 1022 1675 atque
1070 1612 1380 1661 Pausaniae
1430 1613 1537 1661 No-

458 1684 628 1730 strum
663 1680 929 1730 imitantis
973 1695 1104 1731 usus
1143 1681 1217 1744 11,
1261 1682 1341 1733 ll.
1393 1684 1443 1743 §-
1485 1682 1535 1743 4,

457 1748 601 1814 quod
637 1749 783 1801 baud
808 1750 955 1815 fugit
980 1749 1178 1801 Siebel.
1243 1750 1384 1800 Add.
1419 1751 1538 1801 Sal-

456 1833 592 1870 mas.
630 1818 702 1869 ad
745 1819 969 1884 Vopiso.
1016 1820 1292 1871 Aurelian.
1336 1835 1391 1883 p.
1435 1822 1538 1870 422

457 1887 587 1953 (vol.
626 1888 726 1955 11).
799 1888 908 1938 Alii
944 1893 1060 1940 lora
1095 1891 1537 1954 interpretantur,

457 1958 527 2009 ad
562 1974 674 2008 rem
707 1958 852 2008 haud
890 1958 1059 2020 falso,
1098 1975 1421 2024 quamquam
1442 1974 1540 2009 vo-

457 2027 651 2079 cabulo
689 2029 865 2078 minus
898 2029 1003 2079 hac
1037 2028 1092 2078 in
1129 2045 1187 2079 re
1211 2027 1438 2079 solemni
1462 2032 1542 2077 at-

458 2112 564 2162 que
583 2097 813 2148 usitato.
870 2097 1075 2148 Videas
1109 2098 1362 2149 Creuzer.
1389 2098 1542 2148 Sum·

457 2181 599 2215 mum
636 2182 767 2216 vero
803 2166 1119 2229 artificium,
1155 2168 1298 2232 quod
1323 2169 1379 2217 in
1413 2169 1543 2218 ami·

457 2234 664 2285 ciendis
688 2234 1046 2286 cadaveribus
1084 2236 1428 2287 adhibuerint
1452 2253 1542 2288 ve-

458 2309 600 2354 teres
650 2304 937 2369 Aegyptii,
985 2305 1123 2355 satis
1168 2321 1314 2357 nuno
1357 2306 1544 2356 mumi-

457 2388 608 2424 arum
627 2372 888 2438 reliquiae
918 2374 1190 2436 indicant,
1229 2390 1365 2438 quas
1397 2374 1544 2426 baud

459 2442 650 2492 minori
674 2458 804 2494 cura
831 2442 1170 2494 illustrarunt
1206 2443 1354 2494 docti
1375 2443 1537 2497 Gaui

456 2511 644 2575 Unde,
680 2511 791 2563 alia
813 2518 876 2563 ut
900 2517 1129 2575 taceam,
1166 2518 1414 2579 apparet,
1456 2529 1543 2564 su-

457 2598 554 2648 per
599 2581 786 2633 fasciis
833 2582 1095 2648 applicita
1140 2599 1259 2634 esse
1303 2582 1542 2647 duplicia

457 2651 764 2717 tripliciave
799 2668 865 2704 ac
898 2667 1062 2718 saepe
1089 2653 1246 2718 plura
1269 2654 1432 2703 etiam
1464 2654 1542 2702 in-

457 2726 773 2787 tegumenta
809 2738 839 2772 e
884 2726 1113 2774 cotoneo
1152 2727 1424 2786 contexta,
1461 2726 1541 2773 at-

454 2807 563 2857 que
597 2792 653 2840 in
688 2791 773 2841 his
812 2792 1020 2841 demum
1039 2794 1427 2858 integumentis
1461 2793 1543 2856 pi-

457 2866 644 2911 cturas
679 2876 802 2911 esse
835 2861 1104 2911 exhibitas
1132 2863 1272 2912 varii
1307 2863 1540 2927 generis.

458 2930 542 2979 De
591 2929 785 2993 quibus
833 2946 953 2981 cnm
999 2931 1159 2994 plane
1203 2935 1387 2982 taceat
1432 2933 1542 2981 No-

457 3001 572 3046 ster
618 2998 847 3046 strictim
893 3000 1264 3050 tantummodo
1312 3016 1543 3050 summa-

458 3066 663 3131 timque
697 3081 928 3117 narrans
947 3067 1088 3117 banc
1117 3069 1440 3119 cadaverum
1461 3069 1542 3119 fa-

457 3135 587 3185 sciis
644 3135 1089 3186 involvendorum
1142 3138 1432 3201 rationem,
1483 3139 1539 3189 id

457 3207 587 3255 ante
624 3204 806 3255 omnia
841 3204 1160 3266 tenendum,
1209 3206 1360 3256 illam
1393 3207 1540 3258 haud

456 3274 698 3325 caruisse
730 3275 989 3325 interiore
1013 3276 1244 3341 quadam
1275 3281 1440 3342 atque
1461 3277 1541 3326 in-

456 3344 698 3409 signiore
732 3344 1159 3410 significatione,
1197 3350 1254 3395 et
1285 3346 1541 3411 Aegypti·

457 3429 608 3465 orum
644 3430 765 3466 cum
788 3415 1061 3478 mysteriis
1083 3416 1425 3466 coniunctam
1459 3416 1539 3466 fu-

455 3485 593 3544 isse3
632 3484 700 3535 de
736 3484 929 3549 quibus
965 3500 1085 3536 cum
1124 3484 1397 3536 silentium
1435 3487 1539 3536 sibi

453 3554 775 3619 imposuerit
801 3555 1020 3617 Noster,
1046 3571 1154 3605 nou
1182 3556 1390 3617 mirum,
1421 3572 1538 3606 eum

455 3628 569 3673 tam
607 3625 840 3675 strictim
876 3629 932 3674 et
976 3625 1086 3674 levi
1122 3625 1278 3690 quasi
1315 3625 1537 3676 brachio

454 3692 590 3742 haec
628 3694 900 3759 attigisse.
970 3694 1097 3744 vid.
1139 3693 1465 3745 Creuzerum
1498 3694 1536 3743 l.

453 3762 492 3811 l.
534 3761 718 3827 ibique
758 3762 997 3813 Iomard.
1038 3763 1251 3824 (Descr.
1290 3764 1357 3814 de
1390 3763 1535 3825 l'Eoe.

454 3829 784 3894 Antiqq.11.
822 3835 957 3883 sect.
991 3833 1062 3883 X.
1098 3835 1148 3896 S.
1181 3831 1232 3882 8.
1271 3848 1397 3897 pag.
1433 3831 1537 3884 338

454 3913 570 3962 seq.
627 3899 824 3963 Royer.
859 3901 994 3954 ibid.
1016 3902 1086 3952 X.
1121 3918 1176 3965 p.
1212 3901 1367 3966 210);
1407 3902 1535 3951 add.

454 3966 732 4018 Minutoli·
771 3968 1087 4035 Nachtrkige
1122 3975 1228 4021 etc.
1267 3986 1394 4036 pag.
1405 3956 1538 4022 ‘200

453 4052 512 4086 se
550 4050 606 4098 q.

562 4099 898 4165 ποχρίοντες
933 4100 1012 4168 τῷ
1048 4094 1241 4167 κόμμι]
1298 4102 1416 4153 seil.
1456 4118 1538 4152 τε-

453 4167 745 4236 λαμωνας,
783 4171 866 4220 ita
899 4174 962 4220 ut
989 4172 1191 4248 fasciae
1231 4172 1539 4237 intelligan-

458 4246 548 4291 tur
568 4240 749 4304 gummi
766 4239 993 4289 sublime.
1045 4230 1218 4302 κόμμι
1237 4242 1356 4291 sive
1389 4257 1538 4306 gum-

453 4309 529 4359 mi
564 4308 854 4358 Arabicum
901 4323 968 4357 ex
1013 4307 1172 4372 spina
1204 4324 1432 4359 manans
1469 4311 1537 4361 si-

452 4375 804 4430 millimaloto
822 4375 1137 4443 Cyrenaeas
1152 4382 1416 4432 memorat
1429 4380 1535 4430 No-

1644 1129 1757 1175 ster
1792 1124 1870 1185 11,
1907 1123 1993 1175 96.
2055 1124 2283 1190 Capitur
2318 1125 2510 1175 humor
2528 1126 2635 1176 iste
2663 1142 2731 1176 ex

1644 1195 1800 1258 spina
1844 1193 2114 1258 Aegyptia
2154 1195 2269 1244 sive
2306 1196 2525 1258 acacia,
2568 1211 2729 1260 quam

1643 1264 1857 1329 plurimi
1902 1264 2218 1314 existimant
2261 1266 2507 1315 mimoeam
2551 1265 2729 1315 Niloti-

1641 1349 1751 1382 cam
1785 1333 2045 1393 Linnaei,
2094 1334 2352 1399 guttatim
2398 1334 2526 1384 inde
2563 1333 2729 1384 deflu-

1645 1419 1758 1453 ens.
1824 1406 2002 1468 Atque
2022 1402 2182 1452 fidem
2201 1402 2470 1454 Herodoti
2489 1403 2578 1453 hic
2596 1419 2729 1468 quo-

1643 1488 1746 1537 que
1785 1476 2009 1523 tuentur
2026 1472 2397 1536 experimenta
2430 1474 2487 1522 in
2511 1473 2727 1525 mumiis

1642 1542 1915 1605 institute,
1939 1557 2078 1608 quae
2098 1543 2334 1593 resinam
2370 1542 2730 1593 exhibuerunt

1644 1612 2001 1674 tenaciorem,
2072 1612 2220 1676 ignis
2281 1613 2486 1662 admoti
2547 1613 2603 1661 vi
2658 1629 2729 1664 ex
2808 1648 2813 1653 -

1643 1682 1963 1731 mumiarum
1988 1681 2284 1732 involucris
2311 1681 2723 1734 redundantem.

1643 1751 1810 1801 Plura
1853 1750 2154 1802 Creuzerus
2194 1749 2234 1801 l.
2280 1751 2316 1801 l.
2391 1751 2647 1802 Munitoli
2678 1752 2721 1804 l.

1641 1820 1987 1900 l.pag.196
2033 1835 2148 1885 seq.
2195 1836 2261 1871 eo
2305 1820 2523 1886 quidem
2566 1821 2720 1871 ineli-

1642 1894 1771 1949 nat,
1808 1894 1872 1939 ut
1905 1881 2078 1953 κόμμι
2113 1890 2388 1941 existimet
2422 1905 2545 1941 esse
2575 1906 2729 1956 gum-

1643 1976 1717 2009 mi
1734 1959 2053 2021 Arabicum
2092 1958 2237 2024 quod
2268 1961 2327 2011 iu
2345 1960 2597 2025 Aegypto
2621 1965 2728 2011 ter-

1641 2029 1822 2094 risque
1882 2029 2258 2080 adiacentibus
2302 2030 2536 2109 copiose
2579 2031 2729 2093 capi-

1642 2102 1786 2149 atur.
1860 2097 1968 2148 Sed
2005 2098 2230 2149 Iohnius
2249 2089 2420 2160 κόμμι
2444 2099 2513 2149 ab
2537 2100 2727 2150 Aethi-

1645 2168 1838 2232 opibus
1874 2168 1983 2218 dici
2025 2172 2185 2232 putat
2241 2168 2498 2218 lacrimas
2551 2169 2728 2220 Tanae

1644 2236 1918 2298 Sar-colae,
1972 2238 2054 2288 ita
2112 2242 2176 2287 ut
2218 2237 2368 2287 illam
2422 2239 2727 2302 materiam,

1645 2322 1785 2372 quae
1836 2322 1981 2356 nunc
2013 2305 2313 2357 Sara-ocella
2355 2305 2521 2373 vulgo
2565 2324 2728 2358 voea-

1644 2381 1760 2437 tur,
1809 2376 2087 2426 commode
2131 2375 2392 2427 adbibere
2428 2378 2727 2442 potuerint.

1643 2447 1895 2496 Formam
1931 2445 2105 2495 dativi
2142 2442 2222 2504 τῷ
2252 2438 2426 2508 κόμμι
2466 2446 2576 2496 noli
2614 2462 2728 2498 mu-

1643 2520 1789 2576 tare,
1838 2514 1969 2564 licet
2013 2514 2254 2566 Anecdd.
2301 2514 2537 2567 Bekker.
2581 2518 2629 2567 1.
2667 2533 2723 2581 p.

1648 2576 2131 2648 104,1·κόμμιδι
2166 2575 2202 2646 ἡ
2242 2579 2460 2649 δοτική·
2486 2575 2727 2648 Ηρόδο-

1641 2669 1740 2710 τος
1762 2649 2031 2718 δευτέρω·
2053 2653 2197 2717 quod
2218 2653 2584 2705 Herodoteum
2606 2671 2729 2707 esse

1645 2723 1840 2774 merito
1876 2727 2048 2788 negat
2082 2722 2316 2773 Bredov.
2354 2740 2407 2788 p.
2445 2725 2566 2788 268,
2604 2741 2728 2776 cum

1645 2792 1973 2857 posteriores
2005 2792 2296 2872 scriptores
2316 2793 2565 2845 flexerint
2590 2788 2728 2854 κόμ-

1644 2859 1813 2926 μιδος
1861 2865 1917 2911 et
1966 2853 2241 2926 κόμμεως.
2280 2893 2348 2902 -
2383 2864 2512 2913 Mox
2554 2856 2727 2928 κόλλῃ

1642 2935 1727 2982 est
1757 2933 1947 2995 yluten.

1712 2998 2013 3049 ποιεῦνται
2031 2990 2266 3059 ξύλινον
2286 2990 2473 3049 τύπον
2493 2991 2725 3062 ανθρω-

1643 3064 1900 3135 ποειὸἑα]
1937 3070 1977 3119 i.
2024 3084 2073 3119 e.
2120 3082 2330 3133 capsam
2371 3072 2728 3126 conficiendam

1643 3145 1829 3189 curant
1859 3138 2064 3188 hominis
2080 3141 2268 3201 figura.
2342 3139 2451 3189 Ubi
2493 3141 2729 3191 observa

1640 3224 1799 3258 usum
1835 3208 1999 3258 medii
2033 3207 2187 3258 verbi
2210 3207 2527 3287 ποιεισθαι,
2567 3225 2728 3290 quem

1642 3279 1928 3342 attigimus
1965 3291 2130 3341 supra
2165 3277 2211 3337 1,
2250 3275 2337 3326 31.
2408 3269 2595 3326 τύπον
2626 3271 2727 3328 ἆν-

1642 3342 2008 3409 &omunstat-'a
2042 3344 2311 3396 intellexit
2338 3361 2542 3409 capsam
2564 3363 2608 3397 s.
2639 3366 2729 3398 m·-

1642 3433 1751 3466 cam
1773 3416 1847 3465 ad
1858 3415 2064 3465 hominis
2078 3417 2293 3479 fimi-ram
2321 3416 2553 3478 effictam,
2580 3434 2729 3481 ptor-

1643 3502 1737 3536 sus
1781 3488 1844 3534 ut
1884 3484 2027 3548 apud
2064 3484 2290 3535 Diodor.
2329 3485 2375 3545 1,
2413 3486 2500 3537 21.
2540 3487 2635 3550 IV,
2670 3488 2725 3539 6.

1643 3556 1821 3621 Atque
1879 3552 2153 3619 singulare
2218 3555 2493 3605 fabrorum
2553 3572 2727 3621 genus

1642 3625 1815 3675 fuisse
1849 3623 2098 3683 videtur,
2148 3625 2242 3688 qui
2290 3624 2600 3675 istiusmodi
2638 3642 2728 3677 ca-

1639 3709 1770 3759 psas
1812 3693 2087 3754 facerent,
2123 3697 2180 3743 et
2212 3692 2432 3758 quidem
2469 3710 2533 3744 ex
2570 3710 2729 3760 syco-

1640 3763 1778 3813 mori
1817 3762 1987 3827 (quae
2022 3761 2184 3812 arbor
2216 3767 2304 3812 est
2328 3765 2460 3824 fieus
2481 3768 2731 3829 syc-onnon·

1640 3831 1897 3893 Linnaei,
1935 3831 2070 3880 Isidi
2102 3831 2283 3896 sacra)
2319 3831 2492 3897 ligno.
2562 3833 2729 3885 Plura

1643 3900 1962 3950 Creuzerus.

1703 3959 2079 4049 ἔσεργνυουσι
2112 3958 2215 4016 τὸν
2252 3958 2479 4032 νεκρόν]
2516 3965 2635 4017 scil.
2671 3958 2729 4025 ἐς

1643 4030 1882 4097 ξύλινον
1896 4029 2083 4086 τύπον
2107 4051 2152 4085 s.
2183 4037 2239 4085 in
2269 4051 2451 4086 arcam
2471 4035 2726 4102 ligneam.

1713 4102 2126 4167 θησαυρίζουσι
2186 4095 2248 4154 ἔν
2299 4097 2566 4168 οἰκήματι
2616 4103 2730 4169 θη

1642 4171 1813 4239 ualui]
1849 4175 1887 4223 i.
1925 4190 1972 4224 e.
2013 4172 2307 4238 (inclusum
2348 4173 2606 4239 cadaver)
2642 4190 2727 4224 re-

1635 4245 1894 4304 ponuntiu
1919 4244 2199 4293 conditorio
2214 4245 2504 4306 sepulcrali,
2544 4251 2730 4293 rectmn

1636 4318 1916 4362 “amentes
1960 4314 2034 4361 ad
2066 4313 2332 4374 parietem.
2403 4312 2729 4376 Elegantem

1638 4394 1797 4431 usum
1856 4380 2009 4431 verbi
2069 4378 2442 4445 θησαυρίζειν
2505 4381 2730 4447 exponit

2440 820 2552 888 καὶ
2604 847 2725 888 κα-
2818 912 2837 921 ·
