3109 5092
1127 287 1624 349 EUTERPE.
1678 289 1763 348 ΙΙ.
1811 294 1897 350 77.

2533 292 2659 354 599

382 456 446 528 δ’
473 463 564 529 -ἐκ
599 460 901 550 κριθέων
940 465 1370 555 πεποιημένῳ
1413 465 1853 552 διαχρέωνται
1875 485 1888 498 ·
1945 460 2029 534 οὐ
2074 464 2201 553 γάρ
2243 474 2375 553 σφί
2410 475 2540 540 εἰσι
2580 474 2656 541 ἐν

381 569 462 652 τῇ
481 562 678 676 χαίρῃ
719 562 1024 652 Hasce-Zet:
1091 565 1358 653 ’ἰχθύων
1394 565 1470 635 δὲ
1497 564 1655 646 τούς
1683 567 1810 655 μὲν
1851 564 2018 656 πρὸς
2052 563 2243 656 ἥλιον
2282 567 2655 660 αὐήναντες

455 727 593 797 οἴνῳ
632 721 686 778 δ’
726 721 785 780 ἐκ
821 730 1075 795 κριθέων
1105 730 1467 800 πεποιημένῳ

381 781 776 867 διαχρέωνται]
811 802 966 852 Haec
1001 818 1214 867 quoque
1245 819 1327 858 ex
1358 803 1468 853 He-

383 875 574 920 cataeo
609 868 826 922 Milesio
862 870 978 936 (qui
1010 877 1151 922 teste
1185 873 1465 923 Athenaeo

382 939 417 991 l.
467 938 506 990 L
550 941 848 1004 Aegyptios
897 941 1103 991 hordea
1155 943 1227 991 ad
1279 947 1466 1007 potum

382 1010 635 1073 frangere
696 1011 1094 1076 enarraverat)
1151 1011 1469 1078 deprompta

383 1085 506 1129 esse
539 1078 712 1128 videri
745 1084 991 1143 possunt.
1049 1081 1207 1145 Apud
1229 1082 1466 1144 Aeschy-

381 1150 490 1198 lum
528 1147 716 1213 Suppl.
756 1147 861 1202 990
897 1150 1176 1202 invenitur
1218 1149 1371 1214 μέθυ
1409 1143 1466 1200 ἐκ

382 1214 629 1280 κριθων.
703 1217 811 1268 Sed
861 1220 1035 1283 magis
1078 1219 1184 1270 huc
1229 1221 1470 1285 pertinet

380 1286 609 1338 Diodori
641 1284 793 1336 locus
833 1290 877 1351 I,
923 1290 992 1339 20
1023 1294 1077 1338 et
1116 1288 1184 1339 34
1223 1289 1335 1351 fin„
1374 1290 1468 1339 ubi

382 1354 571 1406 haecl
720 1360 834 1407 tur.
881 1327 1356 1417 κατασκευάζουσι
1403 1351 1466 1408 δὲ

382 1421 478 1478 καὶ
505 1415 564 1474 ἐκ
592 1440 706 1474 των
724 1424 949 1505 κριθῶν
968 1419 1266 1505 Αἰγύπτιοι
1292 1419 1466 1504 πόμα,

380 1486 717 1580 lstndpsvpv
758 1486 828 1543 οὐ
864 1488 1012 1544 πολὺ
1063 1494 1162 1560 τῆς
1196 1492 1326 1557 περὶ
1363 1487 1466 1546 τὸν

381 1557 547 1614 οἶνον
594 1555 855 1624 εὐωδιᾞας
916 1553 950 1613 ὃ
989 1563 1224 1614 καλοῦσι
1266 1564 1464 1624 ζυθος.

380 1633 521 1685 Add.
557 1632 738 1683 Strab.
771 1633 950 1684 XVII.
988 1650 1039 1699 p.
1079 1633 1215 1685 1179
1249 1634 1309 1684 C.
1350 1635 1466 1684 sive

380 1721 436 1768 p.
473 1703 573 1753 821
616 1707 670 1752 et
710 1718 849 1767 quae
897 1704 1008 1754 alia
1056 1703 1215 1754 affert
1252 1705 1321 1753 W
1325 1720 1466 1753 esse-

380 1773 515 1836 ling.
542 1772 612 1821 ad
637 1772 866 1822 Diodori
895 1771 1089 1823 locum.
1145 1775 1465 1838 „Aegyptus

382 1856 594 1908 quoque
640 1857 668 1889 e
706 1841 862 1906 fruge
911 1842 1013 1892 sibi
1051 1848 1213 1906 potus
1260 1842 1463 1892 similes

383 1910 775 1974 excogitavit“,
813 1912 893 1960 ait
916 1910 1125 1961 Plinius
1156 1912 1303 1961 Hist.
1333 1913 1462 1962 Nat.

377 1980 531 2039 XIV,
567 1978 635 2028 29
672 1979 795 2030 coll.
831 1981 1010 2042 XXII,
1048 1982 1134 2032 82.
1197 1980 1466 2031 Admonet

382 2050 474 2100 Cr.
519 2048 685 2099 Iesai.
708 2048 858 2110 XIX,
885 2050 967 2111 10,
999 2051 1094 2099 ubi
1131 2050 1350 2100 fuerunt
1374 2050 1466 2115 qui

380 2117 607 2169 eundem
642 2123 916 2169 cerevisiae
955 2120 1032 2184 (si
1078 2120 1157 2168 ita
1195 2117 1344 2183 loqui
1379 2121 1465 2169 fas

380 2188 484 2254 est)
514 2190 698 2251 potum
737 2187 1122 2253 intelligerent,
1157 2190 1348 2238 merito
1386 2205 1465 2238 re-

380 2257 646 2322 probante
686 2257 919 2307 Gesenio
946 2258 1294 2318 (Commentt.
1332 2274 1461 2323 pag.

381 2326 527 2391 615),
583 2326 678 2390 qui
721 2326 838 2389 ipse
883 2328 1281 2376 Hartmannum
1326 2329 1464 2378 citat

379 2394 832 2464 in:·Erdbeschr.
864 2412 971 2444 von
1008 2398 1244 2461 Aegypt.
1277 2413 1331 2461 p.
1365 2398 1464 2447 177

380 2465 672 2517 etiamnum
708 2465 1006 2515 cerevisiae
1057 2466 1328 2531 quoddam
1377 2482 1467 2531 ge-

379 2550 482 2585 nus
532 2549 598 2583 ex
657 2533 833 2598 spelta
875 2537 933 2583 in
987 2535 1237 2599 Aegypto
1283 2536 1465 2598 parari

379 2604 682 2654 docentem.
764 2605 838 2653 Et
890 2605 1265 2668 pervulgatum
1321 2604 1466 2669 apud

380 2672 519 2723 alias
558 2677 747 2736 gentes
785 2673 1130 2737 antiquitatis
1153 2673 1299 2722 haud
1335 2688 1466 2737 pau-

381 2758 474 2793 cas
534 2740 636 2791 hoc
683 2742 920 2805 potionis
971 2757 1167 2807 genus3
1203 2741 1288 2791 ‘de
1338 2757 1465 2806 quo,

379 2815 634 2861 monente
668 2810 856 2861 eodem
894 2811 1000 2873 Cr„
1038 2812 1271 2874 plurima
1304 2810 1463 2860 colle-

379 2883 462 2947 git
497 2880 866 2944 Lindenbrog.
905 2881 975 2930 ad
1009 2881 1279 2931 Ammian.
1319 2881 1463 2930 Mar-

379 2948 502 3000 cell.
538 2949 738 3011 XXVI,
773 2950 825 3001 8.
858 2949 907 3011 ξ.
953 2952 1001 3000 2.
1036 2967 1089 3015 p.
1132 2949 1231 3000 158
1268 2965 1381 3014 seq.
1417 2947 1465 2998 t.

377 3020 465 3071 111
511 3017 596 3068 ed.
643 3019 844 3084 Wagn.
893 3018 1016 3070 coll.
1067 3019 1191 3070 Chr.
1234 3020 1460 3070 Gruner.

377 3090 450 3139 ad
484 3085 756 3138 zosimum
784 3088 1052 3154 Panopol.
1092 3089 1158 3138 de
1180 3089 1464 3153 zythorum

377 3159 723 3209 confectione
757 3173 812 3221 p.
851 3157 938 3208 30.
1011 3158 1154 3209 Add.
1201 3160 1463 3222 interpre-

377 3232 461 3278 tes
494 3226 579 3276 ad
614 3227 799 3277 Taciti
833 3227 1086 3278 German.
1134 3227 1200 3278 23
1235 3233 1291 3278 et
1326 3242 1464 3292 quae

376 3296 609 3362 plurima
633 3294 823 3346 attulit
835 3295 1011 3360 Pauly
1033 3314 1045 3345 ι
1081 3295 1462 3361 Realenoyclo·

378 3366 537 3431 paed.
576 3366 653 3414 11.
690 3380 818 3428 pag.
858 3365 962 3416 276
997 3381 1110 3430 seq.
1150 3383 1196 3416 ε.
1234 3383 1287 3417 v.
1320 3382 1463 3416 cere-

376 3435 538 3484 visia.
624 3436 710 3484 Ex
763 3434 1125 3485 Burckhardt.
1181 3436 1460 3485 itinerario

378 3507 563 3555 monet
598 3503 646 3553 Ι.
690 3502 757 3552 de
797 3503 1072 3555 Hammer.
1126 3502 1202 3568 (in
1239 3505 1459 3554 Annall.

376 3571 701 3623 Viennenss.
740 3572 848 3622 vol.
879 3573 1046 3624 XLV.
1083 3589 1210 3639 pag.
1246 3573 1334 3638 67)
1368 3573 1461 3622 1ιο-

378 3642 884 3708 ἁὶοιτῃιοᾼεςγρῐίοε
906 3643 1008 3693 tali
1017 3644 1298 3704 fermento,
1314 3642 1458 3706 quod

376 3714 522 3763 Busa
551 3711 772 3776 (Booza)
796 3712 1087 3775 appellent,
1115 3713 1346 3762 maxime
1373 3711 1460 3760 de-

377 3782 600 3842 lectari,
658 3782 909 3845 quamvis
953 3786 1143 3831 nostra
1191 3781 1462 3831 cerevisia

376 3850 539 3917 longe
574 3849 800 3900 inferius
818 3850 874 3899 id
893 3848 989 3912 sit,
1025 3850 1201 3900 iudice
1231 3850 1460 3898 wilkin-

381 3936 496 3972 son.
536 3921 794 3969 Manners
833 3924 940 3970 etc.
986 3919 1061 3970 11.
1108 3935 1161 3984 p.
1207 3920 1299 3969 171
1343 3934 1456 3982 seq.

378 3989 518 4040 Add.
546 3989 723 4038 Lane:
755 3989 1006 4039 Account
1019 3988 1080 4038 of
1096 3988 1190 4037 the
1211 4003 1460 4037 manners

380 4055 488 4109 and
524 4061 760 4108 customs
798 4058 860 4108 of
891 4058 978 4107 the
1001 4057 1224 4106 modern
1254 4058 1456 4120 Egypt.

377 4129 426 4179 1.
464 4144 519 4192 p.
558 4127 672 4178 112
689 4132 743 4176 et
766 4127 1020 4188 Literary
1043 4124 1275 4176 Gazette
1308 4125 1461 4176 1837.

479 4193 600 4248 545.
686 4197 836 4246 Idem
889 4193 1204 4246 Wilkinson
1260 4194 1466 4259 (Topo-

379 4265 588 4333 graphy
634 4267 695 4316 of
737 4266 954 4315 Thebes
990 4281 1044 4329 p.
1091 4261 1222 4326 204)
1259 4263 1463 4314 cerevi-

379 4338 516 4386 siam
553 4333 682 4385 olim
720 4335 789 4384 ad
827 4331 977 4400 vulgi
1013 4350 1170 4384 usum
1214 4339 1464 4398 paratam

1571 749 1692 784 esse
1728 737 1915 799 putat,
1963 733 2091 783 vino
2139 735 2375 788 ditiores.
2409 737 2652 792 homines

1568 818 1697 855 usos
1730 804 1921 855 videri.

1641 888 1710 922 ου
1746 866 1850 937 γάρ
1889 871 1999 935 σφί
2026 868 2135 922 εἰσι
2175 863 2239 924 ἐν
2260 871 2331 939 τῇ
2361 867 2517 942 χαίρῃ
2554 894 2654 943 αμ-

1570 941 1750 1008 πελοι]
1770 944 1854 992 De
1875 945 2193 1006 argumento
2224 943 2368 995 conf.
2406 951 2545 996 nott.
2582 948 2651 998 ad

1571 1012 1646 1073 11,
1685 1013 1769 1062 37.
1846 1013 2003 1072 Quod
2027 1028 2155 1062 vero
2175 1012 2488 1065 Herodotus
2512 1017 2653 1067 vites

1568 1095 1666 1145 per
1700 1082 2008 1145 Aegyptum
2043 1096 2162 1131 esse
2196 1088 2392 1148 negat,
2440 1091 2656 1137 contra-

1571 1152 1707 1200 rium
1764 1157 2015 1200 asserunt
2058 1152 2255 1201 Strabo
2302 1152 2476 1204 XVII.
2523 1171 2652 1221 pag.

1573 1219 1675 1268 799
1718 1220 1778 1269 C.
1819 1236 1866 1269 s.
1902 1236 2029 1285 pag.
2076 1221 2206 1270 1150
2243 1221 2651 1286 C.Diodor.1,

1570 1289 1655 1350 36,
1694 1289 1788 1338 alu
1807 1291 2172 1340 Romanorum
2207 1291 2520 1354 scriptores,
2559 1296 2652 1359 qui

1571 1359 1722 1407 varia
1759 1358 1894 1407 adeo
1928 1360 2041 1408 vini
2077 1371 2278 1423 genera
2311 1360 2367 1408 in
2402 1361 2651 1428 Aegypto

1569 1433 1872 1477 recensent.
1926 1429 2071 1490 Quin
2092 1429 2226 1492 ipsis
2258 1429 2314 1478 in
2340 1445 2653 1482 monumen-

1570 1499 1651 1546 tis
1704 1497 1990 1561 Aegyptiis
2048 1501 2103 1549 et
2156 1499 2297 1547 vites
2350 1499 2653 1552 invenimus

1571 1571 2008 1630 repraesentatas
2057 1571 2113 1617 et
2159 1581 2323 1629 uvas,
2380 1584 2408 1617 e
2458 1572 2654 1633 quibus

1569 1637 1754 1684 vinum
1792 1640 2030 1714 paratur.
2105 1637 2260 1685 Conf.
2292 1637 2507 1692 Costaz.
2544 1641 2652 1689 De-

1569 1706 1758 1769 script.
1799 1705 1864 1754 de
1897 1695 2038 1770 l'Eg.
2058 1704 2236 1755 mem.
2275 1706 2551 1773 (Antiqq.)
2599 1710 2647 1760 1.

1569 1791 1621 1837 p.
1658 1774 1743 1823 61.
1784 1775 1852 1825 62
1888 1780 1943 1823 et
1979 1789 2120 1839 quae
2156 1774 2226 1824 ad
2274 1775 2451 1824 locum
2487 1792 2655 1842 supra

1566 1843 1848 1893 laudatum
1896 1844 1971 1904 II,
2020 1845 2087 1894 37
2146 1844 2447 1894 attulimus.
2530 1846 2652 1896 Hoc

1567 1913 1707 1962 enim
1758 1912 1906 1973 1000,
1966 1912 2203 1976 itemque
2249 1913 2326 1974 ΙΙ,
2376 1915 2494 1964 121.
2553 1917 2655 1968 133

1569 1983 1684 2045 ipse
1722 1981 2032 2031 Herodotus
2067 1981 2248 2031 vinum
2273 1999 2336 2031 ex
2363 1985 2486 2032 uvis
2523 2000 2651 2034 con-

1570 2052 1797 2113 sectum,
1853 2051 1996 2114 quod
2032 2055 2180 2100 certo
2216 2050 2436 2102 modulo
2475 2069 2654 2103 sacer-

1568 2120 1786 2169 dotibus
1838 2121 2180 2181 exhibeatur,
2232 2121 2403 2171 novit.
2493 2123 2650 2175 Conf.

1567 2191 1800 2239 Heeren.
1830 2190 1998 2239 Ideen
2033 2189 2108 2251 ΙΙ,
2145 2191 2195 2239 2.
2230 2204 2360 2255 pag.
2387 2189 2510 2253 362,
2546 2193 2649 2242 Mi-

1567 2258 1766 2308 nutoli:
1795 2259 2107 2324 Nachtriige
2128 2263 2232 2308 etc.
2255 2276 2307 2323 p.
2336 2261 2458 2311 242.
2497 2262 2652 2323 Quae

1565 2329 1645 2377 ita
1669 2328 1951 2377 conciliari
1980 2345 2142 2392 posse
2170 2329 2366 2378 statuit
2390 2328 2653 2379 Schlicht-

1568 2398 1737 2447 horst.
1781 2396 1819 2447 l.
1879 2396 1914 2447 l.
1966 2413 2092 2460 pag.
2144 2398 2271 2459 115,
2329 2403 2392 2447 ut
2437 2398 2649 2449 demum

1566 2472 1691 2531 post
1708 2466 1976 2515 Herodoti
2011 2471 2245 2516 aetatem
2268 2468 2406 2516 vites
2430 2483 2523 2531 per
2547 2469 2650 2518 Ae-

1565 2535 1721 2600 gypti
1756 2535 2006 2597 regiones
2042 2533 2147 2584 coli
2184 2535 2384 2585 fuerint
2405 2541 2646 2600 coeptae.

1565 2604 1699 2653 Cum
1739 2619 1867 2652 vero
1916 2608 2119 2653 certum
2157 2604 2256 2663 sit,
2299 2609 2512 2655 veteres
2548 2606 2649 2655 Ae-

1566 2673 1786 2738 gyptios
1811 2688 1911 2721 nec
1948 2673 2090 2721 vites
2118 2673 2400 2736 ignorasse
2433 2688 2533 2722 nec
2568 2675 2663 2734 vi<

1566 2758 1693 2791 num
1714 2757 1780 2790 ex
1813 2741 1935 2789 uvis
1968 2746 2217 2805 paratum
2244 2742 2344 2806 (ef.
2372 2743 2648 2793 Letronne

1566 2811 1648 2860 in:
1705 2809 1935 2862 Journal
1977 2810 2028 2860 d.
2077 2811 2206 2860 Sav,
2256 2811 2409 2862 1836.
2449 2827 2504 2876 p.
2545 2813 2648 2863 240

1563 2878 1709 2945 seq.)
1758 2879 2037 2944 ipsiusque
2082 2880 2195 2929 vini
2240 2880 2395 2944 plura
2446 2896 2649 2945 genera

1566 2951 1622 2999 in
1669 2948 2091 3013 hieroglyphieis
2136 2950 2281 2999 notis
2330 2966 2649 3000 commemo-

1564 3020 1699 3082 rari,
1740 3018 1833 3067 ubi
1857 3018 2042 3068 vinum
2073 3034 2268 3069 sonare
2302 3020 2517 3070 videtur
2532 3019 2647 3083 Erp

1566 3087 1663 3152 (cf.
1706 3088 1943 3152 Parthey
1980 3090 2049 3139 ad
2082 3088 2363 3140 Plutarch.
2415 3089 2481 3140 de
2511 3089 2644 3139 Isid.

1565 3164 1620 3208 et
1641 3158 1842 3208 Osirid.
1870 3174 1923 3222 p.
1962 3155 2060 3209 163
2090 3173 2206 3222 seq.
2212 3155 2252 3219 ),
2288 3158 2470 3208 malim
2502 3159 2650 3223 equi-

1567 3229 1685 3277 dem
1724 3232 1991 3288 statuere,
2036 3227 2405 3289 Herodotum,
2442 3228 2535 3277 ubi
2572 3228 2649 3275 vi·

1565 3303 1649 3347 tes
1684 3298 1739 3345 in
1775 3297 2025 3361 Aegypto
2046 3297 2209 3378 gigni
2251 3302 2443 3360 negat,
2480 3296 2661 3364 potis-0

1566 3367 1758 3416 simum
1795 3367 2089 3429 superioris
2123 3366 2363 3429 Aegypti
2398 3366 2646 3427 regiones

1564 3436 1681 3483 sive
1708 3426 1812 3496 τὴν
1846 3431 2223 3496 σπειρομένην
2244 3431 2549 3495 Αἴγυπτον,
2586 3436 2649 3480 ut

1563 3504 1721 3553 initio
1738 3503 1899 3552 huius
1919 3502 2115 3565 capitis
2140 3500 2295 3562 dixit,
2322 3500 2643 3564 respexisse,

1562 3588 1663 3622 nec
1698 3586 1830 3621 sane
1856 3571 2039 3635 magni
2069 3538 2327 3619 momenti
2351 3574 2482 3618 tunc
2516 3573 2649 3617 tem-

1564 3641 1710 3706 poris
1750 3640 1803 3689 in
1839 3641 2089 3704 Aegypto
2126 3638 2296 3687 fuisse
2319 3638 2511 3688 vitium
2539 3637 2649 3687 cul·

1563 3715 1766 3770 turam,
1829 3724 1969 3773 quae
2019 3712 2145 3772 post
2197 3706 2408 3756 demum
2466 3707 2649 3757 Ptole·

1561 3792 1835 3830 maeorum
1870 3782 2035 3841 atque
2067 3778 2431 3826 Romanorum
2467 3781 2648 3827 aetate

1559 3851 1892 3898 incrementa
1912 3846 2132 3910 ceperit.
2181 3845 2339 3895 Conf.
2366 3844 2647 3896 Iablonsk.

1562 3918 1695 3968 diss.
1729 3916 1797 3965 de
1829 3921 1978 3965 terra
2007 3915 2188 3965 Gosen
2222 3931 2349 3980 pag.
2381 3915 2448 3965 28
2466 3919 2521 3964 et
2546 3913 2647 3964 Mi-

1565 3985 1741 4037 nutoli
1774 3985 1813 4034 l.
1840 3983 1898 4045 1.,
1928 3983 2239 4034 Maltebrun
2271 3984 2327 4034 in
2363 3982 2646 4049 Melanges

1567 4055 1765 4116 (Paris.
1808 4051 1971 4117 1828)
2008 4058 2050 4104 t.
2088 4053 2134 4102 1.
2172 4069 2298 4118 pag.
2337 4052 2435 4104 431
2472 4069 2644 4118 seqq„

1565 4123 1801 4176 Bohlen:
1834 4124 1953 4173 Das
1990 4122 2100 4174 alte
2124 4122 2317 4172 Indien
2352 4124 2398 4174 Ι.
2436 4140 2491 4187 p.
2524 4122 2643 4171 144.

1565 4196 1764 4244 Exstat
1813 4193 2036 4257 scriptio
2094 4190 2452 4255 scholastica,
2510 4206 2645 4257 quae

1566 4263 1769 4328 prodiit
1790 4261 2112 4330 Altenburg.
2139 4261 2290 4322 1826,
2310 4262 2368 4312 in
2391 4277 2501 4326 qua
2514 4276 2648 4310 non-

1567 4331 1835 4383 nullorum
1875 4332 2153 4382 Ciceronis
2188 4335 2350 4396 atque
2380 4329 2650 4381 Herodoti
