3109 5092
530 268 652 333 844
840 322 844 326 .
1319 264 1863 327 EXCURSUS
1909 265 2002 325 IV

1250 680 1898 758 EXCURSUS
1968 680 2081 756 IV

975 851 1149 917 AD
1236 848 1956 916 HERODOT.
2045 798 2149 931 1,=
2215 851 2352 914 130.

619 1194 832 1273 Μῆδοι
865 1191 929 1256 δὲ
957 1184 1281 1269 ὖπέκυψαν
1313 1189 1580 1275 Πέρσῃσι
1609 1181 1709 1251 διὰ
1736 1181 1848 1268 τὴν
1876 1185 2093 1252 τούτου
2120 1185 2479 1270 πικρότητα,
2526 1183 2860 1269 ἔρξαντες

783 1294 890 1368 τῆς
909 1284 1037 1351 ἅνω
1060 1283 1282 1364 ’Ἀλυος
1309 1292 1581 1369 ποταμοῦ
1603 1282 1804 1368 Ἀσίης
1826 1283 1923 1352 ἕπ’
1953 1289 2087 1352 ἔτεα
2113 1285 2436 1372 τριήκοντα
2460 1289 2575 1351 καὶ
2613 1280 2858 1352 ἑκατὸν

788 1392 952 1452 δυῶν
984 1388 1223 1467 δέοντα,
1267 1384 1453 1470 πάρεξ
1479 1380 1521 1468 ἢ
1552 1382 1700 1451 ὅσον
1728 1390 1795 1450 οἶ
1813 1384 2063 1452 Σκύθαι
2093 1374 2302 1469 ἦρχον.

701 1553 862 1616 Quae
892 1549 959 1603 de
990 1548 1092 1601 hoc
1119 1547 1238 1600 loco
1281 1547 1349 1599 ad
1382 1547 1606 1600 Ctesias
1634 1548 1881 1616 fragium.
1919 1568 1973 1618 p.
1997 1553 2104 1610 439
2137 1549 2581 1620 disputavimus,
2639 1560 2848 1601 eorum

532 1656 785 1694 summam
818 1635 902 1688 hic
933 1633 1338 1699 adscribamus,
1373 1631 1498 1685 aliis
1529 1632 1856 1703 quibusdam
1885 1634 2107 1688 additis.
2172 1635 2315 1688 Nam
2337 1633 2629 1688 Herodoti
2658 1634 2845 1687 verba

531 1744 563 1778 a
597 1723 822 1777 Ctesiae
853 1719 1174 1773 narratione
1204 1718 1272 1769 de
1311 1717 1600 1770 Medorum
1630 1719 1859 1786 regibus
1888 1737 1953 1772 ac
1985 1720 2052 1772 de
2089 1724 2363 1790 tempore,
2410 1737 2512 1789 per
2545 1719 2721 1789 quod
2754 1719 2839 1770 illi

533 1826 764 1878 regnum
805 1803 1117 1870 tenuerint,
1160 1802 1350 1857 mirum
1383 1807 1648 1872 quantum
1691 1803 2029 1875 discrepant.
2096 1805 2223 1859 Vid.
2259 1805 2490 1858 Diodor.
2523 1803 2721 1856 Sicul.
2758 1803 2833 1867 Π,

530 1900 619 1954 32.
687 1892 830 1945 Octo
855 1888 1076 1942 Ctesias
1103 1888 1346 1941 nominat
1377 1887 1665 1941 Medorum
1700 1906 1895 1957 reges,
1938 1889 2034 1960 qui
2072 1908 2172 1959 per
2211 1890 2480 1943 ducentos
2522 1888 2837 1956 octoginta

532 1980 643 2032 duo
678 1994 854 2030 annos
886 1990 1118 2042 regnum
1147 1978 1520 2042 occuparunt3
1566 1973 1769 2042 quibus
1817 1991 1999 2027 nonus
2032 1975 2243 2027 accedit
2275 1973 2579 2041 Astyages.
2656 1972 2833 2025 Unde

531 2063 679 2133 apud
713 2058 957 2128 Syncell.
991 2057 1252 2111 chronic.
1288 2057 1530 2127 paschal.
1564 2075 1621 2127 p.
1647 2064 1748 2117 115
1769 2059 1815 2111 B
1861 2058 2146 2112 Medorum
2178 2076 2352 2128 regno
2386 2058 2516 2110 anni
2550 2058 2829 2110 tribuun-

532 2157 625 2200 tur
661 2143 858 2198 CCLX
892 2147 950 2195 et
987 2142 1136 2211 apud
1169 2142 1590 2211 Chronograph.
1636 2160 1690 2211 p.
1713 2148 1819 2203 235
1858 2142 2038 2196 Paris.
2083 2144 2169 2197 ed.
2215 2163 2270 2213 p.
2299 2147 2402 2203 188
2431 2142 2643 2195 Venet.
2690 2140 2831 2194 anni

534 2227 890 2294 CCLXXVI3
936 2226 1200 2294 Agathias
1231 2243 1364 2278 vero
1400 2227 1497 2298 (de
1529 2228 1697 2279 rebus
1714 2227 1916 2281 lustin.
1949 2228 2005 2279 ΙΙ
2040 2234 2183 2296 p.46
2215 2228 2289 2295 A)
2325 2244 2358 2279 a
2380 2226 2579 2279 Ctesia
2613 2227 2825 2296 opinor

531 2312 782 2385 pendens
811 2327 990 2363 annos
1021 2310 1178 2379 ponit
1206 2328 1315 2362 non
1347 2310 1526 2363 minus
1549 2316 1852 2365 trecentos.
1920 2313 2039 2366 Nec
2068 2313 2307 2382 denique
2337 2312 2457 2382 ipse
2480 2311 2823 2363 Herodotus

532 2398 642 2452 sibi
676 2400 939 2450 constans
971 2395 1250 2465 reperitur
1277 2394 1335 2447 in
1366 2395 1546 2461 annis,
1583 2413 1685 2465 per
1705 2413 1846 2466 quos
1877 2397 2084 2465 singuli
2122 2396 2411 2466 regnarint
2436 2413 2626 2464 reges,
2664 2401 2819 2448 recte

533 2481 934 2553 computandis.
1000 2479 1218 2544 Quodsi
1250 2480 1389 2533 enim
1419 2496 1614 2546 annos,
1645 2497 1786 2550 quos
1815 2487 2054 2551 quatuor
2084 2482 2210 2535 istis
2234 2481 2519 2535 Medorum
2553 2481 2818 2550 regibus,

534 2569 751 2623 incluso
783 2565 1058 2634 Astyage,
1099 2564 1192 2618 ille
1234 2564 1528 2633 adscribit,
1574 2565 1631 2617 in
1678 2582 1842 2619 unum
1883 2566 2185 2619 contuleris
2224 2567 2313 2637 (Ι,
2349 2569 2467 2623 102.
2506 2570 2632 2625 106.
2665 2563 2814 2629 130),

532 2654 766 2709 exsistet
798 2667 1004 2723 summa
1028 2667 1294 2703 annorum
1324 2655 1541 2704 centum
1572 2650 2005 2720 quinquaginta3
2052 2651 2198 2704 unde
2226 2649 2459 2703 XXVIII
2492 2651 2683 2717 annis,
2716 2647 2815 2719 qui

533 2741 602 2794 ad
632 2738 958 2805 Scytharum
983 2735 1395 2805 occupationem
1427 2734 1729 2804 pertinent,
1761 2735 2042 2804 detractis,
2082 2741 2390 2805 supersunt
2421 2734 2553 2787 anni
2578 2733 2813 2798 cxxn,

534 2840 714 2893 neque
743 2820 1054 2886 CXXVIII,
1103 2825 1165 2871 ut
1208 2819 1309 2871 hoc
1345 2820 1615 2873 Herodoti
1661 2819 1778 2872 loco
1819 2820 2043 2888 legitur.
2110 2821 2270 2883 Quae
2307 2836 2417 2890 quo
2456 2820 2651 2887 modo,
2698 2815 2810 2871 nisi

536 2906 883 2974 negligenter
929 2904 1251 2972 scriptorem
1284 2909 1528 2956 nostrum
1574 2903 1756 2971 egisse
1795 2911 1893 2956 aut
1927 2904 2183 2957 librarios
2222 2906 2344 2958 eius
2377 2905 2548 2957 verba
2590 2903 2807 2957 literas·

537 3008 645 3060 que
674 2988 1034 3057 perturbasse
1066 2987 1308 3055 dixeris,
1355 2988 1651 3040 convenire
1691 2989 1939 3057 possint,
1988 3007 2099 3041 non
2146 2991 2316 3059 magis
2355 2988 2607 3057 intelligo
2644 3002 2804 3058 quam

536 3091 653 3128 cum
698 3072 937 3124 numeris
967 3070 1248 3122 Ctesianis
1280 3070 1328 3123 si
1365 3072 1493 3140 quis
1523 3071 1617 3123 illa
1667 3071 1725 3123 in
1761 3074 2104 3127 concordiam
2138 3075 2392 3143 redigere
2433 3072 2587 3125 velit.
2650 3069 2803 3123 Peri-

536 3158 715 3212 culum
741 3158 924 3208 fecere
957 3154 1101 3206 haud
1129 3155 1289 3223 pauci
1319 3153 1424 3206 viri
1455 3155 1635 3221 docti,
1682 3173 1800 3209 cum
1834 3158 1988 3210 modo
2020 3175 2176 3211 sacra
2204 3177 2271 3211 ex
2301 3158 2599 3227 scriptura,
2647 3155 2804 3209 modo

538 3240 882 3298 orientalium
921 3238 1249 3307 scriptorum
1284 3257 1314 3291 e
1346 3240 1627 3307 fontibus,
1672 3241 1830 3292 modo
1876 3260 1943 3294 ex
1983 3259 2085 3295 suo
2119 3244 2365 3312 ipsorum
2398 3241 2627 3309 ingenio
2674 3243 2802 3293 haec

536 3345 719 3383 secum
754 3324 1046 3378 conciliare
1078 3322 1387 3393 iustamque
1422 3330 1723 3393 temporum
1754 3327 1949 3378 seriem
1996 3327 2125 3379 inde
2158 3327 2499 3380 constituere
2534 3341 2800 3379 conaren-

534 3422 647 3467 tur.
717 3411 804 3463 Tu
842 3410 954 3463 vid.
990 3408 1170 3462 Beck:
1211 3407 1438 3478 Allgem.
1468 3408 1808 3478 Weltgesch.
1840 3410 1886 3463 Ι.
1925 3430 1979 3480 p.
2011 3416 2114 3470 612
2144 3430 2267 3481 sqq.
2305 3415 2410 3470 635
2439 3428 2598 3479 seqq.
2629 3416 2801 3470 641—-

535 3502 642 3559 644
674 3502 731 3550 et
761 3496 962 3548 dudum
990 3497 1119 3546 ante
1149 3493 1216 3547 de
1246 3494 1331 3546 his
1371 3494 1732 3548 disserentem
1756 3494 1977 3547 Reiner.
2009 3495 2263 3548 Reinecc.
2301 3496 2359 3547 in
2389 3494 2610 3547 familiis
2640 3508 2816 3561 regg.⁴

537 3582 687 3635 Med.
721 3586 778 3633 et
809 3580 1023 3632 Bactrr.
1054 3578 1239 3649 (Lips.
1275 3581 1438 3646 1572)
1468 3598 1522 3649 p.
1553 3584 1625 3638 24
1653 3597 1810 3649 seqq.
1840 3585 1928 3639 29.
1953 3585 2040 3639 31.
2105 3580 2226 3633 Nec
2252 3578 2610 3649 praetermitti
2638 3578 2799 3632 debet

536 3665 798 3720 Larcheri
822 3663 1121 3734 disputatio
1145 3662 1200 3716 in
1226 3665 1338 3715 tab.
1363 3663 1606 3716 chronol.
1642 3669 1682 3716 t.
1712 3663 1837 3715 VII.
1871 3680 1990 3732 cap.
2016 3663 2111 3718 IV.
2143 3683 2199 3734 p.
2224 3668 2329 3722 158
2352 3682 2530 3733 seqq„
2577 3664 2673 3716 ubi
2705 3678 2794 3714 va—

517 3751 651 3813 ⁸riae
697 3754 754 3801 et
796 3755 1039 3801 veterum
1089 3754 1146 3798 et
1188 3749 1551 3801 recentiorum
1595 3747 1903 3801 sententiae
1948 3747 2205 3801 collectae
2247 3747 2631 3801 inveniuntur.
2706 3747 2795 3800 In-

540 3833 769 3901 geniose
796 3849 1016 3902 quoque
1041 3833 1096 3884 in
1118 3831 1249 3884 haec
1281 3832 1577 3901 inquisivit
1599 3831 1794 3884 Gallus
1824 3832 2021 3884 doctus
2051 3832 2108 3885 in
2135 3833 2293 3899 libro,
2324 3833 2418 3903 qui
2448 3831 2795 3886 inscribitur:

537 3916 878 3970 Recherches
924 3915 1206 3968 nouvelles
1247 3934 1345 3969 sur
1378 3916 1544 3968 l’hist.
1586 3916 1800 3969 ancien.
1841 3916 2048 3988 (Paris.
2084 3919 2248 3983 1814)
2283 3922 2323 3969 t.
2349 3917 2395 3970 1.
2425 3935 2481 3987 p.
2507 3920 2610 3976 144
2640 3933 2793 3986 seqq.

537 4000 803 4068 Singulos
843 4000 990 4069 apud
1026 3998 1366 4051 Herodotum
1403 4018 1569 4067 reges
1600 4000 1886 4053 Medorum
1925 4018 2046 4054 cum
2080 4001 2361 4054 Ctesianis
2398 4018 2712 4070 comparare
2743 4004 2795 4051 et

539 4093 831 4153 utrumque
868 4083 1189 4151 scriptorem
1237 4083 1337 4136 hoc
1376 4084 1532 4137 modo
1577 4102 1762 4138 secum
1807 4086 2098 4139 conciliare
2144 4086 2388 4152 studuit,
2436 4090 2499 4138 ut
2535 4082 2795 4138 Ctesiana

539 4188 731 4240 regum
762 4168 938 4222 series
969 4165 1102 4218 1111111
1136 4166 1282 4219 aliud
1317 4184 1443 4221 esse
1472 4169 1729 4223 videatur
1764 4170 1871 4223 nisi
1899 4170 2250 4224 Herodoteae
2280 4169 2445 4224 seriei
2476 4168 2790 4239 duplicatio.

539 4258 698 4320 Quae
756 4253 888 4307 talia
942 4267 1240 4320 sanequam
1283 4259 1445 4319 sunt,
1502 4257 1565 4305 ut
1609 4258 1666 4305 et
1707 4255 1977 4308 affirmare
2028 4260 2085 4309 et
2133 4255 2384 4308 diffidere
2438 4255 2514 4308 sit
2555 4253 2792 4307 difficile.

540 4341 703 4393 Haud
736 4337 944 4393 meliori
979 4335 1037 4388 in
1074 4335 1224 4390 hisce
1268 4352 1530 4390 successu
1576 4337 1932 4394 elaborarunt
1970 4340 2093 4408 alii,
2149 4357 2291 4410 quos
2324 4339 2394 4391 ad
2429 4337 2653 4393 Ctesiae
2686 4338 2723 4392 1.
2757 4337 2789 4388 1.
