3109 5092
493 287 619 349 660

1365 274 1905 339 HERODO'I'I

496 464 601 546 ξιῇ
638 456 811 545 χειρὶ
857 460 1030 543 ἔχων
1067 450 1346 541 αἰχμὴν,
1398 455 1479 539 τῇ
1523 450 1599 519 δὲ
1638 445 1957 537 ἀριστερῇ
2000 442 2191 527 τόξα,
2245 442 2361 510 καὶ
2397 437 2523 528 τὴν
2557 436 2783 527 ἄλλην

498 558 754 648 σκευὴν
795 553 1112 636 ὡσαύτως
1131 577 1147 591 ·

1253 556 1366 623 καὶ
1419 550 1550 642 γὰρ
1588 558 1975 638 Αἰγυπτίην
2026 547 2542 616 καὶΑἰθιοπίδα
2598 549 2777 630 ἔχει·

498 667 573 733 ἐκ
617 663 695 731 δὲ
733 667 854 731 τοῦ
893 658 1081 749 ὅμου
1117 661 1185 737 ἐς
1226 656 1349 727 τὸν
1380 660 1615 746 ἕτερον
1644 646 1831 742 ὦμον
1861 649 1973 722 διὰ
2016 654 2155 720 τῶν
2183 649 2496 736 στηθέων
2520 645 2738 735 γρᾶμ-
2768 661 2876 714 152

496 793 670 856 ματα
740 762 853 851 ἱρὰ
906 761 1245 850 Αἰγύπτια
1313 760 1532 849 διήκει
1588 756 2163 845 ἐγκεκολαμμένα,
2238 753 2521 838 λέγοντα
2571 749 2737 818 τάδε
2757 769 2773 783 ·

500 875 685 937 ΕΓΩ
740 874 1066 935 ΤΗΝΔΕ
1115 871 1310 932 ΤΗΝ
1348 869 1683 932 ΧΩΡΗΝ
1715 864 2082 928 ΩΜΟῙΣῙ
2129 862 2394 924 ΤΟΙΣΙ
2426 860 2784 922 ΕΜΟΙΣΙ

502 978 628 1040 ΕΚ
638 975 1132 1038 ΤΗΣΑΜΗΝ.
1237 963 1416 1046 ὅστις
1450 965 1528 1034 δὲ
1555 966 1669 1032 καὶ
1698 957 1953 1033 ὁκόθεν
1984 962 2159 1045 ἐστὶ,
2212 961 2514 1027 ἐνθαῦτα
2539 957 2667 1045 μὲν
2693 952 2781 1024 οὐ

502 1080 728 1162 δηλοῖ,
786 1073 1068 1159 ἑτέρωθι
1097 1070 1173 1138 δὲ
1202 1067 1564 1158 ὃελήλωκε.
1633 1064 1715 1136 τὰ
1744 1063 1829 1154 δὴ
1859 1065 1971 1133 καὶ
2002 1063 2410 1152 μετεξέτεροι
2440 1065 2579 1129 τῶν
2604 1071 2775 1146 θεη-

499 1176 812 1263 σαμένων
841 1174 1204 1260 Μέμνονος
1231 1172 1459 1243 εἰκόνα
1491 1169 1835 1254 εἰκάζουσί
1855 1196 1974 1257 μιν
2003 1165 2213 1250 εἶναι,
2261 1160 2437 1233 πολὺ
2463 1168 2579 1251 τῆς
2607 1159 2776 1251 ἄλη-

498 1285 695 1366 θείης
733 1273 1302 1363 ἀπολελειμμένοι.

503 1481 694 1527 vertex
716 1476 862 1525 intro.
885 1473 1130 1540 quintam
1153 1473 1478 1539 spithamam
1503 1488 1593 1523 ca·

504 1546 622 1596 dat.
662 1545 770 1596 Sed
796 1544 899 1594 hoc
923 1543 1054 1593 mihi
1077 1543 1401 1608 exquisitius
1426 1558 1590 1608 quam

504 1616 687 1665 verius
710 1613 928 1664 videtur
952 1612 1178 1663 dictum.
1231 1612 1420 1662 Malim
1444 1613 1593 1677 equi·

506 1683 626 1735 dem
661 1683 816 1748 sequi
853 1681 1423 1748 Schweighaeuserum
1438 1719 1452 1743 ‚
1503 1697 1594 1732 cu-

506 1755 593 1803 ius
628 1753 868 1804 rationes
900 1752 1068 1802 etiam
1103 1752 1358 1815 probavit
1390 1751 1475 1801 vir
1500 1752 1593 1802 do-

506 1828 629 1873 ctus
670 1823 725 1872 in
772 1820 1042 1871 Classical
1084 1819 1316 1872 Journal
1361 1819 1485 1872 Vol.
1522 1821 1590 1870 V.

506 1908 590 1942 nr.
622 1892 703 1942 10.
743 1907 800 1957 p.
822 1889 925 1943 334
959 1891 1195 1955 itemque
1222 1891 1592 1955 Reinganum:

507 1960 833 2013 Geschichte
869 1959 924 2010 d.
947 1958 1268 2010 Erdabbild.
1298 1958 1344 2009 Ι.
1369 1974 1499 2024 pag.
1524 1959 1593 2008 72

505 2046 674 2146 ”⁴222
693 2088 800 2159 τὴν
820 2086 997 2158 ἄλλην
1021 2088 1251 2160 σκευὴν]
1274 2094 1359 2145 Ad
1384 2084 1594 2158 σκευὴν

508 2167 655 2218 conf.
694 2166 742 2227 1,
776 2166 844 2214 24
879 2165 1063 2229 ibique
1096 2168 1236 2215 nott.
1273 2169 1330 2214 et
1352 2163 1477 2226 VII,
1509 2164 1591 2213 15.

512 2236 598 2287 16.
630 2234 700 2285 62
737 2237 843 2283 etc.

580 2293 759 2367 ὤμοι
780 2313 847 2350 σι
888 2300 1039 2349 τοῖσι
1084 2292 1289 2366 ἐμοῖσι]
1343 2301 1380 2350 i.
1419 2315 1469 2351 e.
1504 2300 1596 2349 Im-

507 2376 660 2427 men’s
702 2371 852 2429 mein
908 2367 1049 2434 quod
1103 2384 1222 2418 cum
1271 2369 1596 2435 quibusdam

507 2440 806 2492 insolenter
824 2438 1100 2488 videretur
1120 2437 1326 2488 dietum
1338 2474 1353 2500 ‚
1383 2454 1450 2488 ex
1465 2439 1597 2488 Dio-

511 2512 673 2573 doro,
722 2509 815 2575 qui
854 2506 1080 2559 eandem
1128 2506 1242 2558 sere
1289 2508 1598 2573 inscriptio-

510 2596 632 2631 nem
681 2577 868 2629 retulit
916 2575 972 2639 Ῑ,
1026 2577 1125 2638 55,
1179 2565 1406 2627 ὅπλοισι
1459 2580 1597 2642 (qus

510 2664 647 2702 voce
679 2647 954 2700 Diodorus
999 2645 1193 2711 utitur)
1241 2645 1330 2696 hic
1376 2648 1599 2697 restitu-

510 2726 625 2771 tum
676 2717 915 2769 voluere.
1000 2716 1117 2766 Nec
1149 2731 1279 2766 vero
1324 2715 1452 2766 libri
1485 2716 1598 2767 suf-

511 2791 822 2855 fragantur,
887 2798 988 2834 nec
1034 2785 1170 2835 adeo
1226 2784 1468 2836 insolens
1519 2784 1598 2836 lo·

512 2859 690 2918 cutio,
736 2859 800 2906 ut
843 2854 971 2904 ferri
1012 2858 1267 2920 nequeat.
1339 2854 1598 2905 Laudant

513 2927 839 2988 interpretes
896 2922 1153 2986 Sophocl.
1219 2923 1275 2971 in
1337 2923 1595 2974 Trachin.

518 2994 680 3054 1057,
733 2991 826 3041 ubi
862 2996 970 3068 est:
1016 2987 1110 3040 καὶ
1144 2986 1299 3073 {spol
1334 2987 1432 3040 καὶ
1467 2984 1559 3041 vni

511 3072 696 3110 τοισι
732 3057 1033 3124 μοχθησας
1067 3050 1201 3123 ἐγω,
1261 3058 1378 3110 scil.
1416 3054 1593 3123 κακάς

512 3129 742 3180 laudant
774 3131 1059 3193 praeterea
1083 3126 1441 3179 Claudianum
1465 3129 1595 3180 bell.

512 3197 732 3250 Gildon.
771 3197 870 3247 115
903 3196 983 3247 sic
1022 3200 1334 3248 canentem:

585 3268 727 3330 „Ast
777 3281 908 3331 ego,
970 3281 1108 3332 quse
1161 3271 1335 3317 terras
1380 3266 1599 3319 'emeras

720 3340 1050 3402 pontumque
1085 3335 1339 3400 subegi.“

516 3406 673 3470 Quod
709 3405 854 3456 idem
890 3409 975 3456 est
1001 3420 1068 3456 ac
1090 3405 1138 3455 si
1174 3403 1404 3456 dixisset
1433 3408 1600 3457 lacer-

511 3480 596 3530 tis.
669 3477 927 3526 Attamen
959 3461 1185 3524 ὅπλοισι
1217 3474 1413 3524 iterum
1445 3477 1602 3525 resti-

511 3546 596 3596 tui
620 3545 773 3595 iubet
790 3545 857 3595 R.
880 3544 929 3593 1.
944 3543 1141 3594 Fruin:
1174 3545 1256 3594 De
1268 3544 1600 3595 Manethone

511 3614 810 3679 Sebennyt.
826 3614 1071 3679 pag-155
1092 3628 1188 3677 pro
1201 3604 1430 3678 ὤμοισι,
1453 3612 1599 3679 quod

512 3688 661 3734 recte
685 3688 869 3734 tuetur
892 3684 1102 3732 Brunet
1134 3682 1202 3732 de
1223 3681 1434 3733 Preslee
1458 3685 1603 3733 Exa-

512 3767 635 3802 men
661 3752 892 3817 critique
916 3750 1012 3801 des
1039 3751 1319 3817 dynasties
1338 3750 1598 3817 d'Egypt.

512 3836 566 3885 p.
609 3820 704 3880 38,
750 3821 844 3885 qui
887 3820 959 3870 ad
1000 3820 1341 3871 humerorum
1386 3820 1601 3885 signum

515 3889 728 3938 attendi
752 3887 898 3951 vult,
933 3889 1121 3954 quoin
1153 3890 1298 3941 notis
1332 3887 1601 3955 hierogly-

513 3957 689 4022 phicis
724 3956 891 4007 robur
932 3957 1131 4008 virium
1168 3959 1385 4010 omnino
1421 3958 1597 4009 decla·

514 4026 625 4076 rari
672 4024 842 4074 addit.
879 4055 950 4065 —
1006 4026 1072 4076 In
1129 4027 1312 4077 verbis
1393 4029 1598 4078 roxime

514 4093 961 4172 antecedentibus
1013 4087 1308 4173 γράμματα
1384 4088 1455 4159 ρὰ
1503 4090 1598 4146 Αἰ-

512 4177 724 4228 γυπτια
759 4177 949 4212 vocem
984 4157 1262 4226 Αἰγυπτια
1314 4163 1599 4216 delendam

511 4237 703 4284 censet
735 4230 938 4293 Cobet,
974 4232 1062 4282 cui
1100 4234 1356 4282 assentiri
1389 4248 1599 4300 nequeo

509 4300 809 4368 respiciens
846 4300 917 4352 ad
967 4291 1263 4365 γράμματα
1298 4293 1597 4369 Αἰγύπτια,

1691 1485 1833 1536 quae
1857 1469 1934 1530 11,
1969 1469 2067 1523 125
2098 1468 2606 1526 commemorantur,
2638 1477 2781 1528 quae

1692 1556 1814 1591 cum
1850 1538 1921 1588 sd
1952 1538 2277 1588 demoticsm
2307 1535 2634 1599 scripturam
2660 1548 2782 1597 per-

1690 1610 1922 1670 tineant,
1955 1612 2019 1658 ut
2052 1607 2130 1656 ibi
2166 1604 2467 1666 docuimus,
2503 1602 2607 1653 hoc
2639 1601 2781 1663 loco,
2823 1605 2829 1609 '

1693 1694 1799 1744 quo
1838 1677 2067 1727 alterum
2101 1676 2266 1740 idque
2299 1688 2517 1724 sacrum
2550 1672 2783 1737 scriptu·

1693 1763 1789 1797 rae
1812 1746 2119 1812 Aegyptiae
2154 1758 2327 1810 genus
2356 1758 2451 1808 per
2480 1748 2642 1792 notas
2670 1741 2784 1791 hie-

1693 1815 2043 1882 roglyphicas
2061 1813 2398 1864 declaratum
2421 1810 2782 1877 significatur,

1692 1879 1790 1949 ἶρά
1824 1900 1920 1935 cur
1956 1883 2190 1935 addatur
2223 1887 2473 1947 apparet.

1766 1945 1847 2003 οὖ
1893 1949 2141 2018 δηλοῖ]
2201 1950 2324 2002 scil.
2372 1942 2403 1999 ὁ
2438 1948 2779 2013 Σέσωστρις,

1692 2023 1945 2089 idemque
1978 2022 2050 2072 ad
2091 2011 2374 2085 δεδήλωκε
2407 2019 2645 2083 intellig.

1765 2091 2078 2157 Μέμνονος
2125 2083 2325 2140 εἰκόνα
2360 2080 2654 2148 εἰκάζουσί
2679 2100 2782 2151 μιν

1694 2152 1865 2226 εἶναι]
1915 2159 2075 2213 Cous.
2116 2161 2356 2209 Pausan.
2395 2158 2454 2220 Ι,
2492 2159 2581 2208 42.
2635 2158 2688 2219 §-
2725 2157 2779 2206 2.

1693 2232 1876 2295 Atque
1919 2228 2358 2294 antiquissimam
2397 2227 2540 2277 hanc
2584 2232 2641 2276 et
2677 2225 2784 2290 pri-

1697 2314 1839 2350 mam
1864 2302 2084 2349 statuae
2106 2296 2411 2348 Memnonis
2438 2294 2645 2346 Thebis
2669 2310 2783 2345 ere-

1697 2374 1821 2419 ctae
1843 2368 2171 2419 mentionem
2197 2367 2429 2428 habent,
2469 2365 2538 2415 de
2560 2380 2671 2430 qua
2694 2365 2783 2414 Ia-

1695 2438 1913 2488 blonsk.
1966 2437 2034 2487 de
2079 2437 2353 2487 Memnon.
2405 2450 2532 2500 pag.
2581 2433 2670 2485 30.
2713 2460 2781 2470 —

1697 2507 1847 2570 „Sed
1868 2511 2017 2557 recte
2049 2506 2159 2556 iam
2192 2510 2443 2557 auctores
2474 2503 2652 2570 operis
2674 2503 2785 2553 De-

1698 2576 1890 2641 script.
1937 2576 2004 2627 de
2050 2574 2295 2642 l'Egypt.
2343 2580 2386 2625 t.
2424 2574 2506 2624 11.
2556 2570 2782 2637 (Theb.)

1697 2661 1823 2711 pag.
1862 2647 1933 2697 94
1977 2651 2226 2707 monent,
2271 2660 2383 2695 non
2415 2643 2606 2709 utique
2652 2657 2781 2692 cou-

1698 2720 1873 2779 stsre,
1908 2729 2037 2765 num
2059 2714 2163 2764 hoc
2184 2714 2307 2765 loco
2329 2713 2635 2764 Memnonis
2670 2717 2784 2762 sta-

1698 2788 1869 2846 tuam,
1904 2798 2046 2848 quse
2079 2783 2286 2834 Thebis
2318 2787 2421 2846 est,
2454 2781 2786 2847 cogitaverit

1696 2853 2046 2917 Herodotus3
2114 2851 2249 2903 illud
2314 2867 2444 2903 vero
2511 2856 2785 2911 constare,

1698 2937 1821 2973 eum
1843 2938 1941 2987 pro
1966 2921 2233 2973 Sesostris
2265 2921 2467 2972 statuis
2496 2919 2623 2970 illas
2645 2920 2784 2969 duas

1697 2991 1754 3041 in
1779 2991 1940 3041 Ionia
1973 3006 2008 3041 a
2042 3006 2100 3041 se
2135 2991 2284 3041 visas
2313 2990 2591 3052 habuisse,
2628 2990 2787 3039 item-

1699 3075 1802 3126 que
1843 3060 1948 3112 hoc
1982 3059 2212 3111 alterum
2226 3097 2240 3124 ,
2292 3058 2631 3111 Herodotum
2672 3073 2787 3109 non

1697 3129 2013 3180 confudisse
2065 3130 2402 3181 Memnonem
2454 3144 2576 3179 cum
2624 3127 2788 3179 Seso-

1699 3198 1928 3250 stride.“
1966 3198 2061 3249 Cr.
2136 3198 2272 3249 Cum
2306 3198 2390 3248 his
2426 3198 2593 3248 etism
2633 3197 2782 3248 conf.

1700 3283 1841 3333 quae
1861 3273 2046 3319 monet
2062 3269 2364 3318 Letronne=
2399 3268 2483 3317 La
2508 3272 2690 3318 statue
2712 3266 2785 3315 de

1698 3337 1957 3388 Memnon
1999 3352 2053 3402 p.
2089 3338 2158 3387 42
2204 3336 2327 3388 coll.
2365 3351 2418 3401 p.
2452 3335 2520 3386 73
2556 3352 2670 3401 seq.
2725 3339 2785 3385 et

1700 3407 1931 3471 Lepsius
1967 3407 2295 3471 chronolog.
2349 3405 2402 3455 (1.
2448 3406 2684 3470 Aegypt.
2733 3404 2780 3454 Ι.

1699 3491 1755 3540 p.
1791 3477 1893 3526 277
1931 3491 2078 3542 seq.,
2132 3477 2226 3540 qui
2259 3475 2314 3526 h.
2350 3474 2386 3524 1.
2425 3475 2653 3539 primum
2691 3489 2786 3523 ve·

1699 3544 1924 3610 stigium
1958 3546 2226 3596 Sesostris
2254 3564 2322 3592 =
2349 3544 2624 3595 Ramessis
2658 3558 2783 3592 cum

1699 3614 1989 3665 Memnone
2017 3614 2233 3665 confusi
2253 3613 2486 3664 inveniri
2520 3612 2657 3675 vult,
2689 3612 2787 3663 sd-

1700 3681 1851 3744 dens‚
1879 3684 2268 3749 Aegyptiorum
2289 3698 2537 3733 sermone
2556 3682 2786 3748 quaevis

1698 3751 1911 3817 palatia
1944 3753 2053 3802 dici
2088 3751 2298 3812 Menan,
2334 3752 2570 3816 indeque
2604 3756 2784 3802 ortum

1701 3835 1823 3871 esse
1860 3822 2125 3873 Graecum
2151 3812 2510 3886 μεμνόνειον,
2547 3819 2693 3886 quod
2720 3825 2787 3871 ut

1700 3889 1771 3940 ad
1806 3890 1917 3941 alia
1952 3890 2186 3956 palatis,
2229 3892 2311 3941 ita
2355 3891 2427 3941 ad
2463 3890 2784 3940 Thebanum

1700 3957 1866 4023 illud,
1914 3960 2059 4025 quod
2093 3959 2467 4012 Ramesseium
2508 3974 2653 4009 nunc
2684 3974 2784 4009 vo-

1701 4033 1857 4089 cant,
1896 4043 2069 4094 aeque
2103 4028 2388 4079 transferri
2422 4029 2680 4092 potuerit.

1769 4089 1916 4146 πολὺ
1951 4096 2054 4163 τῆς
2086 4090 2364 4162 ἀληθείης
2386 4089 2783 4162 ἀπολελειμμέ-

1699 4164 1815 4232 νοι]
1861 4166 1900 4217 i.
1937 4182 1986 4219 e.
2034 4170 2179 4233 lonye
2225 4183 2261 4217 a
2300 4182 2422 4217 vero
2464 4167 2782 4223 aberrantes,

1700 4249 1735 4284 a
1769 4250 1897 4285 vero
1940 4238 2101 4301 quasi
2144 4234 2340 4287 relicti.
2417 4236 2592 4297 Quam
2630 4234 2783 4285 locu-

1698 4304 1902 4355 tionem
1938 4310 2186 4370 posteros
2220 4306 2515 4371 scriptores
2534 4305 2784 4356 imitatos
