3109 5092
467 367 545 428 84
1333 361 1868 423 HERODOTI

469 545 606 609 πᾶν
633 540 1041 627 συμπέμψω·
1101 538 1211 605 καὶ
1242 533 1756 622 διακελεύσομαι
1793 549 1962 605 τοῖσι
2001 539 2213 620 ἰοῦσι,
2261 528 2433 604 εἶναι
2464 529 2555 614 ὥς
2581 561 2743 623 προ-

379 651 458 712 37
471 642 934 731 θυμοτάτοισι,
965 643 1387 723 συνεξελέειν
1412 634 1577 728 ὑμῖν
1602 634 1676 707 τὸ
1701 644 1952 727 θηρίον
1985 640 2058 706 ἐκ
2089 642 2203 726 τῆς
2229 637 2465 727 χω’ρης.
2527 644 2748 706 Ταῦτα

470 744 826 835 ἀμείψατο·
883 742 1415 833 ἀποχρεωμένων
1456 742 1531 811 δὲ
1569 740 1862 810 τούτοισι
1906 745 2043 810 τῶν
2089 747 2395 827 Μυσῶν,
2444 744 2744 830 ἐπεισέρ-

468 874 650 939 χεται
688 843 725 917 ὃ
752 853 874 917 τοῦ
902 855 1202 935 Κροίσου
1233 862 1421 931 παῖς,
1469 842 1773 933 ἀκηκοώς
1800 849 1938 914 τῶν
1969 847 2235 915 ἐδέοντο
2262 850 2333 916 οἰ
2355 853 2609 915 Μυσοί.
2666 840 2749 912 οὐ

470 955 775 1041 φαμένου
805 951 881 1020 δὲ
919 955 1040 1019 τοῦ
1070 958 1367 1039 Κροίσου
1406 948 1524 1019 τόν
1551 976 1630 1035 γε
1672 947 1880 1017 παῖδά
1915 967 2038 1035 σφι
2065 952 2527 1037 συμπέμψειν,
2569 950 2749 1034 λέγει

470 1053 635 1144 πρὸς
662 1052 872 1124 αὐτὸν
908 1049 944 1122 ὁ
986 1062 1258 1141 νεηνίης
1302 1052 1494 1122 τάδε·
1543 1044 1624 1120 Ὦ,
1669 1050 1912 1139 πάτερ,
1955 1050 2035 1120 τὰ
2064 1052 2384 1122 κάλλιστα
2424 1050 2751 1142 πρότερόν

469 1186 623 1229 κοτε
663 1160 777 1227 καὶ
818 1157 1257 1246 γενναιότατα
1295 1152 1455 1245 ἡμῖν
1492 1146 1611 1244 ἦν,
1672 1160 1739 1234 ἔς
1789 1182 1861 1222 τε
1903 1158 2235 1243 πολέμους
2278 1155 2389 1224 καὶ
2438 1158 2503 1237 ἐς
2542 1152 2752 1244 ἄγρας

470 1263 861 1350 φοιτέοντας
908 1258 1358 1348 εὐδοκιμέειν·
1415 1263 1547 1328 νῦν
1589 1257 1666 1326 δὲ
1716 1253 2116 1346 ἀμφοτέρων
2159 1285 2242 1347 με
2282 1257 2543 1329 τούτων
2584 1256 2749 1327 ἀπο·
2773 1275 2838 1329 19

470 1372 744 1452 κληΐσας
787 1370 991 1451 ἔχεις,
1035 1360 1192 1432 οὔτε
1224 1360 1376 1431 τινὰ
1419 1368 1682 1449 δειλίην
1719 1386 1831 1448 μοι
1874 1357 2182 1448 παριδών
2225 1358 2383 1431 οὔτε
2421 1360 2749 1449 ἀθυμίην.

470 1472 603 1536 νῦν
630 1493 702 1535 τε
730 1467 941 1534 τέοισί
964 1494 1047 1554 με
1093 1463 1219 1556 χρὴ
1257 1463 1501 1554 ὄμμασι
1545 1471 1612 1545 ἔς
1651 1490 1724 1532 τε
1765 1459 2020 1553 ἀγορὴν
2063 1467 2173 1535 καὶ
2204 1467 2270 1547 ἐξ
2309 1462 2556 1556 ἀγορῆς
2595 1493 2749 1553 φοι-

470 1572 706 1638 τέοντα
733 1576 1140 1656 φαίνεσθαι;
1196 1585 1376 1649 κοῖος
1418 1571 1543 1656 μέν
1579 1593 1678 1647 τις
1717 1580 1890 1635 τοῖσι
1935 1567 2287 1657 πολιήτῃσι
2331 1568 2502 1652 δόξω
2544 1568 2752 1649 εἶναι;

471 1688 652 1753 κοῖος
681 1674 761 1740 δέ
784 1697 883 1751 τις
923 1678 1004 1760 τῇ
1047 1674 1356 1765 νεογάμῳ
1396 1676 1679 1759 γυναικί
1688 1700 1704 1750 ;
1761 1676 1924 1763 κοίῳ
1967 1670 2043 1738 δὲ
2077 1673 2302 1759 ἐκείνη
2332 1672 2507 1755 δόξει
2552 1668 2753 1758 ἀνδρὶ

470 1777 881 1853 συνοικέειν;
939 1775 1051 1864 ἐμὲ
1095 1766 1193 1844 ὧν
1234 1773 1321 1844 σύ
1352 1770 1393 1865 ἢ
1430 1778 1622 1862 μέτες
1664 1774 1838 1841 ἰέναι
1876 1774 1985 1841 ἐπὶ
2023 1770 2145 1862 τήν
2183 1774 2441 1865 θήρην,
2485 1770 2526 1864 ἢ
2573 1773 2752 1868 λόγῳ

473 1980 529 2025 et
550 1972 965 2039 amplificandae
987 1991 1156 2025 causa
1175 1976 1444 2026 adiectam
1467 1990 1565 2039 pu-

472 2050 672 2095 tamus.
745 2043 992 2093 Confert-i
1021 2050 1280 2109 poterunt
1303 2043 1565 2096 nonnulla

474 2129 540 2162 ex
562 2114 657 2174 iis,
693 2127 834 2176 quae
864 2114 934 2163 ad
955 2114 1139 2178 vigor.
1167 2115 1369 2164 adiecit
1391 2116 1560 2164 Zeun.

472 2198 525 2246 p.
566 2181 670 2232 589
707 2184 762 2230 et
798 2182 1060 2232 Abresch.
1095 2183 1166 2232 ad
1198 2183 1428 2233 Cattieri
1456 2184 1562 2234 Ga-

474 2250 609 2314 zoph
649 2247 757 2300 lac.
793 2266 845 2314 p.
878 2252 943 2300 75
968 2265 1120 2315 seqq.
1192 2252 1381 2317 Neque
1418 2253 1562 2300 enim

470 2319 559 2368 hic
633 2310 693 2366 ιὰ
724 2318 874 2368 valet
908 2322 1138 2377 invicem;
1174 2321 1241 2370 de
1266 2337 1375 2386 qua
1408 2335 1560 2384 prae-

471 2388 761 2453 positionis
808 2389 864 2436 in
913 2389 1308 2452 compositione
1361 2391 1418 2438 vi
1464 2392 1558 2439 Cr.

473 2457 710 2506 conferri
748 2457 914 2507 iubet·
936 2457 1197 2510 Valcken.
1247 2459 1319 2509 ad
1354 2458 1562 2511 Herod’.

472 2528 540 2590 V,
580 2525 662 2577 18.

796 2698 927 2748 CAP.
966 2698 1246 2751 XXXVII.

541 2790 993 2865 ἀποχρεωμένων
1038 2796 1102 2851 δὲ
1150 2768 1401 2851 τούτοισι
1448 2797 1564 2850 τῶν

385 2933 389 2938 ,
473 2867 720 2935 Μυσῶν]
758 2870 848 2919 lta
882 2870 1035 2934 libri,
1081 2887 1116 2920 a
1155 2870 1351 2935 quibus
1390 2870 1563 2920 disce-

473 2939 638 2988 dendi
674 2937 823 2988 nulla
859 2954 1045 2990 causa.
1094 2941 1179 2989 Tu
1202 2946 1379 2990 verte:
1419 2956 1565 3003 „cum

472 3022 593 3057 vero
650 3006 795 3071 Mysi
835 3007 911 3057 leis
964 3013 1182 3058 contenti
1222 3014 1454 3071 essent,“
1508 3012 1565 3056 et

474 3076 621 3127 conf.
658 3075 715 3137 1,
770 3077 870 3127 102
916 3077 1048 3142 ibiq.
1089 3082 1203 3127 not.
1276 3078 1361 3128 Ad
1396 3077 1564 3127 verba

472 3135 542 3193 οὗ
589 3141 850 3208 φαμένου
889 3142 950 3209 (i.
987 3162 1035 3198 e.
1082 3154 1295 3211 negante
1332 3145 1559 3209 Croeso)

471 3214 545 3265 cf.
582 3212 885 3263 Blomfield.
930 3215 989 3263 in
1043 3214 1285 3266 Glossar.
1341 3215 1411 3265 ad
1457 3216 1562 3266 Ae-

470 3282 642 3347 schyl.
688 3283 885 3348 Agam.
922 3283 1044 3336 361.
1116 3285 1319 3336 Noster
1369 3284 1561 3335 eodem

468 3352 629 3411 modo
665 3353 762 3415 VI,
800 3353 887 3404 61.

540 3419 650 3471 νῦν
710 3416 773 3472 δὲ
821 3412 1163 3487 ἀμφοτέρων
1213 3436 1281 3487 με
1336 3413 1560 3472 τούτων

471 3481 909 3555 ἀποκληΐσας
957 3486 1161 3559 ἔχεις]
1221 3493 1260 3542 i.
1315 3508 1362 3543 e.
1419 3500 1561 3543 tenes

468 3576 543 3610 me
578 3563 835 3611 exclusmu
871 3578 917 3612 s.
952 3562 1148 3613 minori
1184 3578 1306 3612 cum
1341 3563 1425 3612 vi:
1463 3579 1560 3613 ex-

469 3632 661 3680 clusisti
690 3647 781 3681 me.
828 3631 913 3681 De
934 3631 1211 3682 locutione
1234 3635 1561 3682 monuerunt

469 3698 797 3765 wesseling.
847 3715 913 3750 ac
959 3701 1212 3768 Schwgh.
1286 3703 1372 3752 Tu
1410 3701 1558 3753 conf.

469 3781 636 3830 supra
668 3768 714 3829 1,
754 3771 819 3819 27
860 3767 953 3821 fin.
1003 3769 1122 3821 120.
1205 3772 1272 3821 In
1316 3772 1560 3836 proxime

469 3836 757 3889 antecedd.
814 3838 885 3886 ad
940 3834 1276 3901 φοιτέοντας
1335 3855 1562 3890 accusa·

466 3904 671 3967 tivum,
745 3904 840 3954 ubi
898 3911 1120 3970 propter
1177 3923 1559 3973 praegressum

463 3963 605 4036 ἡμῖν
663 3972 908 4023 dativum
961 3977 1350 4039 exspectabas,
1410 3976 1559 4028 conf.

467 4045 611 4091 nott.
647 4041 719 4092 ad
753 4041 798 4104 Ι,
840 4042 892 4093 3.
966 4042 1102 4093 Cum
1145 4046 1404 4108 proximis
1440 4062 1560 4096 ver-

467 4109 552 4160 bis
592 4100 724 4159 οὔτε
757 4102 886 4163 τινὰ
920 4106 1140 4176 δειλίην
1163 4126 1262 4175 μοι
1295 4107 1560 4177 παριδὼν

468 4184 750 4244 comparat
779 4179 1107 4247 wesseling.
1133 4181 1417 4246 Sophoclis
1440 4198 1558 4232 ver-

465 4247 539 4298 ba
572 4249 628 4297 in
666 4248 860 4314 Oedip.
899 4250 1031 4314 Tyr.
1070 4252 1204 4301 544:
1256 4248 1475 4299 δειλίαν
1518 4239 1561 4313 ἢ

463 4315 697 4396 μωρίαν
736 4310 880 4367 ἰδών
923 4309 1039 4367 τιν’
1076 4310 1138 4367 έν
1181 4309 1332 4383 ἐμοὶ,
1389 4315 1553 4370 ταῦτ’

463 4376 776 4454 &pavissem
810 4388 1029 4452 ποιεῖν,
1067 4384 1191 4440 coll.
1227 4386 1347 4454 ipso
1380 4388 1553 4441 Hero-

1668 1971 1782 2021 dot.
1821 1972 1881 2034 1,
1931 1972 2048 2025 108.
2122 1975 2341 2025 Laudat
2389 1974 2533 2025 hunc
2574 1973 2754 2025 locum

1666 2041 1753 2093 vel
1793 2043 1976 2106 potius
2019 2059 2166 2106 eum,
2220 2046 2313 2109 qui
2349 2049 2433 2094 est
2470 2045 2627 2094 initio
2668 2060 2756 2094 ca-

1664 2112 1797 2175 pitis
1829 2114 2128 2177 sequentis,
2150 2114 2389 2164 Thomas
2412 2115 2633 2179 Mag.p.
2653 2114 2751 2165 691

1664 2179 2331 2316 };.:122.2‘“⁰⁶²⁶332‚.:¹.22‘¹
2340 2183 2755 2303 152ffi³⁰÷²i013523

1663 2318 1889 2383 Magist.
1926 2335 1980 2383 p.
2024 2320 2087 2371 16
2117 2321 2219 2372 hoc
2246 2322 2366 2372 loco
2394 2322 2564 2373 allato
2590 2320 2757 2386 expli·

1666 2392 1758 2436 cat
1810 2380 2019 2452 λύπην.
2110 2391 2174 2439 In
2228 2392 2466 2442 Bekkeri
2510 2390 2753 2442 Aneodd.

1665 2456 1711 2506 Ι.
1750 2471 1805 2521 Ρ.
1843 2456 1971 2520 352,
2007 2460 2076 2510 20
2108 2460 2364 2524 leguntur
2398 2462 2559 2511 haec:
2608 2452 2757 2509 ἀθυ-

1664 2522 1792 2589 μία·
1879 2516 2190 2591 Ἡρόδοτος
2268 2522 2329 2578 ἐν
2399 2528 2479 2598 τῷ
2549 2522 2755 2597 πρώτῳ

1663 2586 1844 2643 αὐτοῦ
1898 2589 2044 2663 λόγῳ
2110 2591 2219 2663 τὴν
2289 2589 2531 2664 ἀτυχίαν
2589 2596 2755 2663 λέγει.

1665 2663 1806 2714 Add.
1864 2666 2201 2717 Bachmanni
2270 2668 2515 2721 Anecdd.
2577 2669 2623 2721 I.
2698 2685 2756 2733 p.

1663 2734 1750 2796 40,
1792 2734 1875 2786 14.

1736 2799 1846 2850 νῦν
1890 2818 1949 2853 τε
1993 2800 2179 2854 τέοισί
2217 2818 2286 2869 με
2329 2798 2438 2871 χρὴ
2486 2822 2538 2856 κ.
2587 2823 2636 2857 τ.
2682 2805 2754 2872 λ.,]

1665 2870 1812 2922 Male
1857 2877 1986 2924 ante
2028 2875 2262 2925 Wessel.
2309 2878 2567 2938 τεοῖσι,
2632 2892 2755 2926 cnm

1664 2937 1871 3005 τέοισι,
1922 2943 2067 3008 quod
2111 2944 2248 2994 liber
2283 2944 2756 2995 Schellershemia-

1665 3025 1767 3059 nus
1790 3026 2006 3076 quoque
2028 3013 2272 3078 praebet,
2296 3014 2371 3063 sit
2388 3015 2580 3065 Ionum
2606 3032 2756 3065 more

1668 3079 1872 3129 dictum
1903 3097 2001 3144 pro
2033 3082 2165 3132 τίσι.
2202 3083 2296 3134 Sic
2315 3083 2391 3147 ΙΙ,
2423 3085 2487 3135 81
2528 3082 2670 3134 τέοι
2689 3098 2753 3134 σι

1663 3138 1977 3213 ἐγκυρήσει,
2026 3152 2073 3213 Ι,
2113 3153 2176 3202 11
2228 3147 2352 3219 τέῳ
2400 3169 2498 3218 pro
2537 3151 2651 3203 τίνι
2700 3159 2754 3203 et

1663 3215 1812 3267 alibi.
1851 3218 2010 3271 Conf.
2029 3220 2358 3287 wesseling.
2385 3222 2528 3274 adh.
2558 3222 2596 3274 1.
2653 3224 2755 3273 Μί-

1660 3300 1765 3336 nus
1822 3287 1961 3337 bene
2017 3290 2301 3341 Maittaire
2356 3292 2414 3341 in
2475 3291 2617 3342 libro
2687 3293 2755 3343 de

1662 3354 1913 3407 dialectis
1953 3355 2129 3423 (cuius
2172 3360 2354 3411 locum
2387 3360 2757 3428 adscripserat

1663 3424 1784 3491 Cr.)
1830 3442 1928 3491 pro
1963 3429 2195 3480 articulo
2241 3430 2445 3495 accipit
2488 3433 2756 3497 peiusque

1662 3494 1798 3544 adeo
1837 3496 2086 3548 Sturzius
2135 3514 2262 3565 pag.
2316 3499 2411 3550 137
2458 3516 2555 3565 pro
2604 3504 2747 3558 σοι’·ς.

1659 3563 1885 3614 Rectius
1918 3566 2189 3618 Matthiae
2225 3571 2277 3631 §-
2303 3569 2423 3620 152.
2463 3576 2579 3621 not.
2605 3573 2654 3622 1.
2694 3585 2749 3634 p.

1659 3633 1781 3684 285.
1831 3634 2229 3688 Valckenarius
2268 3638 2606 3690 coniecerat:
2644 3640 2754 3689 νῦν

1659 3715 1769 3751 τοι
1805 3698 1988 3753 τέοισί
2017 3719 2085 3769 με
2119 3699 2227 3771 χρὴ
2267 3723 2318 3757 κ.
2343 3723 2392 3758 τ.
2416 3707 2495 3772 λ.,
2533 3709 2630 3759 ubi
2663 3723 2756 3758 τοι

1660 3771 1733 3820 sit
1769 3787 1867 3836 pro
1906 3786 2014 3822 σοι.
2086 3774 2172 3824 Ad
2209 3778 2539 3828 sententiam
2576 3779 2753 3843 ipsam

1661 3839 1894 3906 denique
1950 3841 2177 3894 laudant
2235 3846 2624 3898 Demosthenis
2676 3848 2753 3898 lo-

1659 3925 1781 3960 cum
1826 3925 1894 3960 ex
1939 3917 2077 3963 orat.
2136 3928 2233 3978 pro
2289 3930 2479 3968 coron.
2524 3933 2579 3983 p.
2630 3916 2751 3969 174.

1662 3978 1728 4028 In
1774 3994 1928 4045 seqq.
1978 3983 2176 4047 scripsi
2215 3977 2376 4048 μέτες
2422 4002 2520 4051 pro
2556 3983 2751 4050 μέθες,

1660 4047 2016 4099 Schaeferum
2054 4056 2110 4102 et
2155 4058 2385 4105 recentt.
2436 4054 2559 4106 edd.
2600 4070 2752 4106 secu-

1660 4120 1776 4179 tus;
1824 4118 1936 4168 vid.
1975 4120 2208 4172 BredOV.
2247 4137 2303 4186 p.
2343 4122 2433 4176 93.
2505 4125 2637 4175 Mox
2673 4120 2750 4174 ἰέ-

1659 4200 1752 4235 ναι
1790 4177 1882 4236 ἔπὶ
1917 4179 2024 4252 τὴν
2053 4182 2253 4255 θήρην
2289 4198 2375 4242 est
2402 4202 2630 4245 venatum
2650 4196 2747 4259 ire,

1655 4257 1717 4304 ut
1751 4259 1898 4306 recte
1933 4256 2172 4309 reddidit
2205 4260 2480 4313 Kuehner.
2518 4262 2610 4313 Gr.
2649 4263 2746 4313 Gr.

1654 4323 1704 4385 ἃ.
1733 4324 1856 4386 613.
1916 4326 2003 4376 Tu
2039 4328 2185 4379 conf.
2223 4329 2293 4380 de
2322 4330 2746 4397 praepositionis

1653 4406 1758 4444 usu
1795 4399 1936 4445 nott.
1977 4394 2048 4446 ad
2082 4396 2129 4461 1,
2169 4398 2255 4450 84.
