3109 5092
1301 341 1550 405 CLIO.
1595 344 1648 406 Ι.
1696 354 1818 409 115.
2568 344 2692 410 247

415 517 553 581 τῶν
590 508 725 581 ὑπὸ
762 512 1001 600 Κύρου
1042 508 1317 602 ἤντησε,
1363 516 1583 601 λέγων
1621 516 1697 585 δὲ
1736 512 1820 585 οὐ
1857 515 2096 604 Κύρου
2146 513 2257 596 (οὗ
2294 517 2423 606 γάρ
2468 546 2565 586 κω
2607 508 2693 605 ἦν

415 620 612 682 τοῦτο
637 612 962 704 τοῦνομα)
980 664 999 698 ,
1046 610 1215 684 ἀλλὰ
1253 614 1415 704 πρὸς
1442 622 1564 686 τοῦ
1596 619 1931 704 βουκόλου
1958 624 2077 688 τοῦ
2110 615 2501 706 Ἀστυάγεος
2535 648 2688 689 παι-

420 715 550 796 δός.
597 713 669 785 ‘0
698 718 774 787 δὲ
807 715 1252 809 Ἀρτεμβάρης
1277 716 1468 808 ὀργῇ,
1498 715 1589 799 ὥς
1620 722 1775 809 εἶχε,
1809 719 2036 791 ἐλθών
2064 719 2244 809 παρὰ
2272 720 2389 791 τόν
2411 719 2687 790 Ἀστυοὶ-

417 846 574 905 γεα,
619 821 732 889 καὶ
766 815 903 908 ἅμα
929 817 1251 908 ἀγόμενος
1277 819 1394 892 τὸν
1431 829 1671 907 παῖδα,
1715 822 2003 911 ἀνάρσια
2030 822 2383 912 πρήγματα
2407 830 2536 910 ἔφη
2567 850 2684 892 πε-

418 924 779 1007 πονθέναι,
812 925 1060 1010 λέγων·
1095 914 1177 992 Ὦ
1204 930 1516 1011 βασιλεῦ,
1548 921 1683 995 ὑπὸ
1711 933 1834 995 τοῦ
1859 931 1984 995 σοῦ
2020 926 2305 1010 δούλου,
2350 925 2689 1014 βουκόλου

419 1024 492 1092 δὲ
559 1023 836 1108 παιδὸς,
907 1015 1039 1095 ὦδε
1096 1035 1671 1117 περιυβρίσμεθα,
1742 1027 2013 1109 δεικνὺς
2071 1034 2193 1097 τοῦ
2247 1027 2482 1110 παιδὸς
2533 1030 2688 1112 τούς

419 1125 658 1215 ὤμους.
724 1127 1043 1208 Ἀκούσας
1083 1128 1157 1198 δὲ
1199 1132 1311 1198 καὶ
1354 1128 1521 1199 ἰδών
1547 1126 1584 1199 ὁ
1618 1128 2015 1220 Ἀστυάγης,
2054 1134 2283 1200 θέλων
2319 1139 2687 1221 τιμωρῆσαι
2713 1148 2825 1210 115

417 1234 506 1322 τῷ
545 1233 737 1299 παιδὶ
785 1236 976 1319 τιμῆς
1019 1239 1135 1321 τῆς
1161 1228 1639 1321 Ἀρτεμβάρεος
1679 1240 1936 1320 εἵνεκα,
1978 1236 2431 1323 μετεπέμπετο
2472 1235 2590 1305 τόν
2616 1264 2688 1306 τε

415 1331 749 1419 βουκόλον
777 1335 890 1401 καὶ
916 1332 1034 1403 τὸν
1062 1341 1290 1404 παῖδα.
1353 1338 1505 1404 ἐπεί
1536 1363 1608 1404 τε
1644 1337 1719 1406 δὲ
1750 1342 2059 1427 παρῆσαν
2086 1334 2452 1426 ἀμφότεροι
2472 1390 2489 1422 ,
2531 1343 2686 1426 βλέ-

413 1449 544 1516 ψας
586 1434 752 1522 πρὸς
794 1433 913 1505 τὸν
952 1442 1188 1525 Κῦρον
1230 1433 1266 1507 ὁ
1298 1434 1690 1526 Ἀστυάγης,
1746 1446 1909 1528 ἔφη·
1983 1438 2094 1508 Σύ
2141 1437 2257 1528 δὴ,
2314 1439 2446 1510 ε’ὠν
2484 1447 2685 1512 τοῦδε

413 1537 724 1607 τοιούτου
778 1538 1002 1619 ἐόντος
1058 1555 1247 1625 παῖς,
1319 1540 1680 1629 ἐτόλμησας
1731 1541 1849 1612 τὸν
1901 1547 2101 1613 τοῦδε
2155 1549 2399 1629 παῖδα,
2464 1543 2688 1625 ἐόντος

415 1638 685 1727 πρώτου
714 1638 873 1726 παρ’
907 1643 1086 1729 ἐμοὶ,
1126 1637 1380 1731 ἀεικείῃ
1423 1647 1651 1731 τοιῇδε
1690 1662 2081 1735 περισπεῖν;
2144 1640 2216 1712 Ὁ
2264 1646 2338 1714 δὲ
2377 1643 2689 1735 ἀμείβετο

418 1732 581 1811 ὦδε·
643 1735 726 1811 ’.Ω
756 1746 1075 1829 δέσποτα,
1120 1743 1250 1831 ἐγω
1282 1745 1357 1814 δὲ
1395 1752 1605 1814 ταῦτα
1631 1753 1869 1817 τοῦτον
1911 1752 2190 1837 ἐποίησα
2218 1747 2348 1816 σὺν
2386 1755 2575 1837 δίκῃ·
2626 1756 2695 1818 οἰ

326 1869 398 1924 53
417 1845 546 1932 γάρ
571 1873 654 1933 με
683 1848 756 1913 ἐκ
783 1851 900 1932 τῆς
925 1845 1150 1934 κώμης
1178 1854 1445 1935 παῖδες,
1486 1854 1627 1917 τῶν
1653 1853 1764 1919 καὶ
1792 1841 1976 1919 ὅδε*
1935 1879 2054 1940 ην,
2086 1857 2426 1931 παίζοντες
2457 1855 2687 1938 σφέων

414 1944 641 2016 αὐτῶν
681 1947 1039 2036 ἐστήσαντο
1090 1954 1401 2038 βασιλέα·
1475 1951 1749 2022 ἐδόκεον
1804 1953 1933 2042 γάρ
1985 1973 2107 2039 σφι
2166 1950 2337 2019 εἶναι
2383 1955 2450 2032 ἐς
2495 1958 2690 2022 τοῦτο

415 2050 956 2138 ἐπιτηδειότατος.
996 2055 1066 2120 οἰ
1084 2055 1210 2140 μέν
1235 2081 1366 2123 νυν
1395 2050 1587 2123 ἄλλοι
1628 2061 1862 2134 παῖδες
1906 2051 1986 2122 τὰ
2016 2054 2504 2142 ἐπιτασσόμενα
2533 2058 2685 2125 ἐπε-

485 2206 554 2265 οὗ
604 2207 712 2280 γάρ
753 2232 834 2265 κω
879 2202 953 2280 ἦν
999 2214 1168 2265 τοῦτο
1221 2206 1494 2282 τοῦνομα]
1602 2220 1716 2282 ΙΙΙ,
1772 2221 1855 2272 10.
1894 2222 1969 2282 V,
2020 2220 2108 2272 89.
2149 2219 2236 2270 90.
2285 2222 2392 2284 IX,
2441 2222 2505 2272 37
2565 2221 2688 2272 coll.

409 2286 497 2336 Ex
533 2285 636 2335 hoe
671 2284 793 2336 loco
821 2286 959 2336 satis
1005 2291 1183 2350 patet,
1235 2289 1359 2352 Cyri
1401 2303 1497 2336 no-

411 2370 535 2404 men
569 2360 870 2405 assumtum
905 2356 1118 2406 demum
1156 2371 1296 2417 esse,
1330 2371 1495 2420 quum

410 2424 483 2473 ad
516 2438 743 2488 regnum
779 2425 895 2488 ipse
932 2428 1080 2474 esset
1114 2429 1366 2486 evectus,
1401 2425 1496 2489 qui

415 2497 556 2542 teste
591 2494 862 2543 Strabone
895 2494 1015 2544 XV.
1054 2509 1107 2557 p.
1148 2494 1250 2543 729
1280 2495 1500 2544 s.1060

409 2562 559 2625 prius
618 2563 923 2613 vocabatur
973 2554 1333 2626 Ἀγραδάτης.
1421 2564 1500 2612 Ac

411 2631 542 2694 Cyri
593 2647 790 2681 nomen
841 2632 917 2680 nil
968 2632 1118 2682 aliud
1182 2632 1290 2682 nisi
1333 2631 1500 2680 Solem

408 2699 718 2764 significare
753 2700 986 2765 indeque
1030 2699 1248 2750 titulum
1289 2701 1500 2764 regium

413 2769 596 2833 potius
632 2769 825 2829 videri,
862 2785 927 2818 ex
969 2769 1102 2832 ipsis
1140 2774 1386 2819 veterum
1420 2776 1500 2819 te-

413 2838 685 2888 stimoniis
723 2840 862 2887 satis
900 2842 1137 2888 constat.
1201 2838 1326 2888 vid.
1375 2839 1501 2888 Plu-

414 2906 588 2959 tarch.
622 2909 908 2959 Artaxerx.
951 2907 998 2957 1.
1025 2907 1244 2957 Ctesiae
1257 2907 1496 2957 Persice.

415 2979 469 3036 §-
517 2975 585 3024 49
629 2981 685 3026 et
728 2992 869 3041 quae
914 2976 993 3026 ibi
1032 2976 1197 3025 attuli
1232 2991 1357 3040 pag.
1399 2976 1500 3025 194

416 3059 589 3109 seqq„
615 3044 813 3109 quibus
837 3061 980 3095 nunc
1015 3046 1146 3096 addi
1175 3044 1338 3094 velim
1363 3044 1503 3094 Len-

417 3113 584 3176 gerke
620 3114 693 3164 ad
721 3113 938 3164 Daniel.
974 3130 1102 3178 pag.
1144 3113 1247 3165 289
1282 3129 1397 3177 seq.
1436 3113 1503 3162 In

419 3183 668 3232 cuneatis
713 3183 1163 3248 inscriptionibus
1207 3182 1387 3233 adhuc
1424 3198 1506 3231 re-

413 3251 585 3314 pertis
646 3251 777 3315 Cyri
833 3267 1028 3301 nomen
1084 3252 1285 3315 legitur
1341 3250 1502 3300 modo

412 3319 606 3380 Karza,
647 3319 808 3370 modo
841 3321 1038 3382 Kar-as,
1076 3321 1251 3384 patris
1287 3321 1504 3369 nomine

410 3403 521 3438 non
575 3388 794 3450 addito,
847 3395 911 3439 ut
971 3404 1053 3438 me
1114 3389 1334 3440 edocuit
1396 3388 1501 3439 Ad.

409 3455 764 3510 Holtzmann.
873 3459 1254 3509 Recentiorum
1311 3458 1505 3507 Persa-

408 3541 528 3575 rum
568 3541 727 3590 reges
773 3526 950 3576 adhuc
1000 3527 1135 3577 Solis
1184 3527 1505 3591 cognomine

411 3595 596 3643 ornari
631 3610 792 3645 nemo
833 3597 1029 3646 nescit.
1063 3625 1136 3634 —-
1208 3596 1274 3645 In
1321 3595 1503 3644 vesbis

411 3664 864 3742 antecedentibus
943 3664 1259 3728 scripsimus
1346 3677 1503 3727 περι-

412 3727 544 3780 έσπε
594 3748 694 3798 pro
742 3731 1039 3795 περίεσπε,
1094 3736 1156 3782 ut
1211 3732 1339 3783 olim
1384 3737 1504 3783 erat

410 3800 764 3916 ἰΙιέιΡιοεεαως
827 3801 1147 3931 adcverba·
1213 3799 1330 3850 τῶν
1372 3791 1507 3920 ἔτιτὸ

465 3883 612 3932 υρου
669 3882 880 3933 ηντησε
937 3887 956 3918 ι
1026 3886 1056 3920 e
1123 3886 1254 3934 quae
1300 3886 1334 3920 a
1407 3885 1506 3934 yro

411 3941 719 3999 accepisset,
772 3953 962 4018 passus
1016 3939 1170 4002 esset)
1229 3938 1376 3988 conf.
1424 3939 1503 4000 ΙΙ,

415 4005 516 4055 119
590 4004 859 4084 (ξεινίων
922 3997 1132 4084 ἤντησε
1192 4020 1260 4069 με
1295 3999 1501 4068 (ἔλων).

413 4074 595 4124 Verba
640 4065 887 4137 ἀνάρσια
921 4067 1219 4138 πρήγματα
1287 4090 1368 4138 φη
1404 4088 1500 4124 πε-

411 4140 702 4191 πονθέναι
724 4142 911 4191 attulit
933 4142 1230 4193 Blomfield.
1259 4144 1318 4191 in
1349 4142 1502 4193 Glos-

411 4225 522 4261 sar.
579 4210 656 4260 ad
710 4209 966 4275 Aeschyl.
1008 4213 1323 4287 Agamemn.
1378 4211 1499 4273 494,

410 4279 694 4343 explicans
765 4294 956 4328 vocem
1027 4271 1304 4343 ἀνάρσια,
1377 4281 1501 4329 iniu-

409 4347 604 4409 cunda,
657 4349 874 4397 inimica.
935 4348 1022 4397 Ex
1054 4347 1317 4398 Herodot.
1356 4350 1502 4400 conf.

1606 2289 1721 2340 110.

1971 2459 2102 2509 CAP.
2142 2459 2307 2509 CXV.

1672 2558 1836 2624 τιμῆς
1878 2559 1980 2626 τῆς
2030 2551 2423 2626 Ἀρτεμβάρεος
2477 2556 2690 2623 εἵνεκα]

1602 2627 1793 2678 εἵνεκα
1836 2630 1894 2678 1ιι
1944 2629 2466 2681 Schellershemiano
2526 2635 2580 2677 et
2634 2629 2690 2676 in

1604 2698 1881 2748 Sancrofti
1945 2699 2084 2748 libro
2156 2698 2373 2761 alioque
2436 2697 2688 2745 Parisino

1603 2783 1725 2818 cum
1771 2772 1935 2826 esset,
1981 2768 2313 2818 adscivimus
2366 2770 2491 2829 post
2534 2765 2694 2816 Gais-

1604 2835 1856 2886 sordium.
1891 2837 2069 2901 Vulgo
2109 2829 2292 2885 ἕνεκα.
2337 2833 2544 2883 Eadem
2582 2834 2693 2883 sere

1604 2905 1857 2955 lectionis
1892 2906 2132 2955 varietas
2183 2905 2329 2954 haud
2376 2904 2692 2967 infrequens

1603 2974 1749 3038 apud
1782 2976 2130 3036 Pausaniam,
2180 2975 2247 3024 de
2288 2989 2392 3038 qno
2441 2972 2693 3024 Siebelis.

1604 3044 1746 3106 adl,
1777 3046 1830 3094 5.
1861 3047 1911 3106 ξ.
1941 3045 1993 3095 4.
2030 3013 2136 3095 Sed
2171 3043 2476 3094 Schubarto
2501 3044 2692 3104 (Prae-

1604 3114 1705 3162 fat.
1746 3113 1814 3162 ad
1837 3115 2076 3164 Pausan.
2106 3112 2228 3165 Vol.
2256 3112 2333 3162 11.
2358 3129 2411 3177 p.
2431 3112 2688 3177 XXXII.)

1604 3182 1777 3231 forma
1816 3175 1979 3230 ἕνεκα
2028 3183 2227 3248 ubique
2268 3182 2577 3231 Pausaniae
2612 3197 2692 3231 re·

1603 3251 1883 3301 stituenda
1944 3252 2181 3302 videtur.
2273 3251 2339 3299 In
2407 3249 2689 3299 Herodoto

1604 3335 1767 3369 unam
1815 3321 2044 3370 formam
2088 3318 2306 3369 εἵνεκεν
2353 3318 2484 3367 ferri
2528 3332 2692 3381 posse

1604 3389 1887 3438 contendit
1906 3386 2336 3452 Bredov.p.109
2374 3401 2508 3450 seq„
2549 3402 2692 3435 eam-

1605 3472 1710 3522 que
1732 3457 1836 3506 hoc
1864 3453 1983 3506 loco
2006 3456 2249 3520 reposuit
2273 3453 2520 3502 Dietsch.
2556 3454 2693 3502 Mihi

1605 3532 1836 3589 utraque
1871 3526 2047 3575 forma
2080 3525 2280 3574 Noster
2309 3522 2447 3571 bene
2480 3521 2563 3570 uti
2598 3536 2692 3585 po-

1604 3594 1779 3644 tuisse
1822 3593 2057 3643 videtur.
2132 3591 2217 3640 Ad
2265 3580 2498 3653 ἀεικείῃ,
2545 3589 2692 3654 quod

1604 3678 1769 3712 unum
1805 3677 1991 3711 verum
2024 3661 2215 3718 habeo,
2254 3658 2328 3708 cf.
2366 3662 2507 3708 nott.
2546 3658 2617 3707 ad
2643 3659 2689 3720 Ι,

1610 3731 1697 3781 73.
1736 3730 2011 3780 Gaisford.
2051 3729 2276 3778 dederat
2310 3717 2512 3805 ἆεικίῃ.
2569 3728 2691 3776 Vim

1609 3799 1836 3850 voculae
1873 3791 1946 3863 δὴ
1993 3799 2075 3863 (in
2120 3796 2300 3845 verbis
2346 3787 2414 3843 σύ
2459 3777 2530 3858 δὴ
2583 3786 2693 3844 ἐών

1607 3864 1779 3918 τοῦδε
1836 3882 1886 3916 κ.
1937 3882 1985 3915 τ.
2030 3865 2107 3928 λ.)
2161 3879 2331 3928 nuper
2390 3863 2694 3915 illustravit

1607 3936 1792 3987 Heller
1850 3935 1906 3984 in
1961 3934 2360 3984 Schneidewin.
2418 3932 2689 3999 Philolog.

1605 4005 1760 4055 VIII.
1808 4020 1861 4069 p.
1915 4003 2045 4062 2973
2102 4019 2228 4053 nam
2280 4003 2690 4068 pronominibus

1605 4074 1721 4124 sive
1766 4072 2138 4138 personalibus
2184 4074 2302 4122 sive
2358 4071 2692 4122 demonstra-

1602 4144 1732 4192 tivis
1790 4144 1869 4192 sic
1932 4141 2174 4204 additur,
2231 4147 2294 4192 ut
2339 4157 2522 4191 eorum
2580 4143 2692 4191 vim

1601 4217 1803 4278 augeat
1840 4216 1894 4261 et
1920 4210 2229 4275 amplificet.
2264 4212 2347 4261 Ad
2383 4211 2495 4259 vim
2526 4212 2693 4274 parti-

1604 4282 1760 4342 culae
1795 4275 1859 4330 δὲ
1897 4282 1978 4344 (in
2024 4281 2207 4330 verbis
2255 4271 2358 4344 ἐγώ
2405 4272 2469 4327 δὲ
2512 4277 2692 4328 ταῦτα

1604 4365 1656 4398 κ.
1691 4366 1739 4399 τ.
1779 4348 1852 4414 λ.)
1887 4354 2013 4414 post
2051 4349 2365 4399 vocativum
2405 4349 2463 4397 in
2507 4348 2693 4415 appel-
