3109 5092
487 308 610 370 320

1346 304 1885 367 HERODOTI

483 478 608 570 τὴν
646 477 939 569 Ἰβηρίην
974 479 1085 547 καὶ
1122 475 1241 547 τὸν
1292 476 1679 568 Ταρτησσὸν
1727 467 1921 548 οὗτοί
1967 484 2096 549 εἰσι
2142 485 2214 549 oc
2255 483 2756 564 καταδέξαντες.

485 589 954 665 ἐναυτίλλοντο
991 582 1067 650 δὲ
1103 578 1186 650 οὐ
1222 583 1673 679 στρογγύλῃσι
1716 585 1953 672 νηυσὶ,
1994 580 2166 653 ἀλλὰ
2202 588 2752 676 πεντηκοντέροι-

482 710 570 756 σι.
654 684 1047 775 ἇπικόμενοι
1098 685 1174 755 δὲ
1226 688 1295 765 ἐς
1350 683 1468 755 τὸν
1528 684 1915 778 Ταρτησσὸν
1979 691 2384 779 προσφιλέες
2446 692 2757 775 ἐγένοντο

481 796 573 884 τῷ
613 793 880 878 βασιλέϊ
914 794 1054 858 τῶν
1100 795 1568 880 Ταρτησσίων,
1613 795 1709 884 τῷ
1747 788 2004 879 οὕνομα
2047 791 2173 881 μὲν
2221 784 2308 881 ἦν
2361 789 2752 884 Ἀργανθώ-

481 948 694 1022 τησσόν
741 957 870 1023 (IV,
921 957 1072 1023 152),
1120 962 1275 1008 extra
1316 956 1571 1008 Herculis

483 1027 763 1078 columnas
809 1028 974 1077 situm
1023 1027 1351 1105 emporium.
1404 1032 1572 1105 atque

482 1098 562 1147 sic
599 1098 766 1147 etiam
803 1097 905 1147 hoc
941 1096 1061 1147 loco
1097 1089 1198 1145 τὸν
1236 1089 1571 1161 Ταρτησσὸν

480 1183 589 1217 ιιοιι
639 1167 707 1217 de
752 1166 943 1228 fluvi0,
995 1166 1091 1215 sed
1139 1165 1205 1216 de
1250 1166 1385 1216 urbe
1430 1165 1570 1216 eius-

481 1252 586 1301 que
622 1237 830 1286 ditione
863 1235 1170 1309 intelligere
1198 1235 1406 1297 malim,
1446 1249 1569 1285 cum

482 1322 606 1356 mox
639 1309 899 1370 sequatur
934 1297 1302 1369 ἐτυράννευσε
1330 1299 1394 1353 δὲ
1421 1303 1567 1368 Ταρ-

479 1373 695 1459 τῃσσοῦ
731 1376 946 1456 ipsique
980 1374 1191 1423 incolae
1223 1372 1568 1438 appellentur

482 1458 545 1495 οι.
581 1440 942 1510 Ταρτήσσιοι.
1013 1441 1173 1492 Hanc
1212 1458 1339 1492 vero
1379 1442 1590 1491 urbem·

481 1530 604 1564 cum
632 1514 839 1564 ditione
875 1528 976 1563 sua
1004 1513 1151 1562 circa
1186 1514 1330 1562 ostia
1357 1512 1566 1574 Baetis,

479 1584 575 1649 qui
599 1590 654 1633 et
674 1584 792 1649 ipse
810 1584 1103 1633 Tartessus
1126 1587 1379 1644 vocatur,
1405 1594 1569 1647 quae·

479 1653 701 1703 rendam
738 1669 857 1704 esse
893 1654 987 1702 vix
1039 1651 1261 1701 dubium
1311 1651 1442 1700 mihi
1488 1651 1569 1699 vi·

480 1721 667 1772 detur:
713 1738 887 1788 neque
924 1721 1121 1772 iniuria
1155 1720 1258 1771 hac
1297 1721 1363 1770 de
1398 1734 1569 1770 causa

479 1791 546 1842 de
587 1792 706 1842 loco
726 1829 741 1855 ,
788 1792 877 1842 cui
913 1807 1058 1841 nunc
1092 1806 1289 1841 nomen
1323 1789 1430 1839 San
1462 1791 1569 1838 Lu-

476 1877 573 1911 car
607 1863 669 1912 de
695 1862 1017 1921 Bar-amedu,
1048 1861 1391 1926 cogitaverat
1408 1860 1566 1922 Miot,

478 1931 617 1981 alter
648 1931 837 1982 Gallus
862 1932 1147 1995 interpres.
1202 1931 1286 1980 De
1304 1929 1566 1979 Tartesso

477 1999 722 2064 pluribus
773 2001 1121 2066 disputarunt
1154 1999 1330 2049 Ukert
1363 1999 1561 2062 Geogr.

478 2068 532 2119 d.
575 2069 790 2119 Griech.
829 2085 885 2118 ιι.
921 2071 1107 2118 Roem.
1146 2068 1235 2131 11,
1278 2069 1327 2118 1.
1365 2083 1419 2132 p.
1459 2069 1559 2117 241

477 2153 630 2202 seqq.
657 2137 893 2188 Clessin:
928 2136 1483 2200 Realencyclopaedie
1506 2152 1560 2186 v.

476 2207 653 2270 Pauly
688 2207 784 2257 VI.
818 2209 870 2257 2.
894 2221 948 2270 p.
975 2205 1103 2255 1627
1132 2220 1286 2269 seqq.
1318 2205 1563 2253 Movere:

476 2276 581 2324 Die
615 2274 936 2325 Phoenizier
969 2274 1047 2336 11,
1085 2276 1139 2324 2.
1175 2290 1229 2338 Ρ.
1269 2275 1370 2323 002
1409 2288 1560 2337 seqq.

477 2345 581 2396 610
616 2359 767 2410 seqq.
830 2347 981 2407 Quae
1008 2343 1055 2392 si
1078 2344 1418 2408 respicimus,
1444 2344 1564 2391 mit-

478 2422 594 2463 tere
635 2430 767 2468 sane
803 2413 1131 2478 poterimus,
1168 2427 1311 2476 quae
1346 2412 1564 2461 hancin

477 2499 589 2532 rem
635 2484 878 2548 disputat
928 2481 1173 2532 Graslin:
1226 2483 1311 2531 De
1345 2480 1564 2531 l’Iberie

477 2567 546 2602 ou
581 2554 743 2603 Essai
775 2554 1007 2618 critique
1034 2548 1150 2601 etc:
1186 2552 1373 2615 (Paris
1406 2551 1562 2616 18:38)

475 2638 528 2686 p.
569 2624 632 2673 51
672 2638 822 2688 seqq.
867 2623 963 2672 102
1000 2635 1151 2685 seqq.
1193 2622 1289 2671 113
1324 2636 1475 2685 seqq.
1511 2624 1567 2670 et

475 2707 614 2756 quae
659 2708 831 2757 nuper
886 2689 1168 2742 contendit
1212 2689 1451 2740 Redslob
1508 2691 1565 2738 in

475 2762 958 2824 commentatione,
1020 2774 1161 2824 quae
1216 2760 1562 2809 inscribitur.

476 2831 796 2892 Tartessus‚
846 2831 932 2880 ein
970 2830 1195 2893 Beitrag
1233 2844 1329 2877 zur
1363 2828 1560 2879 Gesch.

475 2904 582 2949 etc.
619 2900 943 2964 (Hamburg.
972 2897 1178 2962 lem),
1217 2898 1311 2947 ubi
1347 2899 1566 2948 Tartes-

474 2983 592 3017 sum
630 2983 738 3017 non
761 2968 924 3018 aliam
954 2982 1075 3017 esse
1098 2965 1216 3015 vult
1241 2971 1407 3030 atque
1428 2968 1563 3017 Der-

473 3041 652 3086 tosam
673 3053 717 3086 s.
742 3038 1060 3097 Tortosam,
1092 3040 1154 3084 ut
1176 3050 1321 3085 nunc
1341 3041 1559 3098 vocant,

473 3106 545 3155 ad
574 3106 709 3155 Ebri
735 3108 880 3156 ostia
906 3072 1094 3164 sitam3
1132 3104 1203 3153 cf.
1231 3120 1285 3168 p.
1311 3106 1375 3154 27
1403 3120 1556 3171 seqq.

544 3164 714 3225 οὗτοί
743 3171 849 3224 εἰσι
887 3167 947 3222 οἷ
978 3168 1407 3251 καταδέξαντες]
1454 3176 1560 3224 Eo-

474 3245 596 3295 dem
633 3243 944 3310 significatu
966 3236 1403 3291 καταδεικνύναι
1429 3234 1561 3293 mbu-

471 3315 686 3377 strandi,
712 3313 990 3376 aperiendi,
1019 3311 1254 3376 indeque
1274 3313 1553 3376 detegendi,

470 3384 755 3434 inveniendi
786 3382 931 3432 infra
962 3381 1008 3444 Ι,
1035 3381 1156 3432 171.
1187 3379 1309 3432 coll.
1340 3383 1436 3444 IV,
1464 3384 1551 3432 42.

468 3453 607 3516 VII,
646 3454 769 3503 215.
850 3452 1032 3515 Atque
1077 3450 1180 3501 hoc
1224 3452 1343 3515 ipso
1387 3451 1553 3501 verbo

467 3522 807 3572 Herodotum
840 3521 931 3571 vix
963 3519 1099 3570 illud
1135 3525 1348 3571 tantum
1378 3519 1554 3570 decla-

468 3606 587 3641 rare
624 3592 863 3641 voluisse
899 3589 1176 3640 existimat
1210 3590 1271 3640 C.
1294 3590 1360 3640 Ο.
1388 3590 1556 3639 Muel-

465 3657 563 3712 ler.
604 3658 878 3725 (Etrusco.
901 3661 949 3711 I.
990 3675 1046 3723 p.
1073 3659 1214 3723 192),
1246 3659 1555 3710 Phocaeen-

470 3744 559 3779 ses
595 3730 934 3794 Tyrrhenum
967 3743 1114 3778 mare
1146 3730 1554 3793 pernavigasse‚

469 3798 565 3847 sed
614 3800 795 3863 potius
843 3798 1005 3860 illud,
1054 3799 1254 3862 primos
1298 3814 1556 3849 commer-

468 3866 612 3916 cium
629 3869 934 3918 instituisse
960 3882 1081 3917 cum
1101 3868 1397 3932 Tyrrhenis
1420 3868 1555 3931 Tyr-

467 3934 754 3985 rhenorum
789 3937 912 4002 ipsa
957 3938 1012 3985 in
1049 3941 1194 3985 terra
1227 3937 1553 4002 (eodemque

467 4003 625 4053 modo
665 4006 829 4054 etiam
873 4020 994 4054 cum
1032 4003 1375 4068 Tartessiis).
1445 4006 1555 4054 Ini-

466 4073 602 4121 tium
664 4089 792 4123 vero
852 4074 1264 4138 navigationum
1324 4076 1551 4124 istarum

466 4140 607 4190 idem
630 4142 714 4190 vir
750 4142 943 4192 doctus
975 4142 1050 4206 (Ρ.
1080 4142 1199 4207 193)
1229 4145 1383 4207 ponit
1408 4145 1554 4193 circa

467 4211 684 4290 Olymp.
721 4210 1052 4260 tricesimam
1096 4211 1183 4260 vel
1216 4213 1549 4262 vicesimam.

536 4270 604 4327 οὗ
688 4271 1058 4343 στρογγύλῃσι
1135 4276 1334 4343 νηυσὶ,
1416 4272 1553 4330 ἀλλὰ

464 4331 985 4415 πεντηκοντέροισι]
1025 4348 1183 4400 Conf.
1210 4364 1352 4414 quae
1386 4365 1552 4415 supra

1673 955 2073 1022 disputavimus
2109 958 2181 1008 ad
2217 958 2263 1022 I,
2300 961 2349 1009 2.
2401 960 2544 1010 Nam
2574 965 2758 1010 rotun-

1674 1025 1757 1074 dis
1793 1027 2025 1078 navibus
2073 1027 2240 1093 vulgo
2292 1028 2421 1079 olim
2464 1030 2759 1079 utebantur

1671 1094 1744 1144 ad
1803 1098 2151 1160 commercia,
2224 1097 2403 1163 longis
2463 1099 2534 1147 ad
2591 1098 2755 1149 bella.

1671 1165 1816 1215 Hinc
1853 1171 1917 1217 ut
1967 1166 2244 1231 peculiare
2285 1171 2480 1217 notare
2526 1167 2758 1218 debebat

1669 1235 2000 1299 Herodotus,
2028 1237 2424 1300 Phocaeenses‚
2464 1252 2599 1303 quos
2622 1253 2757 1287 mer·

1669 1310 1894 1354 caturae
1928 1320 2096 1356 causa
2137 1306 2463 1372 navigantes
2506 1306 2755 1357 rotundis

1668 1374 1751 1421 uti
1772 1374 2003 1424 navibus
2029 1382 2449 1425 consentaneum
2469 1383 2604 1440 erat,
2629 1391 2756 1441 pen-

1669 1444 1962 1493 teconteris
1999 1444 2170 1495 fuisse
2207 1460 2362 1508 usos,
2410 1460 2551 1511 quae
2586 1460 2755 1495 naves

1671 1511 1741 1561 ad
1789 1512 2041 1562 bellicum
2097 1529 2256 1564 usum
2305 1515 2455 1564 fuere
2507 1521 2754 1579 paratae,

1670 1581 2068 1647 quinquaginta
2103 1585 2265 1633 remis
2302 1599 2410 1634 uno
2448 1584 2638 1633 ordine
2674 1584 2757 1633 in·-

1670 1657 1930 1702 structae.
1996 1652 2082 1701 Cf.
2120 1667 2260 1716 quae
2297 1652 2367 1702 ad
2390 1654 2607 1703 Ctesiae
2626 1655 2754 1704 Per-

1671 1720 1785 1769 sica
1821 1721 1993 1771 citavi
2026 1736 2153 1786 pag.
2204 1725 2318 1772 142.
2380 1723 2482 1772 His
2508 1738 2634 1772 vero
2661 1737 2755 1771 na-

1668 1790 1828 1839 vibus
1851 1791 2229 1840 Phocaeenses
2255 1791 2312 1840 in
2331 1791 2638 1841 huiusmodi
2661 1807 2754 1841 na-

1667 1859 2038 1924 vigationibus
2059 1861 2142 1909 uti
2171 1876 2394 1911 necesse
2412 1867 2547 1925 erat,
2587 1876 2754 1926 qnon-

1665 1927 1774 1977 iam
1824 1929 2162 1993 Tyrrhenum
2212 1931 2354 1996 quod
2402 1932 2558 1980 aiunt
2601 1946 2749 1980 mare

1666 2000 1796 2047 tunc
1855 1999 2052 2048 Tuscis
2125 1999 2426 2049 latronibus
2486 1999 2750 2064 repletum

1666 2072 1812 2130 erat,
1850 2067 2052 2133 illoque
2088 2074 2327 2133 tempore
2363 2069 2530 2119 Tusci
2564 2069 2621 2117 in
2657 2069 2750 2118 illo

1663 2138 1802 2185 mari
1858 2137 2127 2188 classibus
2187 2139 2635 2203 dominabantur,
2697 2144 2752 2188 et

1665 2210 1778 2254 tum
1815 2208 2153 2258 commerciis
2201 2214 2314 2258 tum
2365 2224 2494 2259 vero
2535 2208 2752 2290 potissi-

1664 2288 1810 2323 mum
1831 2272 2136 2325 latrociniis
2170 2278 2408 2327 cuiusvis
2433 2279 2647 2343 generis
2673 2279 2752 2326 in-

1667 2344 1850 2409 signes
1889 2343 2136 2411 adeoque
2170 2346 2402 2396 infames
2441 2348 2610 2397 fuere.
2662 2347 2748 2396 Cr.

1665 2413 1880 2462 confert
1921 2414 2185 2465 Niebuhr.
2222 2417 2413 2466 Roem.
2457 2415 2654 2467 Gesch.
2701 2415 2747 2465 1.

1665 2497 1720 2546 p.
1746 2482 1844 2533 130
1875 2497 1993 2547 seq.
2021 2483 2105 2534 ed.
2142 2499 2252 2534 sec.
2310 2485 2396 2535 Tu
2430 2484 2554 2536 add.
2580 2484 2753 2535 Muel-

1667 2552 1763 2601 ler.
1799 2550 1836 2602 l.
1876 2550 1911 2601 l.
1949 2568 2004 2617 Ρ.
2049 2553 2167 2605 192.
2207 2555 2331 2605 288.

1735 2617 1815 2685 τῷ
1840 2612 2064 2685 οὔνομα
2083 2610 2241 2686 μὲν
2206 2636 2282 2687 ην
2309 2611 2747 2686 Ἀργανθώνιος]

1668 2689 1822 2749 Quae
1868 2689 1935 2739 de
1977 2696 2163 2742 aetate
2206 2697 2261 2741 et
2307 2691 2459 2756 regni
2508 2693 2563 2740 et
2597 2691 2749 2739 vitae

1664 2759 2028 2824 Arganthonii
2064 2761 2253 2811 scribit
2278 2760 2618 2822 Herodotus,
2658 2775 2749 2809 ea-

1666 2828 1786 2877 dem
1823 2829 1989 2877 ferme
2013 2830 2225 2880 Plinius
2255 2831 2403 2879 Hist.
2430 2830 2562 2882 Nat.
2587 2829 2746 2892 VIII,

1664 2897 1760 2960 48,
1805 2887 1995 2948 Cicero
2039 2898 2107 2949 de
2154 2905 2426 2950 senectut.
2481 2899 2576 2962 19,
2634 2898 2747 2960 alii,

1664 2981 1989 3032 quamquam
2046 2969 2103 3018 in
2163 2971 2281 3034 ipso
2329 2982 2594 3018 annornm
2653 2982 2748 3016 nu-

1663 3051 1810 3086 mero
1846 3052 1953 3086 ιιοιι
1990 3052 2173 3087 omnes
2210 3037 2579 3100 consentiunt,
2618 3051 2747 3100 quo-

1662 3119 1779 3154 rum
1815 3112 2033 3156 centum
2059 3111 2114 3156 et
2144 3107 2541 3172 quinquaginta
2576 3120 2747 3155 annos

1661 3173 1814 3224 illum
1850 3191 2031 3240 regem
2075 3178 2281 3227 vixisse
2329 3176 2550 3241 quidam
2596 3190 2749 3224 enar-

1660 3249 1802 3294 rant.
1890 3244 2015 3295 Vid.
2059 3246 2419 3296 Anacreontis
2479 3245 2746 3310 &agmen-

1660 3320 1773 3364 tum
1810 3314 1955 3378 apud
1992 3314 2250 3366 Strabon.
2283 3315 2394 3366 111.
2439 3330 2495 3378 p.
2536 3315 2627 3365 151
2667 3318 2747 3362 at-

1659 3397 1760 3446 que
1799 3383 2000 3448 Bergk.
2051 3384 2121 3433 ad
2167 3385 2498 3434 Anacreont.
2550 3382 2743 3447 reliqq.

1657 3467 1710 3516 p.
1743 3451 1831 3502 91.
1888 3451 2047 3514 Quod
2084 3458 2145 3502 ut
2168 3452 2527 3518 intelligatur,
2565 3457 2748 3502 tenea-

1659 3536 1776 3571 mus
1819 3536 2042 3571 necesse
2099 3526 2184 3572 est
2240 3524 2418 3587 ipsum
2467 3536 2746 3571 numerum

1659 3598 1740 3640 ter
1787 3592 2130 3656 quadraqinta
2172 3597 2228 3641 et
2271 3593 2350 3641 bie
2404 3590 2747 3655 quadraginta

1657 3674 1941 3710 annorum.
2026 3661 2166 3710 Nam
2215 3673 2468 3710 numerus
2521 3659 2747 3723 quadra·

1653 3731 1799 3793 qima
1833 3743 1879 3778 s.
1929 3728 2135 3779 dierum
2183 3744 2227 3780 s.
2287 3731 2551 3779 annorum
2599 3727 2744 3791 apud

1656 3801 1869 3847 veteres
1905 3797 2138 3848 subinde
2161 3799 2242 3848 ita
2266 3799 2502 3862 ponitur,
2545 3800 2608 3844 ut
2631 3798 2741 3845 lon-

1657 3881 1786 3931 gum
1822 3867 2039 3917 omnino
2078 3867 2337 3932 temporis
2367 3865 2602 3930 spatium
2640 3880 2742 3914 nec

1657 3939 1913 3985 accurate
1940 3935 2219 3987 definitum
2244 3935 2566 3986 declaretur.
2622 3935 2742 3995 Quo

1656 4020 1879 4055 numero
1923 4006 2207 4056 indefinito
2251 4004 2340 4056 vel
2386 4006 2540 4068 ipsae
2573 4002 2743 4054 homi-

1655 4089 1782 4123 num
1819 4079 2031 4124 aetates
2068 4071 2309 4138 (γενεαὶ)
2345 4073 2740 4138 significantur,

1653 4142 1757 4193 hoc
1810 4143 2176 4208 quadraginta
2234 4158 2500 4193 annorum
2561 4142 2741 4206 spatio

1653 4212 1799 4262 haud
1859 4213 2080 4263 definito
2135 4217 2482 4274 consumtae,
2546 4213 2626 4261 ita
2681 4215 2742 4260 ut

1654 4282 1851 4346 duplex
1888 4298 1934 4334 s.
1972 4280 2169 4346 triplex
2211 4282 2318 4332 iste
2371 4296 2626 4332 numerus
2663 4285 2743 4330 to·

1653 4351 1820 4401 tidem
1869 4352 2093 4402 denotet
2147 4356 2363 4402 aetates
2416 4365 2476 4401 s.
2528 4342 2740 4415 γενεάς.
