3109 5092
1057 348 1553 408 EUTERPE.
1601 350 1685 408 11.
1732 362 1852 415 123.

2466 355 2586 415 705

315 518 391 583 ἐν
430 522 850 605 τρισχιλίοισι
897 523 1093 588 ἔτεσι.
1163 520 1378 613 τούτῳ
1420 525 1515 614 τῷ
1553 520 1731 615 λόγῳ
1772 523 1900 591 εἰσὶ
1941 518 2364 613 οἳἘλλήνων
2390 526 2584 618 ἐχρή-

309 714 468 764 modo
515 716 572 764 in
623 716 929 767 Amenthen
974 716 1169 780 delati,
1227 721 1400 769 conti·

309 788 499 833 neuter
543 785 922 851 obtemperant
954 786 1194 837 Osiridi-
1210 788 1398 839 Pluto-

309 854 383 916 ni,
422 853 520 903 sed
566 854 782 918 plurimi
827 855 1156 906 macularum
1192 859 1396 921 superi-

311 937 402 971 ore
436 923 492 971 in
517 925 631 973 vita
657 929 1061 976 contractarum
1081 925 1288 991 aliquid
1315 942 1396 976 re-

310 992 513 1053 tinent,
580 993 706 1043 hinc
751 993 997 1059 plurimis
1052 996 1392 1060 migrandum

309 1065 393 1110 est
447 1076 545 1126 per
592 1063 904 1113 animalium
960 1079 1190 1128 corpora
1233 1065 1395 1129 idque

307 1130 476 1180 ternis
512 1130 751 1195 vicibus,
796 1147 938 1197 quae
971 1133 1135 1183 trium
1169 1133 1397 1184 millium

308 1214 572 1249 annorum
635 1201 871 1265 spatium
941 1201 1394 1267 complectuntur.

308 1268 487 1333 Atque
522 1269 667 1319 hunc
704 1270 880 1320 tribus
926 1285 1191 1321 annorum
1217 1271 1397 1321 ‘milli-

307 1338 407 1387 bus
437 1338 827 1389 absolvendum
856 1340 1139 1391 circuitum
1164 1357 1397 1405 pronun-

305 1407 411 1456 tiat
423 1408 736 1458 Herodotus
752 1427 764 1459 ε
791 1423 890 1460 nec
906 1409 1014 1459 alio
1038 1415 1256 1474 spectat
1269 1410 1396 1459 Pin·

308 1476 548 1526 daricum
571 1470 627 1533 ἐς
661 1474 782 1541 τρὶς
804 1469 1117 1542 ἑκατέρωθι
1146 1478 1392 1544 (olymp.

306 1544 381 1607 11,
405 1545 505 1595 122
533 1560 647 1610 seq.
694 1551 860 1611 atque
882 1546 1226 1598 Platonicum
1242 1560 1392 1611 τρισ-

304 1607 591 1677 χιλιοστὸν
655 1629 764 1672 noc
804 1614 864 1679 (l.
904 1615 987 1680 1.).
1072 1617 1396 1682 Congruunt

306 1696 433 1732 vero
471 1683 607 1733 haec
645 1685 752 1734 tria
786 1698 1052 1735 annorum
1074 1685 1246 1736 millia
1271 1700 1394 1735 cum

307 1750 512 1799 circulo
555 1752 818 1798 sethiaco
862 1767 908 1798 s.
959 1754 1259 1799 caniculari
1301 1763 1394 1798 ve-

307 1821 484 1867 terum
537 1817 957 1882 Aegyptiorum,
1015 1818 1108 1882 qui
1166 1823 1221 1868 et
1277 1817 1396 1881 ipse

307 1886 538 1937 totidem
584 1900 848 1936 annorum
906 1885 1163 1937 solarium
1213 1886 1395 1951 spatio

309 1954 628 2005 absolvitur.
722 1956 842 2017 Quo
900 1955 1154 2007 absoluto
1222 1957 1392 2005 iusto-

308 2040 428 2074 rum
461 2029 629 2089 atque
663 2024 959 2075 insontium
977 2024 1252 2075 hominum
1279 2024 1394 2074 ani-

307 2108 432 2145 mae
467 2093 695 2143 redeunt
728 2094 801 2145 ad
837 2108 1117 2159 supremos
1155 2095 1286 2144 deos
1315 2092 1392 2156 (h.

308 2179 354 2214 e.
377 2162 605 2214 fixarum
623 2161 899 2213 stellarum
917 2163 1241 2228 praesides),
1265 2177 1396 2227 quo-

307 2247 426 2282 rum
460 2233 518 2281 in
553 2232 773 2282 chorum
811 2232 1176 2296 recipiuntur3
1224 2231 1393 2295 fitque

307 2300 401 2352 ille
433 2300 641 2352 reditus
675 2317 771 2366 per
801 2301 1013 2351 zodiaci
1034 2301 1315 2363 ambitum,
1355 2301 1393 2351 i.

310 2385 362 2420 e.
405 2385 501 2436 per
547 2385 770 2435 gregem
819 2371 1113 2420 bestiarum
1161 2370 1398 2420 siderea-

309 2455 450 2499 rum3
487 2439 755 2504 siquidem
790 2438 867 2488 dii
887 2454 1008 2489 cum
1043 2439 1261 2489 lunares
1281 2444 1397 2488 tum

309 2506 618 2572 planetarea
680 2513 843 2573 atque
897 2507 1106 2559 solares
1163 2508 1420 2573 reliqua-f

309 2592 534 2643 rumque
581 2576 860 2627 stellarum
914 2576 1142 2627 fixarum
1196 2576 1398 2642 praesi-

310 2647 405 2696 des
465 2652 594 2696 sunt
650 2647 863 2697 siderea
917 2651 1192 2704 armenta;
1267 2660 1399 2710 quo-

309 2730 428 2766 rum
462 2730 557 2780 per
593 2730 797 2780 pascua
825 2715 1135 2766 ascendunt
1162 2713 1396 2774 animae,

312 2785 454 2834 aliae
488 2784 636 2834 aliud
672 2784 730 2833 in
757 2783 1062 2846 stabulum,
1102 2782 1397 2832 nobiliores

312 2854 369 2903 in
409 2852 533 2904 loca
577 2853 1036 2903 nobilissimorum
1084 2850 1397 2901 animalium

313 2923 430 2972 sive
453 2921 585 2972 solis
610 2921 867 2987 Siriique.
939 2922 1086 2971 Hinc
1104 2920 1401 2970 bestiarum

314 2991 491 3042 cultus
525 3006 621 3055 per
655 2991 989 3056 Aegyptum,
1026 2989 1156 3039 hinc
1190 2989 1406 3039 bestiae

313 3060 415 3110 rite
449 3059 703 3109 conditae
738 3066 793 3109 et
840 3060 1143 3123 repositae,
1190 3062 1252 3107 ut
1287 3057 1403 3121 plu-

315 3129 464 3180 ribus
501 3128 893 3178 declaravimus
931 3128 1001 3178 ad
1052 3127 1130 3191 11,
1169 3126 1234 3177 67
1274 3125 1400 3176 coll.

315 3198 400 3249 65.
473 3199 547 3248 Et
584 3198 816 3247 conferri
865 3212 1079 3261 quoque
1128 3199 1401 3260 poterunt,

318 3282 457 3331 quae
505 3268 572 3317 de
623 3265 725 3316 hoc
776 3265 930 3331 cyclo
978 3270 1062 3315 ter
1108 3264 1253 3315 mille
1307 3278 1402 3313 an·

317 3351 508 3385 norum
541 3336 793 3399 exposuit
818 3335 1088 3387 Gatterer.
1126 3332 1164 3383 l.
1197 3332 1235 3382 l.
1273 3348 1404 3398 pag.

320 3405 390 3458 48
425 3419 483 3454 se
561 3439 574 3453 .

386 3420 570 3538 τούᾳεὲο
602 3468 679 3537 τῷ
712 3462 856 3536 λόγῳ
891 3464 1000 3519 εἰσὶ
1036 3463 1093 3520 οἳ
1120 3461 1408 3532 Ἑλλήνων

318 3556 370 3589 κ.
392 3556 441 3590 τ.
457 3538 528 3605 2..]
552 3539 709 3589 Conf.
734 3553 872 3603 quae
907 3552 1074 3602 supra
1103 3537 1174 3587 ad
1194 3537 1408 3587 initium

319 3610 480 3660 huius
523 3623 646 3672 cap.
685 3606 855 3658 allata
903 3610 1030 3657 sunt
1077 3606 1142 3656 de
1177 3606 1401 3658 Graecis

320 3679 462 3729 hanc
497 3677 800 3728 doctrinam
837 3676 943 3725 sibi
978 3675 1400 3725 assumentibus.

321 3746 439 3798 Iam
477 3746 743 3797 addamus
781 3761 875 3806 ea,
923 3759 1061 3809 quae
1096 3743 1287 3812 Oreus.
1325 3747 1407 3793 at-

322 3815 542 3866 tulitin
593 3815 894 3865 Comment.
945 3815 1074 3864 Her.
1122 3829 1249 3878 pag.
1309 3812 1407 3863 168

324 3899 456 3949 seq.:
485 3884 642 3947 „Iam
667 3888 728 3933 ut
741 3899 833 3934 eos
859 3883 1123 3945 omittam,
1150 3883 1242 3947 qui
1262 3884 1409 3946 prius

321 3961 354 4006 'e
401 3954 623 4004 Graecis
673 3953 777 4002 hoc
830 3951 1109 4001 decretum
1162 3966 1258 4014 pro
1308 3963 1407 4001 suo

325 4021 643 4074 venditasse
681 4020 934 4070 dicuntur
972 4020 1135 4085 (quos
1175 4034 1276 4083 ego
1313 4016 1408 4066 Or-

323 4088 496 4152 phicos
537 4103 656 4137 esse
693 4086 977 4150 arbitrer):
1024 4085 1117 4149 qui
1157 4087 1411 4149 posterius

327 4156 469 4206 idem
505 4156 794 4206 factitasse
821 4155 1102 4215 dicuntur,
1142 4168 1253 4216 eos,
1289 4168 1413 4204 cum

328 4224 496 4291 probe
534 4225 701 4286 sciat,
748 4227 907 4273 notos
959 4222 1140 4271 facere
1186 4222 1300 4270 suis
1337 4220 1413 4269 le-

327 4294 571 4345 ctoribus
589 4308 699 4344 non
716 4291 836 4342 vult
864 4289 1198 4342 Herodotus.
1244 4288 1412 4338 Cuius

328 4362 534 4416 silentii
556 4361 752 4412 idonea
779 4364 1010 4426 apparet
1029 4358 1190 4409 ratio.
1250 4356 1415 4408 Haud

410 4463 747 4507 HERODO'I'.
793 4462 839 4504 1.

1500 718 1663 770 dubie
1698 721 1837 771 enim
1885 736 2074 772 verum
2122 723 2260 774 vidit
2294 724 2587 775 wesselin-

1500 789 1623 853 gius
1662 790 1731 839 ad
1764 789 1816 840 h.
1856 790 1913 853 l.‚
1952 806 2076 840 cum
2110 793 2453 859 Pherecydem
2486 793 2585 857 Sy-

1498 860 1625 907 rium
1660 864 1714 908 et
1740 860 2084 924 Pythagoram
2109 861 2405 926 significari
2423 862 2583 912 dicit.

1498 924 1673 991 [Idem
1708 928 1905 977 statuit
1948 929 2208 993 Lepsius:
2259 929 2585 996 chronolog.

1499 996 1551 1046 d.
1592 998 1828 1061 Aegypt.
1866 997 1913 1046 1.
1953 1013 2006 1061 p.
2045 996 2156 1062 42]
2193 999 2349 1048 Conf.
2399 1001 2582 1051 Stura.

1496 1064 1570 1113 ad
1613 1064 1910 1129 Pherecyd.
1948 1066 2142 1131 fragm.
2189 1082 2316 1133 pag.
2358 1069 2583 1119 11-15,

1497 1134 1578 1184 Ac
1598 1133 1927 1199 Pherecydis
1953 1149 2113 1198 quam
2138 1135 2470 1187 celebratum
2492 1152 2587 1187 no-

1499 1217 1621 1252 men
1667 1203 1835 1253 fuerit
1871 1204 2013 1268 apud
2056 1205 2204 1254 cives
2241 1209 2584 1270 exterosque,

1497 1286 1654 1321 nemo
1677 1272 1899 1336 ignorat
1914 1307 1928 1334 ,
1964 1272 2071 1321 nisi
2094 1276 2188 1338 qui
2198 1273 2587 1338 philosophiae

1498 1339 1786 1391 historiam
1810 1342 2042 1406 ignoret.
2113 1342 2465 1407 Pythagorae
2490 1357 2585 1392 au-

1495 1415 1608 1459 tem
1634 1425 1829 1460 nomen
1849 1409 2020 1459 multo
2048 1411 2213 1462 etiam
2238 1411 2583 1462 celebratius.

1497 1478 1617 1529 Iam
1663 1477 2006 1540 Herodotus,
2062 1485 2125 1529 ut
2173 1481 2266 1543 qui
2299 1480 2586 1534 historiam

1495 1562 1651 1596 suam
1677 1546 1968 1598 conficeret
1989 1547 2046 1596 in
2076 1549 2281 1613 Magna
2307 1548 2404 1598 illa
2421 1550 2587 1601 Grae-

1496 1616 1603 1678 cia,
1627 1631 1788 1681 quam
1810 1620 1983 1667 totam
1995 1618 2223 1667 tenebat
2234 1618 2587 1683 Pythagorae

1494 1685 2071 1749 Pythagoreorumque
2095 1686 2415 1748 auctoritas,
2452 1701 2587 1735 non-

1495 1754 1605 1797 nlsl
1652 1758 1794 1798 tecte
1838 1765 1905 1798 ac
1950 1752 2256 1800 clanculum
2294 1753 2585 1815 designare

1497 1821 1717 1881 poterat
1761 1832 1854 1866 eos
1891 1817 2270 1882 philosophos,
2311 1834 2449 1884 quos
2483 1820 2584 1869 sci-

1498 1885 1627 1935 ebat
1662 1886 2007 1949 arrogantius
2044 1886 2281 1938 iactasse
2307 1902 2367 1938 se
2399 1892 2586 1939 aucto-

1495 1969 1583 2004 res
1619 1953 2032 2018 disciplinarum
2050 1990 2066 2017 ,
2114 1971 2253 2020 quas
2297 1956 2369 2005 ab
2407 1956 2585 2022 Aegy·

1493 2022 1625 2087 ptiis
1680 2022 1997 2072 hauserant.
2068 2024 2259 2088 Neque
2304 2026 2424 2090 ipse
2473 2025 2580 2075 for-

1492 2098 1643 2141 tasse
1679 2091 1943 2142 historiae
1988 2098 2147 2156 pater
2194 2094 2458 2159 derogare
2490 2108 2584 2143 vo·

1492 2160 1645 2211 lebat
1679 2159 1887 2225 gloriae
1908 2160 2026 2211 eius
2050 2162 2182 2224 viri,
2219 2162 2314 2228 qui
2348 2177 2449 2212 sua
2477 2163 2585 2212 vir-

1497 2235 1617 2280 tute
1651 2230 1980 2296 ingenioque
2029 2245 2095 2280 ac
2142 2231 2349 2282 meritis
2398 2235 2584 2282 tanto-

1495 2314 1623 2364 pere
1658 2298 1991 2349 inclaruerat
2025 2300 2169 2364 apud
2203 2301 2443 2352 Graecos
2462 2300 2587 2350 bar-

1499 2368 1786 2433 barosque.
1884 2369 2040 2429 Quod
2096 2384 2223 2419 vero
2281 2369 2584 2420 doctrinam

1498 2437 1649 2487 illam
1722 2438 2252 2502 metempsychoseos
2322 2442 2585 2502 tanquam

1500 2521 1658 2556 suam
1696 2505 1993 2556 tradidisse
2028 2506 2247 2557 eosdem
2293 2506 2429 2557 dicit
2477 2507 2586 2556 No-

1500 2583 1642 2625 ster:
1702 2589 1901 2637 magno
1951 2579 2270 2640 argumento
2318 2579 2430 2636 est,
2492 2588 2585 2623 eos

1498 2659 1610 2693 nou
1640 2643 1827 2692 rudem
1863 2641 2011 2691 illam
2047 2643 2314 2693 duntaxat
2359 2657 2424 2692 ac
2470 2641 2586 2691 vul-

1498 2725 1684 2777 garem
1721 2709 2062 2774 disciplinam
2095 2711 2352 2761 sumsisse
2390 2712 2458 2761 ab
2485 2710 2589 2759 Ae·

1499 2779 1733 2846 gyptiis,
1791 2793 1979 2828 verum
2023 2779 2306 2829 cultiorem
2346 2778 2587 2844 aliquam

1501 2849 1975 2913 eruditior-amque.
2046 2847 2391 2913 Pythagoras
2440 2851 2589 2897 certe

1499 2917 1637 2968 nihil
1670 2916 1779 2966 nisi
1803 2916 1965 2965 valde
1985 2916 2204 2967 doctum
2234 2915 2589 2980 limatumque

1468 3011 1478 3019 ·
1501 3002 1600 3052 pro
1626 3000 1725 3035 suo
1749 2988 1966 3049 poterat
1985 2985 2042 3035 in
2067 2985 2299 3035 medium
2324 2985 2586 3050 proferre.

1501 3054 1700 3120 Arguit
1734 3059 1906 3115 aetas,
1945 3069 2055 3118 qua
2088 3053 2329 3105 scholam
2349 3053 2586 3118 aperuit3

1504 3123 1688 3189 arguit
1745 3122 2023 3188 ingenium
2081 3123 2313 3173 hominis
2371 3120 2591 3173 aliunde

1506 3193 1808 3257 cognitum3
1859 3193 2043 3257 arguit
2086 3191 2202 3255 ipse
2253 3191 2589 3250 Herodotus,

1506 3277 1662 3327 quem
1686 3276 1849 3324 supra
1880 3261 2160 3324 attigimus
2184 3260 2285 3324 (ΙΙ,
2310 3258 2429 3322 49).
2480 3256 2592 3308 Ubi

1508 3346 1631 3382 cum
1677 3329 1902 3393 Orphici
1964 3330 2131 3380 etiam
2193 3328 2457 3392 grandius
2524 3339 2590 3374 ac

1508 3398 1791 3449 sublimius
1847 3398 2149 3462 explicasse
2207 3397 2463 3445 dicuntur
2505 3406 2592 3441 res

1511 3467 1819 3526 Osiriacas,
1872 3467 1964 3529 qui
2008 3465 2227 3515 tandem
2274 3462 2500 3513 humilia
2528 3476 2593 3510 ac

1510 3534 1760 3599 vulgaria
1798 3534 1964 3582 tribui
2013 3534 2229 3597 possint
2281 3532 2351 3581 ab
2403 3530 2593 3579 eodem

1504 3605 1770 3667 scriptore
1799 3601 2103 3666 Pherecydi
2124 3601 2371 3664 adeoque
2392 3597 2596 3662 Pytha-

1506 3671 1748 3738 gorae?“
1774 3695 1833 3705 —
1873 3668 2087 3720 Floruit
2123 3673 2304 3718 autem
2327 3667 2594 3729 Pherecy-

1506 3744 1603 3793 des
1640 3741 1787 3790 circa
1824 3754 2026 3788 annum
2063 3740 2167 3788 544
2208 3741 2335 3786 ante
2374 3734 2501 3784 Chr.
2537 3749 2592 3783 n.

1507 3815 1778 3874 natusque
1808 3822 1928 3857 esse
1964 3806 2277 3871 perhibetur
2310 3804 2458 3855 circa
2492 3802 2597 3853 600

1508 3886 1638 3932 ante
1659 3878 1785 3928 Chr.
1810 3892 1895 3935 n.;
1932 3876 2302 3941 Pythagoram
2327 3874 2470 3924 circa
2494 3871 2597 3924 539

1509 3948 1759 3999 floruisse
1784 3946 1976 3997 volunt
1994 3982 2007 4007 ,
2046 3943 2293 4009 quamvis
2322 3942 2415 3992 alii
2440 3939 2598 3989 aliter

1512 4019 1763 4068 statuant
1798 4017 1855 4064 in
1890 4030 1949 4064 re
1978 4030 2086 4064 non
2109 4026 2329 4078 prorsus
2363 4013 2515 4060 certa
2534 4023 2598 4057 ac

1514 4083 1769 4144 definita3
1817 4083 1891 4133 cf.
1930 4083 2149 4133 Clinton
2183 4081 2338 4130 Fast.
2381 4076 2598 4129 Hellen.

1514 4153 1591 4206 11.
1629 4167 1757 4217 pag.
1795 4152 1830 4201 9
1865 4152 1948 4202 ed.
1987 4153 2282 4215 Krueger.,
2333 4145 2602 4198 Schultzii

1516 4220 1750 4284 specim.
1803 4220 2005 4285 Appar.
2065 4219 2135 4268 ad
2197 4231 2325 4267 ann.
2391 4214 2599 4264 critice.

1515 4303 1572 4353 p.
1614 4287 1677 4337 31
1730 4302 1843 4351 seq.
1918 4289 2217 4350 Utrumque
2262 4287 2446 4334 autem
2487 4281 2603 4345 phi·

1518 4354 1807 4420 Iosophum
1843 4371 1951 4405 una
1977 4370 2098 4406 cum
2126 4351 2352 4402 asseclis
2375 4352 2605 4417 ipsoque

2166 4434 2246 4492 45
