3109 5092
496 334 572 396 16
1362 335 1898 397 HERODOTI

487 536 617 596 μον
664 511 734 588 ἐς
779 506 900 577 τὸν
932 506 1264 591 Εὔξεινον
1310 506 1724 596 καλεόμενον
1774 506 2043 580 πόντον.
2140 500 2357 591 Οὗτος
2406 505 2444 578 ὁ
2485 518 2775 597 Κροῖσος

486 611 854 701 βαρβάρων
889 616 1178 702 πρῶτος,
1228 618 1367 682 τῶν
1401 608 1594 702 ἡμεῖς
1633 615 1832 698 ἴδμεν
1843 664 1864 699 ,
1922 611 2081 694 τοὺς
2123 614 2252 703 μὲν
2283 615 2774 702 κατεστρέψατο

476 710 816 804 Ἑλλήνων
849 718 915 794 ἐς
951 715 1170 805 φόρου
1205 713 1609 804 ἀπαγωγὴν,
1653 711 1810 793 τοὺς
1841 716 1915 785 δὲ
1944 725 2186 805 φίλους
2218 716 2774 808 προσεποιήσατο.

484 822 977 908 κατεστρέψατο
1011 819 1138 907 μὲν
1161 816 1402 900 Ἴωνάς
1440 846 1512 888 τε
1551 819 1665 887 καὶ
1698 823 1984 901 Αἰολέας
2025 822 2140 890 καὶ
2170 824 2482 912 Δωριέας
2511 818 2670 899 τούς
2700 822 2776 889 έν

483 927 562 1010 τῇ
611 921 794 1011 Ἀσίῃ
815 973 832 1007 ,
892 929 1134 1010 φίλους
1171 924 1247 992 δὲ
1284 920 1817 1014 προσεποιήσατο
1851 931 2451 1014 Λακεδαιμονίους.
2524 920 2653 1013 πρὸ
2699 923 2774 992 δὲ

480 1031 598 1114 τῆς
636 1032 938 1115 Κροίσου
973 1023 1178 1116 ἀρχῆς
1222 1028 1466 1107 πάντες
1501 1024 1820 1114 Ἕλληνες
1863 1018 2038 1115 ἦσαν
2083 1028 2469 1119 ἐλεύθεροι·
2532 1025 2608 1096 τὸ
2643 1025 2774 1117 γὰρ

478 1192 587 1274 Sed
634 1193 697 1275 in
738 1193 997 1258 proximis
1053 1195 1234 1246 verbis
1280 1186 1426 1259 πρὸς
1475 1192 1576 1260 βο·-

479 1277 616 1382 ΞΞἘ
641 1276 918 1383 .ἵέιῖἕέῑέ
942 1264 1571 1396 viiffiffiffinvfflssffiss

480 1403 549 1452 de
585 1417 694 1468 qua
727 1402 871 1451 idem
919 1403 1245 1454 Lambertus
1292 1406 1490 1456 Bosius
1528 1405 1568 1454 1.

479 1471 517 1523 l.
548 1488 602 1537 p.
631 1472 719 1523 31.
758 1471 900 1522 Add.
932 1473 1157 1525 Weiske
1176 1474 1244 1525 de
1265 1474 1567 1540 pleonasm.

478 1558 534 1607 p.
585 1543 673 1593 42.
720 1542 828 1592 Pro
879 1543 1030 1607 vulg.
1087 1540 1271 1609 βορῆν
1313 1560 1437 1595 cum
1486 1561 1567 1596 re-

480 1616 649 1665 centt.
704 1611 826 1662 edd.
889 1613 1087 1678 scripsi
1137 1610 1373 1680 βορέην,
1420 1620 1483 1665 ut
1528 1615 1576 1678 1,

452 1678 601 1733 '174.
661 1681 990 1732 Bredovium
1054 1690 1277 1734 secutus
1339 1701 1392 1750 p.
1453 1684 1576 1748 220,

477 1751 573 1801 ubi
607 1751 734 1802 vide
804 1752 946 1804 lura.

548 1809 719 1879 οὗτος
846 1822 1122 1889 Κροῖσος]
1172 1824 1365 1886 „Haec
1407 1824 1579 1875 verba

477 1891 705 1942 laudare
741 1893 960 1942 videtur
1004 1893 1257 1957 Apollon.
1302 1894 1575 1960 Dyscolus

479 1962 547 2013 de
574 1978 819 2027 pronom.
841 1978 969 2028 pag.
997 1962 1101 2014 333
1130 1963 1215 2014 ed.
1236 1964 1457 2015 Bekk.“
1484 1966 1573 2015 Cr.

552 2024 665 2094 πρὸ
703 2025 766 2081 δὲ
801 2031 904 2096 τῆς
929 2032 1187 2096 Κροίσου
1219 2024 1398 2099 ἀρχῆς
1427 2027 1574 2083 πάν-

476 2090 855 2164 τεσς”Έλληνες
904 2090 1051 2166 ἦσαν
1090 2094 1411 2171 ἐλεύθεροι]
1451 2106 1576 2154 Hoc

479 2172 571 2221 vix
618 2185 806 2220 verum
865 2171 1082 2220 omnino
1144 2173 1319 2222 videri
1374 2175 1578 2225 statuit

479 2240 799 2304 Marquardt
834 2240 919 2290 De
965 2240 1167 2304 Cyzico
1209 2258 1264 2307 p.
1310 2245 1378 2294 55
1415 2260 1570 2308 seqq.

480 2309 916 2375 quandoquidem
974 2309 1065 2359 vel
1125 2315 1290 2361 antea
1337 2314 1573 2364 Graeco-

481 2395 601 2430 rum
655 2395 742 2430 res
791 2395 825 2429 a
870 2378 1148 2444 Lydorum
1192 2383 1412 2446 regibus
1458 2398 1575 2432 sus-

480 2465 679 2516 pensas
748 2449 1145 2514 quodammodo
1214 2452 1386 2502 fuisse
1450 2452 1576 2502 inde

480 2524 688 2586 pateat,
738 2519 882 2584 quod
930 2535 1042 2570 non
1087 2520 1194 2569 nisi
1240 2523 1410 2587 Gygis
1458 2538 1578 2587 per-

481 2592 650 2642 missu
687 2589 937 2654 Abydum
974 2589 1317 2641 condiderint
1351 2591 1574 2654 Milesii,

479 2666 622 2712 teste
674 2660 947 2710 Strabone
996 2660 1152 2711 XIII.
1203 2677 1255 2726 p.
1294 2661 1422 2714 590:
1470 2663 1578 2725 Qui

482 2733 529 2782 si
564 2730 710 2797 regis
757 2730 998 2795 potentis
1047 2731 1335 2796 omniaque
1376 2732 1580 2782 circum

482 2803 630 2852 circa
664 2800 892 2866 imperio
930 2816 1030 2851 suo
1066 2802 1303 2851 tenentis
1344 2803 1582 2852 auctori-

480 2876 651 2921 tatem
700 2871 757 2918 in
803 2870 937 2920 urbe
1000 2869 1283 2920 condenda
1330 2887 1580 2937 respexe-

480 2940 620 3000 rint,
656 2940 749 2987 vix
772 2938 899 2988 inde
928 2938 1180 2987 concludi
1214 2942 1435 3005 poterit,
1462 2957 1584 2991 eos-

482 3010 603 3058 dem
637 3023 745 3057 non
774 3008 975 3057 liberos
1015 3007 1202 3071 fuisse,
1230 3024 1297 3060 ac
1326 3010 1577 3061 subditos

480 3079 590 3128 iam
625 3077 902 3141 Lydorum
939 3077 1179 3143 reg-ibus.

549 3138 614 3196 τὸ
650 3139 758 3210 γὰρ
795 3145 1128 3210 Κιμμερίων
1171 3139 1487 3212 στράτευμα
1522 3164 1578 3198 κ.

479 3232 528 3266 τ.
563 3213 637 3281 λ.]
678 3216 718 3267 i.
753 3232 802 3267 e.
842 3215 1070 3281 Namque
1094 3214 1457 3267 Cinium-iorum:
1482 3234 1576 3268 ex-

470 3287 665 3349 peditio
705 3294 888 3336 contra
921 3283 1114 3336 Ioniam
1147 3295 1410 3351 suscepta,
1446 3304 1579 3352 quae

481 3357 669 3407 Croeso
688 3358 842 3423 prior
874 3363 1006 3418 erat,
1037 3370 1133 3405 non
1167 3357 1461 3421 oppidorum
1476 3357 1581 3420 suit

480 3426 711 3478 redactio
748 3429 799 3478 in
827 3433 1142 3492 potestatem,
1175 3428 1270 3477 sed
1293 3430 1482 3490 rapina
1507 3444 1580 3478 ex

480 3498 783 3547 incursione.
818 3494 1051 3547 Dicendi
1087 3510 1259 3559 genus
1295 3497 1460 3562 paulo
1482 3497 1578 3547 du-

482 3567 593 3616 rius
627 3568 846 3618 videtur
879 3581 1007 3630 pro:
1047 3559 1117 3615 οὖ
1156 3560 1575 3630 κατεστρέψατο

481 3628 580 3709 τὰς
614 3629 826 3699 πόλεις,
854 3629 993 3685 ἀλλὰ
1027 3626 1085 3698 ἐξ
1122 3626 1436 3702 ἐπιδρομῆς
1474 3628 1576 3701 ἡρ-

478 3701 762 3769 παξαντο,
820 3710 882 3755 ut
938 3706 1135 3756 Krebs,
1184 3707 1577 3771 interpretatur

482 3772 517 3821 1.
558 3772 596 3822 l.
634 3789 689 3836 p.
730 3773 815 3826 19.
864 3774 1028 3837 Hinc,
1077 3780 1301 3826 auctore
1346 3777 1570 3827 Caesar.

478 3841 565 3891 De
603 3856 770 3891 carm.
825 3842 921 3892 Gr.
974 3838 1112 3908 el'eg.
1162 3845 1359 3910 orig-in.
1405 3845 1575 3909 (Mar-

478 3910 638 3975 burg.
683 3909 836 3961 1837.
870 3911 926 3973 8)
965 3906 1330 3977 καταστροφὴ
1369 3919 1455 3963 est
1487 3930 1569 3963 oc-

478 3984 699 4044 cupatio,
748 3994 860 4029 non
906 3981 1141 4031 eversio.
1205 3981 1291 4031 Ad
1338 3981 1570 4033 locutio-

480 4064 603 4098 nem
641 4040 705 4109 ἐξ
735 4038 1049 4113 ἐπιδρομῆς
1072 4050 1157 4099 Cr.
1182 4048 1372 4100 laudat
1400 4052 1567 4105 Paus.

480 4117 607 4179 VII,
642 4119 728 4169 25.
766 4121 816 4179 §-
856 4119 941 4169 21.
997 4119 1083 4168 Tu
1130 4119 1269 4169 adde
1309 4120 1386 4169 sis
1422 4120 1568 4171 Plat.

483 4186 551 4236 de
583 4188 666 4238 Re
700 4186 848 4251 publ.
871 4188 938 4237 X.
962 4203 1013 4252 p.
1054 4188 1157 4240 619
1177 4189 1248 4239 D.
1286 4189 1572 4243 Plutarch.

480 4257 684 4307 Anton.
725 4255 814 4308 80.

548 4326 711 4375 Hanc
755 4320 1161 4376 Cimmeriorum
1206 4326 1571 4377 incursionem

480 4395 663 4461 Ardye
682 4394 853 4461 Lydis
888 4396 1189 4460 imperante
1209 4400 1335 4462 post
1363 4395 1572 4462 Gygem

1674 1193 1973 1257 accidisse,
2021 1193 2139 1259 ipse
2174 1195 2375 1246 Noster
2423 1194 2593 1244 refert
2629 1194 2776 1243 infra

1674 1279 1727 1314 c.
1766 1264 1848 1314 15.
1887 1264 2031 1315 Add.
2069 1265 2115 1327 1,
2155 1265 2239 1316 16.
2282 1264 2402 1316 103.
2440 1264 2538 1328 IV,
2573 1264 2656 1313 11.
2690 1265 2773 1315 12.

1674 1335 1857 1395 Quare
1884 1333 2151 1384 Herodoti
2183 1334 2506 1399 antiquioris
2542 1334 2776 1383 auctori·

1675 1408 1845 1453 tatem
1890 1403 2151 1454 Straboni
2202 1405 2319 1454 iure
2353 1403 2770 1469 praeferendam

1674 1472 1827 1523 ducit
1861 1472 2094 1524 Wessel.
2131 1473 2234 1524 Ille
2272 1475 2414 1524 enim
2453 1473 2526 1538 (I.
2558 1490 2615 1538 p.
2653 1474 2687 1524 6
2724 1488 2776 1525 s.

1672 1558 1726 1607 p.
1765 1543 1850 1593 12.
1886 1542 1993 1594 111.
2025 1559 2079 1608 p.
2109 1542 2209 1594 149
2234 1559 2279 1595 s.
2314 1560 2367 1609 p.
2398 1544 2524 1610 222)
2548 1543 2774 1593 Homeri

1683 1613 1798 1662 fere
1842 1614 2177 1678 temporibus
2235 1613 2645 1664 Cimmeriorum
2693 1614 2773 1662 in-

1678 1682 1962 1732 vasionem
2002 1683 2284 1734 adscribit.
2355 1683 2421 1733 Id
2462 1682 2607 1748 quod
2641 1683 2774 1731 Lar-

1681 1752 1841 1802 chero
1889 1753 1971 1802 ita
2005 1752 2406 1804 conciliandum
2463 1751 2769 1815 videbatur,

1678 1828 1741 1871 ut
1790 1821 1933 1872 duae
1979 1822 2182 1873 fuerint
2228 1823 2640 1873 cimmeriorum
2686 1838 2774 1871 ex-

1679 1892 2003 1955 peditioneS,
2042 1893 2218 1943 altera
2250 1893 2538 1958 posterior,
2563 1892 2630 1942 de
2663 1907 2774 1957 qua

1677 1961 1991 2012 Herodotus
2034 1964 2333 2028 scripserit,
2382 1962 2562 2013 altera
2602 1963 2771 2027 prior,

1677 2032 2005 2082 Homericae
2040 2037 2137 2082 aut
2172 2033 2476 2083 remotioris
2510 2031 2645 2083 adeo
2683 2047 2772 2081 ae-

1677 2101 1829 2163 tatis,
1867 2102 2023 2152 cuius
2052 2103 2341 2167 Euripides
2383 2117 2599 2167 quoque
2628 2117 2774 2151 men-

1675 2171 1881 2221 tionem
1925 2173 2119 2222 fecerit
2163 2173 2222 2221 in
2274 2172 2456 2238 Iphig.
2501 2172 2557 2221 in
2603 2172 2771 2222 Taur.

1681 2241 1816 2291 1106
1853 2256 1973 2305 sqq.
2014 2243 2177 2304 (1113
2202 2242 2299 2307 al.)
2339 2257 2451 2292 rem
2486 2246 2772 2306 poetarum

1677 2325 1825 2360 more
1860 2311 2036 2376 magis
2074 2327 2363 2374 exornans,
2413 2327 2535 2361 cum
2580 2311 2648 2361 de
2683 2327 2769 2361 ur-

1676 2379 1837 2430 bibus
1895 2388 2110 2431 enarret
2170 2382 2390 2447 dirutis,
2449 2396 2592 2446 quae
2638 2387 2772 2431 tunc

1679 2450 1937 2513 temporis
1989 2466 2058 2500 ne
2106 2451 2370 2501 exsistere
2416 2450 2634 2516 quidem
2678 2466 2774 2515 po·

1679 2520 1902 2570 tuerint.
1952 2519 2127 2570 Aliter
2171 2522 2350 2570 visum
2394 2525 2478 2570 est
2524 2521 2772 2585 Volneyo

1682 2587 1762 2651 (in
1797 2588 1990 2653 Suppl.
2023 2590 2057 2640 a
2090 2590 2335 2641 l'Herod.
2377 2590 2444 2640 de
2478 2589 2678 2640 Larch.
2714 2605 2774 2655 p.

1683 2660 1750 2710 75
1797 2674 1870 2707 ss.
1920 2658 2044 2709 coll.
2095 2677 2149 2726 p.
2200 2661 2262 2709 71
2315 2660 2436 2726 ss.),
2475 2662 2593 2724 qui,
2632 2674 2772 2725 quae

1681 2728 1826 2793 apud
1876 2728 2199 2780 Strabonem
2247 2733 2302 2780 et
2347 2729 2663 2794 Euripidem
2698 2729 2774 2780 le-

1681 2802 1914 2864 guntur,
1963 2800 2227 2850 hactenus
2274 2815 2382 2849 non
2430 2798 2774 2849 incredibilia

1680 2873 1856 2933 putat,
1905 2869 2049 2933 quod
2094 2884 2228 2935 gens
2274 2884 2447 2933 vaga,
2496 2868 2772 2919 Nomades

1680 2942 1899 3000 vocant,
1927 2940 2119 3004 utique
2154 2939 2316 2988 trium
2353 2944 2654 3003 quatuorve
2690 2953 2774 2988 se-

1680 3007 1923 3057 culorum
1960 3009 2189 3060 decursu
2227 3007 2391 3057 facile
2413 3008 2594 3073 plures
2634 3002 2772 3058 ad'eo

1678 3077 2018 3128 incursiones
2056 3079 2113 3128 in
2160 3079 2348 3128 Asiam
2394 3079 2655 3128 minorem
2691 3078 2773 3127 fa-

1680 3161 1802 3196 cere
1838 3147 2097 3211 potuerit.
2159 3148 2247 3197 Ex
2282 3147 2550 3197 Herodoti
2587 3151 2772 3197 autem

1678 3215 1815 3266 locis
1850 3216 1917 3266 de
1969 3218 2377 3267 cimmeriorum
2414 3217 2775 3283 expeditioni-

1682 3285 1784 3336 bus
1834 3287 2050 3337 omnino
2111 3286 2380 3351 duplicem
2431 3287 2772 3337 invasionem

1681 3355 1818 3406 bene
1855 3356 2116 3422 distingui
2165 3371 2327 3421 posse
2373 3355 2516 3406 idem
2565 3362 2770 3419 censet,

1678 3426 1913 3489 priorem
1947 3426 2146 3489 Ardyis
2194 3425 2319 3489 (699
2357 3441 2408 3476 a.
2446 3426 2596 3492 Chr.)
2638 3430 2773 3476 tem-

1678 3510 1828 3559 pore,
1858 3494 1926 3544 de
1963 3510 2070 3560 qua
2090 3494 2294 3545 Herod.
2321 3495 2367 3557 1,
2394 3496 2475 3557 15,
2517 3496 2568 3558 6,
2591 3500 2775 3560 poste-

1678 3565 1874 3615 riorem
1919 3564 2159 3629 Alyattis
2215 3569 2274 3614 et
2328 3562 2594 3629 Cyaxaris
2640 3570 2772 3615 tem-

1678 3650 1827 3699 pore,
1867 3634 1933 3684 de
1972 3649 2080 3699 qua
2114 3633 2319 3685 Herod.
2358 3634 2404 3696 Ι,
2447 3634 2562 3686 103.
2615 3635 2769 3698 Quae

1675 3704 1798 3769 ipsa
1831 3702 1977 3753 haud
2013 3704 2131 3754 scio
2170 3718 2240 3754 an
2276 3703 2468 3753 melius
2507 3704 2576 3754 ad
2609 3720 2775 3755 unam

1676 3772 2008 3838 eandemque
2074 3773 2413 3822 invasionem
2487 3774 2770 3825 continua-

1673 3848 1804 3906 tam,
1859 3842 2059 3908 Ardyis
2112 3841 2228 3906 (qui
2263 3840 2367 3893 678
2416 3858 2467 3893 a.
2515 3843 2638 3893 Chr.
2691 3860 2772 3893 re·

1671 3927 1840 3978 gnare
1890 3911 2092 3977 coepit)
2129 3915 2372 3976 tempore
2409 3912 2682 3978 inceptam
2714 3918 2772 3963 et

1669 3981 1840 4031 multo
1864 3985 1989 4046 post
2025 3981 2239 4032 demum
2264 3981 2365 4031 sub
2385 3981 2613 4047 Alyatte
2641 3998 2771 4047 rege

1674 4048 1797 4115 (617
1835 4067 1886 4101 a.
1926 4048 2083 4113 Chr.)
2135 4049 2346 4101 finitam
2394 4052 2622 4116 expulsa
2661 4052 2772 4101 ista

1673 4125 1835 4185 gente
1872 4119 1999 4183 (614
2035 4135 2086 4173 a.
2126 4120 2278 4186 Chr.)
2318 4121 2507 4171 referri
2546 4126 2771 4186 queant.

1672 4190 1903 4239 Exstitit
1967 4194 2162 4254 postea
2204 4190 2481 4251 Francke,
2529 4191 2623 4254 qui
2669 4190 2770 4255 (lo-

1673 4274 1796 4308 cum
1837 4258 2115 4310 indicante
2165 4259 2208 4310 0
2216 4256 2296 4321 r.)
2347 4259 2538 4308 subtili
2585 4258 2769 4323 dispu-

1671 4329 1899 4391 tatione,
1939 4344 2081 4393 quae
2127 4327 2340 4378 Callino
2383 4328 2592 4377 inserta
2636 4327 2774 4392 legi-

1672 4401 1780 4461 tur,
1831 4413 1886 4461 p.
1938 4396 2038 4449 109
2083 4412 2212 4463 sqq.
2258 4396 2448 4447 itidem
2497 4395 2767 4462 duplicem
