3109 5092
1298 353 1554 416 CLIO.
1601 355 1651 414 Ι.
1695 363 1816 419 186.

2569 351 2685 413 371

408 524 529 595 τόν
550 552 623 595 τε
652 524 954 615 ποταμὸν
978 523 1254 597 σκολιὸν
1279 528 1393 597 καὶ
1418 526 1494 598 τὸ
1522 526 1796 617 ὄρυγμα·
1829 530 1967 595 πᾶν
2006 528 2156 606 ἕλος
2175 575 2194 610 ,
2239 519 2329 604 ὥς
2377 520 2415 593 ὅ
2450 551 2524 594 τε
2566 550 2687 596 πο-

410 626 615 719 ταμὸς
662 629 1077 718 βραδύτερος
1120 640 1222 719 εἴη
1240 681 1259 712 ,
1314 634 1469 720 περὶ
1505 628 1772 720 καμπὰς
1814 626 2063 710 πολλὰς
2115 626 2522 717 ἀγνύμενος,
2578 631 2690 699 καὶ

411 737 481 801 οἱ
502 732 698 803 πλόοι
726 739 884 803 ἔωσι
920 736 1178 805 σκολιοὶ
1218 736 1284 814 ἐς
1310 733 1436 823 τὴν
1460 740 1875 824 Βαβυλῶνα,
1929 739 2004 803 ἔκ
2048 759 2121 802 τε
2151 737 2289 802 τῶν
2315 729 2544 802 πλόων
2578 735 2687 802 ἐκ-

413 838 686 925 δέκηται
726 844 1038 926 περίοδος
1077 843 1192 927 τῆς
1235 844 1472 927 λίμνης
1514 840 1756 928 μακρή.
1816 835 1983 906 κατὰ
2023 841 2221 908 τοῦτο
2251 836 2326 905 δὲ
2354 834 2688 924 εἰργάζετο

410 945 527 1027 τῆς
554 938 807 1029 χώρης,
848 947 929 1031 τῇ
972 946 1050 1010 αἴ
1078 968 1150 1010 τε
1194 939 1464 1029 ἐσβολαὶ
1494 933 1668 1031 ἦσαν
1695 942 1807 1010 καὶ
1833 938 1915 1010 τὰ
1952 939 2250 1028 σύντομα
2276 944 2393 1028 τῆς
2420 942 2493 1009 ἐκ
2528 937 2684 1029 Μή-

412 1048 554 1112 δων
583 1039 784 1131 ὀδοῦ,
826 1050 940 1114 ἵνα
968 1042 1057 1133 μὴ
1085 1044 1584 1134 ἐπιμισγόμενοι
1610 1050 1681 1114 οἰ
1699 1049 1932 1132 Μῆδοι
1961 1042 2457 1131 ἐκμανθάνοιεν
2484 1039 2691 1131 αὐτῆς

408 1144 490 1215 τὰ
516 1146 888 1237 πρήγματα.

993 1153 1216 1218 Ταῦτα
1256 1148 1384 1236 μὲν
1412 1146 1499 1238 δὴ
1527 1151 1601 1217 ἐκ
1629 1147 1880 1237 βάθεος
1905 1145 2374 1235 περιεβάλετο,
2417 1145 2686 1235 τοιήνδε
2707 1152 2825 1215 186

411 1249 487 1319 δὲ
529 1253 596 1333 ἐξ
638 1249 867 1321 αὐτῶν
909 1251 1351 1341 παρενθήκην
1386 1253 1761 1343 ἐποιήσατο.
1845 1256 1975 1339 Τῆς
2017 1249 2246 1331 πόλιος
2284 1248 2521 1337 ἐούσης
2562 1249 2687 1319 δύο

408 1356 759 1445 φαρσέων,
799 1360 921 1426 τοῦ
963 1355 1039 1425 δὲ
1080 1361 1382 1444 ποταμοῦ
1423 1357 1630 1444 μέσον
1673 1361 1970 1444 ἔχοντος,
2017 1355 2128 1425 ἐπὶ
2169 1358 2308 1424 τῶν
2354 1352 2687 1443 πρότερον

406 1559 462 1607 et
516 1555 742 1608 Dietsch
797 1557 972 1607 secuti
1024 1560 1178 1617 sunt,
1234 1555 1503 1621 probante

404 1626 638 1676 Bredov.
682 1642 735 1691 p.
791 1626 913 1679 314.
986 1626 1253 1691 Equidem
1298 1631 1501 1676 utram-

405 1711 510 1761 que
568 1697 799 1747 formam
850 1710 885 1745 a
940 1696 1143 1746 Nostro
1199 1694 1499 1745 adhibitam

406 1780 528 1816 esse
590 1767 862 1816 existimo.
954 1766 1021 1815 In
1075 1765 1253 1814 forma
1305 1765 1500 1830 imper-

406 1834 535 1885 fecti
569 1826 878 1899 ἀναισίμου
914 1835 1115 1885 Noster
1148 1841 1499 1899 augmentum

404 1919 616 1969 semper
673 1904 943 1971 neglexit:
1002 1904 1118 1957 vid.
1162 1903 1395 1954 Bredov.
1441 1920 1493 1969 p.

404 1973 524 2036 309,
562 1978 656 2039 qui
677 1975 821 2025 idem
849 1990 903 2039 p.
937 1973 1039 2025 302
1081 1989 1177 2038 pro
1215 1965 1494 2037 εἰργάζετο

403 2043 461 2092 in
510 2059 681 2109 seqq„
725 2043 867 2110 quod
909 2058 1097 2094 omnes
1148 2042 1306 2093 codd.
1350 2043 1496 2092 exhi-

403 2113 560 2175 bent,
598 2113 708 2179 legi
745 2114 863 2164 vult
898 2104 1173 2176 ἐργάζετο,
1212 2117 1273 2161 ut
1307 2112 1381 2174 11,
1409 2113 1491 2173 15,

404 2181 501 2232 ubi
520 2183 709 2232 eadem
725 2183 868 2233 redit
890 2183 1084 2244 forma,
1116 2186 1310 2231 contra
1331 2182 1490 2232 codd.

405 2266 728 2302 consensum
762 2252 908 2303 haud
946 2250 1317 2302 sollicitanda.

473 2311 551 2378 ὥς
577 2309 614 2370 ὅ
650 2336 709 2371 τε
735 2313 989 2385 ποταμὸς
1013 2313 1360 2384 βραδύτερος
1386 2316 1489 2383 εἴη

402 2419 473 2430 —-
507 2386 603 2440 καὶ
643 2385 705 2440 οἱ
749 2382 918 2441 πλόοι
963 2384 1125 2439 ἔωσι
1173 2384 1391 2439 σκολιοὶ
1438 2378 1493 2444 ἐς

402 2450 513 2523 τὴν
534 2457 861 2527 Βαβυλῶνα]
884 2459 1050 2510 Haud
1075 2463 1278 2509 temere
1305 2459 1363 2509 in
1383 2473 1495 2508 mo-

404 2527 489 2578 dis
544 2530 790 2580 variasse
848 2529 1065 2579 videtur
1114 2529 1341 2590 Noster,
1399 2527 1495 2593 qui

404 2599 459 2647 in
494 2613 551 2648 re
584 2593 857 2663 probabili
904 2602 1145 2660 tantum,
1189 2612 1329 2663 quae
1377 2595 1493 2647 fieri

406 2672 501 2717 aut
520 2667 665 2718 effici
701 2672 894 2733 queat,
931 2668 1180 2732 optativo
1202 2663 1343 2730 (εἴη)
1360 2680 1492 2715 usus

402 2740 507 2798 est,
546 2738 896 2788 coniunctivo
932 2742 1114 2787 autem
1139 2736 1197 2786 in
1222 2751 1305 2798 eo,
1347 2734 1494 2800 quod

406 2806 511 2856 sibi
522 2811 728 2869 certum
753 2807 954 2857 habeat
964 2806 1299 2871 propositum
1326 2804 1497 2869 quod-

403 2891 508 2941 que
541 2891 640 2927 suo
675 2876 902 2927 consilio
938 2890 1211 2940 operaque
1243 2874 1492 2925 effectum

403 2945 557 2997 velit.
663 2945 875 2997 Similia
943 2945 1087 3009 apud
1158 2944 1490 2994 Pausaniam

402 3015 721 3066 observavit
770 3014 1020 3066 Siebelis:
1074 3015 1144 3065 ad
1195 3014 1270 3074 11,
1310 3013 1398 3064 37.
1438 3015 1486 3075 §-

400 3085 453 3134 4.
544 3085 688 3136 Add.
746 3083 1085 3136 Baeumlein:
1158 3081 1488 3133 Untersuch.

402 3153 537 3204 iiber
570 3153 623 3204 d.
649 3154 865 3205 Griech.
892 3153 1041 3204 Mod.
1069 3168 1123 3217 p.
1150 3153 1270 3203 276.
1309 3151 1489 3202 Kueh·

403 3238 504 3273 ner
538 3223 631 3274 Gr.
673 3223 769 3274 Gr.
802 3222 850 3284 fi.
890 3224 1011 3273 774.
1084 3223 1170 3271 Ex
1204 3222 1487 3272 Herodoto

400 3293 547 3343 conf.
610 3293 656 3354 Ι,
711 3292 827 3343 196.
882 3293 979 3354 IV,
1031 3289 1150 3344 139.
1190 3291 1351 3354 VIII,
1402 3291 1486 3342 76.

399 3362 496 3423 ΙΧ,
554 3363 640 3413 51.
789 3388 792 3390 ‡

470 3425 530 3479 ἔτι
565 3444 624 3480 τε
666 3427 781 3479 τῶν
820 3419 1016 3478 πλόων
1062 3418 1357 3492 ἐκδέκηται
1391 3441 1488 3477 πε-

401 3496 601 3564 ρίοδος
652 3496 752 3563 τῆς
811 3496 1015 3561 λίμνης
1070 3493 1280 3561 μακρή]
1333 3498 1490 3548 Haec

397 3568 470 3619 ad
504 3569 730 3619 verbum
766 3567 848 3617 sic
882 3566 1183 3617 reddenda:
1221 3573 1275 3617 ut
1300 3582 1370 3617 eoe
1393 3582 1487 3617 na-

396 3640 650 3703 vieaet‘one
678 3653 779 3701 per·
810 3636 1119 3699 Euphratem
1153 3635 1368 3698 (hostes
1395 3651 1486 3686 ac-

398 3706 673 3772 cedentes)
695 3710 960 3770 exciperet
988 3708 1139 3771 Ionqa
1157 3707 1365 3768 paludis
1385 3708 1486 3756 cir-

396 3779 572 3837 οαίιῐο,
624 3792 670 3827 s.
708 3780 770 3826 ut
814 3774 969 3825 finita
1014 3791 1109 3840 per
1146 3774 1485 3840 Euphratem

398 3846 779 3914 navigatione,
831 3846 925 3895 ubi
972 3845 1028 3894 iu
1064 3850 1265 3894 terram
1302 3859 1485 3895 escen-

399 3914 614 3978 derent,
650 3914 984 3979 Babylonem
1011 3915 1253 3979 pedestri
1277 3914 1371 3963 via
1389 3928 1483 3978 pe-

401 3989 597 4048 tentes,
623 3988 947 4050 cogerentur
971 3982 1134 4049 longo
1161 3983 1357 4034 itinere
1383 3984 1485 4033 cir-

400 4055 604 4105 cumire
647 4053 828 4104 lacum
888 4054 1055 4104 istum
1108 4067 1278 4118 eoque
1324 4053 1486 4104 modo

400 4124 617 4174 facilius
655 4123 1063 4186 cohiberentur,
1113 4136 1275 4188 quam
1321 4122 1370 4172 si
1407 4136 1489 4172 re-

399 4199 492 4246 cta
546 4194 639 4243 via
692 4191 1029 4257 Babylonem
1089 4195 1356 4256 peterent.
1430 4181 1489 4239 ἐκ

395 4259 512 4313 τῶν
546 4253 758 4325 πλόων,
793 4277 865 4312 ex
886 4263 1221 4326 naviyatione,
1245 4262 1283 4312 i.
1307 4276 1355 4311 e.
1374 4275 1490 4311 con-

394 4336 531 4384 tinuo
562 4340 681 4394 poet
708 4333 1089 4397 navigationem,
1126 4346 1289 4395 quam
1318 4345 1490 4394 usque

395 4400 467 4452 ad
491 4400 671 4452 lacum
704 4399 856 4451 illum
895 4399 1101 4465 experti
1135 4403 1310 4462 erant,
1345 4413 1492 4449 nunc

1604 1555 1942 1620 egredientes
1974 1571 2038 1606 eo
2075 1553 2332 1616 consilio,
2367 1558 2429 1603 ut
2461 1553 2571 1604 iam
2599 1568 2691 1618 pe·

1606 1625 1775 1675 destri
1819 1626 2013 1675 itinere
2060 1625 2260 1690 quippe
2317 1623 2491 1689 mag-is
2540 1639 2687 1674 com-

1603 1695 1864 1759 pendioso
1883 1694 2219 1759 Babylonem
2243 1696 2508 1758 peterent.
2564 1694 2688 1743 Hoc

1603 1764 1761 1815 modo
1799 1765 2101 1829 explicatus
2136 1764 2288 1813 locus
2323 1762 2527 1812 nullam
2567 1777 2687 1812 meo

1601 1833 1801 1883 iudicio
1828 1833 2072 1883 admittit
2088 1831 2538 1893 emendationem,
2559 1846 2690 1896 qua-

1599 1902 1702 1952 lem
1732 1901 1915 1967 plures
1941 1902 2089 1952 docti
2108 1902 2212 1951 viri
2238 1900 2364 1951 olim
2387 1904 2687 1951 tentarunt.

1597 1971 1843 2022 Eundem
1883 1973 1940 2022 in
1976 1971 2137 2021 finem
2183 1971 2429 2035 disputat
2471 1970 2691 2035 Breige-

1599 2057 1690 2091 rus
1737 2041 1774 2092 l.
1810 2041 1850 2092 l.
1903 2056 2031 2107 pag.
2068 2043 2137 2091 45
2186 2043 2377 2090 contra
2422 2055 2544 2102 eos,
2593 2038 2688 2104 qui

1596 2127 1764 2176 prave
1807 2111 1898 2161 hic
1943 2114 2221 2174 statuunt,
2280 2109 2687 2174 navigationem

1598 2197 1663 2232 ex
1677 2180 1958 2245 Euphrate
1984 2196 2080 2244 per
2101 2180 2353 2230 lacunam
2377 2178 2539 2228 istam
2561 2194 2688 2229 cou—

1594 2252 1863 2301 tinuatam
1912 2251 2110 2311 fuisse,
2158 2249 2322 2315 idque
2355 2248 2685 2299 Herodoteis

1593 2321 1778 2372 verbis
1816 2318 1961 2371 effici
1990 2334 2152 2385 posse
2188 2317 2543 2370 contendunt.

1663 2381 1808 2440 κατὰ
1841 2387 2012 2438 τοῦτο
2050 2382 2204 2439 δὲ-
2229 2384 2301 2451 τῇ
2334 2383 2406 2436 αἴ
2430 2402 2489 2438 τε
2525 2377 2682 2454 ἐσβο-

1594 2455 1686 2508 λαὶ
1721 2445 1898 2522 ἦσαν,
1950 2454 2046 2508 καὶ
2089 2450 2160 2508 τὰ
2197 2455 2453 2521 σύντομα
2484 2453 2588 2521 τῆς
2623 2446 2683 2505 ἔτι

1597 2521 1825 2593 Μήδων
1872 2518 2043 2593 ὁδοῦ]
2090 2529 2176 2579 De
2215 2518 2359 2576 κατὰ
2401 2522 2573 2576 τοῦτο
2612 2555 2682 2564 -

1595 2594 1668 2662 τῇ
1725 2596 1872 2647 conf.
1929 2612 2093 2662 supra
2145 2596 2192 2658 1,
2242 2594 2331 2644 84.
2395 2585 2682 2662 ἐσβολαὶ

1596 2671 1726 2716 sunt
1763 2666 1980 2726 fauces,
2030 2666 2226 2731 quibus
2275 2664 2459 2714 aditus
2507 2679 2553 2713 s.
2604 2663 2683 2713 in-

1597 2736 1794 2785 troitus
1845 2739 1997 2797 patet
2042 2751 2072 2785 e
2116 2733 2300 2785 Media
2344 2733 2401 2782 in
2450 2731 2684 2797 Babylo-

1594 2805 1739 2854 niam
1768 2809 1994 2866 terram;
2020 2796 2089 2853 τὰ
2113 2795 2366 2866 σύντομα
2386 2799 2488 2866 τῆς
2507 2792 2566 2851 ἐκ
2594 2800 2679 2850 Μ.

1592 2865 1683 2922 ὁδ.
1724 2873 1972 2924 indicant
2003 2874 2149 2924 viam
2178 2871 2504 2934 breviorem,
2537 2886 2682 2922 com-

1594 2943 2021 3007 pendiosiorem,
2058 2958 2167 3009 qua
2202 2958 2232 2992 e
2266 2940 2449 2991 Media
2484 2942 2541 2990 in
2575 2942 2681 2991 Ba-

1591 3012 1868 3078 byloniam
1919 3013 2188 3078 perveniri
2244 3011 2439 3077 possit.
2497 3040 2565 3050 ——-
2613 3010 2680 3060 In

1590 3081 1698 3133 fine
1720 3098 1843 3148 cap.
1875 3073 2273 3147 ἐπιμίσγεσθαι
2297 3085 2410 3131 est:
2446 3096 2680 3130 conmer—

1589 3155 1715 3202 eium
1767 3156 2012 3203 mutuum
2071 3152 2386 3214 instituere,
2446 3150 2680 3214 indeque

1593 3223 1815 3287 propius
1894 3223 2184 3284 accedere,
2267 3219 2678 3270 consuetudinis

1590 3291 1861 3342 ineundae
1881 3292 2176 3357 periculum
2203 3290 2405 3341 facere.
2478 3290 2564 3339 cf.
2597 3289 2677 3350 II,

1594 3362 1713 3413 104.
1751 3362 1872 3412 151.

1879 3530 2011 3580 CAP.
2044 3526 2387 3578 CLXXXVI.

1663 3630 1855 3681 Ταῦτα
1888 3624 1992 3695 μὲν
2026 3620 2099 3692 δὴ
2127 3658 2196 3669 —·
2225 3617 2610 3692 περιεβάλετο]
2637 3626 2672 3676 i.

1589 3718 1637 3752 e.
1673 3702 1750 3753 Ιιίε
1782 3703 1933 3765 ἱρέων
1975 3697 2317 3750 munitionibus
2362 3711 2390 3746 e
2417 3696 2677 3758 profando

1588 3773 1789 3837 effus-9125
1818 3768 1885 3833 (s.
1904 3769 2058 3818 fossa
2084 3767 2193 3818 ista
2221 3765 2460 3829 eductis)
2488 3781 2546 3815 se
2578 3767 2677 3815 cir-

1586 3840 1900 3891 cumvallavit
1944 3846 1993 3888 et
2027 3837 2092 3887 ab
2127 3836 2268 3887 hosce
2301 3838 2435 3886 tueri
2466 3835 2673 3888 saaduic.

1654 3906 1758 3973 τῆς
1793 3898 1994 3964 πόλιος
2018 3896 2222 3970 ἐούσης
2248 3896 2358 3954 δύο
2384 3901 2674 3969 φαρσέων]

1590 3980 1628 4029 i.
1673 3993 1721 4028 e.
1771 3993 1879 4028 cum
1916 3975 2040 4027 urbe
2082 3976 2212 4025 duae
2252 3983 2432 4038 partes
2473 3973 2675 4024 habeat.

1590 4049 1676 4098 De
1720 4046 1949 4113 genitivi
1984 4049 2260 4096 structura
2293 4043 2437 4095 conf.
2475 4043 2673 4094 Matth.

1594 4117 1687 4168 Gr.
1739 4117 1832 4168 Gr.
1883 4133 1937 4182 p.
1982 4114 2088 4167 623
2133 4119 2188 4166 et
2233 4118 2350 4164 not.
2399 4112 2468 4163 ad
2514 4112 2568 4163 h.
2617 4112 2674 4174 l.‚

1592 4188 1686 4237 ubi
1721 4190 2006 4251 praeterea
2027 4184 2219 4236 laudat
2241 4182 2445 4234 Herod.
2481 4182 2549 4245 V,
2587 4182 2676 4233 92.

1592 4255 1816 4307 Pindar.
1873 4253 2035 4320 Pyth.
2088 4255 2196 4316 ΙΙΙ,
2249 4252 2349 4304 108
2405 4249 2531 4301 coll.
2580 4251 2678 4301 So-

1591 4325 1773 4391 phocl.
1812 4324 2004 4390 Oedip.
2057 4323 2175 4374 Col.
2224 4323 2341 4374 144.
2393 4319 2480 4370 Ai.
2524 4319 2674 4370 1004.

1592 4424 1662 4438 —
1710 4384 1767 4455 ἐξ
1813 4385 2005 4444 αὐτῶν
2047 4391 2305 4443 Reiskius
2360 4389 2680 4453 interpreta-

2114 4469 2251 4534 24*
