3109 5092
1092 348 1591 410 EUTERPE.
1639 348 1724 411 Π.
1767 357 1854 411 54.

2487 347 2612 409 555

336 521 617 593 τούτων.
693 522 806 592 καὶ
847 518 929 590 τὰ
970 521 1098 610 μὲν
1129 527 1363 610 πρῶτα
1392 525 1470 592 αἱ
1488 529 1898 605 Δωδωνίδες
1939 527 2140 612 ἱρεῖαι
2177 523 2481 610 λέγουσι,
2533 521 2616 593 τὰ

340 627 416 697 δὲ
445 624 698 714 ὕστερα
718 676 736 710 ,
766 620 850 695 τὰ
878 626 945 704 ἐς
963 620 1278 696 Ἡσίοδόν
1301 653 1375 696 τε
1401 623 1825 715 καὶὍμηρον
1852 633 2120 715 ἔχοντα,
2151 623 2282 711 ἐγω
2314 627 2509 713 λέγω.

491 735 939 819 Χρηστηρίων
979 728 1053 798 δὲ
1094 733 1245 817 πέρι
1267 780 1285 814 ,
1323 735 1446 798 τοῦ
1480 757 1552 800 τε
1582 727 1941 820 ἐν”Ελλησι
1968 732 2082 800 καὶ
2110 733 2232 799 τοῦ
2262 731 2338 799 ἐν
2366 727 2609 819 Λιβύῃ,
2630 740 2708 799 54

338 830 540 903 τόνδε
569 833 930 919 Αἰγύπτιοι
957 831 1161 919 λόγον
1187 835 1478 920 λέγουσι.

1570 838 1831 921 ἔφασαν
1857 839 1928 904 οἱ
1949 836 2122 924 ἱρέες
2145 837 2267 902 τοῦ
2291 835 2619 921 Θηβαιέος

341 933 539 1021 Διὸς,
591 935 718 1007 δύο
762 951 1089 1023 γυναῖκας
1125 940 1336 1025 ἱρείας
1373 942 1448 1006 ἐκ
1495 938 1780 1025 Θηβέων
1820 940 2184 1025 ἐξαχθῆναι
2220 930 2356 1006 ὑπὸ
2382 944 2617 1007 Φοινί-

338 1067 483 1109 κων
499 1061 514 1075 ·
560 1040 673 1109 καὶ
700 1037 825 1128 τὴν
848 1038 974 1127 μὲν
1000 1036 1264 1109 αὐτέων
1291 1042 1635 1110 πυθέσθαι
1665 1043 1731 1121 ἐς
1750 1044 2019 1129 Λιβύην
2049 1049 2431 1130 πρηθεῖσαν
2448 1091 2466 1125 ,
2495 1039 2622 1128 τὴν

340 1143 414 1213 δὲ
446 1147 512 1223 ἐς
537 1141 694 1224 τούς
706 1139 1036 1230 Ἕλληνας
1054 1163 1071 1179 ·
1116 1141 1358 1221 ταύτας
1387 1142 1458 1211 δὲ
1488 1140 1604 1224 τὰς
1634 1160 1959 1230 γυναῖκας
1987 1143 2162 1213 εἶναι
2188 1140 2304 1223 τὰς
2338 1147 2617 1231 ἱδρυσα-

339 1250 543 1335 μένας
572 1243 652 1316 τὰ
691 1245 979 1336 μαντήτα
1013 1251 1278 1334 πρῶτας
1313 1248 1390 1315 ἐν
1422 1260 1591 1315 τοῖσι
1638 1250 2045 1336 εἰρημένοισι
2082 1252 2333 1316 ἔθνεσι.
2413 1253 2615 1336 Elpe—

340 1351 551 1438 μένου
592 1353 674 1419 δέ
710 1377 873 1438 μευ,
929 1344 1182 1419 ὁκόθεν
1240 1343 1417 1417 οὕτω
1462 1345 1793 1439 ἀτρεκέως
1842 1348 2267 1439 ἐπιστάμενοι
2327 1352 2617 1437 λέγουσι,

340 1548 435 1614 (cf.
472 1549 564 1613 11,
598 1549 686 1600 49.
728 1550 816 1601 51.
862 1551 950 1601 52.
994 1548 1115 1615 81),
1171 1551 1427 1618 ipsosque

338 1622 529 1684 poetas
574 1620 809 1669 Homero
850 1619 1053 1684 priores
1093 1620 1179 1682 ΙΙ,
1217 1621 1312 1682 ‘233
1364 1627 1427 1671 ut

336 1688 463 1739 inde
479 1703 693 1754 quoque
714 1694 993 1753 appareat,
1005 1691 1310 1755 respexisse
1320 1692 1427 1742 No-

337 1766 510 1808 strum
544 1773 610 1808 ea
645 1758 915 1820 carmina,
951 1774 1093 1824 quae
1125 1775 1223 1810 sua
1254 1761 1426 1826 ipsius

339 1832 523 1878 aetate
559 1828 659 1878 sub
697 1827 839 1878 salso
873 1828 1094 1892 Orphei,
1131 1830 1257 1880 Lini
1295 1831 1429 1881 alio·

337 1912 563 1962 rumque
590 1897 808 1948 nomine
837 1897 1169 1960 ferebantur,
1208 1915 1330 1950 cum
1354 1899 1426 1951 ad

338 1967 543 2019 seriora
593 1971 840 2031 tempora
881 1967 1233 2031 pertinerent.
1323 1970 1427 2020 Ne-

338 2051 443 2103 que
477 2035 638 2086 aliter
677 2037 742 2086 de
787 2035 891 2086 hoe
932 2036 1053 2087 loco
1090 2039 1290 2090 statuit
1322 2039 1427 2089 Lo-

337 2106 497 2157 beck.
550 2105 908 2171 Aglaopham.
957 2122 1015 2170 p.
1071 2105 1206 2170 347,
1267 2123 1426 2173 quem

335 2190 447 2227 una
491 2190 612 2225 cum
647 2175 891 2239 Heynio,
947 2175 1241 2238 Orontem,
1302 2178 1428 2228 aliis

339 2244 481 2295 falso
527 2244 607 2294 ita
643 2249 887 2295 statuere
940 2246 1224 2296 contendit
1257 2247 1426 2298 Cron:

336 2316 422 2366 De
459 2314 675 2378 Orpheo
719 2331 775 2379 p.
822 2313 889 2365 16
935 2330 1116 2380 seqq„
1164 2331 1286 2367 cum
1319 2317 1430 2368 He·

339 2383 566 2435 rodotus
631 2383 698 2434 de
764 2385 940 2448 poetis
1002 2385 1137 2449 ipsis
1198 2386 1425 2452 loquens

340 2453 582 2505 earmina
625 2452 711 2503 his
770 2454 946 2518 poetis
999 2456 1284 2519 postmodo
1332 2458 1427 2507 tri·

337 2524 473 2575 buta
503 2521 809 2587 intelligere
844 2522 987 2574 haud
1023 2525 1293 2588 potuerit,
1330 2526 1426 2576 sed

338 2593 394 2644 id
440 2594 623 2658 potius
665 2593 813 2644 clare
859 2608 928 2643 ae
978 2593 1195 2645 disertis
1243 2595 1425 2646 verbis

339 2662 724 2723 enuntiaverit,
761 2662 938 2714 nullos
972 2668 1102 2714 ante
1125 2664 1423 2715 Hesiodum

339 2738 395 2783 et
427 2732 722 2783 Homerum
773 2747 1041 2798 unquam,
1094 2748 1125 2783 e
1168 2749 1270 2783 sua
1306 2733 1423 2784 scil.

338 2802 636 2864 sententia,
698 2801 996 2853 exstitisse.
1078 2803 1257 2867 Atque
1300 2802 1427 2855 huie

338 2871 645 2922 sententiae
672 2872 892 2922 obstare
915 2876 1082 2936 negat
1096 2871 1252 2935 Cron,
1281 2872 1424 2937 quod

338 2956 516 3005 supra·
538 2940 625 3003 11,
667 2941 734 2993 23
782 2941 1078 2991 Homerum
1114 2945 1211 2991 ant
1261 2941 1423 2992 alium

338 3026 495 3075 quem
514 3014 815 3075 poetarum,
837 3010 930 3075 qui
946 3014 1077 3061 ante
1098 3011 1424 3075 exstiterint,

337 3084 746 3142 commemorat,
798 3080 1052 3144 quoniam
1089 3085 1280 3144 poetas
1315 3082 1426 3133 Ho-

335 3165 484 3201 mero
542 3149 752 3214 priores
801 3149 890 3200 hio
938 3150 1137 3200 Noster
1186 3150 1338 3202 dicat
1394 3167 1425 3202 e

337 3220 606 3271 communi
641 3219 791 3282 vulgi
813 3218 1083 3283 opinione,
1119 3219 1227 3270 n'on
1265 3236 1295 3270 e
1324 3235 1426 3271 sua

335 3290 512 3355 ipsius
547 3288 838 3350 sententia,
876 3303 984 3353 qua
1015 3288 1325 3352 praefracte
1349 3290 1429 3340 ul·

336 3359 447 3410 lum
495 3363 623 3409 ante
671 3361 958 3422 utrumque
1000 3362 1218 3421 poetam
1264 3360 1428 3409 exsti-

338 3429 473 3480 tisse
509 3427 673 3478 alium
709 3430 928 3492 poetam
964 3428 1265 3489 negaverit.

406 3492 504 3546 καὶ
536 3488 608 3546 τὰ
641 3489 746 3561 μὲν
779 3493 975 3560 πρῶτα
1003 3491 1069 3545 αἱ
1086 3493 1426 3552 Δωδωνίδες

336 3560 514 3631 ἱρεῖαι
549 3563 795 3630 λέγουσι]
851 3564 1119 3630 Intelligit
1155 3580 1247 3627 ea,
1283 3580 1424 3629 quae

338 3653 458 3701 cap.
496 3638 563 3686 52
601 3639 938 3686 narraverat.
1007 3634 1214 3697 Scripsi
1250 3626 1424 3695 ἱρεῖαι

339 3711 393 3756 et
428 3706 530 3755 hoc
563 3703 686 3755 loco
723 3707 778 3755 et
808 3704 885 3765 ΙΙ,
910 3705 978 3755 55
1009 3718 1130 3753 cum
1154 3701 1424 3753 Bredovio

337 3792 392 3840 p.
429 3775 526 3824 128
559 3789 658 3839 pro
691 3764 904 3837 ἱρήϊαι,
940 3776 1004 3822 ut
1034 3773 1090 3821 in
1117 3771 1423 3837 Schweigh.

340 3849 397 3896 et
446 3842 722 3894 Gaisford.
784 3842 1023 3892 editione
1080 3841 1308 3904 legitur,
1370 3846 1427 3890 et

339 3910 530 3977 ἴρειαι,
567 3911 713 3977 quod
736 3912 1066 3962 recentiores
1089 3910 1325 3961 editores
1346 3925 1427 3959 re-

339 3985 618 4047 ceperunt.
677 3981 814 4031 Inde
837 3995 1051 4045 quoque
1079 3979 1154 4041 11,
1185 3981 1253 4030 54
1281 3978 1426 4029 edidi

338 4046 522 4114 spelm
553 4065 655 4115 pro
694 4049 841 4114 vulg.
880 4042 1090 4111 ἱρηΐας.
1129 4078 1200 4089 -—-
1238 4048 1428 4099 Caete-

339 4136 458 4172 rum
503 4119 640 4170 haee
685 4134 873 4169 rursus
921 4117 1212 4169 candidum
1255 4118 1428 4168 Hero·

340 4188 455 4240 doti
479 4189 719 4240 studium
740 4187 1162 4252 religionemque
1181 4188 1298 4237 veri
1318 4191 1427 4237 tra·

340 4258 503 4310 dendi
550 4258 686 4309 satis
732 4257 997 4322 produnt,
1050 4257 1144 4321 qui
1179 4261 1293 4306 tam
1339 4272 1428 4306 ae·

338 4332 555 4390 curate,
607 4341 750 4392 quae
781 4327 900 4391 ipse
935 4326 1138 4376 sentiat
1184 4330 1281 4376 aut
1316 4329 1430 4375 sta-

337 4402 489 4460 tuat,
525 4397 597 4448 ab
631 4396 729 4460 iis,
766 4410 908 4462 quae
935 4395 1084 4445 fama
1115 4398 1425 4461 acceperat,

1530 1552 1858 1620 distinguat.
1907 1551 2059 1604 Idem
2086 1553 2142 1602 in
2167 1553 2348 1618 capite
2370 1554 2619 1619 sequenti

1530 1625 1821 1674 observare
1843 1622 2000 1684 licet,
2037 1622 2130 1674 ubi
2156 1623 2411 1689 legimus:
2451 1615 2619 1672 τόνδε

1529 1684 1830 1757 Αἰγύπτιοι
1853 1684 2025 1756 λόγον
2052 1687 2296 1756 λέγουσι.
2333 1694 2475 1745 Add.
2498 1709 2617 1759 cap.

1530 1765 1599 1814 55
1636 1763 1759 1814 init.

1599 1823 1668 1881 τὰ
1713 1821 1770 1889 ἔς
1804 1820 2080 1881 ἹΙσίοδον
2111 1857 2183 1868 -—
2217 1822 2441 1894 ἔχοντα]
2493 1830 2531 1880 i.
2569 1846 2616 1881 e.

1529 1916 1601 1952 ea
1640 1916 1771 1967 quae
1821 1901 1894 1951 ad
1936 1900 2211 1951 Hesiodum
2263 1907 2315 1949 et
2357 1900 2622 1950 Homerum

1525 1977 1777 2034 spectant.
1861 1969 2026 2019 Haud
2074 1969 2233 2020 aliter
2276 1970 2476 2020 Noster
2511 1970 2617 2032 ΙΙΙ,

1532 2039 1597 2091 16
1630 2039 1722 2090 fin.
1758 2039 1847 2091 82.
1889 2038 2005 2091 186.
2088 2038 2446 2090 Locutionem
2490 2039 2619 2089 inde

1527 2110 1725 2161 sumsit
1764 2109 2072 2161 Pausanias
2119 2108 2175 2171 1,
2224 2110 2277 2160 2.
2325 2112 2376 2172 fi.
2418 2112 2479 2171 4,
2524 2109 2620 2159 ubi

1527 2179 1686 2245 plura
1722 2179 1972 2231 Siebelis.

1915 2350 2048 2403 Cn.
2081 2352 2229 2403 LIV.

1601 2446 1708 2504 δύο
1746 2457 2019 2519 γυναῖκας
2062 2448 2243 2515 ἱρείας
2276 2444 2336 2504 ἐκ
2380 2449 2619 2520 Θηβέων
2647 2428 2670 2451 ⁰

1529 2516 1868 2590 ἐξαχθῆναι]
1922 2524 2048 2576 Noli
2096 2525 2401 2590 intelligere
2443 2539 2619 2575 sacer-

1528 2595 1676 2644 dotes
1715 2595 1959 2656 sentinas,
2024 2594 2213 2659 quales
2259 2595 2319 2643 in
2366 2593 2616 2658 Aegypto

1528 2678 1639 2713 non
1682 2662 1856 2713 fuisse
1907 2664 2211 2713 monuimus
2267 2663 2339 2713 ad
2397 2662 2484 2724 11,
2528 2663 2615 2725 35,

1529 2731 1628 2782 sed
1662 2746 1849 2783 sacras
1887 2731 2118 2783 feminas
2166 2731 2619 2797 sacerdotumque

1529 2802 1837 2864 ministras,
1885 2793 2280 2864 ἱεροδούλους,
2339 2805 2402 2851 ut
2449 2800 2616 2864 vulgo

1529 2869 1826 2992 ggpgllant:
1858 2870 2013 2992 ᾱζρω
2042 2871 2312 2992 Hergdotti
2342 2871 2513 2972 verba
2538 2871 2615 2932 ΙΙ,

1528 2997 1607 3073 ἦ..
1643 2954 2616 3075 οἵὲὸέἐὶῖῗπῗιίᾬῖἳσῖἶπὲἶ

1530 3071 1802 3147 Θήβῃσι
1848 3072 2014 3144 ἱρὸν
2050 3072 2243 3144 Διὸς,
2298 3074 2446 3129 ἔνθα
2479 3070 2613 3129 ἀπί-

1529 3164 1658 3200 κετο
1691 3165 1743 3200 κ.
1771 3166 1818 3201 τ.
1841 3150 1888 3200 λ.
1947 3151 2135 3215 Neque
2161 3155 2343 3200 tamen
2367 3150 2494 3201 inde
2529 3164 2615 3199 se·

1529 3220 1745 3282 quitur,
1795 3219 2135 3271 scribendum
2180 3219 2285 3270 hoc
2329 3217 2450 3270 loco
2493 3233 2615 3269 esse

1527 3281 1658 3353 ἱρὰς
1694 3286 1778 3352 (ut
1798 3289 1886 3350 11,
1920 3288 2041 3354 56),
2091 3304 2233 3354 quae
2265 3288 2616 3338 Valckenarii

1529 3363 1616 3409 est
1650 3359 1942 3408 sententia.
1969 3384 2038 3395 —
2074 3359 2139 3408 In
2175 3373 2328 3422 seqq.
2360 3357 2529 3408 verba
2560 3345 2617 3411 ἒς

1527 3419 1752 3492 Λιβύην
1777 3425 2124 3489 πρηθεῖσαν,
2146 3442 2287 3490 quae
2310 3425 2474 3488 vulgo
2498 3440 2616 3475 ver·

1527 3500 1678 3546 tunt:
1726 3497 1816 3558 „in
1852 3495 2067 3559 Libyam
2099 3494 2412 3556 venditam,“
2457 3508 2615 3544 aceu-

1524 3565 1699 3616 ratius
1758 3579 1880 3614 cum
1929 3563 2205 3614 Lar-chero
2251 3563 2330 3613 sie
2385 3561 2613 3613 reddesz

1520 3636 1686 3697 fnisse
1721 3633 1994 3694 venditam,
2036 3641 2093 3683 ut
2123 3636 2175 3684 in
2211 3632 2424 3696 Libyan·
2455 3632 2613 3682 abdu-

1525 3710 1749 3753 ceretur.
1836 3702 1993 3753 Conf.
2041 3718 2167 3752 mox
2208 3717 2330 3765 cap.
2368 3703 2464 3753 56:
2518 3696 2614 3750 καὶ

1526 3761 2458 3904 ιιιεὲῑὴεῆιέιιῄςᾶτέἕᾳίἕε

2463 3876 2477 3900 ,
2595 3876 2608 3889 .

1527 3906 1833 3974 πρηθῆναι
1853 3900 1908 3966 ἐς
1930 3900 2327 3969 Θεσπρωτούς.
2364 3907 2489 3960 Alia
2521 3908 2613 3960 da-

1528 3981 1668 4031 bunt
1701 3978 2025 4044 interpretes
2053 3979 2123 4029 ad
2158 3978 2237 4039 11,
2262 3978 2349 4030 55.
2403 3978 2469 4027 In
2497 3992 2615 4029 ver-

1530 4049 1618 4098 bis
1653 4037 1790 4098 ἆκὸ
1830 4046 2060 4111 σφέων
2096 4044 2366 4111 γενέσθαι
2401 4047 2616 4098 liberio-

1528 4133 1643 4168 rem
1677 4117 1945 4182 quendam
1992 4133 2149 4168 usum
2193 4117 2615 4182 praepositionis

1526 4178 1676 4249 ἀπὸ,
1715 4202 1853 4251 quae
1888 4201 1986 4250 pro
2019 4177 2135 4236 ὑπὸ
2163 4187 2345 4250 posita
2379 4185 2614 4246 videtur,

1530 4255 1782 4319 exposuit
1805 4256 2021 4320 Sauppe
2056 4257 2114 4305 in
2140 4254 2368 4306 Jahrbb.
2409 4254 2462 4303 d.
2490 4254 2616 4304 Phi-

1526 4325 1694 4390 lolog.
1722 4323 1911 4389 Suppl.
1931 4324 2043 4377 111.
2065 4341 2118 4389 p.
2158 4325 2277 4375 277.
2342 4324 2429 4373 Tu
2465 4323 2615 4374 conf.

1527 4393 1795 4445 Herodot.
1840 4394 1979 4457 vn,
2032 4393 2150 4445 102.
2205 4393 2324 4444 172.
2369 4392 2478 4454 ῙΧ,
2525 4391 2614 4442 66.
