3109 5092
1154 316 1651 378 EUTERPE.
1699 319 1783 378 ΙΙ.
1831 327 1951 382 136.
2572 321 2685 382 741

410 487 602 582 τάφῳ
640 483 793 576 μήτ’
843 490 919 556 ἐν
959 485 1140 582 ἄλλῳ
1175 492 1450 578 μηδενὶ,
1492 487 1650 579 μήτ’
1699 488 1906 560 ἄλλον
1942 493 2202 580 μηδένα
2250 495 2389 562 τῶν
2431 494 2692 563 ἑωυτοῦ

327 603 428 656 170
443 588 946 679 ἀπογενόμενον
993 592 1231 674 θάψαι.
1289 589 1818 680 ’Τπερβαλέσθαι
1866 593 1945 676 ,δὲ
1986 594 2403 684 βουλόμενον
2452 603 2693 667 τοῦτον

410 692 528 763 τὸν
569 696 849 782 βασιλέα
890 693 1045 775 τούς
1087 695 1415 785 πρότερον
1459 698 1717 765 ἑωυτοῦ
1756 704 2073 784 βασιλέας
2113 701 2516 786 γενομένους
2560 706 2684 769 Αἰ-

409 795 707 884 γύπτου,
747 795 1184 886 μνημόσυνον
1227 805 1575 888 πυραμίδα
1618 803 1970 884 λιπέσθαι,
2021 805 2095 871 ἐκ
2135 810 2450 871 πλίνθων
2491 800 2685 891 ποιή-

410 921 654 987 σαντα,
703 904 778 968 ἐν
817 907 898 990 τῇ
938 901 1289 991 γράμματα
1332 906 1405 972 ἐν
1432 909 1609 994 λίθῳ
1642 906 2180 993 ἐγκεκολαμμένα
2219 904 2380 974 τάδε
2408 904 2690 991 λέγοντά

410 1006 567 1072 ἐστι·
644 1012 798 1072 ΜΗ
845 1012 987 1073 ME
1028 1013 1716 1074 ΚΑΤΟΝΟΣΘΗιΣ
1750 1015 2006 1075 ΠΡΟΣ
2059 1017 2243 1076 ΤΑΣ
2288 1014 2695 1076 ΛΙΘΙΝΑΣ

410 1115 995 1176 ΠΥΡΑΜΙΔΑΣ.
1065 1116 1444 1177 ΠΡΟΕΧΩ,
1494 1116 1682 1177 ΓΑΡ
1717 1118 2108 1179 ΑΥΤΕΩΝ
2160 1117 2684 1192 ΤΟΣΟΥΤΟΝ,

400 1206 678 1277 ὈΣΟΝ
717 1205 786 1276 Ὁ
831 1219 1079 1278 ΖΕΥΣ
1129 1219 1324 1279 ΤΩΝ
1364 1218 1698 1280 ΑΛΛΩΝ
1746 1220 2027 1280 &ERN
2102 1219 2464 1281 ΚΟΝΤΩι
2511 1220 2699 1282 ΓΑΡ

401 1307 1185 1381 ὙΠΟΤΤΠΤΟΝΤΕΣ
1229 1323 1359 1382 ΕΣ
1392 1322 1818 1398 ΛΙΜΝΗΝ,
1867 1310 1938 1382 Ὁ
2002 1323 2095 1383 ΤΙ
2142 1323 2685 1383 ΠΡΟΣΧΟΙΤΟ

421 1424 607 1483 ΤΟΥ
639 1423 969 1483 ΠΗΛΟΥ
1017 1423 1166 1483 ΤΩι
1199 1425 1589 1500 ΚΟΝΤΩι,
1644 1424 1946 1485 ΤΟΥΤΟ
1974 1425 2685 1500 ΣΤΛΛΕΓΟΝΤΕΣ,

409 1524 902 1585 ΠΛΙΝΘΟΥΣ
943 1526 1391 1602 ΕΙΡΤΣΑΝ,
1448 1527 1618 1587 ΚΑΙ
1656 1528 1801 1588 ΜΕ
1850 1528 2183 1589 ΤΡΟΠΩι
2244 1528 2684 1590 ΤΟΙΟΥΤΩι

411 1622 1047 1696 ΕΞΕΠΟΙΗΣΑΝ.
1104 1627 1345 1690 τοῦτον
1370 1622 1495 1709 μὲν
1521 1628 1814 1691 τοσαῦτα
1842 1609 2318 1705 ἀποδέξασθαι.

410 1786 750 1836 lastinianus
789 1785 1031 1850 (Novell.
1083 1786 1245 1851 CXV,
1284 1786 1338 1852 5)
1387 1788 1497 1838 edi-

408 1856 576 1917 xerit,
627 1871 696 1904 ne
745 1857 832 1905 cui
879 1855 1111 1920 amplius
1157 1855 1345 1906 liceret
1382 1873 1497 1907 cor-

407 1940 541 1990 pora
578 1925 956 1975 defunctorum
996 1925 1164 1975 debiti
1191 1927 1373 1990 gratia
1409 1927 1496 1976 de-

405 1995 579 2043 tinere
601 1998 696 2043 aut
719 1993 1161 2057 impedimentum
1191 1996 1373 2046 faeere
1408 2012 1496 2046 eo-

406 2079 522 2112 rum
562 2062 888 2126 sepulturae.
964 2064 1118 2115 Conf.
1159 2065 1343 2129 Zoega
1379 2065 1416 2115 l.
1454 2066 1490 2114 l.

407 2148 532 2198 pag.
582 2131 705 2182 292.
743 2164 810 2172 -
848 2133 932 2182 Ad
978 2148 1166 2183 vocem
1219 2125 1492 2198 ἇπογενό-

407 2215 582 2264 μενον
618 2201 955 2264 (ἀείίιηοτιιηι,
999 2202 1255 2267 mortuum)
1306 2204 1491 2253 confer

406 2271 481 2332 11,
520 2269 607 2321 85.
649 2270 746 2332 IV,
783 2273 814 2320 4
855 2276 909 2321 et
941 2286 1081 2335 quae
1120 2271 1229 2321 alia
1262 2272 1491 2322 laudant

406 2339 734 2390 Valckenar.
787 2346 841 2388 et
877 2340 1201 2404 wesseling.
1251 2341 1320 2391 ad
1356 2341 1408 2391 h.
1450 2341 1488 2392 l.

474 2402 533 2457 ἐκ
564 2407 832 2457 πλίνθων
853 2404 1194 2474 ποιήσαντα]
1219 2410 1308 2460 Sic
1335 2410 1488 2472 dixit,

406 2478 548 2543 quod
572 2482 681 2527 tres
707 2478 1040 2542 pyramides,
1073 2493 1300 2542 quarum
1326 2484 1490 2530 antea

406 2548 606 2597 mentio
653 2547 802 2596 facta
838 2552 950 2608 est,
991 2563 1060 2596 ex
1095 2547 1275 2612 lapide
1314 2549 1491 2598 ealea-

407 2617 487 2666 rio
522 2620 678 2666 erant
711 2621 1050 2678 exstructae,
1090 2616 1231 2666 hanc
1267 2633 1394 2668 vero
1427 2634 1491 2667 ex

408 2701 570 2749 opere
590 2685 837 2735 latericio
860 2686 977 2736 fieri
1003 2686 1167 2736 iussit
1189 2702 1298 2746 rex,
1334 2686 1493 2750 quale

407 2770 541 2818 opus
575 2755 632 2802 in
669 2754 899 2818 publicis
935 2771 1109 2820 aeque
1159 2771 1225 2805 ae
1261 2756 1489 2819 privatis

403 2822 666 2872 aedificiis
704 2822 990 2875 admodum
1028 2825 1279 2888 frequens
1325 2826 1494 2875 fuisse

405 2909 501 2957 per
551 2892 856 2957 Aegyptum
903 2895 1038 2944 satis
1086 2897 1305 2943 constat
1338 2895 1495 2959 ipsis-

404 2978 510 3027 que
540 2962 627 3024 iis,
668 2978 808 3028 quae
844 2963 1019 3014 adhue
1056 2968 1362 3026 supersunt,
1401 2980 1494 3013 an-

403 3033 678 3099 tiquitatis
725 3032 969 3097 reliquiis
1020 3033 1157 3081 satis
1204 3033 1492 3097 probatum

403 3103 548 3152 couf-
570 3101 730 3152 modo
751 3102 1080 3152 Wilkinson.
1109 3102 1364 3154 Manners
1387 3109 1490 3154 eto.

405 3173 485 3222 11.
535 3187 661 3236 pag.
719 3171 807 3233 96,
859 3170 1124 3221 Rosellini
1183 3172 1332 3221 Mon.
1384 3173 1491 3224 civ.

401 3242 477 3290 ΙΙ.
513 3257 638 3306 pag.
678 3241 800 3291 246.
877 3240 1026 3304 Opus
1065 3239 1366 3290 latericium
1396 3242 1495 3291 hu-

402 3310 487 3359 ius
513 3309 808 3373 pyramidis
843 3308 1006 3372 idque
1028 3310 1277 3359 eximium
1314 3311 1492 3361 adhue

402 3380 480 3426 ita
518 3382 795 3439 superest,
830 3382 894 3427 ut
928 3377 1131 3428 lateres
1168 3379 1305 3428 bene
1346 3397 1491 3429 eom-

404 3446 552 3510 pacti
588 3448 677 3494 vix
715 3462 813 3496 suo
848 3446 968 3496 loeo
1005 3448 1138 3496 moti
1169 3448 1485 3509 videantur;

401 3515 684 3564 materiam
721 3531 849 3564 vero
902 3514 958 3563 hi
1004 3515 1270 3581 praebent
1307 3518 1489 3578 talem,

401 3599 543 3649 quae
580 3600 643 3634 ex
666 3599 808 3649 aqua
842 3583 1111 3647 paludosa
1139 3583 1332 3635 lacuve
1362 3602 1490 3650 quo-

402 3653 525 3702 dam
564 3654 732 3704 dueta
767 3654 941 3703 videri
984 3657 1177 3718 queat:
1225 3658 1286 3702 nt
1336 3670 1486 3715 saue,

399 3737 539 3789 quae
571 3723 856 3788 inscriptio
888 3723 1159 3784 declarat,
1198 3737 1330 3773 vera
1368 3738 1489 3774 esse

401 3798 682 3857 appareat.
756 3792 965 3857 Lapide
982 3793 1120 3842 haec
1138 3794 1375 3856 pyramis
1397 3809 1488 3842 ae-

399 3878 505 3926 que
540 3867 691 3912 teeta
725 3868 845 3913 erat
880 3863 1215 3911 extrinsecus
1266 3878 1332 3912 ac
1368 3862 1489 3912 reli-

400 3945 539 3995 quae
561 3930 656 3993 (ef.
683 3932 760 3993 ΙΙ,
787 3933 902 3982 125.
930 3931 1029 3981 126
1049 3929 1214 3995 ete‚);
1249 3931 1307 3980 in
1340 3931 1485 3982 hunc

398 3999 634 4063 lapidem
676 3991 759 4062 (ἐν
795 3999 967 4066 λίθῳ)
1005 4000 1312 4063 insculptae
1335 4007 1490 4051 erant

400 4067 621 4132 literae,
681 4061 1003 4132 γράμματα,
1056 4074 1120 4118 ut
1164 4070 1366 4120 Noster
1409 4070 1485 4120 lo-

402 4137 614 4200 quitur,
655 4138 799 4188 haud
828 4139 941 4188 scio
982 4154 1050 4187 an
1092 4139 1309 4201 eadem,
1349 4155 1489 4204 quae

403 4220 568 4270 supra
601 4207 677 4268 ΙΙ,
729 4208 825 4258 125
862 4211 1026 4257 vocat
1060 4200 1356 4272 γράμματα
1391 4203 1486 4255 Αἰ-

399 4272 638 4338 γύπτια,
679 4277 772 4326 ubi
807 4276 919 4326 vid.
948 4281 1110 4338 nott„
1145 4293 1370 4341 quorum
1408 4278 1487 4326 in-

399 4346 844 4409 terpretationem
880 4347 962 4396 ita
996 4347 1209 4410 accepit
1231 4346 1298 4396 ab
1323 4347 1487 4397 inter-

1600 1794 1778 1854 prete,
1825 1794 1886 1837 ut
1930 1790 2038 1838 iam
2088 1788 2297 1839 Graece
2345 1790 2570 1839 Graecis
2606 1788 2682 1839 le-

1600 1859 1842 1908 ctoribus
1893 1857 2116 1907 reddere
2170 1863 2355 1920 posset
2401 1854 2559 1918 (τάδε
2600 1852 2681 1906 λε’-

1596 1925 1828 1992 γοντα);
1865 1930 1988 1975 na'm
2030 1927 2252 1977 Graecis
2286 1927 2459 1976 literis
2494 1928 2684 1978 inscri-

1597 1997 1835 2062 ptionem
1873 1996 2073 2045 factam
2114 2011 2265 2059 esse,
2313 1997 2517 2047 nemini
2562 2013 2682 2061 pro-

1597 2068 1743 2116 fecto
1780 2066 1834 2114 in
1861 2070 2093 2114 mentem
2113 2067 2315 2117 veniet.
2389 2066 2473 2116 cf.
2515 2067 2680 2117 etiam

1594 2136 1670 2198 11,
1712 2135 1806 2185 141
1849 2134 1940 2184 fin.

1662 2199 1740 2267 μή
1775 2217 1841 2267 με
1876 2200 2245 2270 κατονοσθῇς
2278 2194 2455 2266 πρὸς
2481 2195 2581 2260 τὰς
2601 2202 2680 2251 λι-

1593 2271 1770 2329 θίνας
1806 2269 2152 2338 πυραμίδας]
2196 2274 2235 2324 i.
2278 2289 2326 2323 e.
2368 2289 2432 2322 ne
2465 2289 2538 2322 me
2562 2288 2680 2322 con-

1593 2351 1783 2393 temnas
1822 2359 1867 2392 s.
1898 2343 2196 2405 vilipendas,
2221 2357 2524 2405 comparans
2548 2341 2677 2406 (me)

1592 2428 1698 2461 eum
1752 2413 1969 2475 lapideis
2007 2413 2373 2477 pyramidibus.
2438 2403 2677 2459 κατονό-

1594 2479 1805 2529 σασθαι
1857 2486 2133 2544 exponunt
2170 2473 2532 2543 ἐκφαυλίσαι,
2580 2495 2678 2528 κα-

1590 2546 2027 2612 ταμέμψασθαι,
2081 2555 2142 2600 ut
2189 2551 2265 2611 ΙΙ,
2318 2549 2435 2598 172.
2485 2579 2555 2587 -
2595 2550 2679 2598 De

1596 2634 1696 2667 usu
1750 2619 2172 2681 praepositionis
2222 2614 2367 2679 πρὸς
2430 2617 2540 2666 vid.
2589 2618 2680 2666 Fi-

1595 2687 1771 2737 scher.
1810 2687 1879 2736 ad
1911 2686 2128 2735 Weller.
2157 2688 2264 2748 111,
2307 2687 2361 2736 b.
2389 2701 2516 2750 pag.
2555 2687 2676 2735 257.

1665 2747 1850 2820 πόντῳ
1886 2747 1989 2817 γὰρ
2017 2744 2447 2811 ὑποτύπτοντες
2482 2746 2536 2811 ἐς
2559 2753 2679 2818 λίμ-

1600 2822 1727 2889 νην]
1767 2824 1804 2874 i.
1847 2839 1894 2873 e.
1935 2831 2079 2872 conto
2114 2826 2168 2873 ἂι
2201 2824 2434 2886 paludem
2470 2825 2679 2874 annus-50

1596 2902 1885 2959 egerentes,
1926 2893 2060 2958 quod
2075 2893 2387 2943 adhaerebat
2420 2895 2528 2943 luti.
2590 2894 2681 2942 Ita

1597 2964 1653 3013 h.
1692 2963 1729 3013 1.
1766 2964 1933 3012 vertit
1965 2961 2294 3013 Valckenar.
2318 2962 2389 3012 ad
2412 2962 2519 3024 111,
2561 2961 2677 3024 130,

1595 3034 1690 3083 ubi
1732 3032 2203 3083 Hemsterhusium
2251 3033 2387 3083 citat
2443 3032 2513 3081 ad
2561 3033 2679 3082 Ari-

1594 3104 1844 3167 stophau.
1883 3104 1986 3153 Av.
2040 3102 2173 3154 1145
2221 3102 2287 3152 de
2325 3102 2490 3152 verbo
2532 3092 2677 3151 ὑπο-

1590 3165 1824 3220 τύπτειν
1859 3176 2234 3237 exponentem.
2309 3171 2466 3221 Conf.
2514 3173 2678 3220 etiam

1592 3242 1794 3292 Herod.
1832 3242 1929 3303 VI,
1981 3241 2099 3292 119.
2168 3243 2233 3290 In
2288 3256 2439 3304 seqq.
2483 3241 2681 3290 retinui

1594 3303 1952 3375 πρόσχοιτο.
2025 3310 2153 3360 Vid.
2208 3314 2344 3358 nott.
2396 3308 2465 3357 ad
2523 3310 2567 3367 1,
2623 3312 2675 3358 2.

1592 3406 1663 3415 -—
1705 3379 1911 3442 λίμνην
1958 3378 2025 3427 de
2092 3378 2215 3427 lacu
2270 3376 2526 3425 Moeridis
2578 3374 2675 3438 (ΙΙ,

1594 3447 1738 3510 149.)
1776 3445 2007 3510 intelligi
2045 3445 2237 3495 volunt
2266 3446 2332 3505 ii,
2389 3445 2483 3508 qui
2536 3444 2677 3493 hane

1590 3517 1765 3580 ipsam
1800 3515 2134 3579 pyramidem
2175 3529 2342 3578 prope
2381 3512 2448 3562 El
2483 3513 2677 3562 Lahun

1591 3584 1887 3644 collocaut3
1941 3598 2115 3646 aequo
2152 3585 2267 3632 iure
2303 3581 2463 3631 etiam
2506 3582 2677 3631 Aehe-

1589 3653 1791 3703 rusiam
1839 3651 2119 3717 paludem,
2175 3650 2239 3700 de
2290 3666 2397 3715 qua
2446 3650 2673 3700 Diodor.

1592 3723 1636 3784 I,
1675 3722 1761 3784 96,
1803 3738 1836 3772 a
1870 3720 2108 3784 Memphi
2133 3736 2241 3770 non
2275 3719 2565 3769 admodum
2596 3736 2676 3770 re-

1590 3796 1792 3841 motam
1829 3789 2135 3854 intelligere
2173 3789 2305 3839 lieet
2329 3793 2427 3839 aut
2444 3788 2675 3840 alterum

1585 3862 1785 3922 laeum,
1815 3860 1968 3910 ouius
1987 3859 2226 3922 vestigia
2244 3860 2315 3909 ad
2335 3860 2519 3909 ruinas
2545 3864 2677 3909 tem-

1587 3932 1693 3997 pli,
1739 3929 1883 3994 quod
1928 3927 2161 3980 Vulcani
2216 3929 2387 3978 fuisse
2431 3929 2676 3993 perhibe-

1590 4006 1705 4062 tur,
1742 3999 1965 4063 reperiri
2000 3998 2190 4068 scribit
2215 3998 2390 4049 Raoul
2410 3999 2677 4049 Roehette

1591 4070 1629 4121 l.
1667 4070 1705 4119 1.
1743 4085 1870 4132 pag.
1912 4068 2035 4118 410.

1658 4136 1947 4194 πλίνθους
1988 4133 2241 4201 εἴρυσαν]
2290 4137 2327 4185 i.
2384 4150 2431 4185 e.
2484 4139 2677 4186 lateres

1590 4209 1863 4258 duxerunt.
1896 4208 2073 4272 Supra
2093 4207 2138 4265 1,
2167 4207 2266 4256 179
2289 4205 2502 4255 dixerat
2517 4203 2677 4253 πλίν-

1591 4277 1742 4334 θους
1778 4272 1973 4326 ἕλκειν.
2016 4306 2087 4315 --
2120 4276 2205 4325 De
2231 4275 2398 4324 verbo
2427 4265 2679 4323 ἐκποιεῖν

1590 4347 1737 4397 conf.
1774 4350 1913 4396 nott.
1953 4346 2024 4395 ad
2059 4345 2135 4406 ΙΙ,
2174 4346 2291 4394 125.
2363 4344 2523 4393 Hanc
2545 4358 2703 4416 vero·
