3109 5092
418 337 539 399 136

1288 331 1827 396 HERODOTI

412 508 1039 599 καταλαμβάνοντες
1064 504 1223 587 τοὺς
1248 506 1661 595 φεύγοντας,
1702 514 1941 595 ἔλεγον
1977 503 2060 593 τὰ
2089 508 2540 596 ἐντεταλμένα,
2561 500 2695 575 ὑπὸ

414 611 936 701 Πεισιστράτου,
978 614 1303 700 θαρσέειν
1341 639 1413 681 τε
1458 608 1880 691 κελεύοντες·
1949 611 2061 678 καὶ
2101 606 2371 679 ἀπιέναι
2415 613 2696 695 ἕκαστον

319 725 399 786 64
416 719 527 787 ἐπὶ
576 714 657 786 τὰ
711 717 990 785 ἑωυτοῦ.
1070 718 1519 803 Πειθομένων
1576 714 1648 783 δὲ
1704 721 1843 784 τῶν
1889 710 2308 801 Ἀθηναίων,
2378 710 2556 783 οὕτω
2610 709 2696 802 δὴ

418 827 899 909 Πεισίστρατος
935 816 1010 887 τὸ
1050 825 1278 905 τρίτον
1319 815 1502 906 σχῶν
1542 814 1870 908 Ἀθήνας,
1934 819 2249 907 ἐρρίζωσε
2292 814 2418 905 τὴν
2444 843 2706 905 τυραν--

415 929 575 994 νίδα
617 921 1042 1011 ἐπικούροισί
1091 948 1163 991 τε
1208 930 1513 991 πολλοῖσι
1552 924 1666 990 καὶ
1709 918 2066 1010 χρημάτων
2116 919 2502 999 συνόδοισι,
2556 924 2695 988 τῶν

416 1027 541 1116 μὲν
596 1022 927 1109 αὐτόθεν,
984 1028 1120 1094 τῶν
1179 1024 1255 1093 δὲ
1308 1022 1440 1095 ἀπὸ
1492 1023 1889 1114 Στρυμόνος
1940 1028 2243 1111 ποταμοῦ
2294 1021 2693 1104 συνιόντων,

416 1127 710 1219 ὁμήρους
739 1155 810 1197 τε
842 1133 981 1197 τῶν
1021 1127 1583 1217 παραμεινάντων
1615 1124 1999 1216 Ἀθηναίων
2028 1127 2140 1195 καὶ
2170 1122 2260 1216 μὴ
2288 1123 2530 1195 αὐτίκα
2559 1152 2692 1213 ‹pv-

415 1327 650 1393 ἵππους]
691 1329 729 1379 i.
762 1345 810 1379 e.
849 1330 1018 1391 ,filios
1059 1325 1229 1393 (suos)
1255 1331 1509 1391 maritos

416 1403 556 1465 equis
586 1397 909 1462 praendsitf‘
945 1398 1031 1447 De
1053 1396 1330 1447 locutione
1356 1397 1504 1448 conf.

422 1470 467 1532 1,
504 1468 590 1529 60,
628 1467 720 1516 ubi
759 1467 826 1516 de
860 1465 1041 1531 Phys:
1083 1457 1138 1523 ἔς
1171 1455 1324 1530 ἅρμα
1362 1456 1507 1583 ἐσβι-

416 1530 690 1602 βάσαντες
731 1536 864 1599 ibiq.
927 1539 1042 1585 not.
1102 1527 1239 1592 τοὺς
1295 1537 1404 1585 παῖ
1441 1550 1509 1591 ας

415 1607 505 1657 hic
540 1605 607 1655 de
648 1603 774 1655 filiis
813 1604 948 1669 ipsis
985 1604 1283 1668 Pisistrati,
1303 1620 1405 1656 nec
1442 1605 1508 1655 de

419 1676 561 1739 aliis,
588 1690 642 1724 v.
667 1690 713 1725 c.
738 1674 949 1736 ·servis,
983 1674 1398 1741 intellig-endum
1422 1673 1510 1724 vel

415 1747 541 1796 inde
577 1746 733 1809 sequi
769 1743 1003 1807 videtur,
1044 1744 1188 1809 quod
1211 1745 1258 1805 1,
1298 1743 1383 1796 61.
1429 1743 1506 1794 le-

415 1816 594 1880 gimus
657 1816 724 1866 de
784 1814 1108 1865 Pisistrato:
1177 1804 1501 1879 ἐβουλεύετο

415 1881 533 1949 ἅμα
578 1888 726 1936 τοῖσι
780 1881 981 1933 παισίν
1029 1888 1135 1934 etc.
1198 1885 1313 1934 Nec
1363 1883 1504 1933 ratio

417 1956 542 2020 ipsa
575 1955 852 2005 abhorret.

485 2020 583 2073 καὶ
615 2016 846 2073 ἀπιέναι
883 2017 1118 2079 ἕκαστος
1153 2011 1245 2071 ἐπὶ
1277 2010 1345 2068 τὰ
1369 2009 1505 2069 §mv-

418 2091 543 2157 τοῦ]
606 2093 715 2155 Qui
756 2083 985 2140 ἀπιέναι
1034 2090 1366 2140 infinitivum
1407 2105 1504 2153 pro

418 2162 745 2225 imperativo
782 2160 872 2209 hic
907 2161 1085 2224 accipi
1130 2158 1350 2219 volunt,
1402 2173 1511 2207 non

419 2231 596 2280 minus
633 2229 764 2278 mihi
800 2245 835 2278 a
875 2244 1038 2278 sensu
1085 2227 1193 2276 loci
1228 2227 1514 2276 aberrasse

418 2300 701 2359 videntur,
755 2313 917 2361 quam
964 2298 1030 2360 ii,
1082 2296 1175 2360 qui
1227 2295 1515 2345 nominati-

417 2384 545 2418 vum
593 2362 859 2427 ἕκαστος,
918 2366 1043 2415 olim
1080 2365 1394 2429 vulgatum,
1448 2379 1515 2414 ex

422 2436 805 2488 anacoluthiae
845 2450 1041 2500 genere
1076 2435 1309 2499 quodam
1349 2433 1515 2499 expli-

421 2508 535 2559 cari
571 2522 733 2573 posse
770 2509 985 2571 putant.
1100 2519 1231 2554 nare
1278 2519 1398 2553 cum
1433 2519 1515 2553 rc-

421 2582 592 2629 centt.
652 2575 776 2627 edd.
834 2575 1030 2639 scripsi
1076 2587 1340 2635 εκαστον,
1391 2589 1514 2638 pro-

421 2648 588 2698 bante
623 2661 838 2712 quoque
872 2645 1119 2695 Schoene
1146 2659 1273 2709 pag.
1314 2646 1366 2693 5.
1394 2643 1512 2694 eius

423 2715 925 2779 commentationis,
984 2729 1145 2779 quam
1203 2713 1273 2763 ad
1334 2713 1391 2776 Ι,
1444 2713 1510 2763 27

422 2786 663 2838 laudavi.

780 2954 914 3005 Car.
957 2953 1156 3005 LXIV.

497 3043 647 3105 οὕτω
685 3046 759 3135 δὴ
787 3053 1195 3114 Πεισίστρατος
1214 3046 1275 3103 τὸ
1316 3054 1512 3116 τρίτον

425 3117 578 3190 σχὼν
610 3115 875 3187 ’Aenum-1
913 3124 1129 3174 Accidit
1160 3124 1265 3174 hoc
1294 3123 1509 3188 Olymp.

423 3196 570 3253 LIX,
608 3195 661 3243 4.
698 3208 745 3242 s.
787 3193 884 3243 541
924 3208 977 3242 a.
1014 3192 1140 3242 Chr.
1180 3208 1265 3255 n.,
1303 3198 1367 3241 ut
1402 3197 1513 3242 sta-

422 3265 532 3314 tuit
566 3262 814 3321 Voemeh
861 3261 975 3312 vid.
1026 3267 1167 3312 nott.
1214 3261 1283 3312 ad
1324 3262 1371 3324 1,
1423 3263 1509 3315 59.

424 3333 684 3385 Narravit
733 3333 933 3382 Noster
976 3331 1113 3383 haec
1160 3332 1376 3382 omnino
1414 3331 1511 3394 ita,

424 3409 503 3467 ut,
546 3418 686 3467 quae
721 3403 789 3452 de
804 3402 1098 3455 Pisistrato
1134 3416 1357 3452 narrare
1394 3417 1512 3451 coe-

422 3475 614 3539 pisset,
643 3487 708 3522 ea
729 3477 783 3523 et
807 3472 1151 3522 continuaret
1181 3476 1236 3522 et
1260 3470 1329 3521 ad
1351 3469 1512 3521 finem

422 3542 747 3608 perduceret
790 3541 878 3592 vel
914 3540 1061 3591 ultra
1096 3557 1161 3593 ea
1208 3542 1332 3607 ipsa
1378 3545 1511 3591 tem-

424 3628 586 3677 pora,
646 3612 703 3660 in
762 3627 904 3675 quae
956 3610 1163 3677 legatio
1218 3627 1253 3661 a
1307 3610 1510 3661 Croeso

424 3683 595 3732 missa
656 3681 712 3730 in
773 3681 1006 3731 Graecia
1065 3681 1135 3731 ad
1180 3696 1512 3745 cognoscen-

426 3751 526 3801 das
554 3750 807 3799 civitates
843 3750 1256 3813 potentissimas
1292 3749 1512 3800 foedere

425 3819 534 3869 sibi
569 3817 944 3880 adiungendas
978 3817 1199 3879 incidit3
1241 3834 1402 3883 quam
1438 3820 1511 3868 le-

424 3886 699 3952 gationem
736 3886 784 3934 si
830 3901 951 3935 cum
991 3888 1232 3937 Schultz.
1281 3888 1510 3952 (Appar.

425 3958 549 4007 crit.
589 3954 747 4018 Spec.
787 3954 860 4005 II.
898 3970 952 4018 p.
996 3955 1060 4005 13
1099 3955 1239 4020 seq.)
1276 3955 1345 4005 ad
1381 3972 1508 4007 ann.

424 4026 528 4077 552
566 4023 879 4085 referimus,
926 4023 983 4072 id
1027 4022 1189 4088 longe
1240 4026 1515 4076 antecedit

424 4101 673 4158 tempora
743 4107 835 4154 ea,
896 4092 1094 4156 quibus
1149 4093 1371 4143 tertium
1433 4110 1513 4144 re-

428 4179 547 4215 rum
600 4161 810 4226 potitus
860 4165 944 4210 est
988 4161 1335 4213 Pisistratus.
1404 4163 1512 4213 Sed

425 4231 602 4284 voluit
635 4231 836 4281 Noster
871 4231 1086 4280 omnino
1121 4231 1380 4293 indicare,
1417 4247 1514 4283 cur

430 4303 682 4362 Croesus,
702 4298 1116 4350 Atheniensium
1148 4301 1307 4351 rebus
1329 4302 1513 4367 cogni-

428 4374 529 4439 tis,
581 4368 795 4423 eosdem
845 4368 951 4423 sibi
1009 4369 1315 4422 adsciscere
1359 4370 1511 4422 nolu-

1610 1329 1731 1378 erit.
1804 1327 1929 1380 Vid.
1981 1327 2309 1379 Wiedmann
2352 1328 2409 1378 in
2453 1343 2520 1378 ea
2555 1342 2698 1377 com·

1611 1399 1973 1458 mentatione,
2012 1414 2175 1463 quam
2213 1398 2283 1448 ad
2323 1398 2369 1460 1,
2407 1397 2475 1449 30
2509 1396 2698 1447 lauda-

1608 1469 1785 1517 vimus
1828 1485 1882 1533 p.
1920 1469 2007 1518 25.
2045 1467 2338 1518 Dunckero
2356 1466 2695 1530 (Geschicht.

1611 1537 1665 1588 d.
1706 1536 1940 1588 Alter-th.
1978 1537 2055 1587 11.
2102 1552 2158 1601 p.
2198 1536 2344 1602 538.)
2381 1535 2697 1586 Herodotus

1609 1605 1665 1658 h.
1708 1605 1745 1656 l.
1781 1608 1838 1658 in
1874 1622 2110 1658 errorem
2157 1606 2416 1657 incidisse
2461 1605 2697 1668 videtur,

1612 1677 1706 1740 qui
1743 1692 1864 1727 cum
1900 1678 2114 1727 alteram
2142 1676 2421 1727 Pisistrati
2458 1675 2699 1726 domina-

1607 1746 1813 1796 tionem
1850 1747 2032 1798 dicere
2067 1745 2334 1809 debuerit,
2371 1749 2571 1797 tertiam
2606 1760 2703 1810 po·

1609 1816 1799 1867 suerit.
2067 1852 2074 1859 ·

1677 1881 1772 1935 καὶ
1838 1875 2163 1949 χρημάτων·
2197 1876 2524 1945 συνόδοισι,
2585 1880 2703 1932 τῶν

1607 1945 1712 2018 μὲν
1754 1943 2036 2017 αὐτόθεν,
2083 1950 2198 2003 τῶν
2249 1947 2312 2003 δὲ
2360 1944 2477 2003 ἀπὸ
2524 1951 2702 2015 Στρυ-

1608 2015 1787 2087 μόνος
1862 2020 2124 2088 ποταμοῦ
2186 2014 2525 2088 συνιόντων]
2585 2020 2702 2071 τῶν

1609 2085 1712 2156 μὲν
1750 2108 1925 2158 aeque
1957 2109 2025 2144 ac
2060 2089 2176 2141 τῶν
2212 2085 2275 2141 δὲ
2306 2092 2377 2142 ad
2400 2083 2702 2157 χρημάτων

1614 2162 1974 2214 referendum.
2033 2163 2230 2212 Moneo
2269 2166 2492 2227 propter
2525 2162 2700 2212 virum

1616 2231 1836 2281 doctum
1886 2230 2076 2296 (Grote
2134 2232 2349 2296 history
2394 2231 2455 2282 of
2499 2231 2704 2283 Greece

1614 2299 1710 2349 IV.
1739 2315 1794 2364 p.
1833 2300 1976 2367 145),
2013 2301 2106 2366 qui
2139 2300 2207 2351 de
2241 2301 2588 2351 mercenariis
2623 2301 2704 2350 in-

1617 2367 1791 2434 telligi
1826 2369 2020 2432 voluit,
2059 2386 2193 2434 quos
2231 2371 2356 2420 inde
2394 2386 2428 2420 a
2462 2371 2703 2434 Strymo-

1615 2438 1700 2487 nis
1721 2440 2033 2504 regionibus
2066 2440 2366 2506 conductos
2404 2455 2586 2490 secum
2609 2440 2704 2490 ha-

1615 2507 1799 2557 buerit
1833 2509 2182 2560 Pisistratus.
2237 2510 2301 2559 In
2352 2510 2703 2575 pecuniarum

1615 2576 1912 2639 reditibus,
1960 2578 2053 2643 qui
2098 2594 2163 2628 ex
2210 2579 2333 2644 ipsa
2389 2579 2577 2630 Attica
2622 2595 2703 2629 re-

1616 2647 1779 2712 gione
1840 2637 2140 2712 (αὐτόθεν)
2198 2648 2558 2714 cogebantur,
2598 2664 2704 2713 „re-

1615 2717 1861 2781 spexisse
1914 2723 2046 2783 puto
2093 2718 2433 2769 Herodotum
2481 2717 2705 2768 metalla

1614 2787 1847 2848 Lauria,
1891 2787 2037 2837 unde
2085 2793 2370 2853 argentum
2422 2788 2702 2854 provenie-

1615 2855 1733 2906 bat.
1808 2857 1964 2919 Quae
2021 2857 2236 2921 quidem
2301 2857 2396 2908 illo
2461 2863 2704 2922 tempore

1618 2924 1768 2990 plus·
1812 2925 2107 2991 protulisse
2185 2926 2467 2988 videntur,
2539 2942 2703 2991 quam

1615 2994 1874 3058 posthac3
1927 2996 2007 3045 ita
2046 2999 2109 3046 ut
2156 2995 2377 3047 fodinae
2413 2997 2701 3047 Strabonis

1616 3067 1859 3127 tempore
1884 3064 2167 3130 neglectae
2191 3066 2305 3117 fere
2331 3067 2592 3116 iacerent.
2619 3067 2704 3116 De

1614 3131 1697 3181 his
1735 3134 1957 3197 copiose
1994 3134 2270 3198 disseruit,
2299 3140 2553 3186 monente
2592 3136 2702 3197 Cr.‚

1614 3202 1856 3254 Boeckh.
1911 3209 2026 3253 tum
2073 3205 2129 3254 in
2185 3204 2480 3258 Oeconom.
2540 3205 2704 3255 Athe·

1615 3270 1819 3321 nienss.
1858 3272 1906 3323 I.
1942 3290 2010 3337 p.
2038 3272 2158 3336 331,
2204 3279 2321 3325 tum
2356 3276 2412 3324 in
2440 3274 2705 3338 peculiari

1615 3340 1911 3405 scriptione
1937 3343 2146 3393 inserta
2165 3348 2540 3395 commentatt.
2566 3344 2706 3393 Aca-
2797 3404 2804 3413 η

1617 3408 1757 3461 dem.
1795 3426 1909 3477 reg.
1958 3413 2327 3464 Berolinensis
2373 3429 2500 3463 ann.
2549 3412 2702 3465 1815.

1614 3479 1827 3531 Deinde
1862 3481 1954 3531 ubi
1994 3483 2203 3533 reditus
2254 3484 2454 3533 Noster
2496 3482 2631 3533 dicit
2669 3498 2704 3532 a

1615 3548 1904 3613 Strymone
1949 3551 2116 3602 fluvio
2161 3553 2569 3616 provenientes,
2624 3552 2705 3601 in-

1613 3617 1818 3684 telligit
1854 3620 2077 3671 metalla
2114 3621 2367 3682 Thracia,
2406 3637 2580 3684 eaque
2608 3635 2704 3669 au·

1615 3703 1725 3750 rea,
1764 3689 1830 3739 de
1860 3690 2056 3754 quibus
2091 3691 2378 3755 postmodo
2413 3690 2706 3741 Athenien-

1614 3772 1701 3806 ses
1753 3757 2162 3822 disceptabant,
2221 3765 2444 3811 auctore
2489 3760 2704 3821 Thucy-

1615 3825 1741 3876 dide
1776 3828 1823 3890 I,
1865 3829 1981 3879 100.
2022 3829 2189 3880 Plura
2223 3830 2364 3880 idem
2393 3828 2704 3880 Boeckhius

1614 3894 1653 3944 1.
1691 3894 1728 3944 1.
1768 3912 1895 3961 pag.
1938 3897 2038 3948 334
2077 3915 2191 3964 seq.
2241 3930 2310 3940 —-
2359 3899 2443 3948 Ad
2488 3898 2704 3949 univer-

1616 3978 1734 4013 sam
1754 3969 2078 4019 sententiam
2095 3969 2238 4020 conf.
2264 3968 2530 4031 Polyaeni
2554 3968 2704 4018 Stra-

1617 4037 1729 4097 teg.
1777 4034 1832 4095 1,
1881 4037 1969 4087 21.
2030 4041 2080 4099 §-
2129 4041 2161 4089 2
2200 4038 2268 4088 de
2312 4036 2435 4088 dolo
2481 4052 2705 4087 narran-

1616 4105 1724 4151 tem
1741 4140 1754 4163 ‚
1806 4119 1911 4168 quo
1959 4107 2318 4159 Athenienses
2378 4108 2703 4158 Pisistratus

1617 4170 1841 4236 ceperit.
1884 4176 2102 4227 Laudat
2149 4181 2435 4242 praeterea
2467 4176 2611 4226 hane
2647 4175 2703 4224 in

1616 4255 1727 4290 rem
1771 4243 2074 4297 Larcherus
2110 4247 2335 4297 Maxim.
2383 4247 2516 4308 Tyr.
2552 4245 2702 4295 Diss.

1613 4310 1818 4361 XXIX.
1857 4311 2074 4377 (xm.)
2110 4319 2158 4380 §-
2193 4316 2245 4367 3.
2273 4330 2326 4382 p.
2353 4314 2475 4367 349.
2511 4319 2567 4364 et
2595 4313 2706 4364 alia

1614 4379 1900 4444 quaedam.
