3109 5092
1100 350 1595 411 EU'I‘ERPE.
1639 350 1724 408 ΙΙ.
1773 359 1894 412 134.

2508 348 2631 408 733

355 521 480 611 τὴν
508 521 592 611 δὴ
633 523 1051 610 μετεξέτεροί
1074 544 1238 609 φασι
1259 517 1601 611 Ἐλλήνων
1617 516 1973 600 Ῥοδώπιος
2004 522 2268 608 ἑταίρης
2309 518 2634 607 γυναικὸς

360 626 534 695 εἶναι
554 677 572 706 ‚
602 623 728 696 οὐκ
756 623 984 714 ὀρθῶς
1020 628 1348 711 λέγοντες.
1414 622 1575 695 οὐδὲ
1605 615 1702 694 ὧν
1733 621 1893 693 οὐδὲ
1924 624 2176 702 εἰδότες
2201 651 2313 712 μοι
2344 632 2628 712 φαίνον-

357 757 465 798 ται
505 732 731 816 λέγειν
761 719 980 812 οὗτοι,
1015 724 1159 816 ἥτις
1196 721 1281 818 ἦν
1304 724 1345 818 ἡ
1366 724 1716 807 Ῥοδῶπις·
1787 724 1869 796 οὐ
1902 726 2031 816 γὰρ
2059 724 2144 796 ἄν
2180 732 2250 796 οἱ
2283 733 2631 816 πυραμίδα

358 830 698 902 ἀνέθεσαν
757 831 1170 921 ποιήσασθαι
1216 831 1571 920 τοιαύτην,
1633 834 1699 910 ἐς
1746 828 1870 918 τὴν
1925 830 2271 899 ταλάντων
2314 830 2630 918 χιλιάδες,

279 953 375 1004 168
390 933 863 1025 ἀναρίθμητοι,
901 930 990 1014 ὡς
1015 935 1193 1029 λόγῳ
1228 942 1465 1020 εἰπεῖν,
1495 931 1982 1022 ἀναισίμωνται
2001 956 2016 970 ·
2046 932 2213 1021 πρὸς
2243 935 2349 1017 δὲ,
2379 929 2479 1002 ὅτι
2508 962 2628 1002 κα-

358 1036 438 1107 τὰ
455 1037 738 1127 ’Ἄμασιν
763 1038 1209 1128 βασιλεύοντα
1235 1030 1323 1127 ἦν
1348 1035 1730 1126 ἀκμάζουσα
1748 1032 2066 1116 Ῥοδῶπις
2082 1088 2102 1120 ,
2147 1034 2291 1107 ἀλλ’
2339 1035 2423 1107 οὐ
2464 1036 2630 1106 κατὰ

360 1204 427 1253 ad
469 1204 541 1266 11,
583 1205 699 1254 127.
772 1204 947 1254 Huius
973 1204 1170 1269 lapidis
1189 1205 1447 1271 reliquias

360 1274 537 1323 adhuc
573 1289 857 1338 superesse
884 1275 938 1322 in
967 1274 1317 1324 inferioribus
1351 1291 1448 1340 py-

359 1342 581 1393 ramidis
601 1344 847 1406 partibus
870 1350 1123 1394 asserunt
1133 1345 1299 1409 Vyse,
1318 1345 1448 1395 Pro-

360 1413 553 1474 kesch,
592 1413 713 1476 alii,
757 1428 892 1477 quos
931 1413 1096 1478 paulo
1134 1420 1264 1464 ante
1307 1415 1448 1464 exci-

361 1483 619 1532 tavimus.

430 1543 566 1599 οὐδὲ
612 1565 695 1599 ων
745 1542 884 1601 οὐδὲ
933 1543 1150 1607 εἰδότες
1189 1565 1240 1599 κ.
1285 1567 1332 1599 τ.
1371 1548 1443 1616 L]

360 1621 444 1670 Ad
482 1620 809 1670 locutionem
847 1612 985 1670 ουδὲ
1017 1636 1099 1670 ων
1136 1611 1272 1669 οὐδὲ
1298 1621 1443 1669 conf.

359 1691 425 1752 V,
472 1691 541 1741 98
597 1690 781 1754 ibique
827 1694 967 1740 nott.
1040 1690 1161 1740 Hoc
1212 1704 1277 1738 ex
1323 1690 1446 1739 loco

359 1760 707 1810 manifestum
763 1775 885 1810 esse
939 1763 1100 1824 putat
1145 1760 1327 1823 Zoega
1381 1760 1447 1808 de

360 1829 612 1879 obelisco.
653 1844 778 1894 pag.
805 1828 924 1880 390.
947 1835 1061 1878 not.
1088 1829 1174 1890 22,
1213 1828 1450 1878 Graecos

362 1900 467 1947 iam
504 1903 630 1948 ante
664 1897 1002 1947 Herodotum
1040 1897 1323 1947 historiam
1351 1913 1449 1961 py-

360 1967 622 2017 ramidum
661 1968 830 2016 variis
867 1967 1040 2017 modis
1077 1967 1330 2016 turbasse
1367 1973 1448 2016 at-

362 2053 465 2102 que
504 2053 570 2087 ex
615 2038 1003 2102 Aegyptiorum
1056 2036 1443 2086 traditionibus

362 2112 457 2156 aut
481 2122 648 2171 prave
667 2107 959 2157 intellectis
988 2110 1084 2156 aut
1117 2105 1248 2155 data
1280 2120 1443 2170 opera

360 2177 705 2226 commutatis
736 2191 882 2238 eam,
922 2190 1062 2240 quae
1093 2175 1164 2224 ad
1199 2191 1298 2225 nos
1325 2190 1446 2239 per-

357 2247 595 2308 venerit,
652 2246 1085 2307 consarcinasse,
1142 2260 1249 2309 qua
1306 2245 1445 2295 veri-

361 2332 533 2378 orem,
569 2315 897 2365 Manethone
936 2313 1248 2378 deperdito,
1296 2316 1443 2364 inve-

360 2386 476 2435 nire
512 2384 775 2452 amplius,
796 2400 903 2434 non
949 2384 1134 2433 liceat.
1209 2385 1329 2434 Hoc
1378 2400 1442 2434 ex

360 2454 703 2504 Manethonis
717 2453 1034 2519 fragmentis
1046 2453 1443 2518 intelligi,Rho-

360 2524 524 2589 dopin
562 2523 709 2573 illam
746 2523 814 2572 ab
861 2523 1247 2586 interpretibus
1293 2538 1442 2573 crea-

357 2598 468 2643 tam
507 2609 625 2643 esse
656 2609 723 2643 ex
756 2592 1067 2654 Nitocride‚
1103 2593 1339 2656 Aegypti
1363 2608 1442 2642 re-

358 2664 515 2726 gina,
554 2664 640 2712 cui
670 2661 913 2711 nonnulli
942 2661 1083 2711 hauc
1106 2662 1440 2726 pyramidem

359 2733 664 2782 tribuerint.
735 2731 919 2781 Videri
956 2737 1136 2795 autem
1162 2731 1288 2781 hinc
1310 2733 1442 2780 Ara-

358 2803 454 2851 bes
507 2816 695 2851 ansam
739 2801 1063 2866 arripuisse,
1116 2805 1179 2850 ut
1228 2800 1285 2849 in
1332 2814 1440 2849 una

359 2887 424 2920 ex
459 2870 829 2935 pyramidibus
864 2871 1010 2935 genii
1041 2870 1163 2920 loco
1197 2869 1443 2919 habitare

358 2940 603 2990 dicerent
648 2940 924 2990 mulierem
977 2939 1177 2990 nudam
1211 2940 1443 3005 insignis

358 3010 769 3074 pulcritudinis,
807 3025 945 3076 quae
966 3014 1193 3074 aspectu
1228 3025 1326 3060 suo
1351 3010 1442 3059 ho-

359 3079 531 3129 mines
567 3095 748 3129 amore
773 3079 1012 3129 insanire
1037 3079 1228 3129 faciat.
1286 3080 1441 3130 Haec

358 3149 567 3215 Zoega3
606 3149 850 3215 equidem
880 3150 937 3198 in
959 3165 1016 3198 re
1036 3148 1195 3199 valde
1229 3147 1439 3199 lubrica

358 3221 548 3285 atque
534 3235 586 3268 ιιι
594 3223 741 3269 certa
751 3219 886 3269 certi
901 3218 1195 3283 quidquam
1207 3234 1439 3283 pronun-

359 3289 499 3338 tiare
513 3288 1035 3353 nolim,quamquam
1058 3287 1121 3337 de
1145 3289 1443 3352 MycerinO,

358 3357 510 3406 cuius
538 3358 906 3421 sarcophagus
929 3358 985 3405 in
1017 3357 1120 3406 hac
1145 3357 1266 3421 ipsa
1289 3372 1446 3421 pyra-

357 3425 501 3475 mide
525 3426 780 3475 inventus
801 3431 901 3484 est,
940 3425 1180 3474 dubitari
1197 3426 1442 3489 profecto

359 3495 568 3557 nequit;
607 3509 708 3542 nec
742 3494 914 3558 magis
953 3494 1306 3543 dubitandum
1341 3494 1445 3543 erit

360 3562 426 3611 ‹le
464 3562 678 3626 Cheope
718 3567 884 3626 atque
933 3561 1248 3626 Cliephrene
1282 3576 1440 3626 pyra-

358 3631 560 3682 midum
597 3630 1053 3692 exstructoribus‚
1106 3635 1166 3680 ut
1210 3631 1324 3679 suis
1361 3630 1440 3679 lo-

359 3702 438 3751 cis
472 3701 878 3761 adnotavimus3
929 3700 1072 3765 quod
1121 3715 1249 3749 vero
1287 3701 1444 3748 Nito-

359 3772 494 3834 cris,
545 3776 734 3822 sextae
781 3770 1070 3835 dynastiae
1106 3769 1319 3834 regina,
1378 3768 1444 3818 de

358 3857 467 3906 qua
500 3841 610 3891 vid.
640 3855 806 3907 supra
842 3840 921 3902 11,
952 3838 1052 3891 100
1075 3839 1258 3903 ibique
1281 3842 1442 3899 uott.,

358 3910 500 3960 hanc
519 3910 849 3976 pyramidem
877 3910 1123 3970 tertiam,
1161 3923 1301 3972 quae
1323 3909 1443 3971 My-

359 3980 541 4030 cerino
578 3979 932 4040 adscribitur,
987 3976 1308 4028 aedificasse
1338 3977 1443 4027 fer-

358 4052 446 4098 tur
484 4048 618 4112 (vid.
668 4048 906 4113 Syncell.
957 4063 1083 4112 pag.
1130 4047 1197 4098 58
1243 4062 1287 4096 s.
1345 4046 1440 4098 108

360 4131 476 4181 seq.
506 4119 592 4169 ed.
616 4116 842 4179 Bonn.),
868 4116 926 4167 id
951 4117 1165 4181 quidem
1192 4116 1270 4166 ita
1299 4131 1441 4166 com-

359 4186 487 4251 poni
523 4185 642 4236 vult
676 4187 898 4236 Bunsen
946 4186 1006 4250 (l.
1050 4186 1087 4235 l.
1132 4186 1207 4235 11.
1247 4201 1301 4249 p.
1338 4185 1442 4236 236

359 4255 519 4320 seq.),
557 4261 617 4305 ut
645 4256 887 4306 Nitocris
921 4254 1251 4321 pyramidem
1275 4255 1442 4319 aMy-

358 4326 539 4375 cerino
586 4330 946 4391 exstructam,
985 4324 1254 4374 rudiorem
1293 4323 1440 4373 illam

358 4395 575 4460 quidem
593 4411 675 4445 am
681 4394 1005 4460 plificaverit
1016 4398 1180 4458 atque
1195 4393 1275 4443 ita
1288 4409 1442 4444 exor-

1548 1205 1793 1267 naverit,
1841 1209 1903 1254 ut
1940 1204 2173 1255 caeteris
2204 1208 2261 1253 et
2306 1203 2537 1254 artificio
2577 1209 2631 1253 et

1547 1273 1911 1347 pulcritudine
1924 1274 2279 1339 praestiterit.
2312 1273 2446 1324 Mihi
2458 1274 2632 1323 omnis

1545 1344 1641 1393 illa
1686 1345 1833 1394 fama
1870 1343 1939 1394 de
1973 1343 2255 1393 Nitocride
2299 1343 2440 1394 hanc
2476 1359 2635 1408 pyra·
2697 1396 2707 1403 ,

1547 1414 1745 1463 midem
1766 1418 2080 1464 exstruente
2101 1411 2388 1465 admodum
2419 1414 2631 1463 incerta

1546 1483 1779 1536 videtur.
1837 1484 2125 1533 Tractavit
2143 1482 2278 1532 haec
2299 1497 2513 1548 quoque
2532 1484 2635 1532 Le·

1548 1553 1699 1618 psius
1735 1553 2088 1619 (Chronolog.
2124 1551 2177 1602 d.
2217 1553 2454 1616 Aegypt.
2490 1553 2537 1604 Ι.
2576 1569 2630 1617 p.

1550 1623 1651 1675 303
1685 1621 1884 1688 seqq.),
1921 1623 2013 1686 qui
2061 1622 2131 1672 ab
2170 1622 2451 1671 Herodoto
2497 1622 2633 1673 duos

1548 1692 1852 1757 Aegyptios
1879 1707 2033 1757 reges
2058 1692 2114 1741 in
2139 1690 2224 1739 his
2258 1691 2516 1740 confundi
2540 1707 2635 1756 pua-

1549 1767 1664 1822 tat,
1718 1761 1946 1810 alterum
1994 1774 2222 1825 eumque
2270 1760 2634 1825 antiquiorem

1549 1831 1887 1895 Mycerinum
1944 1845 1989 1880 s.
2041 1828 2417 1892 Men-ke-ra‚
2473 1845 2633 1895 pyra-

1551 1899 1709 1949 midis
1722 1903 2133 1960 exstructorem,
2157 1903 2213 1947 et
2225 1898 2455 1949 alterum
2470 1899 2634 1963 louge

1551 1970 1931 2033 posteriorem,
1968 1968 2411 2019 Psammitichum
2445 1984 2634 2019 secun-

1548 2039 1701 2100 dum,
1751 2039 1843 2102 qui
1883 2043 1936 2087 et
1981 2039 2098 2102 ipse
2134 2037 2442 2088 Men-ke-ra
2473 2054 2634 2088 voce-

1546 2113 1663 2169 tur,
1716 2123 2043 2173 uxoremque
2094 2107 2346 2157 habuerit
2399 2108 2663 2158 Nitocri--

1547 2178 1666 2227 dem
1691 2177 2043 2243 pellicemque
2066 2177 2333 2227 Graecam
2359 2179 2474 2228 sive
2492 2177 2634 2229 Rho-

1546 2247 1712 2329 dopin
1752 2247 1867 2298 sive
1904 2246 2216 2297 Doricham.

1545 2309 2044 2451 ..22322‘505235
2052 2312 2404 2449 gazzii&
2427 2306 2634 2438 ῗνὶιῗῖ

1547 2458 1633 2520 qui
1664 2460 1790 2507 enim
1818 2457 1890 2507 ad
1920 2472 2028 2506 eam
2058 2471 2153 2505 non
2185 2458 2479 2505 retulissent
2512 2457 2633 2503 talis

1541 2527 1822 2590 pyramidis
1855 2527 2279 2576 constructionem.
2352 2522 2473 2572 Ad
2460 2539 2633 2601 ipsam

1546 2593 1899 2645 locutionem:
1949 2585 2238 2642 ἀνέθεσάν
2286 2586 2347 2640 οἵ
2389 2585 2631 2656 ποιήσα-

1546 2661 1687 2711 σθαι
1734 2665 1868 2714 sacit
1953 2663 2062 2712 uod
2099 2678 2219 2725 cap.
2258 2662 2502 2743 sequenti
2556 2663 2633 2709 in-

1545 2734 1784 2783 venitur:
1834 2723 1944 2780 οὐδ
1977 2746 2009 2778 ν
2046 2727 2144 2779 &a
2170 2722 2380 2794 μεγάλα
2415 2723 2474 2778 οἱ
2501 2721 2633 2811 χρή-

1542 2817 1692 2879 ματα
1740 2795 2067 2850 αναθείναι.
2105 2827 2174 2835 --
2222 2800 2307 2849 Ad
2350 2814 2501 2863 seqq.
2554 2793 2632 2856 ὡς

1546 2863 1693 2937 λόγω
1729 2866 1915 2920 εἰπειν
1949 2869 2093 2919 conf.
2127 2869 2201 2931 11,
2239 2868 2308 2918 53
2332 2868 2463 2932 ibiq.
2492 2875 2631 2920 nott.

1546 2944 1602 2990 et
1638 2941 1707 2991 ad
1738 2945 2113 3005 argumentum
2149 2938 2293 2988 conf.
2317 2938 2545 2989 Diodor.
2585 2941 2631 2998 Ι,

1546 3010 1633 3060 64.
1720 3011 1974 3061 Strabon.
2022 3008 2199 3060 XVII.
2251 3023 2379 3073 pag.
2433 3008 2537 3060 808
2582 3026 2629 3059 s.

1549 3079 1702 3130 1161.
1750 3080 1891 3130 Plin.
1929 3080 1967 3130 l.
2009 3079 2075 3140 1.;
2128 3094 2157 3128 e
2192 3078 2389 3143 quibus
2435 3078 2635 3129 intelli-

1544 3150 1721 3215 gitur,
1781 3150 1919 3200 hanc
1971 3148 2306 3214 pyramidem
2359 3149 2631 3212 prioribus

1543 3220 1715 3270 multo
1766 3219 2152 3284 spectatiorem
2195 3218 2364 3267 fuisse
2416 3219 2633 3267 maiori·

1546 3290 1756 3354 busque
1779 3289 2035 3353 impensis
2059 3292 2411 3337 exstructam.
2455 3288 2633 3350 Atque

1547 3357 1603 3407 id
1642 3360 1819 3422 ipsum
1858 3363 2158 3417 testantur,
2205 3361 2269 3405 ut
2303 3354 2465 3419 paulo
2502 3360 2631 3404 ante

1544 3427 1811 3485 diximus,
1865 3427 1955 3490 qui
2008 3431 2198 3474 nostra
2258 3427 2442 3472 aetate
2490 3423 2631 3472 hanc

1542 3495 1877 3573 pyramidem
1912 3496 2284 3557 inspexerunt.
2315 3519 2386 3529 —-
2420 3491 2502 3541 Ad
2527 3492 2631 3540 sor-

1541 3577 1684 3612 mam
1732 3554 2142 3624 ἀναισίμωνται
2198 3560 2343 3611 conf.
2392 3560 2629 3624 neglecti

1541 3631 1821 3708 augmenti
1851 3646 2019 3681 causa
2053 3629 2286 3679 Bredov.
2334 3644 2389 3693 p.
2422 3629 2559 3687 309.

1618 3691 1762 3778 πρὸς
1799 3694 1889 3776 δὲ,
1931 3713 2018 3748 οτι
2052 3692 2194 3747 κατὰ
2215 3690 2445 3761 ’Ἄμασιν
2475 3696 2630 3765 βασι-

1546 3760 1787 3817 λεύοντα
1823 3736 1897 3832 ἦν
1949 3784 2000 3817 κ.
2038 3783 2086 3819 τ.
2129 3766 2200 3832 L]
2240 3746 2323 3818 A'd
2367 3769 2629 3819 orationis

1545 3842 1877 3888 structuram
1923 3836 2065 3887 haud
2111 3838 2450 3889 incommode
2496 3838 2631 3889 haec

1545 3924 1613 3958 ex
1666 3907 2111 3960 antecedentibus
2144 3906 2491 3987 subintelligi
2537 3923 2631 3972 po-

1543 3981 1754 4027 terunt:
1793 3968 1930 4025 οὐδὲ
1966 3991 2049 4025 ων
2091 3966 2229 4025 ουδὲ
2280 3970 2495 4033 εἰδότες
2531 3991 2629 4036 μοι

1544 4044 1854 4110 φαίνονται
1893 4042 2073 4109 λέγειν
2098 4032 2278 4096 οὗτοι.
2303 4073 2368 4082 -
2390 4047 2472 4096 De
2497 4047 2631 4097 mao-

1543 4116 1727 4178 dopide
1762 4116 1861 4165 hos
1898 4115 2011 4165 fere
2035 4115 2185 4165 locos
2213 4113 2441 4165 laudaut
2468 4116 2630 4165 inter·

1544 4189 1750 4248 pretes.
1788 4184 2014 4234 Diodor.
2054 4184 2165 4235 Sic.
2199 4185 2245 4246 1,
2282 4185 2371 4236 64.
2444 4185 2629 4236 Strab.

1541 4254 1721 4304 XVII.
1767 4269 1895 4319 pag.
1947 4254 2050 4306 808
2087 4254 2151 4303 Β.
2190 4253 2250 4302 C.
2292 4253 2448 4320 (pag.
2494 4255 2626 4319 1162

1541 4323 1633 4386 A).
1707 4322 1848 4374 Plin.
1884 4325 1955 4373 H.
1983 4324 2053 4373 N.
2092 4322 2370 4385 XXXVII,
2410 4323 2496 4373 17.
2526 4325 2627 4372 Ae-

1537 4392 1671 4444 lian.
1700 4393 1768 4445 V.
1790 4394 1862 4443 H.
1889 4392 2046 4455 XIII,
2066 4390 2155 4443 33.
2206 4391 2485 4460 Plutarch.
2514 4392 2629 4441 Μο-
