<?xml version="1.0" encoding="UTF-8"?>
<!DOCTYPE html PUBLIC "-//W3C//DTD XHTML 1.0 Transitional//EN"
    "http://www.w3.org/TR/xhtml1/DTD/xhtml1-transitional.dtd">
<html xmlns="http://www.w3.org/1999/xhtml" xml:lang="en" lang="en">
 <head>
  <title>
</title>
<meta http-equiv="Content-Type" content="text/html;charset=utf-8" />
  <meta name='ocr-system' content='tesseract 3.04.00' />
  <meta name='ocr-capabilities' content='ocr_page ocr_carea ocr_par ocr_line ocrx_word'/>
</head>
<body>
  <div class='ocr_page' id='page_1' title='image "./herodotihalicar02unkngoog_0768.png"; bbox 0 0 3109 5092; ppageno 0'>
   <div class='ocr_carea' id='block_1_1' title="bbox 539 339 1942 404">
    <p class='ocr_par' dir='ltr' id='par_1_1' title="bbox 539 339 1942 404">
     <span class='ocr_line' id='line_1_1' title="bbox 539 339 1942 404; baseline -0.001 0"><span class='ocrx_word' id='word_1_1' title='bbox 539 339 663 404; x_wconf 77' lang='lat'><strong>748</strong></span> <span class='ocrx_word' id='word_1_2' title='bbox 1403 340 1942 404; x_wconf 84' lang='lat' dir='ltr'>HERODOTI</span> 
     </span>
    </p>
   </div>
   <div class='ocr_carea' id='block_1_2' title="bbox 530 493 2929 1020">
    <p class='ocr_par' dir='ltr' id='par_1_2' title="bbox 535 493 2929 815">
     <span class='ocr_line' id='line_1_2' title="bbox 537 493 2929 606; baseline 0.002 -22"><span class='ocrx_word' id='word_1_3' title='bbox 537 517 646 584; x_wconf 78' lang='grc' dir='ltr'><strong>ἐπὶ</strong></span> <span class='ocrx_word' id='word_1_4' title='bbox 673 518 853 584; x_wconf 79' lang='grc' dir='ltr'><em>πλέω</em></span> <span class='ocrx_word' id='word_1_5' title='bbox 874 510 916 603; x_wconf 84' lang='grc' dir='ltr'><strong><em>ἢ</em></strong></span> <span class='ocrx_word' id='word_1_6' title='bbox 935 514 1295 584; x_wconf 81' lang='grc' dir='ltr'><strong>ἑπτακόσια</strong></span> <span class='ocrx_word' id='word_1_7' title='bbox 1325 513 1450 584; x_wconf 80' lang='grc' dir='ltr'><strong>οὐκ</strong></span> <span class='ocrx_word' id='word_1_8' title='bbox 1478 509 1617 584; x_wconf 82' lang='grc' dir='ltr'><em>οἷοί</em></span> <span class='ocrx_word' id='word_1_9' title='bbox 1636 543 1707 583; x_wconf 89' lang='grc' dir='ltr'><strong>τε</strong></span> <span class='ocrx_word' id='word_1_10' title='bbox 1736 506 1907 603; x_wconf 85' lang='grc' dir='ltr'><strong>ἦσαν</strong></span> <span class='ocrx_word' id='word_1_11' title='bbox 1936 515 2151 606; x_wconf 78' lang='grc' dir='ltr'><em>αὐτὴν</em></span> <span class='ocrx_word' id='word_1_12' title='bbox 2170 514 2490 606; x_wconf 75' lang='grc' dir='ltr'><em>ἀνευρεῖν</em></span> <span class='ocrx_word' id='word_1_13' title='bbox 2518 523 2585 585; x_wconf 81' lang='grc' dir='ltr'><strong>οἱ</strong></span> <span class='ocrx_word' id='word_1_14' title='bbox 2608 518 2794 605; x_wconf 74' lang='grc' dir='ltr'><em>κρό-</em></span> <span class='ocrx_word' id='word_1_15' title='bbox 2818 493 2929 589; x_wconf 43' lang='grc' dir='ltr'><strong>1.·ἷέ</strong></span> 
     </span>
     <span class='ocr_line' id='line_1_3' title="bbox 535 616 2837 710; baseline 0 -22"><span class='ocrx_word' id='word_1_16' title='bbox 535 646 714 706; x_wconf 87' lang='grc' dir='ltr'><em>τεροι</em></span> <span class='ocrx_word' id='word_1_17' title='bbox 762 619 1114 706; x_wconf 77' lang='grc' dir='ltr'><em>γενόμενοι</em></span> <span class='ocrx_word' id='word_1_18' title='bbox 1164 621 1470 707; x_wconf 78' lang='grc' dir='ltr'><strong><em>βασιλέες</em></strong></span> <span class='ocrx_word' id='word_1_19' title='bbox 1507 616 1948 706; x_wconf 77' lang='grc' dir='ltr'><strong><em>Ἀμυρταίου·</em></strong></span> <span class='ocrx_word' id='word_1_20' title='bbox 2019 620 2280 710; x_wconf 74' lang='grc' dir='ltr'><em>ρῦνομα</em></span> <span class='ocrx_word' id='word_1_21' title='bbox 2338 621 2413 689; x_wconf 73' lang='grc' dir='ltr'><strong>δὲ</strong></span> <span class='ocrx_word' id='word_1_22' title='bbox 2465 621 2675 709; x_wconf 82' lang='grc' dir='ltr'><em>ταύτῃ</em></span> <span class='ocrx_word' id='word_1_23' title='bbox 2736 627 2837 709; x_wconf 78' lang='grc' dir='ltr'><strong>τῇ</strong></span> 
     </span>
     <span class='ocr_line' id='line_1_4' title="bbox 537 720 2375 815; baseline 0 -24"><span class='ocrx_word' id='word_1_24' title='bbox 537 722 722 815; x_wconf 73' lang='grc' dir='ltr'><em>νήσῳ</em></span> <span class='ocrx_word' id='word_1_25' title='bbox 743 720 953 810; x_wconf 71' lang='grc' dir='ltr'><em>Ἐλβώ</em></span> <span class='ocrx_word' id='word_1_26' title='bbox 970 774 988 806; x_wconf 87' lang='grc'>,</span> <span class='ocrx_word' id='word_1_27' title='bbox 1030 726 1324 812; x_wconf 74' lang='grc' dir='ltr'><strong><em>μέγαθος</em></strong></span> <span class='ocrx_word' id='word_1_28' title='bbox 1351 720 1415 791; x_wconf 80' lang='grc' dir='ltr'><strong>δ’</strong></span> <span class='ocrx_word' id='word_1_29' title='bbox 1454 724 1593 790; x_wconf 79' lang='grc' dir='ltr'><em>ἐστὶ</em></span> <span class='ocrx_word' id='word_1_30' title='bbox 1622 721 1837 810; x_wconf 78' lang='grc' dir='ltr'><em>πάντη</em></span> <span class='ocrx_word' id='word_1_31' title='bbox 1865 727 2029 794; x_wconf 77' lang='grc' dir='ltr'><strong><em>δέκα</em></strong></span> <span class='ocrx_word' id='word_1_32' title='bbox 2057 730 2375 793; x_wconf 77' lang='grc' dir='ltr'><em>σταδίων.</em></span> 
     </span>
    </p>

    <p class='ocr_par' dir='ltr' id='par_1_3' title="bbox 530 823 2835 1020">
     <span class='ocr_line' id='line_1_5' title="bbox 693 823 2835 918; baseline -0.001 -24"><span class='ocrx_word' id='word_1_33' title='bbox 693 823 890 894; x_wconf 78' lang='grc' dir='ltr'><em>Μετὰ</em></span> <span class='ocrx_word' id='word_1_34' title='bbox 934 826 1010 894; x_wconf 75' lang='grc' dir='ltr'><strong>δὲ·</strong></span> <span class='ocrx_word' id='word_1_35' title='bbox 1050 832 1291 894; x_wconf 83' lang='grc' dir='ltr'><em>τοῦτον</em></span> <span class='ocrx_word' id='word_1_36' title='bbox 1335 830 1730 913; x_wconf 81' lang='grc' dir='ltr'><strong>βασιλεῦσαι</strong></span> <span class='ocrx_word' id='word_1_37' title='bbox 1769 823 1889 895; x_wconf 78' lang='grc' dir='ltr'><strong>τὸν</strong></span> <span class='ocrx_word' id='word_1_38' title='bbox 1931 832 2077 917; x_wconf 77' lang='grc' dir='ltr'><strong>ἱρέα</strong></span> <span class='ocrx_word' id='word_1_39' title='bbox 2118 834 2240 896; x_wconf 84' lang='grc' dir='ltr'><strong>τοῦ</strong></span> <span class='ocrx_word' id='word_1_40' title='bbox 2259 823 2670 914; x_wconf 84' lang='grc' dir='ltr'><em>Ἡφαίστου,</em></span> <span class='ocrx_word' id='word_1_41' title='bbox 2720 831 2835 918; x_wconf 79' lang='grc' dir='ltr'><strong>τῷ</strong></span> 
     </span>
     <span class='ocr_line' id='line_1_6' title="bbox 530 926 2835 1020; baseline -0.001 -21"><span class='ocrx_word' id='word_1_42' title='bbox 530 926 787 1018; x_wconf 74' lang='grc' dir='ltr'><strong><em>οὕνομα</em></strong></span> <span class='ocrx_word' id='word_1_43' title='bbox 830 928 1004 997; x_wconf 85' lang='grc' dir='ltr'><em>εἶναι</em></span> <span class='ocrx_word' id='word_1_44' title='bbox 1031 928 1315 998; x_wconf 66' lang='grc' dir='ltr'><em>Σεθῶν·</em></span> <span class='ocrx_word' id='word_1_45' title='bbox 1371 927 1489 997; x_wconf 85' lang='grc' dir='ltr'><strong>τὸν</strong></span> <span class='ocrx_word' id='word_1_46' title='bbox 1531 931 1607 997; x_wconf 81' lang='grc' dir='ltr'><strong>ἐν</strong></span> <span class='ocrx_word' id='word_1_47' title='bbox 1650 926 1958 1018; x_wconf 80' lang='grc' dir='ltr'><em>ἀλογίῃσι</em></span> <span class='ocrx_word' id='word_1_48' title='bbox 1998 938 2178 1019; x_wconf 81' lang='grc' dir='ltr'><em>ἔχειν</em></span> <span class='ocrx_word' id='word_1_49' title='bbox 2206 928 2835 1020; x_wconf 75' lang='grc' dir='ltr'><strong>παραχρησάμενον</strong></span> 
     </span>
    </p>
   </div>
   <div class='ocr_carea' id='block_1_3' title="bbox 403 821 515 881">
    <p class='ocr_par' dir='ltr' id='par_1_4' title="bbox 403 821 515 881">
     <span class='ocr_line' id='line_1_7' title="bbox 403 821 515 881; baseline 0 0"><span class='ocrx_word' id='word_1_50' title='bbox 403 821 515 881; x_wconf 82' lang='grc'><strong>141</strong></span> 
     </span>
    </p>
   </div>
   <div class='ocr_carea' id='block_1_4' title="bbox 532 1127 1617 1264">
    <p class='ocr_par' dir='ltr' id='par_1_5' title="bbox 532 1127 1617 1264">
     <span class='ocr_line' id='line_1_8' title="bbox 533 1127 1616 1195; baseline -0.003 -15"><span class='ocrx_word' id='word_1_51' title='bbox 533 1131 638 1180; x_wconf 81' lang='lat' dir='ltr'><strong>fuit</strong></span> <span class='ocrx_word' id='word_1_52' title='bbox 671 1130 987 1195; x_wconf 80' lang='lat' dir='ltr'><strong>Aegyptiis,</strong></span> <span class='ocrx_word' id='word_1_53' title='bbox 1044 1132 1134 1195; x_wconf 91' lang='lat' dir='ltr'><strong>qui</strong></span> <span class='ocrx_word' id='word_1_54' title='bbox 1185 1129 1434 1180; x_wconf 70' lang='lat' dir='ltr'><strong>a‘Persis</strong></span> <span class='ocrx_word' id='word_1_55' title='bbox 1468 1127 1616 1178; x_wconf 87' lang='lat' dir='ltr'><strong>defe-</strong></span> 
     </span>
     <span class='ocr_line' id='line_1_9' title="bbox 532 1199 1617 1264; baseline -0.003 -15"><span class='ocrx_word' id='word_1_56' title='bbox 532 1205 744 1259; x_wconf 78' lang='lat' dir='ltr'><strong>cerant3</strong></span> <span class='ocrx_word' id='word_1_57' title='bbox 796 1215 902 1264; x_wconf 87' lang='lat' dir='ltr'><strong>qua</strong></span> <span class='ocrx_word' id='word_1_58' title='bbox 938 1199 1004 1247; x_wconf 91' lang='lat' dir='ltr'><strong>de</strong></span> <span class='ocrx_word' id='word_1_59' title='bbox 1047 1214 1103 1249; x_wconf 91' lang='lat' dir='ltr'><strong>re</strong></span> <span class='ocrx_word' id='word_1_60' title='bbox 1140 1200 1256 1249; x_wconf 81' lang='lat' dir='ltr'><strong>dixi</strong></span> <span class='ocrx_word' id='word_1_61' title='bbox 1290 1199 1358 1249; x_wconf 88' lang='lat' dir='ltr'><strong>ad</strong></span> <span class='ocrx_word' id='word_1_62' title='bbox 1398 1199 1617 1248; x_wconf 85' lang='lat' dir='ltr'><strong>Ctesiae</strong></span> 
     </span>
    </p>
   </div>
   <div class='ocr_carea' id='block_1_5' title="bbox 1722 1128 2835 1263">
    <p class='ocr_par' dir='ltr' id='par_1_6' title="bbox 1722 1128 2835 1263">
     <span class='ocr_line' id='line_1_10' title="bbox 1722 1128 2833 1196; baseline -0.002 -16"><span class='ocrx_word' id='word_1_63' title='bbox 1722 1128 1824 1180; x_wconf 79' lang='lat'><strong>583</strong></span> <span class='ocrx_word' id='word_1_64' title='bbox 1862 1146 1976 1196; x_wconf 88' lang='lat' dir='ltr'><strong>seq.</strong></span> <span class='ocrx_word' id='word_1_65' title='bbox 2043 1131 2195 1181; x_wconf 90' lang='lat' dir='ltr'><strong>Idem</strong></span> <span class='ocrx_word' id='word_1_66' title='bbox 2222 1130 2404 1191; x_wconf 88' lang='lat' dir='ltr'><strong>addit,</strong></span> <span class='ocrx_word' id='word_1_67' title='bbox 2436 1129 2709 1193; x_wconf 78' lang='lat' dir='ltr'>hodieque</span> <span class='ocrx_word' id='word_1_68' title='bbox 2740 1129 2833 1178; x_wconf 85' lang='lat' dir='ltr'><strong>in-</strong></span> 
     </span>
     <span class='ocr_line' id='line_1_11' title="bbox 1723 1198 2835 1263; baseline -0.001 -14"><span class='ocrx_word' id='word_1_69' title='bbox 1723 1199 1871 1249; x_wconf 85' lang='lat' dir='ltr'><strong>colas</strong></span> <span class='ocrx_word' id='word_1_70' title='bbox 1897 1199 2197 1250; x_wconf 88' lang='lat' dir='ltr'><strong>insularum</strong></span> <span class='ocrx_word' id='word_1_71' title='bbox 2220 1200 2380 1250; x_wconf 88' lang='lat' dir='ltr'><strong>huius</strong></span> <span class='ocrx_word' id='word_1_72' title='bbox 2404 1198 2557 1249; x_wconf 88' lang='lat' dir='ltr'><strong>lacus</strong></span> <span class='ocrx_word' id='word_1_73' title='bbox 2574 1237 2587 1262; x_wconf 90' lang='lat'><strong>,</strong></span> <span class='ocrx_word' id='word_1_74' title='bbox 2636 1199 2835 1263; x_wconf 79' lang='lat' dir='ltr'><strong>pisca-</strong></span> 
     </span>
    </p>
   </div>
   <div class='ocr_carea' id='block_1_6' title="bbox 33 2497 38 4494">
    <p class='ocr_par' dir='ltr' id='par_1_7' title="bbox 33 2497 38 4494">
     <span class='ocr_line' id='line_1_12' title="bbox 33 2497 38 4494; baseline 0 0"><span class='ocrx_word' id='word_1_75' title='bbox 33 2497 38 4494; x_wconf 95' lang='lat' dir='ltr'><strong> </strong></span> 
     </span>
    </p>
   </div>
   <div class='ocr_carea' id='block_1_7' title="bbox 525 1268 1629 4448">
    <p class='ocr_par' dir='ltr' id='par_1_8' title="bbox 525 1268 1629 4448">
     <span class='ocr_line' id='line_1_13' title="bbox 532 1268 1614 1334; baseline -0.003 -16"><span class='ocrx_word' id='word_1_76' title='bbox 532 1271 780 1334; x_wconf 81' lang='lat' dir='ltr'><strong>sragmm.</strong></span> <span class='ocrx_word' id='word_1_77' title='bbox 819 1285 871 1332; x_wconf 90' lang='lat' dir='ltr'><strong>p.</strong></span> <span class='ocrx_word' id='word_1_78' title='bbox 916 1269 1031 1317; x_wconf 83' lang='grc'><strong>121.</strong></span> <span class='ocrx_word' id='word_1_79' title='bbox 1095 1268 1253 1319; x_wconf 81' lang='lat' dir='ltr'><strong>Cous.</strong></span> <span class='ocrx_word' id='word_1_80' title='bbox 1281 1269 1445 1318; x_wconf 90' lang='lat' dir='ltr'><strong>etiam</strong></span> <span class='ocrx_word' id='word_1_81' title='bbox 1471 1272 1614 1316; x_wconf 85' lang='lat' dir='ltr'><strong>nott.</strong></span> 
     </span>
     <span class='ocr_line' id='line_1_14' title="bbox 533 1337 1619 1402; baseline -0.002 -14"><span class='ocrx_word' id='word_1_82' title='bbox 533 1339 602 1388; x_wconf 89' lang='lat' dir='ltr'><strong>ad</strong></span> <span class='ocrx_word' id='word_1_83' title='bbox 637 1339 903 1387; x_wconf 85' lang='lat' dir='ltr'><strong>Herodot.</strong></span> <span class='ocrx_word' id='word_1_84' title='bbox 942 1337 1059 1396; x_wconf 86' lang='grc' dir='ltr'>ΙΙΙ,</span> <span class='ocrx_word' id='word_1_85' title='bbox 1098 1338 1183 1388; x_wconf 87' lang='grc'><strong>16.</strong></span> <span class='ocrx_word' id='word_1_86' title='bbox 1254 1338 1301 1387; x_wconf 80' lang='grc' dir='ltr'><strong>Δ</strong></span> <span class='ocrx_word' id='word_1_87' title='bbox 1335 1353 1441 1402; x_wconf 88' lang='lat' dir='ltr'><strong>quo</strong></span> <span class='ocrx_word' id='word_1_88' title='bbox 1486 1342 1619 1386; x_wconf 88' lang='lat' dir='ltr'><strong>tem·</strong></span> 
     </span>
     <span class='ocr_line' id='line_1_15' title="bbox 532 1406 1616 1471; baseline -0.001 -16"><span class='ocrx_word' id='word_1_89' title='bbox 532 1423 663 1471; x_wconf 89' lang='lat' dir='ltr'><strong>pore</strong></span> <span class='ocrx_word' id='word_1_90' title='bbox 697 1422 867 1470; x_wconf 83' lang='lat' dir='ltr'><strong>usque</strong></span> <span class='ocrx_word' id='word_1_91' title='bbox 903 1406 973 1455; x_wconf 87' lang='lat' dir='ltr'><strong>ad</strong></span> <span class='ocrx_word' id='word_1_92' title='bbox 999 1407 1251 1466; x_wconf 88' lang='lat' dir='ltr'><strong>Hiskiae,</strong></span> <span class='ocrx_word' id='word_1_93' title='bbox 1291 1406 1616 1456; x_wconf 88' lang='lat' dir='ltr'><strong>Iudaeorum</strong></span> 
     </span>
     <span class='ocr_line' id='line_1_16' title="bbox 533 1476 1618 1540; baseline -0.002 -15"><span class='ocrx_word' id='word_1_94' title='bbox 533 1476 703 1538; x_wconf 77' lang='lat' dir='ltr'><strong>regis,</strong></span> <span class='ocrx_word' id='word_1_95' title='bbox 741 1481 1007 1537; x_wconf 87' lang='lat' dir='ltr'><strong>aetatem,</strong></span> <span class='ocrx_word' id='word_1_96' title='bbox 1043 1476 1101 1525; x_wconf 89' lang='lat' dir='ltr'><strong>in</strong></span> <span class='ocrx_word' id='word_1_97' title='bbox 1136 1490 1297 1540; x_wconf 90' lang='lat' dir='ltr'><strong>quam</strong></span> <span class='ocrx_word' id='word_1_98' title='bbox 1325 1476 1525 1540; x_wconf 80' lang='lat' dir='ltr'><strong>Anysis</strong></span> <span class='ocrx_word' id='word_1_99' title='bbox 1562 1479 1618 1524; x_wconf 88' lang='lat' dir='ltr'><strong>et</strong></span> 
     </span>
     <span class='ocr_line' id='line_1_17' title="bbox 532 1545 1620 1606; baseline -0.003 -10"><span class='ocrx_word' id='word_1_100' title='bbox 532 1546 746 1596; x_wconf 82' lang='lat' dir='ltr'><strong>Sabaeo</strong></span> <span class='ocrx_word' id='word_1_101' title='bbox 781 1545 1055 1606; x_wconf 82' lang='lat' dir='ltr'><strong>incidant,</strong></span> <span class='ocrx_word' id='word_1_102' title='bbox 1107 1561 1228 1594; x_wconf 88' lang='lat' dir='ltr'><strong>cum</strong></span> <span class='ocrx_word' id='word_1_103' title='bbox 1273 1545 1620 1594; x_wconf 83' lang='lat' dir='ltr'><strong>intervallum</strong></span> 
     </span>
     <span class='ocr_line' id='line_1_18' title="bbox 532 1613 1621 1678; baseline -0.003 -14"><span class='ocrx_word' id='word_1_104' title='bbox 532 1616 606 1664; x_wconf 88' lang='lat' dir='ltr'><strong>sit</strong></span> <span class='ocrx_word' id='word_1_105' title='bbox 653 1630 913 1664; x_wconf 89' lang='lat' dir='ltr'><strong>annorum</strong></span> <span class='ocrx_word' id='word_1_106' title='bbox 960 1614 1081 1678; x_wconf 88' lang='lat' dir='ltr'><strong>plus</strong></span> <span class='ocrx_word' id='word_1_107' title='bbox 1118 1620 1510 1675; x_wconf 84' lang='lat' dir='ltr'><strong>trecentorum,</strong></span> <span class='ocrx_word' id='word_1_108' title='bbox 1564 1613 1621 1661; x_wconf 90' lang='lat' dir='ltr'><strong>in</strong></span> 
     </span>
     <span class='ocr_line' id='line_1_19' title="bbox 531 1683 1619 1748; baseline -0.003 -14"><span class='ocrx_word' id='word_1_109' title='bbox 531 1683 813 1734; x_wconf 77' lang='lat' dir='ltr'>Herodoto</span> <span class='ocrx_word' id='word_1_110' title='bbox 862 1684 944 1733; x_wconf 90' lang='lat' dir='ltr'><strong>sic</strong></span> <span class='ocrx_word' id='word_1_111' title='bbox 978 1683 1263 1748; x_wconf 86' lang='lat' dir='ltr'><strong>legendum</strong></span> <span class='ocrx_word' id='word_1_112' title='bbox 1301 1689 1487 1733; x_wconf 89' lang='lat' dir='ltr'><strong>censet</strong></span> <span class='ocrx_word' id='word_1_113' title='bbox 1520 1684 1619 1733; x_wconf 86' lang='lat' dir='ltr'><strong>Pe-</strong></span> 
     </span>
     <span class='ocr_line' id='line_1_20' title="bbox 531 1753 1617 1832; baseline -0.003 -29"><span class='ocrx_word' id='word_1_114' title='bbox 531 1754 773 1804; x_wconf 77' lang='lat' dir='ltr'><strong>rizonius</strong></span> <span class='ocrx_word' id='word_1_115' title='bbox 810 1753 910 1816; x_wconf 78' lang='lat' dir='ltr'><strong>(Ae</strong></span> <span class='ocrx_word' id='word_1_116' title='bbox 990 1758 1090 1817; x_wconf 87' lang='lat' dir='ltr'><strong>ptt.</strong></span> <span class='ocrx_word' id='word_1_117' title='bbox 1141 1754 1316 1818; x_wconf 79' lang='lat' dir='ltr'><strong>origg.</strong></span> <span class='ocrx_word' id='word_1_118' title='bbox 1351 1754 1452 1802; x_wconf 83' lang='lat' dir='ltr'><strong>xl.</strong></span> <span class='ocrx_word' id='word_1_119' title='bbox 1489 1768 1617 1832; x_wconf 66' lang='lat' dir='ltr'><strong>pag.</strong></span> 
     </span>
     <span class='ocr_line' id='line_1_21' title="bbox 525 1818 1620 1888; baseline -0.005 -14"><span class='ocrx_word' id='word_1_120' title='bbox 525 1822 689 1888; x_wconf 57' lang='lat'><strong>,202):</strong></span> <span class='ocrx_word' id='word_1_121' title='bbox 754 1818 876 1872; x_wconf 76' lang='grc' dir='ltr'><strong>ἔτεα</strong></span> <span class='ocrx_word' id='word_1_122' title='bbox 950 1818 1015 1871; x_wconf 79' lang='grc' dir='ltr'><strong>πὶ</strong></span> <span class='ocrx_word' id='word_1_123' title='bbox 1061 1820 1209 1870; x_wconf 77' lang='grc' dir='ltr'><em>πλέω</em></span> <span class='ocrx_word' id='word_1_124' title='bbox 1255 1819 1296 1886; x_wconf 83' lang='grc' dir='ltr'><em>ἢ</em></span> <span class='ocrx_word' id='word_1_125' title='bbox 1337 1835 1620 1884; x_wconf 81' lang='grc' dir='ltr'><em>τριηκο-</em></span> 
     </span>
     <span class='ocr_line' id='line_1_22' title="bbox 534 1890 1620 1957; baseline -0.003 -16"><span class='ocrx_word' id='word_1_126' title='bbox 534 1907 670 1956; x_wconf 84' lang='grc' dir='ltr'><strong>σια,</strong></span> <span class='ocrx_word' id='word_1_127' title='bbox 737 1891 882 1957; x_wconf 90' lang='lat' dir='ltr'><strong>quod</strong></span> <span class='ocrx_word' id='word_1_128' title='bbox 934 1891 1075 1941; x_wconf 89' lang='lat' dir='ltr'><strong>idem</strong></span> <span class='ocrx_word' id='word_1_129' title='bbox 1134 1891 1342 1955; x_wconf 80' lang='lat' dir='ltr'>placuit</span> <span class='ocrx_word' id='word_1_130' title='bbox 1387 1890 1620 1940; x_wconf 87' lang='lat' dir='ltr'><strong>Buherio</strong></span> 
     </span>
     <span class='ocr_line' id='line_1_23' title="bbox 531 1958 1616 2026; baseline -0.006 -14"><span class='ocrx_word' id='word_1_131' title='bbox 531 1963 682 2013; x_wconf 88' lang='lat' dir='ltr'><strong>Diss.</strong></span> <span class='ocrx_word' id='word_1_132' title='bbox 719 1960 959 2012; x_wconf 88' lang='lat' dir='ltr'><strong>Herodd.</strong></span> <span class='ocrx_word' id='word_1_133' title='bbox 986 1962 1115 2011; x_wconf 83' lang='lat' dir='ltr'><strong>VII.</strong></span> <span class='ocrx_word' id='word_1_134' title='bbox 1154 1976 1282 2026; x_wconf 83' lang='lat' dir='ltr'><strong>pag.</strong></span> <span class='ocrx_word' id='word_1_135' title='bbox 1317 1961 1405 2010; x_wconf 90' lang='grc'><strong>70.</strong></span> <span class='ocrx_word' id='word_1_136' title='bbox 1477 1958 1616 2008; x_wconf 85' lang='lat' dir='ltr'><strong>Aliis</strong></span> 
     </span>
     <span class='ocr_line' id='line_1_24' title="bbox 533 2027 1616 2092; baseline -0.005 -10"><span class='ocrx_word' id='word_1_137' title='bbox 533 2031 837 2082; x_wconf 88' lang='lat' dir='ltr'><strong>rationibus</strong></span> <span class='ocrx_word' id='word_1_138' title='bbox 873 2029 1021 2080; x_wconf 88' lang='lat' dir='ltr'><strong>ducti</strong></span> <span class='ocrx_word' id='word_1_139' title='bbox 1055 2031 1361 2080; x_wconf 87' lang='lat' dir='ltr'><strong>Larcherus</strong></span> <span class='ocrx_word' id='word_1_140' title='bbox 1399 2027 1463 2092; x_wconf 86' lang='lat' dir='ltr'><strong>(t.</strong></span> <span class='ocrx_word' id='word_1_141' title='bbox 1488 2029 1616 2078; x_wconf 88' lang='lat' dir='ltr'><strong>VII.</strong></span> 
     </span>
     <span class='ocr_line' id='line_1_25' title="bbox 530 2098 1621 2166; baseline -0.005 -15"><span class='ocrx_word' id='word_1_142' title='bbox 530 2119 584 2166; x_wconf 90' lang='lat' dir='ltr'><strong>p.</strong></span> <span class='ocrx_word' id='word_1_143' title='bbox 642 2101 740 2150; x_wconf 76' lang='lat'><strong>108</strong></span> <span class='ocrx_word' id='word_1_144' title='bbox 784 2115 878 2164; x_wconf 89' lang='lat' dir='ltr'><strong>seq</strong></span> <span class='ocrx_word' id='word_1_145' title='bbox 923 2099 958 2164; x_wconf 94' lang='lat'><strong>.)</strong></span> <span class='ocrx_word' id='word_1_146' title='bbox 1015 2104 1071 2148; x_wconf 90' lang='lat' dir='ltr'><strong>et</strong></span> <span class='ocrx_word' id='word_1_147' title='bbox 1117 2100 1337 2150; x_wconf 82' lang='lat' dir='ltr'><strong>Reizius</strong></span> <span class='ocrx_word' id='word_1_148' title='bbox 1391 2098 1621 2162; x_wconf 83' lang='lat' dir='ltr'><strong>scripse·</strong></span> 
     </span>
     <span class='ocr_line' id='line_1_26' title="bbox 531 2158 1620 2231; baseline -0.006 -11"><span class='ocrx_word' id='word_1_149' title='bbox 531 2175 684 2220; x_wconf 87' lang='lat' dir='ltr'><strong>runt:</strong></span> <span class='ocrx_word' id='word_1_150' title='bbox 733 2164 856 2217; x_wconf 77' lang='grc' dir='ltr'><strong>ἔτεα</strong></span> <span class='ocrx_word' id='word_1_151' title='bbox 918 2164 983 2216; x_wconf 74' lang='grc' dir='ltr'><strong>πὶ</strong></span> <span class='ocrx_word' id='word_1_152' title='bbox 1019 2165 1168 2216; x_wconf 75' lang='grc' dir='ltr'><strong><em>πλέω</em></strong></span> <span class='ocrx_word' id='word_1_153' title='bbox 1205 2159 1246 2231; x_wconf 77' lang='grc' dir='ltr'><strong><em>ἦ</em></strong></span> <span class='ocrx_word' id='word_1_154' title='bbox 1279 2158 1620 2216; x_wconf 82' lang='grc' dir='ltr'><strong>πεντακό-</strong></span> 
     </span>
     <span class='ocr_line' id='line_1_27' title="bbox 535 2235 1623 2302; baseline -0.004 -15"><span class='ocrx_word' id='word_1_155' title='bbox 535 2253 678 2300; x_wconf 82' lang='grc' dir='ltr'><strong>σια,</strong></span> <span class='ocrx_word' id='word_1_156' title='bbox 730 2253 834 2302; x_wconf 89' lang='lat' dir='ltr'><strong>quo</strong></span> <span class='ocrx_word' id='word_1_157' title='bbox 869 2237 1121 2286; x_wconf 90' lang='lat' dir='ltr'><strong>nimirum</strong></span> <span class='ocrx_word' id='word_1_158' title='bbox 1158 2238 1299 2287; x_wconf 88' lang='lat' dir='ltr'><strong>ratio</strong></span> <span class='ocrx_word' id='word_1_159' title='bbox 1334 2235 1623 2286; x_wconf 89' lang='lat' dir='ltr'><strong>chronolo-</strong></span> 
     </span>
     <span class='ocr_line' id='line_1_28' title="bbox 533 2295 1625 2370; baseline -0.004 -15"><span class='ocrx_word' id='word_1_160' title='bbox 533 2308 659 2370; x_wconf 75' lang='lat' dir='ltr'><strong>gica</strong></span> <span class='ocrx_word' id='word_1_161' title='bbox 684 2306 791 2356; x_wconf 89' lang='lat' dir='ltr'><strong>sibi</strong></span> <span class='ocrx_word' id='word_1_162' title='bbox 812 2310 1116 2364; x_wconf 86' lang='lat' dir='ltr'><strong>constaret;</strong></span> <span class='ocrx_word' id='word_1_163' title='bbox 1155 2295 1422 2366; x_wconf 73' lang='grc' dir='ltr'><strong>ἑξακόσια</strong></span> <span class='ocrx_word' id='word_1_164' title='bbox 1455 2304 1625 2354; x_wconf 87' lang='lat' dir='ltr'><strong>scribi</strong></span> 
     </span>
     <span class='ocr_line' id='line_1_29' title="bbox 532 2374 1618 2425; baseline -0.004 0"><span class='ocrx_word' id='word_1_165' title='bbox 532 2376 652 2425; x_wconf 79' lang='lat' dir='ltr'><strong>vult</strong></span> <span class='ocrx_word' id='word_1_166' title='bbox 703 2376 911 2425; x_wconf 89' lang='lat' dir='ltr'><strong>Brunet</strong></span> <span class='ocrx_word' id='word_1_167' title='bbox 980 2374 1048 2423; x_wconf 91' lang='lat' dir='ltr'><strong>de</strong></span> <span class='ocrx_word' id='word_1_168' title='bbox 1095 2374 1309 2424; x_wconf 88' lang='lat' dir='ltr'><strong>Presle:</strong></span> <span class='ocrx_word' id='word_1_169' title='bbox 1374 2375 1618 2423; x_wconf 78' lang='lat' dir='ltr'><strong>Examen</strong></span> 
     </span>
     <span class='ocr_line' id='line_1_30' title="bbox 533 2443 1620 2509; baseline -0.003 -14"><span class='ocrx_word' id='word_1_170' title='bbox 533 2447 711 2509; x_wconf 85' lang='lat' dir='ltr'><strong>critiq.</strong></span> <span class='ocrx_word' id='word_1_171' title='bbox 763 2445 830 2494; x_wconf 88' lang='lat' dir='ltr'><strong>de</strong></span> <span class='ocrx_word' id='word_1_172' title='bbox 878 2444 1096 2508; x_wconf 77' lang='lat' dir='ltr'><strong>dynast.</strong></span> <span class='ocrx_word' id='word_1_173' title='bbox 1133 2444 1391 2508; x_wconf 80' lang='lat' dir='ltr'><strong>d&#39;Egypt.</strong></span> <span class='ocrx_word' id='word_1_174' title='bbox 1441 2459 1492 2507; x_wconf 90' lang='lat' dir='ltr'><strong>p.</strong></span> <span class='ocrx_word' id='word_1_175' title='bbox 1531 2443 1620 2492; x_wconf 81' lang='lat'><strong>82.</strong></span> 
     </span>
     <span class='ocr_line' id='line_1_31' title="bbox 533 2512 1623 2565; baseline -0.004 -1"><span class='ocrx_word' id='word_1_176' title='bbox 533 2517 648 2565; x_wconf 87' lang='lat' dir='ltr'><strong>Nos</strong></span> <span class='ocrx_word' id='word_1_177' title='bbox 685 2514 947 2564; x_wconf 85' lang='lat' dir='ltr'><strong>tamenin</strong></span> <span class='ocrx_word' id='word_1_178' title='bbox 969 2513 1235 2563; x_wconf 78' lang='lat' dir='ltr'>Herodoti</span> <span class='ocrx_word' id='word_1_179' title='bbox 1259 2518 1413 2562; x_wconf 84' lang='lat' dir='ltr'><strong>textu</strong></span> <span class='ocrx_word' id='word_1_180' title='bbox 1450 2512 1503 2561; x_wconf 91' lang='lat' dir='ltr'><strong>id</strong></span> <span class='ocrx_word' id='word_1_181' title='bbox 1539 2528 1623 2561; x_wconf 90' lang='lat' dir='ltr'><strong>re·</strong></span> 
     </span>
     <span class='ocr_line' id='line_1_32' title="bbox 533 2582 1622 2649; baseline -0.005 -15"><span class='ocrx_word' id='word_1_182' title='bbox 533 2584 821 2646; x_wconf 80' lang='lat' dir='ltr'><strong>tinuimus,</strong></span> <span class='ocrx_word' id='word_1_183' title='bbox 871 2583 1017 2649; x_wconf 91' lang='lat' dir='ltr'><strong>quod</strong></span> <span class='ocrx_word' id='word_1_184' title='bbox 1065 2597 1251 2633; x_wconf 88' lang='lat' dir='ltr'><strong>omnes</strong></span> <span class='ocrx_word' id='word_1_185' title='bbox 1288 2582 1622 2647; x_wconf 78' lang='lat' dir='ltr'><strong>praebebant</strong></span> 
     </span>
     <span class='ocr_line' id='line_1_33' title="bbox 532 2640 1622 2718; baseline -0.007 -13"><span class='ocrx_word' id='word_1_186' title='bbox 532 2655 656 2705; x_wconf 86' lang='lat' dir='ltr'><strong>libri</strong></span> <span class='ocrx_word' id='word_1_187' title='bbox 695 2654 911 2718; x_wconf 80' lang='lat' dir='ltr'><strong>scripti:</strong></span> <span class='ocrx_word' id='word_1_188' title='bbox 950 2647 1073 2700; x_wconf 79' lang='grc' dir='ltr'><strong>ἔτεα</strong></span> <span class='ocrx_word' id='word_1_189' title='bbox 1108 2644 1201 2702; x_wconf 74' lang='grc' dir='ltr'><strong>ἐπὶ</strong></span> <span class='ocrx_word' id='word_1_190' title='bbox 1239 2649 1387 2700; x_wconf 78' lang='grc' dir='ltr'><strong><em>πλέω</em></strong></span> <span class='ocrx_word' id='word_1_191' title='bbox 1432 2640 1471 2714; x_wconf 82' lang='grc' dir='ltr'><em>ἦ</em></span> <span class='ocrx_word' id='word_1_192' title='bbox 1508 2640 1622 2698; x_wconf 79' lang='grc' dir='ltr'><strong>ἔπ-</strong></span> 
     </span>
     <span class='ocr_line' id='line_1_34' title="bbox 533 2719 1621 2774; baseline -0.006 0"><span class='ocrx_word' id='word_1_193' title='bbox 533 2719 843 2774; x_wconf 83' lang='grc' dir='ltr'><strong>τακόσια.</strong></span> <span class='ocrx_word' id='word_1_194' title='bbox 925 2722 1106 2772; x_wconf 82' lang='lat' dir='ltr'>Nolim</span> <span class='ocrx_word' id='word_1_195' title='bbox 1159 2723 1300 2771; x_wconf 89' lang='lat' dir='ltr'><strong>euim</strong></span> <span class='ocrx_word' id='word_1_196' title='bbox 1347 2720 1502 2769; x_wconf 87' lang='lat' dir='ltr'><strong>libris</strong></span> <span class='ocrx_word' id='word_1_197' title='bbox 1541 2720 1621 2767; x_wconf 91' lang='lat' dir='ltr'><strong>in-</strong></span> 
     </span>
     <span class='ocr_line' id='line_1_35' title="bbox 531 2791 1621 2857; baseline -0.006 -13"><span class='ocrx_word' id='word_1_198' title='bbox 531 2796 662 2845; x_wconf 79' lang='lat' dir='ltr'><strong>vitis</strong></span> <span class='ocrx_word' id='word_1_199' title='bbox 700 2792 994 2857; x_wconf 80' lang='lat' dir='ltr'><strong>quidquam</strong></span> <span class='ocrx_word' id='word_1_200' title='bbox 1031 2797 1241 2842; x_wconf 87' lang='lat' dir='ltr'><strong>mutare</strong></span> <span class='ocrx_word' id='word_1_201' title='bbox 1269 2791 1326 2839; x_wconf 93' lang='lat' dir='ltr'><strong>in</strong></span> <span class='ocrx_word' id='word_1_202' title='bbox 1349 2791 1444 2852; x_wconf 72' lang='lat' dir='ltr'><strong>iis„</strong></span> <span class='ocrx_word' id='word_1_203' title='bbox 1483 2803 1621 2855; x_wconf 89' lang='lat' dir='ltr'><strong>quae</strong></span> 
     </span>
     <span class='ocr_line' id='line_1_36' title="bbox 533 2860 1623 2925; baseline -0.007 -11"><span class='ocrx_word' id='word_1_204' title='bbox 533 2864 752 2914; x_wconf 87' lang='lat' dir='ltr'><strong>minime</strong></span> <span class='ocrx_word' id='word_1_205' title='bbox 777 2865 930 2911; x_wconf 87' lang='lat' dir='ltr'><strong>certa</strong></span> <span class='ocrx_word' id='word_1_206' title='bbox 952 2860 1239 2910; x_wconf 82' lang='lat' dir='ltr'><strong>videantur</strong></span> <span class='ocrx_word' id='word_1_207' title='bbox 1260 2876 1362 2909; x_wconf 88' lang='lat' dir='ltr'><strong>nec</strong></span> <span class='ocrx_word' id='word_1_208' title='bbox 1386 2873 1623 2925; x_wconf 90' lang='lat' dir='ltr'><strong>unquam</strong></span> 
     </span>
     <span class='ocr_line' id='line_1_37' title="bbox 534 2929 1623 2996; baseline -0.006 -14"><span class='ocrx_word' id='word_1_209' title='bbox 534 2934 603 2982; x_wconf 89' lang='lat' dir='ltr'><strong>ad</strong></span> <span class='ocrx_word' id='word_1_210' title='bbox 649 2931 914 2996; x_wconf 88' lang='lat' dir='ltr'><strong>liquidum</strong></span> <span class='ocrx_word' id='word_1_211' title='bbox 953 2929 1176 2993; x_wconf 87' lang='lat' dir='ltr'><strong>perduci</strong></span> <span class='ocrx_word' id='word_1_212' title='bbox 1221 2933 1440 2994; x_wconf 78' lang='lat' dir='ltr'><strong>queant.</strong></span> <span class='ocrx_word' id='word_1_213' title='bbox 1514 2929 1623 2977; x_wconf 85' lang='lat' dir='ltr'><strong>He-</strong></span> 
     </span>
     <span class='ocr_line' id='line_1_38' title="bbox 534 2996 1623 3056; baseline -0.006 -6"><span class='ocrx_word' id='word_1_214' title='bbox 534 3001 783 3050; x_wconf 88' lang='lat' dir='ltr'><strong>rodotum</strong></span> <span class='ocrx_word' id='word_1_215' title='bbox 837 2998 1008 3056; x_wconf 87' lang='lat' dir='ltr'><strong>enim,</strong></span> <span class='ocrx_word' id='word_1_216' title='bbox 1061 2999 1215 3048; x_wconf 90' lang='lat' dir='ltr'><strong>cuius</strong></span> <span class='ocrx_word' id='word_1_217' title='bbox 1271 2996 1481 3046; x_wconf 89' lang='lat' dir='ltr'><strong>numeri</strong></span> <span class='ocrx_word' id='word_1_218' title='bbox 1533 2996 1623 3044; x_wconf 87' lang='lat' dir='ltr'><strong>hic</strong></span> 
     </span>
     <span class='ocr_line' id='line_1_39' title="bbox 533 3066 1624 3132; baseline -0.005 -14"><span class='ocrx_word' id='word_1_219' title='bbox 533 3071 722 3132; x_wconf 90' lang='lat' dir='ltr'><strong>utique</strong></span> <span class='ocrx_word' id='word_1_220' title='bbox 760 3067 934 3116; x_wconf 89' lang='lat' dir='ltr'><strong>minus</strong></span> <span class='ocrx_word' id='word_1_221' title='bbox 973 3067 1332 3126; x_wconf 81' lang='lat' dir='ltr'><strong>conveniant,</strong></span> <span class='ocrx_word' id='word_1_222' title='bbox 1374 3066 1464 3129; x_wconf 89' lang='lat' dir='ltr'><strong>qui</strong></span> <span class='ocrx_word' id='word_1_223' title='bbox 1502 3079 1624 3114; x_wconf 87' lang='lat' dir='ltr'><strong>cum</strong></span> 
     </span>
     <span class='ocr_line' id='line_1_40' title="bbox 535 3133 1624 3198; baseline -0.005 -11"><span class='ocrx_word' id='word_1_224' title='bbox 535 3138 660 3188; x_wconf 90' lang='lat' dir='ltr'><strong>aliis</strong></span> <span class='ocrx_word' id='word_1_225' title='bbox 723 3136 802 3185; x_wconf 88' lang='lat' dir='ltr'><strong>ita</strong></span> <span class='ocrx_word' id='word_1_226' title='bbox 867 3136 922 3183; x_wconf 89' lang='lat' dir='ltr'><strong>in</strong></span> <span class='ocrx_word' id='word_1_227' title='bbox 976 3134 1320 3184; x_wconf 83' lang='lat' dir='ltr'><strong>concordiam</strong></span> <span class='ocrx_word' id='word_1_228' title='bbox 1378 3133 1624 3198; x_wconf 83' lang='lat' dir='ltr'><strong>redigere</strong></span> 
     </span>
     <span class='ocr_line' id='line_1_41' title="bbox 533 3203 1623 3268; baseline -0.006 -11"><span class='ocrx_word' id='word_1_229' title='bbox 533 3207 686 3267; x_wconf 87' lang='lat' dir='ltr'><strong>velit,</strong></span> <span class='ocrx_word' id='word_1_230' title='bbox 721 3209 783 3255; x_wconf 88' lang='lat' dir='ltr'><strong>ut</strong></span> <span class='ocrx_word' id='word_1_231' title='bbox 816 3208 992 3264; x_wconf 87' lang='lat' dir='ltr'><strong>certa,</strong></span> <span class='ocrx_word' id='word_1_232' title='bbox 1032 3218 1193 3268; x_wconf 88' lang='lat' dir='ltr'><strong>quam</strong></span> <span class='ocrx_word' id='word_1_233' title='bbox 1231 3203 1623 3263; x_wconf 76' lang='lat' dir='ltr'><strong>desideramus,</strong></span> 
     </span>
     <span class='ocr_line' id='line_1_42' title="bbox 533 3270 1625 3341; baseline -0.006 -13"><span class='ocrx_word' id='word_1_234' title='bbox 533 3283 837 3341; x_wconf 90' lang='lat' dir='ltr'><strong>temporum</strong></span> <span class='ocrx_word' id='word_1_235' title='bbox 879 3275 1021 3322; x_wconf 86' lang='lat' dir='ltr'><strong>ratio</strong></span> <span class='ocrx_word' id='word_1_236' title='bbox 1062 3278 1117 3323; x_wconf 89' lang='lat' dir='ltr'><strong>et</strong></span> <span class='ocrx_word' id='word_1_237' title='bbox 1158 3270 1490 3338; x_wconf 83' lang='lat' dir='ltr'><strong>singulorum</strong></span> <span class='ocrx_word' id='word_1_238' title='bbox 1540 3287 1625 3322; x_wconf 87' lang='lat' dir='ltr'><strong>re—</strong></span> 
     </span>
     <span class='ocr_line' id='line_1_43' title="bbox 533 3342 1628 3413; baseline -0.007 -16"><span class='ocrx_word' id='word_1_239' title='bbox 533 3363 659 3413; x_wconf 86' lang='lat' dir='ltr'><strong>gum</strong></span> <span class='ocrx_word' id='word_1_240' title='bbox 712 3344 844 3395; x_wconf 90' lang='lat' dir='ltr'><strong>ordo</strong></span> <span class='ocrx_word' id='word_1_241' title='bbox 890 3343 1284 3404; x_wconf 80' lang='lat' dir='ltr'><strong>constituatur,</strong></span> <span class='ocrx_word' id='word_1_242' title='bbox 1343 3342 1392 3391; x_wconf 88' lang='lat' dir='ltr'><strong>ei</strong></span> <span class='ocrx_word' id='word_1_243' title='bbox 1434 3356 1628 3391; x_wconf 83' lang='lat' dir='ltr'><strong>vereor</strong></span> 
     </span>
     <span class='ocr_line' id='line_1_44' title="bbox 533 3411 1626 3472; baseline -0.006 -5"><span class='ocrx_word' id='word_1_244' title='bbox 533 3423 594 3468; x_wconf 89' lang='lat' dir='ltr'><strong>ut</strong></span> <span class='ocrx_word' id='word_1_245' title='bbox 627 3432 714 3467; x_wconf 85' lang='lat' dir='ltr'><strong>res</strong></span> <span class='ocrx_word' id='word_1_246' title='bbox 751 3412 1036 3472; x_wconf 83' lang='lat' dir='ltr'><strong>succedat,</strong></span> <span class='ocrx_word' id='word_1_247' title='bbox 1075 3412 1168 3464; x_wconf 87' lang='lat' dir='ltr'><strong>ubi</strong></span> <span class='ocrx_word' id='word_1_248' title='bbox 1204 3415 1396 3461; x_wconf 79' lang='lat' dir='ltr'><strong>tantae</strong></span> <span class='ocrx_word' id='word_1_249' title='bbox 1433 3411 1626 3461; x_wconf 84' lang='lat' dir='ltr'><strong>turbae</strong></span> 
     </span>
     <span class='ocr_line' id='line_1_45' title="bbox 533 3480 1628 3548; baseline -0.009 -10"><span class='ocrx_word' id='word_1_250' title='bbox 533 3486 830 3548; x_wconf 75' lang='lat' dir='ltr'><strong>obveniant</strong></span> <span class='ocrx_word' id='word_1_251' title='bbox 877 3487 1068 3547; x_wconf 89' lang='lat' dir='ltr'><strong>totque</strong></span> <span class='ocrx_word' id='word_1_252' title='bbox 1116 3481 1436 3532; x_wconf 86' lang='lat' dir='ltr'><strong>oboriantur</strong></span> <span class='ocrx_word' id='word_1_253' title='bbox 1484 3480 1628 3530; x_wconf 83' lang='lat' dir='ltr'><strong>diffi-</strong></span> 
     </span>
     <span class='ocr_line' id='line_1_46' title="bbox 533 3550 1629 3618; baseline -0.007 -11"><span class='ocrx_word' id='word_1_254' title='bbox 533 3557 795 3616; x_wconf 86' lang='lat' dir='ltr'><strong>cultates,</strong></span> <span class='ocrx_word' id='word_1_255' title='bbox 836 3568 974 3618; x_wconf 86' lang='lat' dir='ltr'><strong>quas</strong></span> <span class='ocrx_word' id='word_1_256' title='bbox 1003 3553 1059 3601; x_wconf 88' lang='lat' dir='ltr'><strong>in</strong></span> <span class='ocrx_word' id='word_1_257' title='bbox 1099 3556 1255 3602; x_wconf 87' lang='lat' dir='ltr'><strong>tanta</strong></span> <span class='ocrx_word' id='word_1_258' title='bbox 1289 3550 1629 3600; x_wconf 88' lang='lat' dir='ltr'><strong>testimonio-</strong></span> 
     </span>
     <span class='ocr_line' id='line_1_47' title="bbox 533 3618 1628 3686; baseline -0.01 -9"><span class='ocrx_word' id='word_1_259' title='bbox 533 3643 650 3677; x_wconf 85' lang='lat' dir='ltr'><strong>rum</strong></span> <span class='ocrx_word' id='word_1_260' title='bbox 688 3630 743 3675; x_wconf 90' lang='lat' dir='ltr'><strong>et</strong></span> <span class='ocrx_word' id='word_1_261' title='bbox 785 3624 974 3686; x_wconf 90' lang='lat' dir='ltr'><strong>inopia</strong></span> <span class='ocrx_word' id='word_1_262' title='bbox 1016 3626 1071 3671; x_wconf 90' lang='lat' dir='ltr'><strong>et</strong></span> <span class='ocrx_word' id='word_1_263' title='bbox 1117 3620 1490 3684; x_wconf 84' lang='lat' dir='ltr'><strong>discrepantia</strong></span> <span class='ocrx_word' id='word_1_264' title='bbox 1526 3618 1628 3667; x_wconf 92' lang='lat' dir='ltr'><strong>tol-</strong></span> 
     </span>
     <span class='ocr_line' id='line_1_48' title="bbox 531 3688 1625 3758; baseline -0.009 -12"><span class='ocrx_word' id='word_1_265' title='bbox 531 3697 643 3746; x_wconf 87' lang='lat' dir='ltr'><strong>lere</strong></span> <span class='ocrx_word' id='word_1_266' title='bbox 692 3708 955 3758; x_wconf 84' lang='lat' dir='ltr'><strong>nequeas.</strong></span> <span class='ocrx_word' id='word_1_267' title='bbox 1038 3691 1199 3741; x_wconf 84' lang='lat' dir='ltr'><strong>Conf.</strong></span> <span class='ocrx_word' id='word_1_268' title='bbox 1246 3693 1386 3739; x_wconf 89' lang='lat' dir='ltr'><strong>nott.</strong></span> <span class='ocrx_word' id='word_1_269' title='bbox 1429 3689 1498 3738; x_wconf 89' lang='lat' dir='ltr'><strong>ad</strong></span> <span class='ocrx_word' id='word_1_270' title='bbox 1545 3688 1625 3748; x_wconf 93' lang='lat'><strong>11,</strong></span> 
     </span>
     <span class='ocr_line' id='line_1_49' title="bbox 540 3757 1627 3821; baseline -0.01 -5"><span class='ocrx_word' id='word_1_271' title='bbox 540 3767 634 3815; x_wconf 81' lang='lat'>1:37</span> <span class='ocrx_word' id='word_1_272' title='bbox 674 3769 728 3814; x_wconf 89' lang='lat' dir='ltr'><strong>et</strong></span> <span class='ocrx_word' id='word_1_273' title='bbox 763 3766 995 3813; x_wconf 83' lang='lat' dir='ltr'><strong>Excurs.</strong></span> <span class='ocrx_word' id='word_1_274' title='bbox 1038 3761 1107 3810; x_wconf 89' lang='lat' dir='ltr'><strong>ad</strong></span> <span class='ocrx_word' id='word_1_275' title='bbox 1144 3759 1219 3821; x_wconf 84' lang='lat'><strong>11,</strong></span> <span class='ocrx_word' id='word_1_276' title='bbox 1263 3758 1381 3808; x_wconf 74' lang='lat'><strong>141.</strong></span> <span class='ocrx_word' id='word_1_277' title='bbox 1437 3757 1627 3808; x_wconf 84' lang='lat' dir='ltr'><strong>Rosol-</strong></span> 
     </span>
     <span class='ocr_line' id='line_1_50' title="bbox 532 3826 1627 3892; baseline -0.009 -8"><span class='ocrx_word' id='word_1_278' title='bbox 532 3834 633 3884; x_wconf 85' lang='lat' dir='ltr'><strong>lini</strong></span> <span class='ocrx_word' id='word_1_279' title='bbox 679 3833 828 3881; x_wconf 87' lang='lat' dir='ltr'><strong>Mon.</strong></span> <span class='ocrx_word' id='word_1_280' title='bbox 873 3836 1002 3879; x_wconf 78' lang='lat' dir='ltr'><strong>stor.</strong></span> <span class='ocrx_word' id='word_1_281' title='bbox 1048 3830 1126 3879; x_wconf 88' lang='grc' dir='ltr'><strong>ΙΙ.</strong></span> <span class='ocrx_word' id='word_1_282' title='bbox 1181 3845 1235 3892; x_wconf 89' lang='lat' dir='ltr'><strong>p.</strong></span> <span class='ocrx_word' id='word_1_283' title='bbox 1276 3827 1378 3878; x_wconf 77' lang='lat'><strong>199</strong></span> <span class='ocrx_word' id='word_1_284' title='bbox 1426 3826 1627 3890; x_wconf 86' lang='lat' dir='ltr'><strong>septin-</strong></span> 
     </span>
     <span class='ocr_line' id='line_1_51' title="bbox 537 3893 1627 3964; baseline -0.008 -13"><span class='ocrx_word' id='word_1_285' title='bbox 537 3906 728 3964; x_wconf 64' lang='lat' dir='ltr'><strong>gentos</strong></span> <span class='ocrx_word' id='word_1_286' title='bbox 763 3900 929 3949; x_wconf 84' lang='lat' dir='ltr'><strong>hosce</strong></span> <span class='ocrx_word' id='word_1_287' title='bbox 958 3914 1129 3948; x_wconf 88' lang='lat' dir='ltr'><strong>annos</strong></span> <span class='ocrx_word' id='word_1_288' title='bbox 1158 3897 1247 3948; x_wconf 77' lang='lat' dir='ltr'><strong>vel</strong></span> <span class='ocrx_word' id='word_1_289' title='bbox 1272 3896 1511 3964; x_wconf 67' lang='lat' dir='ltr'><strong>librariis</strong></span> <span class='ocrx_word' id='word_1_290' title='bbox 1539 3893 1627 3943; x_wconf 85' lang='lat' dir='ltr'><strong>de·</strong></span> 
     </span>
     <span class='ocr_line' id='line_1_52' title="bbox 535 3965 1629 4020; baseline -0.006 0"><span class='ocrx_word' id='word_1_291' title='bbox 535 3971 651 4020; x_wconf 88' lang='lat' dir='ltr'><strong>beri</strong></span> <span class='ocrx_word' id='word_1_292' title='bbox 687 3969 775 4017; x_wconf 81' lang='lat' dir='ltr'><strong>vel</strong></span> <span class='ocrx_word' id='word_1_293' title='bbox 825 3967 1024 4017; x_wconf 83' lang='lat' dir='ltr'><strong>fabulis</strong></span> <span class='ocrx_word' id='word_1_294' title='bbox 1059 3966 1205 4016; x_wconf 85' lang='lat' dir='ltr'><strong>haud</strong></span> <span class='ocrx_word' id='word_1_295' title='bbox 1252 3965 1412 4015; x_wconf 87' lang='lat' dir='ltr'><strong>aliter</strong></span> <span class='ocrx_word' id='word_1_296' title='bbox 1448 3981 1514 4015; x_wconf 86' lang='lat' dir='ltr'><strong>ac</strong></span> <span class='ocrx_word' id='word_1_297' title='bbox 1546 3981 1629 4014; x_wconf 88' lang='lat' dir='ltr'><strong>re·</strong></span> 
     </span>
     <span class='ocr_line' id='line_1_53' title="bbox 534 4034 1623 4102; baseline -0.006 -14"><span class='ocrx_word' id='word_1_298' title='bbox 534 4041 713 4102; x_wconf 82' lang='lat' dir='ltr'><strong>liqna,</strong></span> <span class='ocrx_word' id='word_1_299' title='bbox 779 4051 918 4101; x_wconf 87' lang='lat' dir='ltr'><strong>quae</strong></span> <span class='ocrx_word' id='word_1_300' title='bbox 978 4041 1268 4086; x_wconf 89' lang='lat' dir='ltr'><strong>narrantur</strong></span> <span class='ocrx_word' id='word_1_301' title='bbox 1332 4034 1399 4084; x_wconf 89' lang='lat' dir='ltr'><strong>de</strong></span> <span class='ocrx_word' id='word_1_302' title='bbox 1455 4034 1623 4099; x_wconf 80' lang='lat' dir='ltr'><strong>Anysi</strong></span> 
     </span>
     <span class='ocr_line' id='line_1_54' title="bbox 536 4104 1576 4167; baseline -0.006 -8"><span class='ocrx_word' id='word_1_303' title='bbox 536 4123 731 4167; x_wconf 84' lang='lat' dir='ltr'><strong>caece,</strong></span> <span class='ocrx_word' id='word_1_304' title='bbox 770 4105 1009 4155; x_wconf 85' lang='lat' dir='ltr'><strong>adscribi</strong></span> <span class='ocrx_word' id='word_1_305' title='bbox 1047 4104 1242 4154; x_wconf 86' lang='lat' dir='ltr'><strong>debere</strong></span> <span class='ocrx_word' id='word_1_306' title='bbox 1281 4104 1576 4153; x_wconf 73' lang='lat' dir='ltr'><strong>existimat.</strong></span> 
     </span>
     <span class='ocr_line' id='line_1_55' title="bbox 608 4164 1629 4238; baseline -0.004 -14"><span class='ocrx_word' id='word_1_307' title='bbox 608 4166 832 4237; x_wconf 75' lang='grc' dir='ltr'><em>οὕνομα</em></span> <span class='ocrx_word' id='word_1_308' title='bbox 855 4164 1135 4238; x_wconf 68' lang='grc' dir='ltr'><strong><em>-ἘλβωἾ</em></strong></span> <span class='ocrx_word' id='word_1_309' title='bbox 1176 4172 1261 4222; x_wconf 85' lang='lat' dir='ltr'><strong>Ad</strong></span> <span class='ocrx_word' id='word_1_310' title='bbox 1292 4172 1495 4233; x_wconf 86' lang='lat' dir='ltr'><strong>lacum,</strong></span> <span class='ocrx_word' id='word_1_311' title='bbox 1535 4172 1629 4237; x_wconf 91' lang='lat' dir='ltr'><strong>qui</strong></span> 
     </span>
     <span class='ocr_line' id='line_1_56' title="bbox 536 4241 1628 4302; baseline -0.004 -8"><span class='ocrx_word' id='word_1_312' title='bbox 536 4261 680 4296; x_wconf 87' lang='lat' dir='ltr'><strong>nunc</strong></span> <span class='ocrx_word' id='word_1_313' title='bbox 710 4248 943 4292; x_wconf 80' lang='lat' dir='ltr'><strong>vocatur</strong></span> <span class='ocrx_word' id='word_1_314' title='bbox 981 4241 1269 4302; x_wconf 73' lang='lat' dir='ltr'><strong>Menzalelae,</strong></span> <span class='ocrx_word' id='word_1_315' title='bbox 1305 4242 1447 4296; x_wconf 77' lang='lat' dir='ltr'><strong>hanc</strong></span> <span class='ocrx_word' id='word_1_316' title='bbox 1481 4242 1628 4290; x_wconf 84' lang='lat' dir='ltr'><strong>insu-</strong></span> 
     </span>
     <span class='ocr_line' id='line_1_57' title="bbox 537 4310 1626 4378; baseline -0.006 -12"><span class='ocrx_word' id='word_1_317' title='bbox 537 4317 644 4366; x_wconf 87' lang='lat' dir='ltr'><strong>lam</strong></span> <span class='ocrx_word' id='word_1_318' title='bbox 707 4311 1059 4378; x_wconf 87' lang='lat' dir='ltr'><strong>probabiliter</strong></span> <span class='ocrx_word' id='word_1_319' title='bbox 1126 4310 1291 4360; x_wconf 87' lang='lat' dir='ltr'><strong>refert</strong></span> <span class='ocrx_word' id='word_1_320' title='bbox 1353 4311 1626 4360; x_wconf 82' lang='lat' dir='ltr'><strong>Manuert.</strong></span> 
     </span>
     <span class='ocr_line' id='line_1_58' title="bbox 542 4380 1626 4448; baseline -0.007 -12"><span class='ocrx_word' id='word_1_321' title='bbox 542 4387 741 4448; x_wconf 84' lang='lat' dir='ltr'><strong>Geogr.</strong></span> <span class='ocrx_word' id='word_1_322' title='bbox 780 4381 831 4432; x_wconf 88' lang='lat' dir='ltr'><strong>d.</strong></span> <span class='ocrx_word' id='word_1_323' title='bbox 871 4382 964 4433; x_wconf 84' lang='lat' dir='ltr'><strong>Gr.</strong></span> <span class='ocrx_word' id='word_1_324' title='bbox 987 4397 1059 4432; x_wconf 88' lang='lat' dir='ltr'><strong>·u.</strong></span> <span class='ocrx_word' id='word_1_325' title='bbox 1091 4381 1277 4431; x_wconf 87' lang='lat' dir='ltr'><strong>Roem.</strong></span> <span class='ocrx_word' id='word_1_326' title='bbox 1312 4380 1379 4442; x_wconf 86' lang='lat' dir='ltr'><strong>X,</strong></span> <span class='ocrx_word' id='word_1_327' title='bbox 1410 4381 1457 4430; x_wconf 93' lang='lat'><strong>1.</strong></span> <span class='ocrx_word' id='word_1_328' title='bbox 1498 4394 1626 4445; x_wconf 85' lang='lat' dir='ltr'><strong>pag.</strong></span> 
     </span>
    </p>
   </div>
   <div class='ocr_carea' id='block_1_8' title="bbox 1717 1267 2833 2231">
    <p class='ocr_par' dir='ltr' id='par_1_9' title="bbox 1717 1267 2833 2231">
     <span class='ocr_line' id='line_1_59' title="bbox 1724 1267 2833 1333; baseline 0 -16"><span class='ocrx_word' id='word_1_329' title='bbox 1724 1273 1871 1318; x_wconf 83' lang='lat' dir='ltr'><strong>tores</strong></span> <span class='ocrx_word' id='word_1_330' title='bbox 1932 1271 2223 1319; x_wconf 86' lang='lat' dir='ltr'><strong>maximam</strong></span> <span class='ocrx_word' id='word_1_331' title='bbox 2295 1273 2535 1333; x_wconf 86' lang='lat' dir='ltr'><strong>partem,</strong></span> <span class='ocrx_word' id='word_1_332' title='bbox 2608 1267 2833 1318; x_wconf 82' lang='lat' dir='ltr'><strong>liberos</strong></span> 
     </span>
     <span class='ocr_line' id='line_1_60' title="bbox 1722 1337 2832 1404; baseline -0.002 -17"><span class='ocrx_word' id='word_1_333' title='bbox 1722 1339 2105 1404; x_wconf 87' lang='lat' dir='ltr'><strong>propemodum</strong></span> <span class='ocrx_word' id='word_1_334' title='bbox 2144 1354 2266 1388; x_wconf 83' lang='lat' dir='ltr'><strong>esse</strong></span> <span class='ocrx_word' id='word_1_335' title='bbox 2300 1338 2565 1398; x_wconf 87' lang='lat' dir='ltr'><strong>homines,</strong></span> <span class='ocrx_word' id='word_1_336' title='bbox 2602 1337 2832 1401; x_wconf 85' lang='lat' dir='ltr'><strong>paludi-</strong></span> 
     </span>
     <span class='ocr_line' id='line_1_61' title="bbox 1721 1407 2831 1473; baseline -0.003 -15"><span class='ocrx_word' id='word_1_337' title='bbox 1721 1409 1825 1458; x_wconf 91' lang='lat' dir='ltr'><strong>bus</strong></span> <span class='ocrx_word' id='word_1_338' title='bbox 1860 1425 1927 1459; x_wconf 87' lang='lat' dir='ltr'><strong>ae</strong></span> <span class='ocrx_word' id='word_1_339' title='bbox 1960 1409 2172 1473; x_wconf 84' lang='lat' dir='ltr'><strong>stagnis</strong></span> <span class='ocrx_word' id='word_1_340' title='bbox 2216 1408 2523 1456; x_wconf 85' lang='lat' dir='ltr'><strong>tutissimos</strong></span> <span class='ocrx_word' id='word_1_341' title='bbox 2556 1407 2628 1456; x_wconf 84' lang='lat' dir='ltr'><strong>ab</strong></span> <span class='ocrx_word' id='word_1_342' title='bbox 2666 1407 2831 1456; x_wconf 84' lang='lat' dir='ltr'><strong>omni</strong></span> 
     </span>
     <span class='ocr_line' id='line_1_62' title="bbox 1722 1475 2828 1543; baseline -0.005 -15"><span class='ocrx_word' id='word_1_343' title='bbox 1722 1480 1946 1543; x_wconf 89' lang='lat' dir='ltr'><strong>impetu.</strong></span> <span class='ocrx_word' id='word_1_344' title='bbox 2007 1478 2313 1528; x_wconf 84' lang='lat' dir='ltr'><strong>Larcherus</strong></span> <span class='ocrx_word' id='word_1_345' title='bbox 2340 1475 2404 1540; x_wconf 90' lang='lat' dir='ltr'><strong>(t.</strong></span> <span class='ocrx_word' id='word_1_346' title='bbox 2426 1475 2582 1526; x_wconf 84' lang='lat' dir='ltr'>VIII.</span> <span class='ocrx_word' id='word_1_347' title='bbox 2608 1492 2663 1540; x_wconf 89' lang='lat' dir='ltr'><strong>p.</strong></span> <span class='ocrx_word' id='word_1_348' title='bbox 2683 1477 2828 1536; x_wconf 69' lang='lat'><strong>242)</strong></span> 
     </span>
     <span class='ocr_line' id='line_1_63' title="bbox 1724 1546 2831 1612; baseline -0.005 -14"><span class='ocrx_word' id='word_1_349' title='bbox 1724 1547 1795 1597; x_wconf 87' lang='lat' dir='ltr'><strong>ad</strong></span> <span class='ocrx_word' id='word_1_350' title='bbox 1853 1547 2174 1612; x_wconf 86' lang='lat' dir='ltr'><strong>paludosam</strong></span> <span class='ocrx_word' id='word_1_351' title='bbox 2225 1546 2363 1596; x_wconf 84' lang='lat' dir='ltr'><strong>haec</strong></span> <span class='ocrx_word' id='word_1_352' title='bbox 2415 1546 2582 1595; x_wconf 75' lang='lat' dir='ltr'><strong>refert</strong></span> <span class='ocrx_word' id='word_1_353' title='bbox 2638 1546 2831 1608; x_wconf 81' lang='lat' dir='ltr'><strong>regio-</strong></span> 
     </span>
     <span class='ocr_line' id='line_1_64' title="bbox 1723 1615 2829 1682; baseline -0.004 -16"><span class='ocrx_word' id='word_1_354' title='bbox 1723 1633 1873 1678; x_wconf 90' lang='lat' dir='ltr'><strong>nem,</strong></span> <span class='ocrx_word' id='word_1_355' title='bbox 1912 1632 2053 1682; x_wconf 88' lang='lat' dir='ltr'><strong>quae</strong></span> <span class='ocrx_word' id='word_1_356' title='bbox 2085 1631 2119 1665; x_wconf 90' lang='lat' dir='ltr'><strong>a</strong></span> <span class='ocrx_word' id='word_1_357' title='bbox 2154 1615 2546 1665; x_wconf 86' lang='lat' dir='ltr'><strong>recentioribus</strong></span> <span class='ocrx_word' id='word_1_358' title='bbox 2583 1615 2829 1678; x_wconf 84' lang='lat' dir='ltr'><strong>scripto-</strong></span> 
     </span>
     <span class='ocr_line' id='line_1_65' title="bbox 1723 1684 2831 1744; baseline -0.004 -8"><span class='ocrx_word' id='word_1_359' title='bbox 1723 1686 1875 1736; x_wconf 82' lang='lat' dir='ltr'><strong>ribus</strong></span> <span class='ocrx_word' id='word_1_360' title='bbox 1926 1687 2144 1736; x_wconf 88' lang='lat' dir='ltr'><strong>dicatur</strong></span> <span class='ocrx_word' id='word_1_361' title='bbox 2190 1684 2498 1744; x_wconf 74' lang='lat' dir='ltr'><strong>Elearchia,</strong></span> <span class='ocrx_word' id='word_1_362' title='bbox 2546 1699 2669 1733; x_wconf 88' lang='lat' dir='ltr'><strong>cum</strong></span> <span class='ocrx_word' id='word_1_363' title='bbox 2706 1684 2831 1732; x_wconf 81' lang='lat' dir='ltr'><strong>He-</strong></span> 
     </span>
     <span class='ocr_line' id='line_1_66' title="bbox 1722 1745 2829 1805; baseline -0.005 0"><span class='ocrx_word' id='word_1_364' title='bbox 1722 1755 1916 1805; x_wconf 89' lang='lat' dir='ltr'><strong>rodoto</strong></span> <span class='ocrx_word' id='word_1_365' title='bbox 1972 1755 2083 1804; x_wconf 85' lang='lat' dir='ltr'><strong>sint</strong></span> <span class='ocrx_word' id='word_1_366' title='bbox 2135 1745 2204 1801; x_wconf 81' lang='grc' dir='ltr'><strong>τὰ</strong></span> <span class='ocrx_word' id='word_1_367' title='bbox 2258 1748 2398 1802; x_wconf 75' lang='grc' dir='ltr'><strong>ἕλεα.</strong></span> <span class='ocrx_word' id='word_1_368' title='bbox 2487 1753 2604 1803; x_wconf 86' lang='lat' dir='ltr'><strong>Nec</strong></span> <span class='ocrx_word' id='word_1_369' title='bbox 2656 1752 2829 1802; x_wconf 80' lang='lat' dir='ltr'><strong>aliter</strong></span> 
     </span>
     <span class='ocr_line' id='line_1_67' title="bbox 1724 1821 2826 1886; baseline -0.004 -12"><span class='ocrx_word' id='word_1_370' title='bbox 1724 1823 2140 1874; x_wconf 86' lang='lat' dir='ltr'><strong>Schlichthorst.</strong></span> <span class='ocrx_word' id='word_1_371' title='bbox 2183 1822 2221 1870; x_wconf 93' lang='lat' dir='ltr'><strong>l.</strong></span> <span class='ocrx_word' id='word_1_372' title='bbox 2246 1822 2284 1871; x_wconf 95' lang='lat' dir='ltr'><strong>l.</strong></span> <span class='ocrx_word' id='word_1_373' title='bbox 2311 1837 2438 1886; x_wconf 83' lang='lat' dir='ltr'><strong>pag.</strong></span> <span class='ocrx_word' id='word_1_374' title='bbox 2465 1823 2550 1871; x_wconf 81' lang='lat'><strong>65.</strong></span> <span class='ocrx_word' id='word_1_375' title='bbox 2623 1821 2826 1871; x_wconf 80' lang='lat' dir='ltr'><strong>Rosel-</strong></span> 
     </span>
     <span class='ocr_line' id='line_1_68' title="bbox 1721 1891 2823 1956; baseline -0.004 -13"><span class='ocrx_word' id='word_1_376' title='bbox 1721 1894 1822 1943; x_wconf 86' lang='lat' dir='ltr'><strong>lini</strong></span> <span class='ocrx_word' id='word_1_377' title='bbox 1858 1894 1896 1947; x_wconf 88' lang='lat' dir='ltr'><strong>l.</strong></span> <span class='ocrx_word' id='word_1_378' title='bbox 1941 1893 1980 1943; x_wconf 92' lang='lat' dir='ltr'><strong>l.</strong></span> <span class='ocrx_word' id='word_1_379' title='bbox 2020 1891 2356 1956; x_wconf 81' lang='lat' dir='ltr'><strong>suspicatur,</strong></span> <span class='ocrx_word' id='word_1_380' title='bbox 2408 1892 2463 1939; x_wconf 90' lang='lat' dir='ltr'><strong>in</strong></span> <span class='ocrx_word' id='word_1_381' title='bbox 2509 1906 2646 1940; x_wconf 80' lang='lat' dir='ltr'><strong>voce</strong></span> <span class='ocrx_word' id='word_1_382' title='bbox 2678 1891 2823 1940; x_wconf 72' lang='lat' dir='ltr'><strong>Elbo</strong></span> 
     </span>
     <span class='ocr_line' id='line_1_69' title="bbox 1717 1960 2823 2025; baseline -0.005 -12"><span class='ocrx_word' id='word_1_383' title='bbox 1717 1964 1891 2013; x_wconf 87' lang='lat' dir='ltr'><strong>latere</strong></span> <span class='ocrx_word' id='word_1_384' title='bbox 1949 1966 2261 2025; x_wconf 80' lang='lat' dir='ltr'><strong>corruptum</strong></span> <span class='ocrx_word' id='word_1_385' title='bbox 2309 1960 2670 2023; x_wconf 74' lang='lat' dir='ltr'><strong>Elephantines</strong></span> <span class='ocrx_word' id='word_1_386' title='bbox 2715 1976 2823 2008; x_wconf 89' lang='lat' dir='ltr'><strong>no-</strong></span> 
     </span>
     <span class='ocr_line' id='line_1_70' title="bbox 1721 2028 2821 2094; baseline -0.005 -11"><span class='ocrx_word' id='word_1_387' title='bbox 1721 2050 1871 2092; x_wconf 88' lang='lat' dir='ltr'><strong>men,</strong></span> <span class='ocrx_word' id='word_1_388' title='bbox 1911 2048 2031 2082; x_wconf 89' lang='lat' dir='ltr'><strong>cum</strong></span> <span class='ocrx_word' id='word_1_389' title='bbox 2070 2030 2204 2079; x_wconf 86' lang='lat' dir='ltr'><strong>haec</strong></span> <span class='ocrx_word' id='word_1_390' title='bbox 2239 2030 2362 2094; x_wconf 86' lang='lat' dir='ltr'><strong>ipsa</strong></span> <span class='ocrx_word' id='word_1_391' title='bbox 2396 2028 2575 2078; x_wconf 87' lang='lat' dir='ltr'><strong>insula</strong></span> <span class='ocrx_word' id='word_1_392' title='bbox 2612 2029 2683 2078; x_wconf 92' lang='lat' dir='ltr'><strong>ab</strong></span> <span class='ocrx_word' id='word_1_393' title='bbox 2706 2030 2821 2078; x_wconf 84' lang='lat' dir='ltr'><strong>Ae·</strong></span> 
     </span>
     <span class='ocr_line' id='line_1_71' title="bbox 1722 2099 2821 2167; baseline -0.003 -16"><span class='ocrx_word' id='word_1_394' title='bbox 1722 2102 1925 2167; x_wconf 82' lang='lat' dir='ltr'><strong>gyptiis</strong></span> <span class='ocrx_word' id='word_1_395' title='bbox 1984 2099 2260 2165; x_wconf 88' lang='lat' dir='ltr'><strong>appellata</strong></span> <span class='ocrx_word' id='word_1_396' title='bbox 2315 2099 2479 2148; x_wconf 81' lang='lat' dir='ltr'><strong>fuerit</strong></span> <span class='ocrx_word' id='word_1_397' title='bbox 2537 2099 2684 2148; x_wconf 75' lang='lat' dir='ltr'><strong>Ebot</strong></span> <span class='ocrx_word' id='word_1_398' title='bbox 2756 2103 2821 2148; x_wconf 84' lang='lat' dir='ltr'><strong>tu</strong></span> 
     </span>
     <span class='ocr_line' id='line_1_72' title="bbox 1724 2168 2400 2231; baseline -0.004 -9"><span class='ocrx_word' id='word_1_399' title='bbox 1724 2172 1868 2222; x_wconf 75' lang='lat' dir='ltr'><strong>conf.</strong></span> <span class='ocrx_word' id='word_1_400' title='bbox 1906 2175 2049 2221; x_wconf 87' lang='lat' dir='ltr'><strong>nott.</strong></span> <span class='ocrx_word' id='word_1_401' title='bbox 2088 2169 2159 2219; x_wconf 88' lang='lat' dir='ltr'><strong>ad</strong></span> <span class='ocrx_word' id='word_1_402' title='bbox 2198 2169 2273 2231; x_wconf 93' lang='lat'><strong>11,</strong></span> <span class='ocrx_word' id='word_1_403' title='bbox 2315 2168 2400 2219; x_wconf 86' lang='lat'><strong>17.</strong></span> 
     </span>
    </p>
   </div>
   <div class='ocr_carea' id='block_1_9' title="bbox 2089 2338 2454 2390">
    <p class='ocr_par' dir='ltr' id='par_1_10' title="bbox 2089 2338 2454 2390">
     <span class='ocr_line' id='line_1_73' title="bbox 2089 2338 2454 2390; baseline -0.008 0"><span class='ocrx_word' id='word_1_404' title='bbox 2089 2339 2222 2390; x_wconf 66' lang='lat' dir='ltr'><strong>Cu».</strong></span> <span class='ocrx_word' id='word_1_405' title='bbox 2262 2338 2454 2390; x_wconf 86' lang='lat' dir='ltr'>CXLI.</span> 
     </span>
    </p>
   </div>
   <div class='ocr_carea' id='block_1_10' title="bbox 1723 2431 2823 3614">
    <p class='ocr_par' dir='ltr' id='par_1_11' title="bbox 1723 2431 2823 3614">
     <span class='ocr_line' id='line_1_74' title="bbox 1794 2431 2823 2506; baseline 0 -16"><span class='ocrx_word' id='word_1_406' title='bbox 1794 2439 1871 2506; x_wconf 75' lang='grc' dir='ltr'><strong>τῷ</strong></span> <span class='ocrx_word' id='word_1_407' title='bbox 1920 2431 2143 2505; x_wconf 76' lang='grc' dir='ltr'><em>οὕνομα</em></span> <span class='ocrx_word' id='word_1_408' title='bbox 2188 2433 2338 2490; x_wconf 85' lang='grc' dir='ltr'><em>εἶναι</em></span> <span class='ocrx_word' id='word_1_409' title='bbox 2373 2432 2602 2505; x_wconf 68' lang='grc' dir='ltr'><em>Σεθῶν]</em></span> <span class='ocrx_word' id='word_1_410' title='bbox 2655 2442 2823 2504; x_wconf 89' lang='lat' dir='ltr'><strong>Igno-</strong></span> 
     </span>
     <span class='ocr_line' id='line_1_75' title="bbox 1723 2509 2822 2576; baseline -0.004 -14"><span class='ocrx_word' id='word_1_411' title='bbox 1723 2517 1847 2562; x_wconf 87' lang='lat' dir='ltr'><strong>rant</strong></span> <span class='ocrx_word' id='word_1_412' title='bbox 1880 2511 2023 2561; x_wconf 89' lang='lat' dir='ltr'><strong>hunc</strong></span> <span class='ocrx_word' id='word_1_413' title='bbox 2054 2526 2234 2576; x_wconf 85' lang='lat' dir='ltr'><strong>regem</strong></span> <span class='ocrx_word' id='word_1_414' title='bbox 2270 2509 2572 2570; x_wconf 89' lang='lat' dir='ltr'><strong>Diodorus,</strong></span> <span class='ocrx_word' id='word_1_415' title='bbox 2608 2509 2703 2559; x_wconf 87' lang='lat' dir='ltr'><strong>alii</strong></span> <span class='ocrx_word' id='word_1_416' title='bbox 2731 2525 2822 2559; x_wconf 88' lang='lat' dir='ltr'><strong>re-</strong></span> 
     </span>
     <span class='ocr_line' id='line_1_76' title="bbox 1724 2579 2823 2645; baseline -0.001 -16"><span class='ocrx_word' id='word_1_417' title='bbox 1724 2597 1840 2630; x_wconf 85' lang='lat' dir='ltr'><strong>rum</strong></span> <span class='ocrx_word' id='word_1_418' title='bbox 1864 2582 2157 2644; x_wconf 82' lang='lat' dir='ltr'><strong>scriptores</strong></span> <span class='ocrx_word' id='word_1_419' title='bbox 2186 2597 2359 2645; x_wconf 84' lang='lat' dir='ltr'><strong>aeque</strong></span> <span class='ocrx_word' id='word_1_420' title='bbox 2383 2585 2549 2645; x_wconf 88' lang='lat' dir='ltr'><strong>atque</strong></span> <span class='ocrx_word' id='word_1_421' title='bbox 2572 2580 2696 2642; x_wconf 87' lang='lat' dir='ltr'><strong>ipsa</strong></span> <span class='ocrx_word' id='word_1_422' title='bbox 2712 2579 2823 2628; x_wconf 83' lang='lat' dir='ltr'><strong>Ae·</strong></span> 
     </span>
     <span class='ocr_line' id='line_1_77' title="bbox 1724 2650 2821 2715; baseline -0.001 -17"><span class='ocrx_word' id='word_1_423' title='bbox 1724 2650 2034 2715; x_wconf 83' lang='lat' dir='ltr'><strong>gyptiorum</strong></span> <span class='ocrx_word' id='word_1_424' title='bbox 2071 2654 2449 2700; x_wconf 87' lang='lat' dir='ltr'><strong>monumenta:</strong></span> <span class='ocrx_word' id='word_1_425' title='bbox 2488 2664 2654 2714; x_wconf 77' lang='lat' dir='ltr'><strong>quare</strong></span> <span class='ocrx_word' id='word_1_426' title='bbox 2692 2663 2821 2697; x_wconf 86' lang='lat' dir='ltr'><strong>cum</strong></span> 
     </span>
     <span class='ocr_line' id='line_1_78' title="bbox 1725 2719 2822 2783; baseline -0.005 -14"><span class='ocrx_word' id='word_1_427' title='bbox 1725 2722 1941 2781; x_wconf 88' lang='lat' dir='ltr'><strong>essent,</strong></span> <span class='ocrx_word' id='word_1_428' title='bbox 1988 2721 2081 2783; x_wconf 90' lang='lat' dir='ltr'><strong>qui</strong></span> <span class='ocrx_word' id='word_1_429' title='bbox 2127 2720 2196 2769; x_wconf 85' lang='lat' dir='ltr'><strong>ad</strong></span> <span class='ocrx_word' id='word_1_430' title='bbox 2233 2719 2520 2769; x_wconf 89' lang='lat' dir='ltr'><strong>Sebichum</strong></span> <span class='ocrx_word' id='word_1_431' title='bbox 2568 2734 2613 2767; x_wconf 90' lang='lat' dir='ltr'><strong>s.</strong></span> <span class='ocrx_word' id='word_1_432' title='bbox 2653 2719 2822 2766; x_wconf 81' lang='lat' dir='ltr'><strong>Seve-</strong></span> 
     </span>
     <span class='ocr_line' id='line_1_79' title="bbox 1726 2786 2820 2851; baseline -0.005 -13"><span class='ocrx_word' id='word_1_433' title='bbox 1726 2788 1913 2848; x_wconf 90' lang='lat' dir='ltr'><strong>chum,</strong></span> <span class='ocrx_word' id='word_1_434' title='bbox 1978 2789 2206 2838; x_wconf 86' lang='lat' dir='ltr'><strong>alterum</strong></span> <span class='ocrx_word' id='word_1_435' title='bbox 2264 2788 2589 2851; x_wconf 83' lang='lat' dir='ltr'><strong>Aethiopum</strong></span> <span class='ocrx_word' id='word_1_436' title='bbox 2647 2786 2820 2851; x_wconf 79' lang='lat' dir='ltr'><strong>dyna-</strong></span> 
     </span>
     <span class='ocr_line' id='line_1_80' title="bbox 1726 2856 2823 2921; baseline -0.004 -14"><span class='ocrx_word' id='word_1_437' title='bbox 1726 2859 1866 2907; x_wconf 81' lang='lat' dir='ltr'><strong>stiae</strong></span> <span class='ocrx_word' id='word_1_438' title='bbox 1887 2873 2088 2921; x_wconf 83' lang='lat' dir='ltr'><strong>regem,</strong></span> <span class='ocrx_word' id='word_1_439' title='bbox 2115 2859 2381 2907; x_wconf 86' lang='lat' dir='ltr'><strong>referrent</strong></span> <span class='ocrx_word' id='word_1_440' title='bbox 2398 2856 2706 2916; x_wconf 82' lang='lat' dir='ltr'><strong>Sethonern,</strong></span> <span class='ocrx_word' id='word_1_441' title='bbox 2725 2856 2823 2904; x_wconf 88' lang='lat' dir='ltr'><strong>ob-</strong></span> 
     </span>
     <span class='ocr_line' id='line_1_81' title="bbox 1724 2925 2817 2991; baseline 0 -16"><span class='ocrx_word' id='word_1_442' title='bbox 1724 2926 1965 2991; x_wconf 82' lang='lat' dir='ltr'><strong>loquitur</strong></span> <span class='ocrx_word' id='word_1_443' title='bbox 2000 2925 2328 2977; x_wconf 84' lang='lat' dir='ltr'><strong>Wilkinson.</strong></span> <span class='ocrx_word' id='word_1_444' title='bbox 2380 2925 2657 2990; x_wconf 83' lang='lat' dir='ltr'><strong>(Manners</strong></span> <span class='ocrx_word' id='word_1_445' title='bbox 2707 2930 2817 2975; x_wconf 84' lang='lat' dir='ltr'><strong>etc.</strong></span> 
     </span>
     <span class='ocr_line' id='line_1_82' title="bbox 1726 2995 2821 3060; baseline -0.004 -13"><span class='ocrx_word' id='word_1_446' title='bbox 1726 2998 1773 3047; x_wconf 93' lang='lat'><strong>1.</strong></span> <span class='ocrx_word' id='word_1_447' title='bbox 1800 3013 1852 3060; x_wconf 91' lang='lat' dir='ltr'><strong>p.</strong></span> <span class='ocrx_word' id='word_1_448' title='bbox 1884 2995 2035 3060; x_wconf 78' lang='lat'><strong>139),</strong></span> <span class='ocrx_word' id='word_1_449' title='bbox 2070 3012 2192 3046; x_wconf 89' lang='lat' dir='ltr'><strong>cutn</strong></span> <span class='ocrx_word' id='word_1_450' title='bbox 2231 2997 2407 3060; x_wconf 88' lang='lat' dir='ltr'><strong>ipsum</strong></span> <span class='ocrx_word' id='word_1_451' title='bbox 2443 2996 2587 3059; x_wconf 85' lang='lat' dir='ltr'><strong>reg-is</strong></span> <span class='ocrx_word' id='word_1_452' title='bbox 2619 3009 2821 3043; x_wconf 82' lang='lat' dir='ltr'><strong>nomen</strong></span> 
     </span>
     <span class='ocr_line' id='line_1_83' title="bbox 1725 3063 2823 3128; baseline -0.004 -12"><span class='ocrx_word' id='word_1_453' title='bbox 1725 3065 2036 3128; x_wconf 54' lang='lat' dir='ltr'><strong>(Se-pann,</strong></span> <span class='ocrx_word' id='word_1_454' title='bbox 2096 3066 2133 3114; x_wconf 89' lang='lat' dir='ltr'><strong>i.</strong></span> <span class='ocrx_word' id='word_1_455' title='bbox 2187 3081 2233 3115; x_wconf 89' lang='lat' dir='ltr'><strong>e.</strong></span> <span class='ocrx_word' id='word_1_456' title='bbox 2275 3065 2419 3114; x_wconf 89' lang='lat' dir='ltr'><strong>filius</strong></span> <span class='ocrx_word' id='word_1_457' title='bbox 2456 3063 2676 3126; x_wconf 84' lang='lat' dir='ltr'><strong>Pthahi)</strong></span> <span class='ocrx_word' id='word_1_458' title='bbox 2727 3063 2823 3112; x_wconf 89' lang='lat' dir='ltr'><strong>de-</strong></span> 
     </span>
     <span class='ocr_line' id='line_1_84' title="bbox 1727 3132 2823 3199; baseline 0 -17"><span class='ocrx_word' id='word_1_459' title='bbox 1727 3133 1899 3183; x_wconf 85' lang='lat' dir='ltr'><strong>claret</strong></span> <span class='ocrx_word' id='word_1_460' title='bbox 1940 3135 2163 3199; x_wconf 86' lang='lat' dir='ltr'><strong>stirpem</strong></span> <span class='ocrx_word' id='word_1_461' title='bbox 2202 3132 2606 3198; x_wconf 86' lang='lat' dir='ltr'><strong>Memphiticam</strong></span> <span class='ocrx_word' id='word_1_462' title='bbox 2642 3149 2823 3197; x_wconf 87' lang='lat' dir='ltr'><strong>neque</strong></span> 
     </span>
     <span class='ocr_line' id='line_1_85' title="bbox 1727 3202 2822 3267; baseline -0.003 -13"><span class='ocrx_word' id='word_1_463' title='bbox 1727 3203 2124 3267; x_wconf 87' lang='lat' dir='ltr'><strong>Aethiopicam.</strong></span> <span class='ocrx_word' id='word_1_464' title='bbox 2198 3203 2305 3253; x_wconf 78' lang='lat' dir='ltr'><strong>Alii</strong></span> <span class='ocrx_word' id='word_1_465' title='bbox 2349 3204 2451 3252; x_wconf 82' lang='lat' dir='ltr'><strong>viri</strong></span> <span class='ocrx_word' id='word_1_466' title='bbox 2489 3202 2635 3252; x_wconf 89' lang='lat' dir='ltr'><strong>docti</strong></span> <span class='ocrx_word' id='word_1_467' title='bbox 2674 3207 2822 3251; x_wconf 88' lang='lat' dir='ltr'><strong>retu·</strong></span> 
     </span>
     <span class='ocr_line' id='line_1_86' title="bbox 1726 3271 2823 3338; baseline -0.003 -15"><span class='ocrx_word' id='word_1_468' title='bbox 1726 3274 1906 3323; x_wconf 78' lang='lat' dir='ltr'><strong>lerunt</strong></span> <span class='ocrx_word' id='word_1_469' title='bbox 1930 3272 2001 3322; x_wconf 89' lang='lat' dir='ltr'><strong>ad</strong></span> <span class='ocrx_word' id='word_1_470' title='bbox 2027 3289 2146 3323; x_wconf 90' lang='lat' dir='ltr'><strong>eum</strong></span> <span class='ocrx_word' id='word_1_471' title='bbox 2175 3288 2375 3338; x_wconf 87' lang='lat' dir='ltr'><strong>regem,</strong></span> <span class='ocrx_word' id='word_1_472' title='bbox 2415 3273 2508 3336; x_wconf 90' lang='lat' dir='ltr'><strong>qui</strong></span> <span class='ocrx_word' id='word_1_473' title='bbox 2532 3271 2677 3335; x_wconf 89' lang='lat' dir='ltr'><strong>apud</strong></span> <span class='ocrx_word' id='word_1_474' title='bbox 2702 3272 2823 3320; x_wconf 83' lang='lat' dir='ltr'><strong>Ma·</strong></span> 
     </span>
     <span class='ocr_line' id='line_1_87' title="bbox 1726 3341 2823 3405; baseline -0.001 -14"><span class='ocrx_word' id='word_1_475' title='bbox 1726 3343 2015 3391; x_wconf 77' lang='lat' dir='ltr'><strong>nothonem</strong></span> <span class='ocrx_word' id='word_1_476' title='bbox 2055 3342 2278 3392; x_wconf 88' lang='lat' dir='ltr'><strong>ultimus</strong></span> <span class='ocrx_word' id='word_1_477' title='bbox 2319 3342 2491 3391; x_wconf 81' lang='lat' dir='ltr'><strong>fertur</strong></span> <span class='ocrx_word' id='word_1_478' title='bbox 2528 3341 2823 3405; x_wconf 80' lang='lat' dir='ltr'><strong>dynastiae</strong></span> 
     </span>
     <span class='ocr_line' id='line_1_88' title="bbox 1727 3401 2814 3471; baseline -0.004 -11"><span class='ocrx_word' id='word_1_479' title='bbox 1727 3411 2019 3461; x_wconf 82' lang='lat' dir='ltr'><strong>vicesimae</strong></span> <span class='ocrx_word' id='word_1_480' title='bbox 2045 3413 2242 3461; x_wconf 88' lang='lat' dir='ltr'><strong>tertiae</strong></span> <span class='ocrx_word' id='word_1_481' title='bbox 2276 3427 2388 3470; x_wconf 86' lang='lat' dir='ltr'><strong>rex,</strong></span> <span class='ocrx_word' id='word_1_482' title='bbox 2425 3411 2642 3460; x_wconf 87' lang='lat' dir='ltr'><strong>nomine</strong></span> <span class='ocrx_word' id='word_1_483' title='bbox 2670 3401 2814 3471; x_wconf 83' lang='grc' dir='ltr'><em>Σὴτ,</em></span> 
     </span>
     <span class='ocr_line' id='line_1_89' title="bbox 1726 3480 2822 3545; baseline -0.003 -16"><span class='ocrx_word' id='word_1_484' title='bbox 1726 3480 2121 3545; x_wconf 78' lang='lat' dir='ltr'><strong>imperiumque</strong></span> <span class='ocrx_word' id='word_1_485' title='bbox 2166 3496 2263 3545; x_wconf 87' lang='lat' dir='ltr'><strong>per</strong></span> <span class='ocrx_word' id='word_1_486' title='bbox 2305 3480 2489 3530; x_wconf 81' lang='lat' dir='ltr'>XXXI</span> <span class='ocrx_word' id='word_1_487' title='bbox 2524 3494 2695 3529; x_wconf 87' lang='lat' dir='ltr'><strong>annos</strong></span> <span class='ocrx_word' id='word_1_488' title='bbox 2742 3484 2822 3526; x_wconf 84' lang='lat' dir='ltr'><strong>te-</strong></span> 
     </span>
     <span class='ocr_line' id='line_1_90' title="bbox 1726 3548 2823 3614; baseline -0.001 -16"><span class='ocrx_word' id='word_1_489' title='bbox 1726 3551 1914 3598; x_wconf 85' lang='lat' dir='ltr'><strong>nuisse</strong></span> <span class='ocrx_word' id='word_1_490' title='bbox 1930 3549 2131 3600; x_wconf 74' lang='lat' dir='ltr'><strong>dicitur</strong></span> <span class='ocrx_word' id='word_1_491' title='bbox 2142 3549 2281 3614; x_wconf 79' lang='lat' dir='ltr'><strong>(vid.</strong></span> <span class='ocrx_word' id='word_1_492' title='bbox 2298 3548 2534 3613; x_wconf 82' lang='lat' dir='ltr'><strong>Syncell.</strong></span> <span class='ocrx_word' id='word_1_493' title='bbox 2549 3565 2603 3612; x_wconf 94' lang='lat' dir='ltr'><strong>p.</strong></span> <span class='ocrx_word' id='word_1_494' title='bbox 2617 3550 2681 3596; x_wconf 83' lang='grc'><strong>74</strong></span> <span class='ocrx_word' id='word_1_495' title='bbox 2701 3548 2823 3597; x_wconf 82' lang='lat' dir='ltr'><strong>sive</strong></span> 
     </span>
    </p>
   </div>
   <div class='ocr_carea' id='block_1_11' title="bbox 1664 3617 2822 3684">
    <p class='ocr_par' dir='ltr' id='par_1_12' title="bbox 1664 3617 2822 3684">
     <span class='ocr_line' id='line_1_91' title="bbox 1664 3617 2822 3684; baseline -0.002 -16"><span class='ocrx_word' id='word_1_496' title='bbox 1664 3625 1674 3633; x_wconf 74' lang='lat'><strong>⁴</strong></span> <span class='ocrx_word' id='word_1_497' title='bbox 1726 3635 1778 3684; x_wconf 91' lang='lat' dir='ltr'><strong>p.</strong></span> <span class='ocrx_word' id='word_1_498' title='bbox 1810 3617 1907 3668; x_wconf 86' lang='lat'><strong>138</strong></span> <span class='ocrx_word' id='word_1_499' title='bbox 1927 3619 2013 3669; x_wconf 87' lang='lat' dir='ltr'><strong>ed.</strong></span> <span class='ocrx_word' id='word_1_500' title='bbox 2042 3620 2265 3680; x_wconf 90' lang='lat' dir='ltr'><strong>Bonn.).</strong></span> <span class='ocrx_word' id='word_1_501' title='bbox 2302 3619 2387 3668; x_wconf 85' lang='lat' dir='ltr'><strong>Cf.</strong></span> <span class='ocrx_word' id='word_1_502' title='bbox 2409 3618 2601 3682; x_wconf 79' lang='lat' dir='ltr'><strong>Hitzig·</strong></span> <span class='ocrx_word' id='word_1_503' title='bbox 2636 3617 2707 3666; x_wconf 83' lang='lat' dir='ltr'><strong>ad</strong></span> <span class='ocrx_word' id='word_1_504' title='bbox 2735 3617 2822 3666; x_wconf 88' lang='lat' dir='ltr'><strong>Ie-</strong></span> 
     </span>
    </p>
   </div>
   <div class='ocr_carea' id='block_1_12' title="bbox 1724 3686 2827 4445">
    <p class='ocr_par' dir='ltr' id='par_1_13' title="bbox 1724 3686 2827 4445">
     <span class='ocr_line' id='line_1_92' title="bbox 1726 3686 2819 3751; baseline -0.002 -15"><span class='ocrx_word' id='word_1_505' title='bbox 1726 3687 1896 3740; x_wconf 87' lang='lat' dir='ltr'><strong>saiam</strong></span> <span class='ocrx_word' id='word_1_506' title='bbox 1936 3704 1990 3751; x_wconf 86' lang='lat' dir='ltr'><strong>p.</strong></span> <span class='ocrx_word' id='word_1_507' title='bbox 2030 3690 2152 3750; x_wconf 77' lang='lat'><strong>221,</strong></span> <span class='ocrx_word' id='word_1_508' title='bbox 2193 3687 2455 3739; x_wconf 86' lang='lat' dir='ltr'><strong>Gesenius</strong></span> <span class='ocrx_word' id='word_1_509' title='bbox 2490 3686 2638 3736; x_wconf 75' lang='lat' dir='ltr'><strong>Hau.</strong></span> <span class='ocrx_word' id='word_1_510' title='bbox 2678 3686 2819 3735; x_wconf 89' lang='lat' dir='ltr'><strong>Litt.</strong></span> 
     </span>
     <span class='ocr_line' id='line_1_93' title="bbox 1725 3756 2823 3820; baseline -0.002 -14"><span class='ocrx_word' id='word_1_511' title='bbox 1725 3758 1864 3806; x_wconf 88' lang='lat' dir='ltr'><strong>Zeit.</strong></span> <span class='ocrx_word' id='word_1_512' title='bbox 1893 3758 2049 3810; x_wconf 76' lang='lat'><strong>1841.</strong></span> <span class='ocrx_word' id='word_1_513' title='bbox 2087 3772 2167 3805; x_wconf 88' lang='lat' dir='ltr'><strong>nr.</strong></span> <span class='ocrx_word' id='word_1_514' title='bbox 2204 3758 2320 3807; x_wconf 74' lang='lat'><strong>145.</strong></span> <span class='ocrx_word' id='word_1_515' title='bbox 2353 3773 2405 3820; x_wconf 90' lang='lat' dir='ltr'><strong>p.</strong></span> <span class='ocrx_word' id='word_1_516' title='bbox 2430 3756 2559 3815; x_wconf 64' lang='lat'><strong>560,</strong></span> <span class='ocrx_word' id='word_1_517' title='bbox 2601 3757 2823 3804; x_wconf 82' lang='lat' dir='ltr'><strong>Buusen</strong></span> 
     </span>
     <span class='ocr_line' id='line_1_94' title="bbox 1724 3825 2827 3890; baseline 0 -16"><span class='ocrx_word' id='word_1_518' title='bbox 1724 3826 1762 3875; x_wconf 92' lang='lat' dir='ltr'><strong>l.</strong></span> <span class='ocrx_word' id='word_1_519' title='bbox 1790 3825 1826 3874; x_wconf 92' lang='lat' dir='ltr'><strong>l.</strong></span> <span class='ocrx_word' id='word_1_520' title='bbox 1852 3825 1962 3875; x_wconf 89' lang='grc' dir='ltr'><strong>ΠΙ.</strong></span> <span class='ocrx_word' id='word_1_521' title='bbox 1988 3843 2040 3890; x_wconf 92' lang='lat' dir='ltr'><strong>p.</strong></span> <span class='ocrx_word' id='word_1_522' title='bbox 2069 3825 2184 3878; x_wconf 77' lang='lat'><strong>136.</strong></span> <span class='ocrx_word' id='word_1_523' title='bbox 2234 3827 2317 3874; x_wconf 86' lang='lat' dir='ltr'><strong>De</strong></span> <span class='ocrx_word' id='word_1_524' title='bbox 2350 3841 2453 3889; x_wconf 91' lang='lat' dir='ltr'><strong>quo</strong></span> <span class='ocrx_word' id='word_1_525' title='bbox 2488 3829 2668 3873; x_wconf 86' lang='lat' dir='ltr'><strong>tamen</strong></span> <span class='ocrx_word' id='word_1_526' title='bbox 2701 3825 2827 3874; x_wconf 72' lang='lat' dir='ltr'><strong>iuno</strong></span> 
     </span>
     <span class='ocr_line' id='line_1_95' title="bbox 1726 3891 2820 3945; baseline 0 -2"><span class='ocrx_word' id='word_1_527' title='bbox 1726 3895 1855 3944; x_wconf 86' lang='lat' dir='ltr'><strong>mihi</strong></span> <span class='ocrx_word' id='word_1_528' title='bbox 1897 3895 2149 3945; x_wconf 85' lang='lat' dir='ltr'><strong>dubitare</strong></span> <span class='ocrx_word' id='word_1_529' title='bbox 2184 3894 2400 3943; x_wconf 80' lang='lat' dir='ltr'><strong>videtur</strong></span> <span class='ocrx_word' id='word_1_530' title='bbox 2433 3891 2739 3942; x_wconf 88' lang='lat' dir='ltr'><strong>Boeckh.l.</strong></span> <span class='ocrx_word' id='word_1_531' title='bbox 2781 3893 2820 3943; x_wconf 90' lang='grc'><strong>1.</strong></span> 
     </span>
     <span class='ocr_line' id='line_1_96' title="bbox 1726 3961 2826 4028; baseline -0.002 -14"><span class='ocrx_word' id='word_1_532' title='bbox 1726 3979 1852 4028; x_wconf 79' lang='lat' dir='ltr'><strong>pag.</strong></span> <span class='ocrx_word' id='word_1_533' title='bbox 1885 3965 2006 4014; x_wconf 84' lang='lat'><strong>708.</strong></span> <span class='ocrx_word' id='word_1_534' title='bbox 2068 3963 2334 4028; x_wconf 85' lang='lat' dir='ltr'><strong>Equidem</strong></span> <span class='ocrx_word' id='word_1_535' title='bbox 2371 3963 2513 4011; x_wconf 86' lang='lat' dir='ltr'><strong>hunc</strong></span> <span class='ocrx_word' id='word_1_536' title='bbox 2550 3961 2826 4012; x_wconf 83' lang='lat' dir='ltr'><strong>Herodoti</strong></span> 
     </span>
     <span class='ocr_line' id='line_1_97' title="bbox 1730 4031 2823 4084; baseline -0.001 -2"><span class='ocrx_word' id='word_1_537' title='bbox 1730 4033 2021 4084; x_wconf 85' lang='lat' dir='ltr'><strong>Sethonem</strong></span> <span class='ocrx_word' id='word_1_538' title='bbox 2073 4035 2166 4082; x_wconf 80' lang='lat' dir='ltr'><strong>vix</strong></span> <span class='ocrx_word' id='word_1_539' title='bbox 2214 4032 2377 4082; x_wconf 82' lang='lat' dir='ltr'><strong>alium</strong></span> <span class='ocrx_word' id='word_1_540' title='bbox 2439 4047 2556 4080; x_wconf 85' lang='lat' dir='ltr'><strong>esse</strong></span> <span class='ocrx_word' id='word_1_541' title='bbox 2603 4031 2823 4081; x_wconf 85' lang='lat' dir='ltr'><strong>credam</strong></span> 
     </span>
     <span class='ocr_line' id='line_1_98' title="bbox 1729 4100 2825 4167; baseline -0.001 -16"><span class='ocrx_word' id='word_1_542' title='bbox 1729 4107 1895 4167; x_wconf 83' lang='lat' dir='ltr'><strong>atque</strong></span> <span class='ocrx_word' id='word_1_543' title='bbox 1933 4117 2085 4164; x_wconf 81' lang='lat' dir='ltr'><strong>eum,</strong></span> <span class='ocrx_word' id='word_1_544' title='bbox 2126 4104 2217 4167; x_wconf 89' lang='lat' dir='ltr'><strong>qui</strong></span> <span class='ocrx_word' id='word_1_545' title='bbox 2255 4101 2395 4166; x_wconf 85' lang='lat' dir='ltr'><strong>apud</strong></span> <span class='ocrx_word' id='word_1_546' title='bbox 2434 4100 2825 4150; x_wconf 84' lang='lat' dir='ltr'><strong>Manethonem</strong></span> 
     </span>
     <span class='ocr_line' id='line_1_99' title="bbox 1729 4166 2825 4236; baseline -0.002 -15"><span class='ocrx_word' id='word_1_547' title='bbox 1729 4171 1866 4234; x_wconf 80' lang='lat' dir='ltr'><strong>(vid.</strong></span> <span class='ocrx_word' id='word_1_548' title='bbox 1905 4185 2068 4236; x_wconf 82' lang='lat' dir='ltr'><strong>supra</strong></span> <span class='ocrx_word' id='word_1_549' title='bbox 2103 4171 2174 4220; x_wconf 86' lang='lat' dir='ltr'><strong>ad</strong></span> <span class='ocrx_word' id='word_1_550' title='bbox 2204 4172 2278 4234; x_wconf 91' lang='lat' dir='ltr'><strong>II,</strong></span> <span class='ocrx_word' id='word_1_551' title='bbox 2317 4170 2414 4221; x_wconf 76' lang='lat'><strong>137</strong></span> <span class='ocrx_word' id='word_1_552' title='bbox 2451 4166 2623 4231; x_wconf 87' lang='lat' dir='ltr'><strong>nott.)</strong></span> <span class='ocrx_word' id='word_1_553' title='bbox 2659 4185 2825 4219; x_wconf 82' lang='lat' dir='ltr'><strong>voca-</strong></span> 
     </span>
     <span class='ocr_line' id='line_1_100' title="bbox 1729 4234 2825 4304; baseline -0.005 -13"><span class='ocrx_word' id='word_1_554' title='bbox 1729 4247 1818 4291; x_wconf 89' lang='lat' dir='ltr'><strong>tur</strong></span> <span class='ocrx_word' id='word_1_555' title='bbox 1846 4234 2124 4304; x_wconf 78' lang='grc' dir='ltr'><strong>Ταρακὸς,</strong></span> <span class='ocrx_word' id='word_1_556' title='bbox 2154 4241 2350 4290; x_wconf 88' lang='lat' dir='ltr'><strong>tertius</strong></span> <span class='ocrx_word' id='word_1_557' title='bbox 2373 4238 2697 4302; x_wconf 85' lang='lat' dir='ltr'><strong>Aethiopum</strong></span> <span class='ocrx_word' id='word_1_558' title='bbox 2725 4239 2825 4302; x_wconf 81' lang='lat' dir='ltr'><strong>dy-</strong></span> 
     </span>
     <span class='ocr_line' id='line_1_101' title="bbox 1731 4307 2825 4373; baseline -0.002 -13"><span class='ocrx_word' id='word_1_559' title='bbox 1731 4310 1947 4360; x_wconf 84' lang='lat' dir='ltr'><strong>nastiae</strong></span> <span class='ocrx_word' id='word_1_560' title='bbox 2005 4325 2099 4359; x_wconf 85' lang='lat' dir='ltr'><strong>rex</strong></span> <span class='ocrx_word' id='word_1_561' title='bbox 2120 4347 2133 4372; x_wconf 91' lang='lat'><strong>,</strong></span> <span class='ocrx_word' id='word_1_562' title='bbox 2207 4309 2299 4373; x_wconf 90' lang='lat' dir='ltr'><strong>qui</strong></span> <span class='ocrx_word' id='word_1_563' title='bbox 2357 4307 2544 4358; x_wconf 88' lang='lat' dir='ltr'><strong>eodem</strong></span> <span class='ocrx_word' id='word_1_564' title='bbox 2603 4308 2825 4358; x_wconf 90' lang='lat' dir='ltr'><strong>nomine</strong></span> 
     </span>
     <span class='ocr_line' id='line_1_102' title="bbox 1734 4376 2824 4445; baseline -0.004 -15"><span class='ocrx_word' id='word_1_565' title='bbox 1734 4379 1908 4445; x_wconf 73' lang='lat' dir='ltr'><strong>(Thr-lc</strong></span> <span class='ocrx_word' id='word_1_566' title='bbox 1932 4380 1966 4432; x_wconf 83' lang='lat' dir='ltr'><strong>i.</strong></span> <span class='ocrx_word' id='word_1_567' title='bbox 1987 4395 2034 4430; x_wconf 90' lang='lat' dir='ltr'><strong>e.</strong></span> <span class='ocrx_word' id='word_1_568' title='bbox 2064 4378 2290 4437; x_wconf 74' lang='lat' dir='ltr'><strong>Tolerak)</strong></span> <span class='ocrx_word' id='word_1_569' title='bbox 2315 4378 2369 4426; x_wconf 88' lang='lat' dir='ltr'><strong>in</strong></span> <span class='ocrx_word' id='word_1_570' title='bbox 2394 4377 2528 4442; x_wconf 83' lang='lat' dir='ltr'><strong>ipsis</strong></span> <span class='ocrx_word' id='word_1_571' title='bbox 2541 4376 2824 4426; x_wconf 84' lang='lat' dir='ltr'><strong>Thebanis</strong></span> 
     </span>
    </p>
   </div>
  </div>
 </body>
</html>
