<?xml version="1.0" encoding="UTF-8"?>
<!DOCTYPE html PUBLIC "-//W3C//DTD XHTML 1.0 Transitional//EN"
    "http://www.w3.org/TR/xhtml1/DTD/xhtml1-transitional.dtd">
<html xmlns="http://www.w3.org/1999/xhtml" xml:lang="en" lang="en">
 <head>
  <title>
</title>
<meta http-equiv="Content-Type" content="text/html;charset=utf-8" />
  <meta name='ocr-system' content='tesseract 3.04.00' />
  <meta name='ocr-capabilities' content='ocr_page ocr_carea ocr_par ocr_line ocrx_word'/>
</head>
<body>
  <div class='ocr_page' id='page_1' title='image "./herodotihalicar02unkngoog_0706.png"; bbox 0 0 3109 5092; ppageno 0'>
   <div class='ocr_carea' id='block_1_1' title="bbox 470 267 596 330">
    <p class='ocr_par' dir='ltr' id='par_1_1' title="bbox 470 267 596 330">
     <span class='ocr_line' id='line_1_1' title="bbox 470 267 596 330; baseline 0.016 -2"><span class='ocrx_word' id='word_1_1' title='bbox 470 267 596 330; x_wconf 84' lang='lat'><strong>686</strong></span> 
     </span>
    </p>
   </div>
   <div class='ocr_carea' id='block_1_2' title="bbox 1344 268 1881 330">
    <p class='ocr_par' dir='ltr' id='par_1_2' title="bbox 1344 268 1881 330">
     <span class='ocr_line' id='line_1_2' title="bbox 1344 268 1881 330; baseline -0.002 -1"><span class='ocrx_word' id='word_1_2' title='bbox 1344 268 1881 330; x_wconf 78' lang='lat' dir='ltr'><strong>HERODOTI</strong></span> 
     </span>
    </p>
   </div>
   <div class='ocr_carea' id='block_1_3' title="bbox 470 434 2761 1054">
    <p class='ocr_par' dir='ltr' id='par_1_3' title="bbox 470 434 2761 1054">
     <span class='ocr_line' id='line_1_3' title="bbox 471 434 2755 531; baseline 0 -20"><span class='ocrx_word' id='word_1_3' title='bbox 471 444 582 511; x_wconf 82' lang='grc' dir='ltr'><strong>καὶ</strong></span> <span class='ocrx_word' id='word_1_4' title='bbox 628 438 754 510; x_wconf 80' lang='grc' dir='ltr'><strong><em>οὐκ</em></strong></span> <span class='ocrx_word' id='word_1_5' title='bbox 794 437 881 511; x_wconf 75' lang='grc' dir='ltr'><strong>ἂν</strong></span> <span class='ocrx_word' id='word_1_6' title='bbox 926 449 1206 524; x_wconf 77' lang='grc' dir='ltr'><strong><em>δικαίως</em></strong></span> <span class='ocrx_word' id='word_1_7' title='bbox 1232 439 1424 513; x_wconf 80' lang='grc' dir='ltr'><strong><em>αὐτοὶ</em></strong></span> <span class='ocrx_word' id='word_1_8' title='bbox 1453 449 1648 522; x_wconf 77' lang='grc' dir='ltr'><strong><em>δίκας</em></strong></span> <span class='ocrx_word' id='word_1_9' title='bbox 1672 436 1988 529; x_wconf 76' lang='grc' dir='ltr'><strong><em>ὑπέχειν,</em></strong></span> <span class='ocrx_word' id='word_1_10' title='bbox 2032 434 2076 508; x_wconf 77' lang='grc' dir='ltr'><em>ἃ</em></span> <span class='ocrx_word' id='word_1_11' title='bbox 2104 440 2427 529; x_wconf 75' lang='grc' dir='ltr'><strong><em>Πρωτεὺς</em></strong></span> <span class='ocrx_word' id='word_1_12' title='bbox 2466 438 2504 511; x_wconf 82' lang='grc' dir='ltr'>ὁ</span> <span class='ocrx_word' id='word_1_13' title='bbox 2534 442 2755 531; x_wconf 77' lang='grc' dir='ltr'><strong>Λίγύ·</strong></span> 
     </span>
     <span class='ocr_line' id='line_1_4' title="bbox 473 543 2761 635; baseline 0.001 -20"><span class='ocrx_word' id='word_1_14' title='bbox 473 573 661 626; x_wconf 88' lang='grc' dir='ltr'><strong><em>πτιος</em></strong></span> <span class='ocrx_word' id='word_1_15' title='bbox 701 544 1021 634; x_wconf 72' lang='grc' dir='ltr'><strong><em>βασιλεὺς</em></strong></span> <span class='ocrx_word' id='word_1_16' title='bbox 1061 553 1216 635; x_wconf 82' lang='grc' dir='ltr'><strong><em>ἔχει.</em></strong></span> <span class='ocrx_word' id='word_1_17' title='bbox 1295 552 1363 615; x_wconf 79' lang='grc' dir='ltr'><strong><em>οἰ</em></strong></span> <span class='ocrx_word' id='word_1_18' title='bbox 1410 546 1485 615; x_wconf 75' lang='grc' dir='ltr'><strong>δὲ</strong></span> <span class='ocrx_word' id='word_1_19' title='bbox 1507 543 1827 634; x_wconf 84' lang='grc' dir='ltr'><strong><em>Ἕλληνες</em></strong></span> <span class='ocrx_word' id='word_1_20' title='bbox 1860 549 2361 630; x_wconf 79' lang='grc' dir='ltr'><strong><em>καταγελᾶσθαι</em></strong></span> <span class='ocrx_word' id='word_1_21' title='bbox 2407 550 2761 628; x_wconf 76' lang='grc' dir='ltr'><strong><em>δοκέοντες</em></strong></span> 
     </span>
     <span class='ocr_line' id='line_1_5' title="bbox 470 644 2758 740; baseline 0 -21"><span class='ocrx_word' id='word_1_22' title='bbox 470 645 595 719; x_wconf 79' lang='grc' dir='ltr'><strong><em>ὑπ’</em></strong></span> <span class='ocrx_word' id='word_1_23' title='bbox 628 647 892 735; x_wconf 74' lang='grc' dir='ltr'><strong><em>αὐτῶν,</em></strong></span> <span class='ocrx_word' id='word_1_24' title='bbox 936 647 1114 720; x_wconf 78' lang='grc' dir='ltr'><strong><em>οὕτω</em></strong></span> <span class='ocrx_word' id='word_1_25' title='bbox 1153 649 1237 740; x_wconf 82' lang='grc' dir='ltr'><strong>δὴ</strong></span> <span class='ocrx_word' id='word_1_26' title='bbox 1276 648 1750 738; x_wconf 77' lang='grc' dir='ltr'><strong><em>ἐπολιόρκεον,</em></strong></span> <span class='ocrx_word' id='word_1_27' title='bbox 1799 651 1865 728; x_wconf 84' lang='grc' dir='ltr'><strong>ἐς</strong></span> <span class='ocrx_word' id='word_1_28' title='bbox 1892 644 1932 717; x_wconf 80' lang='grc' dir='ltr'><em>ὃ</em></span> <span class='ocrx_word' id='word_1_29' title='bbox 1959 651 2235 729; x_wconf 78' lang='grc' dir='ltr'><strong>ἐξεῖλον.</strong></span> <span class='ocrx_word' id='word_1_30' title='bbox 2317 651 2545 720; x_wconf 79' lang='grc' dir='ltr'><em>ἑλοῦσι</em></span> <span class='ocrx_word' id='word_1_31' title='bbox 2574 652 2649 720; x_wconf 73' lang='grc' dir='ltr'><strong>δὲ</strong></span> <span class='ocrx_word' id='word_1_32' title='bbox 2678 649 2758 719; x_wconf 78' lang='grc' dir='ltr'><strong>τὸ</strong></span> 
     </span>
     <span class='ocr_line' id='line_1_6' title="bbox 470 748 2753 847; baseline 0.002 -26"><span class='ocrx_word' id='word_1_33' title='bbox 470 769 687 841; x_wconf 82' lang='grc' dir='ltr'><strong><em>τεῖχος</em></strong></span> <span class='ocrx_word' id='word_1_34' title='bbox 715 748 803 834; x_wconf 74' lang='grc' dir='ltr'><strong>ὣς</strong></span> <span class='ocrx_word' id='word_1_35' title='bbox 828 751 954 822; x_wconf 83' lang='grc' dir='ltr'><strong><em>οὐκ</em></strong></span> <span class='ocrx_word' id='word_1_36' title='bbox 983 756 1298 841; x_wconf 83' lang='grc' dir='ltr'><strong><em>ἐφαίνετο</em></strong></span> <span class='ocrx_word' id='word_1_37' title='bbox 1325 749 1365 843; x_wconf 84' lang='grc' dir='ltr'>ἡ</span> <span class='ocrx_word' id='word_1_38' title='bbox 1389 749 1642 841; x_wconf 78' lang='grc' dir='ltr'><strong><em>Ἐλένη,</em></strong></span> <span class='ocrx_word' id='word_1_39' title='bbox 1671 749 1841 821; x_wconf 79' lang='grc' dir='ltr'><strong><em>ἀλλὰ</em></strong></span> <span class='ocrx_word' id='word_1_40' title='bbox 1859 749 1980 821; x_wconf 83' lang='grc' dir='ltr'><strong>τὸν</strong></span> <span class='ocrx_word' id='word_1_41' title='bbox 1998 748 2211 820; x_wconf 83' lang='grc' dir='ltr'><strong><em>αὐτὸν</em></strong></span> <span class='ocrx_word' id='word_1_42' title='bbox 2238 750 2443 839; x_wconf 80' lang='grc' dir='ltr'><strong><em>λόγον</em></strong></span> <span class='ocrx_word' id='word_1_43' title='bbox 2461 760 2556 847; x_wconf 75' lang='grc' dir='ltr'><strong>τῷ</strong></span> <span class='ocrx_word' id='word_1_44' title='bbox 2585 781 2753 842; x_wconf 78' lang='grc' dir='ltr'><strong><em>προ-</em></strong></span> 
     </span>
     <span class='ocr_line' id='line_1_7' title="bbox 473 854 2753 950; baseline 0.001 -24"><span class='ocrx_word' id='word_1_45' title='bbox 473 860 642 950; x_wconf 70' lang='grc' dir='ltr'><strong><em>τέρᾳ)</em></strong></span> <span class='ocrx_word' id='word_1_46' title='bbox 685 858 1190 939; x_wconf 76' lang='grc' dir='ltr'><strong><em>ἐπυνθάνοντο,</em></strong></span> <span class='ocrx_word' id='word_1_47' title='bbox 1232 854 1409 927; x_wconf 77' lang='grc' dir='ltr'><strong><em>οὕτω</em></strong></span> <span class='ocrx_word' id='word_1_48' title='bbox 1447 854 1532 946; x_wconf 77' lang='grc' dir='ltr'><strong>δὴ</strong></span> <span class='ocrx_word' id='word_1_49' title='bbox 1572 854 2051 935; x_wconf 80' lang='grc' dir='ltr'><strong><em>πιστεύσαντες</em></strong></span> <span class='ocrx_word' id='word_1_50' title='bbox 2092 860 2186 947; x_wconf 75' lang='grc' dir='ltr'><strong>τῷ</strong></span> <span class='ocrx_word' id='word_1_51' title='bbox 2230 854 2411 950; x_wconf 69' lang='grc' dir='ltr'><strong>λόγῳ</strong></span> <span class='ocrx_word' id='word_1_52' title='bbox 2440 863 2537 950; x_wconf 75' lang='grc' dir='ltr'><strong>τῷ</strong></span> <span class='ocrx_word' id='word_1_53' title='bbox 2565 858 2753 947; x_wconf 74' lang='grc' dir='ltr'><strong><em>πρώ-</em></strong></span> 
     </span>
     <span class='ocr_line' id='line_1_8' title="bbox 474 955 2755 1054; baseline 0 -25"><span class='ocrx_word' id='word_1_54' title='bbox 474 989 568 1054; x_wconf 73' lang='grc' dir='ltr'><strong>τῳ</strong></span> <span class='ocrx_word' id='word_1_55' title='bbox 606 965 674 1029; x_wconf 80' lang='grc' dir='ltr'><strong><em>οἰ</em></strong></span> <span class='ocrx_word' id='word_1_56' title='bbox 706 957 1026 1049; x_wconf 65' lang='grc' dir='ltr'><strong><em>’Έλληνες</em></strong></span> <span class='ocrx_word' id='word_1_57' title='bbox 1073 958 1284 1031; x_wconf 83' lang='grc' dir='ltr'><strong><em>αὐτὸν</em></strong></span> <span class='ocrx_word' id='word_1_58' title='bbox 1313 964 1683 1029; x_wconf 81' lang='grc' dir='ltr'><strong><em>Μενέλεων</em></strong></span> <span class='ocrx_word' id='word_1_59' title='bbox 1711 955 2197 1028; x_wconf 79' lang='grc' dir='ltr'><strong><em>ἀποστέλλουσι</em></strong></span> <span class='ocrx_word' id='word_1_60' title='bbox 2238 957 2421 1049; x_wconf 78' lang='grc' dir='ltr'><strong><em>παρὰ</em></strong></span> <span class='ocrx_word' id='word_1_61' title='bbox 2448 965 2755 1049; x_wconf 77' lang='grc' dir='ltr'><strong><em>Πρωτέα.</em></strong></span> 
     </span>
    </p>
   </div>
   <div class='ocr_carea' id='block_1_4' title="bbox 345 1060 2759 1153">
    <p class='ocr_par' dir='ltr' id='par_1_4' title="bbox 345 1060 2759 1153">
     <span class='ocr_line' id='line_1_9' title="bbox 345 1060 2759 1153; baseline 0.002 -22"><span class='ocrx_word' id='word_1_62' title='bbox 345 1062 903 1153; x_wconf 83' lang='grc' dir='ltr'><strong><em>119Ἀπικόμενος</em></strong></span> <span class='ocrx_word' id='word_1_63' title='bbox 951 1065 1026 1134; x_wconf 77' lang='grc' dir='ltr'><strong>δὲ</strong></span> <span class='ocrx_word' id='word_1_64' title='bbox 1069 1060 1106 1135; x_wconf 81' lang='grc' dir='ltr'>ὁ</span> <span class='ocrx_word' id='word_1_65' title='bbox 1138 1073 1502 1144; x_wconf 85' lang='grc' dir='ltr'><strong><em>Μενέλεως</em></strong></span> <span class='ocrx_word' id='word_1_66' title='bbox 1539 1066 1608 1143; x_wconf 84' lang='grc' dir='ltr'><strong>ές</strong></span> <span class='ocrx_word' id='word_1_67' title='bbox 1644 1060 1770 1152; x_wconf 86' lang='grc' dir='ltr'><strong>τὴν</strong></span> <span class='ocrx_word' id='word_1_68' title='bbox 1802 1073 2155 1148; x_wconf 71' lang='grc' dir='ltr'><strong><em>Αἴγυπτον</em></strong></span> <span class='ocrx_word' id='word_1_69' title='bbox 2195 1064 2307 1131; x_wconf 83' lang='grc' dir='ltr'><strong>καὶ</strong></span> <span class='ocrx_word' id='word_1_70' title='bbox 2350 1060 2759 1146; x_wconf 72' lang='grc' dir='ltr'><strong><em>ἀναπλώσας</em></strong></span> 
     </span>
    </p>
   </div>
   <div class='ocr_carea' id='block_1_5' title="bbox 477 1164 2757 1362">
    <p class='ocr_par' dir='ltr' id='par_1_5' title="bbox 477 1164 2757 1362">
     <span class='ocr_line' id='line_1_10' title="bbox 477 1164 2754 1257; baseline 0.001 -21"><span class='ocrx_word' id='word_1_71' title='bbox 477 1171 546 1248; x_wconf 80' lang='grc' dir='ltr'><strong>ἐς</strong></span> <span class='ocrx_word' id='word_1_72' title='bbox 575 1165 701 1255; x_wconf 87' lang='grc' dir='ltr'><strong>τὴν</strong></span> <span class='ocrx_word' id='word_1_73' title='bbox 731 1171 1051 1256; x_wconf 78' lang='grc' dir='ltr'><strong><em>Μέμφιν,</em></strong></span> <span class='ocrx_word' id='word_1_74' title='bbox 1090 1178 1282 1249; x_wconf 70' lang='grc' dir='ltr'><strong><em>εἴπας</em></strong></span> <span class='ocrx_word' id='word_1_75' title='bbox 1307 1166 1433 1257; x_wconf 86' lang='grc' dir='ltr'><strong>τὴν</strong></span> <span class='ocrx_word' id='word_1_76' title='bbox 1458 1164 1795 1255; x_wconf 76' lang='grc' dir='ltr'><strong><em>ἀληθείην</em></strong></span> <span class='ocrx_word' id='word_1_77' title='bbox 1824 1171 1964 1234; x_wconf 75' lang='grc' dir='ltr'><strong>τῶν</strong></span> <span class='ocrx_word' id='word_1_78' title='bbox 1990 1164 2437 1256; x_wconf 72' lang='grc' dir='ltr'><strong><em>πρηγμάτων,</em></strong></span> <span class='ocrx_word' id='word_1_79' title='bbox 2480 1171 2593 1238; x_wconf 80' lang='grc' dir='ltr'><strong>καὶ</strong></span> <span class='ocrx_word' id='word_1_80' title='bbox 2620 1174 2754 1252; x_wconf 81' lang='grc' dir='ltr'><strong><em>ξει-</em></strong></span> 
     </span>
     <span class='ocr_line' id='line_1_11' title="bbox 477 1265 2757 1362; baseline 0.002 -24"><span class='ocrx_word' id='word_1_81' title='bbox 477 1277 649 1339; x_wconf 86' lang='grc' dir='ltr'><strong><em>νίων</em></strong></span> <span class='ocrx_word' id='word_1_82' title='bbox 687 1268 932 1358; x_wconf 82' lang='grc' dir='ltr'><strong><em>ἤντησε</em></strong></span> <span class='ocrx_word' id='word_1_83' title='bbox 971 1271 1318 1359; x_wconf 75' lang='grc' dir='ltr'><strong><em>μεγάλων,</em></strong></span> <span class='ocrx_word' id='word_1_84' title='bbox 1381 1272 1492 1339; x_wconf 85' lang='grc' dir='ltr'><strong>καὶ</strong></span> <span class='ocrx_word' id='word_1_85' title='bbox 1532 1266 1810 1358; x_wconf 80' lang='grc' dir='ltr'><strong><em>Ἑλένην</em></strong></span> <span class='ocrx_word' id='word_1_86' title='bbox 1847 1265 2120 1339; x_wconf 78' lang='grc' dir='ltr'><strong><em>ἀπαθέα</em></strong></span> <span class='ocrx_word' id='word_1_87' title='bbox 2168 1275 2398 1339; x_wconf 75' lang='grc' dir='ltr'><strong><em>κακῶν</em></strong></span> <span class='ocrx_word' id='word_1_88' title='bbox 2437 1270 2757 1362; x_wconf 82' lang='grc' dir='ltr'><strong><em>ἀπέλαβε,</em></strong></span> 
     </span>
    </p>
   </div>
   <div class='ocr_carea' id='block_1_6' title="bbox 480 1372 1833 1465">
    <p class='ocr_par' dir='ltr' id='par_1_6' title="bbox 480 1372 1833 1465">
     <span class='ocr_line' id='line_1_12' title="bbox 480 1372 1833 1465; baseline -0.001 -24"><span class='ocrx_word' id='word_1_89' title='bbox 480 1372 646 1461; x_wconf 80' lang='grc' dir='ltr'><strong><em>πρὸς</em></strong></span> <span class='ocrx_word' id='word_1_90' title='bbox 689 1374 906 1442; x_wconf 75' lang='grc' dir='ltr'><strong><em>δὲκαὶ</em></strong></span> <span class='ocrx_word' id='word_1_91' title='bbox 944 1376 1201 1443; x_wconf 82' lang='grc' dir='ltr'><strong><em>ἑωυτοῦ</em></strong></span> <span class='ocrx_word' id='word_1_92' title='bbox 1239 1374 1540 1465; x_wconf 78' lang='grc' dir='ltr'><strong><em>χρήματα</em></strong></span> <span class='ocrx_word' id='word_1_93' title='bbox 1595 1373 1833 1443; x_wconf 80' lang='grc' dir='ltr'><strong><em>πάντα.</em></strong></span> 
     </span>
    </p>
   </div>
   <div class='ocr_carea' id='block_1_7' title="bbox 1946 1371 2759 1461">
    <p class='ocr_par' dir='ltr' id='par_1_7' title="bbox 1946 1371 2759 1461">
     <span class='ocr_line' id='line_1_13' title="bbox 1946 1371 2759 1461; baseline 0.009 -21"><span class='ocrx_word' id='word_1_94' title='bbox 1946 1371 2184 1461; x_wconf 74' lang='grc' dir='ltr'><strong><em>Τυχῶν</em></strong></span> <span class='ocrx_word' id='word_1_95' title='bbox 2225 1376 2452 1461; x_wconf 85' lang='grc' dir='ltr'><strong><em>μέντοι</em></strong></span> <span class='ocrx_word' id='word_1_96' title='bbox 2494 1376 2759 1447; x_wconf 77' lang='grc' dir='ltr'><strong><em>τούτων</em></strong></span> 
     </span>
    </p>
   </div>
   <div class='ocr_carea' id='block_1_8' title="bbox 478 1473 2864 1780">
    <p class='ocr_par' dir='ltr' id='par_1_8' title="bbox 478 1473 2864 1780">
     <span class='ocr_line' id='line_1_14' title="bbox 480 1473 2864 1573; baseline 0.002 -29"><span class='ocrx_word' id='word_1_97' title='bbox 480 1478 747 1562; x_wconf 80' lang='grc' dir='ltr'><strong><em>ἐγένετο</em></strong></span> <span class='ocrx_word' id='word_1_98' title='bbox 786 1480 1147 1558; x_wconf 88' lang='grc' dir='ltr'><strong><em>Μενέλεως</em></strong></span> <span class='ocrx_word' id='word_1_99' title='bbox 1173 1474 1346 1567; x_wconf 79' lang='grc' dir='ltr'><strong><em>ἀνὴρ</em></strong></span> <span class='ocrx_word' id='word_1_100' title='bbox 1373 1475 1608 1558; x_wconf 77' lang='grc' dir='ltr'><strong><em>ἄδικος</em></strong></span> <span class='ocrx_word' id='word_1_101' title='bbox 1635 1480 1703 1557; x_wconf 82' lang='grc' dir='ltr'><strong>ἐς</strong></span> <span class='ocrx_word' id='word_1_102' title='bbox 1734 1482 2170 1562; x_wconf 78' lang='grc' dir='ltr'><strong><em>Αἰγυπτίους.</em></strong></span> <span class='ocrx_word' id='word_1_103' title='bbox 2225 1473 2594 1549; x_wconf 84' lang='grc' dir='ltr'><strong><em>ἀποπλέειν</em></strong></span> <span class='ocrx_word' id='word_1_104' title='bbox 2620 1478 2751 1569; x_wconf 75' lang='grc' dir='ltr'><strong>γὰρ</strong></span> <span class='ocrx_word' id='word_1_105' title='bbox 2858 1568 2864 1573; x_wconf 81' lang='lat'><strong>.</strong></span> 
     </span>
     <span class='ocr_line' id='line_1_15' title="bbox 483 1575 2856 1669; baseline 0.003 -21"><span class='ocrx_word' id='word_1_106' title='bbox 483 1575 881 1669; x_wconf 74' lang='grc' dir='ltr'><strong><em>ὡρμημένον</em></strong></span> <span class='ocrx_word' id='word_1_107' title='bbox 907 1578 1115 1650; x_wconf 81' lang='grc' dir='ltr'><strong><em>αὐτὸν</em></strong></span> <span class='ocrx_word' id='word_1_108' title='bbox 1143 1591 1333 1669; x_wconf 76' lang='grc' dir='ltr'><strong><em>ἴσχον</em></strong></span> <span class='ocrx_word' id='word_1_109' title='bbox 1357 1578 1631 1651; x_wconf 75' lang='grc' dir='ltr'><strong><em>ἄπλοιαι</em></strong></span> <span class='ocrx_word' id='word_1_110' title='bbox 1649 1601 1665 1616; x_wconf 89' lang='grc'><strong><em>·</em></strong></span> <span class='ocrx_word' id='word_1_111' title='bbox 1722 1575 1955 1667; x_wconf 80' lang='grc' dir='ltr'><strong><em>ἐπειδὴ</em></strong></span> <span class='ocrx_word' id='word_1_112' title='bbox 1996 1579 2071 1648; x_wconf 77' lang='grc' dir='ltr'><strong>δὲ</strong></span> <span class='ocrx_word' id='word_1_113' title='bbox 2100 1584 2296 1649; x_wconf 84' lang='grc' dir='ltr'><strong><em>τοῦτο</em></strong></span> <span class='ocrx_word' id='word_1_114' title='bbox 2332 1583 2441 1651; x_wconf 74' lang='grc' dir='ltr'><strong><em>ἐπὶ</em></strong></span> <span class='ocrx_word' id='word_1_115' title='bbox 2471 1581 2727 1652; x_wconf 80' lang='grc' dir='ltr'><strong><em>πολλὰν</em></strong></span> <span class='ocrx_word' id='word_1_116' title='bbox 2743 1600 2856 1656; x_wconf 84' lang='lat'><strong>158</strong></span> 
     </span>
     <span class='ocr_line' id='line_1_16' title="bbox 478 1674 2761 1780; baseline 0.002 -28"><span class='ocrx_word' id='word_1_117' title='bbox 478 1689 744 1753; x_wconf 84' lang='grc' dir='ltr'><strong><em>τοιοῦτο</em></strong></span> <span class='ocrx_word' id='word_1_118' title='bbox 783 1674 870 1773; x_wconf 87' lang='grc' dir='ltr'><strong>ἦν</strong></span> <span class='ocrx_word' id='word_1_119' title='bbox 884 1735 903 1770; x_wconf 93' lang='grc'><strong>,</strong></span> <span class='ocrx_word' id='word_1_120' title='bbox 948 1688 1367 1773; x_wconf 74' lang='grc' dir='ltr'><strong><em>ἐπιτεχνᾶται</em></strong></span> <span class='ocrx_word' id='word_1_121' title='bbox 1416 1689 1690 1780; x_wconf 68' lang='grc' dir='ltr'><strong><em>πρῆγμα</em></strong></span> <span class='ocrx_word' id='word_1_122' title='bbox 1739 1679 1866 1752; x_wconf 82' lang='grc' dir='ltr'><strong><em>οὐκ</em></strong></span> <span class='ocrx_word' id='word_1_123' title='bbox 1907 1680 2127 1752; x_wconf 81' lang='grc' dir='ltr'><strong><em>ὅσιον·</em></strong></span> <span class='ocrx_word' id='word_1_124' title='bbox 2202 1682 2433 1772; x_wconf 75' lang='grc' dir='ltr'><strong><em>λαβών</em></strong></span> <span class='ocrx_word' id='word_1_125' title='bbox 2475 1683 2604 1775; x_wconf 74' lang='grc' dir='ltr'><strong>γὰρ</strong></span> <span class='ocrx_word' id='word_1_126' title='bbox 2632 1686 2761 1757; x_wconf 82' lang='grc' dir='ltr'><strong><em>δύο</em></strong></span> 
     </span>
    </p>
   </div>
   <div class='ocr_carea' id='block_1_9' title="bbox 479 1893 1572 3211">
    <p class='ocr_par' dir='ltr' id='par_1_9' title="bbox 479 1893 1568 2098">
     <span class='ocr_line' id='line_1_17' title="bbox 479 1893 1567 1961; baseline -0.003 -15"><span class='ocrx_word' id='word_1_127' title='bbox 479 1897 652 1946; x_wconf 86' lang='grc' dir='ltr'><strong><em>Κοοιι.</em></strong></span> <span class='ocrx_word' id='word_1_128' title='bbox 701 1911 828 1961; x_wconf 71' lang='lat' dir='ltr'><strong>pag.</strong></span> <span class='ocrx_word' id='word_1_129' title='bbox 871 1895 969 1947; x_wconf 83' lang='lat'><strong>471</strong></span> <span class='ocrx_word' id='word_1_130' title='bbox 1030 1899 1085 1944; x_wconf 92' lang='lat' dir='ltr'><strong>et</strong></span> <span class='ocrx_word' id='word_1_131' title='bbox 1133 1893 1400 1945; x_wconf 85' lang='lat' dir='ltr'><strong>Valcken.</strong></span> <span class='ocrx_word' id='word_1_132' title='bbox 1451 1898 1567 1944; x_wconf 87' lang='lat' dir='ltr'><strong>not.</strong></span> 
     </span>
     <span class='ocr_line' id='line_1_18' title="bbox 480 1963 1568 2029; baseline -0.002 -14"><span class='ocrx_word' id='word_1_133' title='bbox 480 1965 548 2015; x_wconf 88' lang='lat' dir='ltr'><strong>ad</strong></span> <span class='ocrx_word' id='word_1_134' title='bbox 589 1965 693 2026; x_wconf 92' lang='lat'>111,</span> <span class='ocrx_word' id='word_1_135' title='bbox 729 1966 818 2015; x_wconf 84' lang='grc'><strong>99.</strong></span> <span class='ocrx_word' id='word_1_136' title='bbox 893 1963 1016 2016; x_wconf 89' lang='lat' dir='ltr'><strong>Vid.</strong></span> <span class='ocrx_word' id='word_1_137' title='bbox 1056 1979 1272 2029; x_wconf 85' lang='lat' dir='ltr'><strong>quoque</strong></span> <span class='ocrx_word' id='word_1_138' title='bbox 1308 1965 1363 2027; x_wconf 92' lang='lat'><strong>1,</strong></span> <span class='ocrx_word' id='word_1_139' title='bbox 1407 1964 1475 2015; x_wconf 87' lang='grc'><strong>68</strong></span> <span class='ocrx_word' id='word_1_140' title='bbox 1513 1969 1568 2013; x_wconf 90' lang='lat' dir='ltr'><strong>et</strong></span> 
     </span>
     <span class='ocr_line' id='line_1_19' title="bbox 481 2034 1061 2111; baseline -0.005 -26"><span class='ocrx_word' id='word_1_141' title='bbox 481 2037 526 2098; x_wconf 93' lang='lat'><strong>1,</strong></span> <span class='ocrx_word' id='word_1_142' title='bbox 568 2034 666 2084; x_wconf 93' lang='grc'><strong><em>196</em></strong></span> <span class='ocrx_word' id='word_1_143' title='bbox 702 2034 885 2111; x_wconf 78' lang='lat' dir='ltr'>ibique</span> <span class='ocrx_word' id='word_1_144' title='bbox 919 2038 1061 2085; x_wconf 89' lang='lat' dir='ltr'><strong>nott.</strong></span> 
     </span>
    </p>

    <p class='ocr_par' dir='ltr' id='par_1_10' title="bbox 479 2094 1571 3139">
     <span class='ocr_line' id='line_1_20' title="bbox 547 2094 1566 2181; baseline -0.001 -30"><span class='ocrx_word' id='word_1_145' title='bbox 547 2100 713 2159; x_wconf 79' lang='grc' dir='ltr'><strong><em>δίκας</em></strong></span> <span class='ocrx_word' id='word_1_146' title='bbox 764 2096 1025 2167; x_wconf 79' lang='grc' dir='ltr'><strong><em>ὑπέχειν,</em></strong></span> <span class='ocrx_word' id='word_1_147' title='bbox 1092 2118 1129 2152; x_wconf 88' lang='grc' dir='ltr'><strong><em>α</em></strong></span> <span class='ocrx_word' id='word_1_148' title='bbox 1178 2094 1448 2181; x_wconf 72' lang='grc' dir='ltr'><strong><em>Πρωτεὺς</em></strong></span> <span class='ocrx_word' id='word_1_149' title='bbox 1499 2128 1566 2140; x_wconf 88' lang='lat'><strong>—</strong></span> 
     </span>
     <span class='ocr_line' id='line_1_21' title="bbox 479 2161 1568 2237; baseline 0 -16"><span class='ocrx_word' id='word_1_150' title='bbox 479 2167 611 2237; x_wconf 71' lang='grc' dir='ltr'><strong><em>ἔχει]</em></strong></span> <span class='ocrx_word' id='word_1_151' title='bbox 649 2172 894 2223; x_wconf 85' lang='lat' dir='ltr'><strong>Subaud.</strong></span> <span class='ocrx_word' id='word_1_152' title='bbox 921 2163 1210 2233; x_wconf 79' lang='grc' dir='ltr'><strong><em>τούτων,</em></strong></span> <span class='ocrx_word' id='word_1_153' title='bbox 1246 2161 1414 2233; x_wconf 84' lang='grc' dir='ltr'><strong><em>αΠρ.</em></strong></span> <span class='ocrx_word' id='word_1_154' title='bbox 1436 2166 1568 2236; x_wconf 73' lang='grc' dir='ltr'><strong><em>ἔχει.</em></strong></span> 
     </span>
     <span class='ocr_line' id='line_1_22' title="bbox 482 2239 1566 2306; baseline 0 -15"><span class='ocrx_word' id='word_1_155' title='bbox 482 2244 681 2292; x_wconf 82' lang='lat' dir='ltr'><strong>Struve</strong></span> <span class='ocrx_word' id='word_1_156' title='bbox 724 2242 780 2291; x_wconf 91' lang='lat' dir='ltr'><strong>in</strong></span> <span class='ocrx_word' id='word_1_157' title='bbox 817 2241 1052 2306; x_wconf 85' lang='lat' dir='ltr'><strong>Specim.</strong></span> <span class='ocrx_word' id='word_1_158' title='bbox 1097 2241 1142 2290; x_wconf 90' lang='grc' dir='ltr'><strong><em>Ι.</em></strong></span> <span class='ocrx_word' id='word_1_159' title='bbox 1195 2239 1322 2291; x_wconf 90' lang='lat' dir='ltr'><strong>dial.</strong></span> <span class='ocrx_word' id='word_1_160' title='bbox 1359 2241 1566 2292; x_wconf 88' lang='lat' dir='ltr'><strong>Herod.</strong></span> 
     </span>
     <span class='ocr_line' id='line_1_23' title="bbox 480 2301 1568 2377; baseline -0.003 -16"><span class='ocrx_word' id='word_1_161' title='bbox 480 2328 533 2377; x_wconf 87' lang='lat' dir='ltr'><strong>p.</strong></span> <span class='ocrx_word' id='word_1_162' title='bbox 571 2311 631 2361; x_wconf 82' lang='lat'><strong>21</strong></span> <span class='ocrx_word' id='word_1_163' title='bbox 671 2326 786 2376; x_wconf 90' lang='lat' dir='ltr'><strong>seq.</strong></span> <span class='ocrx_word' id='word_1_164' title='bbox 826 2310 991 2360; x_wconf 78' lang='lat' dir='ltr'><strong>scribi</strong></span> <span class='ocrx_word' id='word_1_165' title='bbox 1026 2309 1176 2359; x_wconf 91' lang='lat' dir='ltr'><strong>iubet</strong></span> <span class='ocrx_word' id='word_1_166' title='bbox 1216 2306 1347 2358; x_wconf 74' lang='grc' dir='ltr'><strong>τῶν</strong></span> <span class='ocrx_word' id='word_1_167' title='bbox 1379 2325 1476 2373; x_wconf 89' lang='lat' dir='ltr'><strong>pro</strong></span> <span class='ocrx_word' id='word_1_168' title='bbox 1511 2301 1568 2373; x_wconf 80' lang='grc' dir='ltr'><strong>ἃ,</strong></span> 
     </span>
     <span class='ocr_line' id='line_1_24' title="bbox 481 2379 1567 2443; baseline 0 -12"><span class='ocrx_word' id='word_1_169' title='bbox 481 2387 542 2431; x_wconf 90' lang='lat' dir='ltr'><strong>ut</strong></span> <span class='ocrx_word' id='word_1_170' title='bbox 576 2381 632 2430; x_wconf 92' lang='lat' dir='ltr'><strong>in</strong></span> <span class='ocrx_word' id='word_1_171' title='bbox 668 2380 939 2430; x_wconf 73' lang='lat' dir='ltr'><strong>similibus</strong></span> <span class='ocrx_word' id='word_1_172' title='bbox 961 2379 1098 2429; x_wconf 86' lang='lat' dir='ltr'><strong>locis</strong></span> <span class='ocrx_word' id='word_1_173' title='bbox 1122 2380 1187 2443; x_wconf 87' lang='lat' dir='ltr'><strong>V,</strong></span> <span class='ocrx_word' id='word_1_174' title='bbox 1219 2379 1338 2430; x_wconf 95' lang='grc'><strong><em>106.</em></strong></span> <span class='ocrx_word' id='word_1_175' title='bbox 1361 2379 1488 2441; x_wconf 86' lang='lat' dir='ltr'>VII,</span> <span class='ocrx_word' id='word_1_176' title='bbox 1514 2383 1567 2431; x_wconf 93' lang='grc'><strong><em>5.</em></strong></span> 
     </span>
     <span class='ocr_line' id='line_1_25' title="bbox 479 2449 1570 2514; baseline -0.003 -13"><span class='ocrx_word' id='word_1_177' title='bbox 479 2451 578 2512; x_wconf 87' lang='grc' dir='ltr'><strong>ΪΧ,</strong></span> <span class='ocrx_word' id='word_1_178' title='bbox 607 2449 694 2500; x_wconf 86' lang='grc'><strong><em>58.</em></strong></span> <span class='ocrx_word' id='word_1_179' title='bbox 728 2452 796 2501; x_wconf 82' lang='grc'><strong>94</strong></span> <span class='ocrx_word' id='word_1_180' title='bbox 832 2449 1161 2500; x_wconf 80' lang='lat' dir='ltr'><strong>inveniatur.</strong></span> <span class='ocrx_word' id='word_1_181' title='bbox 1225 2450 1364 2500; x_wconf 85' lang='lat' dir='ltr'><strong>Nam</strong></span> <span class='ocrx_word' id='word_1_182' title='bbox 1395 2449 1452 2498; x_wconf 90' lang='lat' dir='ltr'><strong>in</strong></span> <span class='ocrx_word' id='word_1_183' title='bbox 1479 2464 1570 2514; x_wconf 83' lang='lat' dir='ltr'><strong>ge-</strong></span> 
     </span>
     <span class='ocr_line' id='line_1_26' title="bbox 481 2518 1570 2586; baseline -0.002 -15"><span class='ocrx_word' id='word_1_184' title='bbox 481 2522 658 2571; x_wconf 80' lang='lat' dir='ltr'><strong>nitivo</strong></span> <span class='ocrx_word' id='word_1_185' title='bbox 696 2519 921 2586; x_wconf 85' lang='lat' dir='ltr'><strong>pluralis</strong></span> <span class='ocrx_word' id='word_1_186' title='bbox 968 2518 1271 2585; x_wconf 80' lang='lat' dir='ltr'><strong>neglectam</strong></span> <span class='ocrx_word' id='word_1_187' title='bbox 1309 2518 1450 2569; x_wconf 81' lang='lat' dir='ltr'><strong>hanc</strong></span> <span class='ocrx_word' id='word_1_188' title='bbox 1485 2524 1570 2569; x_wconf 83' lang='lat' dir='ltr'><strong>at-</strong></span> 
     </span>
     <span class='ocr_line' id='line_1_27' title="bbox 479 2586 1571 2656; baseline -0.003 -15"><span class='ocrx_word' id='word_1_189' title='bbox 479 2592 802 2642; x_wconf 77' lang='lat' dir='ltr'><strong>tractionem</strong></span> <span class='ocrx_word' id='word_1_190' title='bbox 865 2589 1086 2655; x_wconf 88' lang='lat' dir='ltr'><strong>reperiri</strong></span> <span class='ocrx_word' id='word_1_191' title='bbox 1146 2593 1330 2656; x_wconf 80' lang='lat' dir='ltr'><strong>negat.</strong></span> <span class='ocrx_word' id='word_1_192' title='bbox 1397 2586 1404 2594; x_wconf 81' lang='lat'><em>&#39;</em></span> <span class='ocrx_word' id='word_1_193' title='bbox 1434 2589 1571 2639; x_wconf 90' lang='lat' dir='ltr'><strong>Inde</strong></span> 
     </span>
     <span class='ocr_line' id='line_1_28' title="bbox 479 2658 1569 2726; baseline -0.003 -15"><span class='ocrx_word' id='word_1_194' title='bbox 479 2659 594 2711; x_wconf 79' lang='grc' dir='ltr'><strong>τῶν</strong></span> <span class='ocrx_word' id='word_1_195' title='bbox 619 2665 940 2726; x_wconf 85' lang='lat' dir='ltr'><strong>receperunt</strong></span> <span class='ocrx_word' id='word_1_196' title='bbox 962 2659 1201 2710; x_wconf 81' lang='lat' dir='ltr'><strong>Dindorf</strong></span> <span class='ocrx_word' id='word_1_197' title='bbox 1234 2664 1289 2709; x_wconf 87' lang='lat' dir='ltr'><strong>et</strong></span> <span class='ocrx_word' id='word_1_198' title='bbox 1311 2658 1569 2709; x_wconf 87' lang='lat' dir='ltr'><strong>Dietsch:</strong></span> 
     </span>
     <span class='ocr_line' id='line_1_29' title="bbox 481 2729 1570 2797; baseline -0.004 -15"><span class='ocrx_word' id='word_1_199' title='bbox 481 2747 641 2797; x_wconf 87' lang='lat' dir='ltr'><strong>quam</strong></span> <span class='ocrx_word' id='word_1_200' title='bbox 691 2732 1084 2782; x_wconf 86' lang='lat' dir='ltr'><strong>correctionem</strong></span> <span class='ocrx_word' id='word_1_201' title='bbox 1132 2729 1278 2779; x_wconf 86' lang='lat' dir='ltr'><strong>haud</strong></span> <span class='ocrx_word' id='word_1_202' title='bbox 1318 2743 1570 2779; x_wconf 80' lang='lat' dir='ltr'><strong>necessa-</strong></span> 
     </span>
     <span class='ocr_line' id='line_1_30' title="bbox 481 2798 1570 2851; baseline -0.003 0"><span class='ocrx_word' id='word_1_203' title='bbox 481 2803 618 2851; x_wconf 83' lang='lat' dir='ltr'><strong>riam</strong></span> <span class='ocrx_word' id='word_1_204' title='bbox 645 2816 767 2850; x_wconf 88' lang='lat' dir='ltr'><strong>esse</strong></span> <span class='ocrx_word' id='word_1_205' title='bbox 801 2805 950 2849; x_wconf 89' lang='lat' dir='ltr'><strong>recte</strong></span> <span class='ocrx_word' id='word_1_206' title='bbox 979 2798 1112 2848; x_wconf 81' lang='lat' dir='ltr'><strong>mihi</strong></span> <span class='ocrx_word' id='word_1_207' title='bbox 1134 2799 1465 2848; x_wconf 87' lang='lat' dir='ltr'><strong>contendere</strong></span> <span class='ocrx_word' id='word_1_208' title='bbox 1489 2798 1570 2848; x_wconf 80' lang='lat' dir='ltr'><strong>vi-</strong></span> 
     </span>
     <span class='ocr_line' id='line_1_31' title="bbox 481 2867 1570 2931; baseline -0.003 -12"><span class='ocrx_word' id='word_1_209' title='bbox 481 2870 641 2919; x_wconf 86' lang='lat' dir='ltr'><strong>detur</strong></span> <span class='ocrx_word' id='word_1_210' title='bbox 675 2870 800 2920; x_wconf 80' lang='lat' dir='ltr'><strong>Eltz</strong></span> <span class='ocrx_word' id='word_1_211' title='bbox 836 2870 891 2917; x_wconf 90' lang='lat' dir='ltr'><strong>in</strong></span> <span class='ocrx_word' id='word_1_212' title='bbox 928 2869 1157 2931; x_wconf 84' lang='lat' dir='ltr'><strong>Quaest.</strong></span> <span class='ocrx_word' id='word_1_213' title='bbox 1182 2867 1423 2918; x_wconf 88' lang='lat' dir='ltr'><strong>Herodd.</strong></span> <span class='ocrx_word' id='word_1_214' title='bbox 1462 2867 1570 2916; x_wconf 80' lang='lat' dir='ltr'><strong>fas·</strong></span> 
     </span>
     <span class='ocr_line' id='line_1_32' title="bbox 482 2934 1565 3001; baseline -0.004 -13"><span class='ocrx_word' id='word_1_215' title='bbox 482 2940 583 2987; x_wconf 87' lang='lat' dir='ltr'><strong>cic.</strong></span> <span class='ocrx_word' id='word_1_216' title='bbox 632 2938 708 2988; x_wconf 89' lang='grc' dir='ltr'><strong>ΙΙ.</strong></span> <span class='ocrx_word' id='word_1_217' title='bbox 769 2935 847 3001; x_wconf 89' lang='lat' dir='ltr'><strong>(in</strong></span> <span class='ocrx_word' id='word_1_218' title='bbox 906 2936 1139 2986; x_wconf 83' lang='lat' dir='ltr'><strong>Jahrbb.</strong></span> <span class='ocrx_word' id='word_1_219' title='bbox 1200 2936 1239 2987; x_wconf 84' lang='lat' dir='ltr'><strong>f.</strong></span> <span class='ocrx_word' id='word_1_220' title='bbox 1293 2934 1565 3001; x_wconf 76' lang='lat' dir='ltr'><strong>philolog.</strong></span> 
     </span>
     <span class='ocr_line' id='line_1_33' title="bbox 482 3005 1569 3071; baseline -0.004 -13"><span class='ocrx_word' id='word_1_221' title='bbox 482 3012 590 3058; x_wconf 86' lang='lat' dir='ltr'><strong>etc.</strong></span> <span class='ocrx_word' id='word_1_222' title='bbox 639 3005 827 3071; x_wconf 82' lang='lat' dir='ltr'><strong>Suppl.</strong></span> <span class='ocrx_word' id='word_1_223' title='bbox 868 3006 967 3055; x_wconf 80' lang='lat' dir='ltr'><strong>lx,</strong></span> <span class='ocrx_word' id='word_1_224' title='bbox 1002 3020 1057 3070; x_wconf 87' lang='lat' dir='ltr'><strong>p.</strong></span> <span class='ocrx_word' id='word_1_225' title='bbox 1091 3005 1268 3070; x_wconf 54' lang='lat'><strong>3290,</strong></span> <span class='ocrx_word' id='word_1_226' title='bbox 1313 3006 1404 3071; x_wconf 88' lang='lat' dir='ltr'><strong>qui</strong></span> <span class='ocrx_word' id='word_1_227' title='bbox 1427 3005 1569 3055; x_wconf 86' lang='lat' dir='ltr'><strong>hane</strong></span> 
     </span>
     <span class='ocr_line' id='line_1_34' title="bbox 479 3074 1568 3139; baseline -0.003 -13"><span class='ocrx_word' id='word_1_228' title='bbox 479 3076 765 3127; x_wconf 85' lang='lat' dir='ltr'><strong>verborum</strong></span> <span class='ocrx_word' id='word_1_229' title='bbox 828 3074 1156 3124; x_wconf 85' lang='lat' dir='ltr'><strong>sententiam</strong></span> <span class='ocrx_word' id='word_1_230' title='bbox 1212 3089 1332 3124; x_wconf 84' lang='lat' dir='ltr'><strong>esse</strong></span> <span class='ocrx_word' id='word_1_231' title='bbox 1388 3075 1568 3139; x_wconf 83' lang='lat' dir='ltr'><strong>ponit:</strong></span> 
     </span>
    </p>

    <p class='ocr_par' dir='ltr' id='par_1_11' title="bbox 482 3142 1572 3211">
     <span class='ocr_line' id='line_1_35' title="bbox 482 3142 1572 3211; baseline -0.001 -15.962"><span class='ocrx_word' id='word_1_232' title='bbox 482 3160 629 3211; x_wconf 86' lang='grc' dir='ltr'><strong><em>,,ιιοιι</em></strong></span> <span class='ocrx_word' id='word_1_233' title='bbox 654 3160 886 3210; x_wconf 86' lang='lat' dir='ltr'><strong>aequum</strong></span> <span class='ocrx_word' id='word_1_234' title='bbox 907 3159 1026 3194; x_wconf 90' lang='lat' dir='ltr'><strong>esse</strong></span> <span class='ocrx_word' id='word_1_235' title='bbox 1050 3142 1368 3208; x_wconf 84' lang='lat' dir='ltr'><strong>(dixerunt),</strong></span> <span class='ocrx_word' id='word_1_236' title='bbox 1400 3150 1572 3194; x_wconf 88' lang='lat' dir='ltr'><strong>semet</strong></span> 
     </span>
    </p>
   </div>
   <div class='ocr_carea' id='block_1_10' title="bbox 1317 3214 1570 3334">
    <p class='ocr_par' dir='ltr' id='par_1_12' title="bbox 1317 3214 1570 3334">
     <span class='ocr_line' id='line_1_36' title="bbox 1317 3214 1570 3264; baseline -0.004 0"><span class='ocrx_word' id='word_1_237' title='bbox 1317 3230 1416 3264; x_wconf 85' lang='lat' dir='ltr'><strong>uas</strong></span> <span class='ocrx_word' id='word_1_238' title='bbox 1438 3214 1570 3264; x_wconf 89' lang='lat' dir='ltr'><strong>Pro-</strong></span> 
     </span>
     <span class='ocr_line' id='line_1_37' title="bbox 1364 3283 1569 3334; baseline -0.013 0.68"><span class='ocrx_word' id='word_1_239' title='bbox 1364 3283 1569 3334; x_wconf 87' lang='lat' dir='ltr'><strong>‘Idem</strong></span> 
     </span>
    </p>
   </div>
   <div class='ocr_carea' id='block_1_11' title="bbox 479 3218 1570 4393">
    <p class='ocr_par' dir='ltr' id='par_1_13' title="bbox 480 3218 1241 3282">
     <span class='ocr_line' id='line_1_38' title="bbox 480 3218 1241 3282; baseline -0.004 -16"><span class='ocrx_word' id='word_1_240' title='bbox 480 3218 631 3282; x_wconf 84' lang='lat' dir='ltr'><strong>ipsos</strong></span> <span class='ocrx_word' id='word_1_241' title='bbox 667 3230 762 3265; x_wconf 86' lang='lat' dir='ltr'><strong>eas</strong></span> <span class='ocrx_word' id='word_1_242' title='bbox 786 3229 917 3279; x_wconf 89' lang='lat' dir='ltr'><strong>opes</strong></span> <span class='ocrx_word' id='word_1_243' title='bbox 944 3218 1241 3277; x_wconf 80' lang='lat' dir='ltr'><strong>praestare,</strong></span> 
     </span>
    </p>

    <p class='ocr_par' dir='ltr' id='par_1_14' title="bbox 479 3284 1570 4393">
     <span class='ocr_line' id='line_1_39' title="bbox 482 3284 1337 3365; baseline -0.004 -28"><span class='ocrx_word' id='word_1_244' title='bbox 482 3293 624 3348; x_wconf 89' lang='lat' dir='ltr'><strong>teus,</strong></span> <span class='ocrx_word' id='word_1_245' title='bbox 660 3300 753 3335; x_wconf 87' lang='lat' dir='ltr'><strong>rex</strong></span> <span class='ocrx_word' id='word_1_246' title='bbox 776 3284 1077 3365; x_wconf 80' lang='lat' dir='ltr'><strong>Aegyptius</strong></span> <span class='ocrx_word' id='word_1_247' title='bbox 1112 3290 1337 3334; x_wconf 89' lang='lat' dir='ltr'><strong>tenere.</strong></span> 
     </span>
     <span class='ocr_line' id='line_1_40' title="bbox 480 3343 1568 3420; baseline -0.003 -13"><span class='ocrx_word' id='word_1_248' title='bbox 480 3372 612 3407; x_wconf 81' lang='lat' dir='ltr'><strong>vero</strong></span> <span class='ocrx_word' id='word_1_249' title='bbox 648 3371 746 3420; x_wconf 90' lang='lat' dir='ltr'><strong>pro</strong></span> <span class='ocrx_word' id='word_1_250' title='bbox 798 3343 834 3403; x_wconf 79' lang='grc' dir='ltr'><em>ἃ</em></span> <span class='ocrx_word' id='word_1_251' title='bbox 878 3354 1069 3418; x_wconf 88' lang='lat' dir='ltr'><strong>reponi</strong></span> <span class='ocrx_word' id='word_1_252' title='bbox 1110 3352 1229 3404; x_wconf 82' lang='lat' dir='ltr'><strong>vult</strong></span> <span class='ocrx_word' id='word_1_253' title='bbox 1275 3369 1373 3417; x_wconf 86' lang='grc' dir='ltr'><strong>τα,</strong></span> <span class='ocrx_word' id='word_1_254' title='bbox 1423 3352 1568 3419; x_wconf 89' lang='lat' dir='ltr'><strong>quod</strong></span> 
     </span>
     <span class='ocr_line' id='line_1_41' title="bbox 479 3423 1566 3489; baseline -0.004 -12"><span class='ocrx_word' id='word_1_255' title='bbox 479 3425 746 3477; x_wconf 75' lang='lat' dir='ltr'><strong>Herodoti</strong></span> <span class='ocrx_word' id='word_1_256' title='bbox 769 3423 1035 3474; x_wconf 78' lang='lat' dir='ltr'><strong>dialectus</strong></span> <span class='ocrx_word' id='word_1_257' title='bbox 1059 3424 1299 3489; x_wconf 78' lang='lat' dir='ltr'><strong>flagitet3</strong></span> <span class='ocrx_word' id='word_1_258' title='bbox 1333 3429 1393 3474; x_wconf 87' lang='lat' dir='ltr'><strong>tu</strong></span> <span class='ocrx_word' id='word_1_259' title='bbox 1418 3423 1566 3473; x_wconf 85' lang='lat' dir='ltr'><strong>conf.</strong></span> 
     </span>
     <span class='ocr_line' id='line_1_42' title="bbox 480 3493 1566 3558; baseline -0.005 -11"><span class='ocrx_word' id='word_1_260' title='bbox 480 3493 883 3558; x_wconf 83' lang='lat'><strong>11,113.116;</strong></span> <span class='ocrx_word' id='word_1_261' title='bbox 921 3493 991 3543; x_wconf 90' lang='lat' dir='ltr'><strong>ad</strong></span> <span class='ocrx_word' id='word_1_262' title='bbox 1026 3498 1357 3544; x_wconf 74' lang='lat' dir='ltr'><strong>structuram</strong></span> <span class='ocrx_word' id='word_1_263' title='bbox 1393 3493 1566 3557; x_wconf 89' lang='lat' dir='ltr'><strong>ipsam</strong></span> 
     </span>
     <span class='ocr_line' id='line_1_43' title="bbox 482 3562 1568 3631; baseline -0.004 -16"><span class='ocrx_word' id='word_1_264' title='bbox 482 3573 608 3631; x_wconf 85' lang='lat' dir='ltr'><strong>apte</strong></span> <span class='ocrx_word' id='word_1_265' title='bbox 672 3563 833 3615; x_wconf 81' lang='lat' dir='ltr'><strong>affert</strong></span> <span class='ocrx_word' id='word_1_266' title='bbox 886 3564 1153 3614; x_wconf 81' lang='lat' dir='ltr'><strong>Herodoti</strong></span> <span class='ocrx_word' id='word_1_267' title='bbox 1207 3562 1385 3613; x_wconf 91' lang='lat' dir='ltr'><strong>locum</strong></span> <span class='ocrx_word' id='word_1_268' title='bbox 1441 3562 1568 3624; x_wconf 85' lang='lat' dir='ltr'>VII,</span> 
     </span>
     <span class='ocr_line' id='line_1_44' title="bbox 484 3624 1569 3697; baseline -0.005 -11"><span class='ocrx_word' id='word_1_269' title='bbox 484 3635 576 3697; x_wconf 87' lang='grc'><strong>16,</strong></span> <span class='ocrx_word' id='word_1_270' title='bbox 621 3637 675 3684; x_wconf 94' lang='grc'><strong><em>2.</em></strong></span> <span class='ocrx_word' id='word_1_271' title='bbox 748 3634 1036 3684; x_wconf 78' lang='lat' dir='ltr'><strong>Caeterum</strong></span> <span class='ocrx_word' id='word_1_272' title='bbox 1073 3624 1241 3683; x_wconf 77' lang='grc' dir='ltr'><strong><em>αὐτοὶ</em></strong></span> <span class='ocrx_word' id='word_1_273' title='bbox 1287 3632 1342 3683; x_wconf 89' lang='lat' dir='ltr'><strong>h.</strong></span> <span class='ocrx_word' id='word_1_274' title='bbox 1380 3631 1417 3681; x_wconf 91' lang='lat' dir='ltr'><strong>l.</strong></span> <span class='ocrx_word' id='word_1_275' title='bbox 1457 3632 1569 3681; x_wconf 80' lang='lat' dir='ltr'><strong>No·</strong></span> 
     </span>
     <span class='ocr_line' id='line_1_45' title="bbox 481 3702 1568 3768; baseline -0.004 -14"><span class='ocrx_word' id='word_1_276' title='bbox 481 3710 593 3754; x_wconf 80' lang='lat' dir='ltr'><strong>ster</strong></span> <span class='ocrx_word' id='word_1_277' title='bbox 628 3703 850 3768; x_wconf 77' lang='lat' dir='ltr'><strong>scripsit</strong></span> <span class='ocrx_word' id='word_1_278' title='bbox 890 3703 1168 3753; x_wconf 87' lang='lat' dir='ltr'><strong>immemor</strong></span> <span class='ocrx_word' id='word_1_279' title='bbox 1211 3702 1325 3752; x_wconf 85' lang='lat' dir='ltr'><strong>fere</strong></span> <span class='ocrx_word' id='word_1_280' title='bbox 1363 3716 1568 3762; x_wconf 87' lang='lat' dir='ltr'><strong>eorum,</strong></span> 
     </span>
     <span class='ocr_line' id='line_1_46' title="bbox 480 3769 1568 3851; baseline -0.003 -29"><span class='ocrx_word' id='word_1_281' title='bbox 480 3787 622 3838; x_wconf 82' lang='lat' dir='ltr'><strong>quae</strong></span> <span class='ocrx_word' id='word_1_282' title='bbox 667 3786 832 3836; x_wconf 89' lang='lat' dir='ltr'><strong>supra</strong></span> <span class='ocrx_word' id='word_1_283' title='bbox 868 3773 1117 3823; x_wconf 82' lang='lat' dir='ltr'><strong>oratione</strong></span> <span class='ocrx_word' id='word_1_284' title='bbox 1164 3769 1385 3851; x_wconf 87' lang='lat' dir='ltr'><strong>obliqua</strong></span> <span class='ocrx_word' id='word_1_285' title='bbox 1435 3785 1568 3820; x_wconf 85' lang='lat' dir='ltr'><strong>usus</strong></span> 
     </span>
     <span class='ocr_line' id='line_1_47' title="bbox 481 3833 1568 3923; baseline -0.003 -32"><span class='ocrx_word' id='word_1_286' title='bbox 481 3842 776 3905; x_wconf 69' lang='lat' dir='ltr'><strong>scripserat</strong></span> <span class='ocrx_word' id='word_1_287' title='bbox 829 3833 964 3898; x_wconf 82' lang='grc' dir='ltr'><strong>τούς</strong></span> <span class='ocrx_word' id='word_1_288' title='bbox 1026 3833 1316 3923; x_wconf 82' lang='grc' dir='ltr'><strong><em>Τευκρους</em></strong></span> <span class='ocrx_word' id='word_1_289' title='bbox 1368 3833 1568 3904; x_wconf 76' lang='grc' dir='ltr'><strong><em>λέγειν,</em></strong></span> 
     </span>
     <span class='ocr_line' id='line_1_48' title="bbox 483 3902 1570 3989; baseline -0.004 -28"><span class='ocrx_word' id='word_1_290' title='bbox 483 3911 552 3961; x_wconf 85' lang='lat' dir='ltr'><strong>ad</strong></span> <span class='ocrx_word' id='word_1_291' title='bbox 599 3924 735 3974; x_wconf 90' lang='lat' dir='ltr'><strong>quos</strong></span> <span class='ocrx_word' id='word_1_292' title='bbox 790 3925 922 3959; x_wconf 83' lang='lat' dir='ltr'><strong>sane</strong></span> <span class='ocrx_word' id='word_1_293' title='bbox 970 3914 1211 3989; x_wconf 83' lang='lat' dir='ltr'><strong>spectat</strong></span> <span class='ocrx_word' id='word_1_294' title='bbox 1231 3902 1421 3989; x_wconf 82' lang='grc' dir='ltr'><strong><em>αὐτοὶ,</em></strong></span> <span class='ocrx_word' id='word_1_295' title='bbox 1472 3909 1570 3958; x_wconf 90' lang='lat' dir='ltr'><strong>mi-</strong></span> 
     </span>
     <span class='ocr_line' id='line_1_49' title="bbox 482 3969 1569 4040; baseline -0.002 -11"><span class='ocrx_word' id='word_1_296' title='bbox 482 3981 625 4029; x_wconf 84' lang='lat' dir='ltr'><strong>nime</strong></span> <span class='ocrx_word' id='word_1_297' title='bbox 672 3977 985 4028; x_wconf 88' lang='lat' dir='ltr'><strong>mutandum</strong></span> <span class='ocrx_word' id='word_1_298' title='bbox 1035 3980 1090 4029; x_wconf 91' lang='lat' dir='ltr'><strong>in</strong></span> <span class='ocrx_word' id='word_1_299' title='bbox 1140 3969 1377 4040; x_wconf 76' lang='grc' dir='ltr'><strong><em>αὐτοὺς,</em></strong></span> <span class='ocrx_word' id='word_1_300' title='bbox 1444 3992 1569 4028; x_wconf 85' lang='lat' dir='ltr'><strong>cum</strong></span> 
     </span>
     <span class='ocr_line' id='line_1_50' title="bbox 484 4015 1568 4111; baseline -0.004 -10"><span class='ocrx_word' id='word_1_301' title='bbox 484 4047 706 4111; x_wconf 87' lang='lat' dir='ltr'><strong>Graeci,</strong></span> <span class='ocrx_word' id='word_1_302' title='bbox 777 4052 840 4097; x_wconf 93' lang='lat' dir='ltr'><strong>ut</strong></span> <span class='ocrx_word' id='word_1_303' title='bbox 901 4052 1047 4097; x_wconf 87' lang='lat' dir='ltr'><strong>recte</strong></span> <span class='ocrx_word' id='word_1_304' title='bbox 1114 4047 1301 4097; x_wconf 85' lang='lat' dir='ltr'><strong>docuit</strong></span> <span class='ocrx_word' id='word_1_305' title='bbox 1362 4015 1568 4097; x_wconf 66' lang='lat' dir='ltr'><strong>&#39;Struve</strong></span> 
     </span>
     <span class='ocr_line' id='line_1_51' title="bbox 482 4115 1570 4183; baseline -0.004 -14"><span class='ocrx_word' id='word_1_306' title='bbox 482 4119 719 4183; x_wconf 82' lang='lat' dir='ltr'><strong>Opuscc.</strong></span> <span class='ocrx_word' id='word_1_307' title='bbox 759 4117 833 4167; x_wconf 92' lang='grc' dir='ltr'><strong>ΙΙ.</strong></span> <span class='ocrx_word' id='word_1_308' title='bbox 865 4131 918 4179; x_wconf 83' lang='lat' dir='ltr'><strong>p.</strong></span> <span class='ocrx_word' id='word_1_309' title='bbox 943 4116 1068 4178; x_wconf 90' lang='grc'><strong><em>121,</em></strong></span> <span class='ocrx_word' id='word_1_310' title='bbox 1105 4115 1232 4166; x_wconf 85' lang='lat' dir='ltr'><strong>huic</strong></span> <span class='ocrx_word' id='word_1_311' title='bbox 1264 4121 1570 4166; x_wconf 81' lang='lat' dir='ltr'><strong>structurae</strong></span> 
     </span>
     <span class='ocr_line' id='line_1_52' title="bbox 481 4185 1567 4254; baseline -0.003 -16"><span class='ocrx_word' id='word_1_312' title='bbox 481 4203 576 4254; x_wconf 90' lang='lat' dir='ltr'><strong>per</strong></span> <span class='ocrx_word' id='word_1_313' title='bbox 603 4185 994 4236; x_wconf 77' lang='lat' dir='ltr'><strong>nominativum</strong></span> <span class='ocrx_word' id='word_1_314' title='bbox 1019 4186 1097 4234; x_wconf 84' lang='lat' dir='ltr'><strong>ita</strong></span> <span class='ocrx_word' id='word_1_315' title='bbox 1122 4186 1422 4235; x_wconf 78' lang='lat' dir='ltr'><strong>assuefacti</strong></span> <span class='ocrx_word' id='word_1_316' title='bbox 1449 4186 1567 4236; x_wconf 81' lang='lat' dir='ltr'><strong>fue-</strong></span> 
     </span>
     <span class='ocr_line' id='line_1_53' title="bbox 481 4253 1567 4319; baseline -0.005 -11"><span class='ocrx_word' id='word_1_317' title='bbox 481 4259 619 4319; x_wconf 88' lang='lat' dir='ltr'><strong>rint,</strong></span> <span class='ocrx_word' id='word_1_318' title='bbox 686 4260 747 4305; x_wconf 86' lang='lat' dir='ltr'><strong>ut</strong></span> <span class='ocrx_word' id='word_1_319' title='bbox 794 4254 879 4305; x_wconf 78' lang='lat' dir='ltr'><strong>vel</strong></span> <span class='ocrx_word' id='word_1_320' title='bbox 927 4253 1004 4303; x_wconf 91' lang='lat' dir='ltr'><strong>ibi</strong></span> <span class='ocrx_word' id='word_1_321' title='bbox 1060 4253 1409 4317; x_wconf 77' lang='lat' dir='ltr'><strong>adhiberent,</strong></span> <span class='ocrx_word' id='word_1_322' title='bbox 1471 4255 1567 4305; x_wconf 89' lang='lat' dir='ltr'><strong>ubi</strong></span> 
     </span>
     <span class='ocr_line' id='line_1_54' title="bbox 479 4322 1566 4393; baseline -0.004 -16"><span class='ocrx_word' id='word_1_323' title='bbox 479 4326 696 4393; x_wconf 88' lang='lat' dir='ltr'><strong>proprie</strong></span> <span class='ocrx_word' id='word_1_324' title='bbox 745 4325 861 4376; x_wconf 89' lang='lat' dir='ltr'><strong>eius</strong></span> <span class='ocrx_word' id='word_1_325' title='bbox 898 4322 1050 4373; x_wconf 86' lang='lat' dir='ltr'><strong>locus</strong></span> <span class='ocrx_word' id='word_1_326' title='bbox 1097 4339 1205 4374; x_wconf 91' lang='lat' dir='ltr'><strong>non</strong></span> <span class='ocrx_word' id='word_1_327' title='bbox 1242 4328 1404 4374; x_wconf 86' lang='lat' dir='ltr'><strong>esset.</strong></span> <span class='ocrx_word' id='word_1_328' title='bbox 1480 4323 1566 4373; x_wconf 88' lang='lat' dir='ltr'><strong>Tu</strong></span> 
     </span>
    </p>
   </div>
   <div class='ocr_carea' id='block_1_12' title="bbox 1653 1892 2763 2587">
    <p class='ocr_par' dir='ltr' id='par_1_15' title="bbox 1670 1892 2763 2587">
     <span class='ocr_line' id='line_1_55' title="bbox 1672 1892 2763 1956; baseline 0.005 -13"><span class='ocrx_word' id='word_1_329' title='bbox 1672 1892 1817 1943; x_wconf 85' lang='lat' dir='ltr'><strong>conf.</strong></span> <span class='ocrx_word' id='word_1_330' title='bbox 1850 1892 2054 1944; x_wconf 88' lang='lat' dir='ltr'><strong>similes</strong></span> <span class='ocrx_word' id='word_1_331' title='bbox 2091 1892 2241 1944; x_wconf 85' lang='lat' dir='ltr'><strong>locos</strong></span> <span class='ocrx_word' id='word_1_332' title='bbox 2278 1894 2367 1956; x_wconf 91' lang='grc' dir='ltr'><strong>ΙΙ,</strong></span> <span class='ocrx_word' id='word_1_333' title='bbox 2408 1896 2527 1947; x_wconf 86' lang='grc'><strong><em>141.</em></strong></span> <span class='ocrx_word' id='word_1_334' title='bbox 2570 1898 2669 1948; x_wconf 86' lang='grc'><strong>162</strong></span> <span class='ocrx_word' id='word_1_335' title='bbox 2704 1902 2763 1948; x_wconf 82' lang='lat' dir='ltr'><strong>et</strong></span> 
     </span>
     <span class='ocr_line' id='line_1_56' title="bbox 1672 1962 2763 2029; baseline 0.007 -17"><span class='ocrx_word' id='word_1_336' title='bbox 1672 1978 1812 2029; x_wconf 83' lang='lat' dir='ltr'><strong>quae</strong></span> <span class='ocrx_word' id='word_1_337' title='bbox 1848 1962 1918 2013; x_wconf 88' lang='lat' dir='ltr'><strong>ad</strong></span> <span class='ocrx_word' id='word_1_338' title='bbox 1956 1964 2011 2025; x_wconf 87' lang='lat'><strong>1,</strong></span> <span class='ocrx_word' id='word_1_339' title='bbox 2048 1964 2116 2014; x_wconf 86' lang='grc'><strong><em>56</em></strong></span> <span class='ocrx_word' id='word_1_340' title='bbox 2150 1963 2275 2013; x_wconf 89' lang='lat' dir='ltr'><strong>init.</strong></span> <span class='ocrx_word' id='word_1_341' title='bbox 2310 1963 2378 2014; x_wconf 91' lang='lat' dir='ltr'><strong>de</strong></span> <span class='ocrx_word' id='word_1_342' title='bbox 2419 1965 2583 2016; x_wconf 86' lang='lat' dir='ltr'><strong>simili</strong></span> <span class='ocrx_word' id='word_1_343' title='bbox 2619 1972 2763 2019; x_wconf 80' lang='lat' dir='ltr'><strong>stru-</strong></span> 
     </span>
     <span class='ocr_line' id='line_1_57' title="bbox 1671 2033 2760 2102; baseline 0.005 -20"><span class='ocrx_word' id='word_1_344' title='bbox 1671 2038 1829 2083; x_wconf 88' lang='lat' dir='ltr'><strong>ctura</strong></span> <span class='ocrx_word' id='word_1_345' title='bbox 1852 2033 2174 2085; x_wconf 80' lang='lat' dir='ltr'><strong>monuimus,</strong></span> <span class='ocrx_word' id='word_1_346' title='bbox 2236 2033 2394 2084; x_wconf 86' lang='lat' dir='ltr'><strong>Unde</strong></span> <span class='ocrx_word' id='word_1_347' title='bbox 2424 2037 2561 2086; x_wconf 85' lang='lat' dir='ltr'><strong>satis</strong></span> <span class='ocrx_word' id='word_1_348' title='bbox 2588 2043 2760 2102; x_wconf 81' lang='lat' dir='ltr'><strong>patet,</strong></span> 
     </span>
     <span class='ocr_line' id='line_1_58' title="bbox 1672 2101 2761 2167; baseline 0.005 -15"><span class='ocrx_word' id='word_1_349' title='bbox 1672 2101 1801 2167; x_wconf 89' lang='lat' dir='ltr'><strong>quid</strong></span> <span class='ocrx_word' id='word_1_350' title='bbox 1842 2102 2191 2153; x_wconf 87' lang='lat' dir='ltr'><strong>iudicandum</strong></span> <span class='ocrx_word' id='word_1_351' title='bbox 2236 2104 2310 2152; x_wconf 89' lang='lat' dir='ltr'><strong>sit</strong></span> <span class='ocrx_word' id='word_1_352' title='bbox 2359 2104 2425 2154; x_wconf 90' lang='lat' dir='ltr'><strong>de</strong></span> <span class='ocrx_word' id='word_1_353' title='bbox 2473 2107 2761 2157; x_wconf 88' lang='lat' dir='ltr'><strong>Benedicti</strong></span> 
     </span>
     <span class='ocr_line' id='line_1_59' title="bbox 1671 2172 2757 2261; baseline 0.006 -40"><span class='ocrx_word' id='word_1_354' title='bbox 1671 2172 1988 2221; x_wconf 83' lang='lat' dir='ltr'><strong>coniectura</strong></span> <span class='ocrx_word' id='word_1_355' title='bbox 2027 2172 2206 2238; x_wconf 80' lang='lat' dir='ltr'><strong>(Actt.</strong></span> <span class='ocrx_word' id='word_1_356' title='bbox 2234 2174 2422 2224; x_wconf 87' lang='lat' dir='ltr'><strong>semin.</strong></span> <span class='ocrx_word' id='word_1_357' title='bbox 2423 2191 2576 2261; x_wconf 54' lang='lat' dir='ltr'><strong>‚rega</strong></span> <span class='ocrx_word' id='word_1_358' title='bbox 2606 2177 2757 2242; x_wconf 88' lang='lat' dir='ltr'><strong>Lips.</strong></span> 
     </span>
     <span class='ocr_line' id='line_1_60' title="bbox 1670 2241 2757 2325; baseline 0.005 -34"><span class='ocrx_word' id='word_1_359' title='bbox 1670 2242 1744 2292; x_wconf 93' lang='lat'><strong>11.</strong></span> <span class='ocrx_word' id='word_1_360' title='bbox 1783 2258 1836 2306; x_wconf 88' lang='lat' dir='ltr'><strong>p.</strong></span> <span class='ocrx_word' id='word_1_361' title='bbox 1875 2241 2005 2303; x_wconf 90' lang='grc'><strong><em>290)</em></strong></span> <span class='ocrx_word' id='word_1_362' title='bbox 2039 2242 2329 2292; x_wconf 88' lang='lat' dir='ltr'><strong>scribentis</strong></span> <span class='ocrx_word' id='word_1_363' title='bbox 2365 2248 2591 2325; x_wconf 82' lang='grc' dir='ltr'><strong><em>αυτοις,</em></strong></span> <span class='ocrx_word' id='word_1_364' title='bbox 2637 2247 2757 2297; x_wconf 84' lang='lat' dir='ltr'><strong>scil.</strong></span> 
     </span>
     <span class='ocr_line' id='line_1_61' title="bbox 1653 2281 2762 2391; baseline 0.005 -32.108"><span class='ocrx_word' id='word_1_365' title='bbox 1653 2303 1903 2375; x_wconf 64' lang='lat' dir='ltr'><strong>‘&#39;Elinot.</strong></span> <span class='ocrx_word' id='word_1_366' title='bbox 1943 2338 2000 2347; x_wconf 91' lang='lat'><em>-</em></span> <span class='ocrx_word' id='word_1_367' title='bbox 2071 2311 2138 2360; x_wconf 89' lang='lat' dir='ltr'><strong>In</strong></span> <span class='ocrx_word' id='word_1_368' title='bbox 2174 2326 2337 2391; x_wconf 87' lang='lat' dir='ltr'><strong>seqq.</strong></span> <span class='ocrx_word' id='word_1_369' title='bbox 2385 2304 2517 2370; x_wconf 77' lang='grc' dir='ltr'><strong>ές</strong></span> <span class='ocrx_word' id='word_1_370' title='bbox 2483 2330 2514 2363; x_wconf 93' lang='grc' dir='ltr'><strong><em>ο</em></strong></span> <span class='ocrx_word' id='word_1_371' title='bbox 2562 2281 2762 2378; x_wconf 60' lang='grc' dir='ltr'><strong><em>(ἅσπερ,</em></strong></span> 
     </span>
     <span class='ocr_line' id='line_1_62' title="bbox 1672 2368 2762 2444; baseline 0.007 -15"><span class='ocrx_word' id='word_1_372' title='bbox 1672 2379 1810 2443; x_wconf 68' lang='grc' dir='ltr'><strong><em>ὀισπ)</em></strong></span> <span class='ocrx_word' id='word_1_373' title='bbox 1848 2395 1945 2444; x_wconf 91' lang='lat' dir='ltr'><strong>pro</strong></span> <span class='ocrx_word' id='word_1_374' title='bbox 1983 2374 2088 2437; x_wconf 77' lang='grc' dir='ltr'><strong>ἕως</strong></span> <span class='ocrx_word' id='word_1_375' title='bbox 2126 2368 2196 2431; x_wconf 80' lang='grc' dir='ltr'><strong><em>οὖ</em></strong></span> <span class='ocrx_word' id='word_1_376' title='bbox 2241 2397 2305 2431; x_wconf 85' lang='lat' dir='ltr'><strong>ex</strong></span> <span class='ocrx_word' id='word_1_377' title='bbox 2344 2381 2447 2432; x_wconf 84' lang='lat' dir='ltr'><strong>hoc</strong></span> <span class='ocrx_word' id='word_1_378' title='bbox 2481 2382 2601 2434; x_wconf 83' lang='lat' dir='ltr'><strong>loco</strong></span> <span class='ocrx_word' id='word_1_379' title='bbox 2645 2385 2762 2436; x_wconf 83' lang='lat' dir='ltr'><strong>lau-</strong></span> 
     </span>
     <span class='ocr_line' id='line_1_63' title="bbox 1672 2450 2761 2514; baseline 0.005 -14"><span class='ocrx_word' id='word_1_380' title='bbox 1672 2451 1767 2500; x_wconf 83' lang='lat' dir='ltr'><strong>dat</strong></span> <span class='ocrx_word' id='word_1_381' title='bbox 1805 2451 2031 2514; x_wconf 82' lang='lat' dir='ltr'><strong>Gregor.</strong></span> <span class='ocrx_word' id='word_1_382' title='bbox 2072 2450 2193 2501; x_wconf 85' lang='lat' dir='ltr'><strong>Cor.</strong></span> <span class='ocrx_word' id='word_1_383' title='bbox 2246 2450 2284 2501; x_wconf 92' lang='lat'><strong>1.</strong></span> <span class='ocrx_word' id='word_1_384' title='bbox 2335 2452 2372 2502; x_wconf 92' lang='grc'><strong>1.</strong></span> <span class='ocrx_word' id='word_1_385' title='bbox 2412 2452 2462 2514; x_wconf 91' lang='lat'><strong>5.</strong></span> <span class='ocrx_word' id='word_1_386' title='bbox 2499 2454 2588 2504; x_wconf 90' lang='grc'><strong>63.</strong></span> <span class='ocrx_word' id='word_1_387' title='bbox 2675 2456 2761 2505; x_wconf 87' lang='grc' dir='ltr'><strong>Τιι</strong></span> 
     </span>
     <span class='ocr_line' id='line_1_64' title="bbox 1671 2520 2758 2587; baseline 0.003 -16"><span class='ocrx_word' id='word_1_388' title='bbox 1671 2520 1782 2571; x_wconf 79' lang='lat' dir='ltr'><strong>vid.</strong></span> <span class='ocrx_word' id='word_1_389' title='bbox 1816 2520 1886 2571; x_wconf 89' lang='lat' dir='ltr'><strong>ad</strong></span> <span class='ocrx_word' id='word_1_390' title='bbox 1906 2521 1950 2584; x_wconf 92' lang='grc' dir='ltr'><strong>Ι,</strong></span> <span class='ocrx_word' id='word_1_391' title='bbox 1971 2521 2039 2570; x_wconf 87' lang='grc'><strong>67</strong></span> <span class='ocrx_word' id='word_1_392' title='bbox 2076 2525 2132 2570; x_wconf 88' lang='lat' dir='ltr'><strong>et</strong></span> <span class='ocrx_word' id='word_1_393' title='bbox 2165 2521 2245 2583; x_wconf 93' lang='grc' dir='ltr'><strong>ΙΙ,</strong></span> <span class='ocrx_word' id='word_1_394' title='bbox 2274 2521 2372 2573; x_wconf 86' lang='grc'><strong>116</strong></span> <span class='ocrx_word' id='word_1_395' title='bbox 2391 2528 2509 2574; x_wconf 88' lang='lat' dir='ltr'><strong>not.</strong></span> <span class='ocrx_word' id='word_1_396' title='bbox 2535 2523 2613 2587; x_wconf 92' lang='lat'><strong>11,</strong></span> <span class='ocrx_word' id='word_1_397' title='bbox 2638 2525 2758 2574; x_wconf 87' lang='grc'><strong><em>157.</em></strong></span> 
     </span>
    </p>
   </div>
   <div class='ocr_carea' id='block_1_13' title="bbox 2029 2691 2394 2745">
    <p class='ocr_par' dir='ltr' id='par_1_16' title="bbox 2029 2691 2394 2745">
     <span class='ocr_line' id='line_1_65' title="bbox 2029 2691 2394 2745; baseline 0.011 -4"><span class='ocrx_word' id='word_1_398' title='bbox 2029 2691 2161 2743; x_wconf 69' lang='lat' dir='ltr'><strong>Car.</strong></span> <span class='ocrx_word' id='word_1_399' title='bbox 2201 2692 2394 2745; x_wconf 86' lang='lat' dir='ltr'><strong>CXIX.</strong></span> 
     </span>
    </p>
   </div>
   <div class='ocr_carea' id='block_1_14' title="bbox 1668 2791 2781 4392">
    <p class='ocr_par' dir='ltr' id='par_1_17' title="bbox 1671 2791 2759 2928">
     <span class='ocr_line' id='line_1_66' title="bbox 1741 2791 2759 2862; baseline 0.008 -19"><span class='ocrx_word' id='word_1_400' title='bbox 1741 2791 1979 2859; x_wconf 80' lang='grc' dir='ltr'><strong><em>εἴπας]</em></strong></span> <span class='ocrx_word' id='word_1_401' title='bbox 2019 2796 2103 2846; x_wconf 90' lang='lat' dir='ltr'><strong>De</strong></span> <span class='ocrx_word' id='word_1_402' title='bbox 2130 2797 2304 2847; x_wconf 82' lang='lat' dir='ltr'><strong>forma</strong></span> <span class='ocrx_word' id='word_1_403' title='bbox 2330 2798 2478 2850; x_wconf 82' lang='lat' dir='ltr'><strong>cons.</strong></span> <span class='ocrx_word' id='word_1_404' title='bbox 2503 2800 2550 2862; x_wconf 93' lang='grc' dir='ltr'><strong>Ι,</strong></span> <span class='ocrx_word' id='word_1_405' title='bbox 2574 2801 2664 2851; x_wconf 88' lang='grc'><strong>22.</strong></span> <span class='ocrx_word' id='word_1_406' title='bbox 2689 2800 2759 2851; x_wconf 77' lang='grc'><strong>49</strong></span> 
     </span>
     <span class='ocr_line' id='line_1_67' title="bbox 1671 2864 1960 2928; baseline 0.007 -15"><span class='ocrx_word' id='word_1_407' title='bbox 1671 2864 1804 2928; x_wconf 88' lang='lat' dir='ltr'><strong>ibiq.</strong></span> <span class='ocrx_word' id='word_1_408' title='bbox 1841 2868 1960 2915; x_wconf 77' lang='lat' dir='ltr'><strong>not.</strong></span> 
     </span>
    </p>

    <p class='ocr_par' dir='ltr' id='par_1_18' title="bbox 1668 2924 2761 3345">
     <span class='ocr_line' id='line_1_68' title="bbox 1742 2924 2756 3003; baseline 0.008 -22"><span class='ocrx_word' id='word_1_409' title='bbox 1742 2930 1968 2994; x_wconf 74' lang='grc' dir='ltr'><strong><em>ξεινίων</em></strong></span> <span class='ocrx_word' id='word_1_410' title='bbox 2022 2924 2231 2999; x_wconf 83' lang='grc' dir='ltr'><strong><em>ἤντησε</em></strong></span> <span class='ocrx_word' id='word_1_411' title='bbox 2280 2926 2562 3003; x_wconf 78' lang='grc' dir='ltr'><strong><em>μεγαλων]</em></strong></span> <span class='ocrx_word' id='word_1_412' title='bbox 2620 2938 2654 2987; x_wconf 88' lang='lat' dir='ltr'><strong>i.</strong></span> <span class='ocrx_word' id='word_1_413' title='bbox 2708 2954 2756 2989; x_wconf 88' lang='lat' dir='ltr'><strong>e.</strong></span> 
     </span>
     <span class='ocr_line' id='line_1_69' title="bbox 1668 3004 2759 3070; baseline 0.006 -19"><span class='ocrx_word' id='word_1_414' title='bbox 1668 3019 1849 3068; x_wconf 63' lang='lat' dir='ltr'><strong>magna</strong></span> <span class='ocrx_word' id='word_1_415' title='bbox 1888 3004 2021 3053; x_wconf 80' lang='lat' dir='ltr'><strong>dona</strong></span> <span class='ocrx_word' id='word_1_416' title='bbox 2062 3004 2334 3070; x_wconf 71' lang='lat' dir='ltr'><strong>hospitalia</strong></span> <span class='ocrx_word' id='word_1_417' title='bbox 2379 3013 2557 3056; x_wconf 75' lang='lat' dir='ltr'><strong>nactus</strong></span> <span class='ocrx_word' id='word_1_418' title='bbox 2589 3015 2668 3057; x_wconf 74' lang='lat' dir='ltr'><strong>est</strong></span> <span class='ocrx_word' id='word_1_419' title='bbox 2708 3024 2759 3059; x_wconf 83' lang='lat' dir='ltr'><strong>s.</strong></span> 
     </span>
     <span class='ocr_line' id='line_1_70' title="bbox 1669 3072 2761 3155; baseline 0.005 -33"><span class='ocrx_word' id='word_1_420' title='bbox 1669 3072 1942 3137; x_wconf 62' lang='lat' dir='ltr'><strong>insiynibus</strong></span> <span class='ocrx_word' id='word_1_421' title='bbox 1976 3074 2121 3124; x_wconf 75' lang='lat' dir='ltr'><strong>donis</strong></span> <span class='ocrx_word' id='word_1_422' title='bbox 2153 3075 2484 3155; x_wconf 72' lang='lat' dir='ltr'><strong>hospitalibus</strong></span> <span class='ocrx_word' id='word_1_423' title='bbox 2514 3085 2761 3139; x_wconf 69' lang='lat' dir='ltr'><strong>exceptus</strong></span> 
     </span>
     <span class='ocr_line' id='line_1_71' title="bbox 1671 3135 2757 3215; baseline 0.005 -23"><span class='ocrx_word' id='word_1_424' title='bbox 1671 3150 1767 3193; x_wconf 78' lang='lat' dir='ltr'><strong>est.</strong></span> <span class='ocrx_word' id='word_1_425' title='bbox 1820 3142 1904 3192; x_wconf 93' lang='lat' dir='ltr'><strong>De</strong></span> <span class='ocrx_word' id='word_1_426' title='bbox 1938 3148 2213 3194; x_wconf 84' lang='lat' dir='ltr'><strong>structura</strong></span> <span class='ocrx_word' id='word_1_427' title='bbox 2246 3145 2400 3195; x_wconf 82' lang='lat' dir='ltr'><strong>verbi</strong></span> <span class='ocrx_word' id='word_1_428' title='bbox 2424 3135 2608 3215; x_wconf 79' lang='grc' dir='ltr'><strong><em>ἀντᾷν</em></strong></span> <span class='ocrx_word' id='word_1_429' title='bbox 2642 3148 2757 3197; x_wconf 79' lang='lat' dir='ltr'><strong>vid.</strong></span> 
     </span>
     <span class='ocr_line' id='line_1_72' title="bbox 1672 3210 2761 3279; baseline 0.004 -19"><span class='ocrx_word' id='word_1_430' title='bbox 1672 3210 1941 3262; x_wconf 72' lang='lat' dir='ltr'><strong>Matthiae</strong></span> <span class='ocrx_word' id='word_1_431' title='bbox 1977 3213 2069 3265; x_wconf 86' lang='lat' dir='ltr'><strong>Gr.</strong></span> <span class='ocrx_word' id='word_1_432' title='bbox 2105 3214 2199 3265; x_wconf 86' lang='lat' dir='ltr'><strong>Gr.</strong></span> <span class='ocrx_word' id='word_1_433' title='bbox 2237 3230 2363 3279; x_wconf 79' lang='lat' dir='ltr'><strong>pag.</strong></span> <span class='ocrx_word' id='word_1_434' title='bbox 2404 3213 2538 3274; x_wconf 76' lang='lat'><strong>6363</strong></span> <span class='ocrx_word' id='word_1_435' title='bbox 2578 3212 2761 3277; x_wconf 79' lang='grc' dir='ltr'><strong><em>ξείνια</em></strong></span> 
     </span>
     <span class='ocr_line' id='line_1_73' title="bbox 1676 3281 2694 3345; baseline 0.004 -14"><span class='ocrx_word' id='word_1_436' title='bbox 1676 3281 1805 3345; x_wconf 89' lang='lat' dir='ltr'><strong>quid</strong></span> <span class='ocrx_word' id='word_1_437' title='bbox 1840 3282 1974 3343; x_wconf 84' lang='lat' dir='ltr'><strong>sint,</strong></span> <span class='ocrx_word' id='word_1_438' title='bbox 2015 3284 2319 3333; x_wconf 88' lang='lat' dir='ltr'><strong>monuimus</strong></span> <span class='ocrx_word' id='word_1_439' title='bbox 2355 3283 2427 3333; x_wconf 88' lang='lat' dir='ltr'><strong>ad</strong></span> <span class='ocrx_word' id='word_1_440' title='bbox 2467 3285 2542 3344; x_wconf 94' lang='grc' dir='ltr'><strong>ΙΙ,</strong></span> <span class='ocrx_word' id='word_1_441' title='bbox 2578 3285 2694 3337; x_wconf 93' lang='grc'><strong><em>107.</em></strong></span> 
     </span>
    </p>

    <p class='ocr_par' dir='ltr' id='par_1_19' title="bbox 1668 3340 2781 4252">
     <span class='ocr_line' id='line_1_74' title="bbox 1741 3340 2759 3420; baseline 0.006 -21"><span class='ocrx_word' id='word_1_442' title='bbox 1741 3344 1835 3399; x_wconf 79' lang='grc' dir='ltr'><strong>καὶ</strong></span> <span class='ocrx_word' id='word_1_443' title='bbox 1858 3340 2470 3418; x_wconf 79' lang='grc' dir='ltr'><strong><em>Ελένην-ἀπὲλαβε]</em></strong></span> <span class='ocrx_word' id='word_1_444' title='bbox 2503 3353 2591 3405; x_wconf 83' lang='lat' dir='ltr'><strong>Cf.</strong></span> <span class='ocrx_word' id='word_1_445' title='bbox 2619 3370 2759 3420; x_wconf 74' lang='lat' dir='ltr'><strong>quae</strong></span> 
     </span>
     <span class='ocr_line' id='line_1_75' title="bbox 1669 3419 2760 3487; baseline 0.001 -15"><span class='ocrx_word' id='word_1_446' title='bbox 1669 3419 1995 3474; x_wconf 79' lang='lat' dir='ltr'><strong>Eustathius</strong></span> <span class='ocrx_word' id='word_1_447' title='bbox 2032 3421 2348 3487; x_wconf 86' lang='lat' dir='ltr'><strong>adscripsit,</strong></span> <span class='ocrx_word' id='word_1_448' title='bbox 2387 3438 2420 3472; x_wconf 82' lang='lat' dir='ltr'><strong>a</strong></span> <span class='ocrx_word' id='word_1_449' title='bbox 2448 3423 2535 3476; x_wconf 97' lang='grc'><strong>01·</strong></span> <span class='ocrx_word' id='word_1_450' title='bbox 2572 3422 2760 3474; x_wconf 87' lang='lat' dir='ltr'><strong>lauda-</strong></span> 
     </span>
     <span class='ocr_line' id='line_1_76' title="bbox 1671 3490 2756 3558; baseline 0.003 -18"><span class='ocrx_word' id='word_1_451' title='bbox 1671 3496 1786 3553; x_wconf 87' lang='lat' dir='ltr'><strong>tus,</strong></span> <span class='ocrx_word' id='word_1_452' title='bbox 1847 3490 1918 3540; x_wconf 83' lang='lat' dir='ltr'><strong>ad</strong></span> <span class='ocrx_word' id='word_1_453' title='bbox 1964 3491 2167 3557; x_wconf 80' lang='lat' dir='ltr'><strong>Odyss.</strong></span> <span class='ocrx_word' id='word_1_454' title='bbox 2213 3491 2319 3554; x_wconf 84' lang='lat' dir='ltr'><strong>lv,</strong></span> <span class='ocrx_word' id='word_1_455' title='bbox 2358 3494 2459 3542; x_wconf 90' lang='grc'><strong>227</strong></span> <span class='ocrx_word' id='word_1_456' title='bbox 2496 3508 2646 3558; x_wconf 87' lang='lat' dir='ltr'><strong>seqq.</strong></span> <span class='ocrx_word' id='word_1_457' title='bbox 2703 3509 2756 3557; x_wconf 89' lang='lat' dir='ltr'><strong>p.</strong></span> 
     </span>
     <span class='ocr_line' id='line_1_77' title="bbox 1674 3560 2759 3627; baseline 0 -16"><span class='ocrx_word' id='word_1_458' title='bbox 1674 3561 1774 3611; x_wconf 84' lang='lat'><strong>164</strong></span> <span class='ocrx_word' id='word_1_459' title='bbox 1804 3573 1917 3625; x_wconf 87' lang='lat' dir='ltr'><strong>seq.</strong></span> <span class='ocrx_word' id='word_1_460' title='bbox 1957 3562 2043 3612; x_wconf 89' lang='lat' dir='ltr'><strong>ed.</strong></span> <span class='ocrx_word' id='word_1_461' title='bbox 2077 3560 2246 3611; x_wconf 81' lang='lat' dir='ltr'><strong>Basil.</strong></span> <span class='ocrx_word' id='word_1_462' title='bbox 2285 3560 2412 3612; x_wconf 87' lang='lat' dir='ltr'><strong>coll.</strong></span> <span class='ocrx_word' id='word_1_463' title='bbox 2444 3578 2497 3627; x_wconf 90' lang='lat' dir='ltr'><strong>p.</strong></span> <span class='ocrx_word' id='word_1_464' title='bbox 2532 3563 2662 3625; x_wconf 86' lang='lat'>151,</span> <span class='ocrx_word' id='word_1_465' title='bbox 2691 3561 2759 3613; x_wconf 83' lang='grc'><strong>39</strong></span> 
     </span>
     <span class='ocr_line' id='line_1_78' title="bbox 1670 3629 2759 3695; baseline 0.001 -16"><span class='ocrx_word' id='word_1_466' title='bbox 1670 3629 1803 3680; x_wconf 87' lang='lat' dir='ltr'><strong>ibid.</strong></span> <span class='ocrx_word' id='word_1_467' title='bbox 1885 3632 1959 3681; x_wconf 89' lang='lat' dir='ltr'><strong>Et</strong></span> <span class='ocrx_word' id='word_1_468' title='bbox 2010 3631 2248 3695; x_wconf 82' lang='lat' dir='ltr'><strong>pertinet</strong></span> <span class='ocrx_word' id='word_1_469' title='bbox 2297 3630 2402 3681; x_wconf 89' lang='lat' dir='ltr'><strong>huc</strong></span> <span class='ocrx_word' id='word_1_470' title='bbox 2457 3631 2759 3682; x_wconf 84' lang='lat' dir='ltr'><strong>Stesichori</strong></span> 
     </span>
     <span class='ocr_line' id='line_1_79' title="bbox 1670 3699 2760 3766; baseline 0.001 -16"><span class='ocrx_word' id='word_1_471' title='bbox 1670 3715 1881 3766; x_wconf 89' lang='lat' dir='ltr'><strong>quoque</strong></span> <span class='ocrx_word' id='word_1_472' title='bbox 1919 3700 2161 3751; x_wconf 88' lang='lat' dir='ltr'><strong>narratio</strong></span> <span class='ocrx_word' id='word_1_473' title='bbox 2209 3699 2276 3750; x_wconf 89' lang='lat' dir='ltr'><strong>de</strong></span> <span class='ocrx_word' id='word_1_474' title='bbox 2310 3699 2525 3751; x_wconf 89' lang='lat' dir='ltr'><strong>Helena</strong></span> <span class='ocrx_word' id='word_1_475' title='bbox 2558 3717 2593 3750; x_wconf 87' lang='lat' dir='ltr'><strong>a</strong></span> <span class='ocrx_word' id='word_1_476' title='bbox 2630 3702 2760 3751; x_wconf 89' lang='lat' dir='ltr'><strong>Pro-</strong></span> 
     </span>
     <span class='ocr_line' id='line_1_80' title="bbox 1671 3769 2763 3835; baseline 0 -16"><span class='ocrx_word' id='word_1_477' title='bbox 1671 3774 1761 3819; x_wconf 88' lang='lat' dir='ltr'><strong>teo</strong></span> <span class='ocrx_word' id='word_1_478' title='bbox 1794 3775 1959 3834; x_wconf 82' lang='lat' dir='ltr'><strong>capta</strong></span> <span class='ocrx_word' id='word_1_479' title='bbox 1983 3775 2149 3835; x_wconf 86' lang='lat' dir='ltr'><strong>atque</strong></span> <span class='ocrx_word' id='word_1_480' title='bbox 2184 3774 2399 3819; x_wconf 87' lang='lat' dir='ltr'><strong>retenta</strong></span> <span class='ocrx_word' id='word_1_481' title='bbox 2436 3770 2583 3834; x_wconf 86' lang='lat' dir='ltr'><strong>apud</strong></span> <span class='ocrx_word' id='word_1_482' title='bbox 2607 3769 2763 3820; x_wconf 86' lang='lat' dir='ltr'><strong>seho-</strong></span> 
     </span>
     <span class='ocr_line' id='line_1_81' title="bbox 1668 3837 2761 3905; baseline 0.001 -17"><span class='ocrx_word' id='word_1_483' title='bbox 1668 3839 1816 3889; x_wconf 87' lang='lat' dir='ltr'><strong>liast.</strong></span> <span class='ocrx_word' id='word_1_484' title='bbox 1844 3839 2072 3890; x_wconf 82' lang='lat' dir='ltr'><strong>Aristid.</strong></span> <span class='ocrx_word' id='word_1_485' title='bbox 2090 3854 2217 3905; x_wconf 83' lang='lat' dir='ltr'><strong>pag.</strong></span> <span class='ocrx_word' id='word_1_486' title='bbox 2239 3839 2308 3890; x_wconf 91' lang='grc'><strong><em>56</em></strong></span> <span class='ocrx_word' id='word_1_487' title='bbox 2338 3838 2425 3889; x_wconf 92' lang='lat' dir='ltr'><strong>ed.</strong></span> <span class='ocrx_word' id='word_1_488' title='bbox 2448 3837 2761 3902; x_wconf 84' lang='lat' dir='ltr'><strong>Frommel.‚</strong></span> 
     </span>
     <span class='ocr_line' id='line_1_82' title="bbox 1671 3908 2759 3973; baseline 0.003 -16"><span class='ocrx_word' id='word_1_489' title='bbox 1671 3908 1826 3958; x_wconf 87' lang='lat' dir='ltr'><strong>cuius</strong></span> <span class='ocrx_word' id='word_1_490' title='bbox 1870 3908 1979 3958; x_wconf 89' lang='lat' dir='ltr'><strong>loci</strong></span> <span class='ocrx_word' id='word_1_491' title='bbox 2030 3909 2137 3959; x_wconf 88' lang='lat' dir='ltr'><strong>iam</strong></span> <span class='ocrx_word' id='word_1_492' title='bbox 2179 3923 2345 3973; x_wconf 87' lang='lat' dir='ltr'><strong>supra</strong></span> <span class='ocrx_word' id='word_1_493' title='bbox 2400 3909 2759 3960; x_wconf 86' lang='lat' dir='ltr'><strong>meminimus.</strong></span> 
     </span>
     <span class='ocr_line' id='line_1_83' title="bbox 1672 3977 2762 4043; baseline 0.001 -16"><span class='ocrx_word' id='word_1_494' title='bbox 1672 3978 1810 4027; x_wconf 86' lang='lat' dir='ltr'><strong>Nam</strong></span> <span class='ocrx_word' id='word_1_495' title='bbox 1826 4014 1840 4040; x_wconf 91' lang='lat'>,</span> <span class='ocrx_word' id='word_1_496' title='bbox 1870 3983 1932 4028; x_wconf 91' lang='lat' dir='ltr'><strong>ut</strong></span> <span class='ocrx_word' id='word_1_497' title='bbox 1958 3982 2141 4028; x_wconf 88' lang='lat' dir='ltr'><strong>monet</strong></span> <span class='ocrx_word' id='word_1_498' title='bbox 2163 3977 2576 4043; x_wconf 74' lang='lat' dir='ltr'><strong>wesseling-ius,</strong></span> <span class='ocrx_word' id='word_1_499' title='bbox 2600 3977 2762 4028; x_wconf 79' lang='lat' dir='ltr'><strong>valde</strong></span> 
     </span>
     <span class='ocr_line' id='line_1_84' title="bbox 1671 4047 2763 4112; baseline 0.003 -17"><span class='ocrx_word' id='word_1_500' title='bbox 1671 4047 1812 4097; x_wconf 87' lang='lat' dir='ltr'><strong>inter</strong></span> <span class='ocrx_word' id='word_1_501' title='bbox 1847 4052 2058 4097; x_wconf 80' lang='lat' dir='ltr'><strong>veteres</strong></span> <span class='ocrx_word' id='word_1_502' title='bbox 2108 4047 2502 4112; x_wconf 82' lang='lat' dir='ltr'><strong>disceptatum,</strong></span> <span class='ocrx_word' id='word_1_503' title='bbox 2550 4047 2763 4098; x_wconf 87' lang='lat' dir='ltr'><strong>Helena</strong></span> 
     </span>
     <span class='ocr_line' id='line_1_85' title="bbox 1669 4116 2762 4183; baseline -0.001 -16"><span class='ocrx_word' id='word_1_504' title='bbox 1669 4116 1964 4167; x_wconf 83' lang='lat' dir='ltr'><strong>Troiamne</strong></span> <span class='ocrx_word' id='word_1_505' title='bbox 1979 4116 2048 4167; x_wconf 89' lang='lat' dir='ltr'><strong>ab</strong></span> <span class='ocrx_word' id='word_1_506' title='bbox 2061 4116 2370 4168; x_wconf 83' lang='lat' dir='ltr'><strong>Alexandro</strong></span> <span class='ocrx_word' id='word_1_507' title='bbox 2389 4117 2555 4168; x_wconf 83' lang='lat' dir='ltr'><strong>fuerit</strong></span> <span class='ocrx_word' id='word_1_508' title='bbox 2573 4133 2762 4183; x_wconf 85' lang='lat' dir='ltr'><strong>aspor-</strong></span> 
     </span>
     <span class='ocr_line' id='line_1_86' title="bbox 1669 4187 2781 4252; baseline 0.001 -16"><span class='ocrx_word' id='word_1_509' title='bbox 1669 4190 1789 4236; x_wconf 79' lang='lat' dir='ltr'><strong>tata</strong></span> <span class='ocrx_word' id='word_1_510' title='bbox 1822 4202 1891 4236; x_wconf 86' lang='lat' dir='ltr'><strong>an</strong></span> <span class='ocrx_word' id='word_1_511' title='bbox 1928 4187 1982 4235; x_wconf 92' lang='lat' dir='ltr'><strong>in</strong></span> <span class='ocrx_word' id='word_1_512' title='bbox 2018 4187 2781 4252; x_wconf 70' lang='lat' dir='ltr'><strong>Aegyptum..</strong></span> 
     </span>
    </p>

    <p class='ocr_par' dir='ltr' id='par_1_20' title="bbox 1668 4245 2765 4392">
     <span class='ocr_line' id='line_1_87' title="bbox 1738 4245 2761 4319; baseline 0 -16"><span class='ocrx_word' id='word_1_513' title='bbox 1738 4246 1935 4319; x_wconf 74' lang='grc' dir='ltr'><strong><em>ἐπειδὴ</em></strong></span> <span class='ocrx_word' id='word_1_514' title='bbox 1968 4248 2031 4304; x_wconf 68' lang='grc' dir='ltr'><strong>δὲ·</strong></span> <span class='ocrx_word' id='word_1_515' title='bbox 2064 4253 2237 4305; x_wconf 82' lang='grc' dir='ltr'><strong><em>τοῦτο</em></strong></span> <span class='ocrx_word' id='word_1_516' title='bbox 2269 4245 2362 4305; x_wconf 74' lang='grc' dir='ltr'><strong>ἐπὶ</strong></span> <span class='ocrx_word' id='word_1_517' title='bbox 2400 4247 2615 4305; x_wconf 79' lang='grc' dir='ltr'><strong><em>πολλὸν</em></strong></span> <span class='ocrx_word' id='word_1_518' title='bbox 2645 4269 2761 4304; x_wconf 76' lang='grc' dir='ltr'><strong><em>τοι·</em></strong></span> 
     </span>
     <span class='ocr_line' id='line_1_88' title="bbox 1668 4271 2765 4392; baseline 0.002 -20"><span class='ocrx_word' id='word_1_519' title='bbox 1668 4320 1805 4373; x_wconf 79' lang='grc' dir='ltr'><strong><em>οῦτο</em></strong></span> <span class='ocrx_word' id='word_1_520' title='bbox 1852 4271 1952 4389; x_wconf 86' lang='grc' dir='ltr'><strong><em>ἧν]</em></strong></span> <span class='ocrx_word' id='word_1_521' title='bbox 2001 4314 2094 4374; x_wconf 77' lang='grc' dir='ltr'><strong><em>ἐπὶ</em></strong></span> <span class='ocrx_word' id='word_1_522' title='bbox 2139 4316 2354 4375; x_wconf 82' lang='grc' dir='ltr'><strong><em>πολλὸν</em></strong></span> <span class='ocrx_word' id='word_1_523' title='bbox 2402 4329 2489 4375; x_wconf 86' lang='lat' dir='ltr'><strong>est</strong></span> <span class='ocrx_word' id='word_1_524' title='bbox 2531 4325 2653 4392; x_wconf 75' lang='lat' dir='ltr'><strong>diu,</strong></span> <span class='ocrx_word' id='word_1_525' title='bbox 2702 4329 2765 4375; x_wconf 84' lang='lat' dir='ltr'><strong>ut</strong></span> 
     </span>
    </p>
   </div>
  </div>
 </body>
</html>
