3109 5092
1299 366 1550 432 cmo.
1597 372 1649 432 1.
1674 339 1785 436 (17.

2554 388 2674 452 149

1795 534 1813 560 θ
1874 536 1891 562 2
1959 537 1975 563 5
2043 542 2062 563 Ι

560 519 698 588 ἔνθ’
733 521 945 608 ἄνεμοι
984 534 1256 596 πνείουσι
1300 530 1410 598 δύο
1452 542 1747 623 κρατερῆς
1781 567 1869 605 υπ
1939 569 2242 629 αναγκης,

559 628 661 689 καὶ
710 626 900 706 τύπος
944 624 1295 716 ἀντίτυπος,
1341 637 1444 700 καὶ
1488 635 1641 721 πῆμ’
1690 641 1787 705 ἐπὶ
1822 642 2053 727 πήματι
2094 659 2301 713 κεῖται.

561 725 699 793 ἔνθ’
738 727 1247 817 Ἀγαμεμνονίδην
1285 740 1515 822 κατέχει
1556 747 1838 823 φυσίζοος
1878 744 1984 810 αἶα
1997 794 2016 827 ,

557 826 662 896 τὸν
707 827 782 898 συ
817 835 1245 919 κομισσάμενος
1295 843 1511 923 Τεγέης
1553 843 1955 929 ἐπιτάρροθος
1998 851 2155 939 ἔσσῃ.

290 954 489 1040 33Ὡς
517 960 593 1030 δὲ
620 963 733 1031 καὶ
759 969 969 1033 ταῦτα
994 962 1297 1055 ἥκουσαν
1330 973 1402 1039 οί
1420 972 1945 1062 Λακεδαιμόνιοι
1962 1029 1980 1063 ,
2022 976 2303 1070 ἀπεῖχον
2327 990 2443 1074 τῆς
2476 983 2662 1068 ἐξευ-

380 1161 568 1209 campo.
654 1148 839 1214 Ipsum
898 1152 1175 1203 oraculum
1239 1155 1474 1208 afferunt

380 1216 607 1268 Aristid.
654 1219 834 1271 Schol.
883 1236 1011 1286 pag.
1066 1223 1169 1275 213
1217 1240 1335 1292 seq.
1384 1227 1468 1280 ed.

380 1288 668 1338 Frommel.
704 1294 760 1339 et
804 1290 1033 1342 Diodor.
1081 1293 1138 1342 in
1181 1294 1466 1362 Excerptt.

382 1360 435 1420 5.
485 1357 570 1408 32.
638 1358 727 1422 (T.
783 1360 861 1412 ΙΙ.
912 1377 968 1426 p.
1031 1363 1099 1414 28
1136 1363 1278 1416 Nov.
1342 1366 1465 1419 coll.

379 1426 556 1493 Mai),
603 1429 697 1479 ubi
736 1434 920 1481 tamen
965 1430 1023 1480 111
1079 1433 1252 1498 primo
1306 1452 1469 1488 versu

376 1497 879 1619 3⁰5³3mss.¹252‘2”
895 1499 1184 1636 ρῖἷέῗέἑὶ.
1203 1504 1468 1627 wat?

374 1635 481 1698 111,
521 1636 574 1688 3.
612 1641 664 1701 §-
715 1640 768 1690 5.
823 1640 1086 1706 Stephan.
1136 1644 1371 1707 Byzant.
1420 1662 1464 1697 s.

372 1722 429 1756 v.
472 1705 664 1770 Τεγέα.
709 1708 859 1759 1110111
906 1712 1211 1761 Pausanias
1246 1714 1344 1776 IX,
1380 1716 1466 1777 38,

371 1776 405 1828 3
450 1774 628 1827 simile
663 1793 885 1841 prorsus
920 1781 1128 1829 oraculi
1147 1796 1467 1846 responsum

372 1845 587 1907 retulit,
626 1845 999 1897 Orchomeniis
1049 1854 1205 1914 peste
1243 1851 1465 1902 afflictis

371 1913 578 1977 datum,
616 1920 675 1965 ut
710 1916 781 1966 ad
828 1933 889 1967 se
932 1919 1161 1969 Hesiodi
1209 1935 1337 1971 ossa
1373 1922 1466 1972 ad-

372 1984 654 2036 ducerent.
694 1986 774 2035 Ac
810 1985 968 2052 plura
1000 1987 1309 2039 huiusmodi
1345 2007 1463 2041 ora-

371 2053 513 2116 cula,
537 2055 734 2119 quibus
760 2056 1106 2108 sciscitantes
1132 2057 1355 2110 heroum
1379 2076 1461 2109 os-

370 2138 434 2173 sa
504 2125 563 2173 in
631 2126 866 2189 patriam
940 2130 1138 2176 terram
1204 2129 1458 2178 reducere

373 2193 653 2257 iubentur,
717 2194 877 2245 affert
936 2197 1199 2259 Limburg
1235 2224 1254 2233 -
1288 2196 1455 2243 Brou-

367 2278 478 2314 1101-
521 2264 667 2314 Hist.
726 2264 793 2314 de
843 2265 898 2314 la
951 2265 1145 2315 civilis.
1215 2263 1305 2313 Gr.
1352 2259 1450 2309 IV.

369 2331 510 2397 (VI.)
548 2349 600 2398 p.
646 2331 762 2385 139.
804 2349 974 2396 eoque
1021 2328 1284 2381 declarari
1330 2343 1453 2377 een-

367 2407 452 2452 set
484 2418 735 2467 magnam
775 2404 902 2463 vim,
941 2415 1099 2464 quam
1136 2396 1206 2445 ad
1241 2397 1450 2447 animos

367 2472 695 2523 Graecorum
743 2472 955 2534 patriae
1001 2480 1181 2514 amore
1226 2466 1450 2529 implen-

364 2541 464 2591 dos
501 2546 556 2591 et
589 2533 1017 2590 corroborandos
1059 2533 1194 2584 haec
1229 2537 1450 2587 oracula

364 2610 579 2659 omnino
616 2603 966 2658 exercuerint.
1004 2603 1186 2653 Minus
1209 2603 1447 2669 placent,

360 2693 501 2744 qnae
536 2677 673 2726 idem
710 2673 795 2721 vir
831 2672 1023 2721 doctus
1064 2671 1101 2722 1.
1138 2672 1174 2723 l.
1213 2690 1340 2740 pag.
1377 2676 1447 2727 65

360 2748 427 2797 de
463 2746 562 2794 hoe
600 2742 719 2806 ipso
757 2741 1072 2792 Herodoteo
1110 2744 1330 2795 oraculo
1368 2746 1446 2796 iu-

356 2814 521 2872 dicat,
564 2810 709 2875 quod
752 2811 1005 2876 aenigma
1046 2813 1227 2877 potius
1272 2815 1448 2865 videri

352 2880 488 2941 vult,
524 2878 668 2930 haud
692 2880 974 2946 ingeniose
997 2883 1365 2949 excogitatum
1391 2891 1447 2936 et

351 2953 546 3015 aperta
600 2948 864 3001 falsitatis
929 2950 1134 3003 indicia
1194 2968 1327 3019 prae
1385 2972 1442 3007 se

352 3020 557 3070 ferens.

419 3084 518 3138 καὶ
554 3078 739 3145 τυ’πος
774 3077 1115 3155 ἀντίτυπος,
1164 3086 1259 3141 καὶ
1295 3083 1440 3158 πῆμ’

350 3148 445 3208 ἐπὶ
479 3148 698 3222 πήματι
733 3157 940 3225 κεῖται]
977 3161 1219 3225 Exponit
1241 3162 1442 3214 Noster

349 3229 469 3294 ipse
517 3224 784 3293 (itemque
832 3229 1137 3280 Pausanias
1193 3230 1227 3280 l.
1278 3230 1346 3294 1.)
1393 3233 1439 3296 1,

349 3298 417 3349 68
456 3298 747 3348 obscurum
792 3297 1000 3349 oraculi
1047 3300 1279 3361 dictum3
1340 3294 1442 3352 τὸν

347 3358 573 3432 ἄκμονα
616 3362 712 3417 καὶ
767 3360 873 3432 τὴν
921 3365 1152 3434 σφῦραν
1196 3370 1444 3433 (incudem

349 3443 405 3488 et
438 3438 689 3502 malleum)
716 3452 839 3487 esse
874 3439 953 3488 ait
987 3431 1091 3488 τὸν
1126 3432 1312 3489 τύπον
1344 3437 1442 3491 καὶ

346 3499 452 3557 τὸν
493 3498 840 3571 ἀντίτυπον,
894 3508 1038 3574 quod
1083 3509 1311 3561 malleus
1362 3512 1442 3562 in-

347 3576 542 3627 cudem
570 3577 732 3627 feriat
757 3581 812 3628 et
849 3578 1003 3628 incus
1039 3580 1283 3630 vicissim
1311 3581 1442 3632 mal-

344 3647 490 3697 leum
549 3644 626 3712 (s.
691 3645 873 3697 mallei
924 3646 1122 3712 ictum)
1182 3650 1437 3715 repellat3

344 3718 535 3781 itaque
570 3707 711 3780 πῆμ’
759 3709 851 3767 ἐπὶ
898 3710 1113 3782 πήματι
1156 3722 1337 3769 κεῖται
1374 3721 1442 3772 (10

339 3788 517 3849 ferro,
569 3786 714 3850 quod
775 3785 970 3838 malleo
1029 3804 1192 3853 super
1242 3790 1442 3841 incude

344 3855 613 3906 tunditur.
652 3854 736 3906 Ad
761 3846 1071 3915 ἀντίτυπος
1095 3859 1254 3923 plura
1278 3860 1442 3910 Creu-

344 3940 504 3977 zerus
539 3923 578 3977 l.
615 3924 654 3976 1.
685 3926 975 3987 excitavit3
1013 3931 1074 3978 tu
1108 3928 1235 3979 vide
1271 3931 1440 3995 potis-

342 3997 544 4047 simum
580 3995 870 4047 Ruhnken.
919 3997 989 4047 ad
1038 3998 1253 4049 Timaei
1300 4000 1435 4050 Lex.

342 4064 568 4117 Platon.
606 4080 733 4131 pag.
780 4066 897 4117 157.
969 4067 1131 4132 Apud
1179 4068 1439 4134 Sophocl.

342 4134 643 4189 Philoctet.
717 4134 840 4188 690.
927 4137 1064 4189 1438
1133 4138 1441 4190 invenimus

343 4196 560 4255 στόνον
615 4194 1045 4267 ἆντίτυπονς
1108 4207 1232 4259 0011.
1292 4210 1443 4259 Anti-

340 4275 522 4355 tigon.
561 4273 665 4325 134
696 4279 751 4325 et
786 4274 890 4327 590
927 4275 1045 4339 (ubi
1079 4269 1314 4342 πήματα
1351 4271 1443 4328 ἐπὶ

342 4357 569 4407 πημασι
605 4343 768 4408 plane
800 4350 861 4395 ut
913 4345 966 4397 h.
1017 4346 1078 4413 1.)
1126 4353 1182 4398 et
1226 4347 1439 4399 Aelian.

337 4415 412 4465 V.
468 4414 542 4465 Η.
586 4414 693 4479 111,
748 4414 837 4467 43.
912 4416 1054 4471 Add.
1103 4417 1440 4469 Bachmamr.

1573 1160 1818 1212 Anecdd.
1852 1162 1899 1212 I.
1929 1178 1983 1229 p.
2007 1165 2123 1229 102,
2150 1166 2246 1217 25:
2282 1156 2660 1227 ἀντιτύπους·

1575 1222 1854 1296 σκληροὺς
1888 1230 1983 1283 καὶ
2017 1225 2390 1294 ἆνενδότους,
2413 1250 2662 1302 μεταφο-

1575 1300 1747 1364 ρικοῖς
1804 1293 1920 1352 απὸ
1955 1302 2061 1352 τοῦ
2119 1295 2374 1369 ἄκμονος
2411 1301 2508 1355 καὶ
2561 1304 2663 1372 τῆς

1571 1363 1800 1436 σφύρας
1844 1368 1940 1422 καὶ
1996 1365 2178 1432 τύπος
2223 1366 2550 1432 ἀντίτυπος.
2588 1406 2661 1416 —

1571 1439 1786 1505 κατέχει
1837 1440 2109 1506 φυσίζοος
2167 1435 2270 1493 αἶα
2320 1444 2378 1494 111
2423 1449 2657 1496 mentem

1571 1516 1796 1561 revocat
1831 1512 2033 1563 similes
2076 1513 2298 1564 Homeri
2333 1511 2655 1579 locutiones,

1556 1580 1642 1649 ‚de
1702 1582 1899 1646 quibus
1951 1581 2210 1631 disseruit
2270 1581 2517 1632 Nitzsch.
2586 1585 2656 1635 ad

1575 1648 1775 1713 Odyss.
1813 1652 1912 1712 XI,
1948 1649 2067 1701 301.
2136 1649 2222 1697 Tu
2258 1649 2370 1701 vid.
2410 1652 2655 1716 inprimis

1572 1717 1660 1769 Ili.
1688 1720 1795 1779 III,
1819 1720 1938 1767 243.
1963 1716 2109 1776 XXI,
2146 1715 2233 1763 62.

1645 1817 1850 1883 Τεγέης
1895 1805 2280 1879 ἕπιτάρᾆθος
2329 1813 2485 1886 ἔσσῃ]
2531 1811 2652 1871 ἐπι-

1567 1882 1873 1948 ταρἆθος,
1909 1887 1970 1931 ut
2006 1873 2341 1949 ἔπίρὅθος,
2367 1894 2652 1951 poetarum

1565 1954 1907 2018 potissimum
1944 1956 2046 2014 est,
2063 1952 2157 2002 ubi
2192 1956 2522 2020 explicatur:
2560 1961 2653 2011 ad-

1563 2027 1709 2074 iutor.
1763 2018 1920 2081 Quod
1968 2024 2149 2072 tamen
2195 2023 2320 2075 huic
2369 2025 2491 2078 loco
2541 2044 2651 2080 non

1562 2088 1850 2137 convenire
1885 2104 2042 2140 nemo
2073 2107 2182 2141 non
2218 2094 2400 2159 videt,
2447 2097 2505 2146 in
2543 2113 2650 2164 quo

1555 2159 1789 2207 victorem
1825 2157 1990 2223 vulgo
2035 2161 2288 2214 reddunt.
2355 2167 2461 2216 Est
2507 2169 2651 2218 enim

1555 2226 1768 2277 mediae
1830 2228 2251 2293 significationis
2308 2234 2536 2299 vocula,
2584 2242 2647 2288 ut

1554 2297 1778 2347 verbum
1805 2297 2002 2361 ipsum,
2041 2300 2184 2351 unde
2229 2302 2536 2356 deductum.
2561 2312 2648 2357 est

1553 2354 1912 2431 ἕπιρἆθεῐν,
1961 2370 2105 2433 quod
2138 2386 2256 2421 cum
2298 2374 2516 2424 omnino
2548 2375 2646 2426 sit:

1550 2450 1660 2484 cum
1688 2438 1900 2499 strepitu
1931 2441 2194 2501 accedere,
2227 2457 2335 2491 non
2370 2444 2550 2494 minus
2579 2445 2647 2496 de

1552 2505 1728 2555 amico
1767 2521 1929 2570 quam
1977 2508 2043 2557 de
2087 2509 2248 2559 hoste
2291 2511 2644 2577 adstrepente

1552 2574 1661 2623 dici
1684 2576 1903 2639 poterit.
1943 2577 2066 2627 Hoc
2095 2576 2217 2629 loco
2253 2578 2320 2629 de
2356 2579 2514 2631 hoste
2553 2598 2646 2633 ac-

1550 2644 1750 2707 cipias,
1791 2644 1860 2693 ad
1896 2645 2134 2710 Tegeam
2172 2648 2468 2700 accedente
2501 2666 2645 2701 eam-

1549 2728 1655 2777 que
1691 2713 1896 2776 impetu
1931 2729 2030 2765 suo
2078 2716 2358 2779 obruente,
2395 2719 2432 2768 i.
2470 2734 2518 2770 e.
2556 2735 2643 2771 su-

1549 2787 1793 2848 perante.
1843 2780 1946 2834 Est
1994 2785 2147 2835 locus
2184 2786 2440 2852 Aeschyli
2487 2789 2544 2838 in
2581 2790 2641 2841 S.

1549 2869 1598 2902 0.
1638 2852 1740 2903 Τ11.
1779 2852 1898 2917 364,
1929 2853 2023 2904 11111
2047 2854 2256 2905 Chorus
2293 2861 2480 2921 sperat
2504 2874 2644 2909 mor-

1545 2927 1658 2973 tem
1696 2923 2079 2988 adventuram,
2117 2918 2496 2990 παγκλαύτων
2546 2918 2642 2978 ἄ).-

1546 2989 1691 3056 γὲων
1745 2982 2182 3058 suldanum,
2241 3011 2383 3061 quae
2428 2997 2642 3049 scilicet

1546 3061 1703 3112 malis
1741 3060 1961 3125 liberet3
2001 3064 2096 3114 ubi
2121 3063 2514 3129 Blomfieldius,
2551 3068 2640 3118 cui

1545 3132 1740 3182 merito
1772 3131 2050 3198 displicuit
2086 3133 2330 3200 vulgaris
2371 3137 2642 3188 adiutrieis

1547 3201 1908 3267 significatiO,
1974 3218 2134 3268 quam
2187 3203 2313 3255 huic
2366 3206 2492 3257 voci
2544 3207 2641 3255 tri-

1544 3271 1735 3333 buunt,
1767 3272 1974 3336 mavult
2012 3272 2314 3337 explicare:
2364 3275 2638 3338 „abr-nens,

1544 3340 1696 3391 velut
1726 3340 1929 3407 aqua.“
1981 3341 2140 3392 Conf.
2181 3343 2410 3394 eundem
2447 3343 2516 3393 ad
2553 3359 2638 3395 vs.

1545 3411 1577 3460 7
1611 3411 1742 3461 ibid.
1782 3411 1972 3476 Neque
2008 3427 2137 3461 vero
2171 3411 2281 3462 ista
2314 3413 2640 3477 interpreta-

1543 3480 1694 3530 tione
1735 3496 1870 3545 opus
1909 3480 2039 3541 erit,
2078 3480 2127 3530 si
2168 3482 2321 3530 vocis
2358 3482 2637 3530 notionem

1543 3549 1682 3600 bene
1719 3549 2044 3613 perceperis.
2091 3550 2207 3600 Nec
2238 3550 2403 3600 etiam
2441 3551 2498 3599 111
2527 3551 2637 3600 Ηο-

1544 3618 1770 3669 rodoteo
1806 3617 1927 3667 loco
1964 3617 2258 3683 quidquam
2298 3619 2634 3683 mutandum,

1542 3688 1637 3737 ubi
1697 3686 2001 3751 Schweigh.
2061 3687 2236 3753 magis
2290 3688 2473 3753 placet
2533 3687 2635 3737 Τε-

1540 3755 1696 3823 γέῃς
1746 3757 1802 3805 111
1862 3755 2077 3820 dativo,
2132 3759 2453 3822 praesertim
2512 3773 2635 3809 cum

1543 3827 1690 3891 apud
1728 3826 2061 3891 Stephanum
2098 3827 2235 3893 Byz.
2290 3826 2328 3879 l.
2377 3826 2415 3878 l.
2455 3833 2634 3880 exstet

1547 3893 1817 3959 Τεγέαις.
1863 3895 2137 3947 Diodorus
2175 3897 2310 3948 nihil
2346 3903 2544 3950 mutat.

1601 3980 1854 4064 ’ἀπεῖχον
1914 3998 2016 4066 τῆς
2083 3993 2396 4064 ἐξευρέσιος
2460 3990 2637 4051 οὐδὲν

1542 4064 1808 4131 ἔλασσον,
1870 4062 2057 4121 πάντα
2121 4064 2433 4137 διζήμενοι]
2489 4072 2528 4122 1.
2586 4086 2633 4122 0.

1542 4139 1731 4203 „nihilo
1762 4142 1920 4206 maqis
1963 4144 2197 4205 reperire
2233 4147 2502 4205 potuerunt
2536 4156 2637 4191 om-

1541 4213 1628 4260 nia
1662 4213 1881 4275 quamvis
1916 4212 2311 4277 disquirentes“‚
2339 4227 2385 4261 e.
2427 4210 2499 4261 ad
2520 4224 2637 4259 ver-

1544 4279 1671 4329 bum
1729 4281 1931 4346 magis:
1996 4281 2100 4345 „ab
2150 4284 2428 4331 inventione
2485 4279 2637 4331 nihilo

1541 4351 1701 4414 maqis
1753 4350 1994 4413 aberant,
2048 4354 2210 4400 onmia
2266 4352 2485 4414 quanwis
2531 4349 2636 4399 die-

1543 4418 1864 4484 quirentes.“
1918 4418 2187 4470 Videntur
2229 4421 2436 4485 priores
2472 4419 2637 4468 inter-

1797 4502 1826 4523 Ι
