3109 5092
1176 375 1428 437 CLIO.
1474 379 1525 436 I.
1575 388 1696 440 154.
1749 389 1867 441 155.

2537 383 2653 444 311

384 551 606 624 Σάκαι
635 577 706 620 τε
748 550 859 619 κοὶὶ
888 549 1282 637 Αἰγύπτιοι,
1324 548 1421 621 ἐπ’
1450 548 1570 633 οὓς
1611 554 1838 641 ἐπεῖχέ
1869 528 1942 625 τε
1978 557 2489 644 στρατηλατέειν
2531 554 2654 627 αὖ·

386 654 532 741 τὰς,
569 656 679 723 ἐπὶ
711 653 785 722 δὲ
803 650 1035 734 ’Ἱωνας
1060 650 1270 725 ἄλλον
1297 657 1587 745 πέμπειν
1629 657 2022 747 στρατηγόν.
2088 654 2202 740 Ὡς
2240 658 2316 728 δὲ
2355 655 2655 750 ἀπήλασε
2679 671 2794 732 154

387 756 424 831 ὁ
452 764 680 846 Κῦρος
714 758 789 827 ἐκ
829 762 965 828 τῶν
990 765 1347 848 Σαρδίων,
1388 759 1543 841 τούς
1585 759 1857 842 Λυδοὺς
1894 761 2223 851 ἀπέστησε
2265 756 2302 833 ὅ
2343 765 2660 854 Πακτύης

388 862 523 935 ἀπό
562 889 635 930 τε
693 860 1004 950 Ταβάλου
1048 864 1161 931 καὶ
1198 861 1468 952 Κύρου·
1516 862 1810 954 καταβὰς
1850 867 1926 936 δὲ
1973 869 2082 936 ἐπὶ
2119 865 2503 953 θάλασσαν,
2544 865 2662 938 ἅτε

389 965 506 1037 τὸν
544 961 797 1054 χρυσὸν
838 970 1011 1052 ἔχων
1052 965 1271 1035 πάντα
1307 964 1427 1036 τὸν
1469 970 1545 1036 ἐκ
1576 972 1715 1038 τῶν
1749 976 2108 1059 Σαρδίων,
2153 969 2557 1059 ἐπικούρους
2589 998 2663 1041 τε

391 1073 753 1160 ἐμισθοῦτο
822 1070 931 1138 καὶ
996 1066 1153 1150 τούς
1218 1072 1744 1153 ἐπιθαλασσίους
1793 1069 2204 1163 ἀνθρώπους
2257 1079 2494 1144 ἔπειθε
2535 1073 2666 1145 σὺν

394 1176 622 1265 ἑωυτῷ
664 1170 1173 1262 στρατεύεσθαι.
1263 1173 1505 1256 ἐλάσας
1548 1175 1624 1245 δὲ
1662 1176 1771 1245 ἐπὶ
1809 1175 1925 1258 τὰς
1965 1176 2224 1269 Σάρδις
2278 1178 2665 1268 ἐπολιόρκεε

407 1276 743 1364 Τάβαλον,
780 1271 1203 1365 ἀπεργμένον
1230 1279 1304 1347 ἐν
1330 1283 1410 1370 τῇ
1434 1277 1815 1368 ἀκροπόλει.
2662 1313 2666 1319 ·

538 1376 942 1468 Πυθόμενος
984 1380 1059 1449 δὲ
1092 1378 1239 1450 κατ’
1271 1376 1436 1453 ὁδὸν
1470 1389 1682 1453 ταῦτα
1722 1377 1759 1451 ὁ
1796 1388 2023 1472 Κῦρος
2063 1379 2208 1451 εἷπε
2253 1381 2418 1472 πρὸς
2453 1391 2664 1474 Κροῑ-
2689 1394 2808 1453 155

397 1505 521 1554 σον
557 1481 754 1552 τάδε·
829 1492 1116 1574 Κροῖσε,
1158 1492 1229 1555 τί
1263 1492 1446 1556 ἔσται
1484 1485 1562 1556 τὸ
1602 1489 1788 1567 τέλος
1834 1492 1972 1557 τῶν
2011 1489 2390 1575 γινομένων
2415 1487 2675 1559 τούτων

399 1591 551 1677 ἐμοί
560 1619 577 1669 ;
619 1584 703 1656 οὐ
745 1587 1116 1659 παύσονται
1158 1592 1409 1675 Λυδοὶ,
1453 1585 1541 1672 ὥς
1583 1601 1838 1678 οἴκασι,
1874 1589 2230 1681 πρήγματα
2271 1595 2674 1680 παρέχοντες

401 1694 511 1761 καὶ
550 1688 741 1760 αὐτοὶ
785 1696 1065 1779 ἔχοντες.
1126 1700 1496 1781 φροντίζω,
1554 1692 1646 1784 μὴ
1685 1692 1961 1784 ἄριστον
2003 1685 2046 1783 ᾖ
2096 1690 2670 1783 ἐξανδραποδίσα-

400 1802 573 1865 σθαί
593 1814 806 1884 σφεας
825 1816 841 1831 ·
890 1789 1134 1883 ὁμοίως
1163 1795 1289 1886 γάρ
1316 1825 1428 1885 μοι
1455 1802 1591 1892 νῦν
1615 1825 1694 1885 γε
1726 1804 2052 1885 φαίνομαι
2080 1800 2518 1884 πεποιηκέναι
2539 1848 2556 1882 ,
2587 1792 2677 1878 ὥς

402 1909 589 1980 εἴτις
627 1900 881 1986 πατέρα
926 1896 1325 1981 ἀποκτείνας
1365 1905 1502 1970 τῶν
1552 1906 1822 1970 παίδων
1860 1897 2074 1970 αὐτοῦ
2097 1904 2425 1989 φείσαιτο.
2485 1896 2573 1982 οἳς
2603 1900 2677 1969 δὲ

404 2104 583 2153 minus
630 2104 843 2152 attento
890 2102 1099 2153 iudicat
1139 2101 1490 2153 Hemsterhu-

405 2175 519 2222 sius
555 2171 647 2239 (T.
686 2172 792 2220 III.
818 2188 873 2236 p.
910 2172 1011 2223 381
1041 2172 1123 2224 etl.
1158 2170 1329 2237 Bip.).
1386 2173 1492 2221 Xe-

407 2242 624 2306 nophon
665 2241 925 2291 Croesum
960 2241 1281 2308 Babyloniis
1337 2256 1493 2305 opem

405 2313 599 2362 tulisse
645 2310 839 2361 scribit
889 2309 1212 2377 (Cyropaed.
1262 2312 1307 2373 1,
1350 2310 1401 2372 5,
1439 2310 1491 2361 3.

406 2383 482 2445 11,
528 2383 576 2443 1,
613 2380 694 2447 5);
734 2379 935 2446 Cyrum
970 2397 1126 2444 vero,
1170 2382 1263 2446 qui
1301 2385 1495 2429 eontra

406 2451 740 2516 Babylonios
766 2450 846 2500 nil
873 2452 1103 2516 suscipit
1140 2449 1227 2514 (V,
1264 2449 1344 2513 3),
1371 2454 1497 2514 post

409 2523 669 2572 Croesum
716 2520 991 2571 devictum
1028 2519 1364 2586 Babylonem
1402 2536 1495 2585 ag-

407 2607 653 2655 gressum
692 2605 814 2640 esse
847 2588 996 2654 (VII,
1037 2589 1112 2655 5).
1185 2592 1338 2653 Quae
1374 2605 1496 2639 eum

408 2663 489 2712 ita
554 2661 692 2724 sint,
756 2662 837 2711 Ιο.
902 2676 936 2710 a
983 2660 1267 2724 Gumpaeh
1334 2658 1497 2725 (Zeit-

408 2731 690 2796 reebnung
714 2729 766 2781 d.
804 2729 1000 2795 Babyl.
1021 2746 1076 2795 p.
1114 2730 1200 2780 89.
1228 2730 1355 2781 coll.
1385 2730 1497 2780 Ab·

411 2803 535 2851 riss.
568 2800 623 2852 d.
660 2799 845 2866 babyl.
873 2815 1049 2865 assyr.
1088 2800 1418 2851 Geschiehte
1442 2816 1496 2865 p.

417 2871 537 2937 121)
585 2871 692 2920 duo
736 2869 881 2919 bella
911 2886 945 2919 a
984 2869 1126 2934 Cyro
1162 2886 1285 2920 eum
1321 2870 1499 2934 Baby·

412 2942 575 2992 loniis
624 2944 783 3004 gesta
833 2955 954 2990 esse
996 2939 1219 3000 statuit,
1267 2938 1498 2989 alterum

416 3012 485 3062 ab
520 3009 802 3060 Herodoto
835 3009 981 3060 haud
1004 3014 1500 3072 commemoratum,

416 3082 473 3130 in
509 3095 615 3145 quo
650 3078 1074 3144 Babyloniorum
1108 3095 1203 3128 rex
1241 3078 1501 3142 Neriglis-

417 3166 509 3199 sar
549 3150 749 3200 obierit
790 3149 919 3198 anni
957 3149 1060 3198 555
1101 3153 1230 3198 ante
1275 3148 1399 3199 Chr.
1443 3163 1499 3198 n.

416 3220 605 3281 initio,
664 3235 771 3284 quo
818 3218 1006 3268 eodem
1054 3233 1197 3268 anno
1237 3218 1504 3268 ‘Nabona-

418 3290 566 3339 dium
619 3305 664 3339 s.
718 3288 1062 3352 Labynetum
1108 3286 1396 3352 (Herodot.
1454 3287 1501 3348 1,

419 3359 508 3424 77)
548 3358 616 3409 ad
651 3374 874 3423 regnum
912 3363 1163 3408 evectum
1200 3358 1382 3422 ponit;
1413 3354 1505 3405 ’al-

418 3434 595 3479 terum
627 3432 750 3493 post
785 3427 971 3492 Lydos
999 3427 1244 3477 devictos
1283 3425 1505 3476 Sardes-

420 3515 523 3565 que
561 3501 753 3563 captas
790 3513 932 3547 anno
969 3496 1075 3548 538
1118 3501 1249 3548 ante
1287 3496 1413 3547 Chr.
1449 3512 1503 3547 n.

491 3592 575 3651 ἐπ’
611 3591 715 3658 οὓς
747 3592 934 3665 ἐπεῖχέ
975 3615 1043 3650 τε
1083 3596 1508 3664 στρατηλατέειν

420 3662 618 3737 αὐτὸς]
670 3672 752 3723 De
799 3659 983 3736 ἐπεῖχε
1030 3670 1176 3721 conf.
1224 3670 1296 3720 ad
1340 3669 1389 3732 I,
1438 3668 1508 3718 80

421 3741 648 3792 monita.
719 3740 900 3806 Magis
928 3757 1028 3792 nos
1058 3744 1361 3790 remoratur
1390 3753 1510 3803 par-

422 3810 592 3861 ticula
635 3824 722 3872 τε,
769 3825 910 3876 quae
955 3812 1003 3861 si
1084 3810 1220 3860 roba
1269 3813 1380 3870 est,
1430 3824 1511 3859 re-

427 3883 597 3932 fertur
634 3880 703 3931 ad
740 3896 972 3947 sequens
1011 3877 1045 3928 δ
1076 3918 1091 3942 ,
1129 3881 1210 3930 ita
1244 3885 1307 3930 ut
1340 3879 1397 3928 in
1431 3877 1511 3928 bi-

428 3952 631 4016 partita
666 3951 913 4002 oratione
947 3950 1245 4016 particulae
1274 3963 1331 3999 τε
1365 3951 1422 3998 et
1448 3939 1512 3996 δὲ

427 4021 533 4070 sibi
576 4021 807 4071 invicem
856 4020 1243 4085 respondeant3
1294 4033 1402 4084 quo
1444 4017 1512 4067 de

428 4106 531 4141 usu
579 4089 724 4140 conf.
796 4090 933 4142 God.
979 4092 1258 4141 Hermann
1303 4087 1374 4138 ad
1421 4087 1513 4137 Vi-

431 4175 543 4224 get.
582 4175 636 4226 p.
671 4158 792 4212 836.
866 4160 1024 4222 Quod
1057 4161 1375 4210 Buttmann.
1412 4156 1506 4207 Gr.

432 4230 525 4280 Gr.
562 4229 690 4278 mai.
719 4229 795 4279 11.
813 4230 998 4350 ἕὲεὸἳ.
1025 4217 1210 4293 ἐπεῖχέ
1240 4242 1299 4278 τε
1334 4231 1517 4278 ortum.

432 4299 664 4363 putabat
702 4315 769 4349 ex

911 4297 1024 4363 ίχεε
1037 4336 1052 4358 ,
1098 4299 1254 4349 euius
1297 4296 1514 4362 gemina

435 4368 609 4418 forma
629 4358 833 4433 ἕνείχεε
853 4372 1028 4418 exstet
1042 4368 1090 4430 1,
1119 4365 1237 4430 118,
1262 4365 1515 4430 idipsum

1595 2101 1666 2152 ad
1685 2102 1740 2152 h.
1770 2101 1808 2153 l.
1837 2101 2071 2167 indeque
2100 2101 2318 2153 minime
2342 2106 2530 2152 nostro
2558 2102 2680 2154 loco

1596 2171 2009 2222 admittendum.

1958 2342 2091 2393 Cu».
2129 2341 2322 2395 CLIV.

1667 2437 2026 2511 ἀπεργμένον
2074 2437 2136 2494 ἐν
2168 2442 2241 2513 τῇ
2275 2436 2607 2511 ἀκροπόλει]
2646 2448 2683 2497 i.

1599 2533 1646 2567 e.
1687 2518 1739 2566 in
1770 2532 1891 2566 arce
1910 2519 2165 2576 incluswn,
2201 2518 2460 2566 sec-lumem.
2521 2518 2685 2567 Nam·

1598 2601 1705 2652 que
1755 2577 2024 2651 ἀπέργειν
2080 2583 2199 2649 (pro
2243 2577 2555 2650 ἀπείργειν)
2601 2590 2687 2635 est

1595 2656 1884 2719 secludere,
1929 2655 2221 2716 excludere.
2297 2656 2384 2705 Tu
2429 2654 2574 2705 conf.
2617 2656 2684 2719 V,

1599 2727 1686 2777 64.
1729 2726 1827 2790 VI,
1865 2725 1950 2789 79,
1987 2740 2057 2774 ne
2091 2722 2270 2789 plura.

1974 2897 2107 2947 Cu.
2146 2895 2307 2949 CLV.

1674 2990 1744 3049 οὖ
1777 2991 2186 3050 παύσονται-
2208 2991 2512 3065 πρήγματα
2542 3017 2687 3067 παρ-

1604 3068 1860 3136 έχοντες,
1913 3065 2008 3119 καὶ
2055 3061 2220 3120 αὐτοὶ
2268 3064 2514 3138 ἔχοντες]
2550 3073 2586 3123 i.
2638 3088 2686 3123 e.

1604 3156 1703 3190 non
1748 3140 1977 3190 desinent
2028 3139 2143 3192 milti
2186 3142 2385 3206 neyocia
2425 3142 2690 3204 facessere

1605 3218 1655 3261 et
1685 3209 1784 3261 sibi
1813 3210 1916 3272 ipsi
1952 3212 2220 3262 molestiam
2262 3226 2461 3261 creare.
2539 3213 2693 3273 Quae

1607 3280 1678 3330 ad
1717 3279 2044 3330 locutionem
2080 3271 2379 3345 πράγματα
2423 3279 2692 3346 παρέχειν

1607 3344 1702 3399 καὶ
1755 3342 1901 3412 ἔχειν
1959 3349 2341 3399 illustrandam
2399 3350 2693 3413 pertinent,

1608 3418 1780 3471 eitavi
1828 3417 1900 3468 ad
1945 3417 2091 3470 Plut.
2142 3418 2334 3482 Pyrrh.
2383 3425 2534 3536 paffi.⁴
2570 3418 2691 3468 174.

1608 3519 1680 3530 --
1706 3488 1768 3537 In
1807 3503 1957 3552 seqq.
1995 3485 2304 3552 φροντίζω,
2345 3481 2421 3551 μὴ
2501 3499 2695 3548 ριστον

1610 3546 1648 3625 ᾖ
1689 3556 1878 3607 eodem
1908 3556 2067 3607 modo
2089 3555 2295 3606 dietum
2332 3571 2437 3621 quo
2458 3553 2697 3604 δέδοικα

1609 3619 1713 3692 μὴ,
1758 3625 1869 3674 alia
1903 3625 1959 3675 id
1992 3641 2192 3690 genum
2243 3625 2455 3676 Latini:
2497 3640 2694 3689 vereor,

1609 3713 1672 3747 ne
1727 3698 1952 3759 optimum
1995 3697 2064 3746 sit
2112 3711 2237 3761 pro:
2285 3702 2414 3758 puto
2473 3696 2698 3758 optimam

1611 3781 1744 3818 esse.

1682 3826 1758 3892 ὥς
1786 3830 1847 3882 εἴ
1862 3848 1947 3890 τις
1969 3827 2185 3897 πατέρα
2206 3822 2551 3888 ἀποκτείνας
2580 3830 2696 3882 τῶν

1613 3903 1841 3954 παίδων
1874 3895 2056 3953 αὐτοῦ
2093 3900 2374 3969 φείσαιτο]
2413 3901 2693 3953 Herodoto

1613 3978 1670 4025 in
1709 3974 1792 4024 his
1829 3973 2178 4032 obversatum
2210 3988 2329 4024 esse
2362 3971 2700 4022 contendunt

1614 4044 1820 4097 Stasini
1861 4044 2198 4096 versiculum
2222 4043 2404 4106 illum,
2452 4042 2697 4108 pluribus

1613 4114 1972 4181 celebratum,
2009 4119 2072 4167 ut
2103 4116 2160 4164 in
2183 4112 2529 4181 proverbium
2563 4111 2699 4163 adeo

1615 4185 1866 4237 cesserit:

1739 4264 1974 4338 νήπιος,
2010 4259 2074 4329 ὃς
2110 4267 2326 4335 πατέρα
2361 4265 2600 4317 κτείνων

1895 4338 2109 4397 παῖδας
2144 4337 2485 4389 καταλείπει.

434 4437 634 4488 falsum
666 4452 788 4489 esse
811 4437 1046 4489 vidimus
1082 4437 1140 4488 in
1162 4435 1519 4488 annotatione
1621 4428 1746 4482 vid.
1795 4427 2057 4479 Clement.
2102 4424 2397 4476 Alexandr.
2442 4423 2703 4474 Sti-omat-
