3109 5092
492 313 618 377 690
1363 308 1898 370 HERODOTI

494 484 567 568 ὃς
592 483 989 577 μνημόσυνα
1020 485 1285 551 ἐλίπετο
1316 479 1395 552 τὰ
1431 483 1819 572 προπύλαια
1844 479 1928 549 τὰ
1969 478 2137 569 πρὸς
2166 480 2459 569 ἕσπέρην
2484 508 2773 571 τετραμ-

494 591 664 679 μένα
693 593 815 657 τοῦ
846 583 1281 672 Ἡφαιστείου
1299 636 1318 671 ,
1346 583 1622 666 ἀντίους
1650 587 1727 655 δὲ
1749 591 1888 654 τῶν
1909 592 2357 673 προπυλαίων
2383 591 2619 672 ἔστησε
2646 581 2773 653 ἆν-

495 692 813 784 δριάντας
839 690 987 774 δύο,
1015 688 1246 768 ἐόντας
1264 687 1339 757 τὸ
1366 689 1664 779 μέγαθος
1691 687 1892 759 πέντε
1921 690 2034 756 καὶ
2062 698 2277 758 εἴκοσι
2309 686 2601 776 πηχέων,
2634 692 2778 756 τῶν

496 796 856 884 Αἰγύπτιοι
885 790 1005 862 τὸν
1030 792 1157 880 μὲν
1187 790 1352 880 πρὸς
1377 793 1596 883 βορέω
1626 795 1911 862 ἑστεῶτα
1936 792 2255 861 καλέουσι
2282 792 2525 881 θέρος,
2554 789 2674 860 τὸν
2696 791 2775 859 δὲ

496 898 663 992 πρὸς
689 898 892 968 νότον
924 900 1241 985 χειμῶνα.
1312 899 1426 965 καὶ
1462 894 1585 965 τὸν
1610 896 1737 985 μὲν
1762 894 2079 965 καλέουσι
2107 895 2315 983 θέρος
2331 947 2350 981 ,
2376 899 2623 963 τοῦτον
2646 894 2777 981 μὲν

495 1000 1002 1092 προσκυνέουσί
1021 1025 1094 1067 τε
1120 1001 1234 1066 καὶ
1273 990 1352 1068 εὖ
1383 999 1687 1068 ποιέουσι
1707 1052 1725 1085 ,
1764 998 1887 1068 τὸν
1913 999 1991 1068 δὲ
2019 1004 2318 1088 χειμῶνα
2352 997 2778 1086 καλεύμενον

496 1169 623 1237 γον]
662 1170 796 1220 Cum
831 1166 1112 1217 Herodoto
1152 1167 1426 1217 consentit
1453 1167 1586 1216 Dio-

496 1241 660 1290 dorus
716 1238 771 1301 1,
818 1236 909 1287 62.
989 1237 1112 1285 Hoc
1162 1237 1305 1285 enim
1360 1240 1585 1286 auctore

495 1311 752 1361 Proteum
797 1320 963 1370 regno
1009 1305 1234 1370 vitaque
1266 1305 1585 1355 defunctum

498 1378 710 1442 excepit
747 1374 980 1437 Rempln’s
1017 1372 1119 1437 (ita
1161 1389 1281 1424 eum
1317 1374 1580 1440 appellat)

495 1447 667 1508 filius,
705 1443 1035 1509 parsimonia
1067 1444 1316 1508 adeoque
1346 1443 1583 1493 avaritia

494 1515 756 1565 illustrior
787 1527 950 1579 quam
984 1512 1146 1562 rebus
1183 1511 1461 1576 praeclare
1493 1529 1583 1578 ge·

496 1586 619 1637 stis.
690 1584 941 1648 Regnare
981 1581 1072 1631 ille
1117 1583 1296 1647 coepit
1343 1582 1468 1632 inde
1515 1582 1584 1631 ab

499 1670 641 1705 anno
691 1652 825 1705 1244
875 1667 925 1702 a.
977 1651 1100 1701 Chr.
1149 1667 1232 1713 n.,
1281 1656 1344 1700 ut
1388 1652 1587 1701 statuit

499 1723 803 1774 Larcherus
849 1720 1173 1785 chronolog.
1225 1721 1485 1772 d’Herod.
1539 1726 1581 1770 t.

496 1793 624 1844 VII.
663 1808 788 1858 pag.
811 1789 881 1841 99
909 1805 1024 1856 seq.
1065 1790 1185 1841 583.
1254 1791 1409 1852 Quae
1440 1790 1585 1855 apud

498 1863 752 1913 Tacitum
798 1859 996 1910 Annei.
1038 1859 1121 1922 11,
1169 1860 1238 1910 60
1276 1860 1344 1909 de
1383 1860 1583 1919 Bamse,

497 1933 771 1998 Aegyptio
817 1945 970 1995 rege,
1019 1930 1242 1993 eiusque
1288 1930 1585 1993 expeditio-

497 2003 656 2052 nibus
689 2005 1038 2060 enarrantur,
1087 2013 1198 2047 non
1235 1999 1290 2047 in
1326 1998 1587 2061 mampsi-

493 2073 647 2121 m‘eum
700 2068 993 2129 Herodoti,
1053 2067 1149 2116 sed
1203 2067 1261 2117 in
1309 2067 1585 2117 Sesostrin

497 2139 692 2190 cadere
739 2153 902 2202 supra
951 2136 1018 2185 ad
1056 2135 1140 2198 11,
1184 2136 1281 2187 102
1324 2136 1581 2186 vidimus.

495 2209 603 2259 Hic
657 2222 788 2257 vero
838 2207 955 2255 sive
1001 2203 1412 2269 Rhampsinitus
1464 2206 1584 2256 sive

495 2276 779 2340 Rempbis,
829 2275 920 2341 qui
959 2274 1213 2323 Proteum
1261 2278 1583 2339 regnantem

498 2345 730 2410 excepit,
756 2343 1006 2394 ultimum
1026 2341 1462 2393 undevicesimae
1486 2343 1582 2408 dy-

494 2415 710 2465 nastiae
744 2428 956 2478 regem„
993 2416 1056 2462 ut
1092 2410 1163 2481 ad
1197 2411 1272 2476 11,
1316 2413 1412 2462 112
1444 2414 1584 2463 vidi-

493 2500 641 2546 mus,
693 2483 899 2548 primus
933 2481 1122 2545 utique
1160 2496 1253 2531 rex
1286 2481 1582 2532 vicesimae

495 2553 783 2619 dynastiae
831 2566 951 2602 esse
988 2550 1235 2613 debebit,
1284 2552 1377 2615 qui
1415 2567 1445 2601 e
1477 2553 1579 2602 Le-

494 2625 599 2688 psii
635 2621 862 2673 calculis
912 2636 1055 2671 anno
1097 2622 1229 2670 1277
1266 2636 1317 2670 a.
1358 2620 1483 2671 Chr.
1521 2637 1577 2672 n.

495 2693 566 2744 ad
599 2707 826 2758 regnum
860 2693 1111 2742 accessit.
1172 2690 1384 2740 Nomen
1419 2690 1579 2741 huius

492 2763 637 2828 regis
665 2768 721 2812 et
754 2760 1081 2826 reliquorum
1104 2758 1262 2810 huius
1290 2759 1581 2825 dynastiae

491 2847 677 2897 regum
715 2830 861 2896 apud
898 2829 1279 2880 Manethonem
1313 2829 1457 2879 haud
1494 2830 1581 2879 in-

492 2900 735 2961 dicetur,
797 2900 854 2948 in
909 2900 1042 2962 ipsis
1081 2899 1468 2959 monumentis,
1523 2900 1579 2947 in

493 2968 689 3034 quibus
722 2967 866 3016 haud
889 2967 1201 3031 infrequens
1227 2981 1411 3017 eorum
1437 2982 1585 3017 men·

492 3038 601 3098 tio,
667 3050 851 3086 omnes
897 3036 1112 3085 nomine
1157 3035 1356 3086 Ram-sis
1404 3036 1582 3086 decla-

491 3110 712 3167 rantur,
757 3109 900 3154 teste
935 3104 1204 3156 Rosselin.
1243 3105 1393 3155 Mon.
1442 3111 1577 3156 stor.

491 3174 571 3227 11.
607 3190 660 3239 p.
681 3175 749 3224 44
774 3188 887 3238 seq.
962 3175 1157 3239 Itaque
1192 3176 1386 3223 ter-litam
1419 3174 1579 3225 huius

492 3244 726 3295 nominis
780 3257 959 3308 regem
1007 3242 1295 3293 constituit
1347 3243 1581 3308 Lepsius

493 3311 843 3378 (Chronolog.
894 3312 945 3362 d.
989 3313 1226 3377 Aegypt.
1274 3313 1320 3363 1.
1374 3328 1427 3377 p.
1478 3314 1581 3383 295?

492 3382 660 3450 seq.)‚
708 3382 788 3431 ita
823 3381 1235 3432 discernendum
1283 3397 1316 3432 a
1359 3384 1580 3434 secundo

490 3454 692 3504 Ramse
726 3467 772 3501 s.
812 3451 1052 3503 Sesostri
1086 3451 1319 3516 Magno,
1366 3452 1433 3502 de
1470 3468 1578 3517 quo

492 3538 659 3588 supra
695 3521 763 3572 ad
801 3521 885 3583 11,
931 3520 1027 3571 102
1067 3520 1178 3570 vid.
1216 3525 1386 3581 nott.;
1432 3521 1579 3571 unde

491 3592 636 3657 apud
681 3591 984 3641 Diodorum
1027 3589 1064 3641 1.
1116 3590 1154 3640 l.
1202 3606 1299 3654 pro
1344 3580 1580 3654 Ῥέμφις

491 3661 838 3711 scribendum
859 3651 1094 3725 Ῥέμφις
1119 3659 1305 3709 eodem
1339 3659 1457 3710 viro
1487 3660 1580 3710 do-

493 3736 582 3781 cto
636 3735 875 3780 auctore.
958 3730 1119 3779 Hunc
1175 3744 1357 3793 regem
1415 3729 1578 3779 rebus

492 3800 662 3865 gestis
684 3797 1005 3849 excelluisse
1029 3800 1149 3863 ipsa
1169 3802 1445 3848 testantur
1469 3814 1580 3848 mo-

492 3872 782 3918 numenta:
818 3867 874 3916 in
897 3868 1194 3930 parietibus
1223 3867 1412 3933 templi
1434 3867 1580 3932 apud

491 3936 762 3987 Medinat-
776 3935 924 3993 Abu,
975 3936 1030 3984 in
1065 3936 1198 4002 ipsis
1233 3937 1401 4001 igitur
1435 3936 1580 3987 The-

489 4006 575 4055 bis
598 4043 611 4067 ,
682 4004 1011 4069 imaginibus
1079 4011 1578 4070 repraesentantur,

492 4090 630 4141 quae
661 4072 754 4123 ille
792 4073 1018 4138 peregit.
1099 4073 1208 4124 Alii
1237 4075 1580 4140 Rhampsini-

491 4150 604 4195 tum
651 4143 720 4193 ad
761 4144 1011 4193 Ramsem
1058 4146 1271 4206 quintum
1314 4145 1576 4209 referunt,

492 4229 614 4265 cum
657 4213 883 4262 Ramses
945 4211 1137 4261 tertius
1188 4213 1258 4263 ad
1300 4214 1576 4277 Proteum,

491 4298 650 4351 quem
692 4281 1001 4332 Herodotus
1054 4287 1243 4345 vocat,
1304 4285 1577 4347 pertinere

488 4353 769 4406 videatur:
828 4350 938 4402 vid.
995 4352 1268 4417 Brugsch:
1322 4352 1577 4405 Reisebe-

1684 1164 1845 1215 richt.
1904 1180 2006 1215 aus
2052 1166 2286 1231 Aegypt.
2340 1181 2394 1231 p.
2443 1167 2509 1215 75
2559 1180 2672 1229 seq.
2719 1167 2778 1213 et

1685 1236 1830 1285 conf.
1868 1240 2008 1285 nott.
2048 1236 2121 1286 ad
2156 1236 2232 1298 11,
2272 1235 2391 1286 112.

1743 1300 1811 1353 τὰ
1831 1297 2158 1368 προπύλαια
2176 1336 2247 1343 —
2265 1302 2367 1353 τοῦ
2380 1298 2773 1368 Ἡφαιστείου]

1686 1374 1806 1423 Vid.
1846 1374 2044 1435 11,101
2091 1374 2215 1424 coll.
2251 1374 2325 1438 11,
2354 1374 2423 1424 99
2461 1372 2595 1437 ibiq.
2628 1377 2774 1422 nott.

1752 1436 1821 1491 τὸ
1850 1439 2103 1506 μέγαθος
2136 1437 2303 1492 πέντε
2329 1438 2427 1491 καὶ
2455 1439 2638 1491 εἴκοσι
2664 1456 2776 1504 πη-

1682 1506 1851 1577 χέων]
1877 1513 2151 1563 Gaisford.
2177 1518 2233 1562 et
2260 1512 2566 1577 Schweigh.
2594 1527 2659 1561 ex
2683 1510 2775 1561 Al·

1688 1581 1817 1630 dina
1838 1587 2233 1632 revocaverant
2251 1572 2487 1643 ἕείκοσις
2528 1579 2777 1646 equidem
2839 1615 2845 1620 ·

1688 1667 1718 1700 e
1754 1649 2069 1701 melioribus
2103 1651 2262 1702 codd.
2293 1666 2414 1701 cum
2439 1650 2693 1701 Bekkero
2721 1654 2780 1698 et

1687 1719 1908 1785 reliquis
1954 1720 2079 1772 edd.
2128 1721 2383 1786 rescripsi
2429 1726 2485 1769 et
2532 1720 2588 1771 h.
2632 1719 2672 1771 l.
2721 1724 2779 1769 et

1689 1790 1906 1851 11,124.
1947 1790 2063 1840 130.
2096 1791 2213 1842 175.
2247 1790 2344 1841 176
2381 1788 2590 1854 εἰκοσι,
2628 1789 2779 1854 quod

1684 1874 1851 1908 unum
1886 1860 1942 1908 in
1966 1859 2248 1910 Herodoto
2284 1860 2413 1909 ferri
2437 1874 2600 1925 posse
2626 1873 2779 1908 mon·

1686 1928 1884 1977 stravit
1916 1929 2153 1980 Bredov,
2197 1945 2252 1994 p.
2290 1930 2376 1978 45.
2450 1929 2631 1994 Atque
2665 1929 2775 1977 iam

1687 2005 1853 2047 antea
1900 1999 2193 2049 acerrimus
2254 1997 2507 2051 defensor
2560 1997 2777 2047 exstitit

1684 2067 1759 2118 H.
1796 2067 2056 2131 Apetzius
2085 2069 2143 2118 in
2172 2073 2285 2118 not.
2325 2068 2394 2117 ad
2433 2067 2487 2118 h.
2515 2067 2551 2116 l.
2617 2067 2775 2128 Quae

1686 2136 1828 2189 enim
1864 2137 2010 2201 apud
2046 2138 2383 2187 Herodotum
2417 2137 2777 2187 inveniuntur

1685 2207 1893 2255 formae
1928 2197 2152 2269 ἐείκοσι,
2190 2198 2393 2271 ἠέλιος,
2433 2200 2598 2269 ἔσαν,
2636 2201 2778 2262 πάϊς

1684 2289 1750 2324 ac
1785 2274 2021 2337 similes,
2071 2275 2141 2325 ad
2186 2276 2409 2324 nimiam
2449 2275 2780 2325 Grammati-

1683 2358 1869 2393 corum
1927 2344 2271 2394 sedulitatem
2318 2344 2512 2407 refert,
2566 2345 2660 2409 qui
2715 2343 2776 2393 id

1682 2415 1975 2478 praecipue
1998 2416 2197 2464 sectati
2220 2413 2424 2463 fuerint
2439 2452 2453 2477 ,
2493 2418 2554 2463 ut
2576 2414 2775 2463 Musae

1682 2482 1949 2532 Herodoti
1980 2482 2259 2533 mulierum
2290 2483 2599 2534 Ionicarum
2623 2498 2776 2533 more

1683 2553 1935 2616 pretiosis
1983 2554 2209 2603 indutae
2254 2553 2500 2604 vestibus
2555 2553 2775 2603 incede-

1682 2627 1821 2670 rent.
1908 2624 2089 2684 Quare
2133 2622 2269 2673 haec
2312 2623 2491 2672 omnia
2535 2622 2774 2687 expungi

1684 2691 1908 2754 debere,
1947 2707 2084 2757 quae
2122 2707 2188 2742 ex
2213 2696 2370 2757 parte
2405 2692 2569 2742 etiam
2597 2706 2625 2741 e
2652 2706 2775 2742 ver-

1681 2761 1863 2823 sibus,
1899 2775 2037 2826 quos
2062 2761 2375 2812 Herodotus
2409 2761 2654 2811 historiis
2692 2762 2774 2810 in-

1682 2830 1939 2891 seruerit,
1978 2831 2034 2879 in
2063 2835 2272 2881 textum
2300 2831 2635 2897 irrepserint.
2684 2832 2773 2880 Tu

1682 2899 1828 2949 conf.
1876 2899 1961 2962 11,
2004 2900 2123 2950 122.
2180 2900 2295 2952 130.
2349 2900 2466 2951 134.
2555 2899 2663 2950 Sed
2705 2899 2775 2949 de

1680 2967 1765 3017 his
1791 2969 2041 3019 omnibus
2077 2985 2219 3019 nunc
2254 2970 2336 3019 ita
2360 2970 2618 3020 disseruit
2640 2970 2771 3019 Bre-

1681 3037 1828 3100 dovu,
1869 3042 1929 3087 ut
1951 3040 2043 3087 vix
2079 3038 2374 3105 quidquam
2416 3038 2545 3089 addi
2581 3042 2769 3105 queat.

1679 3107 2020 3157 Herodotum
2088 3113 2269 3158 autem
2330 3123 2656 3174 quamquam
2716 3109 2774 3157 in

1680 3176 2004 3240 quibusdam
2035 3176 2222 3227 formis
2260 3177 2366 3228 sibi
2403 3194 2512 3229 non
2548 3193 2772 3243 prorsus

1681 3251 1987 3309 constarep
2011 3246 2104 3296 sed
2146 3248 2454 3311 promiscue
2487 3247 2646 3298 modo
2686 3248 2774 3297 Io-

1679 3314 1834 3365 nicas
1871 3315 2029 3366 modo
2084 3316 2337 3382 vulgares
2380 3317 2584 3367 formas
2622 3316 2774 3366 adhi-

1679 3382 1807 3434 bere
1852 3385 2190 3449 exploratum
2239 3386 2532 3449 habemns,
2588 3392 2773 3437 tamen

1677 3453 1734 3503 in
1772 3454 1894 3504 aliis
1942 3454 2071 3520 quid
2112 3460 2330 3506 secutus
2380 3456 2482 3519 sit,
2536 3457 2774 3521 optimos

1679 3538 1918 3589 quosque
1940 3525 2157 3574 codices
2177 3526 2582 3576 consentientes
2602 3526 2773 3576 ferme

1679 3593 1772 3656 qui
1798 3594 2143 3659 reperiuntur
2163 3594 2299 3645 satis
2322 3594 2517 3645 docere
2542 3595 2772 3645 arbitra-

1683 3677 1818 3724 mur,
1843 3663 2075 3727 indeque
2098 3669 2319 3714 cautum
2346 3665 2609 3716 editorem
2635 3663 2770 3713 nihil

1683 3728 1831 3781 aliud
1882 3748 2044 3798 agere
2079 3748 2271 3797 posse,
2323 3735 2428 3784 nisi
2474 3740 2536 3785 nt
2578 3733 2771 3783 horum

1681 3798 1921 3864 ipsorum
1962 3804 2371 3867 auctoritatem,
2417 3819 2557 3869 quae
2604 3804 2771 3854 etiam

1681 3868 1995 3936 plerumque
2041 3887 2164 3922 cum
2212 3873 2346 3937 ipsis
2393 3874 2772 3939 grammatico-

1680 3953 1797 3988 rum
1834 3943 2141 4006 praeceptis
2167 3948 2452 4008 congruat,
2488 3948 2768 4008 sequatur.

1763 4008 1972 4059 τοῦτον
2038 4004 2143 4076 μὲν
2207 4010 2635 4073 προσκυνέουσί
2686 4009 2769 4077 τε]

1683 4077 1831 4127 Nota
1858 4072 1962 4143 μὲν
1983 4081 2299 4144 repetitum,
2331 4098 2449 4132 cum
2476 4086 2638 4132 autea
2660 4082 2770 4131 iam

1682 4152 1828 4196 esset
1873 4143 1967 4197 καὶ
2007 4146 2110 4198 τὸν
2157 4151 2219 4211 (ἰ.
2270 4165 2316 4200 e.
2362 4140 2455 4215 ὃν)
2500 4146 2625 4215 μὲν
2670 4166 2769 4199 ua-

1677 4213 1869 4265 λέουσι
1929 4214 2126 4283 θέρος.
2208 4220 2292 4268 De
2340 4236 2445 4284 quo
2503 4220 2576 4270 cf.
2625 4225 2766 4270 nott.

1680 4284 1753 4334 ad
1792 4286 1874 4348 11,
1916 4289 2003 4338 42.
2077 4289 2161 4338 De
2209 4289 2374 4340 verbo
2420 4292 2771 4353 προσκυνεῖν

1681 4354 1915 4406 diximus
1948 4358 2016 4407 ad
2046 4357 2120 4420 11,
2158 4357 2247 4409 80.
2289 4385 2354 4394 —
2391 4358 2457 4409 In
2492 4359 2591 4424 iis,
2627 4374 2769 4424 quae
