3109 5092
530 319 654 382 746
1397 327 1933 390 HERODOTI

530 503 775 593 σμένης
801 497 1003 586 ὑψοῦ,
1031 506 1155 570 τοῦ
1180 499 1236 571 δ’
1266 507 1417 591 ἱροῦ
1442 500 1524 572 οὐ
1547 505 2013 591 κεκινημένου,
2044 500 2134 586 ὥς
2160 501 2463 594 ἀρχῆθεν
2491 507 2823 596 ἐποιήθη,

531 605 813 677 ἔσοπτόν
845 608 1002 673 ἐστι.
1056 610 1359 692 περιθέει
1391 604 1451 675 δ’
1485 604 1652 675 αὐτὸ
1679 605 1953 696 αἱμασιὴ
1984 611 2487 698 ἐγγεγλυμμένη
2514 608 2819 680 τύποισι.

531 717 669 780 ἔστι
699 711 775 779 δὲ
815 714 1080 778 ἔσωθεν
1121 707 1319 790 ἄλσος
1346 713 1692 798 δενδρέων
1722 717 2058 799 μεγίστων
2103 716 2620 801 πεφυτευμένον
2649 717 2819 804 περὶ

530 811 696 902 νηὸν
736 815 979 902 μέγαν,
1025 814 1101 880 ἐν
1140 819 1233 906 τῷ
1275 812 1360 902 δὴ
1399 809 1715 900 τῶγαλμα
1763 819 1886 882 ἔνι.
1938 806 2133 904 εὖρος
2178 816 2253 884 δὲ
2295 818 2409 884 καὶ
2447 822 2657 905 μῆκος
2687 824 2825 887 τοῦ
2850 901 2869 914 ·

532 923 684 1004 ἱροῦ
721 914 937 1002 πάντη
975 922 1254 986 σταδίου
1282 920 1440 986 ἐστί.
1493 944 1661 985 κατα
1699 917 1826 1004 μὲν
1865 916 1949 1006 δὴ
1987 916 2113 1006 τὴν
2154 925 2393 988 ἔσοδον
2425 923 2820 1009 ἐστρωμένη

536 1021 673 1090 ἐστὶ
704 1015 859 1099 ὁδὸς
891 1024 1097 1087 λίθου
1123 1021 1230 1089 ἐπὶ
1259 1026 1575 1098 σταδίους
1601 1035 1778 1109 τρεῖς
1805 1019 2090 1108 μάλιστά
2117 1048 2234 1109 κη,
2277 1020 2391 1091 διὰ
2414 1028 2531 1111 τῆς
2559 1021 2822 1114 ἀγορῆς

535 1126 836 1211 φέρουσα
878 1125 943 1200 ἐς
969 1119 1044 1189 τὸ
1085 1121 1249 1209 πρὸς
1289 1120 1421 1212 ἠῶ,
1474 1114 1671 1209 εὖρος
1704 1122 1779 1191 δὲ
1810 1119 1898 1203 ὥς
1942 1125 2279 1211 τεσσέρων
2319 1128 2677 1215 πλέθρων·
2724 1133 2825 1216 τῇ

537 1227 611 1295 δὲ
655 1227 767 1294 καὶ
808 1230 888 1312 τῇ
929 1229 1044 1310 τῆς
1085 1221 1253 1295 ὁδοῦ
1292 1230 1579 1312 δένδρεα
1622 1224 2092 1315 οὐρανομήκεα
2138 1230 2434 1316 πέφυκε·
2500 1232 2695 1317 φέρει
2736 1228 2811 1300 δ’

403 1337 520 1398 139
538 1334 603 1408 ἐς
620 1324 870 1415 Ἑρμέω
901 1326 1068 1415 ἱρόν.
1135 1327 1208 1397 τό
1235 1331 1360 1418 μὲν
1389 1328 1471 1419 δὴ
1510 1326 1659 1414 ἱρὸν
1685 1335 1881 1398 τοῦτο
1910 1327 2085 1399 οὕτω
2116 1337 2270 1418 ἔχει.
2352 1334 2551 1411 Τέλος
2582 1333 2657 1402 δὲ
2691 1341 2819 1423 τῆς

537 1429 922 1517 ἀπαλλαγῆς
964 1437 1085 1498 τοῦ
1130 1439 1464 1511 Αἰθίοπος
1511 1422 1645 1501 ωδε
1695 1439 1928 1518 ἔλεγον
1974 1436 2318 1521 γενέσθαι.
2400 1432 2562 1516 οψιν
2599 1439 2677 1505 έν
2714 1442 2816 1529 τῷ

536 1530 732 1602 ῧπνω
783 1531 1052 1620 τοιήνδε
1102 1534 1335 1604 ἰδόντα
1378 1532 1590 1603 αὐτὸν
1652 1546 1959 1622 οἴχεσθαι
2014 1536 2387 1624 φεύγοντα·
2464 1537 2699 1607 ἐδόκεέ
2746 1545 2823 1608 οἱ

538 1635 755 1724 ἄνδρα
797 1635 1155 1706 έπισταντα
1206 1636 1737 1727 συμβουλεύειν,
1778 1665 1934 1717 τους
1965 1642 2147 1728 ίρέας
2179 1638 2336 1720 τούς
2377 1609 2452 1709 έν
2480 1641 2812 1734 Αἰγύπτῳ

537 1742 949 1821 συλλέξαντα
994 1739 1247 1822 πάντας
1302 1744 1546 1830 μέσους
1605 1747 1992 1829 διαταμεῖν·
2065 1742 2300 1812 ἰδόντα
2356 1743 2430 1812 δὲ
2484 1742 2608 1832 τὴν
2646 1742 2815 1826 ὄψιν

534 1951 644 2002 lum
676 1952 882 2017 ipsum,
929 1950 984 2000 iu
1021 1966 1127 2016 quo
1163 1952 1291 2002 urbs
1328 1951 1621 2003 aedificata

535 2027 683 2083 erat,
730 2021 929 2071 editius
977 2020 1243 2071 redditum
1280 2029 1453 2084 esset,
1491 2022 1619 2072 indo

536 2092 592 2140 in
627 2090 918 2154 templum,
970 2090 1112 2153 quod
1148 2092 1491 2141 immutatum
1539 2107 1620 2141 re-

536 2164 842 2219 manserat,
887 2158 1246 2224 undecunque
1294 2160 1472 2210 facilis
1526 2178 1620 2226 pa·

535 2230 689 2279 tebat
724 2231 1063 2305 conspectus.

607 2295 862 2377 περιθέει
908 2287 963 2342 δ’
1015 2287 1088 2343 αι’
1093 2286 1155 2343 τὸ
1168 2288 1447 2376 αἴμασιὴ
1473 2288 1618 2362 ἔγγε-

535 2359 818 2430 γλυμμένη
839 2357 1093 2430 τύποισι]
1110 2358 1183 2412 αὖ
1189 2357 1270 2422 τὸ,
1294 2383 1370 2415 se.
1391 2359 1453 2414 τό
1460 2362 1618 2446 ἱρόν.

538 2438 621 2486 Tu
660 2433 1049 2496 eonf.1‚163.
1123 2434 1207 2483 De
1245 2428 1481 2500 αἴμασιὴ
1507 2437 1618 2488 vid.

539 2506 584 2567 1,
617 2502 851 2555 180.191
892 2507 946 2553 et
969 2502 1040 2552 ad
1069 2493 1469 2576 ἐγγεγλυμμένη
1491 2521 1617 2557 eon·

537 2576 619 2625 fer
660 2574 733 2634 ΙΙ,
782 2572 902 2624 136.
941 2602 1010 2613 —-
1043 2573 1108 2623 In
1135 2590 1308 2653 seqq.
1359 2576 1496 2626 bene
1543 2576 1623 2625 di-

539 2644 838 2710 stinguitur
871 2644 1012 2693 intor
1049 2635 1188 2707 νηὸς
1223 2652 1279 2694 et
1310 2637 1466 2709 ῖρόνς
1505 2645 1617 2695 vid.

539 2731 601 2766 su
641 2714 1085 2772 raII‚64.104.
1129 2714 1244 2765 135.

639 2798 722 2832 στι
757 2776 821 2833 δὲ
857 2777 1077 2832 ἔσωθεν
1122 2773 1293 2839 αλσος
1338 2779 1626 2845 δενδρέων

539 2851 838 2917 μεγίστων,
888 2850 1316 2916 πεφυτευμένον
1362 2868 1413 2901 ιι.
1461 2867 1510 2901 τ.
1548 2850 1624 2917 λ.]

537 2922 717 2984 Vulgo
741 2919 1243 2983 πεφυτευμένων,
1277 2921 1421 2985 quod
1451 2937 1478 2970 e
1499 2921 1626 2971 Flo-

538 2992 751 3039 rentino
777 2989 990 3053 alioque
1011 2990 1150 3039 libro
1176 2996 1324 3039 recto
1347 3006 1489 3040 nuno
1513 3006 1625 3040 mu·

541 3063 714 3108 tatum
758 3062 861 3108 est.
933 3058 1111 3122 Atque
1148 3059 1402 3108 videntur
1442 3059 1624 3108 istius-

541 3126 688 3177 modi
722 3126 875 3176 luoos
925 3142 990 3175 ex
1035 3142 1180 3177 more
1223 3127 1436 3191 templis
1473 3128 1624 3177 addi-

538 3197 688 3246 disse
734 3197 1015 3260 Aegypti13
1062 3211 1230 3261 quare
1275 3198 1448 3246 nostri
1494 3197 1619 3259 loci,

538 3270 600 3316 ut
651 3271 808 3315 notat
843 3266 935 3315 Cr.
980 3265 1052 3315 ad
1100 3266 1154 3315 h.
1205 3266 1270 3328 1.,
1328 3266 1623 3316 admonent

538 3336 684 3387 docti
714 3335 858 3387 Galli
899 3335 1191 3400 (Descript.
1220 3335 1287 3385 do
1322 3335 1467 3400 ΓΕΒ.
1510 3336 1620 3385 vol.

538 3407 619 3456 ΙΙ.
655 3422 714 3470 p.
749 3403 872 3466 77),
897 3405 1014 3455 ·ubi
1051 3406 1296 3455 referunt
1327 3405 1492 3455 otiam
1533 3420 1624 3455 co-

536 3476 713 3526 lossos
756 3476 916 3526 binos
963 3475 1267 3525 Thebaicos
1323 3475 1522 3534 (Tssma
1569 3480 1621 3524 et

431 3563 438 3570 ·
538 3545 745 3595 Chama
787 3545 963 3595 dictos
998 3559 1165 3609 prope
1198 3541 1620 3600 Medinat-Abu)

540 3615 900 3666 circumdatos
949 3621 1066 3664 osse
1100 3618 1208 3664 luco
1252 3615 1482 3664 mimos-ae
1518 3615 1621 3676 epi-

538 3700 711 3734 nosue.

586 3746 902 3815 ἐστρωμένη
921 3742 1036 3801 ἐστὶ
1060 3741 1197 3808 ὁδὸς
1214 3748 1409 3813 λίθου]
1428 3750 1624 3812 ,,Εὶιιι;

537 3822 684 3871 modi
712 3827 890 3872 autem
920 3821 1232 3885 pavimenta
1251 3819 1487 3883 lapidea,
1514 3835 1625 3868 am-

535 3891 809 3940 bientibus
842 3891 1094 3953 utrinque
1120 3889 1421 3950 arboribus,
1457 3887 1623 3937 etiam

536 3959 769 4020 Thebis,
820 3974 988 4022 propo
1041 3959 1295 4018 Karanit,
1359 3957 1414 4007 in
1469 3957 1623 4006 aditu

536 4027 854 4091 templorum
899 4028 1072 4078 fuisso
1114 4027 1389 4087 videntur,
1442 4032 1505 4077 ut
1556 4043 1622 4076 ox

535 4096 786 4160 vestigiis
819 4095 1117 4145 coniiciuut
1142 4101 1391 4146 auctores
1418 4097 1622 4161 operis·

536 4166 810 4228 Descript.
851 4164 915 4212 de
953 4164 1196 4228 l'Egypt.
1233 4166 1457 4230 Antiqq.
1495 4165 1621 4215 Vol.

540 4236 585 4286 1:
626 4232 757 4293 (sec.
791 4231 938 4296 livr.)
983 4232 1137 4297 ohap.
1167 4233 1265 4284 IX.
1293 4249 1346 4298 p.
1370 4235 1491 4295 255,
1529 4235 1626 4300 qui

537 4304 700 4354 iidem
734 4302 836 4352 hoe
869 4303 921 4351 in
948 4302 1070 4351 loco
1097 4302 1382 4364 insistunt,
1419 4303 1513 4352 ubi
1538 4319 1623 4352 so-

535 4373 647 4425 lum
678 4372 986 4423 Thebarum
1022 4370 1222 4422 editius
1259 4386 1378 4422 osse
1415 4372 1623 4423 factum

1719 1951 1962 2018 pluribus
1988 1954 2412 2001 commonstrare
2430 1952 2669 2015 student,
2695 1953 2808 2003 vol.

1721 2023 1768 2073 1.
1807 2019 2057 2087 (second.
2094 2019 2331 2085 livrais.)
2368 2037 2490 2087 pag.
2531 2021 2619 2072 87.
2626 2022 2661 2049 ‘⁴
2712 2025 2808 2073 Cr.

1721 2092 1785 2142 In
1834 2105 1983 2156 seqq.
2019 2089 2162 2155 quod
2206 2086 2446 2153 δένδρεα
2484 2105 2809 2154 ουρανομη-

1720 2174 1822 2210 ιιεα
1861 2159 1921 2224 (i.
1952 2175 1999 2208 e.
2037 2160 2110 2208 ad
2139 2161 2323 2208 coelum
2358 2176 2515 2225 usque
2541 2168 2810 2223 porrectas

1720 2228 1955 2291 arbores)
1996 2229 2195 2278 Noster
2237 2228 2403 2292 dixit,
2453 2245 2483 2278 e
2526 2236 2811 2293 poetarum

1721 2315 1824 2349 usu
1866 2299 2006 2347 hanc
2052 2313 2240 2347 vocem
2300 2299 2380 2348 sio
2432 2297 2807 2349 adhibentium

1724 2369 1927 2418 dixisse
1961 2366 2201 2426 videtur-3
2239 2368 2384 2418 conf.
2418 2367 2724 2419 Blomflsld.
2756 2370 2811 2418 in

1724 2438 1968 2489 Glossar.
1994 2436 2064 2486 ad
2093 2436 2346 2502 Aeschyl.
2375 2439 2695 2504 Agamemn.
2719 2437 2808 2489 91.

2030 2608 2162 2660 Cn.
2184 2610 2498 2660 CXXXIX.

1798 2709 1970 2770 Τέλος
2017 2706 2079 2762 δὲ
2126 2710 2226 2775 τῆς
2262 2704 2679 2778 ἆπαλλαγῆς],
2684 2703 2811 2775 ,τὴν

1725 2774 2058 2845 ἀπαλλαγὴν
2110 2782 2249 2832 forte
2306 2783 2486 2833 dicere
2542 2782 2813 2847 potuisset

1723 2848 2048 2930 ἀπαλλαγῆς
2091 2849 2272 2912 τέλος,
2322 2856 2385 2902 ut
2432 2867 2567 2902 mors
2612 2851 2813 2900 dieitur

1727 2913 1989 2971 θανατου
2024 2916 2203 2976 τέλοςε
2242 2921 2469 2982 caedes,
2504 2912 2693 2984 φόνου
2728 2918 2811 2968 τὲ-

1727 2990 1841 3048 λος.
1849 2991 1885 3017 “
1958 2988 2262 3044 Valcken.
2346 2992 2499 3053 Quae
2536 2990 2643 3039 nisi
2691 3005 2812 3053 pro-

1724 3062 1849 3120 bos,
1885 3059 2227 3109 scribendum
2263 3059 2479 3110 videtur
2510 3058 2810 3109 Larohoro·

1724 3127 1882 3183 τέλος
1913 3121 2008 3186 δὲ,
2048 3120 2154 3192 τὴν
2182 3119 2532 3193 απαλλαγήν.

1793 3196 2000 3260 μέσοις
2053 3195 2372 3262 διαταμεῖν]
2427 3200 2465 3248 i.
2519 3213 2569 3248 e.
2624 3198 2811 3248 medios

1724 3268 2028 3319 discindere.
2116 3267 2285 3316 Addit
2328 3268 2631 3328 Diodorus,
2688 3282 2809 3316 eam

1724 3352 1835 3386 rem
1878 3350 2301 3386 commemorans
2338 3336 2394 3399 1,
2431 3337 2525 3387 65.
2582 3331 2677 3384 καὶ
2712 3330 2812 3384 διὰ

1721 3404 1907 3470 μέσων
1943 3420 2016 3452 αι
2021 3420 2135 3452 των
2168 3403 2424 3454 διελθεῖν
2462 3397 2598 3468 μετὰ
2634 3403 2808 3467 θεραΟ

1724 3474 1904 3533 πει’,ας
1947 3482 1996 3523 et
2025 3489 2123 3535 per
2158 3476 2345 3528 medios
2374 3484 2541 3525 sectos
2570 3491 2678 3523 cum
2714 3474 2808 3523 ad-

1725 3546 1962 3595 ministr-1⁶⁸
1995 3546 2246 3602 transire5
2293 3543 2597 3594 cuiusmodi
2636 3559 2809 3593 oxom-

1725 3613 1870 3678 plum
1905 3612 2215 3662 Herodotus
2263 3613 2639 3664 subministrat
2682 3613 2806 3672 VII,

1725 3682 1814 3733 39.
1864 3679 2163 3743 διαταμεῖν
2216 3683 2410 3746 scripsi
2456 3699 2485 3732 e
2532 3680 2811 3732 Sauorosti

1724 3751 1893 3810 libro,
1948 3752 2213 3814 probante
2253 3753 2484 3802 BrodoV.
2524 3767 2649 3816 pag.
2687 3751 2808 3812 327,

1727 3821 1819 3885 qui
1854 3820 2056 3871 similia
2092 3820 2282 3869 attulit
2319 3837 2385 3870 ox
2420 3822 2704 3874 Herodoto
2734 3819 2809 3880 11,

1728 3889 1847 3940 162.
1896 3889 2029 3949 VII,
2078 3887 2164 3940 35.
2215 3889 2301 3941 38.
2354 3887 2520 3949 VIII,
2553 3890 2639 3940 ΩΟ.
2696 3887 2808 3939 118.

1726 3958 1867 4009 Add.
1904 3958 1983 4019 ΙΙ,
2026 3958 2142 4008 121.
2187 3962 2237 4020 §-
2277 3961 2329 4009 2.
2400 3959 2579 4020 Vulgo
2619 3955 2811 4006 διατα-

1725 4025 1905 4088 μὲειν,
1945 4027 2099 4077 cuius
2132 4027 2257 4077 loco
2282 4027 2633 4077 Florentinus
2667 4026 2815 4076 exhi.-

1725 4097 1825 4146 bet
1856 4064 2242 4156 διαταμεύειν,
2303 4097 2531 4160 Gregor.
2567 4095 2811 4146 Corinth.

1729 4166 1796 4216 de
1844 4165 1975 4215 dial.
2028 4165 2203 4216 Ionio.
2251 4167 2300 4228 g.
2348 4165 2417 4216 87
2465 4157 2811 4227 διατάμνειν.

1688 4279 1709 4300 ,
1726 4234 1809 4285 Ad
1846 4233 2174 4284 locutionem
2213 4249 2251 4297 μ
2263 4232 2289 4283 ἐ
2304 4247 2336 4282 σ
2351 4248 2381 4281 ο
2395 4250 2430 4284 υ
2447 4249 2475 4290 ς
2518 4231 2817 4312 διαταμεῖν

1727 4309 1942 4368 praetor
1976 4303 2242 4354 Herodot.
2283 4304 2381 4362 IX,
2422 4302 2522 4354 107
2558 4293 2815 4363 (ἁρπαζει

1726 4369 1921 4438 μέσον)
1950 4373 2096 4424 conf.
2122 4374 2343 4423 Homer.
2367 4340 2460 4425 ⁹111.
2484 4367 2661 4434 XVII,
2680 4370 2814 4421 618·
