3109 5092
1178 314 1684 376 EUTERPE.
1730 315 1817 375 H.
1863 322 1952 377 80.

2581 315 2705 378 603

431 486 865 567 σιλεύσαντος
910 486 1264 574 Αἰγύπτου
1314 494 1523 558 παῖδα
1564 492 1983 577 μουνογενέα
2024 492 2378 579 γενέσθαι,
2436 486 2701 559 ἀποθα-

433 591 640 661 νόντα
684 588 749 660 δ’
800 588 1008 660 αὐτὸν
1044 588 1310 680 ἄνωρον
1351 591 1664 682 θρήνοισι
1697 591 1989 663 τούτοισι
2018 587 2142 661 ὑπ’
2177 598 2575 679 Αἰγυπτίων
2600 621 2699 662 τι-

433 700 734 784 μηθῆναι
757 746 775 780 ,
824 696 934 763 καὶ
965 690 1206 784 ἀοιδήν
1231 723 1303 764 τε
1329 700 1582 784 ταύτην
1608 696 1881 783 πρώτην
1916 697 2027 767 καὶ
2055 694 2316 783 μούνην
2355 703 2543 778 σφίσι
2566 724 2698 783 ’γε-

431 803 694 868 νέσθαι.

431 968 759 1018 Graecorum
788 981 974 1017 vocem
995 962 1276 1029 Μανέρως
1298 966 1512 1018 ductam

429 1052 550 1086 esse
587 1041 1010 1086 consentaneum
1049 1041 1152 1086 est.

494 1107 580 1156 De
618 1107 774 1167 Lino,
831 1107 924 1170 qui
967 1105 1021 1154 in
1058 1106 1237 1170 Cypro
1281 1110 1336 1155 et
1372 1107 1514 1171 apud

423 1175 724 1225 Phoenices
750 1178 870 1225 cani
909 1174 1101 1237 soleat,
1138 1175 1380 1239 primarii
1407 1176 1518 1227 1001

427 1250 554 1294 sunt
591 1245 830 1295 Pausan.
871 1245 967 1305 IX,
1007 1243 1076 1294 29
1114 1243 1258 1308 (coll.
1285 1245 1511 1296 Diodor.

427 1313 596 1363 Sicul.
636 1314 740 1374 111,
777 1311 890 1375 66),
930 1314 1139 1364 Conon.
1179 1319 1386 1363 narrat.
1427 1318 1507 1377 19,

425 1382 606 1435 Schol.
647 1383 715 1433 ad
755 1386 975 1435 Homer.
1019 1383 1106 1433 Ili.
1149 1374 1214 1443 α’,
1253 1385 1357 1434 570
1391 1382 1505 1445 (ubi

425 1454 510 1504 Or.
563 1453 716 1503 addit
760 1455 939 1518 Heyn.
992 1453 1244 1502 obserVV.
1291 1455 1502 1504 t.V11.

422 1539 474 1588 p.
528 1522 674 1586 550).
755 1524 894 1573 Ram
938 1521 1045 1572 illis
1091 1523 1148 1571 10
1191 1523 1506 1587 regionibus

422 1593 750 1653 Adonidem,
805 1594 900 1657 001
935 1597 989 1642 01
1029 1594 1149 1656 ipse
1182 1593 1395 1641 iuvenis
1426 1594 1505 1642 in-

422 1662 685 1711 terfectus
727 1662 1031 1723 ferebatur,
1079 1662 1416 1726 plangebant
1451 1668 1505 1712 et

417 1730 672 1795 lugubria
708 1731 762 1780 in
800 1733 915 1781 eius
948 1730 1206 1781 honorem
1241 1731 1386 1781 festa
1406 1731 1504 1781 ha-

420 1801 623 1850 bebant
659 1801 936 1860 instituta3
976 1800 1172 1864 quibus
1205 1800 1334 1865 quid
1355 1807 1501 1851 vete-

419 1884 504 1919 res
532 1869 809 1921 declarare
834 1870 1133 1931 voluerint,
1171 1870 1226 1920 id
1250 1885 1369 1919 eum
1393 1886 1502 1920 000

417 1939 637 2001 latebit,
677 1941 795 2003 qui,
835 1955 975 2005 quae
1000 1939 1388 2003 Aegyptiorum
1425 1940 1502 1989 fe-

418 2013 625 2064 storum
650 2008 717 2059 de
741 2009 973 2060 Osiridis
1011 2009 1164 2058 obitu
1200 2011 1360 2069 ratio,
1384 2024 1501 2072 per·

416 2078 671 2140 spexerit.
735 2079 877 2140 Quid
902 2079 1041 2128 enim
1067 2079 1354 2142 Aegyptiis
1382 2078 1503 2128 Osi-

415 2147 520 2207 ris,
561 2147 615 2196 id
654 2147 766 2196 sere
801 2149 1008 2198 Adonis
1032 2147 1393 2197 Phoenicibus
1420 2153 1500 2196 at-

415 2231 520 2280 que
560 2216 792 2280 Cypriis.
865 2218 947 2267 Ne
992 2216 1190 2279 multa,
1233 2217 1345 2266 vid.
1385 2218 1500 2267 Μο-

413 2300 564 2335 vers:
595 2287 700 2335 Die
725 2287 1046 2337 Phoeuizier
1073 2286 1120 2335 Ι.
1145 2303 1197 2351 p.
1225 2289 1327 2337 244
1346 2302 1499 2352 seqq.

412 2356 528 2405 Nec
558 2355 785 2420 denique
818 2356 922 2406 huc
940 2372 1050 2405 non
1075 2357 1312 2419 pertinet
1334 2357 1499 2406 Grae-

412 2440 597 2474 corum
631 2424 724 2474 ille
754 2427 931 2486 Linus,
968 2425 1233 2490 Apollinis
1270 2426 1363 2490 001
1395 2426 1497 2475 fer·

411 2499 501 2544 tur
543 2493 715 2555 filius,
766 2496 835 2544 ab
887 2495 1118 2545 Hercule
1180 2495 1393 2544 occisus
1441 2500 1496 2544 et

397 2565 650 2613 'carmine
709 2563 925 2626 lugubri
981 2564 1107 2614 inde
1166 2563 1492 2613 celebratus.

409 2633 494 2683 De
532 2633 860 2683 Graecorum
889 2635 1051 2695 Lino,
1092 2634 1158 2683 de
1193 2649 1298 2698 quo
1333 2633 1495 2698 pluri-

411 2701 512 2751 bus
548 2702 639 2752 hic
676 2718 941 2768 exponere
963 2719 1071 2752 non
1106 2708 1302 2760 vacat,
1340 2717 1493 2766 prae-

408 2774 493 2821 ter
535 2770 710 2822 Ulrici
762 2772 1112 2833 (Geschichte
1160 2773 1214 2821 d.
1274 2770 1489 2821 Hellen.

406 2841 569 2891 Poes.
606 2842 684 2891 11.
727 2857 851 2905 pag.
894 2842 1012 2906 172)
1058 2848 1113 2891 01
1158 2841 1310 2891 Bode
1356 2841 1491 2908 (Ge-

408 2910 651 2960 scbichte
686 2910 738 2959 d.
777 2911 992 2961 Hellen.
1028 2912 1188 2961 Poes.
1228 2908 1304 2971 11,
1345 2910 1393 2959 1.
1432 2926 1488 2973 p.

405 2980 466 3031 81
494 2994 625 3043 seqq
636 2979 672 3041 .)
685 2982 973 3044 praecipue
986 2981 1334 3044 disputarunt
1347 2979 1490 3029 Wel·

405 3049 535 3098 cker
572 3048 792 3112 (Kleiue
828 3050 1099 3101 Schriften
1136 3049 1183 3101 Ι.
1220 3064 1344 3113 pag.
1383 3049 1485 3100 8-

404 3117 512 3181 55),
546 3118 874 3168 Ambrosch:
908 3120 992 3168 De
1015 3119 1154 3168 Lino
1191 3119 1485 3169 Dissertat.

401 3186 641 3237 Berolin.
704 3188 858 3249 1829,
912 3190 1044 3238 Em.
1095 3188 1161 3236 de
1216 3186 1485 3237 Lasaulx.

401 3256 585 3306 Ueber
612 3256 700 3306 die
743 3257 1104 3321 Linusklage‚
1142 3257 1484 3322 wirceburg.

406 3326 557 3376 1842.
589 3341 642 3389 p.
683 3327 716 3376 5
751 3342 902 3391 seqq.
942 3326 1198 3388 (Studien
1235 3326 1285 3376 d.
1322 3327 1481 3376 class.

400 3394 734 3445 Alterthums
771 3411 895 3460 pag.
937 3396 1040 3446 345
1078 3411 1231 3461 seqq.
1269 3395 1394 3457 353)
1420 3412 1485 3445 ac

398 3480 568 3527 nuper
598 3465 661 3513 B.
701 3464 1206 3515 Buechsenschuetz
1240 3465 1325 3514 in:
1360 3465 1483 3514 Phi-

396 3533 567 3599 lolog.
622 3533 1019 3584 Schneidewini
1063 3535 1222 3587 vlu.
1277 3530 1478 3597 13.577

398 3618 571 3668 seqq..
607 3603 813 3653 Rinck:
851 3604 953 3654 Die
974 3603 1150 3669 Relig.
1180 3604 1232 3654 d.
1263 3602 1477 3653 Hellen.

397 3688 451 3736 p.
490 3639 593 3723 340
630 3687 743 3737 seq.
818 3674 969 3735 Quae
1007 3674 1206 3733 omnia,
1255 3673 1301 3721 si
1339 3687 1481 3729 sum-

396 3756 540 3791 mam
578 3756 837 3825 0000103,
885 3742 961 3791 011
998 3742 1148 3792 011οᾶ
1192 3742 1306 3791 fere
1344 3736 1481 3791 indi·

396 3814 553 3873 cant,
599 3812 707 3860 nisi
756 3825 973 3861 carmen
1022 3811 1478 3893 antiquissimum,

396 3895 528 3944 quo,
584 3895 724 3944 quae
776 3880 851 3929 dii
894 3882 999 3944 ipsi
1051 3882 1105 3930 in
1152 3881 1310 3930 terris
1363 3880 1480 3943 pati

396 3953 694 4013 cogantur,
731 3950 850 3998 fata
884 3965 1068 3999 eorum
1101 3950 1281 3999 tristia
1319 3949 1478 3998 adeo·

803 801 1284 888 Συμφέρονται
1328 800 1402 868 δὲ
1444 802 1555 869 καὶ
1584 800 1740 870 τόδε
1781 797 1943 869 ἄλλο
1974 799 2335 886 Αἰγύπτιοι
2354 793 2693 888 Ἑλλήνων
2713 809 2794 871 80

1619 975 1835 1034 ruptum
1869 984 1934 1018 ac
1954 972 2206 1018 naturam
2225 968 2398 1031 ipsam
2425 967 2584 1031 quasi
2607 983 2702 1032 pa-

1619 1040 1841 1089 tientem
1876 1053 1941 1087 ac
1969 1037 2270 1100 dolentem,
2312 1051 2432 1085 cum
2455 1037 2701 1088 benefica

1618 1109 1748 1159 solis
1790 1110 1845 1158 vi
1881 1113 2089 1168 careat;
2128 1106 2288 1172 quale
2315 1110 2526 1170 tempus
2543 1105 2699 1173 lugu-

1616 1179 1805 1228 bribus
1839 1177 1996 1228 festis
2036 1193 2154 1226 cum
2193 1174 2518 1240 significarit
2558 1177 2699 1226 anti·

1616 1249 1825 1313 quitas,
1862 1246 2125 1296 hilaribus
2162 1250 2586 1295 consentaneum
2614 1250 2700 1296 est

1616 1318 1946 1368 celebratam
1984 1316 2155 1365 fuisse
2201 1314 2344 1365 Solis
2389 1314 2538 1363 illam
2584 1316 2695 1365 vim

1608 1388 1916 1447 victricem,
1968 1401 2077 1450 qua
2126 1386 2416 1449 quotannis
2450 1383 2698 1448 perficiat

1609 1471 1823 1508 cursum
1885 1471 2039 1506 suum
2100 1470 2165 1504 ac
2223 1469 2392 1504 verno
2454 1458 2694 1518 tempore

1609 1527 1791 1577 omnia
1827 1525 1895 1575 ad
1930 1525 2098 1575 vitam
2137 1523 2315 1573 denuo
2350 1524 2508 1588 quasi
2543 1539 2694 1573 revo-

1607 1606 1695 1646 cet
1730 1600 1786 1646 et
1819 1599 2126 1647 conservet.
2168 1621 2240 1631 -
2276 1595 2358 1642 De
2392 1608 2451 1642 re
2483 1594 2693 1645 musica

1606 1666 1994 1730 Aegyptiorum
2024 1669 2267 1713 veterum
2295 1663 2692 1714 instrumentis-

1606 1750 1711 1798 que
1746 1735 1966 1784 musicis
1990 1734 2077 1785 Cr.
2108 1731 2317 1783 consuli
2350 1731 2469 1781 vult
2496 1734 2687 1783 Descr.

1604 1804 1671 1853 de
1688 1804 1833 1870 l’Eg.
1858 1802 1970 1853 vol.
1999 1803 2078 1853 11.
2099 1819 2153 1865 p.
2179 1800 2304 1865 328)
2330 1805 2384 1849 01
2408 1800 2504 1863 (de
2530 1803 2689 1866 poesi

1601 1874 1734 1923 ibid.
1783 1890 1836 1937 p.
1877 1872 2001 1935 328)
2038 1871 2194 1921 mem.
2236 1869 2358 1918 livr.
2398 1871 2443 1920 Ι.
2494 1887 2546 1936 p.
2590 1871 2683 1923 181

1602 1958 1755 2007 seqq.
1791 1943 2023 2007 Copiose
2059 1946 2114 1991 et
2140 1943 2395 1991 accurate
2425 1939 2492 1990 de
2514 1941 2686 1990 omni-

1602 2013 1729 2073 bus,
1784 2028 1920 2078 quae
1972 2011 2041 2060 ad
2089 2009 2479 2075 Aegyptiorum
2521 2010 2687 2059 musi-

1603 2097 1721 2132 cam
1759 2087 1815 2131 et
1860 2096 2073 2131 sacram
2117 2085 2173 2130 et
2206 2078 2468 2129 ludicram
2517 2080 2685 2142 perti-

1602 2156 1766 2213 nent,
1804 2150 2009 2202 additis
2046 2150 2523 2199 instrumentorum
2554 2149 2687 2199 ima-

1603 2222 1847 2286 ginibus‚
1885 2220 2131 2284 disputat
2161 2217 2489 2268 Wilkinson.
2532 2219 2687 2269 Man·

1602 2306 1725 2341 ners
1753 2295 1856 2340 010.
1891 2290 1968 2341 11.
1997 2303 2049 2351 p.
2089 2290 2191 2339 222
2217 2303 2367 2371 seqq.
2404 2288 2507 2339 315
2533 2303 2682 2367 seqq.

1669 2355 1785 2408 καὶ
1830 2350 2041 2438 ᾀοιδήν
2083 2372 2152 2407 τε
2201 2355 2417 2420 ταύτην
2450 2351 2685 2421 πρώτην

1598 2424 1695 2477 καὶ
1742 2421 1993 2494 μούνην]
2037 2422 2134 2476 καὶ
2186 2453 2255 2463 -
2298 2441 2355 2475 τε
2410 2426 2514 2477 hoc
2556 2426 2679 2477 1000

1595 2499 1938 2547 abundanter
2007 2499 2185 2561 posita
2251 2496 2422 2545 videri
2486 2497 2682 2546 statuit

1596 2567 1920 2616 Schaeferus
1934 2566 2002 2616 ad
2014 2566 2243 2627 Dionys.
2257 2564 2437 2616 Halic.
2459 2565 2524 2614 de
2536 2581 2680 2615 com-

1595 2637 1759 2699 posit.
1801 2636 1949 2684 verb.
1988 2651 2042 2699 p.
2088 2633 2185 2684 191
2236 2634 2471 2697 itemque
2514 2633 2678 2684 Stall-

1594 2705 1758 2754 baum
1806 2704 1875 2753 ad
1916 2703 2166 2754 Platonis
2201 2703 2411 2752 Phileb.
2450 2718 2503 2766 p.
2556 2705 2674 2763 144,

1594 2775 1688 2839 001
1721 2774 1860 2823 idem
1898 2771 2144 2823 voculam
2174 2769 2269 2821 καὶ
2305 2771 2488 2822 valere
2510 2780 2576 2835 et,
2616 2786 2675 2821 τε

1593 2845 1741 2893 etiam
1783 2847 2070 2894 statuerat.
2141 2841 2243 2891 Oui
2284 2830 2475 2892 merito
2528 2842 2676 2893 oblo-

1593 2917 1751 2963 cutus
1788 2918 1872 2963 est
1906 2912 2148 2977 Sauppe.
2186 2912 2363 2974 Epist.
2403 2911 2580 2963 critic.
2618 2929 2671 2978 p.

1591 2983 1659 3034 83
1704 2998 1875 3047 seqq..
1915 2982 2008 3032 ubi
2043 2982 2154 3031 vid.
2195 2980 2380 3044 plura,
2427 2986 2483 3031 et
2524 2983 2670 3032 conf.

1591 3067 1804 3116 quoque
1837 3053 1931 3103 Fr.
1968 3052 2035 3102 A.
2083 3051 2265 3100 Wilke
2305 3052 2374 3101 ad
2418 3051 2669 3115 Sophocl.

1591 3122 1784 3186 Oedip.
1799 3121 1988 3172 Colon.
2011 3121 2114 3172 300
2135 3121 2192 3170 10
2214 3121 2518 3184 Specimine
2538 3120 2675 3172 Con-

1587 3192 1739 3241 ieett.
1810 3193 1865 3241 in
1920 3189 2173 3254 Sophocl.
2232 3190 2426 3254 Oedip.
2481 3190 2670 3242 Colon.

1587 3259 1847 3322 (Berolin.
1890 3260 2047 3321 1840)
2083 3275 2208 3324 pag.
2245 3260 2327 3310 17.
2398 3260 2463 3309 In
2485 3265 2671 3309 nostro

1585 3329 1706 3381 loco
1754 3331 1902 3395 prius
1950 3325 2047 3378 καὶ
2103 3330 2340 3392 pertinet
2386 3329 2458 3377 ad
2498 3332 2671 3377 totam

1585 3401 1909 3450 sententiam
1925 3388 2155 3478 (ἀοιδὴν
2169 3390 2561 3475 -γενέσθαθ
2548 3411 2668 3445 cum

1584 3469 1927 3519 antecedenti
1978 3457 2384 3527 (ἀποθανόντα
2431 3457 2483 3511 δ’
2491 3454 2670 3513 αυτὸν

1580 3568 1652 3578 —-
1674 3534 2012 3600 τιμηθῆναι)
2049 3531 2481 3598 coniungendam
2515 3532 2670 3597 eique

1581 3606 1754 3655 maius
1775 3605 2032 3671 quiddam
2058 3602 2240 3663 addit;
2276 3616 2416 3667 quae
2438 3615 2669 3681 sequun-

1579 3680 1670 3724 tur
1690 3673 1991 3751 particulae
2008 3687 2092 3721 τε-
2095 3667 2210 3731 καὶ,
2240 3670 2310 3720 ad
2329 3670 2497 3720 verba
2516 3686 2669 3734 πρω-

1576 3759 1683 3806 την
1721 3748 1776 3793 01
1806 3733 2035 3806 μούνην
2058 3740 2437 3805 coniungenda
2460 3739 2664 3801 valent,

1579 3817 1642 3862 01
1659 3816 1808 3863 recte
1825 3810 1966 3860 vidit
1989 3808 2228 3873 Lhardy,
2253 3810 2343 3874 qui
2368 3824 2495 3859 vero
2521 3810 2664 3873 quod

1579 3882 1863 3946 proposuit
1894 3894 1954 3943 γε
1993 3894 2088 3943 pro
2126 3892 2212 3941 τε,
2252 3894 2286 3929 0
2315 3878 2425 3928 1001
2451 3883 2664 3929 senten-

1579 3952 1663 4001 tia
1696 3950 1979 4000 aberrasse
2011 3948 2243 3998 videtur.

395 4032 500 4081 que
521 4032 685 4079 mors,
723 4033 885 4082 quam
925 4024 987 4068 ut
1008 4019 1252 4069 homines
1279 4015 1355 4081 (et
1382 4032 1475 4081 pro
1566 4057 1575 4066 .

391 4086 721 4151 hominibus)
756 4087 907 4137 obire
938 4088 1198 4149 debeant,
1236 4086 1478 4137 contine·

391 4160 582 4217 autum
627 4171 767 4220 quae
807 4156 930 4220 ipsa
976 4156 1044 4206 ad
1091 4156 1344 4221 physicas
1392 4170 1477 4204 ra-

388 4224 566 4275 tiones
613 4230 912 4275 001οτ00νο
962 4229 1164 4275 statum
1215 4230 1474 4275 revocata

389 4294 522 4343 solis
572 4295 909 4345 constituent
966 4310 1202 4345 annuum
1258 4308 1472 4344 cursum

387 4377 483 4427 per
537 4362 793 4413 hiemales
849 4379 1062 4415 menses
1112 4364 1269 4429 quasi
1309 4364 1474 4413 inter-

1933 4119 2063 4169 CAP.
2102 4118 2320 4169 LXXX.

1647 4211 2055 4284 Σ-υμφέρονται
2080 4214 2143 4269 δὲ
2167 4215 2262 4269 καὶ
2288 4212 2417 4269 τόδε
2452 4210 2584 4268 ἄλλο
2611 4235 2661 4269 κ.

1575 4307 1623 4339 τ.
1664 4286 1738 4353 1.]
1795 4290 2026 4354 Spartae
2069 4305 2207 4355 quae
2252 4290 2418 4340 fuerit
2465 4304 2665 4353 magna

1577 4374 1766 4410 senum
1804 4359 2111 4409 reverentia
2142 4359 2450 4423 honosque,
2481 4358 2662 4422 plures
