3109 5092
470 369 594 433 346

1328 365 1872 429 HERODOTI

470 543 937 632 ἰσχυρότατον,
982 544 1095 612 καὶ
1139 548 1313 612 ἔνθα
1350 562 1509 630 σφι,
1550 539 1790 611 Νίνου
1815 538 2190 611 ἀναστάτου
2218 537 2619 628 γενομένης,
2662 536 2745 608 τὰ

470 645 786 737 βασιλήτα
824 647 1219 736 κατεστήκεε
1239 699 1257 732 ,
1305 637 1392 735 ἦν
1425 643 1796 733 Βαβυλών,
1838 647 2040 714 ἐοῦσα
2070 642 2343 730 τοιαύτη
2373 643 2459 732 δή
2489 670 2589 722 τις
2618 642 2738 713 πό-

472 807 973 880 οὗνομαστότατον
1014 814 1281 866 dederunt
1324 818 1554 865 recentt.

471 886 595 938 edd.
626 885 849 936 iubente
878 885 1110 935 Bredov.
1135 900 1189 949 p.
1224 884 1340 936 163.
1377 882 1558 949 Vulgo

470 948 944 1019 ὀνομαστότατον.

541 1024 733 1075 Νίνου
767 1016 1087 1073 ἀναστάτου
1109 1018 1439 1087 γενομένης]
1460 1022 1558 1071 Ar-

470 1096 696 1147 ticulum
732 1093 832 1158 τῆς
869 1097 998 1143 aute
1030 1091 1220 1141 Νίνου
1259 1108 1324 1142 ex
1360 1106 1468 1141 uno
1497 1089 1558 1139 li-

470 1168 568 1216 bro
616 1164 743 1215 olim
798 1163 1077 1224 additum,
1136 1178 1256 1213 cum
1306 1162 1560 1224 ignorent

474 1234 670 1299 reliqui
690 1233 844 1296 libri,
883 1249 1002 1283 cum
1023 1236 1251 1282 recentt.
1278 1230 1553 1280 eiecimus·

473 1306 557 1356 Ad
595 1307 970 1368 argumentum
1016 1305 1075 1351 tu
1126 1301 1269 1350 conf.
1308 1315 1474 1364 supra
1508 1300 1554 1361 1,

477 1374 605 1434 106,
661 1373 754 1422 ubi
800 1371 865 1422 de
919 1372 1061 1420 Nino
1111 1385 1144 1420 a
1190 1371 1367 1420 Medis
1421 1369 1556 1419 duce

475 1444 722 1507 cyaxare
746 1442 973 1491 obsessa
996 1445 1050 1490 et
1062 1443 1391 1504 expugnata.
1416 1437 1554 1488 Add.

474 1512 700 1562 Diodor.
740 1509 906 1561 Sicul.
944 1510 1018 1572 11,
1058 1511 1107 1570 7,
1148 1509 1241 1573 qui
1265 1508 1404 1557 idem
1432 1524 1553 1573 cap.

475 1582 508 1632 3
556 1580 624 1631 de
668 1581 803 1631 urbe
848 1580 953 1630 hac
1000 1578 1243 1644 pluribus
1291 1577 1553 1642 disputat.

475 1683 546 1691 —-
582 1650 849 1714 Assyriam
896 1649 987 1700 hic
1030 1648 1214 1699 latiori
1257 1655 1417 1698 sensu
1453 1646 1560 1697 dici

477 1721 781 1772 monuimus
819 1719 889 1770 ad
925 1719 972 1782 1,
1008 1718 1129 1769 102.

544 1777 620 1853 ἦν
658 1781 1247 1856 ΒαβυλῶνῙβΘΨιίῐῑιι·
1280 1786 1392 1836 iam
1428 1784 1561 1835 mul-

475 1863 547 1911 tis
578 1858 855 1909 celebrata
899 1858 993 1908 illa
1037 1856 1335 1922 Babylonis
1382 1861 1437 1907 et
1472 1871 1562 1906 ur-

475 1932 560 1981 bis
599 1934 655 1978 et
687 1929 927 1994 regionis
974 1926 1295 1991 descriptio,
1344 1926 1399 1976 in
1450 1940 1560 1990 qua

476 2000 612 2051 illud
654 1999 921 2064 principio
963 1996 1196 2047 lectores
1240 2001 1424 2046 tenere
1468 2011 1560 2044 ve-

474 2071 666 2131 limus,
701 2068 1039 2118 Herodotum
1076 2067 1253 2131 ipsum
1288 2065 1438 2115 illam
1473 2080 1562 2114 ur-

475 2141 596 2188 bem
613 2138 815 2187 adiisse
834 2134 1155 2200 singulaque
1180 2134 1559 2199 perlustrasse,

476 2224 618 2274 quae
646 2206 737 2256 hic
768 2206 925 2256 nobis
958 2204 1235 2254 describit.
1308 2206 1453 2255 Hinc
1482 2203 1561 2252 illi

478 2278 696 2328 minime
740 2275 999 2325 audiendi
1044 2277 1196 2334 sunt,
1248 2274 1340 2337 qui
1391 2274 1559 2337 Assy-

476 2349 612 2398 riam
641 2347 758 2396 sive
776 2343 1135 2407 Babyloniam
1162 2348 1403 2391 nostrum
1429 2343 1580 2392 scri--

478 2422 685 2482 ptorem
719 2415 975 2463 invisisse
1008 2417 1105 2462 aut
1148 2415 1418 2476 negarunt
1463 2417 1559 2462 aut

480 2492 628 2539 certe
687 2486 742 2535 in
803 2483 1025 2533 dubium
1082 2485 1375 2540 vocarunt,
1435 2497 1559 2531 cum

481 2574 563 2617 ea,
596 2572 733 2622 quae
765 2569 921 2618 capp.
949 2550 1243 2603 181-183.
1286 2551 1562 2603 193—200

478 2631 826 2686 enarrantur,
885 2623 1022 2673 satis
1078 2621 1320 2671 indicent
1365 2623 1560 2683 virum,

476 2698 569 2762 qui
604 2696 704 2746 has
738 2697 910 2745 terras
946 2693 1064 2758 ipse
1094 2692 1463 2757 peragraverit
1483 2693 1563 2742 in-

474 2767 753 2831 tentisque
804 2762 977 2815 oculis
1034 2767 1089 2812 et
1134 2762 1357 2812 auribus
1402 2778 1563 2812 accu-

476 2841 592 2887 rate
630 2835 810 2885 omnia
852 2832 1179 2884 observarit.
1255 2832 1345 2881 Sic
1374 2832 1419 2893 1,
1461 2831 1561 2885 183

477 2907 543 2956 de
559 2909 746 2955 statua
763 2904 912 2952 Iovis
938 2902 1210 2951 disserens
1237 2900 1417 2951 addit:
1457 2891 1561 2963 ἐγώ

476 2972 579 3034 μέν
613 2989 712 3036 μιν
757 2963 862 3020 οὐκ
902 2962 1080 3018 εἶδον.
1156 2969 1292 3019 Add.
1342 2969 1388 3030 1,
1439 2970 1558 3022 193.

475 3042 601 3092 vid.
638 3043 824 3104 Heyse
863 3041 1115 3100 Quaestt.
1162 3037 1452 3088 Herodott.
1502 3056 1555 3104 p.

474 3112 563 3164 99.
609 3112 844 3160 Heeren.
894 3108 1057 3158 Ideen
1101 3108 1147 3166 1,
1196 3109 1246 3156 2.
1293 3123 1418 3170 pag.
1459 3109 1560 3158 150

476 3199 613 3248 seq.,
647 3180 742 3244 qui
775 3180 914 3229 bene
957 3178 1186 3228 adnotat
1220 3177 1558 3227 Herodotum

474 3269 583 3303 non
620 3265 687 3300 ea
731 3252 972 3310 tantum,
1012 3261 1152 3311 quae
1188 3246 1304 3309 ipse
1343 3245 1558 3310 viderit,

474 3324 693 3382 referre,
732 3333 917 3368 verum
951 3317 1112 3366 etiam
1141 3314 1249 3365 alia
1270 3317 1556 3380 quaedam,

475 3408 613 3459 quae
660 3405 781 3441 cum
832 3387 1005 3451 ipsius
1057 3390 1239 3435 aetate
1294 3400 1402 3434 non
1447 3402 1559 3436 am—

474 3463 618 3527 plius
655 3460 950 3510 existerent
987 3454 1069 3520 (ut
1102 3473 1158 3506 v.
1195 3471 1241 3504 c.
1278 3456 1490 3505 moenia
1522 3471 1555 3506 a

472 3531 642 3583 Dario
682 3531 788 3579 iam
813 3525 1045 3590 eversa),
1083 3524 1152 3575 ab
1177 3523 1299 3575 aliis
1327 3531 1555 3590 accepta

472 3619 593 3653 enm
629 3598 883 3651 retulisse
927 3593 1208 3661 probabile
1254 3594 1436 3644 suerit.
1506 3597 1552 3645 Ε

471 3670 751 3722 veteribus
795 3666 1152 3729 scriptoribus
1203 3664 1414 3715 Ctesias
1462 3680 1554 3729 po-

473 3743 741 3791 tissimum
787 3737 856 3788 de
889 3734 1173 3800 Babylone
1220 3732 1437 3793 retulit,
1489 3749 1552 3782 ex

473 3826 579 3870 quo
618 3808 866 3858 desumta
902 3809 1054 3865 sunt,
1092 3819 1232 3868 quae
1254 3803 1400 3867 apud
1426 3803 1553 3852 Dio-

473 3877 661 3927 dorum
689 3875 927 3927 Siculum
961 3874 1191 3937 legimus
1224 3873 1270 3936 1,
1311 3873 1342 3922 7
1379 3871 1549 3936 (Ctes.

473 4002 543 4010 Ρ-

1659 814 1933 876 Fragmm.
1970 828 2030 877 p:
2063 811 2164 862 397
2202 811 2341 877 seq.)
2379 813 2437 861 in
2472 811 2745 862 nonnullis

1660 882 1967 947 copiosiora
2002 882 2216 946 quidem
2253 882 2599 932 Herodoteis.
2651 882 2746 931 At-

1660 967 1764 1017 que
1819 953 2061 1010 Ctesias,
2123 955 2186 1001 ut
2227 952 2568 1015 Herodotus,
2630 958 2745 1002 tum

1660 1037 1800 1087 quae
1835 1022 1953 1086 ipse
1996 1021 2234 1085 viderat,
2285 1027 2399 1071 tum
2443 1038 2581 1086 quae
2617 1022 2743 1073 aliis

1660 1096 1889 1155 accepta
1934 1091 2230 1153 referebat,
2289 1092 2579 1142 memoriae
2623 1108 2745 1157 pro-

1661 1160 1894 1210 diderat.
1985 1160 2203 1226 Reliqui
2267 1163 2591 1227 scriptores,
2652 1164 2744 1227 qui

1658 1230 1954 1293 Babylonis
1984 1231 2132 1281 urbis
2155 1232 2366 1281 faciunt
2398 1233 2744 1294 mentionem,

1659 1298 1982 1350 alterutrum
2038 1300 2226 1351 horum
2279 1303 2452 1351 secuti
2499 1317 2619 1352 esse
2667 1304 2746 1351 vi-

1659 1368 1875 1419 dentur.
1946 1371 2062 1420 Nec
2101 1372 2391 1421 recentiori
2437 1375 2620 1422 aetate
2654 1371 2744 1423 de·

1660 1439 1842 1501 fuere,
1894 1441 1989 1504 qui
2035 1440 2213 1491 locum
2257 1441 2405 1490 urbis
2462 1442 2590 1491 olim
2634 1456 2745 1491 am-

1658 1508 1935 1572 plissimae
1991 1510 2387 1574 investigantes
2439 1511 2746 1576 ruderaque

1656 1579 1955 1629 invisentes
1993 1580 2494 1645 perlustrantesque
2525 1596 2747 1632 accura-

1662 1648 1805 1698 tiora
1856 1650 1922 1698 de
1969 1648 2055 1698 his
2116 1650 2342 1700 edocere
2395 1655 2746 1715 veterumque

1662 1722 1945 1768 auctorum
1991 1718 2380 1784 descriptiones
2425 1719 2510 1769 vel
2553 1720 2745 1771 confir-

1662 1803 1810 1838 mare
1845 1787 1932 1839 vel
1975 1789 2218 1839 refellere
2262 1794 2607 1840 conarentur.
2680 1791 2744 1840 In

1662 1858 1857 1922 quibus
1913 1863 2128 1921 praeter
2186 1859 2538 1910 Niebubrium
2608 1859 2745 1911 alios

1659 1927 1851 1977 laudat
1873 1927 2098 1978 Rennel.
2126 1944 2251 1994 pag.
2282 1929 2384 1978 54ss
2412 1930 2496 1979 ed.
2528 1946 2742 1981 vernae.

1661 1998 1769 2047 Sed
1803 1996 1966 2060 Angli
1998 2000 2287 2063 praecipue
2319 1999 2565 2049 homines
2587 2004 2744 2051 tanto

1661 2083 1783 2117 cum
1821 2067 2002 2116 studio
2023 2073 2189 2133 atque
2216 2068 2488 2118 industria
2521 2070 2578 2118 in
2609 2070 2746 2120 baec

1662 2136 2086 2201 inquisiverunt,
2143 2143 2204 2188 ut
2261 2139 2371 2187 iarn
2424 2140 2624 2188 certius
2678 2139 2746 2190 de
2791 2198 2802 2208 ⁶

1661 2207 1745 2256 his
1782 2221 1926 2256 nunc
1974 2210 2218 2257 statuere
2264 2208 2568 2272 possimus;
2617 2207 2745 2259 Iam.

1663 2277 1907 2326 Claudius
1933 2276 2074 2338 Rich,
2108 2278 2200 2340 qui
2219 2277 2644 2329 Brittanicarum
2664 2296 2746 2329 re-

1662 2361 1778 2395 rum
1829 2350 2150 2409 procurator
2203 2347 2260 2397 in
2310 2348 2444 2398 urbe
2495 2349 2745 2408 Bagdad,

1661 2412 1862 2478 pluries
1897 2415 2088 2465 invisit
2121 2416 2342 2479 rudera,
2391 2433 2531 2482 quae
2568 2419 2749 2483 Baby-

1662 2484 1802 2535 lonis
1842 2500 1962 2534 esse
1997 2485 2272 2549 feruntur,
2308 2493 2363 2537 et
2382 2487 2748 2552 compluribus

1663 2554 2049 2618 scriptionibus
2105 2556 2328 2607 inventa
2392 2573 2494 2608 sua
2545 2557 2749 2622 publici

1662 2624 1793 2674 fecit
1816 2623 2035 2689 iuris*);
2063 2625 2269 2675 Robert.
2283 2626 2622 2677 Xer-Porta.
2638 2626 2747 2690 **),

1664 2694 1759 2759 qui
1807 2698 2014 2755 septem
2059 2700 2185 2758 post
2237 2697 2395 2745 annis
2446 2697 2502 2745 in
2553 2697 2746 2748 iisdem

1663 2763 1976 2829 regionibus
2003 2763 2397 2829 ruderibusque
2420 2765 2751 2829 perlustran-

1664 2833 1752 2883 dis
1796 2834 2206 2883 accuratissime
2249 2840 2501 2885 versatus
2557 2837 2637 2885 ita
2680 2836 2748 2886 de

1663 2903 1748 2953 his
1772 2903 2057 2964 disseruit,
2093 2907 2154 2952 ut
2179 2903 2339 2954 facile
2365 2905 2599 2954 omnium
2621 2922 2748 2956 con-

1662 2987 1826 3022 sensu
1862 2988 1980 3034 eos,
2031 2973 2124 3037 qui
2155 2977 2284 3023 ante
2317 2975 2494 3035 ipsum
2530 2974 2630 3025 has
2668 2991 2749 3024 re-

1663 3042 1848 3104 giones
1883 3042 2186 3092 inviserant
2222 3058 2287 3093 ac
2330 3043 2748 3108 descripserant,

1660 3111 1861 3160 vicisse
1876 3110 2242 3175 perhibeatur.
2299 3114 2470 3173 Quem
2485 3129 2606 3164 cum
2633 3114 2749 3164 iure

1662 3180 1850 3230 ducem
1887 3182 2206 3231 assumserit
2239 3182 2493 3244 Heeren„
2532 3183 2570 3232 l.
2613 3183 2650 3233 1.
2690 3198 2743 3247 p.

1667 3250 1764 3299 158
1800 3266 1937 3312 seq„
1976 3265 2075 3300 nos
2112 3266 2327 3315 quoque
2374 3267 2494 3302 eum
2539 3253 2596 3301 in
2640 3254 2747 3303 sin-

1660 3317 1803 3380 gulis
1839 3318 2185 3378 Herodoteae
2207 3322 2535 3372 narrationis
2561 3324 2747 3373 'verbis

1659 3387 1997 3438 illustrandis
2012 3388 2201 3439 ducem
2222 3405 2512 3454 sequamur
2525 3407 2748 3442 necesse

1661 3463 1769 3518 est,
1813 3457 2013 3508 additis
2062 3459 2154 3520 iis,
2211 3475 2350 3524 quae
2389 3460 2458 3509 ab
2506 3477 2569 3511 eo
2617 3463 2746 3513 inde

1657 3531 1899 3592 tempore
1931 3526 2159 3577 aliorum
2188 3529 2423 3578 virorum
2461 3528 2745 3581 doctorum

1655 3612 1789 3647 cura
1819 3597 2192 3662 pervestigata
2224 3603 2590 3649 accesserunt.
2637 3601 2748 3651 Hic

1657 3667 1714 3716 in
1761 3667 2073 3716 universum
2110 3668 2344 3717 monitos
2394 3667 2622 3718 velimus
2669 3669 2746 3720 le-

1657 3740 1835 3786 ctores
1875 3751 1941 3785 ex
1976 3734 2161 3786 eodem
2195 3737 2464 3786 Heerenio
2501 3735 2569 3800 (l.
2606 3737 2643 3788 l.
2687 3755 2741 3803 p.

1656 3803 1810 3868 175),
1858 3819 1997 3868 quae
2033 3809 2245 3855 veteres
2291 3807 2615 3870 scriptores,
2665 3808 2745 3857 in-

1654 3874 1842 3939 primis
1878 3874 2220 3938 Herodotus,
2274 3875 2341 3926 de
2384 3874 2505 3926 loco
2543 3881 2599 3926 et
2635 3892 2747 3928 am·

572 4065 617 4113 ⁴)
648 4063 773 4125 eon-r.
804 4066 1099 4119 sanemus-1
1130 4045 1207 4109 ἄρα
1237 4069 1415 4111 oriem
1444 4067 1527 4114 m,
1554 4068 1597 4110 2.
1629 4080 1675 4121 p.
1708 4067 1784 4109 m
1808 4079 1934 4128 φης.
1975 4070 2002 4109 ³
2039 4080 2143 4122 pag.
2179 4068 2252 4111 ιω
2281 4081 2407 4129 seqq.
2433 4067 2517 4118 ιν,
2549 4071 2587 4110 ι.
2621 4083 2666 4123 p.
2693 4072 2750 4111 ss

468 4115 573 4157 coll.
606 4115 811 4156 Classical
850 4118 990 4158 lcum.
1014 4117 1117 4159 Vol.
1146 4118 1242 4163 ΧΠ.
1272 4134 1318 4173 p.
1349 4121 1429 4160 287
1455 4130 1580 4170 seqq.
1611 4131 1660 4160 ac
1688 4131 1833 4172 praeci
1867 4131 1941 4159 ue:
1989 4119 2216 4161 Narrative
2244 4118 2295 4160 os
2319 4132 2345 4160 a
2379 4133 2570 4173 Journey
2599 4127 2643 4162 to
2676 4122 2750 4163 the

469 4168 554 4206 site
583 4165 633 4206 os
658 4166 748 4208 Bab

783 4165 872 4214 lon,
904 4168 1084 4208 memoir
1110 4182 1166 4210 on
1197 4171 1270 4210 the
1298 4170 1417 4210 ruins
1446 4175 1529 4210 ete.
1562 4169 1730 4221 (edited
1757 4171 1814 4222 by
1871 4170 1907 4210 is
1936 4170 2128 4217 widow).
2159 4170 2336 4212 London
2363 4171 2480 4214 1839.
2499 4185 2547 4225 p.
2574 4172 2589 4211 Ι
2619 4185 2745 4226 seqq.

467 4218 521 4257 ⁴3
550 4227 673 4268 seqq.
709 4179 783 4258 Ιδζ
808 4229 931 4269 seqq.
966 4219 1035 4260 151
1065 4230 1192 4271 seqq.
1244 4223 1308 4260 Ac
1335 4234 1381 4274 p.
1422 4220 1496 4260 1⁰7
1534 4231 1684 4273 seqq.:
1726 4219 1934 4262 Remarks
1975 4233 2032 4262 on
2068 4221 2142 4262 the
2172 4223 2454 4275 topography
2495 4221 2548 4263 of
2573 4224 2748 4264 ancient

472 4267 667 4366 ΒιῑιζΙιοῖι
696 4269 756 4319 by
785 4265 926 4318 Major
950 4268 1133 4310 Rtnnd.

680 4317 860 4359 Travels
888 4320 932 4359 iu
963 4319 1132 4370 Persia,
1163 4319 1335 4361 ancient
1362 4318 1611 4371 Babylonia
1637 4326 1722 4361 ete.
1752 4320 1951 4364 London.
1985 4321 2100 4366 1822.
2127 4320 2168 4361 4.
2200 4318 2302 4361 vol.
2335 4320 2387 4360 ΙΙ.
2434 4333 2479 4374 p.
2511 4322 2594 4363 283
2622 4333 2672 4363 se
2706 4335 2750 4374 q.

470 4367 535 4408 Ac
562 4366 632 4406 vel
664 4375 791 4410 antea
819 4369 897 4412 has
922 4371 1127 4423 reg-iones

467 4415 645 4460 Persian
672 4419 850 4476 Empire
878 4421 1032 4476 (Lond.
1064 4422 1138 4464 1⁸1
1174 4424 1207 4475 .)
1234 4433 1280 4477 p.
1308 4421 1388 4462 272
1413 4431 1540 4474 seqq.

1190 4370 1479 4422 etquisiverat
1506 4368 1646 4413 Macd.
1669 4370 1880 4420 Kinnaim
1911 4371 2001 4412 vid.
2032 4369 2353 4425 Geographlcal
2383 4369 2566 4412 Memoir
2595 4371 2647 4413 os
2672 4378 2688 4412 t
2723 4385 2748 4415 ο
