3109 5092
1327 383 1578 447 omo.
1622 387 1675 464 1.
1721 397 1844 453 142.

2605 395 2729 459 293

447 552 631 645 φῶν,
679 557 1001 643 Λέβεδος,
1058 556 1264 642 Τέως,
1292 562 1745 648 Κλαζομεναὶ,
1778 559 2076 634 Φώκαια.
2159 557 2359 638 αὗται
2389 568 2468 638 δὲ
2496 573 2574 639 αἰ
2595 569 2717 640 πό-

448 667 584 740 λιες
608 664 760 751 τῇσι
789 660 1118 749 πρότερον
1155 669 1542 753 λεχθείσῃσι
1579 660 2013 752 ὁμολογέουσι
2055 667 2222 738 κατὰ
2260 677 2574 758 γλῶσσαν
2603 671 2720 743 οὐ-

449 761 600 849 δὲν,
629 765 752 850 σφὶ
782 763 858 833 δὲ
884 758 1374 852 ὁμοφωνέουσι.
1428 772 1525 835 ἔτι
1555 767 1632 837 δὲ
1656 784 1835 858 τρεῖς
1861 764 2219 841 ὑπόλοιποι
2242 770 2446 855 Ἰάδες
2472 774 2721 864 πόλιες,

443 870 582 937 τῶν
606 871 684 935 αἱ
706 865 831 936 δύο
858 866 985 955 μὲν
1013 866 1260 956 νήσους
1287 871 1582 941 οἰκέαται
1599 921 1617 954 ,
1654 872 1893 960 Σάμου
1931 901 2003 943 τε
2048 877 2161 944 καὶ
2190 884 2392 963 Χίον,
2434 873 2475 968 ἡ
2502 879 2579 948 δὲ
2604 886 2722 972 μία

356 1040 366 1049 ,
446 971 522 1038 ἐν
547 974 628 1061 τῇ
657 966 916 1063 ἠπείρω
943 975 1245 1059 ἵδρυται,
1283 968 1628 1062 Ἐρυθραί.
1690 984 1844 1045 Χῖοι
1871 977 1999 1063 μέν
2023 1006 2157 1048 νυν
2182 981 2293 1048 καὶ
2330 977 2720 1072 Ἐρυθραῖοι

361 1088 425 1145 71
443 1069 609 1141 κατὰ
646 1070 864 1144 τωυτό
907 1076 1364 1163 διαλέγονται,
1395 1075 1646 1166 Σαμιοι
1674 1078 1750 1147 δὲ
1779 1074 1875 1147 ἐπ’
1909 1082 2184 1150 ἐωυτων
2214 1087 2478 1170 μοῦνοι.
2535 1075 2721 1155 οὗτοι

445 1181 853 1266 χαρακτῆρες
878 1175 1182 1267 γλώσσης
1208 1182 1514 1270 τέσσερες
1541 1188 1865 1268 γίνονται.

443 1377 588 1442 pisse
614 1378 815 1428 dicitur
839 1376 1125 1442 coloniam,
1163 1381 1232 1430 ab
1266 1379 1374 1431 alio
1400 1397 1529 1447 quo-

445 1448 569 1497 dam
603 1447 766 1498 Codri
800 1447 913 1497 filio
954 1448 1060 1498 huc
1105 1449 1424 1511 deductam3
1473 1456 1530 1501 et

442 1518 502 1567 in
548 1532 665 1567 eam
720 1518 951 1568 cessisse
1001 1518 1256 1569 dicuntur
1308 1520 1529 1585 Minyae

442 1587 536 1636 isti
570 1586 933 1650 Orchomenii,
972 1603 1108 1653 quos
1142 1589 1335 1639 Ionum
1368 1605 1529 1655 expe-

443 1655 637 1706 ditioni
681 1657 996 1707 interfuisse
1041 1658 1159 1722 ipse
1204 1659 1404 1709 Noster
1449 1661 1530 1709 in-

443 1725 590 1775 dicat
615 1726 661 1787 1,
691 1725 809 1777 146.
882 1726 1040 1776 Conf.
1066 1728 1243 1778 Raoul
1261 1729 1528 1780 Bochette

441 1794 478 1846 1.
518 1794 556 1845 l.
604 1811 656 1859 p.
694 1794 757 1845 91
800 1801 855 1845 et
901 1795 961 1845 C.
1011 1795 1079 1846 Ο.
1113 1796 1367 1848 Mueller:
1428 1798 1530 1848 Or-

442 1863 731 1915 chomenos
753 1881 883 1931 pag.
907 1863 1028 1915 399.
1054 1866 1174 1917 400.
1251 1868 1409 1917 Nunc
1444 1869 1526 1918 vi-

440 1949 536 1984 cus
568 1934 662 1996 ibi,
702 1935 788 1984 cui
818 1950 1011 1985 nomen
1031 1934 1202 2000 Siyesi
1232 1936 1319 1986 vel
1345 1936 1524 2001 Staba-

425 2003 541 2065 file,
576 2002 844 2068 Seyiqiek5
891 2004 1005 2057 vid.
1047 2006 1235 2069 Poppo
1274 2005 1342 2055 ad
1380 2007 1525 2057 Thu-

440 2072 624 2137 cydid.
671 2073 729 2136 1,
776 2075 827 2124 2.
872 2089 998 2139 pag.
1052 2073 1175 2124 459.
1258 2076 1524 2140 Forbiger

320 2173 329 2182 ·
439 2142 475 2193 l.
513 2142 553 2194 l.
588 2157 715 2207 pag.
756 2143 857 2193 185
892 2158 1009 2209 seq.
1065 2143 1320 2194 Lehnert.
1358 2160 1413 2208 p.
1457 2144 1515 2194 11

439 2227 552 2277 seq.
584 2242 657 2251 —
700 2213 1026 2263 Clazomenae
1059 2228 1169 2262 non
1205 2213 1392 2262 eadem
1434 2228 1523 2263 ae-

438 2285 582 2343 tate,
644 2297 752 2347 qua
803 2281 1045 2347 reliquae
1092 2282 1284 2332 Ionum
1339 2282 1520 2343 urbes,

439 2351 691 2401 conditae
716 2355 870 2414 sunt,
909 2351 1005 2401 sed
1034 2356 1254 2414 postea,
1295 2350 1521 2401 ducibus

439 2417 786 2485 Colophoniis
823 2418 1124 2479 nonnullis3
1161 2421 1241 2468 ita
1277 2424 1341 2469 ut
1367 2419 1523 2470 Colo-

435 2489 628 2555 phonis
687 2489 902 2540 colonia
968 2488 1268 2539 existimari
1336 2493 1519 2553 queat.

437 2558 593 2609 Conf.
636 2558 813 2609 Raoul
840 2557 1107 2610 Rochette
1140 2558 1246 2608 ΙΙΙ.
1274 2573 1399 2622 pag.
1430 2559 1518 2610 93.

436 2626 605 2678 Plura
634 2628 915 2692 Forbiger.
953 2627 990 2676 l.
1015 2625 1052 2677 l.
1090 2644 1144 2693 p.
1173 2625 1291 2678 183.
1362 2629 1520 2678 Nunc

434 2697 587 2747 locus
633 2701 861 2747 vocatur
917 2698 1107 2754 Vtar-len
1163 2696 1236 2747 cf.
1276 2696 1516 2750 Boeckh.

437 2767 596 2831 Corp.
644 2767 818 2816 Inscr.
868 2766 933 2815 T.
973 2765 1051 2815 11.
1102 2782 1154 2831 p.
1191 2765 1315 2817 627.
1387 2767 1521 2816 Pho-

435 2851 562 2886 caea
581 2851 795 2901 quoque
813 2835 1113 2899 posteriore
1133 2840 1374 2900 tempore
1394 2851 1521 2886 con-

437 2902 557 2956 dita
590 2919 711 2955 esse
736 2904 1077 2969 perhibetur,
1117 2904 1333 2955 colonia
1356 2905 1520 2956 Athe-

434 2975 705 3025 niensium
753 2973 882 3025 illuc
937 2973 1198 3034 deducta;
1254 2974 1341 3024 cui
1396 2990 1517 3024 cum

435 3043 591 3093 multi
625 3059 837 3109 quoque
878 3044 1227 3094 interfuerint
1260 3043 1518 3094 Phocidis

433 3119 611 3163 terrae
653 3111 892 3175 incolae,
949 3112 1076 3163 inde
1126 3129 1321 3163 nomen
1368 3114 1518 3163 urbis

434 3183 787 3234 derivandum
841 3198 961 3234 esse
1002 3181 1359 3248 probabiliter
1410 3187 1520 3232 sta-

434 3258 614 3303 tuunt.
687 3253 866 3315 Confi,
901 3268 970 3303 ne
1004 3251 1178 3318 plura,
1215 3251 1392 3303 Raoul
1414 3254 1519 3303 Ro-

434 3322 615 3373 chette
646 3321 750 3373 111.
785 3337 910 3387 pag.
938 3322 1027 3374 94.
1088 3324 1245 3372 Nunc
1276 3322 1390 3371 eius
1424 3338 1521 3371 no-

433 3408 555 3443 men
585 3392 783 3443 Palaeo
813 3391 976 3442 Fokfa
1005 3407 1049 3442 s.
1084 3392 1322 3456 Phoqyia.
1390 3391 1518 3442 vid.

432 3462 716 3526 Forbiger.
765 3461 801 3510 l.
849 3460 887 3511 l.
936 3478 990 3526 p.
1041 3461 1159 3512 180.
1242 3459 1518 3510 Prokesch

433 3532 491 3580 in
524 3530 741 3581 Annall.
764 3531 958 3582 Vienn.
994 3530 1142 3581 LIX.
1179 3530 1406 3594 Anzeig.
1430 3529 1515 3579 Bl.

434 3617 488 3665 p.
532 3600 595 3649 18
636 3615 788 3665 seqq.
848 3601 912 3650 F.
944 3599 1007 3651 G.
1036 3599 1342 3663 Thisquen:
1376 3599 1519 3649 Pho-

435 3670 610 3720 caica.
643 3667 1515 3732 Bonn-1842.Boeckh.Corp.

436 3740 610 3789 Inscr.
633 3739 859 3789 Graece.
893 3740 960 3790 T.
986 3738 1065 3788 ΙΙ.
1088 3754 1170 3788 nr.
1202 3737 1337 3788 3412
1364 3753 1516 3803 seqq.

433 3808 612 3872 Atque
645 3808 791 3857 infra
814 3808 857 3870 Ι,
888 3808 987 3857 146
1017 3807 1327 3858 Phocenses
1367 3806 1519 3874 (Φω-

436 3872 584 3940 κέες)
632 3877 821 3927 itidem
864 3878 921 3926 in
966 3878 1033 3927 iis
1079 3877 1361 3938 dicuntur,
1427 3876 1520 3940 qui

436 3961 556 3996 cum
592 3947 819 3997 Ionibus
856 3947 912 3996 in
942 3946 1128 3997 Asiam
1166 3945 1367 3996 simul
1352 3945 1521 3994 unmi-

436 4016 662 4082 grarint.
724 4018 808 4066 De
859 4016 1034 4066 tribus
1070 4015 1291 4080 reliquis
1330 4015 1521 4065 civita-

435 4086 611 4149 tibus,
667 4100 807 4151 quae
841 4085 911 4135 ad
946 4087 1137 4136 Ionum
1174 4085 1365 4135 foedus
1401 4100 1521 4149 per-

435 4156 725 4217 tinuerint,
774 4170 951 4220 pauca
985 4171 1086 4205 nec
1138 4170 1205 4204 ea
1239 4154 1376 4204 satis
1417 4154 1523 4203 dis-

433 4226 614 4290 posita
652 4240 943 4290 secumque
965 4224 1353 4275 concordantia
1378 4223 1522 4288 apud

435 4295 726 4359 scriptores
775 4296 1030 4359 antiquos
1076 4295 1442 4358 reperiuntur3
1493 4309 1522 4342 e

436 4364 630 4427 quibus
676 4364 780 4415 hoc
825 4362 1043 4415 efficere
1089 4363 1302 4413 studuit
1345 4362 1522 4413 Raoul

434 4433 700 4485 Bochette
736 4434 772 4485 l.
800 4433 838 4485 l.
877 4449 1006 4502 pag.
1042 4432 1111 4485 95
1145 4447 1298 4500 seqq.
1356 4431 1523 4484 otum

1632 1387 1798 1448 atque
1846 1383 2104 1450 Erythras
2149 1386 2217 1435 ab
2265 1400 2374 1436 una
2425 1387 2721 1452 eademque

1632 1453 1849 1503 colonia
1900 1455 2151 1505 conditas
2210 1455 2411 1518 videri,
2480 1472 2721 1520 praeser-

1630 1523 1730 1572 tim
1773 1538 1896 1573 cum
1939 1539 2040 1589 par
2074 1539 2289 1590 quoque
2335 1524 2499 1575 fuerit
2533 1541 2719 1577 eorum

1629 1592 1708 1641 lin
1785 1607 1837 1642 a.

1700 1608 1958 1725 Quam]
1996 1660 2304 1726 Stephanus
2342 1663 2479 1727 Byz.
2514 1663 2583 1713 de
2615 1663 2721 1715 hac

1631 1730 1857 1781 civitate
1900 1729 2127 1794 loquens
2177 1735 2232 1781 et
2277 1731 2615 1782 Herodotum
2656 1733 2721 1782 li-

1630 1799 1728 1850 bro
1751 1801 1923 1864 primo
1957 1801 2349 1850 testem·citans
2371 1806 2571 1862 monet,
2609 1801 2719 1851 dici

1630 1883 1846 1934 qnoque
1894 1866 2145 1949 Φωιιαίη.
2229 1870 2408 1932 Atque
2459 1884 2545 1934 &ic
2596 1867 2720 1919 Φω-

1627 1938 1801 2001 καίην
1848 1938 2081 2001 reperies
2138 1936 2716 2000 1,80.164.165.,

1629 2008 1726 2057 sed
1763 2006 1905 2055 idem
1941 2006 2142 2055 Noster
2177 1975 2443 2054 Φώκαιαν
2479 2006 2553 2068 ΙΙ,
2595 2007 2713 2059 106.

1626 2067 1858 2124 Φώκαια
1886 2074 1962 2136 ΙΙ,
1997 2075 2116 2126 178.
2188 2075 2274 2124 Tu
2312 2074 2426 2126 vid.
2465 2080 2602 2128 nott.
2644 2077 2716 2127 ad

1624 2144 1683 2206 1,
1721 2143 1807 2194 80.
1870 2145 1953 2193 De
1990 2159 2053 2193 eo
2099 2158 2242 2193 nunc
2277 2143 2446 2193 nolim
2477 2161 2714 2209 monere,

1627 2212 1772 2277 quod
1798 2212 1987 2263 eadem
2021 2212 2151 2262 urbs
2176 2212 2458 2263 Heraclidi
2485 2216 2714 2266 Pontico

1627 2280 1677 2343 ξ.
1714 2281 1813 2344 34,
1854 2286 1916 2331 ut
1945 2286 2103 2331 notat
2125 2282 2238 2344 Cra,
2277 2282 2474 2333 dicitur
2498 2280 2713 2348 Φωκέα,

1626 2352 1772 2416 quod
1809 2366 2004 2400 nomen
2041 2350 2107 2401 de
2134 2351 2346 2402 Graeca
2381 2357 2528 2403 terra
2553 2355 2714 2404 unice

1623 2422 1878 2485 usurpari
1911 2420 2078 2485 vulgo
2117 2420 2467 2484 contendunt,
2505 2429 2567 2472 ut
2590 2415 2714 2471 Φώ-

1624 2505 1757 2539 καια
1803 2491 1870 2540 de
1908 2490 2074 2540 Asiae
2122 2490 2255 2539 urbe
2291 2489 2497 2541 Ionica.
2571 2491 2715 2541 Scri-

1623 2564 1838 2624 pturam
1876 2560 2042 2608 istam
2077 2559 2223 2623 apud
2247 2559 2591 2611 Heraclidem
2628 2576 2712 2610 sa-

1625 2630 1698 2678 tis
1743 2629 1886 2678 tueri
1942 2627 2125 2678 studet
2179 2627 2394 2678 Koeler.
2454 2629 2524 2678 ad
2570 2628 2622 2679 h.
2670 2629 2710 2679 l.

1622 2713 1752 2763 pag.
1787 2696 1883 2757 86,
1924 2697 2012 2746 cui
2049 2696 2203 2746 addit
2238 2696 2491 2747 Creuzer.
2540 2697 2714 2761 Span-

1623 2766 1790 2816 hemii
1826 2734 2089 2830 disputat.
2129 2766 2186 2813 in
2219 2765 2416 2829 Begeri
2441 2766 2708 2816 Thesaur.

1621 2834 2034 2900 Brandenburg.
2073 2833 2120 2885 1.
2156 2850 2210 2898 p.
2238 2833 2340 2883 495
2377 2838 2433 2884 et
2467 2835 2522 2884 in
2556 2840 2713 2885 nota·

1622 2907 1696 2956 tis
1733 2905 1803 2955 ad
1840 2903 2162 2954 Callimachi
2181 2905 2382 2969 Hymn.
2415 2904 2470 2954 in
2496 2904 2707 2956 Pallad.

1622 2991 1704 3026 vs.
1743 2975 1812 3024 24
1847 2991 1901 3040 p.
1942 2973 2046 3025 632
2081 2989 2232 3038 seqq.

1690 3036 1726 3109 ἡ
1766 3039 1830 3093 δὲ
1867 3041 1971 3108 μία
2005 3034 2065 3092 ἐν
2100 3043 2170 3108 τῇ
2209 3033 2427 3108 ἠπείρῳ
2462 3037 2708 3107 ἵδρυται,

1607 3104 1922 3178 Ἐρυθραί]
1962 3114 2046 3162 De
2078 3111 2185 3163 hac
2218 3112 2353 3162 urbe
2385 3115 2522 3162 vett.
2557 3112 2709 3162 locos

1619 3184 1731 3234 vid.
1778 3183 1922 3248 apud
1964 3182 2247 3248 Forbiger.
2295 3180 2336 3231 l.
2388 3179 2427 3233 l.
2475 3197 2529 3246 p.
2587 3182 2707 3233 184.

1620 3255 1808 3305 Pauca
1842 3252 2065 3314 rudera,
2104 3252 2300 3317 quibus
2335 3266 2530 3300 nomen
2566 3251 2711 3301 Ritre

1622 3338 1667 3373 s.
1701 3324 1864 3384 Rari,
1915 3321 2124 3386 aliquot
2163 3321 2311 3372 horis
2358 3319 2624 3369 distantia
2675 3335 2710 3368 a

1623 3392 1948 3452 Tschesme‚
2002 3390 2180 3440 adhuc
2230 3387 2515 3453 su'peresse
2564 3388 2710 3437 idem

1622 3466 1824 3511 monet.
1880 3459 2039 3510 Conf.
2067 3461 2233 3509 etiam
2250 3457 2505 3508 Lehnert.
2536 3472 2589 3521 p.
2625 3457 2707 3518 12,

1621 3531 1714 3596 qui
1762 3530 1829 3579 de
1868 3528 2020 3578 Samo
2074 3532 2239 3592 atque
2284 3527 2406 3577 chio
2450 3525 2711 3574 disseruit

1621 3616 1676 3664 p.
1703 3600 1771 3648 14
1808 3613 1960 3662 seqq.
2034 3595 2386 3647 Grammatici
2421 3594 2586 3643 scribi
2617 3610 2710 3644 vo-

1619 3668 1740 3718 lunt
1772 3658 2076 3728 ’,Ερυθραὶ
2127 3665 2174 3713 si
2208 3665 2400 3714 Ionum
2436 3662 2710 3728 intelliga-

1624 3742 1712 3787 tur
1757 3735 1981 3796 civitas‚
2039 3733 2132 3783 sed
2180 3725 2314 3794 ’Eo-t·
2318 3731 2490 3797 θ’ραι,
2550 3732 2599 3781 si
2641 3732 2709 3782 de

1623 3806 1886 3857 Boeotica
1919 3804 2079 3853 huius
2114 3803 2348 3852 nominis
2382 3802 2516 3851 urbe
2553 3801 2706 3864 (Her.

1624 3877 1721 3936 IX,
1748 3874 1835 3938 15)
1871 3888 2045 3922 sermo
2083 3873 2175 3923 sit.
2238 3870 2396 3922 Conf.
2422 3870 2604 3921 Schol.
2638 3871 2710 3921 ad

1623 3945 1788 3997 Iliad.
1816 3944 1891 4004 ΙΙ,
1917 3941 2022 3992 489
2058 3946 2113 3991 et
2136 3940 2457 4005 Wesseling.
2484 3941 2557 3990 ad
2579 3941 2711 3991 Dio-

1625 4015 1742 4065 dor.
1782 4011 1948 4064 Sicul.
1975 4012 2042 4063 T.
2078 4011 2156 4063 11.
2182 4027 2309 4076 pag.
2345 4009 2465 4062 365.
2530 4011 2706 4072 Nunc,

1624 4089 1685 4134 ut
1723 4085 1817 4134 Cr.

1626 4154 1822 4203 statuit
1859 4152 2226 4217 Goettlingius
2266 4150 2345 4211 (in
2382 4148 2708 4214 Syllog.1n-

1624 4224 1838 4287 scriptt.
1870 4222 2095 4273 Graece.
2121 4226 2177 4271 et
2202 4219 2409 4270 Osann.
2435 4219 2624 4269 fascic.
2653 4218 2704 4268 1.

1623 4309 1752 4358 pag.
1800 4291 1885 4358 5),
1943 4292 2164 4342 reiectis
2222 4289 2706 4340 Grammaticorum

1622 4364 1810 4427 nugis,
1870 4376 1936 4411 ex
1985 4359 2240 4424 analogia
2296 4359 2497 4408 docens
2541 4357 2709 4407 scribi

1622 4447 1785 4499 posse
1797 4399 2079 4496 Ἔρυθρα
2123 4433 2178 4479 et
2221 4428 2280 4476 in
2313 4426 2514 4493 plurali
2542 4418 2708 4492 ’-Ερυ

1857 4082 2090 4144 monuit,
2156 4081 2465 4132 accuratius
2513 4079 2580 4130 de
2621 4080 2708 4130 his
