3109 5092
1051 337 1553 399 EUTERPE.
1599 338 1682 398 ΙΙ.
1728 345 1818 399 21.
1862 346 1952 401 22.

2520 334 2642 398 473

358 511 928 602 θωυμασιωτέρη·
969 508 1013 601 ἢ
1041 512 1218 600 λέγει
1248 508 1381 581 ἀπὸ
1418 517 1540 583 τοῦ
1556 510 1886 583 Ὠκεανοῦ
1917 516 2155 602 ῥέοντα
2196 508 2405 582 αὐτὸν
2432 518 2643 583 ταῦτα

360 621 814 706 μηχανᾶσθαι,
841 613 961 685 τὸν
990 613 1054 684 δ’
1080 613 1404 685 Ὠκεανὸν
1431 621 1561 704 γῆν
1586 619 1741 706 περὶ
1768 623 1991 686 πᾶσαν
2018 619 2220 706 ῥέειν.
2241 611 2330 685 Ἡ
2347 615 2422 685 δὲ
2445 624 2632 707 τρίτη
2654 627 2735 688 22

362 725 499 790 τῶν
526 715 742 803 ὁδῶν,
774 717 1027 789 πολλὸν
1055 719 1515 808 ἐπιεικεστάτη
1544 723 1777 806 ἐοῦσα,
1811 720 2095 809 μάλιστα
2133 726 2473 802 ἔψευσται.
2530 724 2638 790 λέ-

364 852 466 912 γει
496 820 625 912 γὰρ
656 820 738 912 δὴ
767 819 924 892 οὐδ’
963 819 1133 913 αὐτὴ
1161 820 1388 910 οὐδὲν,
1421 827 1688 913 φαμένη
1717 822 1834 894 τὸν
1861 833 2118 893 Νεῖλον
2146 826 2328 911 ῥέειν
2359 818 2491 892 ἀπὸ
2521 852 2637 912 τη-

364 929 647 1016 κομένης
686 925 943 1014 χιόνος,
990 921 1063 1006 ὃς
1104 930 1240 1016 ῥεέι
1280 927 1406 1015 μὲν
1460 931 1533 996 ἐκ
1562 926 1820 1016 Λιβύης
1863 926 1975 997 διὰ
2003 931 2227 1016 μέσων
2256 925 2639 1013 Αἰθιόπων,

363 1034 623 1101 ἐκδιδοῖ
663 1031 738 1099 δὲ
779 1032 845 1109 ἐς
884 1039 1259 1117 Αἴγυπτον.
1341 1035 1475 1111 κῶς
1517 1022 1614 1100 ὦν
1668 1036 1835 1121 δῆτα
1893 1033 2033 1120 ῥέοι
2087 1024 2173 1099 ἂν
2212 1027 2343 1098 ἀπὸ
2395 1031 2637 1119 χιόνος,
2744 1105 2753 1112 ,

361 1131 492 1204 ἀπὸ
540 1138 681 1202 τῶν
724 1133 1164 1223 θερμοτάτων
1223 1133 1496 1218 [τόπων]
1569 1137 1747 1222 ῥέων
1791 1139 1857 1214 ἐς
1910 1132 1990 1203 τὰ
2028 1131 2443 1223 ψυχρότερας
2502 1139 2640 1203 τῶν

361 1235 442 1307 τὰ
497 1236 712 1306 πολλά
760 1239 898 1306 ἐστι
952 1234 1160 1327 ἀνδρί
1206 1265 1284 1325 γε
1339 1245 1721 1324 λογίζεσθαι
1789 1237 2113 1308 τοιούτων
2184 1240 2335 1324 πέρι
2391 1242 2511 1330 οἴῳ
2566 1265 2638 1306 τε

362 1340 563 1425 ἐόντι,
600 1335 689 1419 ὥς
714 1337 876 1410 οὐδὲ
905 1338 1085 1421 οἰκὸς
1116 1338 1248 1410 ἀπὸ
1276 1341 1500 1429 χιόνος
1525 1370 1645 1430 μιν
1672 1344 1874 1430 ῥέειν.
1928 1347 2197 1429 πρῶτον
2228 1340 2354 1429 μὲν
2380 1342 2492 1410 καὶ
2520 1349 2635 1429 μέ-

362 1542 544 1607 opinio
580 1542 711 1606 fuit,
752 1542 821 1593 ab
856 1540 1168 1604 Herodoto,
1206 1545 1299 1608 qui
1327 1544 1451 1593 sub-

360 1612 488 1662 inde
536 1612 777 1663 severius
824 1609 1093 1662 Hecataei
1139 1612 1288 1663 dicta
1333 1630 1449 1677 per-

360 1682 614 1747 stringit,
676 1681 923 1733 acerbius
978 1685 1190 1733 notata.
1286 1683 1446 1734 Conf.

359 1752 565 1802 Herod.
592 1751 687 1812 IV,
708 1753 760 1802 8.
780 1750 848 1804 36
873 1751 1058 1816 ibique
1082 1756 1244 1814 nott„
1283 1752 1450 1802 Klau-

361 1836 476 1871 sen.
524 1821 595 1871 ad
643 1821 911 1871 Hecataei
962 1820 1211 1886 frag-mm.
1251 1838 1305 1885 p.
1351 1824 1450 1873 120

359 1905 509 1957 seqq.
547 1888 669 1940 coll.
721 1907 773 1955 p.
816 1889 884 1941 39
921 1905 1068 1955 seq.,
1117 1891 1445 1942 Dahlmann.

357 1959 623 2010 Herodot.
660 1977 716 2024 p.
757 1960 857 2010 114
893 1975 1038 2025 seq„
1077 1959 1267 2011 Ukert.
1309 1961 1445 2011 Geo-

357 2030 547 2094 graph.
589 2029 636 2090 1,
676 2031 728 2080 2.
766 2045 817 2094 p.
858 2028 946 2079 26.
982 2030 1105 2080 215.
1176 2031 1445 2081 Hecataei

353 2097 533 2149 locum
582 2098 647 2149 de
681 2098 807 2149 Nilo
858 2099 1100 2148 servavit
1146 2099 1442 2150 Scholiast.

355 2167 534 2232 Apoll.
573 2167 750 2219 Rhod.
800 2167 907 2230 lv,
942 2166 1064 2217 259.
1146 2170 1251 2219 Hic
1299 2171 1440 2220 enim

356 2238 792 2300 existimaverat,
831 2242 1029 2286 terram
1058 2238 1114 2287 in
1151 2238 1286 2288 duas
1319 2255 1442 2304 par-

355 2310 439 2357 tes
477 2308 637 2372 quasi
682 2306 914 2356 divisam
952 2306 1170 2357 Oceano
1216 2308 1441 2359 circum·

353 2376 468 2427 fini.
521 2376 674 2437 Quae
707 2375 812 2425 fuit
832 2376 1058 2426 Homeri
1087 2380 1142 2426 et
1175 2379 1441 2443 antiquis-

353 2446 608 2495 simorum
647 2449 926 2510 poetarum
958 2445 1286 2496 Graecorum
1323 2464 1442 2497 sen-

352 2515 546 2578 tentia,
572 2515 666 2580 qui
688 2520 885 2564 terram
911 2513 1130 2578 planam
1157 2520 1211 2565 et
1233 2516 1440 2567 Oceani

353 2584 557 2644 circulo
594 2584 982 2634 circumdatam
1008 2600 1127 2635 esse
1159 2591 1438 2650 putarunt,

350 2659 495 2704 teste
523 2653 795 2704 Bredovio
830 2653 889 2702 in
923 2654 1228 2718 Uranolog.
1263 2657 1439 2706 Hero-

354 2723 466 2774 dot.
501 2738 647 2788 spec.
687 2738 741 2787 p.
781 2722 887 2772 ΙΙΙ.
960 2723 1045 2774 Ad
1080 2724 1262 2774 Verba
1292 2716 1436 2793 λόγῳ

351 2785 415 2842 δὲ
450 2787 634 2842 εἰπεῖν
673 2791 754 2857 (ut
785 2792 938 2843 verbo
974 2794 1134 2843 dicam
1170 2810 1215 2844 s.
1245 2810 1436 2860 prope-

350 2862 540 2912 modum
573 2859 815 2926 dixerim)
855 2862 1000 2912 conf.
1039 2863 1095 2923 1,
1136 2862 1224 2914 61.
1263 2864 1339 2924 11,
1369 2864 1436 2916 53

351 2931 561 2998 (ibique
591 2930 756 2997 nott.)
794 2935 849 2981 et
887 2930 988 2982 134
1015 2931 1138 2983 coll.
1174 2933 1250 2996 ΙΙ,
1289 2932 1377 2986 37.

718 3103 850 3154 Cn.
890 3102 1069 3153 XXII.

410 3194 485 3254 ‘H
522 3195 598 3262 δὲ’
629 3201 787 3268 τρίτη
836 3201 951 3254 τῶν
996 3195 1151 3254 ὁδῶν
1187 3221 1237 3254 κ.
1274 3221 1321 3255 τ.
1360 3204 1436 3271 L]

348 3276 510 3325 Hanc
576 3274 902 3324 sententiam
967 3274 1246 3338 professus
1317 3280 1436 3326 erat

348 3343 705 3408 Anaxagoras
753 3359 981 3408 eumque
1020 3348 1239 3394 secutus
1280 3347 1437 3396 Euri-

347 3412 502 3478 pides
537 3413 595 3462 in
622 3413 819 3478 fragm.
859 3428 924 3463 ex
947 3412 1161 3463 Archel.
1189 3415 1433 3480 tragoed.

349 3486 402 3533 et
440 3483 498 3531 in
525 3482 722 3532 Helen.
759 3483 792 3534 3
829 3486 1079 3532 monente
1107 3483 1349 3535 Diodoro
1383 3485 1431 3546 Ι,

349 3551 442 3614 38,
485 3550 578 3616 qui
615 3551 758 3600 hanc
796 3552 1122 3601 sententiam
1157 3568 1331 3616 aeque
1367 3570 1433 3603 ac

345 3620 547 3671 Noster
569 3618 924 3670 refellendam
951 3621 1057 3670 sibi
1089 3623 1306 3684 sumsit,
1343 3623 1432 3672 iis-

346 3690 575 3753 demque
614 3689 729 3739 fere
777 3691 1112 3754 argumentis
1147 3690 1434 3756 impugna·

345 3760 455 3820 vit,
499 3757 603 3808 hoc
645 3761 930 3823 praeterea
976 3758 1207 3822 addens,
1262 3761 1308 3809 si
1345 3759 1435 3810 vel

344 3827 465 3890 nix,
513 3826 569 3876 id
604 3827 750 3891 quod
788 3828 882 3877 vix
917 3827 1201 3894 probabile
1247 3829 1429 3893 fuerit,

342 3897 398 3946 in
418 3896 710 3960 Aethiopia
733 3897 996 3948 cecidisse
1019 3902 1282 3961 sumatur,
1305 3899 1431 3949 inde

341 3965 527 4016 Nilum
572 3965 793 4017 αιίιιίωο
842 3967 922 4016 sic
970 3967 1162 4032 augeri
1205 3983 1430 4019 consen-

337 4040 560 4086 taneum
596 4050 736 4097 esse,
779 4035 1035 4101 quoniam
1069 4036 1296 4099 fluvius,
1335 4039 1429 4102 qui

336 4104 441 4155 hoc
483 4102 643 4154 modo
683 4105 943 4168 creverit,
990 4108 1184 4155 ventos
1227 4106 1429 4156 excitet

336 4172 565 4239 frigidos
612 4174 900 4239 aeremque
944 4174 1138 4224 reddat
1196 4176 1428 4224 crassio-

335 4258 467 4293 rem.
554 4243 794 4304 Quorum
841 4247 1088 4293 neutrum
1133 4243 1192 4292 in
1239 4242 1423 4294 Nilum

334 4310 647 4363 convenire.
695 4310 802 4363 Sed
823 4313 1024 4376 nivem,
1050 4307 1170 4376 'qua
1194 4316 1423 4377 uterque

333 4380 569 4445 scriptor
619 4380 966 4450 Aethiopiam
1024 4381 1212 4447 obtegi
1260 4397 1424 4446 posse

1549 1551 1746 1608 negat,
1785 1543 2014 1594 subinde
2050 1548 2259 1606 tamen,
2310 1558 2635 1610 quamquam

1550 1616 1755 1676 rarius,
1816 1614 2048 1663 inveniri
2100 1615 2155 1662 in
2206 1614 2479 1664 montibus
2535 1615 2639 1664 Ae-

1548 1684 1792 1748 thiopiae
1827 1684 1934 1732 iam
1960 1681 2229 1732 Ludolfus
2264 1688 2547 1733 monuerat
2580 1684 2636 1733 in

1549 1753 1858 1817 Aethiopic.
1906 1752 2056 1802 Hist.
2105 1752 2161 1813 I,
2215 1753 2265 1801 5.
2349 1753 2637 1816 Anaxago-

1549 1838 1643 1872 rae
1679 1822 2033 1884 sententiam,
2084 1820 2151 1869 de
2188 1836 2297 1885 qua
2342 1821 2453 1871 vid.
2493 1837 2636 1871 nunc

1549 1893 1799 1956 fragmm.
1841 1890 1927 1941 ed.
1958 1890 2282 1940 Schaubach
2316 1905 2371 1954 p.
2401 1889 2519 1953 179,
2557 1891 2636 1940 af·

1547 1962 1654 2011 fert
1688 1976 1903 2026 quoque
1927 1960 2113 2024 Lydus
2137 1958 2175 2007 1.
2204 1959 2243 2009 l.
2274 1975 2327 2023 p.
2354 1960 2457 2010 260
2482 1961 2635 2010 item-

1547 2047 1651 2096 que
1698 2030 1914 2080 Chresti
1966 2029 2224 2089 Romani‚
2288 2030 2380 2093 qui
2442 2034 2635 2081 contra

1544 2101 1668 2150 aliis
1729 2100 2064 2164 argumentis
2130 2098 2360 2162 probare
2412 2099 2634 2150 studue-

1544 2174 1702 2232 runt,
1751 2168 1931 2218 Nilum
1983 2185 2012 2217 e
2062 2167 2377 2233 liquefactis
2415 2169 2632 2220 nivibus

1543 2239 1731 2304 augeri
1783 2254 1891 2288 non
1939 2253 2129 2303 posse,
2194 2237 2339 2302 quod
2401 2239 2632 2304 frigidus

1540 2325 1651 2359 non
1677 2309 1768 2370 sit,
1806 2308 1900 2358 sed
1939 2307 2172 2372 tepidus.
2212 2307 2474 2357 Arrianus
2504 2325 2634 2375 quo-

1542 2394 1647 2443 que
1703 2378 1825 2428 Ind.
1878 2377 1911 2427 6
1967 2377 2095 2427 inde
2144 2375 2329 2427 Nilum
2391 2394 2634 2429 crescere

1539 2464 1701 2513 posse
1726 2449 1967 2512 negavit.
2026 2448 2111 2497 Ex
2136 2446 2305 2496 Iubae
2327 2448 2471 2513 regis
2500 2449 2630 2498 scri-

1539 2518 1648 2582 ptis
1686 2515 1899 2567 Plinius
1946 2515 2115 2577 (Hist.
2164 2516 2294 2565 Nat.
2333 2516 2409 2577 V,
2451 2516 2536 2567 10.
2574 2520 2624 2580 §-

1541 2586 1630 2653 51)
1668 2587 1856 2648 tradit,
1891 2590 2052 2649 prout
2086 2585 2141 2638 in
2178 2585 2512 2635 Mauritania
2549 2586 2629 2635 ni-

1537 2671 1635 2706 ves
1685 2655 1956 2705 imbresve
2000 2654 2348 2714 satiaverint,
2399 2655 2479 2703 ita
2533 2656 2629 2704 Ni-

1535 2721 1647 2775 lum
1683 2740 1945 2776 crescere.
2008 2722 2221 2774 Timaei
2256 2723 2628 2774 mathematici

1537 2796 1803 2845 rationem
1842 2791 2142 2856 occultam,
2180 2807 2287 2857 qua
2309 2791 2422 2841 Nili
2455 2793 2629 2844 incre-

1537 2869 1778 2915 mentum
1839 2862 2111 2928 explicare
2173 2860 2414 2924 studuit,
2482 2863 2627 2914 idem

1534 2934 1747 2984 Plinius
1784 2933 1821 2984 l.
1860 2932 1897 2983 l.
1936 2932 1983 2995 §-
2024 2934 2091 2982 55
2124 2947 2237 2997 seq.
2273 2930 2522 2995 protulit.

1606 3000 1749 3068 λέγει
1792 2994 1899 3067 γὰρ
1940 2993 2012 3066 δὴ
2063 2994 2190 3052 οὐδ’
2234 2996 2378 3066 αὐτὴ
2431 2992 2624 3067 οὐδὲν]

1534 3089 1742 3140 namque
1786 3090 1850 3124 ne
1892 3073 1982 3126 illa
2016 3073 2209 3138 quidem
2244 3071 2509 3138 quidquam
2549 3073 2628 3121 di-

1532 3146 1625 3205 cit,
1675 3143 1713 3194 i.
1749 3159 1794 3194 e.
1836 3144 2101 3209 quidquam
2134 3144 2247 3192 veri
2278 3143 2399 3192 dicit
2430 3156 2475 3191 s.
2509 3157 2628 3192 con-

1537 3214 1681 3263 tinet.
1767 3212 1832 3262 In
1884 3212 2065 3262 verbis
2129 3227 2281 3276 seqq.
2340 3200 2456 3259 ἀπὸ
2511 3208 2627 3260 τῶν

1536 3273 1910 3345 θερμοτάτων
1969 3272 2202 3346 [τόπων]
2264 3272 2409 3344 ῥέων
2458 3270 2514 3337 ἐς
2557 3271 2629 3330 τὰ

1535 3341 1863 3415 ψυχρότερα
1917 3349 2492 3414 Schweighaeuser-um
2545 3364 2627 3398 se-

1535 3419 1650 3470 cuti
1685 3434 1898 3479 sumus,
1945 3419 2101 3468 uncis
2147 3416 2487 3467 includentes
2533 3433 2625 3467 vo-

1535 3487 1789 3538 cabulum
1844 3480 2066 3548 τόπων,
2128 3486 2273 3550 quod
2318 3487 2508 3550 utique
2568 3485 2627 3534 in

1536 3556 1861 3622 quibusdam
1897 3555 2051 3605 libris
2082 3570 2191 3605 non
2229 3554 2457 3619 legitur,
2505 3569 2626 3603 cum

1538 3627 1596 3675 in
1631 3625 1782 3686 aliis,
1829 3624 1925 3675 ubi
1964 3623 2190 3688 legitur,
2238 3623 2495 3672 omissam
2542 3623 2626 3671 in-

1536 3694 1726 3744 venias
1762 3709 1951 3745 vocem
1986 3685 2160 3757 ῥέων,
2215 3707 2357 3756 quae
2403 3691 2474 3740 ad
2509 3692 2626 3741 uni-

1534 3779 1749 3814 versam
1786 3762 2114 3813 sententiam
2153 3776 2373 3826 prorsus
2409 3765 2493 3810 est
2530 3776 2623 3820 ne-

1535 3833 1796 3884 cessaria.
1880 3829 2121 3881 Dindorf
2162 3846 2333 3880 uncos
2380 3828 2622 3891 sustulit,

1532 3901 1764 3952 Dietsch
1810 3901 2053 3951 retinuit.
2125 3899 2211 3950 Ad
2254 3898 2363 3949 loci
2403 3914 2623 3949 sensum

1533 3971 1644 4021 vid.
1682 3970 1949 4021 Aristides
1982 3974 2116 4019 tom.
2154 3969 2230 4018 11.
2268 3984 2319 4034 p.
2361 3967 2483 4021 334.

1602 4036 1715 4087 τῶν
1750 4032 1819 4088 τὰ
1854 4029 2035 4088 nollo?
2070 4028 2185 4087 ἔστι
2222 4027 2402 4100 ἀνδρί
2431 4052 2491 4101 γε
2529 4036 2622 4086 λο-

1529 4105 1786 4172 γίζεσθαι
1810 4099 2089 4157 τοιούτων
2110 4103 2240 4169 πέρι
2261 4104 2364 4170 οἴῳ
2388 4120 2446 4156 τε
2469 4096 2622 4156 ἐόντι

1527 4192 1580 4227 κ.
1622 4192 1669 4225 τ.
1710 4175 1784 4240 λ.]
1827 4176 2080 4226 Liberius
2122 4175 2265 4226 hunc
2310 4175 2488 4226 locum
2537 4176 2618 4224 ita

1529 4246 1800 4311 expressit
1848 4244 2421 4310 Schweighaeuserus:
2495 4244 2619 4308 „Ac

1524 4323 1641 4366 sunt
1674 4330 1800 4365 sane
1829 4318 2105 4377 permulta,
2144 4330 2215 4364 eoe
2252 4313 2429 4379 quibus
2461 4313 2617 4370 homo,

1525 4387 1612 4452 qui
1644 4384 1837 4449 quidem
1870 4385 2099 4436 iudicare
2144 4383 2208 4432 de
2246 4382 2431 4432 talibus
2463 4381 2617 4434 rebus
