3109 5092
453 349 580 412 448

1325 349 1867 411 HERODOTI

445 520 612 593 ὁδοῦ
640 522 954 612 ἑξήκοντα
979 524 1092 592 καὶ
1121 520 1502 593 ὀκτακόσιοι
1533 526 1647 593 καὶ
1674 531 2189 611 τετρακισχίλιοι
2208 576 2225 609 ,
2257 532 2548 611 σχοίνων
2580 523 2731 606 ἑνὸς

447 630 558 696 καὶ
602 625 992 714 ὀγδώκοντα
1038 625 1311 696 ἐόντων.
1365 617 1551 697 οὗτοι
1597 630 2075 715 συντιθέμενοι
2116 633 2186 696 οί
2220 629 2480 698 στάδιοι
2512 627 2725 716 Αἰγύ-

447 757 653 814 πτου,
680 728 755 800 τὸ
782 730 907 818 μὲν
930 728 1110 819 παρὰ
1138 730 1497 799 θάλασσαν
1524 729 1654 819 ἤδη
1683 761 1793 820 μοι
1834 733 1945 799 καὶ
1976 732 2304 820 πρότερον
2333 733 2728 822 δεδήλωται,

446 831 546 903 ὅτι
580 837 944 916 ἑξακοσίων
977 837 1218 904 τέ·ἐστι
1247 840 1545 903 σταδίων
1571 838 1682 903 καὶ
1714 841 2133 924 τρισχιλίων·
2183 831 2343 904 ὅσον
2387 839 2468 905 δέ
2500 865 2562 905 τι
2598 833 2731 904 άπὸ

445 936 793 1026 θαλάσσης
821 934 888 1017 ἐς
913 936 1282 1026 μεσόγαιαν
1309 941 1498 1026 μέχρι
1533 942 1817 1026 Θηβέων
1859 935 1997 1007 ἐστὶ
2016 990 2055 1026 ,,
2072 941 2405 1027 σημανέω.
2468 939 2727 1008 στάδιοι

448 1040 577 1131 γάρ
609 1047 737 1110 εἰσι
768 1052 975 1110 εἰκοσι
1016 1044 1127 1110 καὶ
1162 1039 1402 1110 ἑκατὸν
1431 1043 1542 1109 καὶ
1571 1044 2016 1130 ἑξακισχίλιοι.
2076 1039 2151 1110 τὸ
2180 1042 2255 1110 δὲ
2285 1040 2416 1112 άπὸ
2445 1045 2729 1131 Θηβέων

449 1141 517 1224 ἐς
550 1141 1034 1232 Ἐλεφαντίνην
1064 1148 1478 1233 καλεομένην
1518 1145 1719 1214 πόλιν
1756 1144 2016 1214 στάδιοι
2058 1152 2257 1232 χίλιοι
2302 1149 2415 1215 καὶ
2448 1143 2727 1215 ὀκτακό-

450 1255 592 1317 σιοί
617 1255 766 1317 εἰσι.

449 1419 663 1465 statuas
684 1429 906 1464 necesse
941 1415 1033 1465 sit.
1073 1414 1229 1464 Conf.
1258 1413 1536 1463 Ἥρωσι-τ

450 1484 776 1549 Geography
823 1485 885 1533 of
909 1484 1174 1534 Herodot.
1225 1501 1276 1548 p.
1318 1483 1439 1534 356.
1469 1511 1538 1518 —

449 1554 719 1603 Mannert.
760 1553 1091 1619 (Geograph.
1132 1555 1198 1616 X,
1237 1555 1282 1603 1.
1319 1570 1373 1618 p.
1411 1551 1536 1615 481)

453 1623 577 1672 hinc
605 1623 790 1688 colligi
824 1639 986 1687 posse
1014 1630 1189 1687 putat,
1225 1620 1537 1686 Heliopolin

451 1693 521 1742 ad
556 1693 798 1743 canalem
840 1693 1000 1742 sitam
1042 1694 1238 1754 fuisse,
1296 1693 1389 1757 qui
1429 1692 1536 1740 iam

451 1762 621 1811 multo
659 1768 787 1813 ante
824 1763 1259 1813 Ptolemaeorum
1302 1766 1539 1811 aetatem

451 1847 486 1881 a
517 1831 643 1882 Nilo
693 1834 956 1882 orientem
1001 1849 1191 1883 versus
1238 1832 1309 1882 ad
1361 1832 1538 1880 sinum

449 1903 743 1953 Arabicum
801 1918 972 1967 usque
1031 1903 1198 1952 fuerit
1253 1901 1539 1951 deductus.

449 1973 534 2021 Ex
581 1988 687 2037 quo
724 1972 902 2022 canali
940 1974 1030 2037 qui
1073 1973 1141 2021 ab
1171 1971 1444 2035 Heliopoli
1484 1970 1540 2017 in

450 2040 669 2091 Nilum'
655 2056 832 2106 ipsum
854 2044 1079 2106 naviget
1099 2041 1424 2105 Thebasque
1449 2053 1542 2103 pe·-

451 2115 560 2170 tat,
600 2111 650 2160 ei
686 2126 879 2159 novem
909 2126 1026 2160 esse
1062 2110 1268 2160 dierum
1301 2110 1422 2159 iter.

522 2167 682 2227 οὗτοι
730 2172 1129 2242 συντιθέμενοι
1184 2173 1244 2227 οἷ
1295 2171 1537 2241 στάδιοι]

453 2248 587 2297 Cum
623 2253 849 2297 recentt.
891 2248 1015 2297 edd.
1057 2248 1371 2324 scripsimus
1412 2259 1542 2295 συν-

451 2310 747 2379 τιθέμενοι
777 2332 871 2382 pro
914 2309 1359 2382 συντεθειμένοι,
1388 2322 1442 2365 et
1467 2309 1541 2377 οἵ,

454 2388 599 2451 quod
645 2385 810 2452 vulgo
843 2386 1024 2447 abest,
1075 2403 1104 2436 e
1140 2385 1381 2435 Floreat.
1422 2386 1540 2434 cod.

454 2455 770 2506 adiecimus.
810 2458 912 2506 Est
933 2461 1113 2506 autem
1136 2454 1270 2504 haec
1299 2456 1409 2504 fere
1435 2453 1543 2503 loci

454 2527 750 2576 sententia:
790 2526 991 2591 quando
1019 2526 1145 2575 haec
1179 2526 1350 2575 stadia
1380 2540 1545 2575 seeum

453 2605 601 2646 erunt
633 2599 801 2645 iuncea
835 2610 879 2644 s.
906 2602 1190 2658 computata
1226 2621 1294 2630 —
1332 2599 1548 2645 exsistet

453 2667 571 2716 inde
604 2682 788 2715 summa
831 2681 930 2714 sex
972 2667 1099 2715 mille
1147 2673 1338 2714 centum
1371 2664 1549 2728 viginti

451 2736 756 2798 stadiorum,
812 2751 942 2799 quae
996 2742 1072 2783 est
1105 2735 1392 2798 Aeqyptiae
1438 2741 1543 2782 ter-

455 2822 549 2854 rae
592 2806 848 2870 longitudo
887 2805 1003 2852 inde
1042 2821 1075 2853 a
1110 2806 1241 2852 mari
1285 2819 1440 2868 usque
1474 2803 1548 2851 ad

459 2874 686 2934 Thebas,
747 2877 844 2922 iam
887 2873 1002 2923 mihi
1047 2873 1347 2934 indicanda,
1403 2880 1544 2934 post—

456 2958 616 3007 quam,
652 2958 782 3007 quae
800 2957 927 2991 orae
947 2945 1220 2992 maritimae
1237 2949 1371 2992 esset
1389 2942 1546 3005 lonqi—

456 3011 603 3074 tud0,
651 3025 812 3073 supra
849 3011 1273 3060 indicavi.1am
1319 3026 1549 3092 appare-

456 3080 568 3139 bit,
617 3080 785 3129 verba
829 3066 990 3127 οὖτοι
1040 3071 1441 3157 συντιθέμενοι
1489 3071 1549 3126 οἷ

458 3145 678 3197 στάδιοι
714 3153 963 3213 spectare
1010 3148 1080 3198 ad
1117 3149 1285 3198 verba
1323 3140 1544 3196 στάδιοι

455 3210 560 3282 γάρ
606 3213 714 3267 εἰσι
764 3215 972 3279 εἴκοσι,
1037 3213 1133 3266 καὶ
1190 3210 1392 3266 ἑκατὸν
1447 3212 1544 3265 καὶ

457 3281 848 3352 ἑξακισχίλιοι,
884 3255 980 3335 ub’i
1015 3285 1286 3352 particula
1313 3278 1418 3350 γάρ
1454 3302 1545 3335 ne-

456 3359 653 3408 minem
680 3357 1056 3418 remorabitur,
1094 3357 1186 3421 qui
1222 3357 1540 3416 meminerit,

456 3429 668 3494 quoties
704 3427 841 3476 haec
871 3426 1143 3490 particula
1176 3427 1254 3476 ita
1290 3431 1541 3490 ponatur,

455 3503 515 3547 ut
571 3498 640 3546 ad
696 3512 790 3559 ea,
852 3511 988 3560 quae
1045 3511 1141 3560 per
1195 3495 1542 3560 parenthesin

457 3568 611 3632 quasi
678 3567 965 3615 interiecta
1023 3565 1262 3629 proxime
1325 3570 1544 3614 antece-

457 3636 619 3698 dunt,
660 3641 887 3700 spectet.
927 3663 984 3671 -·
1037 3635 1100 3684 In
1136 3635 1269 3699 ipsis
1306 3635 1544 3683 numeris

457 3706 599 3755 haud
638 3721 857 3769 prorsus
896 3709 1154 3754 constans
1188 3704 1292 3754 sibi
1327 3703 1545 3752 videtur

456 3775 799 3835 Herodotus,
850 3775 940 3839 qui
986 3773 1074 3822 hic
1122 3787 1384 3822 summam
1433 3777 1544 3821 sta-

458 3842 667 3893 diorum
705 3859 739 3893 a
772 3843 909 3892 mari
943 3857 1114 3906 usque
1137 3844 1210 3893 ad
1234 3840 1542 3905 Heliopolin

458 3916 515 3961 et
549 3912 766 3962 Thebas
811 3911 946 3961 facit
992 3910 1156 3972 6120,
1215 3927 1334 3961 cum
1380 3916 1544 3960 antea

464 3980 569 4044 (11,
597 3979 657 4042 7)
685 3979 820 4030 1500
846 3980 1028 4030 stadia
1053 3980 1326 4044 posuisset
1349 3994 1382 4028 a
1407 3979 1544 4028 mari

456 4064 630 4112 usque
661 4049 730 4098 ad
753 4049 1065 4112 Heliopolin
1097 4055 1152 4100 et
1175 4050 1243 4098 ab
1264 4048 1541 4112 Heliopoli

457 4133 627 4182 usqne
649 4117 719 4167 ad
735 4116 950 4167 Thebas
977 4117 1143 4177 486ος
1170 4118 1312 4168 unde
1332 4133 1542 4168 summa

458 4188 674 4238 exsistit
727 4186 1027 4236 stadiorum
1092 4187 1249 4237 6360.
1344 4189 1539 4249 Fuere,

458 4257 550 4322 qui
598 4255 832 4306 librariis
871 4254 1136 4304 Herodoti
1181 4261 1390 4306 textum
1427 4272 1541 4306 cor-

455 4325 827 4389 rumpentibus
863 4324 964 4373 hoc
1000 4323 1317 4386 tribuerent,
1357 4340 1543 4390 quam-

455 4397 540 4447 vis
576 4393 758 4446 mendi
793 4393 885 4444 vix
917 4389 1031 4443 ulla
1066 4398 1330 4458 appareat
1366 4393 1542 4458 suspi-

1641 1416 1747 1465 ei0.
1823 1415 1884 1465 Si
1931 1430 2068 1465 sana
2121 1421 2249 1465 sunt
2302 1415 2491 1466 Nostri
2543 1415 2729 1477 verba,

1640 1486 1733 1533 vix
1770 1500 1834 1534 ea
1884 1485 1992 1534 alio
2037 1485 2197 1535 modo
2246 1500 2429 1534 secum
2480 1485 2731 1550 componi

1640 1569 1802 1618 posse
1846 1555 2126 1605 existimat
2162 1554 2573 1606 Schlichthorst.
2616 1554 2653 1606 l.
2690 1554 2726 1603 l.

1641 1639 1765 1688 pag.
1803 1624 1898 1686 30,
1947 1626 2055 1673 nisi
2086 1625 2321 1689 priorem
2369 1625 2730 1691 computatio-

1642 1709 1763 1743 nem
1810 1693 1875 1743 de
1924 1695 2171 1743 terrestri
2221 1696 2415 1744 itinere
2452 1696 2500 1744 si
2532 1693 2732 1744 intelli·

1642 1779 1768 1828 gas,

1640 1832 1867 1894 itinere,
1917 1833 2061 1898 quod
2109 1834 2167 1882 in
2212 1834 2378 1883 fluvio
2425 1834 2521 1884 fiat
2568 1840 2731 1898 atque

1642 1907 1951 1952 tortuosum
1997 1903 2067 1953 ob
2106 1903 2222 1951 eius
2258 1918 2472 1953 cursum
2514 1903 2731 1968 longius

1643 1972 1735 2021 sit.
1819 1971 1924 2021 Sed
1984 1977 2206 2021 monent
2258 1972 2495 2023 editores
2554 1972 2731 2036 operis

1642 2040 1919 2106 Descript.
1960 2041 2026 2089 de
2063 2042 2204 2106 ΓΕΒ».
2254 2040 2292 2091 l.
2329 2041 2398 2104 1.,
2444 2043 2607 2092 hasce
2649 2041 2729 2090 di-

1644 2113 1877 2160 stantias
1934 2126 2124 2160 omnes
2172 2126 2439 2176 congruas
2486 2112 2626 2174 fore,
2682 2110 2730 2159 si

1643 2187 1793 2228 recta
1814 2179 1960 2229 linea
1994 2195 2088 2230 eas
2116 2181 2309 2230 ductas
2334 2197 2454 2231 esse
2482 2182 2583 2230 tibi
2609 2196 2731 2245 per-

1644 2250 1902 2298 suaseris.
1966 2250 2057 2298 Sic
2085 2249 2230 2299 mille
2258 2252 2590 2316 octingentis
2622 2255 2733 2300 sta-

1645 2318 1751 2368 diis
1793 2317 2121 2368 Herodoteis
2167 2325 2360 2368 exacte
2408 2320 2733 2384 respondere

1642 2402 1907 2436 summam
1950 2388 2172 2449 180,000
2205 2387 2431 2452 metres,
2469 2405 2609 2454 quae
2642 2405 2732 2438 ea-

1644 2455 1766 2506 dem
1795 2473 1924 2507 vera
1951 2457 2264 2507 inveniatur
2293 2459 2416 2508 viae
2444 2458 2729 2523 longitudo

1644 2541 1896 2591 mappam
1962 2527 2292 2589 inspicienti.
2397 2527 2730 2578 Distantiam

1645 2596 1950 2645 Thebarum
1974 2596 2045 2645 ab
2070 2596 2188 2660 ipso
2220 2598 2354 2646 mari
2387 2599 2566 2647 minus
2592 2598 2731 2648 bene

1646 2664 1877 2714 indicari
1926 2681 2115 2730 posse,
2170 2681 2290 2716 cum
2323 2682 2433 2716 non
2470 2669 2607 2716 satis
2646 2683 2733 2717 ac·

1647 2740 1833 2783 curate
1871 2736 2184 2785 Herodotus
2229 2736 2405 2786 locum
2442 2736 2730 2799 definierit,

1630 2805 1789 2853 unde
1822 2804 2086 2853 distantia
2123 2806 2197 2853 sit
2233 2805 2594 2870 dimetienda,
2631 2822 2731 2856 nec

1646 2878 1831 2922 tamen
1873 2875 2135 2923 absonam
2181 2874 2380 2936 videri,
2430 2877 2478 2925 si
2518 2892 2551 2925 a
2598 2876 2731 2925 mari

1647 2943 2042 2992 mediterraneo
2089 2959 2254 3008 prope
2288 2945 2563 2994 Pelusium
2597 2945 2732 2994 inci-

1648 3012 1800 3076 piens
1836 3016 2042 3061 rectam
2071 3012 2266 3063 lineam
2296 3013 2364 3063 ad
2391 3013 2603 3063 Thebas
2640 3029 2731 3062 us-

1648 3097 1753 3145 que
1799 3081 2037 3132 duxeris.
2121 3083 2203 3132 Tu
2257 3084 2402 3133 conf.
2443 3082 2607 3132 etiam
2641 3083 2729 3131 Io-

1646 3150 1817 3201 mard.
1868 3151 1907 3200 l.
1954 3151 1993 3199 l.
2044 3166 2171 3215 pag.
2229 3151 2349 3202 508.
2446 3151 2555 3201 Sed
2601 3151 2731 3201 ferri

1626 3219 1782 3269 haec
1816 3236 1925 3269 non
1961 3235 2124 3283 posse
2162 3221 2427 3271 Herodoti
2460 3221 2644 3282 verba,
2684 3221 2732 3270 si

1644 3294 1794 3339 recte
1827 3288 2226 3352 intelligantur,
2261 3291 2399 3339 bene
2428 3296 2613 3340 monet
2626 3291 2732 3341 Le-

1647 3359 1894 3408 tronnius
1929 3358 1964 3408 l.
1987 3357 2025 3408 l.
2051 3375 2104 3423 p.
2133 3360 2231 3408 144
2262 3364 2575 3423 corruptum
2610 3375 2731 3409 esse

1646 3443 1925 3477 numerum
1958 3428 2256 3476 stadiorum
2298 3429 2437 3479 6120
2470 3428 2558 3478 vel
2592 3429 2732 3478 hanc

1647 3498 1716 3547 ob
1753 3512 1974 3546 causam
2012 3496 2258 3546 iudicans
2280 3534 2293 3559 ,
2342 3498 2485 3562 quod
2522 3497 2731 3547 numeri

1647 3566 2030 3630 praecedentes
2077 3565 2236 3628 (1500
2280 3572 2335 3616 et
2372 3566 2532 3632 4860)
2587 3568 2733 3616 omni

1649 3635 1812 3684 dubio
1850 3636 1961 3684 sint
1994 3636 2211 3684 exemti.

1739 3695 1958 3752 στάδιοι
2018 3702 2189 3766 χίλιοι
2250 3698 2345 3752 καὶ
2404 3694 2738 3753 ὀκτακόσιοί

1647 3766 1777 3852 εἰσι]
1818 3773 2039 3822 Retinui
2074 3772 2361 3822 lectionem
2411 3770 2604 3837 (χίλιοι
2636 3769 2726 3822 καὶ

1648 3832 1999 3906 ὀκτακόσιοι)
2050 3857 2082 3890 a
2113 3842 2386 3892 Gronovio
2424 3858 2453 3892 e
2486 3843 2731 3892 Mediceo

1646 3915 1918 3975 receptam
1951 3910 2181 3974 aliisque
2206 3912 2401 3961 deinde
2427 3910 2581 3962 libris
2609 3928 2729 3976 pro—

1645 3980 1861 4042 batam,
1939 3994 2098 4044 quam
2148 3981 2313 4031 etiam
2371 3982 2544 4031 secuti
2604 3986 2733 4031 sunt

1645 4064 1830 4099 omnes
1867 4048 2185 4098 recentioris
2234 4051 2435 4101 aetatis
2477 4049 2732 4101 editores.

1642 4118 1843 4168 Aldina
1885 4118 2077 4168 habet:
2127 4114 2308 4168 εἴκοσι
2362 4114 2459 4167 καὶ
2500 4109 2733 4169 ὀκτακό-

1646 4195 1777 4250 σιοι,
1818 4202 1957 4252 quae
1981 4187 2148 4237 lectio
2173 4188 2228 4235 in
2251 4188 2416 4238 Laur.
2438 4187 2632 4239 Vallae
2655 4190 2735 4237 in-

1644 4257 2035 4320 terpretatione
2088 4271 2344 4320 expressa
2399 4263 2511 4320 est,
2571 4264 2626 4306 et
2680 4258 2734 4306 in

1646 4325 1922 4375 Sancrofti
1949 4325 2088 4375 libro
2121 4325 2339 4390 alioque
2362 4326 2612 4376 Parisino
2636 4341 2733 4375 nu·

1645 4407 1740 4458 per
1774 4394 2000 4448 iuventa
2025 4399 2189 4459 atque
2224 4408 2258 4444 a
2278 4395 2604 4458 Leti-ennio,
2645 4394 2737 4459 qui

1827 1763 2053 1813 alteram
2098 1779 2325 1829 eamque
2371 1766 2628 1815 maiorem
2664 1764 2731 1813 de
2812 1795 2817 1800 ·
