<?xml version="1.0" encoding="UTF-8"?>
<!DOCTYPE html PUBLIC "-//W3C//DTD XHTML 1.0 Transitional//EN"
    "http://www.w3.org/TR/xhtml1/DTD/xhtml1-transitional.dtd">
<html xmlns="http://www.w3.org/1999/xhtml" xml:lang="en" lang="en">
 <head>
  <title>
</title>
<meta http-equiv="Content-Type" content="text/html;charset=utf-8" />
  <meta name='ocr-system' content='tesseract 3.04.00' />
  <meta name='ocr-capabilities' content='ocr_page ocr_carea ocr_par ocr_line ocrx_word'/>
</head>
<body>
  <div class='ocr_page' id='page_1' title='image "./herodotihalicar02unkngoog_0924.png"; bbox 0 0 3109 5092; ppageno 0'>
   <div class='ocr_carea' id='block_1_1' title="bbox 535 359 2037 424">
    <p class='ocr_par' dir='ltr' id='par_1_1' title="bbox 535 359 2037 424">
     <span class='ocr_line' id='line_1_1' title="bbox 535 359 2037 424; baseline -0.002 -1"><span class='ocrx_word' id='word_1_1' title='bbox 535 360 657 424; x_wconf 85' lang='lat'><strong>894</strong></span> <span class='ocrx_word' id='word_1_2' title='bbox 1299 359 1833 423; x_wconf 79' lang='lat' dir='ltr'>EXCURSUS</span> <span class='ocrx_word' id='word_1_3' title='bbox 1878 361 2037 424; x_wconf 87' lang='lat' dir='ltr'><strong>XVI</strong></span> 
     </span>
    </p>
   </div>
   <div class='ocr_carea' id='block_1_2' title="bbox 531 531 2817 2382">
    <p class='ocr_par' dir='ltr' id='par_1_2' title="bbox 531 531 2817 2382">
     <span class='ocr_line' id='line_1_2' title="bbox 531 531 2817 605; baseline -0.002 -16"><span class='ocrx_word' id='word_1_4' title='bbox 531 534 621 589; x_wconf 73' lang='lat' dir='ltr'><strong>vel</strong></span> <span class='ocrx_word' id='word_1_5' title='bbox 661 532 955 587; x_wconf 87' lang='lat' dir='ltr'><strong>arietinum</strong></span> <span class='ocrx_word' id='word_1_6' title='bbox 993 536 1161 601; x_wconf 84' lang='lat' dir='ltr'><strong>caput</strong></span> <span class='ocrx_word' id='word_1_7' title='bbox 1194 550 1303 585; x_wconf 91' lang='lat' dir='ltr'><strong>non</strong></span> <span class='ocrx_word' id='word_1_8' title='bbox 1345 533 1526 586; x_wconf 88' lang='lat' dir='ltr'><strong>minus</strong></span> <span class='ocrx_word' id='word_1_9' title='bbox 1561 550 1724 605; x_wconf 77' lang='lat' dir='ltr'><strong>quam</strong></span> <span class='ocrx_word' id='word_1_10' title='bbox 1764 533 2044 587; x_wconf 79' lang='lat' dir='ltr'><strong>leoninum</strong></span> <span class='ocrx_word' id='word_1_11' title='bbox 2084 548 2288 601; x_wconf 85' lang='lat' dir='ltr'><strong>corpus</strong></span> <span class='ocrx_word' id='word_1_12' title='bbox 2324 531 2554 585; x_wconf 88' lang='lat' dir='ltr'><strong>duceret</strong></span> <span class='ocrx_word' id='word_1_13' title='bbox 2579 532 2817 603; x_wconf 85' lang='lat' dir='ltr'><strong>ipsique</strong></span> 
     </span>
     <span class='ocr_line' id='line_1_3' title="bbox 531 616 2815 689; baseline -0.001 -17"><span class='ocrx_word' id='word_1_14' title='bbox 531 619 738 672; x_wconf 84' lang='lat' dir='ltr'><strong>arietes</strong></span> <span class='ocrx_word' id='word_1_15' title='bbox 784 617 990 685; x_wconf 79' lang='lat' dir='ltr'><strong>integri</strong></span> <span class='ocrx_word' id='word_1_16' title='bbox 1029 636 1059 670; x_wconf 97' lang='lat' dir='ltr'><strong>e</strong></span> <span class='ocrx_word' id='word_1_17' title='bbox 1097 616 1277 687; x_wconf 78' lang='lat' dir='ltr'><strong>lapide</strong></span> <span class='ocrx_word' id='word_1_18' title='bbox 1311 619 1637 672; x_wconf 79' lang='lat' dir='ltr'><strong>conformati</strong></span> <span class='ocrx_word' id='word_1_19' title='bbox 1666 624 1724 672; x_wconf 93' lang='lat' dir='ltr'><strong>et</strong></span> <span class='ocrx_word' id='word_1_20' title='bbox 1754 618 2064 688; x_wconf 85' lang='lat' dir='ltr'><strong>Sphinges,</strong></span> <span class='ocrx_word' id='word_1_21' title='bbox 2119 616 2313 689; x_wconf 82' lang='lat' dir='ltr'><strong>quales</strong></span> <span class='ocrx_word' id='word_1_22' title='bbox 2347 625 2477 670; x_wconf 85' lang='lat' dir='ltr'><strong>ante</strong></span> <span class='ocrx_word' id='word_1_23' title='bbox 2506 616 2704 687; x_wconf 85' lang='lat' dir='ltr'><strong>templa</strong></span> <span class='ocrx_word' id='word_1_24' title='bbox 2735 619 2815 670; x_wconf 83' lang='lat' dir='ltr'><strong>ab</strong></span> 
     </span>
     <span class='ocr_line' id='line_1_4' title="bbox 534 701 2815 773; baseline 0 -17"><span class='ocrx_word' id='word_1_25' title='bbox 534 702 827 773; x_wconf 78' lang='lat' dir='ltr'><strong>Aegyptiis</strong></span> <span class='ocrx_word' id='word_1_26' title='bbox 871 701 1127 755; x_wconf 87' lang='lat' dir='ltr'><strong>collocari</strong></span> <span class='ocrx_word' id='word_1_27' title='bbox 1173 702 1428 756; x_wconf 85' lang='lat' dir='ltr'><strong>solebant</strong></span> <span class='ocrx_word' id='word_1_28' title='bbox 1452 702 1533 770; x_wconf 81' lang='lat'><strong>²⁸¹).</strong></span> <span class='ocrx_word' id='word_1_29' title='bbox 1603 703 1687 755; x_wconf 79' lang='lat' dir='ltr'><strong>Ad</strong></span> <span class='ocrx_word' id='word_1_30' title='bbox 1717 706 1896 757; x_wconf 70' lang='lat' dir='ltr'><strong>Solen</strong></span> <span class='ocrx_word' id='word_1_31' title='bbox 1937 709 2190 773; x_wconf 69' lang='lat' dir='ltr'><strong>spectare</strong></span> <span class='ocrx_word' id='word_1_32' title='bbox 2236 702 2471 773; x_wconf 86' lang='lat' dir='ltr'><strong>eiusque</strong></span> <span class='ocrx_word' id='word_1_33' title='bbox 2513 702 2815 770; x_wconf 72' lang='lat' dir='ltr'><strong>imaginem</strong></span> 
     </span>
     <span class='ocr_line' id='line_1_5' title="bbox 532 786 2811 858; baseline 0 -17"><span class='ocrx_word' id='word_1_34' title='bbox 532 788 653 841; x_wconf 81' lang='lat' dir='ltr'><strong>sive</strong></span> <span class='ocrx_word' id='word_1_35' title='bbox 682 786 987 856; x_wconf 81' lang='lat' dir='ltr'><strong>symbolum</strong></span> <span class='ocrx_word' id='word_1_36' title='bbox 1017 786 1274 839; x_wconf 84' lang='lat' dir='ltr'><strong>exhibere</strong></span> <span class='ocrx_word' id='word_1_37' title='bbox 1304 788 1603 858; x_wconf 76' lang='lat' dir='ltr'><strong>Sphingem</strong></span> <span class='ocrx_word' id='word_1_38' title='bbox 1642 804 1878 858; x_wconf 90' lang='lat' dir='ltr'><strong>eumque</strong></span> <span class='ocrx_word' id='word_1_39' title='bbox 1911 786 2207 841; x_wconf 79' lang='lat' dir='ltr'><strong>masculum</strong></span> <span class='ocrx_word' id='word_1_40' title='bbox 2242 787 2445 840; x_wconf 83' lang='lat' dir='ltr'><strong>docent</strong></span> <span class='ocrx_word' id='word_1_41' title='bbox 2482 786 2811 856; x_wconf 80' lang='lat' dir='ltr'><strong>inscriptio-</strong></span> 
     </span>
     <span class='ocr_line' id='line_1_6' title="bbox 533 870 2813 944; baseline 0 -19"><span class='ocrx_word' id='word_1_42' title='bbox 533 890 635 926; x_wconf 80' lang='lat' dir='ltr'><strong>nes</strong></span> <span class='ocrx_word' id='word_1_43' title='bbox 674 873 825 927; x_wconf 84' lang='lat' dir='ltr'><strong>illius</strong></span> <span class='ocrx_word' id='word_1_44' title='bbox 852 870 1147 941; x_wconf 77' lang='lat' dir='ltr'><strong>Sphingis,</strong></span> <span class='ocrx_word' id='word_1_45' title='bbox 1194 886 1354 944; x_wconf 85' lang='lat' dir='ltr'><strong>quem</strong></span> <span class='ocrx_word' id='word_1_46' title='bbox 1389 872 1447 924; x_wconf 90' lang='lat' dir='ltr'><strong>in</strong></span> <span class='ocrx_word' id='word_1_47' title='bbox 1479 890 1619 943; x_wconf 88' lang='lat' dir='ltr'><strong>rupe</strong></span> <span class='ocrx_word' id='word_1_48' title='bbox 1661 872 2004 941; x_wconf 79' lang='lat' dir='ltr'><strong>exsculptum</strong></span> <span class='ocrx_word' id='word_1_49' title='bbox 2038 889 2209 941; x_wconf 83' lang='lat' dir='ltr'><strong>supra</strong></span> <span class='ocrx_word' id='word_1_50' title='bbox 2251 872 2813 939; x_wconf 70' lang='lat' dir='ltr'><strong>commemoravimus,</strong></span> 
     </span>
     <span class='ocr_line' id='line_1_7' title="bbox 531 954 2813 1027; baseline -0.001 -16"><span class='ocrx_word' id='word_1_51' title='bbox 531 957 830 1012; x_wconf 75' lang='lat' dir='ltr'><strong>vernaculo</strong></span> <span class='ocrx_word' id='word_1_52' title='bbox 871 973 1124 1009; x_wconf 83' lang='lat' dir='ltr'><strong>sermone</strong></span> <span class='ocrx_word' id='word_1_53' title='bbox 1160 973 1309 1010; x_wconf 90' lang='lat' dir='ltr'><strong>nunc</strong></span> <span class='ocrx_word' id='word_1_54' title='bbox 1344 957 1594 1010; x_wconf 84' lang='lat' dir='ltr'><strong>redditae</strong></span> <span class='ocrx_word' id='word_1_55' title='bbox 1625 976 1657 1009; x_wconf 90' lang='lat' dir='ltr'><strong>a</strong></span> <span class='ocrx_word' id='word_1_56' title='bbox 1685 957 1995 1026; x_wconf 87' lang='lat' dir='ltr'><strong>Brugschio</strong></span> <span class='ocrx_word' id='word_1_57' title='bbox 2012 954 2140 1024; x_wconf 78' lang='lat'><strong>*⁴¹);</strong></span> <span class='ocrx_word' id='word_1_58' title='bbox 2192 956 2249 1009; x_wconf 90' lang='lat' dir='ltr'><strong>in</strong></span> <span class='ocrx_word' id='word_1_59' title='bbox 2291 956 2377 1010; x_wconf 84' lang='lat' dir='ltr'><strong>his</strong></span> <span class='ocrx_word' id='word_1_60' title='bbox 2417 958 2558 1011; x_wconf 87' lang='lat' dir='ltr'><strong>enim</strong></span> <span class='ocrx_word' id='word_1_61' title='bbox 2588 956 2813 1027; x_wconf 82' lang='lat' dir='ltr'><strong>Sphinx</strong></span> 
     </span>
     <span class='ocr_line' id='line_1_8' title="bbox 532 1042 2815 1113; baseline -0 -18"><span class='ocrx_word' id='word_1_62' title='bbox 532 1043 884 1113; x_wconf 83' lang='lat' dir='ltr'><strong>praedicatur</strong></span> <span class='ocrx_word' id='word_1_63' title='bbox 915 1043 1343 1110; x_wconf 71' lang='lat' dir='ltr'><strong>Har-ea-dm,</strong></span> <span class='ocrx_word' id='word_1_64' title='bbox 1387 1042 1426 1095; x_wconf 88' lang='lat' dir='ltr'><strong>i.</strong></span> <span class='ocrx_word' id='word_1_65' title='bbox 1459 1061 1508 1094; x_wconf 87' lang='lat' dir='ltr'><strong>e.</strong></span> <span class='ocrx_word' id='word_1_66' title='bbox 1549 1045 1729 1098; x_wconf 70' lang='lat' dir='ltr'><strong>Horas</strong></span> <span class='ocrx_word' id='word_1_67' title='bbox 1770 1043 1827 1097; x_wconf 74' lang='lat' dir='ltr'><strong>in</strong></span> <span class='ocrx_word' id='word_1_68' title='bbox 1859 1042 1998 1097; x_wconf 75' lang='lat' dir='ltr'><strong>Solis</strong></span> <span class='ocrx_word' id='word_1_69' title='bbox 2038 1050 2217 1096; x_wconf 71' lang='lat' dir='ltr'><strong>monte</strong></span> <span class='ocrx_word' id='word_1_70' title='bbox 2254 1059 2304 1094; x_wconf 79' lang='lat' dir='ltr'><strong>e.</strong></span> <span class='ocrx_word' id='word_1_71' title='bbox 2348 1044 2525 1097; x_wconf 71' lang='lat' dir='ltr'><strong>Hor-us</strong></span> <span class='ocrx_word' id='word_1_72' title='bbox 2551 1047 2815 1113; x_wconf 58' lang='lat' dir='ltr'><strong>pagena.</strong></span> 
     </span>
     <span class='ocr_line' id='line_1_9' title="bbox 533 1125 2815 1199; baseline -0 -20"><span class='ocrx_word' id='word_1_73' title='bbox 533 1128 731 1199; x_wconf 79' lang='lat' dir='ltr'><strong>Itaque</strong></span> <span class='ocrx_word' id='word_1_74' title='bbox 772 1144 805 1179; x_wconf 89' lang='lat' dir='ltr'><strong>a</strong></span> <span class='ocrx_word' id='word_1_75' title='bbox 841 1143 974 1181; x_wconf 79' lang='lat' dir='ltr'><strong>vero</strong></span> <span class='ocrx_word' id='word_1_76' title='bbox 1016 1127 1277 1180; x_wconf 89' lang='lat' dir='ltr'><strong>aberrare</strong></span> <span class='ocrx_word' id='word_1_77' title='bbox 1316 1126 1444 1179; x_wconf 88' lang='lat' dir='ltr'><strong>mihi</strong></span> <span class='ocrx_word' id='word_1_78' title='bbox 1475 1144 1587 1180; x_wconf 93' lang='lat' dir='ltr'><strong>non</strong></span> <span class='ocrx_word' id='word_1_79' title='bbox 1626 1127 1848 1193; x_wconf 74' lang='lat' dir='ltr'><strong>videor,</strong></span> <span class='ocrx_word' id='word_1_80' title='bbox 1899 1144 2020 1179; x_wconf 90' lang='lat' dir='ltr'><strong>cum</strong></span> <span class='ocrx_word' id='word_1_81' title='bbox 2053 1125 2359 1197; x_wconf 81' lang='lat' dir='ltr'><strong>Sphingum</strong></span> <span class='ocrx_word' id='word_1_82' title='bbox 2397 1126 2690 1180; x_wconf 78' lang='lat' dir='ltr'><strong>simulacra</strong></span> <span class='ocrx_word' id='word_1_83' title='bbox 2731 1126 2815 1179; x_wconf 76' lang='lat' dir='ltr'><strong>ad</strong></span> 
     </span>
     <span class='ocr_line' id='line_1_10' title="bbox 531 1210 2813 1284; baseline -0.001 -17"><span class='ocrx_word' id='word_1_84' title='bbox 531 1212 852 1284; x_wconf 86' lang='lat' dir='ltr'><strong>templorum</strong></span> <span class='ocrx_word' id='word_1_85' title='bbox 884 1212 1169 1265; x_wconf 83' lang='lat' dir='ltr'><strong>introitum</strong></span> <span class='ocrx_word' id='word_1_86' title='bbox 1207 1211 1388 1282; x_wconf 75' lang='lat' dir='ltr'><strong>posita</strong></span> <span class='ocrx_word' id='word_1_87' title='bbox 1432 1211 1502 1265; x_wconf 82' lang='lat' dir='ltr'><strong>ad</strong></span> <span class='ocrx_word' id='word_1_88' title='bbox 1528 1212 1709 1265; x_wconf 81' lang='lat' dir='ltr'><strong>Solem</strong></span> <span class='ocrx_word' id='word_1_89' title='bbox 1754 1211 1875 1265; x_wconf 79' lang='lat' dir='ltr'><strong>sive</strong></span> <span class='ocrx_word' id='word_1_90' title='bbox 1919 1212 2056 1265; x_wconf 88' lang='lat' dir='ltr'><strong>deos</strong></span> <span class='ocrx_word' id='word_1_91' title='bbox 2098 1210 2345 1278; x_wconf 76' lang='lat' dir='ltr'><strong>solares,</strong></span> <span class='ocrx_word' id='word_1_92' title='bbox 2388 1212 2456 1264; x_wconf 85' lang='lat' dir='ltr'><strong>ad</strong></span> <span class='ocrx_word' id='word_1_93' title='bbox 2498 1228 2638 1282; x_wconf 86' lang='lat' dir='ltr'><strong>quos</strong></span> <span class='ocrx_word' id='word_1_94' title='bbox 2669 1210 2813 1280; x_wconf 79' lang='lat' dir='ltr'><strong>Iup-</strong></span> 
     </span>
     <span class='ocr_line' id='line_1_11' title="bbox 532 1296 2816 1368; baseline -0.001 -18"><span class='ocrx_word' id='word_1_95' title='bbox 532 1299 678 1368; x_wconf 88' lang='lat' dir='ltr'><strong>piter</strong></span> <span class='ocrx_word' id='word_1_96' title='bbox 707 1297 933 1350; x_wconf 79' lang='lat' dir='ltr'><strong>Ammon</strong></span> <span class='ocrx_word' id='word_1_97' title='bbox 973 1312 1194 1368; x_wconf 89' lang='lat' dir='ltr'><strong>quoque</strong></span> <span class='ocrx_word' id='word_1_98' title='bbox 1235 1296 1509 1367; x_wconf 78' lang='lat' dir='ltr'><strong>pertinet,</strong></span> <span class='ocrx_word' id='word_1_99' title='bbox 1550 1297 1834 1366; x_wconf 90' lang='lat' dir='ltr'><strong>pertinere</strong></span> <span class='ocrx_word' id='word_1_100' title='bbox 1872 1304 1928 1349; x_wconf 88' lang='lat' dir='ltr'><strong>et</strong></span> <span class='ocrx_word' id='word_1_101' title='bbox 1956 1297 2146 1349; x_wconf 83' lang='lat' dir='ltr'><strong>horum</strong></span> <span class='ocrx_word' id='word_1_102' title='bbox 2184 1297 2413 1350; x_wconf 86' lang='lat' dir='ltr'><strong>deorum</strong></span> <span class='ocrx_word' id='word_1_103' title='bbox 2454 1296 2513 1349; x_wconf 91' lang='lat' dir='ltr'><strong>in</strong></span> <span class='ocrx_word' id='word_1_104' title='bbox 2546 1296 2816 1349; x_wconf 74' lang='lat' dir='ltr'><strong>honorem</strong></span> 
     </span>
     <span class='ocr_line' id='line_1_12' title="bbox 533 1380 2813 1452; baseline -0.001 -18"><span class='ocrx_word' id='word_1_105' title='bbox 533 1381 838 1435; x_wconf 85' lang='lat' dir='ltr'><strong>constituta</strong></span> <span class='ocrx_word' id='word_1_106' title='bbox 871 1380 1116 1446; x_wconf 86' lang='lat' dir='ltr'><strong>credam;</strong></span> <span class='ocrx_word' id='word_1_107' title='bbox 1163 1397 1260 1433; x_wconf 85' lang='lat' dir='ltr'><strong>eos</strong></span> <span class='ocrx_word' id='word_1_108' title='bbox 1290 1397 1423 1434; x_wconf 79' lang='lat' dir='ltr'><strong>vero</strong></span> <span class='ocrx_word' id='word_1_109' title='bbox 1464 1380 1751 1435; x_wconf 87' lang='lat' dir='ltr'><strong>admodum</strong></span> <span class='ocrx_word' id='word_1_110' title='bbox 1779 1381 1895 1434; x_wconf 85' lang='lat' dir='ltr'><strong>falli</strong></span> <span class='ocrx_word' id='word_1_111' title='bbox 1936 1380 2222 1451; x_wconf 77' lang='lat' dir='ltr'><strong>existimo,</strong></span> <span class='ocrx_word' id='word_1_112' title='bbox 2263 1381 2361 1452; x_wconf 91' lang='lat' dir='ltr'><strong>qui</strong></span> <span class='ocrx_word' id='word_1_113' title='bbox 2389 1380 2655 1451; x_wconf 72' lang='lat' dir='ltr'>Sphingis</span> <span class='ocrx_word' id='word_1_114' title='bbox 2689 1382 2813 1433; x_wconf 83' lang='lat' dir='ltr'><strong>sor-</strong></span> 
     </span>
     <span class='ocr_line' id='line_1_13' title="bbox 531 1464 2814 1537; baseline -0.001 -18"><span class='ocrx_word' id='word_1_115' title='bbox 531 1483 666 1519; x_wconf 87' lang='lat' dir='ltr'><strong>mam</strong></span> <span class='ocrx_word' id='word_1_116' title='bbox 706 1483 773 1519; x_wconf 83' lang='lat' dir='ltr'><strong>ex</strong></span> <span class='ocrx_word' id='word_1_117' title='bbox 813 1464 1087 1518; x_wconf 81' lang='lat' dir='ltr'><strong>simiarum</strong></span> <span class='ocrx_word' id='word_1_118' title='bbox 1127 1482 1335 1533; x_wconf 79' lang='lat' dir='ltr'><strong>genere</strong></span> <span class='ocrx_word' id='word_1_119' title='bbox 1376 1465 1642 1537; x_wconf 82' lang='lat' dir='ltr'><strong>quodam,</strong></span> <span class='ocrx_word' id='word_1_120' title='bbox 1694 1465 1843 1536; x_wconf 89' lang='lat' dir='ltr'><strong>quod</strong></span> <span class='ocrx_word' id='word_1_121' title='bbox 1883 1484 1985 1537; x_wconf 87' lang='lat' dir='ltr'><strong>per</strong></span> <span class='ocrx_word' id='word_1_122' title='bbox 2038 1465 2323 1519; x_wconf 86' lang='lat' dir='ltr'><strong>interioris</strong></span> <span class='ocrx_word' id='word_1_123' title='bbox 2362 1465 2583 1518; x_wconf 80' lang='lat' dir='ltr'><strong>Africae</strong></span> <span class='ocrx_word' id='word_1_124' title='bbox 2635 1474 2814 1535; x_wconf 88' lang='lat' dir='ltr'><strong>atque</strong></span> 
     </span>
     <span class='ocr_line' id='line_1_14' title="bbox 534 1549 2811 1622; baseline -0 -19"><span class='ocrx_word' id='word_1_125' title='bbox 534 1550 887 1620; x_wconf 79' lang='lat' dir='ltr'><strong>Aethiopicae</strong></span> <span class='ocrx_word' id='word_1_126' title='bbox 928 1556 1111 1602; x_wconf 86' lang='lat' dir='ltr'><strong>terrae</strong></span> <span class='ocrx_word' id='word_1_127' title='bbox 1151 1556 1363 1603; x_wconf 84' lang='lat' dir='ltr'><strong>tractus</strong></span> <span class='ocrx_word' id='word_1_128' title='bbox 1405 1551 1720 1619; x_wconf 77' lang='lat' dir='ltr'><strong>reperiatur</strong></span> <span class='ocrx_word' id='word_1_129' title='bbox 1762 1550 2062 1622; x_wconf 87' lang='lat' dir='ltr'><strong>eodemque</strong></span> <span class='ocrx_word' id='word_1_130' title='bbox 2095 1550 2398 1621; x_wconf 86' lang='lat' dir='ltr'><strong>Sphingum</strong></span> <span class='ocrx_word' id='word_1_131' title='bbox 2446 1549 2663 1603; x_wconf 90' lang='lat' dir='ltr'><strong>nomine</strong></span> <span class='ocrx_word' id='word_1_132' title='bbox 2704 1549 2811 1603; x_wconf 87' lang='lat' dir='ltr'><strong>de-</strong></span> 
     </span>
     <span class='ocr_line' id='line_1_15' title="bbox 532 1631 2810 1705; baseline 0 -18"><span class='ocrx_word' id='word_1_133' title='bbox 532 1631 951 1703; x_wconf 76' lang='lat' dir='ltr'><strong>claretur***)‚</strong></span> <span class='ocrx_word' id='word_1_134' title='bbox 985 1642 1240 1704; x_wconf 88' lang='lat' dir='ltr'><strong>repetere</strong></span> <span class='ocrx_word' id='word_1_135' title='bbox 1269 1640 1436 1705; x_wconf 85' lang='lat' dir='ltr'><strong>atque</strong></span> <span class='ocrx_word' id='word_1_136' title='bbox 1459 1634 1589 1688; x_wconf 88' lang='lat' dir='ltr'><strong>inde</strong></span> <span class='ocrx_word' id='word_1_137' title='bbox 1613 1636 1776 1688; x_wconf 85' lang='lat' dir='ltr'><strong>etiam</strong></span> <span class='ocrx_word' id='word_1_138' title='bbox 1810 1635 2163 1690; x_wconf 80' lang='lat' dir='ltr'><strong>tesserariam</strong></span> <span class='ocrx_word' id='word_1_139' title='bbox 2191 1635 2498 1704; x_wconf 73' lang='lat' dir='ltr'><strong>sphingum</strong></span> <span class='ocrx_word' id='word_1_140' title='bbox 2520 1634 2810 1703; x_wconf 84' lang='lat' dir='ltr'><strong>significa-</strong></span> 
     </span>
     <span class='ocr_line' id='line_1_16' title="bbox 534 1717 2812 1787; baseline -0.001 -14"><span class='ocrx_word' id='word_1_141' title='bbox 534 1720 738 1775; x_wconf 79' lang='lat' dir='ltr'><strong>tionem</strong></span> <span class='ocrx_word' id='word_1_142' title='bbox 767 1720 843 1772; x_wconf 87' lang='lat' dir='ltr'><strong>ita</strong></span> <span class='ocrx_word' id='word_1_143' title='bbox 872 1719 1146 1773; x_wconf 85' lang='lat' dir='ltr'><strong>deducere</strong></span> <span class='ocrx_word' id='word_1_144' title='bbox 1176 1717 1524 1787; x_wconf 74' lang='lat' dir='ltr'><strong>studuerint,</strong></span> <span class='ocrx_word' id='word_1_145' title='bbox 1575 1727 1637 1773; x_wconf 92' lang='lat' dir='ltr'><strong>nt</strong></span> <span class='ocrx_word' id='word_1_146' title='bbox 1666 1719 1735 1774; x_wconf 88' lang='lat' dir='ltr'><strong>ad</strong></span> <span class='ocrx_word' id='word_1_147' title='bbox 1764 1721 2064 1774; x_wconf 81' lang='lat' dir='ltr'><strong>bestiarum</strong></span> <span class='ocrx_word' id='word_1_148' title='bbox 2102 1720 2305 1774; x_wconf 89' lang='lat' dir='ltr'><strong>cultum</strong></span> <span class='ocrx_word' id='word_1_149' title='bbox 2348 1720 2480 1773; x_wconf 89' lang='lat' dir='ltr'><strong>haec</strong></span> <span class='ocrx_word' id='word_1_150' title='bbox 2511 1718 2812 1773; x_wconf 82' lang='lat' dir='ltr'><strong>simulacra</strong></span> 
     </span>
     <span class='ocr_line' id='line_1_17' title="bbox 535 1803 2807 1876; baseline -0.001 -18"><span class='ocrx_word' id='word_1_151' title='bbox 535 1807 842 1871; x_wconf 79' lang='lat' dir='ltr'><strong>referrent,</strong></span> <span class='ocrx_word' id='word_1_152' title='bbox 877 1821 1068 1873; x_wconf 89' lang='lat' dir='ltr'><strong>parum</strong></span> <span class='ocrx_word' id='word_1_153' title='bbox 1096 1804 1177 1856; x_wconf 87' lang='lat' dir='ltr'><strong>iui</strong></span> <span class='ocrx_word' id='word_1_154' title='bbox 1212 1803 1431 1875; x_wconf 89' lang='lat' dir='ltr'><strong>quidem</strong></span> <span class='ocrx_word' id='word_1_155' title='bbox 1460 1811 1817 1876; x_wconf 81' lang='lat' dir='ltr'><strong>reputantes,</strong></span> <span class='ocrx_word' id='word_1_156' title='bbox 1852 1805 1951 1858; x_wconf 89' lang='lat' dir='ltr'><strong>has</strong></span> <span class='ocrx_word' id='word_1_157' title='bbox 1983 1805 2197 1873; x_wconf 79' lang='lat' dir='ltr'><strong>simias,</strong></span> <span class='ocrx_word' id='word_1_158' title='bbox 2247 1822 2390 1876; x_wconf 86' lang='lat' dir='ltr'><strong>quae</strong></span> <span class='ocrx_word' id='word_1_159' title='bbox 2422 1811 2649 1875; x_wconf 90' lang='lat' dir='ltr'><strong>postero</strong></span> <span class='ocrx_word' id='word_1_160' title='bbox 2678 1810 2807 1856; x_wconf 83' lang='lat' dir='ltr'><strong>tan-</strong></span> 
     </span>
     <span class='ocr_line' id='line_1_18' title="bbox 533 1888 2808 1960; baseline -0.001 -17"><span class='ocrx_word' id='word_1_161' title='bbox 533 1899 646 1943; x_wconf 90' lang='lat' dir='ltr'><strong>tum</strong></span> <span class='ocrx_word' id='word_1_162' title='bbox 673 1907 813 1944; x_wconf 80' lang='lat' dir='ltr'><strong>aevo</strong></span> <span class='ocrx_word' id='word_1_163' title='bbox 848 1889 1081 1943; x_wconf 79' lang='lat' dir='ltr'><strong>Graecia</strong></span> <span class='ocrx_word' id='word_1_164' title='bbox 1117 1888 1447 1942; x_wconf 78' lang='lat' dir='ltr'><strong>Romanisve</strong></span> <span class='ocrx_word' id='word_1_165' title='bbox 1477 1907 1543 1942; x_wconf 83' lang='lat' dir='ltr'><strong>ex</strong></span> <span class='ocrx_word' id='word_1_166' title='bbox 1573 1888 1829 1959; x_wconf 81' lang='lat' dir='ltr'><strong>Aegypto</strong></span> <span class='ocrx_word' id='word_1_167' title='bbox 1854 1890 1911 1942; x_wconf 90' lang='lat' dir='ltr'><strong>in</strong></span> <span class='ocrx_word' id='word_1_168' title='bbox 1944 1889 2286 1960; x_wconf 76' lang='lat' dir='ltr'><strong>Aethiopiam</strong></span> <span class='ocrx_word' id='word_1_169' title='bbox 2317 1888 2808 1959; x_wconf 79' lang='lat' dir='ltr'><strong>proficiscentibus</strong></span> 
     </span>
     <span class='ocr_line' id='line_1_19' title="bbox 535 1972 2809 2044; baseline -0.001 -16"><span class='ocrx_word' id='word_1_170' title='bbox 535 1974 910 2040; x_wconf 83' lang='lat' dir='ltr'><strong>innotuerint,</strong></span> <span class='ocrx_word' id='word_1_171' title='bbox 955 1975 1141 2027; x_wconf 89' lang='lat' dir='ltr'><strong>eadem</strong></span> <span class='ocrx_word' id='word_1_172' title='bbox 1181 1990 1314 2026; x_wconf 82' lang='lat' dir='ltr'><strong>voce</strong></span> <span class='ocrx_word' id='word_1_173' title='bbox 1346 1975 1563 2027; x_wconf 81' lang='lat' dir='ltr'><strong>Graeca</strong></span> <span class='ocrx_word' id='word_1_174' title='bbox 1591 1973 1895 2044; x_wconf 76' lang='lat' dir='ltr'><strong>sphingum</strong></span> <span class='ocrx_word' id='word_1_175' title='bbox 1941 1974 2225 2043; x_wconf 82' lang='lat' dir='ltr'><strong>designari</strong></span> <span class='ocrx_word' id='word_1_176' title='bbox 2273 1980 2502 2044; x_wconf 88' lang='lat' dir='ltr'><strong>propter</strong></span> <span class='ocrx_word' id='word_1_177' title='bbox 2546 1972 2809 2027; x_wconf 69' lang='lat' dir='ltr'><strong>similitu-</strong></span> 
     </span>
     <span class='ocr_line' id='line_1_20' title="bbox 533 2058 2811 2131; baseline -0.002 -17"><span class='ocrx_word' id='word_1_178' title='bbox 533 2059 714 2114; x_wconf 84' lang='lat' dir='ltr'><strong>dinem</strong></span> <span class='ocrx_word' id='word_1_179' title='bbox 753 2059 1055 2131; x_wconf 86' lang='lat' dir='ltr'><strong>quandam,</strong></span> <span class='ocrx_word' id='word_1_180' title='bbox 1112 2075 1272 2129; x_wconf 87' lang='lat' dir='ltr'><strong>quam</strong></span> <span class='ocrx_word' id='word_1_181' title='bbox 1313 2058 1460 2111; x_wconf 88' lang='lat' dir='ltr'><strong>inter</strong></span> <span class='ocrx_word' id='word_1_182' title='bbox 1503 2059 1603 2111; x_wconf 83' lang='lat' dir='ltr'><strong>has</strong></span> <span class='ocrx_word' id='word_1_183' title='bbox 1654 2058 1840 2113; x_wconf 83' lang='lat' dir='ltr'><strong>simias</strong></span> <span class='ocrx_word' id='word_1_184' title='bbox 1891 2065 2059 2130; x_wconf 87' lang='lat' dir='ltr'><strong>atque</strong></span> <span class='ocrx_word' id='word_1_185' title='bbox 2098 2059 2403 2128; x_wconf 88' lang='lat' dir='ltr'><strong>Sphingnm</strong></span> <span class='ocrx_word' id='word_1_186' title='bbox 2445 2065 2662 2111; x_wconf 79' lang='lat' dir='ltr'><strong>statuas</strong></span> <span class='ocrx_word' id='word_1_187' title='bbox 2702 2075 2811 2127; x_wconf 89' lang='lat' dir='ltr'><strong>per</strong></span> 
     </span>
     <span class='ocr_line' id='line_1_21' title="bbox 535 2140 2807 2214; baseline -0.001 -17"><span class='ocrx_word' id='word_1_188' title='bbox 535 2148 848 2214; x_wconf 78' lang='lat' dir='ltr'><strong>Aegyptum</strong></span> <span class='ocrx_word' id='word_1_189' title='bbox 879 2142 1072 2196; x_wconf 79' lang='lat' dir='ltr'><strong>obvias</strong></span> <span class='ocrx_word' id='word_1_190' title='bbox 1114 2140 1460 2196; x_wconf 87' lang='lat' dir='ltr'><strong>intercedere</strong></span> <span class='ocrx_word' id='word_1_191' title='bbox 1492 2148 1773 2212; x_wconf 89' lang='lat' dir='ltr'><strong>putarent.</strong></span> <span class='ocrx_word' id='word_1_192' title='bbox 1835 2144 1915 2196; x_wconf 87' lang='lat' dir='ltr'><strong>Ac</strong></span> <span class='ocrx_word' id='word_1_193' title='bbox 1946 2151 2096 2197; x_wconf 88' lang='lat' dir='ltr'><strong>recte</strong></span> <span class='ocrx_word' id='word_1_194' title='bbox 2128 2144 2340 2197; x_wconf 88' lang='lat' dir='ltr'><strong>monuit</strong></span> <span class='ocrx_word' id='word_1_195' title='bbox 2369 2143 2699 2210; x_wconf 84' lang='lat' dir='ltr'><strong>Ehrenberg</strong></span> <span class='ocrx_word' id='word_1_196' title='bbox 2712 2143 2807 2210; x_wconf 77' lang='lat'><strong>†)‚</strong></span> 
     </span>
     <span class='ocr_line' id='line_1_22' title="bbox 535 2226 2810 2298; baseline -0.001 -17"><span class='ocrx_word' id='word_1_197' title='bbox 535 2229 605 2281; x_wconf 90' lang='lat' dir='ltr'><strong>de</strong></span> <span class='ocrx_word' id='word_1_198' title='bbox 634 2229 738 2282; x_wconf 89' lang='lat' dir='ltr'><strong>hoc</strong></span> <span class='ocrx_word' id='word_1_199' title='bbox 768 2228 1043 2281; x_wconf 83' lang='lat' dir='ltr'><strong>simiarum</strong></span> <span class='ocrx_word' id='word_1_200' title='bbox 1086 2244 1291 2295; x_wconf 81' lang='lat' dir='ltr'><strong>genere</strong></span> <span class='ocrx_word' id='word_1_201' title='bbox 1321 2226 1640 2298; x_wconf 69' lang='lat' dir='ltr'><strong>disserens,</strong></span> <span class='ocrx_word' id='word_1_202' title='bbox 1682 2226 2084 2298; x_wconf 78' lang='lat' dir='ltr'><strong>Aegyptiorum</strong></span> <span class='ocrx_word' id='word_1_203' title='bbox 2113 2228 2414 2298; x_wconf 79' lang='lat' dir='ltr'><strong>Sphingem</strong></span> <span class='ocrx_word' id='word_1_204' title='bbox 2449 2227 2664 2281; x_wconf 87' lang='lat' dir='ltr'><strong>minime</strong></span> <span class='ocrx_word' id='word_1_205' title='bbox 2700 2244 2810 2297; x_wconf 88' lang='lat' dir='ltr'><strong>pro</strong></span> 
     </span>
     <span class='ocr_line' id='line_1_23' title="bbox 537 2311 1599 2382; baseline 0 -19"><span class='ocrx_word' id='word_1_206' title='bbox 537 2312 727 2366; x_wconf 83' lang='lat' dir='ltr'><strong>simiae</strong></span> <span class='ocrx_word' id='word_1_207' title='bbox 756 2328 946 2365; x_wconf 78' lang='lat' dir='ltr'><strong>sacrae</strong></span> <span class='ocrx_word' id='word_1_208' title='bbox 974 2312 1163 2379; x_wconf 81' lang='lat' dir='ltr'><strong>effigie</strong></span> <span class='ocrx_word' id='word_1_209' title='bbox 1192 2311 1381 2365; x_wconf 89' lang='lat' dir='ltr'><strong>haberi</strong></span> <span class='ocrx_word' id='word_1_210' title='bbox 1410 2329 1599 2382; x_wconf 85' lang='lat' dir='ltr'><strong>posse.</strong></span> 
     </span>
    </p>
   </div>
   <div class='ocr_carea' id='block_1_3' title="bbox 535 2428 2811 2924">
    <p class='ocr_par' dir='ltr' id='par_1_3' title="bbox 535 2428 2811 2924">
     <span class='ocr_line' id='line_1_24' title="bbox 706 2428 2808 2500; baseline -0.001 -18"><span class='ocrx_word' id='word_1_211' title='bbox 706 2428 818 2482; x_wconf 83' lang='lat' dir='ltr'><strong>Sed</strong></span> <span class='ocrx_word' id='word_1_212' title='bbox 851 2428 1001 2483; x_wconf 79' lang='lat' dir='ltr'><strong>illiue</strong></span> <span class='ocrx_word' id='word_1_213' title='bbox 1033 2429 1475 2498; x_wconf 83' lang='lat' dir='ltr'><strong>significationis,</strong></span> <span class='ocrx_word' id='word_1_214' title='bbox 1508 2445 1667 2500; x_wconf 84' lang='lat' dir='ltr'><strong>quam</strong></span> <span class='ocrx_word' id='word_1_215' title='bbox 1685 2429 1990 2499; x_wconf 76' lang='lat' dir='ltr'><strong>sphingum</strong></span> <span class='ocrx_word' id='word_1_216' title='bbox 2027 2429 2334 2483; x_wconf 72' lang='lat' dir='ltr'><strong>simulacris</strong></span> <span class='ocrx_word' id='word_1_217' title='bbox 2370 2446 2472 2500; x_wconf 89' lang='lat' dir='ltr'><strong>per</strong></span> <span class='ocrx_word' id='word_1_218' title='bbox 2493 2430 2808 2498; x_wconf 74' lang='lat' dir='ltr'><strong>Aegyptum</strong></span> 
     </span>
     <span class='ocr_line' id='line_1_25' title="bbox 536 2513 2808 2583; baseline -0.001 -15"><span class='ocrx_word' id='word_1_219' title='bbox 536 2515 715 2568; x_wconf 78' lang='lat' dir='ltr'><strong>obviis</strong></span> <span class='ocrx_word' id='word_1_220' title='bbox 748 2514 1005 2568; x_wconf 85' lang='lat' dir='ltr'><strong>tributam</strong></span> <span class='ocrx_word' id='word_1_221' title='bbox 1036 2532 1166 2568; x_wconf 79' lang='lat' dir='ltr'><strong>esse</strong></span> <span class='ocrx_word' id='word_1_222' title='bbox 1191 2515 1347 2569; x_wconf 87' lang='lat' dir='ltr'><strong>modo</strong></span> <span class='ocrx_word' id='word_1_223' title='bbox 1377 2514 1519 2583; x_wconf 81' lang='lat' dir='ltr'><strong>dixi,</strong></span> <span class='ocrx_word' id='word_1_224' title='bbox 1561 2513 1765 2568; x_wconf 89' lang='lat' dir='ltr'><strong>Graeci</strong></span> <span class='ocrx_word' id='word_1_225' title='bbox 1794 2520 1892 2566; x_wconf 79' lang='lat' dir='ltr'><strong>aut</strong></span> <span class='ocrx_word' id='word_1_226' title='bbox 1922 2514 2103 2583; x_wconf 85' lang='lat' dir='ltr'><strong>ignari</strong></span> <span class='ocrx_word' id='word_1_227' title='bbox 2133 2521 2231 2567; x_wconf 88' lang='lat' dir='ltr'><strong>aut</strong></span> <span class='ocrx_word' id='word_1_228' title='bbox 2262 2514 2445 2583; x_wconf 85' lang='lat' dir='ltr'><strong>obliti,</strong></span> <span class='ocrx_word' id='word_1_229' title='bbox 2480 2513 2612 2579; x_wconf 83' lang='lat' dir='ltr'><strong>alia,</strong></span> <span class='ocrx_word' id='word_1_230' title='bbox 2662 2529 2808 2583; x_wconf 87' lang='lat' dir='ltr'><strong>quae</strong></span> 
     </span>
     <span class='ocr_line' id='line_1_26' title="bbox 535 2598 2808 2670; baseline 0 -19"><span class='ocrx_word' id='word_1_231' title='bbox 535 2599 798 2670; x_wconf 73' lang='lat' dir='ltr'><strong>Sphingis</strong></span> <span class='ocrx_word' id='word_1_232' title='bbox 826 2600 1063 2668; x_wconf 85' lang='lat' dir='ltr'><strong>imagine</strong></span> <span class='ocrx_word' id='word_1_233' title='bbox 1095 2600 1362 2653; x_wconf 86' lang='lat' dir='ltr'><strong>declarari</strong></span> <span class='ocrx_word' id='word_1_234' title='bbox 1395 2598 1631 2667; x_wconf 76' lang='lat' dir='ltr'><strong>vellent,</strong></span> <span class='ocrx_word' id='word_1_235' title='bbox 1665 2599 2069 2667; x_wconf 84' lang='lat' dir='ltr'><strong>excogitarunt,</strong></span> <span class='ocrx_word' id='word_1_236' title='bbox 2106 2616 2225 2652; x_wconf 88' lang='lat' dir='ltr'><strong>cum</strong></span> <span class='ocrx_word' id='word_1_237' title='bbox 2255 2598 2554 2668; x_wconf 80' lang='lat' dir='ltr'><strong>Sphingem</strong></span> <span class='ocrx_word' id='word_1_238' title='bbox 2584 2598 2808 2651; x_wconf 83' lang='lat' dir='ltr'><strong>roboris</strong></span> 
     </span>
     <span class='ocr_line' id='line_1_27' title="bbox 535 2677 2809 2757; baseline -0.003 -18"><span class='ocrx_word' id='word_1_239' title='bbox 535 2677 759 2757; x_wconf 70' lang='grc' dir='ltr'>(ἀλκῆς)</span> <span class='ocrx_word' id='word_1_240' title='bbox 791 2690 848 2737; x_wconf 91' lang='lat' dir='ltr'><strong>et</strong></span> <span class='ocrx_word' id='word_1_241' title='bbox 871 2684 1271 2753; x_wconf 84' lang='lat' dir='ltr'><strong>intelligentiae</strong></span> <span class='ocrx_word' id='word_1_242' title='bbox 1298 2681 1620 2754; x_wconf 74' lang='grc' dir='ltr'><strong><em>(συνέσεως)</em></strong></span> <span class='ocrx_word' id='word_1_243' title='bbox 1654 2683 1955 2752; x_wconf 78' lang='lat' dir='ltr'><strong>symbolum</strong></span> <span class='ocrx_word' id='word_1_244' title='bbox 1986 2702 2112 2737; x_wconf 85' lang='lat' dir='ltr'><strong>esse</strong></span> <span class='ocrx_word' id='word_1_245' title='bbox 2137 2684 2405 2750; x_wconf 86' lang='lat' dir='ltr'><strong>dicerent,</strong></span> <span class='ocrx_word' id='word_1_246' title='bbox 2441 2684 2572 2754; x_wconf 87' lang='lat' dir='ltr'><strong>quia</strong></span> <span class='ocrx_word' id='word_1_247' title='bbox 2593 2682 2809 2752; x_wconf 81' lang='lat' dir='ltr'><strong>Sphinx</strong></span> 
     </span>
     <span class='ocr_line' id='line_1_28' title="bbox 536 2761 2811 2841; baseline -0.002 -19"><span class='ocrx_word' id='word_1_248' title='bbox 536 2787 741 2840; x_wconf 89' lang='lat' dir='ltr'><strong>corpus</strong></span> <span class='ocrx_word' id='word_1_249' title='bbox 780 2770 978 2822; x_wconf 84' lang='lat' dir='ltr'><strong>habeat</strong></span> <span class='ocrx_word' id='word_1_250' title='bbox 1021 2770 1228 2837; x_wconf 83' lang='lat' dir='ltr'><strong>leonis,</strong></span> <span class='ocrx_word' id='word_1_251' title='bbox 1281 2770 1378 2841; x_wconf 90' lang='lat' dir='ltr'><strong>qui</strong></span> <span class='ocrx_word' id='word_1_252' title='bbox 1419 2769 1542 2838; x_wconf 89' lang='lat' dir='ltr'><strong>ipse</strong></span> <span class='ocrx_word' id='word_1_253' title='bbox 1584 2775 1673 2822; x_wconf 86' lang='lat' dir='ltr'><strong>est</strong></span> <span class='ocrx_word' id='word_1_254' title='bbox 1713 2761 1940 2840; x_wconf 67' lang='lat' dir='ltr'><strong>„u&#39;tinv‘y&#39;e</strong></span> <span class='ocrx_word' id='word_1_255' title='bbox 1978 2767 2077 2823; x_wconf 68' lang='grc' dir='ltr'><strong>καὶ</strong></span> <span class='ocrx_word' id='word_1_256' title='bbox 2115 2762 2306 2839; x_wconf 58' lang='lat' dir='ltr'><strong>§cipue</strong></span> <span class='ocrx_word' id='word_1_257' title='bbox 2347 2763 2692 2840; x_wconf 69' lang='grc' dir='ltr'><strong><em>σόμβολον“,</em></strong></span> <span class='ocrx_word' id='word_1_258' title='bbox 2753 2776 2811 2818; x_wconf 88' lang='lat' dir='ltr'><strong>et</strong></span> 
     </span>
     <span class='ocr_line' id='line_1_29' title="bbox 535 2852 2811 2924; baseline -0.003 -14"><span class='ocrx_word' id='word_1_259' title='bbox 535 2856 729 2910; x_wconf 79' lang='lat' dir='ltr'><strong>faciem</strong></span> <span class='ocrx_word' id='word_1_260' title='bbox 759 2855 1060 2924; x_wconf 81' lang='lat' dir='ltr'><strong>humanam,</strong></span> <span class='ocrx_word' id='word_1_261' title='bbox 1090 2861 1237 2909; x_wconf 85' lang='lat' dir='ltr'><strong>teste</strong></span> <span class='ocrx_word' id='word_1_262' title='bbox 1260 2854 1543 2908; x_wconf 83' lang='lat' dir='ltr'><strong>Clemente</strong></span> <span class='ocrx_word' id='word_1_263' title='bbox 1569 2852 1940 2908; x_wconf 77' lang='lat' dir='ltr'><strong>Alexandrino</strong></span> <span class='ocrx_word' id='word_1_264' title='bbox 1964 2855 2246 2907; x_wconf 80' lang='lat' dir='ltr'><strong>Stromatt.</strong></span> <span class='ocrx_word' id='word_1_265' title='bbox 2274 2853 2342 2921; x_wconf 84' lang='lat' dir='ltr'><strong>V,</strong></span> <span class='ocrx_word' id='word_1_266' title='bbox 2358 2857 2412 2914; x_wconf 86' lang='grc'><strong>7.</strong></span> <span class='ocrx_word' id='word_1_267' title='bbox 2444 2856 2599 2919; x_wconf 56' lang='lat'><strong>543.</strong></span> <span class='ocrx_word' id='word_1_268' title='bbox 2632 2868 2687 2921; x_wconf 90' lang='lat' dir='ltr'><strong>p.</strong></span> <span class='ocrx_word' id='word_1_269' title='bbox 2702 2854 2811 2910; x_wconf 75' lang='lat'><strong>242</strong></span> 
     </span>
    </p>
   </div>
   <div class='ocr_carea' id='block_1_4' title="bbox 544 3047 968 3056">
    <p class='ocr_par' dir='ltr' id='par_1_4' title="bbox 544 3047 968 3056">
     <span class='ocr_line' id='line_1_30' title="bbox 544 3047 968 3056; baseline 0 0"><span class='ocrx_word' id='word_1_270' title='bbox 544 3047 968 3056; x_wconf 95' lang='lat' dir='ltr'><strong> </strong></span> 
     </span>
    </p>
   </div>
   <div class='ocr_carea' id='block_1_5' title="bbox 533 3168 2822 3851">
    <p class='ocr_par' dir='ltr' id='par_1_5' title="bbox 533 3168 2822 3851">
     <span class='ocr_line' id='line_1_31' title="bbox 673 3168 2815 3236; baseline -0.001 -16"><span class='ocrx_word' id='word_1_271' title='bbox 673 3169 728 3236; x_wconf 66' lang='lat'><strong>³⁸)</strong></span> <span class='ocrx_word' id='word_1_272' title='bbox 766 3169 954 3221; x_wconf 87' lang='lat' dir='ltr'><strong>Strab.</strong></span> <span class='ocrx_word' id='word_1_273' title='bbox 980 3169 1157 3220; x_wconf 83' lang='lat' dir='ltr'><strong>XVII.</strong></span> <span class='ocrx_word' id='word_1_274' title='bbox 1195 3184 1248 3235; x_wconf 88' lang='lat' dir='ltr'><strong>p.</strong></span> <span class='ocrx_word' id='word_1_275' title='bbox 1269 3168 1375 3220; x_wconf 77' lang='lat'><strong>805</strong></span> <span class='ocrx_word' id='word_1_276' title='bbox 1414 3185 1457 3219; x_wconf 83' lang='lat' dir='ltr'><strong>s.</strong></span> <span class='ocrx_word' id='word_1_277' title='bbox 1497 3185 1551 3234; x_wconf 87' lang='lat' dir='ltr'><strong>p.</strong></span> <span class='ocrx_word' id='word_1_278' title='bbox 1578 3169 1735 3231; x_wconf 78' lang='lat'><strong>1158,</strong></span> <span class='ocrx_word' id='word_1_279' title='bbox 1772 3169 1867 3220; x_wconf 87' lang='lat' dir='ltr'><strong>ubi</strong></span> <span class='ocrx_word' id='word_1_280' title='bbox 1893 3169 1961 3221; x_wconf 89' lang='lat' dir='ltr'><strong>de</strong></span> <span class='ocrx_word' id='word_1_281' title='bbox 1997 3185 2149 3232; x_wconf 80' lang='lat' dir='ltr'><strong>area,</strong></span> <span class='ocrx_word' id='word_1_282' title='bbox 2187 3184 2324 3235; x_wconf 87' lang='lat' dir='ltr'><strong>quae</strong></span> <span class='ocrx_word' id='word_1_283' title='bbox 2360 3173 2491 3220; x_wconf 86' lang='lat' dir='ltr'><strong>ante</strong></span> <span class='ocrx_word' id='word_1_284' title='bbox 2516 3168 2815 3235; x_wconf 77' lang='lat' dir='ltr'><strong>Aegyptio·</strong></span> 
     </span>
     <span class='ocr_line' id='line_1_32' title="bbox 536 3228 2818 3319; baseline -0.003 -25"><span class='ocrx_word' id='word_1_285' title='bbox 536 3255 657 3293; x_wconf 86' lang='lat' dir='ltr'><strong>rum</strong></span> <span class='ocrx_word' id='word_1_286' title='bbox 693 3239 898 3306; x_wconf 80' lang='lat' dir='ltr'><strong>templa</strong></span> <span class='ocrx_word' id='word_1_287' title='bbox 936 3239 1270 3319; x_wconf 59' lang='lat' dir='ltr'><strong>extenditur,</strong></span> <span class='ocrx_word' id='word_1_288' title='bbox 1307 3236 1579 3303; x_wconf 87' lang='lat' dir='ltr'><strong>loquitur:</strong></span> <span class='ocrx_word' id='word_1_289' title='bbox 1619 3230 1718 3286; x_wconf 80' lang='grc' dir='ltr'><strong>διὰ</strong></span> <span class='ocrx_word' id='word_1_290' title='bbox 1753 3236 1856 3287; x_wconf 82' lang='grc' dir='ltr'><strong>τοῦ</strong></span> <span class='ocrx_word' id='word_1_291' title='bbox 1887 3230 2346 3319; x_wconf 48' lang='grc' dir='ltr'><strong>μήκους-’παντὸς</strong></span> <span class='ocrx_word' id='word_1_292' title='bbox 2383 3233 2516 3303; x_wconf 75' lang='grc' dir='ltr'><strong>ἑξῆς</strong></span> <span class='ocrx_word' id='word_1_293' title='bbox 2546 3229 2637 3301; x_wconf 73' lang='grc' dir='ltr'><strong>ἐφ’</strong></span> <span class='ocrx_word' id='word_1_294' title='bbox 2684 3228 2818 3315; x_wconf 56' lang='lat' dir='ltr'><strong>gnei:</strong></span> 
     </span>
     <span class='ocr_line' id='line_1_33' title="bbox 533 3303 2819 3440; baseline -0.003 -10"><span class='ocrx_word' id='word_1_295' title='bbox 533 3307 1277 3430; x_wconf 42' lang='lat' dir='ltr'><strong>‘aasffldzff‘gffasff‘</strong></span> <span class='ocrx_word' id='word_1_296' title='bbox 1300 3304 1961 3440; x_wconf 48' lang='lat' dir='ltr'><strong>‚zzsssswzae‘sszzm</strong></span> <span class='ocrx_word' id='word_1_297' title='bbox 1975 3303 2595 3438; x_wconf 53' lang='lat'><strong>’252332253201‘1225</strong></span> <span class='ocrx_word' id='word_1_298' title='bbox 2615 3322 2819 3427; x_wconf 62' lang='lat'><strong>5:52⁹:</strong></span> 
     </span>
     <span class='ocr_line' id='line_1_34' title="bbox 533 3391 2819 3514; baseline -0.003 -13"><span class='ocrx_word' id='word_1_299' title='bbox 533 3395 651 3501; x_wconf 59' lang='grc' dir='ltr'><strong>ἷῶεν</strong></span> <span class='ocrx_word' id='word_1_300' title='bbox 687 3395 968 3514; x_wconf 59' lang='grc' dir='ltr'><strong>σᾳξιγγῶν,</strong></span> <span class='ocrx_word' id='word_1_301' title='bbox 1006 3394 1107 3498; x_wconf 58' lang='grc' dir='ltr'><strong>,3νῖ</strong></span> <span class='ocrx_word' id='word_1_302' title='bbox 1142 3439 1201 3496; x_wconf 80' lang='grc' dir='ltr'><strong>δ’</strong></span> <span class='ocrx_word' id='word_1_303' title='bbox 1240 3438 1296 3508; x_wconf 73' lang='grc' dir='ltr'><strong>ἐξ</strong></span> <span class='ocrx_word' id='word_1_304' title='bbox 1330 3437 1674 3511; x_wconf 53' lang='grc' dir='ltr'><strong>εὐωνύμων</strong></span> <span class='ocrx_word' id='word_1_305' title='bbox 1710 3463 1848 3513; x_wconf 82' lang='lat' dir='ltr'><strong>qnae</strong></span> <span class='ocrx_word' id='word_1_306' title='bbox 1885 3391 2019 3498; x_wconf 44' lang='lat' dir='ltr'><strong>veen</strong></span> <span class='ocrx_word' id='word_1_307' title='bbox 2057 3463 2175 3499; x_wconf 81' lang='lat' dir='ltr'><strong>esse</strong></span> <span class='ocrx_word' id='word_1_308' title='bbox 2213 3451 2492 3497; x_wconf 84' lang='lat' dir='ltr'><strong>testantur</strong></span> <span class='ocrx_word' id='word_1_309' title='bbox 2519 3445 2669 3497; x_wconf 77' lang='lat' dir='ltr'><strong>Galli</strong></span> <span class='ocrx_word' id='word_1_310' title='bbox 2704 3393 2819 3496; x_wconf 38' lang='lat' dir='ltr'><strong>&amp;iri</strong></span> 
     </span>
     <span class='ocr_line' id='line_1_35' title="bbox 536 3514 2820 3584; baseline -0.003 -13"><span class='ocrx_word' id='word_1_311' title='bbox 536 3520 688 3571; x_wconf 87' lang='lat' dir='ltr'><strong>docti</strong></span> <span class='ocrx_word' id='word_1_312' title='bbox 724 3519 762 3569; x_wconf 87' lang='lat'><strong>1.</strong></span> <span class='ocrx_word' id='word_1_313' title='bbox 804 3532 970 3584; x_wconf 73' lang='lat' dir='ltr'><strong>supra</strong></span> <span class='ocrx_word' id='word_1_314' title='bbox 1008 3518 1045 3569; x_wconf 93' lang='lat' dir='ltr'><strong>l.</strong></span> <span class='ocrx_word' id='word_1_315' title='bbox 1103 3517 1421 3569; x_wconf 81' lang='lat' dir='ltr'><strong>Herodotus</strong></span> <span class='ocrx_word' id='word_1_316' title='bbox 1449 3517 1570 3581; x_wconf 79' lang='lat' dir='ltr'><strong>ipse</strong></span> <span class='ocrx_word' id='word_1_317' title='bbox 1606 3517 1704 3580; x_wconf 89' lang='lat' dir='ltr'><strong>IV,</strong></span> <span class='ocrx_word' id='word_1_318' title='bbox 1727 3517 1795 3569; x_wconf 84' lang='lat'><strong>79</strong></span> <span class='ocrx_word' id='word_1_319' title='bbox 1832 3517 1889 3566; x_wconf 88' lang='lat' dir='ltr'><strong>in</strong></span> <span class='ocrx_word' id='word_1_320' title='bbox 1906 3516 2417 3582; x_wconf 80' lang='lat' dir='ltr'><strong>Borysthenitarum</strong></span> <span class='ocrx_word' id='word_1_321' title='bbox 2462 3514 2593 3566; x_wconf 88' lang='lat' dir='ltr'><strong>urbe</strong></span> <span class='ocrx_word' id='word_1_322' title='bbox 2613 3514 2820 3580; x_wconf 85' lang='lat' dir='ltr'><strong>Sphin-</strong></span> 
     </span>
     <span class='ocr_line' id='line_1_36' title="bbox 536 3584 2821 3657; baseline -0.003 -17"><span class='ocrx_word' id='word_1_323' title='bbox 536 3607 631 3657; x_wconf 81' lang='lat' dir='ltr'><strong>ges</strong></span> <span class='ocrx_word' id='word_1_324' title='bbox 669 3605 736 3640; x_wconf 90' lang='lat' dir='ltr'><strong>ac</strong></span> <span class='ocrx_word' id='word_1_325' title='bbox 767 3588 1019 3655; x_wconf 79' lang='lat' dir='ltr'><strong>Gryphos</strong></span> <span class='ocrx_word' id='word_1_326' title='bbox 1057 3590 1445 3639; x_wconf 86' lang='lat' dir='ltr'><strong>commemorat</strong></span> <span class='ocrx_word' id='word_1_327' title='bbox 1483 3602 1512 3636; x_wconf 86' lang='lat' dir='ltr'><strong>e</strong></span> <span class='ocrx_word' id='word_1_328' title='bbox 1551 3602 1819 3636; x_wconf 83' lang='lat' dir='ltr'><strong>marmore</strong></span> <span class='ocrx_word' id='word_1_329' title='bbox 1854 3585 2037 3638; x_wconf 80' lang='lat' dir='ltr'><strong>factos</strong></span> <span class='ocrx_word' id='word_1_330' title='bbox 2074 3591 2131 3637; x_wconf 86' lang='lat' dir='ltr'><strong>et</strong></span> <span class='ocrx_word' id='word_1_331' title='bbox 2166 3588 2315 3636; x_wconf 80' lang='lat' dir='ltr'><strong>circa</strong></span> <span class='ocrx_word' id='word_1_332' title='bbox 2358 3585 2504 3650; x_wconf 83' lang='lat' dir='ltr'><strong>regis</strong></span> <span class='ocrx_word' id='word_1_333' title='bbox 2542 3584 2821 3650; x_wconf 85' lang='lat' dir='ltr'><strong>palatium</strong></span> 
     </span>
     <span class='ocr_line' id='line_1_37' title="bbox 536 3653 2822 3724; baseline -0.003 -14"><span class='ocrx_word' id='word_1_334' title='bbox 536 3664 777 3711; x_wconf 71' lang='lat' dir='ltr'><strong>stantes:</strong></span> <span class='ocrx_word' id='word_1_335' title='bbox 827 3659 894 3709; x_wconf 89' lang='lat' dir='ltr'><strong>de</strong></span> <span class='ocrx_word' id='word_1_336' title='bbox 924 3672 1032 3724; x_wconf 85' lang='lat' dir='ltr'><strong>qua</strong></span> <span class='ocrx_word' id='word_1_337' title='bbox 1067 3675 1127 3709; x_wconf 87' lang='lat' dir='ltr'><strong>re</strong></span> <span class='ocrx_word' id='word_1_338' title='bbox 1165 3655 1453 3708; x_wconf 83' lang='lat' dir='ltr'><strong>admonuit</strong></span> <span class='ocrx_word' id='word_1_339' title='bbox 1489 3671 1703 3722; x_wconf 85' lang='lat' dir='ltr'><strong>quoque</strong></span> <span class='ocrx_word' id='word_1_340' title='bbox 1741 3656 1995 3707; x_wconf 81' lang='lat' dir='ltr'><strong>Curtius:</strong></span> <span class='ocrx_word' id='word_1_341' title='bbox 2043 3654 2238 3707; x_wconf 83' lang='lat' dir='ltr'><strong>Gesch.</strong></span> <span class='ocrx_word' id='word_1_342' title='bbox 2279 3656 2333 3706; x_wconf 90' lang='lat' dir='ltr'><strong>d.</strong></span> <span class='ocrx_word' id='word_1_343' title='bbox 2368 3654 2684 3719; x_wconf 80' lang='lat' dir='ltr'><strong>Wegbaues</strong></span> <span class='ocrx_word' id='word_1_344' title='bbox 2722 3653 2822 3704; x_wconf 85' lang='lat' dir='ltr'><strong>bei</strong></span> 
     </span>
     <span class='ocr_line' id='line_1_38' title="bbox 537 3723 2820 3811; baseline -0.002 -33"><span class='ocrx_word' id='word_1_345' title='bbox 537 3729 589 3811; x_wconf 60' lang='lat' dir='ltr'><strong>d:</strong></span> <span class='ocrx_word' id='word_1_346' title='bbox 630 3727 845 3780; x_wconf 86' lang='lat' dir='ltr'><strong>Griech.</strong></span> <span class='ocrx_word' id='word_1_347' title='bbox 880 3744 935 3794; x_wconf 87' lang='lat' dir='ltr'><strong>p.</strong></span> <span class='ocrx_word' id='word_1_348' title='bbox 959 3728 1046 3780; x_wconf 83' lang='lat'><strong>85.</strong></span> <span class='ocrx_word' id='word_1_349' title='bbox 1120 3727 1255 3778; x_wconf 85' lang='lat' dir='ltr'><strong>Fuit</strong></span> <span class='ocrx_word' id='word_1_350' title='bbox 1292 3730 1475 3778; x_wconf 86' lang='lat' dir='ltr'><strong>antem</strong></span> <span class='ocrx_word' id='word_1_351' title='bbox 1512 3725 1604 3776; x_wconf 86' lang='lat' dir='ltr'><strong>ille</strong></span> <span class='ocrx_word' id='word_1_352' title='bbox 1637 3741 1732 3776; x_wconf 82' lang='lat' dir='ltr'><strong>rex</strong></span> <span class='ocrx_word' id='word_1_353' title='bbox 1771 3724 2166 3777; x_wconf 85' lang='lat' dir='ltr'><strong>Bacchicorum</strong></span> <span class='ocrx_word' id='word_1_354' title='bbox 2201 3739 2481 3777; x_wconf 79' lang='lat' dir='ltr'><strong>sacrorum</strong></span> <span class='ocrx_word' id='word_1_355' title='bbox 2518 3723 2820 3774; x_wconf 83' lang='lat' dir='ltr'><strong>studiosis-</strong></span> 
     </span>
     <span class='ocr_line' id='line_1_39' title="bbox 535 3813 724 3851; baseline -0.005 -1"><span class='ocrx_word' id='word_1_356' title='bbox 535 3813 724 3851; x_wconf 76' lang='lat' dir='ltr'><strong>sunus.</strong></span> 
     </span>
    </p>
   </div>
   <div class='ocr_carea' id='block_1_6' title="bbox 534 3893 2827 4106">
    <p class='ocr_par' dir='ltr' id='par_1_6' title="bbox 534 3893 2827 4106">
     <span class='ocr_line' id='line_1_40' title="bbox 673 3893 2824 3965; baseline -0.003 -14"><span class='ocrx_word' id='word_1_357' title='bbox 673 3899 763 3965; x_wconf 79' lang='grc'><strong>**)</strong></span> <span class='ocrx_word' id='word_1_358' title='bbox 813 3899 1208 3951; x_wconf 79' lang='lat' dir='ltr'><strong>Reisebericht.</strong></span> <span class='ocrx_word' id='word_1_359' title='bbox 1254 3915 1353 3951; x_wconf 83' lang='lat' dir='ltr'><strong>aus</strong></span> <span class='ocrx_word' id='word_1_360' title='bbox 1400 3899 1633 3963; x_wconf 81' lang='lat' dir='ltr'><strong>Aegypt.</strong></span> <span class='ocrx_word' id='word_1_361' title='bbox 1685 3914 1738 3963; x_wconf 88' lang='lat' dir='ltr'><strong>p.</strong></span> <span class='ocrx_word' id='word_1_362' title='bbox 1778 3897 1864 3950; x_wconf 85' lang='lat'><strong>35.</strong></span> <span class='ocrx_word' id='word_1_363' title='bbox 1905 3897 2007 3950; x_wconf 78' lang='lat'><strong>334</strong></span> <span class='ocrx_word' id='word_1_364' title='bbox 2055 3914 2169 3964; x_wconf 78' lang='lat' dir='ltr'><strong>neq.</strong></span> <span class='ocrx_word' id='word_1_365' title='bbox 2223 3895 2344 3949; x_wconf 85' lang='grc'><strong>338.</strong></span> <span class='ocrx_word' id='word_1_366' title='bbox 2431 3893 2590 3946; x_wconf 82' lang='lat' dir='ltr'><strong>Conf.</strong></span> <span class='ocrx_word' id='word_1_367' title='bbox 2641 3897 2824 3946; x_wconf 83' lang='lat' dir='ltr'><strong>etiam</strong></span> 
     </span>
     <span class='ocr_line' id='line_1_41' title="bbox 534 3964 2827 4106; baseline -0.002 -85"><span class='ocrx_word' id='word_1_368' title='bbox 534 3968 790 4106; x_wconf 43' lang='lat' dir='ltr'><strong>31?ssqu</strong></span> <span class='ocrx_word' id='word_1_369' title='bbox 793 3970 1190 4088; x_wconf 55' lang='lat' dir='ltr'><strong>uIgpnumental</strong></span> <span class='ocrx_word' id='word_1_370' title='bbox 1224 3969 1437 4035; x_wconf 71' lang='lat' dir='ltr'><strong>history</strong></span> <span class='ocrx_word' id='word_1_371' title='bbox 1474 3966 1533 4061; x_wconf 83' lang='lat' dir='ltr'><strong>of</strong></span> <span class='ocrx_word' id='word_1_372' title='bbox 1556 3968 1758 4033; x_wconf 79' lang='lat' dir='ltr'><strong>Egypt.</strong></span> <span class='ocrx_word' id='word_1_373' title='bbox 1795 3968 1870 4019; x_wconf 91' lang='lat'><strong>11.</strong></span> <span class='ocrx_word' id='word_1_374' title='bbox 1912 3985 1965 4035; x_wconf 91' lang='lat' dir='ltr'><strong>p.</strong></span> <span class='ocrx_word' id='word_1_375' title='bbox 2005 3967 2106 4020; x_wconf 84' lang='lat'><strong>319</strong></span> <span class='ocrx_word' id='word_1_376' title='bbox 2137 3982 2313 4035; x_wconf 63' lang='lat' dir='ltr'><strong>seqq„</strong></span> <span class='ocrx_word' id='word_1_377' title='bbox 2353 3964 2741 4030; x_wconf 80' lang='lat' dir='ltr'><strong>champollion</strong></span> <span class='ocrx_word' id='word_1_378' title='bbox 2780 3965 2827 4017; x_wconf 88' lang='lat' dir='ltr'><strong>l.</strong></span> 
     </span>
    </p>
   </div>
   <div class='ocr_carea' id='block_1_7' title="bbox 531 4135 2831 4415">
    <p class='ocr_par' dir='ltr' id='par_1_7' title="bbox 531 4135 2831 4415">
     <span class='ocr_line' id='line_1_42' title="bbox 675 4135 2829 4206; baseline -0.002 -14"><span class='ocrx_word' id='word_1_379' title='bbox 675 4139 799 4205; x_wconf 78' lang='grc'>***)</span> <span class='ocrx_word' id='word_1_380' title='bbox 839 4140 998 4192; x_wconf 78' lang='lat' dir='ltr'><strong>Conf.</strong></span> <span class='ocrx_word' id='word_1_381' title='bbox 1016 4140 1198 4193; x_wconf 86' lang='lat' dir='ltr'><strong>Strab.</strong></span> <span class='ocrx_word' id='word_1_382' title='bbox 1214 4140 1394 4193; x_wconf 87' lang='lat' dir='ltr'><strong>XVII.</strong></span> <span class='ocrx_word' id='word_1_383' title='bbox 1426 4155 1479 4206; x_wconf 88' lang='lat' dir='ltr'><strong>p.</strong></span> <span class='ocrx_word' id='word_1_384' title='bbox 1502 4143 1622 4193; x_wconf 85' lang='lat'><strong>775.</strong></span> <span class='ocrx_word' id='word_1_385' title='bbox 1662 4140 1889 4191; x_wconf 84' lang='lat' dir='ltr'><strong>Diodor.</strong></span> <span class='ocrx_word' id='word_1_386' title='bbox 1909 4139 2018 4190; x_wconf 86' lang='lat' dir='ltr'><strong>Sic.</strong></span> <span class='ocrx_word' id='word_1_387' title='bbox 2041 4139 2152 4200; x_wconf 87' lang='lat'><strong>111,</strong></span> <span class='ocrx_word' id='word_1_388' title='bbox 2172 4138 2259 4200; x_wconf 77' lang='lat'><strong>35,</strong></span> <span class='ocrx_word' id='word_1_389' title='bbox 2339 4139 2397 4188; x_wconf 90' lang='lat' dir='ltr'><strong>ui</strong></span> <span class='ocrx_word' id='word_1_390' title='bbox 2414 4137 2481 4189; x_wconf 84' lang='lat' dir='ltr'><strong>de</strong></span> <span class='ocrx_word' id='word_1_391' title='bbox 2512 4135 2603 4186; x_wconf 80' lang='lat' dir='ltr'><strong>his</strong></span> <span class='ocrx_word' id='word_1_392' title='bbox 2629 4136 2829 4202; x_wconf 76' lang='lat' dir='ltr'><strong>sphin-</strong></span> 
     </span>
     <span class='ocr_line' id='line_1_43' title="bbox 531 4200 2828 4280; baseline -0.004 -17"><span class='ocrx_word' id='word_1_393' title='bbox 531 4213 691 4280; x_wconf 79' lang='lat' dir='ltr'><strong>gibus</strong></span> <span class='ocrx_word' id='word_1_394' title='bbox 729 4213 810 4261; x_wconf 81' lang='lat' dir='ltr'><strong>ita</strong></span> <span class='ocrx_word' id='word_1_395' title='bbox 846 4210 1068 4261; x_wconf 73' lang='lat' dir='ltr'><strong>scribit:</strong></span> <span class='ocrx_word' id='word_1_396' title='bbox 1118 4211 1244 4267; x_wconf 77' lang='grc' dir='ltr'><strong><em>ταῖς</em></strong></span> <span class='ocrx_word' id='word_1_397' title='bbox 1280 4203 1343 4258; x_wconf 71' lang='grc' dir='ltr'><strong>δὲ</strong></span> <span class='ocrx_word' id='word_1_398' title='bbox 1383 4211 1639 4275; x_wconf 76' lang='grc' dir='ltr'><strong><em>μορφαῖς</em></strong></span> <span class='ocrx_word' id='word_1_399' title='bbox 1674 4200 2038 4273; x_wconf 76' lang='grc' dir='ltr'><strong><em>ὑπάρχουσιν</em></strong></span> <span class='ocrx_word' id='word_1_400' title='bbox 2075 4205 2181 4258; x_wconf 71' lang='grc' dir='ltr'><strong>οὐκ</strong></span> <span class='ocrx_word' id='word_1_401' title='bbox 2215 4201 2291 4256; x_wconf 72' lang='grc' dir='ltr'><strong>ἄν</strong></span> <span class='ocrx_word' id='word_1_402' title='bbox 2329 4220 2484 4271; x_wconf 82' lang='grc' dir='ltr'>μοιοι</span> <span class='ocrx_word' id='word_1_403' title='bbox 2520 4207 2647 4262; x_wconf 78' lang='grc' dir='ltr'><strong><em>ταῖς</em></strong></span> <span class='ocrx_word' id='word_1_404' title='bbox 2681 4221 2828 4270; x_wconf 75' lang='grc' dir='ltr'><strong><em>γρα-</em></strong></span> 
     </span>
     <span class='ocr_line' id='line_1_44' title="bbox 533 4269 2831 4348; baseline -0.003 -16"><span class='ocrx_word' id='word_1_405' title='bbox 533 4275 840 4348; x_wconf 78' lang='grc' dir='ltr'><strong><em>φομέναις,</em></strong></span> <span class='ocrx_word' id='word_1_406' title='bbox 878 4271 1062 4343; x_wconf 79' lang='grc' dir='ltr'>μόνον</span> <span class='ocrx_word' id='word_1_407' title='bbox 1097 4271 1163 4328; x_wconf 69' lang='grc' dir='ltr'><strong>δὲ</strong></span> <span class='ocrx_word' id='word_1_408' title='bbox 1198 4279 1325 4334; x_wconf 80' lang='grc' dir='ltr'><strong><em>ταῖς</em></strong></span> <span class='ocrx_word' id='word_1_409' title='bbox 1360 4274 1640 4343; x_wconf 77' lang='grc' dir='ltr'><strong>δασύτησι</strong></span> <span class='ocrx_word' id='word_1_410' title='bbox 1676 4269 2093 4328; x_wconf 76' lang='grc' dir='ltr'><strong><em>διαλλάττουσι.</em></strong></span> <span class='ocrx_word' id='word_1_411' title='bbox 2163 4273 2307 4327; x_wconf 87' lang='lat' dir='ltr'><strong>Plin.</strong></span> <span class='ocrx_word' id='word_1_412' title='bbox 2329 4277 2478 4326; x_wconf 85' lang='lat' dir='ltr'><strong>Hist.</strong></span> <span class='ocrx_word' id='word_1_413' title='bbox 2502 4276 2634 4327; x_wconf 82' lang='lat' dir='ltr'><strong>Nat.</strong></span> <span class='ocrx_word' id='word_1_414' title='bbox 2656 4277 2831 4339; x_wconf 88' lang='lat' dir='ltr'><strong>VIII,</strong></span> 
     </span>
     <span class='ocr_line' id='line_1_45' title="bbox 532 4346 1429 4415; baseline -0.01 -10"><span class='ocrx_word' id='word_1_415' title='bbox 532 4352 621 4415; x_wconf 82' lang='lat'><strong>21,</strong></span> <span class='ocrx_word' id='word_1_416' title='bbox 650 4352 736 4405; x_wconf 84' lang='lat'><strong>30.</strong></span> <span class='ocrx_word' id='word_1_417' title='bbox 774 4351 1038 4414; x_wconf 88' lang='lat' dir='ltr'><strong>Pompon.</strong></span> <span class='ocrx_word' id='word_1_418' title='bbox 1075 4346 1201 4399; x_wconf 81' lang='lat' dir='ltr'><strong>Mel.</strong></span> <span class='ocrx_word' id='word_1_419' title='bbox 1233 4347 1341 4410; x_wconf 91' lang='lat'><strong>111,</strong></span> <span class='ocrx_word' id='word_1_420' title='bbox 1378 4348 1429 4400; x_wconf 84' lang='lat'><strong>9.</strong></span> 
     </span>
    </p>
   </div>
   <div class='ocr_carea' id='block_1_8' title="bbox 670 4443 2831 4518">
    <p class='ocr_par' dir='ltr' id='par_1_8' title="bbox 670 4443 2831 4518">
     <span class='ocr_line' id='line_1_46' title="bbox 670 4443 2831 4518; baseline -0.002 -17"><span class='ocrx_word' id='word_1_421' title='bbox 670 4452 730 4518; x_wconf 87' lang='lat'><strong>†)</strong></span> <span class='ocrx_word' id='word_1_422' title='bbox 764 4450 1142 4503; x_wconf 76' lang='lat' dir='ltr'><strong>Denknchrift.</strong></span> <span class='ocrx_word' id='word_1_423' title='bbox 1181 4450 1234 4502; x_wconf 90' lang='lat' dir='ltr'><strong>d.</strong></span> <span class='ocrx_word' id='word_1_424' title='bbox 1265 4448 1475 4502; x_wconf 86' lang='lat' dir='ltr'><strong>Berlin.</strong></span> <span class='ocrx_word' id='word_1_425' title='bbox 1515 4448 1695 4501; x_wconf 75' lang='lat' dir='ltr'><strong>Akad.</strong></span> <span class='ocrx_word' id='word_1_426' title='bbox 1734 4449 1787 4501; x_wconf 90' lang='lat' dir='ltr'><strong>d.</strong></span> <span class='ocrx_word' id='word_1_427' title='bbox 1814 4448 2234 4501; x_wconf 81' lang='lat' dir='ltr'><strong>wissenschaft.</strong></span> <span class='ocrx_word' id='word_1_428' title='bbox 2273 4447 2406 4499; x_wconf 88' lang='lat' dir='ltr'><strong>anni</strong></span> <span class='ocrx_word' id='word_1_429' title='bbox 2430 4443 2578 4497; x_wconf 84' lang='lat'><strong>1833.</strong></span> <span class='ocrx_word' id='word_1_430' title='bbox 2616 4460 2672 4509; x_wconf 88' lang='lat' dir='ltr'><strong>p.</strong></span> <span class='ocrx_word' id='word_1_431' title='bbox 2694 4443 2831 4496; x_wconf 72' lang='lat'><strong>359.</strong></span> 
     </span>
    </p>
   </div>
  </div>
 </body>
</html>
