3109 5092
405 993 486 1055 65

491 295 616 359 572

1352 297 1893 361 ΗΕΒΟΒΟΤῙ

500 477 640 543 τῶν
676 478 867 542 θεῶν
901 475 1015 542 καὶ
1063 477 1140 543 ἐν
1171 488 1342 542 τοῖσι
1384 475 1709 560 τεμένεσι.
1797 478 1861 541 εί
1906 464 2004 543 ὦν
2049 471 2223 543 εἶναι
2263 477 2357 565 τῷ
2396 478 2542 568 θεῷ
2575 479 2790 544 τοῦτο

499 573 590 666 μὴ
629 582 866 664 φίλον,
930 573 1056 646 οὐκ
1105 570 1191 646 ἂν
1241 572 1399 645 οὐδὲ
1454 575 1536 645 τὰ
1586 576 1833 666 κτήνεα
1882 579 2159 647 ποιέειν.
2251 569 2437 647 οὖτοι
2472 580 2597 666 μέν
2640 605 2788 647 νυν

498 683 772 749 τοιαῦτα
809 682 1230 766 ἐπιλέγοντες
1276 685 1539 749 ποιεῦσι
1578 683 1731 767 ἐμοί
1759 706 1837 768 γε
1884 677 2009 750 οὐκ
2044 678 2309 770 ἀρεστά.

2411 682 2784 768 Αἰγύπτιοι

503 783 577 853 δὲ
616 783 1074 871 θρησκεύουσι
1110 788 1440 871 περισσῶς
1474 782 1556 852 τά
1590 809 1663 852 τε
1697 780 1869 852 ἄλλα
1903 786 2058 873 περὶ
2094 782 2176 853 τὰ
2224 781 2338 874 [ρά
2371 785 2483 852 καὶ
2528 782 2613 873 δὴ
2658 787 2781 854 καὶ

499 885 682 957 τάδε.

643 985 880 1058 Ἐοῦσα
931 987 1004 1058 δὲ
1049 997 1391 1075 Αἴγυπτος
1432 984 1718 1078 ὅμουρος
1754 993 1837 1079 τῇ
1883 987 2106 1079 Λιβύῃ
2155 985 2238 1058 οὐ
2279 988 2457 1079 μάλα
2508 991 2773 1079 θηριώ-

501 1159 696 1209 militum
730 1159 947 1207 catervis
973 1156 1136 1207 unice
1159 1171 1361 1219 sermo,
1397 1159 1460 1205 ut
1494 1171 1590 1206 no-

502 1227 738 1277 tavimus
776 1225 846 1276 ad
880 1226 927 1286 1,
968 1226 1087 1279 103.
1225 1257 1231 1261 -

572 1291 626 1345 εἰ
658 1283 741 1343 ὦν
779 1288 927 1345 εἶναι
962 1323 1034 1332 --
1070 1291 1262 1360 φίλον]
1299 1278 1403 1356 ἦν,
1443 1293 1590 1359 qnod

503 1365 743 1431 glossam
770 1364 941 1428 sapit,
979 1379 1123 1414 nunc
1147 1368 1294 1414 recte
1323 1367 1590 1413 mutatum

505 1436 562 1485 in
598 1427 766 1483 εἶναι.
818 1433 903 1482 Ad
925 1432 1099 1496 φίλον
1122 1432 1268 1483 conf.
1293 1432 1340 1493 Ι,
1365 1431 1431 1481 87
1455 1432 1590 1496 ibiq.

506 1507 622 1554 not.
675 1502 760 1553 Ad
791 1506 1171 1568 argumentum
1186 1500 1297 1552 loci
1331 1502 1595 1565 interpre-

502 1579 586 1624 tes
623 1572 856 1622 afferunt
892 1571 1168 1623 Plutarch.
1205 1571 1344 1621 Mor.
1382 1569 1495 1635 (11)
1532 1587 1585 1634 p.

505 1643 640 1694 1044
665 1643 730 1704 F,
766 1642 910 1693 unde
943 1640 1316 1706 intelligimus,
1353 1639 1589 1704 Cynicos

502 1711 853 1778 philosophos
911 1710 1141 1776 posthac
1195 1710 1384 1760 eadem
1432 1724 1591 1759 excu-

505 1782 719 1834 satione
757 1796 878 1832 esse
922 1795 1053 1831 usos
1100 1781 1339 1844 itemque
1375 1778 1590 1830 Stoicos

504 1851 786 1918 quosdam.

575 1911 875 1985 Αἰγύπτιοι
900 1912 964 1969 δὲ
985 1908 1376 1982 θρησκεύουσι
1402 1928 1593 1978 περισ-

506 1988 619 2047 σῶς
666 2004 718 2039 κ.
767 2004 814 2038 τ.
847 1987 917 2054 L]
968 1989 1051 2038 De
1098 1987 1397 2037 bestiarum
1440 1986 1591 2036 cultu

506 2060 652 2124 apud
685 2058 985 2121 Aegyptios
1017 2056 1335 2107 consulatur
1362 2055 1589 2106 Diodor.

506 2129 553 2189 1,
589 2127 676 2188 83,
714 2126 995 2177 Plutarch.
1018 2125 1086 2175 de
1111 2127 1185 2176 Is.
1213 2130 1268 2175 et
1300 2124 1446 2177 Osir.
1470 2140 1591 2188 cap.

508 2197 592 2246 71.
632 2211 688 2259 p.
719 2195 821 2245 379
841 2210 977 2259 seq„
1014 2194 1210 2257 quibus
1238 2193 1364 2244 add.
1391 2194 1591 2245 Rhoer.

507 2264 578 2315 ad
617 2262 884 2327 Porphyr.
924 2262 991 2312 de
1028 2263 1226 2312 abstin.
1269 2262 1375 2324 111,
1416 2262 1502 2314 16.
1537 2278 1594 2326 p.

510 2334 634 2385 250.
673 2333 768 2394 IV,
805 2331 858 2382 9.
893 2347 1020 2396 pag.
1060 2330 1181 2382 322.
1243 2332 1328 2381 De
1365 2330 1595 2396 singulis

403 2413 428 2436 ⁶
507 2401 702 2455 bestiis
753 2416 850 2467 per
899 2401 1206 2465 Aegyptum
1264 2401 1596 2451 consecratis

513 2475 771 2523 accurate
816 2470 1063 2535 disputat
1097 2468 1408 2519 Wilkinson
1443 2470 1597 2520 Mau-

512 2558 656 2593 ners.
696 2545 801 2592 etc.
837 2555 947 2590 sec.
986 2554 1091 2590 ser.
1130 2539 1209 2589 11.
1246 2555 1300 2603 p.
1337 2538 1407 2590 90
1442 2554 1595 2604 seqq.

495 2626 804 2677 ⁷earumque
824 2625 1107 2661 recensum
1135 2608 1369 2671 exhibet,
1392 2608 1597 2658 additis

510 2686 754 2734 veterum
779 2680 1103 2745 scriptorum
1121 2679 1450 2729 testimoniis
1466 2680 1599 2729 Par-

509 2752 644 2816 they
670 2750 742 2801 ad
766 2748 1046 2800 Plutarch.
1092 2750 1177 2798 De
1205 2748 1342 2798 Isid.
1385 2752 1441 2797 et
1475 2747 1598 2798 Osi-

511 2821 615 2871 rid.
656 2836 710 2884 p.
748 2819 847 2871 261
886 2834 999 2883 seq.
1073 2818 1205 2881 Ipsa
1238 2832 1325 2867 res
1354 2818 1463 2867 iam
1486 2832 1600 2866 ma-

512 2894 633 2940 ture
668 2889 815 2937 viros
853 2887 1043 2937 doctos
1086 2886 1324 2936 advertit
1368 2887 1425 2934 in
1472 2901 1600 2935 cau-

512 2972 602 3007 sas
638 2961 807 3020 atque
843 2956 1081 3018 origines
1115 2955 1276 3005 huius
1314 2953 1490 3004 cultus
1520 2956 1600 3004 in-

512 3025 815 3089 quirentes,
879 3023 1311 3082 Blanchardum‚
1377 3023 1597 3085 Banier,

511 3094 665 3144 Frid.
691 3093 838 3143 Sam.
865 3092 1078 3142 Zickler
1104 3089 1376 3154 (Diatribe
1406 3092 1473 3142 de
1497 3093 1600 3143 Ae-

513 3162 717 3226 gy'ptiis
764 3161 1062 3211 bestiarum
1108 3160 1428 3213 cultoribus.
1478 3161 1598 3212 Ien.

514 3231 670 3283 1756.
708 3231 783 3300 8),
817 3231 1085 3293 Meinas,
1125 3228 1290 3292 alios,
1330 3229 1598 3280 excitatos

513 3316 547 3351 a
580 3302 726 3351 Dan.
763 3300 933 3350 Beck.
964 3301 1048 3350 in:
1092 3297 1324 3360 Aligem.
1362 3298 1601 3364 Weltge-

513 3370 756 3441 sebichte
789 3370 837 3420 1.
873 3386 925 3433 p.
966 3370 1087 3420 757.
1161 3368 1601 3419 Nec'defuerunt

511 3440 800 3491 recentiori
840 3442 1054 3502 aetate,
1122 3437 1215 3502 qui
1268 3437 1372 3488 hac
1428 3437 1496 3489 de
1539 3455 1599 3488 re

512 3508 757 3575 pluribus
797 3511 1136 3574 quaererent.
1209 3507 1456 3571 Namque
1480 3506 1599 3557 sola

512 3579 755 3630 utilitate
791 3593 822 3629 e
856 3578 1048 3629 bestiis
1077 3576 1370 3641 capienda,
1412 3580 1508 3626 aut
1533 3577 1601 3625 ti-

513 3664 690 3710 more,
738 3663 846 3712 quo
889 3647 1164 3697 hominum
1218 3646 1428 3695 animos
1479 3644 1607 3700 affl<

515 3719 696 3779 ciunt,
728 3717 1031 3782 Aegyptios
1060 3715 1133 3767 ad
1159 3715 1455 3765 bestiarum
1486 3714 1597 3765 cul-

515 3790 630 3836 tum
678 3801 797 3836 esse
846 3785 1040 3836 ductos
1087 3800 1220 3852 cum·
1255 3784 1474 3834 minime
1521 3783 1598 3832 sit

516 3854 789 3914 credibile,
830 3853 941 3904 alia
968 3854 1234 3904 sectanda
1268 3856 1395 3902 sunt
1418 3851 1596 3917 magis

513 3922 798 3972 recondita
842 3937 871 3971 e
919 3922 1195 3973 subtiliori
1252 3920 1597 3973 sacerdotum

516 3991 769 4040 doctrina
803 4005 975 4056 eaque
1007 4005 1251 4054 congrua
1283 3990 1441 4041 simul
1474 4005 1597 4041 cum

515 4057 729 4109 rudium
744 4058 1021 4110 hominum
1033 4059 1234 4117 indole,
1259 4074 1395 4123 quos
1414 4060 1603 4109 etiam·

515 4142 645 4177 nnm
694 4142 791 4192 per
840 4127 1060 4177 Africae
1105 4129 1353 4192 regiones
1405 4127 1601 4178 bestiis

517 4195 731 4246 divinos
767 4196 1000 4246 honores
1019 4197 1298 4260 impertire
1331 4198 1600 4246 novimus.

516 4266 633 4316 Nec
661 4265 852 4315 mirum
871 4264 975 4315 hoe
998 4265 1171 4315 videri
1205 4267 1366 4317 debet
1401 4266 1469 4328 ei,
1510 4265 1605 4331 qui

517 4335 692 4400 ipsam
729 4335 1020 4386 humanam
1052 4340 1307 4385 naturam
1343 4336 1604 4388 omnium-

1690 1171 1793 1223 que
1806 1156 2119 1206 animalium
2139 1156 2312 1206 vitam
2326 1158 2633 1207 accuratius
2646 1169 2783 1207 con2

1689 1227 2016 1277 sideraverit
2040 1226 2098 1275 in
2118 1226 2421 1290 bestiisque
2442 1226 2615 1291 magis
2637 1226 2783 1278 adeo

1690 1311 1853 1361 quam
1878 1296 1948 1345 *in
1988 1295 2294 1346 hominibus
2322 1311 2655 1347 communem
2682 1312 2785 1347 na-

1688 1370 1848 1415 turae
1882 1365 1994 1415 vim
2033 1380 2097 1415 sc
2140 1364 2365 1416 vitalem
2411 1366 2565 1431 qnasi
2610 1366 2785 1416 ratio-

1692 1450 1813 1484 nem
1853 1434 2112 1498 cognosci
2145 1449 2308 1498 posse
2332 1449 2647 1500 persuasum
2684 1434 2784 1485 ha—

1692 1505 1890 1555 buerit.
1938 1502 2203 1553 Conferas
2227 1505 2428 1554 Bauer.
2454 1503 2695 1570 Symbol.
2724 1510 2787 1556 et

1691 1573 2000 1693 Rygtholcggg
2036 1573 2098 1691 Ι.Ι
2101 1588 2175 1691 1p.
2197 1573 2784 1694 2174⁸seqisffe3rem

1694 1660 1876 1775 Qus-,e
1908 1679 2053 1762 haud
2090 1679 2250 1761 m‘ale·
2280 1658 2526 1775 pposffiisse
2560 1659 2786 1763 vidzae}

1693 1781 1962 1844 Iomard.‚
2007 1780 2108 1831 sub
2161 1780 2314 1830 cultu
2358 1782 2657 1832 bestiarum
2700 1782 2786 1832 la-

1692 1851 1866 1902 tuisse
1892 1865 2089 1901 causas
2119 1850 2427 1914 naturales,
2467 1851 2662 1915 quibus
2697 1852 2785 1901 in-

1692 1919 2036 1985 vestigandis
2057 1918 2222 1983 prisci
2233 1919 2494 1984 Aegyptii
2516 1920 2677 1971 valde
2702 1922 2787 1970 in-

1692 1990 1831 2039 tenti
1856 1990 2058 2039 fuerint
2092 1986 2372 2052 multaque
2395 2003 2489 2040 eos
2513 1990 2617 2040 hac
2635 1990 2695 2039 in
2723 2006 2787 2041 re

1693 2059 1916 2118 vidisse,
1942 2072 2083 2123 quae
2102 2072 2203 2107 nos
2225 2056 2455 2110 lateant.
2492 2059 2609 2109 Nec
2627 2074 2787 2123 prae·

1694 2127 1959 2179 tereunda
1984 2128 2353 2178 astronomica
2380 2129 2677 2178 bestiarum
2696 2144 2787 2179 rs.-

1694 2198 1774 2247 tio
1811 2198 1867 2246 in
1903 2196 2167 2258 zodiaco,
2206 2195 2272 2247 de
2308 2212 2416 2261 qua
2450 2197 2685 2248 diximus
2713 2198 2789 2248 ad

1697 2267 1778 2329 11,
1807 2267 1895 2328 67,
1939 2267 2233 2316 coniuncta
2265 2265 2363 2315 illa
2407 2268 2625 2331 quidem
2660 2283 2787 2318 cnm

1697 2336 2092 2401 Aegyptiorum
2146 2334 2518 2400 religionibus.
2616 2336 2789 2387 Plura

1700 2405 2055 2487 Cromen-3111
2091 2404 2332 2487 Symbpl.
2382 2405 2459 2456 11.
2507 2421 2636 2471 pag.
2678 2405 2783 2457 197

1699 2472 2236 2607 ‘eiqffiuffssfflss‘ff‘t
2255 2474 2763 2608 ¹2²0q31¹f⁸·p;'⁸1‘3.123‡.¹1'
2770 2511 2789 2595 ξ

1698 2612 1933 2676 Aegypt.
1970 2611 2271 2676 Mytholog.
2309 2628 2363 2663 v,
2401 2614 2694 2676 Haymann
2731 2631 2785 2679 p.

1700 2682 1799 2732 251
1837 2696 1987 2746 seqq.
2026 2681 2130 2731 274
2164 2697 2315 2746 seqq.
2388 2681 2622 2733 Bohlen:
2669 2684 2791 2734 Das

1701 2749 1796 2800 alt.
1836 2749 1957 2800 Iud.
2010 2750 2057 2800 Ι.
2109 2766 2162 2814 p.
2218 2750 2317 2802 186
2363 2766 2517 2817 seqq.
2556 2750 2673 2816 (qui
2722 2768 2791 2803 ex

1699 2818 1858 2868 India
1895 2819 2038 2869 hunc
2076 2834 2286 2870 omnem
2330 2820 2629 2871 bestiarum
2678 2821 2794 2871 cul·

1699 2893 1816 2938 tum
1880 2888 1938 2937 in
1988 2887 2104 2937 Nili
2161 2887 2358 2939 vallem
2414 2891 2793 2941 introductum

1701 2956 1846 3006 vultt
1877 2957 2019 3020 quod
2041 2958 2291 3021 equidem
2308 2960 2528 3010 minime
2549 2959 2794 3011 credide-

1701 3025 2791 3162 {ffsscfflgss‘ssssfiff'gzt'aPssihfflffptffq‘fi

1702 3180 1757 3228 p.
1800 3163 1919 3223 189,
1973 3164 2066 3229 qni
2104 3166 2416 3217 animalium
2453 3166 2655 3217 cultum
2693 3183 2794 3233 per

1701 3233 2008 3297 Aegyptum
2059 3248 2124 3284 ex
2170 3234 2499 3300 imaginibus
2545 3235 2791 3299 deorum,

1701 3303 1795 3367 qui
1831 3302 2021 3351 horum
2062 3303 2375 3355 animalium
2426 3305 2672 3370 partibus
2708 3306 2795 3356 in-

1700 3371 1897 3422 structi
1930 3372 2162 3454 suerint,
2205 3375 2420 3440 repetit.
2494 3374 2797 3442 Inquisiviss

1699 3442 2510 3564 ssssffqgssskisssfflissnffirss.
2523 3443 2792 3580 {³355ss

1697 3596 1823 3646 pag.
1864 3579 1933 3631 60
1972 3595 2122 3646 seqq.

2077 3749 2210 3801 Cu».
2248 3750 2418 3800 LXV.

1756 3842 1965 3900 Ἑοῦσα
2008 3844 2072 3900 δὲ
2107 3847 2395 3915 Αἴγυπτος
2444 3840 2693 3914 ὅμουρος
2733 3865 2786 3901 κ.

1697 3935 1745 3968 τ.
1789 3918 1860 3984 ³..]
1906 3920 2157 3971 Bekkero
2202 3924 2427 3971 anctore
2472 3919 2790 3971 Diudorflus
2816 3939 2837 3955 -.

1698 3989 1880 4040 omisit
1925 3984 2006 4052 δὲ,
2053 3988 2216 4054 idque
2259 3989 2514 4053 probavit
2558 3988 2789 4041 Herold.

1702 4058 2017 4110 Emendatt.
2054 4058 2297 4109 Herodd.
2334 4059 2399 4108 P.
2448 4058 2495 4109 1.
2533 4074 2663 4125 pag.
2701 4058 2788 4110 16.

1703 4128 1950 4178 Retinuit
1972 4127 2223 4178 voculam
2242 4120 2305 4177 δὲ
2338 4126 2598 4178 librorum
2622 4142 2792 4192 quan·

1704 4200 1819 4246 tum
1855 4198 1970 4248 scio
2009 4197 2243 4247 omnium
2288 4198 2625 4248 auctoritate
2668 4212 2793 4260 pro-

1703 4265 1889 4316 batam
1935 4271 1991 4316 et
2039 4265 2370 4329 explicativa
2415 4266 2475 4316 vi
2521 4264 2789 4331 (ηἰωίηιπι,

1704 4335 1900 4400 ειεπίηι)
1949 4335 2254 4400 praeditam
2299 4335 2547 4387 Dietsch.
2564 4372 2578 4398 ,
2629 4349 2791 4400 quem
