3109 5092
1167 318 1222 377 E
1241 317 1668 379 U'PERPE.
1712 319 1799 379 11.
1839 330 1930 384 35.

2567 323 2691 386 503

411 486 653 578 ὤμων·
703 485 1023 579 οὐρέουσι
1065 495 1139 559 αἱ
1172 489 1299 579 μὲν
1333 506 1654 578 γυναῖκες
1696 489 1937 582 ὀρθαί,
1994 499 2063 564 οἰ
2099 494 2175 564 δὲ
2215 492 2461 586 ἄνδρες
2486 498 2689 588 κατή-

411 620 622 683 μενοι.
682 590 978 683 εὐμαρέῃ
1021 596 1347 684 χρέωνται
1376 598 1454 665 ἐν
1481 608 1656 666 τοῖσι
1693 605 1971 682 οἴκοισι,
2008 600 2318 668 ἐσθίουσι
2356 601 2433 669 δὲ
2461 605 2586 685 ἔξω
2615 605 2693 673 ἐν

412 702 561 788 τῇσι
589 691 842 780 ὁδοῖσι,
887 699 1339 785 ἐπιλέγοντες,
1386 695 1476 780 ὥς
1503 697 1586 768 τὰ
1623 699 1750 788 μὲν
1778 699 2053 791 αἰσχρὰ,
2096 698 2433 790 ἀναγκαῖα
2461 704 2571 790 δὲ,
2615 709 2693 776 ἐν

332 797 819 892 ιῖοᾶποκρύφςο
847 801 986 868 ἐστὶ
1027 803 1286 871 ποιέειν
1311 800 1565 890 χρεών,
1612 801 1694 872 τὰ
1732 804 1810 872 δὲ
1856 802 1946 893 μὴ
1985 803 2225 893 αἰσχρὰ
2264 802 2687 894 ἀναφανδόν.

414 908 631 990 ἱρᾶται
666 900 840 1010 γυνὴ
882 903 1008 991 μὲν
1034 901 1317 993 οὐδεμία
1352 903 1508 975 οὔτε
1536 913 1806 994 ἔρσενος
1831 912 2003 977 θεοῦ
2042 904 2134 977 οὔ
2136 934 2207 976 τε
2234 912 2484 997 θηλέης
2503 962 2523 998 ,
2566 909 2694 981 ἄν-

417 1108 481 1159 16
516 1105 705 1171 coquis
751 1105 1061 1169 praefectus
1096 1105 1327 1171 Iosepho
1376 1123 1498 1159 nar-

413 1181 529 1238 rat,
567 1190 626 1225 se
660 1176 715 1224 in
750 1175 959 1225 somnio
996 1175 1104 1224 tria
1136 1177 1379 1227 canistra
1412 1195 1500 1230 su-

411 1261 509 1312 per
535 1248 709 1325 caput
745 1259 903 1294 suum
938 1245 1120 1322 posita
1150 1245 1376 1298 vidisse.

482 1306 752 1375 οὐρέουσι
789 1344 859 1353 -
893 1305 1222 1380 κατήμενοι]
1263 1308 1499 1380 κατήμε-

415 1400 506 1434 νοι
564 1382 868 1446 Schweigh.
925 1383 1133 1433 reddit:
1197 1388 1495 1438 residentes.

413 1457 458 1506 Ι
462 1453 709 1512 archero,
758 1453 850 1516 qui
888 1453 1014 1503 olim
1057 1459 1300 1505 verterat
1346 1459 1498 1514 assis,

411 1527 607 1589 postea
648 1521 857 1586 placuit
894 1525 1162 1585 aceroupis
1222 1524 1281 1588 (i.
1339 1540 1386 1574 e.
1441 1541 1499 1575 se

414 1595 760 1656 deprimentes,
797 1592 1148 1658 demittentes).
1223 1595 1374 1644 Idem
1406 1596 1500 1646 ad-

414 1663 524 1725 dit,
571 1660 716 1725 apud
757 1659 954 1723 Indos,
1001 1662 1094 1726 qui
1134 1662 1203 1712 ad
1249 1663 1499 1714 Hudsoni

413 1733 591 1782 sinum
626 1729 904 1792 habitent,
939 1698 1081 1780 idem
1109 1732 1179 1782 ab
1201 1733 1379 1798 Anglo
1410 1750 1499 1798 pe-

412 1802 750 1882 regrinstore
787 1799 1136 1850 observatum
1175 1802 1359 1853 fuisse.

479 1860 725 1935 εὖμαρέῃ
774 1860 1070 1936 χρέωνται]
1117 1863 1392 1935 χρέωνται
1437 1871 1500 1920 Ιί-

408 1941 523 1991 bris
590 1938 1057 1990 consentientibus
1128 1941 1353 2001 retinui3
1418 1956 1500 1991 re-

411 2014 581 2061 centt.
644 2007 768 2058 edd.
817 1999 1097 2071 χρέονται.
1179 2011 1285 2060 Pro
1329 2000 1498 2074 εὐμα-

414 2079 537 2145 ρίῃ,
575 2076 721 2143 quod
758 2092 788 2126 e
810 2076 1048 2128 Stobaeo
1083 2078 1181 2141 43,
1221 2081 1289 2130 74
1323 2080 1502 2129 tenuit

411 2146 832 2212 Wesselingius,
895 2147 1133 2212 itemque
1181 2148 1399 2199 Bekker
1444 2155 1500 2198 et

410 2216 670 2277 Dindorf‚
726 2214 1007 2265 meliorum
1055 2215 1314 2267 librorum
1374 2231 1498 2267 con-

412 2302 575 2338 sensu
600 2284 898 2348 repositum
924 2290 1007 2333 est
1031 2276 1094 2332 εἰ
1098 2279 1295 2348 μαρέῃ.
1336 2285 1496 2336 Conf.

409 2358 505 2418 IV,
529 2354 628 2406 113
646 2353 777 2417 ibiq.
799 2352 1126 2403 Valckenar.
1155 2359 1210 2404 et
1231 2356 1401 2404 Koen.
1429 2354 1498 2404 ad

411 2427 638 2488 Gregor.
687 2420 933 2472 Corinth.
993 2422 1060 2470 de
1108 2421 1327 2474 dialect.
1374 2424 1493 2474 Ion.

409 2495 460 2557 §-
495 2493 613 2545 119.
671 2490 905 2541 Bredov.
938 2506 991 2555 p.
1020 2491 1123 2542 186
1157 2492 1234 2542 nil
1261 2493 1368 2542 nisi
1405 2484 1495 2542 εὖ-

407 2560 611 2628 μαρείῃ
644 2575 829 2610 verum
866 2575 984 2610 esse
1021 2560 1189 2623 dicit,
1228 2577 1386 2627 quem
1413 2577 1494 2612 se-

408 2638 568 2683 cutus
603 2635 690 2679 est
723 2628 969 2679 Dietsch.
1043 2630 1263 2681 Iudicat
1312 2637 1493 2681 autem

406 2690 686 2764 εΐμαρέη,
740 2699 885 2762 quod
931 2698 1211 2749 honestius
1255 2701 1334 2750 rei
1382 2707 1494 2750 tur-

406 2773 492 2836 pis
515 2774 602 2821 est
621 2768 972 2830 vocabulum,
1009 2770 1143 2818 alvei
1169 2772 1495 2820 exoneratio-

407 2856 516 2891 nem
567 2842 818 2902 recteque
877 2838 1165 2902 exponitur
1219 2853 1254 2888 a
1298 2839 1494 2892 Suida:

404 2899 721 2963 ἀπόπατος.
797 2906 937 2957 Add.
971 2907 1228 2959 Eustath.
1278 2908 1346 2957 ad
1384 2909 1496 2958 Ho-

408 2993 539 3029 mer.
568 2967 750 3035 1122&
786 2992 840 3041 p.
867 2975 988 3038 970,
1024 2976 1090 3026 13
1124 2991 1169 3027 s.
1198 2993 1249 3041 p.
1273 2977 1378 3028 980
1407 2977 1493 3031 ed.

406 3049 564 3100 Rom.
606 3045 686 3096 Ac
708 3045 945 3096 Graecos
974 3044 1188 3110 quidem
1211 3047 1282 3097 ad
1315 3048 1496 3096 istius-

407 3116 554 3168 modi
594 3115 950 3165 necessitates
1009 3115 1306 3180 explendas
1352 3116 1496 3166 aedi-

406 3188 508 3236 bus
546 3185 688 3235 exire
724 3183 917 3235 solitos
967 3199 1088 3234 esse
1122 3184 1365 3235 ostendit
1396 3186 1497 3235 Ca-

407 3255 683 3306 saubonus
732 3253 803 3303 ad
839 3252 1201 3318 Theophrast.
1241 3254 1494 3307 Charact.

410 3326 475 3376 14
533 3322 660 3375 coll.
718 3322 1066 3387 Aristophan.
1121 3322 1336 3374 Eccles.
1392 3323 1495 3377 316

406 3409 467 3443 se

469 3409 665 3543 ῗρᾶται
709 3451 853 3523 γυνὴ
910 3453 1014 3523 μὲν
1058 3449 1301 3523 οὐδεμία
1347 3476 1398 3508 κ.
1446 3475 1492 3509 τ.

405 3531 453 3579 λ.
459 3532 479 3597 ]
517 3521 762 3592 οὐδεμία
788 3533 845 3579 et
870 3528 974 3579 hoc
1010 3528 1131 3579 loco
1168 3533 1225 3578 et
1247 3529 1495 3594 sequenti

406 3600 602 3664 scripsi
635 3613 757 3649 cum
793 3599 970 3649 Gaisf.
1006 3612 1104 3661 pro
1135 3587 1397 3661 οὖδεμίη.
1422 3625 1491 3635 —

405 3670 642 3719 Verbum
665 3667 899 3717 medium
916 3661 1157 3728 ἷρᾶσθαι
1181 3667 1286 3716 de
1271 3666 1340 3714 iis
1366 3667 1491 3727 dici,

406 3742 493 3803 qui
510 3737 801 3788 sacerdotio
821 3738 1117 3801 funguntur,
1157 3735 1359 3799 optime
1383 3750 1495 3784 mo-

404 3807 528 3857 nuit
561 3805 850 3858 Ruhnken.
882 3805 952 3855 ad
981 3805 1192 3854 Timaei
1213 3805 1348 3854 Lex.
1373 3803 1495 3854 Pla-

405 3880 521 3926 ton.
571 3875 861 3939 pag.147.
944 3872 1367 3923 Add.Pausan.
1414 3872 1492 3933 11,

407 3945 473 3995 32
509 3944 665 4004 ἰιιίι.,
718 3943 814 3992 ubi
848 3942 1007 4006 plura
1053 3941 1274 4006 collegit
1310 3942 1496 3993 Siebe—

403 4013 561 4063 lisius
593 4013 662 4062 de
696 4011 886 4061 formis
912 4005 1182 4072 ἱερᾶσθαι
1217 4015 1273 4061 et
1308 4003 1497 4074 ιεροῦ-

407 4079 577 4142 σθαι,
618 4085 675 4130 et
709 4080 854 4129 conf.
894 4078 1122 4130 eundem
1159 4080 1231 4129 ad
1253 4081 1493 4130 Pausan.

405 4150 546 4211 vn,
585 4151 672 4200 22.
710 4147 761 4209 §-
797 4149 851 4199 5.
934 4147 1019 4197 Ad
1051 4149 1231 4213 ipsum
1266 4148 1373 4198 loci
1412 4163 1496 4197 ar-

406 4223 721 4284 gumentum
760 4217 906 4282 quod
940 4218 1168 4280 attinet,
1206 4216 1336 4266 mihi
1361 4217 1497 4268 haec

406 4302 650 4352 quoque,
687 4291 749 4336 ιιι
784 4285 994 4350 reliqua
1028 4287 1173 4348 fere,
1208 4286 1495 4350 scripsisse

405 4357 607 4408 Noster
642 4355 878 4418 videtur,
914 4355 988 4404 ad
1010 4356 1249 4407 Graecos
1287 4370 1494 4405 eorum-

1602 1124 1707 1175 que
1735 1123 1939 1159 morem
1972 1108 2134 1173 plane
2168 1109 2501 1159 contrarium
2523 1110 2692 1175 respi-

1602 1179 1780 1242 ciens,
1831 1177 1977 1244 apud
2012 1192 2147 1243 quos
2192 1178 2502 1229 sacerdotio
2537 1179 2690 1244 fungi

1602 1249 1748 1298 viros
1789 1263 1963 1313 aeque
2009 1262 2075 1298 ac
2121 1248 2372 1298 mulieres
2427 1247 2508 1297 sie
2552 1248 2690 1297 satis

1603 1322 1845 1376 constat;
1884 1317 1998 1367 vid.
2025 1318 2185 1368 modo
2214 1317 2274 1367 C.
2297 1318 2359 1367 F.
2384 1318 2688 1367 Hermann:

1604 1387 2021 1438 Gottesdienstl.
2060 1385 2293 1437 Alterth.
2329 1385 2377 1447 ξ.
2418 1386 2504 1436 34.
2559 1387 2691 1436 Gra-

1603 1457 1726 1506 vius
1763 1455 1897 1506 illud
1944 1471 2066 1506 esse
2110 1456 2354 1518 videtur,
2401 1454 2545 1520 quod
2583 1455 2692 1505 He-

1602 1525 1796 1576 rodoto
1812 1562 1826 1588 ‚
1863 1526 1956 1590 qui
1977 1524 2228 1576 mulieres
2254 1525 2567 1575 sacerdotes
2588 1525 2692 1575 Ae-

1603 1596 1910 1660 gyptiorum
1948 1595 2120 1645 fuisse
2154 1598 2350 1659 negat,
2391 1598 2446 1643 et
2472 1591 2569 1643 alii
2599 1595 2690 1643 ob-

1600 1665 1896 1730 loquuntur
1920 1668 2133 1714 veteres
2149 1701 2162 1725 ,
2201 1664 2297 1727 qui
2320 1663 2571 1712 mulieres
2604 1678 2690 1712 sa-

1603 1735 1849 1785 cerdotes
1888 1734 2092 1783 diserte
2138 1737 2585 1792 commemorant,
2635 1736 2689 1781 et

1602 1804 1721 1867 ipsa
1742 1805 2045 1853 Rosettana
2066 1802 2350 1865 inscriptio
2375 1806 2542 1865 atque
2561 1816 2690 1850 ana-

1602 1871 1832 1938 glypha,
1890 1886 2031 1937 quae
2083 1870 2313 1921 feminas
2377 1869 2689 1920 sacerdotes
2786 1907 2797 1920 .

1603 1942 1691 1991 hic
1763 1939 1875 1990 illic
1942 1943 2350 2006 repraesentare
2416 1937 2687 1990 videntur.

1603 2009 1895 2075 Equidem,
1941 2015 2004 2060 ιιι
2051 2008 2162 2059 alis
2195 2008 2408 2058 mittam
2456 2023 2492 2057 a
2526 2006 2689 2057 Creu-

1605 2096 1730 2129 zero
1766 2078 2030 2144 (Symbol.
2081 2078 2156 2128 11.
2194 2092 2251 2142 p.
2302 2077 2370 2128 10
2407 2076 2493 2127 ed.
2531 2074 2688 2141 tert.)

1602 2148 1833 2213 aliisque
1878 2149 2010 2197 viris
2056 2146 2234 2197 doctis
2279 2145 2420 2196 hanc
2466 2146 2524 2195 in
2572 2161 2689 2196 rem

1601 2218 1899 2282 disputata,
1920 2218 2159 2267 animum
2175 2217 2267 2266 vix
2287 2215 2544 2266 inducere
2565 2230 2690 2281 pos·

1601 2301 1747 2348 sum,
1802 2290 1864 2336 ut
1897 2286 2040 2336 falsa
2074 2286 2412 2336 Herodotum
2452 2286 2689 2335 conscri-

1600 2356 1776 2420 psisse
1798 2360 1981 2421 putem
1998 2394 2010 2418 ‚
2052 2357 2145 2421 qui
2170 2357 2292 2420 ipsa
2318 2363 2487 2404 'sacra
2505 2369 2689 2405 sacer-

1601 2426 1895 2490 dotumque
1946 2424 2204 2490 collegia,
2267 2423 2337 2473 ad
2382 2439 2523 2488 quae
2568 2423 2687 2474 nul-

1598 2495 1686 2544 lae
1722 2495 1914 2559 utique
1962 2494 2212 2544 mulieres
2249 2493 2684 2554 admitterentur,

1598 2563 1936 2614 intellexisse
1990 2567 2045 2614 et
2101 2563 2282 2626 prisca
2340 2561 2687 2612 Pharaonum

1598 2638 1841 2696 tempora
1878 2635 1934 2681 et
1990 2647 2129 2696 quae
2196 2631 2442 2696 proxima
2495 2634 2686 2680 secuta

1596 2708 1741 2763 sunt,
1775 2700 2078 2765 respexisse
2103 2699 2237 2749 mihi
2256 2698 2491 2750 videtur.
2547 2699 2687 2749 Nam

1598 2775 1817 2836 postera
1847 2774 2031 2820 aetate
2052 2768 2487 2819 Ptolemaeorum
2518 2769 2687 2832 potis-

1598 2841 1790 2890 simum
1828 2839 2158 2903 temporibus
2200 2838 2256 2887 in
2289 2837 2377 2886 his
2424 2842 2688 2888 novatum

1600 2910 1771 2959 fuisse
1807 2908 1929 2974 quis
1975 2909 2177 2972 neget?
2242 2906 2402 2957 Conf.
2437 2906 2598 2958 modo
2635 2908 2682 2958 1.

1598 2980 1794 3029 Franz.
1834 2978 1890 3027 in
1930 2975 2684 3041 Corp.1nscriptt.Graeec.

1599 3049 1665 3099 T.
1705 3047 1816 3097 111.
1868 3063 1923 3112 p.
1961 3047 2083 3098 306.
2154 3046 2234 3095 Ac
2270 3045 2355 3096 vel
2391 3046 2514 3110 ipsa
2545 3046 2686 3097 Pha-

1599 3132 1823 3168 raonum
1873 3120 2054 3166 aetate
2092 3130 2279 3165 sacras
2320 3115 2582 3180 quasdam
2626 3115 2685 3164 in

1599 3186 1814 3251 templis
1867 3186 2038 3236 fuisse
2092 3185 2346 3236 mulieres
2402 3175 2686 3246 (ἱεροδού-

1596 3254 1730 3312 λους
1759 3253 1924 3320 vulgo
1970 3253 2223 3318 vocant),
2275 3252 2425 3303 haud
2467 3253 2685 3318 quidem

1596 3324 1851 3374 abhorret
1887 3339 1921 3373 a
1953 3339 2107 3383 vero,
2146 3337 2270 3372 cum
2311 3321 2435 3371 aliis
2468 3335 2684 3386 quoque

1593 3394 1733 3444 locis
1758 3393 1902 3443 idem
1927 3391 2230 3442 obtinuisse
2252 3390 2554 3440 videamus.
2593 3389 2681 3439 cf.

1592 3467 1734 3512 nott.
1774 3462 1843 3511 ad
1886 3462 1935 3522 Ι,
1960 3463 2057 3512 154
2095 3465 2151 3510 et
2185 3459 2303 3508 vid.
2324 3459 2469 3508 infra
2490 3457 2567 3520 ΙΙ,
2594 3460 2682 3509 54.

1593 3530 1679 3581 Ad
1705 3529 2013 3579 huiusmodi
2049 3534 2230 3579 autem
2259 3527 2508 3577 mulieres
2535 3527 2684 3592 equi-

1597 3599 1718 3648 dem
1757 3613 1822 3647 ea
1867 3598 2169 3658 retulerim,
2218 3610 2572 3661 quaecunque
2626 3596 2686 3644 in

1596 3666 1918 3732 anaglyphis
1941 3666 2045 3716 huc
2077 3666 2388 3730 spectantia
2410 3664 2684 3728 reperiun-

1596 3743 1703 3786 tur.
1794 3736 1947 3786 conf
2005 3750 2144 3801 quae
2210 3733 2322 3783 dixi
2385 3734 2442 3782 in
2498 3731 2683 3784 Anall.

1594 3803 2157 3868 Heidelbergg.1823
2193 3819 2275 3852 nr.
2313 3803 2380 3854 33
2419 3817 2544 3867 pag.
2579 3802 2684 3852 520

1598 3890 1715 3940 seq.
1754 3879 1808 3924 et
1854 3874 1982 3924 add.
2022 3872 2284 3923 Toelken.
2335 3872 2394 3921 in
2428 3871 2683 3922 Minutoli

1598 3945 1762 3994 Reise
1797 3959 1845 3993 s.
1883 3941 2107 4006 Tempel
2145 3941 2240 3992 des
2271 3942 2525 4006 Juppiter
2559 3941 2684 3992 Am-
2726 3964 2731 3970 ·

1600 4027 1725 4062 mon
1772 4026 1901 4076 pag.
1950 4012 2069 4063 150.
2142 4010 2478 4060 Wilkinsont
2531 4011 2684 4060 Man-

1598 4097 1721 4131 ners
1760 4085 1864 4130 etc.
1891 4080 1939 4130 1.
1972 4096 2026 4145 p.
2049 4079 2172 4130 261.
2197 4081 2273 4131 11.
2298 4095 2354 4144 p.
2382 4078 2478 4130 321
2508 4093 2682 4144 seqq„

1598 4152 1693 4215 qui
1728 4150 1847 4214 ipse
1883 4150 2179 4209 existimat,
2214 4149 2483 4198 Herodoti
2514 4148 2684 4198 verba

1598 4220 1668 4268 ad
1704 4219 1903 4269 altiora
1924 4216 2291 4269 -saeerdotum
2336 4215 2520 4268 officia
2570 4229 2685 4266 mu-

1596 4301 1795 4346 neram
1841 4291 2116 4352 spectare,
2180 4301 2318 4352 quae
2370 4285 2682 4335 mulieribus

1597 4356 1743 4406 baud
1776 4357 2041 4421 permissa
2060 4353 2266 4406 fuerint
2295 4352 2436 4404 alias
2468 4354 2684 4418 quidem
