3109 5092
483 277 607 340 840
1249 273 1796 337 EXOURSUS
1856 275 1956 336 ΠΙ

497 458 632 505 sunt
673 451 758 504 his
805 449 1028 517 similia,
1073 449 1166 502 alii
1205 448 1516 520 respiciunt
1533 445 1612 516 ¹⁸¹).
1679 448 1903 511 Quibus
1934 447 2044 501 alia
2078 447 2211 501 haec
2248 448 2380 501 bina
2422 466 2572 502 nunc
2608 451 2781 503 addit

498 539 817 605 creusam,
871 552 1014 606 quae
1065 553 1166 605 pro
1204 534 1489 587 Herodoto
1535 550 1789 604 pugnare
1840 533 2232 604 quodammodo
2276 550 2396 586 cum
2449 535 2777 601 videantur,

496 622 711 675 minime
752 620 842 674 ille
884 619 1174 688 praeteriri
1208 619 1347 672 vult.
1421 620 1528 672 Est
1556 618 1897 688 Theopompi
1936 619 2093 671 locus
2137 636 2203 671 ex
2239 617 2332 671 lib.
2359 619 2483 672 xxl
2518 619 2774 689 Philipp.

497 707 644 776 apud
677 705 1012 758 Athenaeum
1047 704 1171 756 XII.
1200 723 1256 773 p.
1282 708 1386 763 526
1413 710 1542 755 tom.
1570 704 1664 754 lv.
1698 722 1751 773 p.
1779 706 1882 762 457
1908 703 2216 770 Schweigh.
2237 742 2253 767 ‚
2294 704 2389 757 ubi
2434 704 2565 756 haec
2604 706 2775 758 inve-

499 792 707 844 nimus=
748 785 814 843 τὸ
841 790 955 843 τῶν
975 782 1288 860 Ὀμβρικῶν
1315 785 1517 856 ἔθνος,
1546 784 1659 841 ἔστι
1689 785 1748 841 δὲ
1777 785 1903 856 περὶ
1930 782 2032 841 τὸν
2051 780 2271 855 Ἀδρίαν
2287 831 2302 857 ,
2333 783 2588 851 ἐπιεικῶς
2614 785 2777 843 εἶναι

490 869 866 947 ἁβροδίαιτον,
896 874 1288 943 παραπλησίως
1314 892 1372 928 τε
1403 867 1771 945 βιοτεύειν
1800 878 1947 935 τοῖς
1978 874 2257 936 Λυδοῖς.
2314 874 2427 926 Iam
2451 892 2582 926 vero
2604 892 2777 927 nemo

496 961 705 1027 nescit,
743 976 903 1030 quam
933 959 1042 1011 late
1089 958 1334 1029 patuerit
1361 975 1552 1011 nomen
1578 951 1888 1029 Ὀμβρικῶν
1918 958 2258 1028 Theopompi
2288 966 2467 1011 aetate
2486 1000 2500 1026 ‚
2544 965 2605 1011 ut
2635 978 2776 1028 pro-

496 1045 625 1098 inde
649 1046 861 1100 Etrusci
889 1045 974 1097 his
1006 1043 1386 1114 comprehendi
1417 1043 1674 1095 debeant.
1735 1042 1979 1095 Alterum
2008 1042 2141 1094 illud
2173 1048 2288 1111 est,
2323 1043 2471 1112 quod
2493 1043 2779 1111 Sibyllina

492 1130 860 1182 Romanorum
898 1128 1120 1182 oracula
1158 1128 1422 1180 iubebant
1453 1128 1669 1180 Idaeam
1700 1134 1921 1180 matrem
1949 1127 2085 1192 coli,
2134 1135 2195 1179 ut
2223 1136 2417 1180 auctor
2447 1134 2534 1179 est
2564 1128 2775 1181 Livius

492 1213 736 1281 XXXIX,
764 1222 849 1273 10.
897 1215 1079 1283 Atque
1111 1213 1270 1266 etiam
1303 1213 1477 1264 Varro
1517 1216 1635 1283 (ap.
1672 1212 1925 1265 Servium
1959 1213 2013 1264 iu
2040 1211 2196 1280 Virg.
2230 1213 2367 1264 Aen.
2404 1211 2500 1277 VI,
2531 1214 2629 1279 36)
2674 1213 2773 1265 S‘r-

496 1298 691 1366 byllam
733 1297 902 1365 illam,
950 1314 1092 1367 quae
1127 1296 1435 1367 Tarquinio
1484 1296 1707 1349 oracula
1742 1297 2047 1362 obtulerat,
2094 1315 2194 1366 pro
2241 1298 2538 1365 Erythraea
2579 1298 2769 1350 habet.

492 1383 652 1445 Quae
688 1399 778 1434 res
809 1382 1118 1434 Niebuhr-io
1159 1398 1380 1451 quoque
1409 1381 1464 1433 in
1497 1381 1650 1434 Rom.
1681 1381 1810 1434 hist.
1844 1382 1868 1432 Ι
1902 1400 1956 1450 p.
1988 1386 2094 1440 530
2133 1382 2218 1433 ed.
2262 1381 2493 1433 secund.
2525 1382 2775 1435 Ionicam

492 1466 705 1519 illorum
752 1466 1093 1519 oraculorum
1139 1466 1402 1533 originem
1441 1482 1679 1533 arguere
1719 1466 1957 1519 videtur.
2046 1467 2171 1517 Nos
2213 1465 2539 1518 dixerimus:
2601 1467 2773 1521 etiam

493 1552 735 1621 Lydiam,
793 1550 1233 1622 quandoquidem
1279 1551 1464 1605 Mater
1507 1553 1673 1604 Idaea
1713 1552 1779 1603 ad
1830 1551 2114 1619 Lydorum
2158 1549 2457 1617 religiones
2501 1551 2769 1619 pertinet.

492 1638 604 1689 Iam
645 1654 766 1689 cum
802 1653 955 1688 nemo
999 1635 1243 1702 nesciat,
1286 1651 1443 1704 quam
1487 1634 1593 1687 vim
1633 1634 1998 1687 Etruscorum
2038 1634 2259 1687 oracula
2299 1635 2354 1687 in
2396 1634 2770 1691 Romanorum

493 1740 584 1775 res
613 1721 921 1791 antiquitus
953 1728 1009 1772 et
1037 1720 1106 1772 ad
1139 1719 1357 1772 Claudii
1393 1735 1571 1788 usque
1611 1719 1957 1787 imperatoris
1993 1726 2236 1790 tempora
2265 1712 2586 1788 habuerint,
2631 1738 2769 1789 pro-—

492 1804 691 1861 babilis
721 1805 1041 1858 coniectura
1072 1810 1190 1871 est,
1251 1803 1391 1856 illam
1435 1803 1764 1856 mentionem
1800 1806 1991 1872 Lydiae
2020 1807 2168 1859 Deae
2196 1804 2263 1855 ad
2299 1805 2573 1856 Etruscos
2604 1805 2769 1874 prius

492 1908 652 1963 quam
691 1891 758 1943 ad
786 1888 1062 1943 Romanos
1095 1888 1441 1959 pervenisse.
1509 1888 1662 1940 Haec
1695 1891 2003 1943 Crcuzerus.
2070 1890 2260 1957 Itaque
2290 1889 2589 1957 probamus
2612 1890 2767 1941 Lan-

492 1977 634 2029 zium
679 1975 896 2028 cautius
932 1975 999 2028 de
1041 1974 1125 2026 his
1176 1974 1537 2025 disserentem
1582 1990 1683 2025 nec
1713 1973 1969 2040 Dionysii
2010 1973 2385 2026 auctoritatem
2430 1981 2633 2026 temere
2675 1992 2767 2026 se-

492 2066 747 2130 quentem
781 2059 838 2111 in
875 2060 1046 2127 Sagg.
1091 2059 1144 2110 di
1177 2058 1314 2125 ling.
1348 2057 1576 2110 Etrusc.
1609 2058 1654 2108 1.
1694 2077 1746 2128 p.
1784 2063 1868 2116 14.
1914 2064 2032 2119 147.
2080 2057 2153 2108 11.
2190 2074 2246 2125 p.
2270 2062 2360 2116 82.
2385 2063 2456 2118 83
2478 2077 2634 2128 seqq.
2672 2059 2764 2111 ed.

499 2162 644 2212 sec.,
693 2144 788 2196 ubi
816 2144 985 2195 multa
1021 2143 1161 2195 idem
1190 2141 1376 2194 attulit
1413 2141 1663 2210 singula,
1708 2159 1850 2211 qnae
1879 2143 1947 2195 ad
1980 2144 2342 2195 Etruscarum
2378 2160 2561 2195 rerum
2592 2144 2765 2211 origi-

492 2246 612 2281 nem
655 2228 886 2296 Lydiam
928 2226 1016 2279 vel
1064 2232 1212 2280 certe
1247 2225 1538 2278 Asiaticam
1582 2226 1807 2279 faciant.
1874 2227 2144 2296 Equidem
2181 2227 2316 2296 quid
2353 2233 2617 2294 statuam,
2664 2246 2767 2280 an-

491 2317 712 2382 tequam
742 2313 800 2363 in
834 2311 1065 2364 medium
1093 2312 1394 2380 proferam,
1435 2310 1725 2363 dicendum
1753 2316 1840 2362 est
1869 2310 1936 2363 de
1967 2312 2032 2363 C.
2068 2311 2139 2363 Ο.
2171 2310 2428 2364 Muelleri
2461 2314 2762 2377 sententia,

489 2396 545 2449 in
591 2395 747 2449 librr.
799 2396 867 2449 de
913 2396 1173 2448 Etruscis
1216 2393 1492 2448 volumine
1537 2395 1711 2464 priori
1762 2414 1817 2465 p.
1854 2398 1921 2454 72
1962 2414 2119 2466 seqq.
2167 2400 2237 2453 82
2270 2415 2432 2467 seqq.
2488 2403 2559 2457 88
2598 2415 2761 2467 seqq.

489 2481 745 2550 pluribus
793 2480 1044 2553 exposita
1073 2475 1198 2547 **).
1273 2480 1522 2550 Namque
1577 2480 1803 2532 colonos
1849 2498 1915 2532 ex
1962 2480 2096 2532 Asia
2143 2481 2338 2533 minori
2381 2482 2439 2533 in
2482 2482 2765 2536 Etruriam

490 2565 713 2620 venisse
751 2567 894 2619 haud
924 2565 1016 2619 ille
1049 2570 1246 2634 negat3
1287 2583 1389 2618 nec
1419 2582 1549 2617 vero
1581 2564 1772 2633 Lydos
1795 2564 1973 2618 fuisse
2005 2566 2335 2631 arbitratur,
2372 2566 2471 2618 sed
2490 2566 2762 2634 Pelasgos

492 2651 776 2721 palantes,
839 2651 936 2722 qui
981 2651 1144 2704 iidem
1182 2650 1457 2717 Lesbum,
1514 2649 1750 2702 Imbrum
1794 2647 2043 2721 aliasque
2082 2649 2289 2718 Aegaei
2335 2650 2502 2703 maris
2544 2650 2763 2704 insulas

488 2736 612 2789 olim
645 2736 932 2790 tenuerint
960 2741 1016 2788 et
1048 2736 1103 2787 in
1130 2734 1296 2788 Asiae
1329 2734 1553 2788 minoris
1595 2752 1691 2787 ora
1713 2733 1891 2802 Lydia
1936 2752 2159 2805 quoque
2196 2735 2550 2788 consederint
2582 2736 2762 2805 (unde

489 2822 801 2889 Tyrrhenis
834 2820 969 2873 adeo
1000 2820 1111 2873 inis
1143 2819 1502 2888 cognomen),
1553 2819 1638 2871 his
1669 2819 1810 2889 ipsis
1855 2838 1885 2871 e
1910 2820 2079 2871 terris
2117 2819 2251 2871 mari
2284 2821 2514 2873 traiecto
2547 2820 2615 2872 ad
2648 2820 2759 2871 Ita-

492 2905 597 2958 liae
638 2923 766 2959 oras
795 2906 1135 2975 Tiberisque
1177 2905 1349 2957 ferme
1389 2904 1532 2956 ostia
1573 2904 1797 2956 venisse
1836 2904 2022 2974 ibique
2060 2905 2377 2972 Tarquinios
2417 2905 2760 2974 potissimum

490 2989 837 3055 condidisse,
882 3005 1041 3058 quam
1080 2988 1191 3058 ipsi
1219 2988 1395 3040 Tusci
1429 2990 1617 3039 urbem
1656 2981 2075 3066 inter-:reliquas
2106 2989 2413 3057 primariam
2446 2989 2756 3057 habuerint,

487 3072 721 3125 omnium
753 3090 931 3125 rerum
968 3078 1024 3124 et
1055 3072 1360 3125 divinarum
1386 3078 1440 3124 et
1461 3073 1812 3125 humanarum
1847 3073 1994 3142 apud
2014 3073 2233 3125 Tuscos
2266 3075 2427 3143 quasi
2455 3080 2756 3143 parentem.

486 3158 684 3226 Neque
713 3156 875 3209 etiam
903 3157 1058 3209 urbis
1083 3159 1250 3211 Caere
1279 3158 1546 3209 rationem
1575 3157 1765 3209 haberi
1796 3165 1983 3225 negat.
2047 3158 2208 3220 Quae
2245 3158 2522 3212 sententia
2545 3176 2664 3211 cum
2689 3161 2758 3212 ab

485 3241 753 3295 Herodoti
792 3245 1009 3313 (quem,
1044 3243 1318 3295 Graecum
1347 3241 1639 3310 hominem,
1687 3244 1930 3295 Graecas
1959 3243 2322 3297 Etruscorum
2358 3244 2604 3311 origines
2646 3261 2757 3297 non

623 3506 678 3573 ²¹¹)
719 3508 881 3571 ,‚Vid.
922 3508 1040 3560 The
1075 3508 1334 3560 classical
1358 3508 1545 3572 journ.
1589 3508 1738 3561 1810.
1776 3510 1851 3560 11.
1890 3511 2061 3575 p.535
2087 3510 2280 3575 seqq.“
2320 3511 2405 3563 Gr.
2481 3511 2569 3560 Tu
2606 3510 2753 3561 conf.

488 3594 629 3643 quae
667 3578 734 3629 de
770 3578 931 3645 Atyis
965 3579 1183 3631 nomine
1220 3580 1452 3630 diximus
1488 3580 1560 3630 ad
1595 3580 1859 3630 Herodot.
1898 3579 1945 3642 1,
1980 3583 2030 3632 7.
2101 3581 2247 3631 Hinc
2284 3580 2503 3631 minime
2541 3581 2753 3641 mirum,

486 3648 644 3699 Gallo
683 3649 846 3703 docto
884 3648 1085 3713 (Raoul
1120 3648 1413 3699 Rochette:
1463 3648 1699 3699 Histoir.
1739 3650 1805 3700 de
1840 3641 2128 3701 l’dtabliss.
2169 3651 2220 3700 d.
2261 3649 2436 3699 colon.
2471 3649 2664 3714 Grecq.
2708 3652 2752 3699 1.

394 3741 400 3746 ·
486 3734 539 3783 p.
578 3716 682 3769 358
713 3717 893 3783 seqq.)
931 3719 1304 3770 Herodoteam
1341 3720 1715 3770 narrationem
1747 3725 1809 3769 ut
1842 3720 2017 3784 magis
2053 3735 2241 3771 veram
2279 3720 2518 3783 probari.
2581 3720 2753 3781 Adde,

487 3804 628 3908 ‹11181512‘112
663 3791 879 3908 post'.6e2a5
894 3788 1038 3839 idem
1073 3788 1160 3840 vir
1194 3788 1385 3840 doctus
1422 3789 1650 3855 scripsit
1686 3790 1744 3839 in
1765 3788 1999 3840 Journal
2033 3789 2086 3839 d.
2115 3789 2246 3841 Sav.
2280 3788 2416 3841 1843
2442 3790 2615 3854 p.424
2637 3806 2754 3855 seq.

630 3892 643 3905 .
683 3873 736 3921 p.
885 3893 898 3907 .

624 3936 710 4002 **)
749 3940 999 3992 Muelleri
1036 3943 1346 3993 sententiae
1383 3939 1712 4004 subscripsit
1746 3941 1964 4006 Kampf.
2002 3942 2280 3993 Umbriec.
2314 3940 2474 4006 Spec.
2507 3943 2552 3992 1.
2595 3942 2755 4006 pail,

484 4008 819 4073 eandemque
856 4011 1066 4074 recepit
1101 4012 1345 4076 adeoque
1382 4009 1743 4074 amplificavit
1765 4011 2035 4062 Uschold:
2073 4011 2269 4063 Gesch.
2306 4011 2358 4060 d.
2399 4011 2526 4075 troj.
2556 4011 2755 4075 Kriegs

485 4094 539 4142 p.
575 4077 676 4128 207
713 4094 898 4141 seqq.,
948 4080 1292 4145 impugnavit
1327 4078 1665 4143 Schwegler:
1719 4081 2046 4131 Roemische
2083 4080 2279 4132 Gesch.
2318 4081 2364 4132 1.
2406 4098 2457 4145 p.
2497 4080 2601 4130 202
2635 4097 2752 4145 seq.

485 4148 552 4198 In
587 4146 699 4196 alia
735 4147 875 4196 abiit
898 4148 1220 4200 Grotefend:
1260 4150 1455 4199 Gesch.
1495 4165 1549 4198 u.
1580 4149 1887 4215 Geograph.
1931 4167 1984 4202 v.
2007 4150 2222 4200 Altital.
2253 4151 2297 4201 1.
2338 4167 2390 4214 p.
2409 4150 2473 4201 34
2502 4154 2559 4200 et
2595 4165 2755 4214 prae-

484 4217 644 4282 cipue
680 4217 773 4267 IV.
814 4232 866 4280 p.
906 4216 969 4266 18
1004 4234 1154 4284 seqq.
1207 4219 1412 4268 nullam
1449 4234 1671 4283 prorsus
1707 4220 2087 4284 cognationem
2135 4222 2279 4271 inter
2326 4220 2537 4285 Lydiae
2582 4226 2754 4283 atque

485 4288 743 4338 Etruriae
764 4287 1079 4351 Tyrrhenos
1110 4287 1283 4339 fuisse
1317 4293 1471 4338 ratus
1513 4303 1832 4355 omnemque
1857 4290 2061 4339 famam
2097 4306 2167 4341 ex
2189 4288 2513 4341 confusione
2550 4290 2754 4341 utrius-

485 4373 587 4424 que
623 4357 804 4422 gentis
843 4362 1020 4408 ortam
1058 4373 1194 4409 esse.
1261 4360 1375 4411 Nec
1412 4357 1575 4411 aliter
1607 4357 1721 4412 fere
1758 4360 2024 4425 Hupfeld.
2045 4397 2058 4423 ‚
2091 4359 2159 4412 de
2197 4375 2303 4426 quo
2333 4375 2459 4410 mox
2492 4359 2754 4411 dicemus.
