3109 5092
1107 332 1611 393 EUTERPE.
1658 333 1742 393 Π.
1788 342 1875 398 67.

2512 336 2633 396 577

351 511 524 575 ἔνθα
555 500 931 574 θάπτονται
965 508 1478 594 ταριχευθέντες
1511 510 1588 576 ἐν
1607 506 1943 595 Βουβάστι
1974 510 2150 578 πόλι.
2240 507 2357 589 τὰς
2394 509 2471 579 δὲ
2507 510 2630 579 κύ-

352 704 569 771 quando
617 702 901 756 caniculae
950 702 1144 756 stellae
1193 706 1251 755 in
1295 704 1447 756 coelo

351 776 568 840 signum
611 775 924 838 intraverit,
970 773 1171 824 dicitur
1216 776 1445 838 Anubis,

351 860 650 909 canemque
693 844 859 894 habet
916 849 1321 908 consecratam,
1383 852 1446 894 ut

352 915 450 964 bos
490 919 546 963 et
581 913 779 964 bucula
811 912 1016 964 Osiridi
1065 919 1121 963 et
1155 913 1291 963 Isidi
1326 918 1445 964 tan-

354 998 513 1049 quam
570 984 674 1033 soli
724 983 995 1048 lunaeque
1050 983 1439 1047 adiunguntur.

352 1053 563 1103 Eadem
599 1054 743 1103 ratio
762 1053 944 1118 gregis
965 1052 1294 1118 reliquorum
1329 1053 1442 1102 ani-

353 1121 574 1171 malium
625 1123 683 1171 in
728 1122 860 1172 solis
903 1122 1085 1172 orbita
1144 1123 1446 1172 consisten-

352 1192 515 1252 tium3
566 1206 790 1257 quorum
838 1190 1114 1242 domicilia
1152 1190 1328 1241 sicubi
1364 1192 1444 1241 in·

351 1260 623 1327 greditur,
662 1264 942 1311 mutuatur
978 1260 1048 1310 ab
1083 1261 1221 1325 ipsis
1251 1275 1444 1311 eorun-

354 1331 474 1381 dem
508 1329 719 1380 vultum
743 1336 799 1380 et
834 1330 1088 1395 speciem.
1150 1330 1296 1380 Hinc
1318 1329 1443 1380 deo-

353 1415 468 1454 rum
504 1404 917 1465 personaturum
967 1398 1163 1449 chorus
1209 1414 1305 1463 per
1350 1414 1443 1449 an·

303 1479 318 1490 ·
349 1481 516 1519 nuum
541 1468 801 1519 circulum
823 1468 1155 1534 ingrediens.
1181 1469 1327 1518 Hinc
1351 1468 1443 1518 be-

354 1541 493 1588 stiae
542 1538 765 1589 deorum
811 1538 1081 1603 imagines
1141 1542 1197 1588 et
1244 1537 1443 1599 nuntii,

355 1623 649 1673 praecones
684 1608 841 1669 anni,
890 1607 1098 1658 indices
1147 1611 1442 1671 tempesta-

353 1685 488 1728 tum.
563 1678 708 1727 Hinc
734 1676 966 1742 diiipsi,
1010 1676 1324 1727 animalium
1349 1676 1444 1725 ho·

353 1762 470 1797 rum
505 1747 754 1811 partibus
781 1747 980 1809 ornati,
1018 1747 1092 1796 ad
1127 1745 1314 1795 oculos
1350 1745 1445 1794 ho·

356 1816 559 1865 minum
613 1815 852 1866 traducti
913 1821 967 1865 et
1019 1814 1441 1879 repraesentati3

359 1884 502 1951 quod
534 1885 800 1935 neminem
824 1884 1142 1947 mirabitur,
1180 1884 1273 1949 qui
1307 1883 1444 1932 haec

357 1960 484 2004 ante
519 1955 702 2004 omnia
738 1954 1007 2014 tenuerit,
1060 1956 1295 2004 animalia
1332 1967 1446 2002 esse

354 2027 501 2089 siqua
524 2026 631 2073 sive
651 2024 872 2090 symbola
902 2024 1121 2082 deomm,
1160 2037 1446 2073 summam-

357 2107 462 2157 que
495 2092 552 2141 in
593 2092 679 2142 his
724 2092 1092 2143 astronomiae
1138 2090 1442 2142 habendam

357 2176 477 2212 esse
536 2162 820 2216 rationem.
922 2159 1071 2225 (Vid.
1142 2157 1442 2225 Seyffarth:

357 2231 615 2295 Beitriige
650 2246 701 2281 z.
735 2231 1037 2281 Kenntniss
1063 2229 1116 2280 d.
1156 2230 1294 2280 Litt.
1336 2233 1442 2278 etc.

359 2300 411 2350 d.
439 2299 538 2351 alt.
567 2300 801 2370 Aegypt.
828 2299 904 2350 11.
929 2315 986 2364 p.
1013 2297 1083 2350 86
1108 2298 1249 2364 seq.)
1303 2298 1442 2347 Nam

359 2369 675 2422 coelestium
719 2368 1016 2420 bestiarum
1064 2383 1159 2418 seu
1211 2367 1447 2418 siderea·

359 2455 474 2490 rum
537 2429 681 2503 (cum
724 2438 801 2492 dii
845 2437 1088 2500 lunares,
1143 2436 1346 2487 solares
1381 2450 1446 2484 ac

359 2508 667 2574 planetares
722 2508 834 2562 sint
900 2507 1117 2556 siderea
1171 2503 1445 2569 armenta)

359 2579 625 2643 imagines
670 2582 798 2628 sunt
844 2576 1056 2626 bestiae
1106 2580 1356 2625 sacratae
1389 2574 1446 2623 in

361 2650 550 2709 terriS,
600 2662 741 2712 quae
787 2661 890 2695 sua
926 2660 1173 2711 quaeque
1207 2660 1301 2709 per
1329 2644 1447 2694 uni-

359 2731 574 2770 versam
597 2718 906 2781 Aegyptum
941 2716 998 2764 in
1017 2713 1242 2764 urbibus
1276 2713 1448 2763 sacris

364 2779 582 2836 stabula
619 2790 675 2835 et
708 2784 961 2850 sepulcra
985 2783 1209 2833 habent.
1283 2782 1447 2843 Hinc,

364 2854 474 2905 alia
523 2859 585 2903 ut
631 2856 904 2917 omittam,
952 2867 1069 2901 mos
1112 2850 1448 2916 sepeliendo-

277 2919 282 2924 ’
361 2941 479 2974 rum
514 2923 789 2973 hominum
828 2921 885 2972 in
918 2920 1234 2971 conditoriis
1270 2935 1450 2970 sacra-

362 3009 480 3043 rum
516 2991 832 3043 bestiarum.
904 2991 1152 3055 Namque
1189 2993 1306 3040 erat
1326 3004 1450 3039 con·

365 3067 701 3124 sentaneum,
724 3061 859 3111 haec
881 3059 1140 3112 animalia
1163 3063 1289 3124 post
1308 3072 1451 3107 mor-

366 3137 474 3182 tem
524 3131 746 3182 condita
794 3129 1077 3193 sacrisque
1131 3127 1449 3179 conditoriis

364 3202 608 3266 reposita
625 3217 691 3250 ac
719 3199 934 3264 sepulta
961 3213 1102 3248 esse.
1136 3199 1276 3248 Sunt
1301 3211 1449 3258 vere,

368 3272 417 3320 si
447 3269 718 3320 Herodoti
749 3267 899 3319 locos
936 3281 1047 3316 una
1065 3267 1352 3332 iungamus
1373 3265 1450 3328 11,

366 3339 575 3392 05—09
612 3337 740 3389 incl.
776 3339 863 3388 71.
903 3338 990 3387 72.
1033 3336 1120 3398 74,
1160 3335 1286 3395 ibes,
1322 3336 1451 3385 acci·

364 3412 554 3471 pitres,
590 3409 749 3471 seles,
772 3421 942 3470 canes,
972 3404 1326 3468 ichneumones,
1351 3419 1454 3453 ma·

368 3494 471 3541 res,
510 3478 708 3540 aranei,
744 3479 871 3530 ursi.
897 3477 1019 3537 lupi,
1051 3474 1310 3532 crocodili,
1344 3473 1456 3535 leip-

366 3548 646 3610 popotamt',
684 3548 872 3604 lutrae,
914 3543 1148 3606 lepidoti,
1183 3543 1454 3606 anquillae,

367 3620 697 3679 vulpaneeres
756 3613 1023 3678 (phoentiv)
1080 3628 1147 3661 ac
1195 3618 1458 3674 serpentes

263 3743 280 3754 ·
370 3685 620 3751 quidam,
654 3699 750 3748 per
796 3682 1042 3748 singulos
1093 3680 1331 3745 Aegypti
1365 3695 1461 3729 no-

373 3770 488 3804 mos
527 3752 731 3818 singuli
756 3750 1066 3803 consecrati
1102 3764 1170 3799 ac
1205 3750 1309 3799 rite
1335 3764 1460 3799 con·

373 3823 493 3875 diti.
564 3822 698 3873 Cum
735 3821 932 3888 quibus
972 3820 1114 3870 enim
1158 3819 1338 3868 victus
1380 3818 1461 3866 vi-

374 3898 570 3958 taeque
588 3893 731 3942 ratio
759 3895 877 3942 erat
900 3888 1199 3940 communis
1221 3887 1318 3952 (11,
1349 3887 1460 3952 36),

373 3962 520 4014 baud
553 3961 666 4016 alia
701 3974 914 4027 quoque
943 3963 1068 4025 post
1102 3957 1272 4007 vitam
1297 3957 1459 4018 ratio,

376 4036 439 4080 ut
474 4030 660 4080 eodem
696 4029 882 4091 modo,
921 4044 1027 4094 quo
1063 4027 1169 4092 ipsi
1196 4025 1460 4088 homineS,

380 4099 738 4149 conderentur
772 4114 892 4150 cum
916 4098 1096 4162 iisque
1126 4096 1290 4147 etiam
1320 4111 1463 4144 com-

379 4169 528 4218 muni
581 4167 855 4224 domicilio
910 4166 1068 4231 quasi
1123 4170 1249 4230 post
1291 4164 1462 4214 vitam

378 4238 750 4303 iungerentur.
823 4235 981 4287 Cons.
1024 4235 1208 4300 Zoega
1239 4232 1307 4283 de
1339 4232 1463 4283 obe-

377 4305 532 4358 liscc.
577 4321 707 4372 pag.
753 4304 857 4356 283
904 4319 1055 4370 seqq.
1127 4303 1209 4353 Ac
1253 4316 1464 4366 repere-

379 4379 507 4426 runt
538 4375 642 4424 viri
678 4373 828 4424 docti
856 4374 1045 4438 utique
1079 4386 1333 4437 magnam
1369 4369 1462 4421 hu-

461 4475 794 4519 nssnono‘r.
841 4475 888 4517 1.

1547 708 1846 759 iuscemodi
1868 710 2185 760 mumiarum
2201 711 2413 775 copiam
2436 725 2532 774 per
2543 728 2636 762 va-

1548 778 1661 828 rias
1704 780 1941 844 Aegypti
1984 785 2198 844 partes,
2245 781 2532 845 praecipue
2578 782 2635 830 in

1545 848 1917 913 Memphiticis
1953 849 2296 915 regionibus,
2344 850 2437 900 ubi
2472 850 2637 914 pluri-

1547 932 1668 966 mae
1703 918 1887 967 avium
1922 933 2200 969 sacrarum
2229 924 2357 968 sunt
2383 920 2635 982 mumiae,

1548 993 1603 1036 et
1651 987 1706 1036 in
1759 987 2050 1038 Thebaicis
2098 988 2303 1052 cryptis
2358 988 2636 1039 Gallorum

1546 1071 1712 1120 opera
1736 1057 2148 1107 accuratissime
2169 1056 2478 1122 descriptis.
2508 1058 2634 1108 vid.

1544 1126 1782 1189 Rouyer.
1821 1127 1878 1175 in
1913 1126 2188 1190 Descript.
2215 1127 2282 1177 de
2320 1127 2467 1192 l'Eg.
2507 1127 2632 1177 livr.

1543 1195 1616 1246 X.
1650 1210 1777 1260 pag.
1827 1195 1930 1245 219
1975 1210 2091 1258 seq.
2142 1200 2198 1245 et
2233 1195 2473 1247 Iomard.
2512 1196 2550 1247 l.
2594 1195 2634 1247 l.

1542 1264 1656 1314 vol.
1697 1265 1745 1314 1.
1794 1263 1917 1314 livr.
1958 1265 2018 1315 11
2059 1279 2153 1314 sur
2201 1263 2282 1317 les
2329 1265 2532 1331 hypog.
2568 1265 2636 1315 de

1544 1331 1718 1383 Theb.
1758 1338 1896 1384 sect.
1934 1334 2004 1384 X.
2042 1337 2095 1397 g.
2131 1332 2183 1383 8.
2231 1350 2284 1399 p.
2337 1333 2439 1385 347
2479 1349 2667 1400 seqq..

1542 1402 1775 1468 (recueil
1811 1402 1878 1453 de
1906 1418 2065 1454 mem.
2094 1419 2149 1468 p.
2176 1402 2277 1456 313
2303 1404 2479 1469 seqq.)
2506 1403 2631 1454 coll.

1544 1472 1783 1536 Sylvest.
1831 1472 1898 1522 de
1949 1472 2095 1537 Sacy
2147 1471 2217 1522 ad
2253 1472 2529 1523 Abdallat.
2578 1488 2635 1537 p.

1548 1543 1670 1592 202.
1708 1541 1832 1591 277.
1903 1542 2043 1591 Nam
2062 1542 2406 1605 reperiuntur
2431 1548 2486 1592 et
2505 1556 2638 1606 qua·

1548 1610 1818 1675 drupedes
1852 1617 1907 1660 et
1940 1624 2072 1660 aves
2111 1615 2166 1661 et
2195 1610 2414 1675 reptilia
2448 1611 2638 1661 mumi-

1549 1695 1702 1729 arum
1740 1679 2096 1730 humanarum
2144 1680 2201 1728 in
2243 1680 2461 1738 modum
2507 1694 2633 1730 con-

1548 1748 1690 1808 dita3
1739 1763 1881 1812 quae
1925 1748 2212 1798 conditura
2255 1763 2364 1798 non
2408 1748 2637 1798 inferior

1547 1823 1634 1868 est
1668 1817 1942 1867 hominum
1990 1815 2275 1867 conditura
2324 1832 2426 1867 nec
2467 1817 2635 1866 medi-

1547 1886 1840 1949 camentis,
1895 1886 2261 1946 aromatibus,
2312 1901 2413 1936 nec
2468 1900 2636 1951 opera

1547 1955 1820 2017 adhibita,
1855 1970 2032 2019 neque
2058 1970 2188 2005 vero
2213 1954 2633 2018 involucrorum,

1548 2025 1842 2075 fasciarum
1896 2028 2003 2074 etc.
2057 2024 2417 2087 praestantia.
2489 2024 2636 2086 Quin

1545 2093 1688 2144 adeo
1741 2094 1953 2146 obtinet
1998 2094 2142 2143 inter
2189 2093 2487 2143 bestiarum
2523 2108 2639 2143 mu·

1545 2164 1685 2213 mias
1733 2162 1921 2212 eadem
1966 2167 2129 2226 atque
2182 2162 2327 2211 inter
2368 2161 2635 2213 humanas

1546 2232 1777 2282 mumias
1804 2231 2129 2294 differentia,
2164 2234 2226 2281 ut
2248 2247 2300 2281 v.
2326 2247 2375 2281 c.
2401 2233 2635 2282 maximo

1546 2306 1729 2351 sumtu
1780 2304 2205 2366 ornamentoque
2258 2299 2484 2351 condita
2527 2301 2639 2350 sint

1547 2371 1820 2421 cadavera
1868 2370 2036 2419 ibium
2086 2376 2252 2434 atque
2295 2369 2635 2434 accipitrum.

1545 2441 1869 2505 Magnorum
1886 2455 2015 2489 vero
2041 2438 2352 2489 animalium
2377 2443 2507 2489 sunt
2527 2454 2639 2489 non

1545 2510 1764 2572 integra
1792 2508 2063 2558 cadavera
2098 2507 2348 2570 condita,
2387 2507 2482 2557 sed
2516 2523 2640 2572 par-

1547 2583 1632 2628 tes
1670 2577 2045 2627 tantummodo
2068 2576 2305 2641 aliquot,
2343 2591 2470 2626 ossa
2484 2591 2639 2640 prae·

1549 2648 1725 2710 cipue,
1753 2646 2008 2710 imposito
2034 2646 2216 2708 capite
2240 2644 2472 2694 factitio.
2511 2644 2638 2695 Suf-

1547 2716 1737 2765 ficiant
1772 2714 1937 2776 baec,
1986 2730 2017 2764 e
2051 2714 2305 2763 Creuzeri
2358 2712 2639 2763 Commen-

1548 2788 1680 2835 tatt.
1719 2784 2018 2852 Herodoti..⁶
2050 2783 2104 2834 1.
2156 2797 2283 2846 pag.
2334 2782 2433 2832 147
2481 2796 2635 2846 seqq.

1555 2852 1655 2905 163
1689 2869 1804 2917 seq.
1844 2853 2191 2916 deprompta,
2228 2851 2301 2901 ad
2337 2852 2639 2901 accuratio·

1551 2939 1665 2974 rem
1712 2922 1836 2972 miri
1880 2923 2070 2987 utique
2116 2920 2281 2971 moris
2329 2919 2638 2986 intelligen-

1550 2993 1707 3043 tiam.
1776 2991 1903 3042 Alia
1940 2991 2053 3041 suis
2089 3004 2333 3055 quaeque
2374 2988 2509 3039 locis
2547 2989 2641 3041 ad-

1552 3061 1882 3112 notabimus.
1953 3060 2168 3111 Monuit
2201 3059 2345 3109 idem
2368 3059 2436 3109 V.
2463 3060 2534 3109 D.
2573 3057 2642 3109 de
2684 3071 2689 3076 ·

1551 3132 1638 3182 his
1673 3145 1887 3196 quoque
1922 3129 1980 3179 in
2015 3128 2257 3194 Symbol.
2299 3129 2346 3178 Ι.
2383 3143 2510 3193 pag.
2537 3126 2642 3179 200

1554 3216 1670 3264 seq.
1721 3206 1775 3250 et
1830 3205 1997 3249 antea
2054 3199 2198 3248 binis
2256 3196 2641 3261 scriptionibus

1551 3269 1603 3319 h.
1628 3285 1658 3319 c
1718 3273 2091 3334 argumentum
2152 3271 2470 3331 persecutus
2525 3269 2644 3315 erat

1554 3337 1874 3404 Langguth:
1930 3339 1994 3388 de
2048 3336 2225 3387 bestiis
2282 3335 2644 3398 Aegyptiorum

1553 3407 1721 3457 studio
1747 3408 1998 3457 conversis
2025 3408 2075 3456 in
2101 3406 2328 3464 mwnias,
2362 3402 2643 3464 Viteberg.

1525 3517 1531 3523 .
1562 3475 1722 3538 1808,
1773 3480 1856 3524 et:
1903 3477 1967 3525 de
2000 3475 2186 3524 muntiis
2295 3474 2381 3520 'mn
2416 3472 2467 3519 in
2502 3469 2644 3534 laby-

1555 3544 1719 3597 rinmo
1756 3544 1898 3607 apud
1932 3542 2180 3592 Sacarum
2310 3542 2450 3601 eru-5,
2494 3538 2645 3587 Vite-

1555 3614 1709 3677 berg.
1751 3612 1904 3663 1803.
1978 3610 2187 3674 Quibus
2236 3608 2362 3659 add.
2401 3607 2448 3656 1.
2483 3605 2644 3656 Reiu-

1556 3681 1767 3733 hardt.:
1805 3682 1871 3730 dc
1907 3684 2119 3744 quinque
2152 3693 2335 3729 munna.
2373 3676 2645 3726 bestiarum

1559 3753 1796 3815 Aegypte.
1825 3749 2078 3799 Havniae
2099 3748 2252 3809 1824,
2280 3751 2333 3795 et
2364 3742 2644 3794 Minutoli:

1559 3819 1874 3884 Nachtriige
1910 3833 1975 3866 zu
2009 3832 2054 3867 s.
2074 3816 2255 3866 Reise.
2282 3830 2335 3879 p.
2363 3814 2466 3863 225
2490 3827 2643 3877 seqq.

1629 3882 2207 3952 ταριχευθέντες]
2255 3882 2643 3934 Adscribamns

1558 3956 1789 4008 Diodori
1833 3955 2010 4006 locum
2054 3954 2100 4012 Ι,
2137 3953 2206 4005 83
2242 3952 2309 4002 de
2331 3951 2436 4030 'his
2472 3950 2644 4000 sacris

1560 4025 1835 4077 bestiolis:
1874 4014 2014 4074 ὅταν
2050 4019 2107 4072 δ’
2142 4013 2418 4087 ἄποθανῃ
2435 4031 2647 4099 unow-

1564 4088 1695 4145 δόνι
1730 4083 2230 4154 κατακαλύψαντες
2274 4084 2370 4139 καὶ
2405 4102 2503 4151 μετ
2564 4080 2645 4136 οἰ-

1563 4161 1756 4229 μωγῆς
1799 4154 1868 4211 τὰ
1917 4154 2105 4226 στήθη
2157 4149 2647 4221 καταπληξάμενοι

1566 4224 1843 4298 φέρουσιν
1880 4227 1963 4288 εἰς
2007 4224 2105 4287 τὰς
2151 4224 2450 4292 ταριχείας·
2499 4219 2647 4274 ἔπει-

1564 4316 1634 4351 τα
1685 4296 2170 4364 θεραπευθέντων
2213 4292 2403 4345 αὐτῶν
2448 4290 2647 4358 κεδρίᾳ

1564 4363 1661 4420 καὶ
1693 4370 1814 4427 τοῖς
1848 4362 2190 4434 δυναμένοις
2224 4356 2474 4412 εὐωδίαν
2504 4374 2648 4423 παρ-

2205 4443 2287 4506 37
