3109 5092
516 367 640 431 838
1307 367 1848 429 EXCURSL'S
1902 367 2003 427 III

1237 788 1881 865 EXCURSUS
1960 789 2080 862 111

993 923 1166 989 AD
1253 921 1962 988 HERODOT.
2052 922 2118 1005 1,
2207 925 2312 984 94.

692 1202 962 1254 Herodoti
1005 1202 1179 1255 locum
1223 1203 1290 1255 de
1332 1205 1506 1273 Lydis
1553 1204 1610 1257 in
1656 1203 1934 1257 Etruriam
1982 1201 2249 1271 profectis
2288 1201 2510 1269 retulit,
2568 1200 2825 1253 laudato

523 1294 778 1353 auctore,
827 1286 1136 1354 Dionysius
1176 1287 1725 1353 Halicarnassensis‚
1778 1288 2002 1358 Antiqq.
2039 1286 2243 1338 Romm.
2282 1286 2338 1351 Ι,
2371 1292 2473 1353 27,
2524 1286 2663 1338 illud
2705 1286 2821 1337 ad-

522 1373 662 1424 dens
691 1378 839 1440 (cap.
869 1374 941 1428 28
968 1369 1155 1439 init.),
1199 1373 1396 1425 multos
1437 1391 1662 1444 quoque
1692 1373 1828 1425 alios
1860 1372 2161 1441 scriptores
2204 1371 2343 1423 hanc
2371 1371 2439 1423 de
2466 1371 2821 1438 Tyrrheno-

521 1473 640 1509 rum
687 1454 901 1522 origine
932 1456 1261 1509 sententiam
1299 1476 1423 1510 esse
1455 1468 1681 1510 secutos
1730 1475 1939 1527 eosque
1970 1457 2351 1524 discrepantes
2396 1456 2450 1507 in
2494 1456 2819 1508 indicando

522 1538 768 1592 coloniae
794 1539 934 1591 duce
963 1555 1027 1590 ac
1059 1546 1318 1610 tempore.
1383 1543 1521 1594 Nam
1549 1543 1689 1595 alios
1725 1542 1919 1595 scribit
1948 1542 2297 1610 Tyrrhenum
2326 1540 2586 1593 Herculis
2620 1541 2819 1593 filium

522 1625 760 1691 dixisse,
807 1641 874 1676 ex
900 1622 1162 1694 Omphale
1195 1626 1371 1695 Lydia
1410 1636 1741 1697 prognatum
1766 1626 1853 1695 *),
1902 1627 1996 1697 qui
2030 1626 2085 1678 in
2119 1624 2326 1677 Italiam
2370 1626 2655 1694 profectus
2692 1626 2817 1678 Pe·—

519 1709 707 1778 lasgos
739 1709 810 1762 iis
840 1728 907 1761 ex
938 1710 1200 1775 urbibus,
1245 1727 1385 1781 quas
1416 1729 1587 1782 supra
1621 1712 1865 1765 Tiberim
1893 1710 2324 1781 septentrionem
2368 1727 2570 1769 versus
2596 1718 2814 1762 tenue-

524 1795 666 1861 rint,
696 1794 954 1861 eiecerit3
986 1795 1123 1847 alios
1153 1795 1386 1865 Telephi
1415 1796 1586 1849 filium
1611 1815 1842 1849 vocasse
1868 1796 2251 1864 Tyrrhenum,
2283 1794 2378 1865 qui
2410 1800 2538 1864 post
2567 1795 2817 1847 Troiam

522 1886 733 1949 captam
777 1880 834 1931 in
877 1879 1088 1931 ltaliam
1126 1880 1429 1934 advenerit.
1501 1881 1727 1945 Quibus
1771 1881 1909 1933 idem
1941 1879 2247 1947 Dionysius
2292 1878 2522 1947 gravius
2564 1880 2815 1949 opponit

523 1964 726 2018 Xanthi
765 1964 1164 2032 testimonium,
1213 1965 1308 2035 qui
1353 1967 1621 2037 scriptor,
1681 1966 1875 2034 Lydus
1921 1982 2127 2033 genere
2177 1963 2417 2032 indeque
2456 1964 2689 2016 maxima
2742 1974 2815 2017 ut

524 2049 746 2102 videtur
775 2049 882 2101 fide
913 2048 1151 2117 dignus,
1191 2049 1324 2102 nibil
1354 2068 1591 2120 prorsus
1623 2051 1921 2121 quidquam
1951 2051 2019 2102 de
2051 2051 2149 2100 hac
2176 2049 2458 2115 Lydorum
2487 2047 2711 2101 colonia
2746 2050 2813 2102 in

523 2134 804 2188 Etruriam
855 2134 1091 2186 deducta
1142 2133 1419 2202 retulerit,
1481 2136 1583 2188 sed
1625 2135 1788 2202 Atyis
1840 2135 2012 2199 filios,
2069 2133 2284 2201 Lydum
2329 2140 2384 2185 et
2428 2134 2808 2199 Torrhebum‚

524 2218 702 2288 patrio
746 2235 917 2286 regno
963 2218 1145 2271 diviso
1190 2224 1480 2289 utrumque
1529 2220 1587 2271 in
1634 2219 1765 2270 Asia
1806 2219 2137 2272 remansisse
2178 2219 2541 2270 enarraverit.
2626 2218 2813 2271 Addit

524 2319 678 2355 suam
707 2301 887 2370 ipsius
917 2302 1242 2355 sententiam
1267 2303 1576 2371 Dionysius
1608 2307 1758 2373 (cap.
1786 2309 1857 2364 29
1879 2304 2058 2373 seq.),
2105 2318 2215 2371 qua
2243 2302 2603 2372 Tyrrhenos,
2650 2320 2810 2372 quos

525 2404 558 2437 a
585 2384 838 2453 Pelasgis
883 2385 1137 2439 diversos
1174 2406 1300 2439 esse
1345 2387 1494 2454 vult,
1540 2388 1822 2456 Lydorum
1865 2389 2088 2439 colonos
2130 2386 2310 2439 fuisse
2340 2394 2630 2456 pernegat.
2709 2380 2809 2442 013

522 2465 622 2540 μὲν
663 2464 765 2541 δὴ,
815 2470 871 2523 in
917 2469 1167 2523 clausula
1207 2473 1402 2526 scribit
1445 2490 1565 2541 cap.
1599 2472 1849 2538 30init.,
1898 2465 2028 2527 οὐδὲ
2060 2471 2264 2525 Λυδῶν
2298 2465 2433 2532 τοὺς
2468 2465 2809 2542 Τυρᾆνούς

521 2548 794 2618 ἀποίκους
837 2551 993 2626 οἶμαι
1033 2552 1311 2625 γενέσθαι.
1383 2558 1542 2621 Quae
1592 2556 1732 2610 enim
1779 2557 2002 2626 singula
2048 2557 2184 2608 banc
2225 2556 2279 2608 in
2328 2573 2441 2608 rem
2483 2555 2667 2607 attulit
2710 2575 2803 2609 ar-

523 2648 782 2715 gumenta
819 2641 886 2694 de
916 2641 1138 2694 diversa
1167 2642 1384 2710 lingua,
1420 2642 1661 2695 diversis
1689 2642 1994 2710 institutis,
2044 2642 2319 2707 moribus,
2367 2641 2592 2693 deornm
2621 2641 2804 2705 cultu,

524 2728 648 2780 aliis
693 2732 899 2794 sumta,
943 2725 1196 2794 longiora
1234 2733 1394 2795 sunt,
1436 2744 1599 2798 quam
1637 2744 1780 2798 quae
1822 2727 1928 2779 huc
1969 2732 2341 2797 apponantur.
2418 2725 2530 2777 Sed
2569 2725 2639 2777 ad
2680 2726 2801 2778 He-

524 2812 704 2866 rodoti
746 2812 1152 2879 auctoritatem,
1216 2813 1405 2880 Lydos
1449 2813 1587 2865 duce
1627 2812 1920 2879 Tyrrheno
1964 2812 2020 2865 in
2068 2810 2349 2864 Etruriam
2387 2810 2613 2863 venisse
2657 2811 2803 2862 scri-

524 2897 736 2962 bentis,
779 2897 993 2950 accedit
1021 2896 1300 2963 Timacus,
1344 2897 1504 2950 cuius
1533 2899 1897 2965 fragmentum
1928 2896 2175 2949 servavit
2200 2893 2533 2948 Tertullian.
2567 2895 2637 2948 de
2668 2913 2801 2965 spe-

526 2987 693 3033 ctaco.
736 2999 855 3049 cap.
906 2987 940 3038 5
979 2976 1105 3049 **);
1170 2981 1381 3033 accedit
1421 2981 1714 3034 Strabonis
1756 2981 2152 3047 testimonium,
2210 2980 2308 3051 qui
2351 2979 2482 3031 baec
2525 2985 2587 3032 ut
2626 2979 2801 3048 vulgo

527 3070 747 3133 recepta
791 3056 897 3133 (οἷς
927 3066 1092 3132 φασι)
1128 3064 1316 3133 prodit
1357 3065 1424 3132 V,
1455 3070 1488 3121 2
1519 3083 1576 3134 p.
1607 3070 1713 3124 219
1760 3083 1807 3116 s.
1843 3070 1967 3131 335,
2022 3065 2068 3116 C
2111 3070 2168 3117 et
2207 3082 2263 3134 p.
2294 3069 2394 3122 221
2440 3082 2487 3116 s.
2526 3067 2632 3124 339
2673 3063 2798 3116 coll.

527 3148 807 3203 scholiast.
832 3147 972 3200 Plat.
1009 3150 1183 3218 p.·207
1208 3147 1536 3201 ed.Ruhnk.
1612 3150 1731 3201 Nec
1764 3148 1924 3202 aliter
1950 3150 2068 3201 fere
2099 3148 2430 3201 Plutarchus
2461 3148 2516 3199 in
2556 3148 2796 3211 Quaest.

527 3235 729 3287 Romm.
765 3251 821 3303 p.
852 3234 953 3293 277
987 3232 1053 3299 D,
1084 3232 1139 3284 in
1175 3230 1389 3285 Romuli
1425 3233 1523 3285 vit.
1560 3250 1679 3304 cap.
1709 3237 1743 3290 2
1780 3234 1856 3285 in.
1887 3238 1955 3291 25
1985 3234 2115 3301 fin.;
2167 3240 2333 3303 atque
2373 3251 2404 3285 e
2431 3230 2802 3286 Romanorum

525 3317 891 3389 scriptoribus
923 3315 1114 3369 Vellei.
1147 3317 1424 3370 Patercul.
1469 3317 1514 3383 Ι,
1560 3326 1611 3377 1.
1659 3322 1710 3383 S.
1751 3323 1803 3376 4.
1864 3317 2131 3370 Horatius
2161 3318 2278 3369 Sat.
2310 3317 2356 3384 1,
2398 3321 2450 3382 6,
2484 3323 2535 3374 1.
2595 3317 2798 3385 Virgil.

528 3405 665 3457 Aen.
713 3404 796 3471 11,
839 3406 940 3462 781
987 3401 1221 3472 aliisque
1262 3401 1427 3469 locis,
1488 3419 1630 3472 quos
1673 3401 1928 3468 Heynius
1976 3401 2183 3454 indicat
2222 3402 2278 3453 in
2322 3401 2562 3454 Excurs.
2600 3402 2685 3454 111
2730 3402 2800 3454 ad

527 3489 650 3541 libr.
685 3488 835 3539 VIII.
875 3506 930 3556 p.
959 3491 1097 3553 282,
1132 3486 1304 3539 Silius
1343 3485 1569 3539 Italicus
1602 3487 1697 3554 IV,
1736 3489 1841 3546 719
1876 3486 2003 3556 (ubi
2033 3485 2245 3539 consul.
2279 3486 2594 3554 interprr.).
2642 3486 2799 3551 VIII,

525 3579 648 3633 484.
709 3572 933 3641 Quippe
963 3576 1160 3641 poetae
1188 3571 1376 3625 Latini
1421 3572 1565 3624 haud
1597 3590 1723 3625 raro
1755 3572 1941 3640 Lydius
1976 3588 2069 3622 res
2118 3569 2397 3641 appellant
2432 3571 2801 3640 Tyrrhe-nicus.

526 3658 725 3722 Quid?
773 3657 921 3727 quod
949 3656 1202 3710 Sardium
1244 3656 1411 3724 legati
1458 3674 1635 3709 coram
1682 3662 1877 3709 senatu
1928 3655 2171 3708 Romano
2220 3655 2497 3708 decretum
2532 3655 2797 3708 Etruriae

528 3742 861 3809 recitavere,
908 3758 1018 3811 quo
1055 3759 1116 3793 se
1150 3741 1513 3794 Etruscorum
1542 3740 1987 3808 consanguineos
2017 3758 2143 3792 esse
2177 3740 2564 3805 ostenderent,
2613 3740 2800 3793 eadem

532 3828 650 3879 sere
680 3826 738 3879 in
768 3825 999 3879 medium
1027 3827 1398 3908 proferentes,
1429 3844 1572 3896 quae
1601 3827 1748 3897 apud
1774 3824 2113 3878 Herodotum
2144 3823 2441 3893 leguntur3
2473 3823 2587 3876 vid.
2612 3824 2795 3878 Tacit.

531 3910 714 3962 annal.
742 3909 837 3975 IV,
862 3916 930 3969 55
949 3906 1097 3978 ***).

665 4107 719 4173 *)
756 4107 918 4171 „Huc
949 4123 1167 4175 quoque
1197 4109 1441 4161 referunt
1476 4107 1694 4159 clavam
1724 4108 1781 4158 in
1803 4107 1985 4160 numis
2010 4105 2351 4173 Populoniae
2387 4106 2796 4172 antiquissimis

526 4179 898 4244 conspicuam,
938 4194 1046 4245 qna
1069 4180 1359 4232 Herculem
1396 4178 1633 4229 indicari
1666 4178 1878 4230 volunt.
1931 4177 2310 4229 Conf.Lanzi:
2347 4176 2549 4242 Saggio
2577 4176 2636 4226 di
2659 4177 2794 4244 ling.

531 4251 745 4301 Etrusc.
787 4251 828 4298 t.
868 4249 944 4299 11.
981 4265 1034 4314 p.
1077 4250 1236 4300 101.⁴‘
1307 4249 1393 4298 Or.

667 4318 755 4385 **)
806 4318 984 4381 ,‚Vid.
1025 4317 1232 4368 Theod.
1269 4316 1443 4382 Ryck.
1493 4318 1552 4366 in
1600 4317 1820 4367 dissert.
1877 4294 1945 4367 de
1989 4315 2180 4382 primis
2215 4315 2418 4367 ltaliae
2465 4314 2678 4367 colonis
2725 4315 2800 4367 ad

528 4389 665 4442 calc.
704 4392 844 4439 nott.
883 4387 1161 4438 Holstenii
1197 4388 1268 4437 ad
1306 4386 1571 4451 Stephan.
1606 4387 1739 4451 Byz.
1784 4402 1837 4450 p.
1876 4386 2041 4437 423st
2117 4384 2203 4439 Cr.

666 4457 787 4524 ***)
824 4458 1073 4510 Pertinet
1100 4456 1205 4509 huc
1242 4472 1457 4523 quoque
1493 4456 1739 4509 Senecae
1776 4454 1935 4506 illud:
1975 4455 2213 4522 „Tuscos
2236 4455 2367 4506 Asia
2391 4452 2491 4506 sibe·
2510 4453 2797 4507 vindicac.“
