3109 5092
936 397 1068 458 AD
1114 394 1621 458 HERODOT.
1664 397 1760 471 11,
1806 405 1929 460 ηε..
2370 388 2395 486 j
2440 395 2563 460 895

295 578 379 643 (p.
394 575 496 632 671
522 570 722 638 Pota),
756 569 852 640 qui
881 569 1022 622 idem
1050 568 1156 621 alio
1187 568 1308 621 loco
1338 569 1433 640 (V,
1459 576 1510 636 5,
1533 575 1623 629 31.
1659 588 1713 640 p.
1737 574 1845 630 240
1871 588 1920 622 s.
1954 573 2129 638 p.664
2153 567 2333 634 Pott.)
2363 570 2564 638 Sphin-

295 674 397 724 ges
420 655 613 709 scribit
637 656 706 707 ab
727 654 1021 725 Aegyptiis
1042 662 1171 707 ante
1195 654 1395 725 templa
1418 655 1674 708 collocari
1712 649 1828 725 „059
1849 650 2292 722 αἰνιγματώδους
2314 654 2413 707 τοῦ
2436 651 2563 721 περὶ

294 741 440 794 θεοῦ
465 735 635 810 λόγου
666 738 762 793 καὶ
790 733 1045 807 ἀσαφοῦς
1073 731 1303 801 ὄντοςίιε
1345 757 1488 809 quae
1522 741 1708 794 eadem
1731 757 1953 811 qnoque
1977 738 2138 792 habet
2166 738 2448 791 Plutarch.
2480 738 2564 790 De

296 825 432 878 Isid.
468 831 524 878 et
555 825 766 877 Osirid.
804 842 923 895 cap.
955 827 1008 882 9.
1040 842 1092 893 p.
1125 828 1260 890 354,
1305 824 1470 877 ducta
1508 824 1603 877 illa
1630 825 1847 896 quidem
1877 841 1943 877 ex
1975 841 2040 876 ea
2067 826 2406 877 Graecorum
2446 822 2562 892 opi-

301 911 497 978 nione,
532 926 642 981 qua
663 909 931 979 Sphingi,
964 907 1125 961 cuius
1153 908 1439 976 imaginem
1469 910 1754 962 femineam
1783 927 1997 978 semper
2025 916 2443 979 expresserunt,
2476 925 2564 960 re-

297 994 620 1046 conditioris
655 1000 822 1065 atque
855 1010 1086 1046 arcanae
1116 994 1398 1048 cniusdam
1426 995 1736 1064 sapientiae
1767 993 2091 1065 altiorisque
2129 995 2345 1046 omnino
2382 993 2562 1044 scien·

298 1079 408 1131 tiae
442 1079 721 1132 notionem
748 1079 1116 1147 adiungerent
1147 1095 1375 1149 eamque
1409 1079 1496 1132 vel
1526 1079 1714 1132 malam
1742 1079 1798 1132 in
1831 1086 2039 1150 partem
2069 1079 2415 1148 acciperent,
2456 1071 2564 1145 τὴν

297 1165 610 1232 κρυψίνουν
658 1161 755 1218 καὶ
793 1158 1028 1233 μερικὴν
1077 1161 1457 1233 κεκρυμμένην
1495 1167 1700 1218 aarum
1742 1170 1846 1235 (ut
1877 1163 1956 1217 ait
1994 1163 2176 1216 Schol.
2220 1163 2287 1215 ad
2328 1162 2565 1215 Hesiod.

298 1248 513 1316 Theog.
549 1249 682 1316 327)
712 1248 1121 1317 intelligentes,
1158 1264 1270 1319 qua
1303 1249 1410 1319 ipsi
1443 1249 1687 1303 homines
1716 1249 2021 1319 perdantur
2052 1256 2218 1320 atque
2249 1248 2305 1299 in
2343 1247 2566 1300 exitium

299 1333 622 1401 trahantur3
664 1333 875 1403 Sphinx
925 1351 1055 1387 vero
1096 1332 1224 1385 inde
1261 1332 1570 1387 celebratur
1608 1334 1765 1402 virgo
1796 1332 2123 1399 vaticinans,
2171 1350 2314 1403 quae
2345 1331 2567 1384 oracula

299 1426 465 1488 atque
509 1418 818 1487 aenigmata
858 1419 999 1486 edit,
1048 1412 1384 1491 ποικιλφδὸς
1430 1437 1479 1470 s.
1522 1412 1844 1491 χρησμῳδός
1874 1415 2158 1487 παρθένος
2184 1416 2272 1485 ¹'¹),
2321 1416 2565 1470 homines

303 1502 691 1557 solvendorum
720 1503 1086 1571 aenigmatum
1113 1501 1396 1572 imperitos
1427 1510 1794 1573 prosternens
1823 1509 1990 1573 atque
2019 1519 2285 1555 enecans:
2322 1502 2470 1573 quod
2497 1501 2566 1552 de

301 1588 548 1640 humanis
577 1587 811 1641 victimis
835 1587 1069 1657 Sphingi
1102 1586 1299 1639 oblatis
1340 1597 1475 1639 sunt
1503 1588 1602 1659 qui
1645 1587 1974 1654 intelligant.
2036 1587 2254 1640 Etenim
2283 1588 2352 1639 ad
2380 1585 2566 1654 primi-

299 1673 464 1725 tivam
499 1672 748 1725 Graecae
775 1671 1060 1743 Sphingis,
1104 1671 1265 1723 cuius
1299 1672 1635 1741 praecipuus
1667 1672 1858 1743 utique
1890 1672 1944 1723 in
1979 1671 2368 1724 Thebanorum
2406 1671 2565 1722 fabu-

300 1756 370 1809 lis
400 1764 488 1810 est
515 1755 688 1825 locus,
722 1757 998 1810 notionem
1030 1756 1078 1808 si
1108 1756 1501 1823 regrediamur,
1534 1757 1679 1809 haud
1709 1755 1823 1808 scio
1853 1774 1922 1809 an
1938 1755 2204 1809 Thebana
2229 1753 2563 1824 illaSphinx‚

301 1859 461 1913 quam
490 1833 604 1894 ἀπὸ
632 1843 746 1895 τῶν
773 1837 1015 1911 ἐσχάτων
1043 1842 1226 1910 μερῶν
1261 1842 1360 1910 τῆς
1387 1839 1689 1903 meoniae
1736 1839 1956 1894 venisse
1993 1841 2269 1894 cecinerat
2299 1839 2568 1892 Pisander

303 1927 386 1996 (in
412 1925 595 1978 Schol.
626 1925 694 1977 ad
717 1927 973 1996 Euripid.
1004 1925 1299 1978 Phoeniss.
1334 1929 1528 1994 1748),
1571 1926 1833 1980 monstris
1868 1924 1978 1977 illis
2021 1925 2239 1980 omnino
2270 1926 2345 1978 sit
2373 1941 2567 1977 accen-

304 2010 503 2076 aenda,
532 2009 736 2082 quibus
766 2011 1022 2065 immanes
1053 2016 1285 2062 naturae
1320 2011 1497 2077 vires,
1544 2011 1854 2064 hominibus
1884 2027 2060 2083 aeque
2093 2028 2156 2064 ac
2186 2010 2366 2064 beluis
2398 2008 2571 2061 omni·

304 2111 413 2165 que
445 2101 675 2149 naturae
696 2095 1035 2164 perniciosas
1065 2102 1233 2165 atque
1256 2094 1504 2149 humanis
1535 2096 1751 2149 viribus
1778 2095 1867 2147 vix
1899 2096 2233 2149 coercendas
2267 2094 2570 2164 exprimere

306 2179 603 2232 voluerunt
646 2186 864 2233 veteres
900 2180 1134 2246 Graeci,
1180 2180 1276 2248 qui
1322 2178 1450 2233 inde
1484 2198 1551 2233 ex
1581 2180 1754 2233 variis
1796 2186 1853 2232 et
1892 2179 2175 2233 beluarum
2216 2186 2273 2233 et
2299 2180 2570 2232 hominum

304 2263 554 2317 membris
597 2265 683 2316 vel
714 2259 1009 2316 auctis‘vel
1050 2265 1242 2317 mirum
1271 2264 1325 2316 in
1370 2265 1582 2317 modum
1618 2264 1840 2318 mutatis
1882 2263 2014 2316 talia
2053 2272 2420 2319 monstrorum
2450 2280 2570 2315 cor-

306 2365 444 2417 pora
485 2349 912 2419 componebant3
955 2347 1252 2417 Sphingem
1293 2348 1469 2416 igitur
1516 2349 1707 2402 eodem
1747 2350 2081 2419 referemus,
2129 2367 2239 2422 quo
2282 2350 2573 2402 draconem

303 2432 456 2486 illum
494 2432 842 2501 Delphicum,
899 2431 1266 2500 Chimaeram,
1307 2433 1637 2503 Echidnam,
1681 2434 2033 2503 Typhonem,
2076 2435 2210 2503 alia,
2255 2434 2440 2507 qualia
2490 2434 2571 2484 fe-

305 2517 638 2571 racissimam
669 2518 1005 2570 Graecorum
1034 2518 1312 2585 ingenium
1343 2518 1603 2587 protulit3
1634 2535 1815 2590 neque
1844 2518 2156 2573 mirabimur
2187 2518 2575 2589 Apollodorum

306 2600 439 2670 (ΙΙΙ,
471 2609 523 2668 5,
555 2607 610 2661 8.
644 2606 696 2667 S.
729 2603 823 2670 2),
873 2601 1172 2671 Sphingem
1207 2601 1303 2673 qui
1333 2602 1527 2655 scribit
1555 2621 1587 2655 a
1618 2603 1832 2655 Iunone
1874 2603 1940 2674 (i.
1973 2623 2022 2656 e.
2056 2605 2125 2655 ab
2158 2603 2316 2671 aere)
2356 2602 2573 2655 missam

309 2704 436 2738 esse
453 2682 577 2753 ¹'¹¹'¹)‚
615 2692 785 2740 ortam
812 2687 1085 2756 Typhone
1117 2692 1273 2756 patre
1303 2694 1360 2739 et
1393 2687 1642 2740 Echidna
1670 2696 1869 2754 matre,
1903 2689 2061 2741 cuius
2092 2688 2209 2741 loco
2235 2687 2575 2741 Chimaeram

307 2770 465 2838 ponit
503 2770 686 2823 Schol.
728 2773 796 2824 ad
836 2770 1068 2823 Hesiod.
1111 2771 1400 2840 Theogon.
1441 2777 1579 2840 3263
1630 2773 1779 2844 quod
1808 2789 1941 2824 vero
1983 2772 2130 2841 apud
2159 2772 2498 2841 Aegyptios,
2541 2788 2577 2822 a

307 2855 512 2925 quibus
558 2856 773 2908 omnino
804 2855 1102 2924 Sphingem
1131 2857 1198 2908 ad
1231 2857 1477 2909 Graecos
1510 2857 1840 2926 pervenisse
1871 2857 2116 2923 credam,
2169 2856 2238 2908 ad
2268 2856 2449 2909 Solem
2480 2873 2573 2908 so-

308 2938 564 3010 laresque
596 2941 729 2993 deos
767 2947 1020 3012 spectare
1033 2939 1331 3010 Sphingem
1361 2957 1533 3010 supra
1565 2941 1820 3009 diximus,
1855 2940 1913 2993 id
1945 2941 2163 3011 quidem
2192 2941 2279 2994 vel
2311 2941 2380 2994 ad
2394 2941 2572 2992 Grae-

309 3040 496 3076 corum
524 3024 821 3095 Sphingem
850 3025 1130 3095 pertinere
1146 3025 1411 3093 ‚videtum
1459 3043 1602 3096 quae
1637 3032 1693 3079 et
1717 3027 1841 3096 ipsa
1869 3025 1939 3078 ad
1967 3024 2148 3078 Solem
2188 3032 2403 3098 spectat
2432 3043 2573 3078 eam—

309 3126 416 3179 que
440 3108 587 3161 Solis
617 3109 721 3163 vim
754 3111 966 3163 nimiam
999 3126 1063 3161 ac
1093 3110 1338 3163 nocivam
1368 3109 1612 3164 declarat
1626 3107 1784 3179 ***)‚
1832 3127 1975 3183 quae
2003 3112 2217 3164 aestivo
2250 3111 2575 3182 praesertim

307 3199 552 3263 tempore
592 3204 884 3263 grassatur
913 3194 1183 3266 valdeque
1217 3194 1399 3247 calore
1431 3211 1535 3247 suo
1586 3195 1700 3248 urit
1728 3213 2045 3268 pravosque
2084 3197 2289 3250 excitat
2316 3213 2573 3264 vapores,

310 3279 515 3347 quibus
560 3281 657 3331 aet
698 3280 1067 3353 corrumpitur
1112 3295 1378 3351 omneque
1406 3280 1585 3349 pestis
1625 3297 1689 3332 ac
1729 3280 1837 3333 luis
1867 3297 2047 3348 genus
2082 3280 2381 3346 excitatur,
2428 3279 2577 3348 quod

310 3361 557 3413 homines
586 3378 761 3432 aeque
792 3370 958 3433 atque
987 3362 1238 3414 anitnalia
1265 3369 1550 3416 consumat
1582 3370 1638 3415 et
1666 3365 1825 3433 quasi
1856 3365 2112 3429 suffocet,
2143 3364 2279 3415 adeo
2312 3370 2374 3414 ut
2404 3360 2578 3414 omnis

315 3451 511 3496 natura
550 3442 831 3512 langueat.
898 3444 961 3495 Id
1017 3462 1148 3497 vero
1189 3447 1372 3515 ipsum
1414 3447 1682 3499 declarari
1724 3455 1977 3515 putamus
2016 3446 2282 3499 vocabulo
2313 3445 2578 3516 Sphingis

314 3545 421 3580 non
455 3527 730 3598 Aegyptio
758 3528 937 3601 (quod
960 3527 1176 3599 quidem
1209 3529 1339 3596 Nea,
1373 3530 1409 3581 i.
1436 3548 1486 3582 e.
1520 3531 1808 3599 dominum,
1838 3529 2013 3583 fuisse
2046 3529 2285 3600 volunt),
2322 3531 2421 3583 sed
2447 3546 2580 3582 vere

454 3820 509 3887 ¹⁸)
550 3821 676 3873 Vid.
717 3819 971 3886 Sophocl.
1011 3820 1144 3873 Oed.
1183 3823 1251 3875 R.
1294 3820 1411 3874 130.
1451 3822 1606 3874 1200.
1655 3820 1835 3873 Schol.
1886 3822 1959 3873 ad
1999 3822 2250 3888 Euripid.
2298 3821 2580 3876 Phoeniss-

318 3891 454 3945 1760
488 3897 544 3942 et
580 3891 724 3942 conf.
765 3891 929 3942 Stoll:
964 3891 1144 3943 Ueber
1181 3893 1233 3944 d.
1267 3890 1685 3958 urspriingliche
1708 3893 2037 3957 Bedeutung
2069 3892 2166 3944 des
2198 3894 2333 3945 Ares
2370 3908 2423 3959 p.
2458 3895 2544 3944 45.

455 3979 544 4047 **)
581 3983 671 4032 Ita
688 3981 959 4033 Pisander
996 3996 1209 4047 quoque
1245 3983 1555 4034 tradiderat
1591 3982 1628 4033 1.
1653 3997 1822 4047 snpra
1856 3980 1894 4030 l.
1968 3980 2260 4048 ADionyso
2288 3982 2583 4049 Sphingem

318 4051 541 4101 missam
579 4068 698 4103 esse
734 4056 1064 4103 narraverat
1093 4052 1304 4117 Lycus,
1353 4057 1495 4104 teste
1532 4051 1713 4103 Schol.
1753 4051 1825 4101 ad
1860 4049 2087 4101 Hesiod.
2136 4051 2413 4118 Theogon.
2458 4051 2581 4104 326.

320 4120 546 4171 Martem
580 4121 766 4185 potius
802 4121 996 4182 fuisse,
1038 4122 1133 4185 qui
1156 4121 1453 4187 Sphingem
1482 4121 1763 4174 Thebanis
1797 4120 2104 4182 immiserit,
2140 4136 2207 4172 ex
2246 4123 2369 4188 ipsa
2386 4124 2582 4173 Martis

320 4194 521 4240 natura
557 4189 743 4256 colligi
776 4189 896 4241 vult
932 4190 1087 4240 Stoll.
1121 4189 1158 4240 1.
1195 4190 1232 4241 1.
1275 4207 1329 4256 p.
1352 4192 1554 4256 20seq.

457 4278 581 4344 ***)
618 4283 803 4344 Quare
832 4281 1092 4332 assentiri
1116 4296 1327 4347 nequeo
1348 4281 1828 4342 ForchhammerO,
1867 4280 1963 4345 qui
1988 4279 2323 4330 Graecorum
2346 4247 2585 4346 Sphinge

315 4349 532 4413 sriqoris
575 4352 959 4415 constr-inqentis
1009 4349 1328 4403 daemonem
1376 4352 1648 4403 declarari
1692 4349 1835 4411 vult3
1907 4350 2020 4401 vid.
2068 4348 2295 4413 Allgem.
2342 4350 2586 4400 Monats-

321 4418 516 4554 3:333
554 4418 737 4540 (181542)
771 4434 826 4484 p.
850 4419 953 4471 208
973 4434 1127 4487 seqq.
1159 4420 1408 4487 inprimis
1441 4437 1494 4486 p.
1519 4420 1641 4473 219.
1687 4416 2038 4485 Topograph.
2061 4415 2270 4469 Thebb.
2305 4416 2584 4485 heptapyl.

545 4502 600 4553 p.
697 4522 711 4539 .
