3109 5092
1302 340 1558 403 CLIO.
1604 343 1653 402 Ι.
1695 350 1784 407 67.

2565 350 2683 412 147

393 511 533 594 τοὶ,
578 511 691 578 καὶ
728 516 975 603 σχοίνῳ
1019 511 1618 603 διαμετρησάμενοι
1648 513 1724 585 τὸ
1752 521 1993 587 πεδίον
2029 518 2105 589 τὸ
2141 527 2524 611 Τεγεητέων
2568 527 2678 611 ἐρ·

396 612 688 700 γάζοντο.
743 617 820 681 αἱ
857 614 932 684 δὲ
973 618 1172 686 πέδαι
1200 607 1436 702 αὗται,
1477 622 1553 687 ἐν
1578 624 1730 706 τῇσι
1773 623 2119 709 ἐδεδέατο,
2161 629 2258 692 ἔτι
2304 628 2416 695 καὶ
2459 629 2526 706 ἐς
2566 626 2680 715 ἐμὲ

394 707 568 805 ἦσαν
593 721 762 785 σῶαι
792 718 868 787 ἐν
904 721 1111 808 Τεγέῃ
1129 770 1148 806 ,
1186 722 1342 808 περὶ
1368 718 1488 790 τὸν
1513 720 1683 809 νηὸν
1721 728 1839 812 τῆς
1872 723 2099 814 Ἀλέης
2127 724 2492 817 Ἀθηναίης
2518 756 2674 817 κρε-

394 819 706 908 μα’μεναι.

548 920 738 993 Κατὰ
774 922 901 1010 μὲν
930 921 1014 1013 δὴ
1056 921 1177 993 τὸν
1204 923 1534 1015 πρότερον
1573 925 1871 1017 πόλεμον
1908 934 2242 1018 συνεχέως
2281 934 2415 1001 αἰεὶ
2455 935 2678 1012 κακῶς
2692 939 2773 1000 67

398 1121 529 1171 Mox
578 1111 908 1186 ἐργάζεσθαι
966 1123 1215 1191 intelligo
1267 1126 1489 1191 potissi·

398 1205 544 1240 mum
580 1189 646 1240 de
674 1206 837 1256 opere
854 1194 1093 1257 rustico,
1133 1195 1279 1260 quod
1309 1196 1486 1261 captis

398 1261 716 1326 Spartanis,
784 1267 847 1311 ut
906 1264 1106 1327 servis,
1174 1265 1486 1331 impositum

399 1335 536 1381 erat.
596 1329 803 1381 Eodem
839 1347 1005 1384 sensu
1038 1328 1240 1399 ἔργον,
1288 1334 1355 1384 de
1379 1351 1484 1401 quo

398 1415 565 1465 supra
603 1400 675 1449 ad
696 1400 742 1465 1,
767 1401 853 1452 36.
900 1402 1056 1453 Conf.
1099 1404 1265 1454 etiam
1295 1404 1372 1466 11,
1406 1408 1486 1454 14.

396 1470 543 1519 Hinc
564 1469 828 1521 Libanius
852 1472 1155 1538 Prosphon.
1188 1473 1259 1524 ad
1284 1473 1483 1525 Iulian.

397 1555 452 1604 p.
477 1538 577 1590 179
598 1540 663 1590 A.
701 1540 969 1593 Herodoti
1004 1544 1369 1594 narrationem
1409 1560 1489 1594 re·

397 1610 658 1674 spiciens:
730 1600 923 1677 αῗσπερ
984 1608 1091 1678 γὰρ
1152 1602 1227 1678 ἣν
1288 1608 1489 1679 ἔτεμον

397 1676 754 1743 Σπαρτιᾶται
812 1678 921 1745 γῆν
970 1679 1292 1746 Τεγεατῶν,
1352 1675 1487 1732 ταύ-

396 1761 505 1811 την
535 1741 817 1813 εἰργάζο
837 1764 957 1799 ντο
983 1754 1107 1805 τοῖς
1138 1744 1484 1812 νενικηκόσι,

396 1814 657 1881 χοίνικας
700 1811 940 1880 ἔχοντες.
1022 1816 1107 1867 Ad
1152 1815 1362 1885 σχοίνῳ
1410 1817 1484 1867 cf.

396 1884 732 1936 Bachmann.
772 1885 1014 1939 Anecdd.
1052 1887 1099 1937 1.
1132 1903 1186 1953 p.
1227 1886 1355 1950 379,
1393 1887 1488 1938 ubi

397 1954 700 2020 explicatur
713 1950 921 2021 μέτρον
937 1948 1330 2022 γεωμετρικόν.
1342 1955 1485 2007 Add.

396 2025 697 2075 Herodiani
738 2025 947 2091 scripta
1004 2027 1112 2077 tria
1159 2025 1247 2077 ed.
1291 2026 1487 2077 Lehrs.

399 2111 453 2160 p.
475 2094 528 2158 8,
570 2095 652 2147 15.
679 2121 745 2130 -
782 2094 849 2146 In
883 2096 1063 2146 verbis
1099 2087 1169 2145 ἐν
1204 2093 1333 2162 τῇσι
1368 2086 1485 2144 ἐδε-

400 2162 567 2213 δέατο
602 2169 736 2214 nota
773 2180 930 2215 usum
965 2165 1388 2232 praepositionis
1427 2156 1487 2215 ἐν

401 2233 469 2284 de
502 2237 846 2291 imtrwnento:
881 2235 948 2286 de
982 2250 1120 2300 quo,
1158 2241 1221 2286 ut
1255 2237 1343 2287 Gr.
1376 2251 1489 2286 mo·

401 2307 522 2365 net,
578 2303 866 2357 Heindorf.
914 2305 985 2355 ad
1036 2304 1244 2371 Cratyl.
1295 2321 1349 2369 p.
1396 2306 1485 2356 71.

399 2374 629 2423 Porson.
665 2372 737 2423 ad
764 2374 1043 2439 Aristoph.
1079 2377 1220 2441 qu.
1256 2374 1408 2426 1018.
1436 2391 1490 2441 p.

406 2442 523 2495 100.
595 2441 751 2493 Infra
785 2444 831 2507 1,
868 2444 957 2496 86.
993 2444 1092 2507 vl,
1120 2446 1205 2496 75.

472 2541 552 2596 ἔτι
588 2541 686 2595 καὶ
726 2536 780 2604 ἐς
817 2536 909 2610 ἐμὲ
943 2532 1092 2611 ἦσαν
1125 2544 1265 2595 σῶαι
1301 2538 1362 2596 ἐν
1390 2545 1492 2595 Τε-

400 2614 526 2682 γέῃ]
561 2616 685 2666 Non
708 2614 883 2667 solum
920 2616 990 2666 ad
1017 2616 1284 2667 Herodoti
1318 2631 1493 2681 usque

402 2691 639 2736 aetatem
666 2692 917 2736 servatae
942 2685 1164 2736 fuerunt
1186 2687 1491 2753 compedes,

402 2756 498 2806 sed
514 2756 844 2819 Pausaniae,
864 2756 900 2804 i.
924 2772 974 2807 e.
988 2757 1383 2807 Antoninorum
1405 2771 1494 2806 ae-

400 2831 547 2888 tate,
596 2826 769 2876 altero
817 2830 943 2891 post
980 2825 1108 2877 Chr.
1148 2841 1202 2877 n.
1253 2825 1491 2890 saeculo,

401 2896 721 2961 compedum
767 2896 997 2946 istarum
1031 2911 1159 2961 pars
1204 2897 1262 2946 in
1294 2896 1493 2946 Miner-

401 2981 504 3016 vae
552 2965 719 3017 Aleae
777 2965 980 3031 templo
1037 2965 1491 3032 conspiciebatur.

402 3035 527 3086 vid.
566 3037 806 3087 Pausan.
833 3036 990 3099 VIII,
1010 3036 1100 3086 47.
1138 3062 1205 3071 -
1241 3037 1326 3086 De
1354 3033 1495 3084 σῶαι

403 3105 549 3157 conf.
589 3107 734 3156 infra
770 3106 848 3169 11,
875 3105 992 3156 181.
1048 3104 1308 3171 Reliquos
1344 3104 1495 3156 locos

404 3175 561 3226 dabit
594 3176 830 3227 BredoV.
864 3191 919 3241 p.
953 3174 1041 3228 49.

473 3275 604 3344 περὶ
638 3271 741 3329 τὸν
783 3271 930 3344 νηὸν
965 3276 1068 3344 τῆς
1109 3269 1291 3343 Ἀλέης
1331 3269 1495 3344 Ἀθη-

404 3347 574 3412 ναίης
627 3341 992 3414 κρεμάμεναι]
1053 3348 1339 3400 Invenitur
1395 3349 1498 3400 Mi-

404 3433 576 3469 nerva
627 3419 765 3469 Alea
822 3418 1068 3485 pluribus
1133 3419 1496 3484 Peloponnesi

404 3488 567 3552 locis,
615 3488 921 3552 Mantinea,
973 3490 1189 3554 Tegea,
1243 3488 1497 3553 Manthy-

405 3559 527 3620 reA,
576 3558 714 3608 Alea
758 3559 906 3619 vico;
964 3559 1023 3608 in
1067 3559 1264 3624 quibus
1313 3563 1496 3609 tamen

406 3644 476 3678 ea
500 3628 753 3678 Minerva
770 3627 924 3691 Alea,
955 3643 1097 3693 quae
1115 3629 1333 3694 Tegeae
1363 3634 1497 3679 tem·

401 3696 553 3763 plum
593 3697 857 3759 habebat,
905 3699 1135 3763 primum
1174 3698 1353 3749 locum
1404 3699 1497 3749 ob-

402 3767 642 3818 tinuisse
696 3767 937 3819 videtur.
1016 3768 1157 3818 Nam
1214 3768 1498 3834 antiquum

403 3836 520 3887 illic
570 3837 678 3888 fnit
712 3838 996 3888 Minervae
1040 3839 1283 3903 signum,
1333 3837 1499 3888 Endii

403 3921 575 3972 opus,
611 3922 677 3957 ex
709 3908 870 3958 ebore
899 3906 1235 3972 confectum,
1270 3909 1499 3959 Romam

402 3976 694 4042 postmodo
756 3977 1043 4027 advectum
1107 3977 1176 4027 ab
1230 3979 1500 4043 Angusto,

404 4061 530 4097 cum
562 4047 859 4097 Antonium
884 4047 1128 4097 vicisset.
1189 4047 1356 4096 Cuius
1380 4045 1501 4098 loco

403 4115 556 4166 aliud
586 4117 869 4166 Minervae
904 4117 1121 4181 signum
1157 4131 1223 4165 ex
1247 4116 1501 4182 Manthy-

402 4200 504 4236 rea
519 4186 761 4251 Tegeam
786 4184 1013 4236 allatum
1047 4190 1159 4247 est,
1196 4186 1342 4250 quod
1359 4187 1500 4236 Pau-

402 4256 596 4305 sanias
640 4255 800 4306 vidit.
887 4255 995 4316 Qui
1050 4253 1194 4306 idem
1239 4254 1501 4320 templum

404 4326 589 4391 ipsum
625 4324 891 4377 describit
918 4323 1408 4376 luculentissimum
1446 4329 1501 4375 et

402 4393 907 4461 splendidissimum
924 4409 961 4446 a
977 4394 1160 4460 Scopa
1178 4399 1501 4446 exornatum

1589 1132 1791 1181 statuis
1849 1146 2117 1196 opereque
2184 1131 2416 1183 caelato.
2508 1133 2682 1182 Deam

1588 1202 1766 1266 ipsam
1814 1200 1939 1251 olim
1987 1202 2245 1266 Hippiam
2298 1206 2552 1252 vocatam
2602 1218 2682 1251 re·

1591 1272 1725 1332 fert3
1778 1270 2066 1335 postmodo
2116 1271 2284 1322 Aleae
2336 1271 2685 1335 cognomina·

1590 1341 1795 1390 tionem
1825 1341 1999 1404 magis
2035 1342 2320 1406 magisque
2357 1341 2679 1401 invaluisse3

1590 1411 1747 1460 cuius
1783 1412 1840 1459 in
1877 1409 2135 1460 honorem
2171 1410 2328 1461 ludos
2352 1412 2570 1476 Tegeae
2606 1411 2682 1459 in-

1591 1481 1845 1542 stitutos,
1873 1470 2065 1529 Ἀλαῑα
2089 1485 2144 1530 et
2168 1471 2414 1543 Ἀλώτια,
2453 1480 2588 1530 haec
2625 1480 2682 1528 in

1591 1550 1903 1600 memoriam
1938 1550 2330 1615 Spartanorum
2367 1566 2401 1600 a
2423 1549 2683 1615 Tegeatis

1594 1620 1722 1670 olim
1748 1624 2049 1684 captorum.
2087 1619 2275 1684 Ipsum
2300 1635 2493 1669 nomen
2518 1618 2684 1667 Aleae

1592 1705 1689 1739 cur
1725 1688 1860 1739 deae
1899 1688 2150 1746 inditum,
2187 1689 2339 1736 varie
2376 1688 2679 1750 disputant.

1591 1750 1668 1805 m
1703 1754 1843 1804 enim
1880 1760 2094 1804 taceam
2129 1754 2252 1804 Alei
2285 1756 2429 1819 regis
2466 1771 2680 1815 nomen,

1592 1823 1686 1889 qui
1730 1824 1948 1888 Tegeae
1995 1823 2142 1872 istud
2188 1823 2444 1888 templum
2501 1823 2685 1873 condi-

1593 1893 1744 1943 disse
1784 1891 1980 1953 fertur‚
2032 1897 2160 1941 sunt
2195 1893 2291 1958 qui
2337 1893 2406 1942 ab
2442 1882 2577 1956 ἀλέη
2620 1892 2680 1955 (i.

1593 1979 1641 2012 e.
1669 1957 1933 2024 ἔκκλισις,
1963 1952 2259 2024 ὑπάλυξις,
2299 1962 2370 2012 cf.
2395 1961 2480 2012 Ili.
2501 1961 2682 2023 xxn,

1592 2030 1716 2097 301)
1752 2030 2052 2093 deducant,
2090 2036 2155 2080 ut
2189 2032 2292 2082 dea
2326 2031 2681 2096 intelligatur,

1591 2116 1733 2167 quae
1769 2099 2105 2165 fugientibus
2137 2099 2367 2152 salutem
2403 2101 2682 2167 praebeat,

1592 2186 1734 2236 quae
1778 2175 2086 2235 pugnantes
2133 2176 2316 2222 servet
2363 2171 2681 2221 incolumes.

1592 2239 1701 2291 Sed
1736 2239 1881 2289 haud
1929 2240 2043 2290 scio
2090 2255 2162 2290 an
2199 2240 2364 2291 altius
2408 2241 2538 2307 quid
2573 2255 2684 2290 ma-

1593 2312 1786 2376 gisque
1818 2310 2158 2360 reconditum
2191 2311 2246 2361 in
2282 2311 2386 2361 hoc
2429 2310 2564 2361 deae
2597 2325 2684 2360 co·

1594 2381 1847 2445 gnomine
1895 2381 2200 2445 spectarint
2252 2385 2467 2431 veteres
2521 2380 2683 2445 idque

1595 2450 1771 2514 ipsum
1810 2449 1976 2499 etiam
2010 2450 2249 2500 sensisse
2282 2451 2500 2500 videtur
2525 2450 2588 2501 C.
2614 2449 2682 2500 Ο.

1594 2517 1824 2570 Mueller
1871 2518 2171 2583 (Deutsche
2218 2518 2466 2585 Schrist.)
2504 2518 2581 2568 ῙΙ.
2627 2534 2682 2583 p.

1598 2588 1716 2649 175,
1755 2587 1851 2637 ubi
1875 2587 1943 2637 de
1966 2587 2069 2637 hac
2088 2588 2337 2639 Minerva
2372 2588 2683 2651 disputans,

1596 2672 1737 2721 quae
1782 2657 1998 2721 Tegeae
2048 2657 2276 2707 eundem
2337 2657 2454 2707 fere
2505 2656 2686 2707 locum

1596 2726 1851 2788 obtinuit,
1876 2742 2036 2791 quem
2055 2726 2283 2776 Athenis
2307 2726 2558 2775 Minerva
2583 2726 2687 2776 Po·

1595 2795 1726 2859 lias,
1768 2811 1966 2847 nomen
2003 2795 2201 2856 Aleae,
2237 2811 2343 2861 quo
2374 2795 2686 2861 insignitur,

1595 2865 1888 2916 deductum
1923 2866 2042 2916 vult
2066 2866 2135 2916 ab
2160 2863 2296 2914 ἀλέα
2334 2855 2541 2931 (ἁλέα)ε
2578 2880 2688 2931 qua

1595 2950 1734 2986 voce
1771 2940 2012 3001 teporem
2049 2935 2342 2986 salutarem
2380 2939 2436 2985 et
2471 2940 2688 3001 gratum

1597 3006 1834 3056 indicari
1869 3006 2041 3056 addit.
2102 3006 2351 3057 Pertinet
2383 3006 2524 3055 enim
2553 3005 2689 3056 haec
2759 3050 2767 3063 ,

1598 3076 1846 3127 Minerva
1879 3076 1952 3126 ad
1987 3091 2054 3127 ea
2077 3076 2330 3139 numina,
2370 3076 2566 3141 quibus
2595 3090 2689 3125 na-

1599 3151 1757 3197 turae
1789 3146 1935 3197 vires
1967 3162 2168 3212 eaeque
2203 3145 2491 3196 interiores
2525 3145 2693 3211 signi-

1600 3216 1855 3278 ficentur,
1904 3215 2111 3267 solares
2143 3215 2392 3282 inprimis
2429 3215 2689 3276 rationes,

1601 3301 1724 3336 cum
1785 3288 2004 3337 omnino
2055 3285 2166 3337 luci
2234 3286 2420 3336 favere
2475 3284 2692 3334 dicatur

1600 3354 1736 3405 haec
1779 3354 1884 3405 dea
1939 3370 2224 3420 rerumque
2276 3353 2477 3414 ordini,
2531 3352 2624 3418 qui
2660 3366 2691 3400 e

1600 3425 1722 3475 luce
1767 3425 1890 3489 ipsa
1936 3425 2094 3490 quasi
2147 3423 2355 3473 oriatur
2399 3425 2495 3471 ant
2544 3422 2691 3471 certe

1601 3493 1874 3545 efficiatur
1915 3495 1973 3543 in
2025 3492 2186 3543 rebus
2226 3489 2572 3540 terream-ibus
2625 3503 2691 3537 ac
2717 3489 2732 3501 ⁸

1600 3561 1907 3613 mundanis.
1991 3562 2100 3624 Qui
2144 3560 2276 3611 ordo
2318 3574 2384 3607 ne
2437 3557 2690 3618 intereat,

1601 3646 1739 3682 neve
1796 3630 1906 3681 ullo
1966 3629 2127 3680 modo
2185 3627 2459 3688 turbetur,
2529 3626 2691 3676 huius

1602 3702 1738 3751 deae
1762 3705 1846 3751 est
1874 3714 2090 3750 munus.
2150 3699 2289 3748 Sunt
2310 3695 2528 3746 classici
2551 3696 2693 3746 Pau-

1603 3770 1793 3821 saniae
1827 3769 1934 3820 loci
1958 3768 2118 3827 VIII,
2155 3767 2243 3818 46.
2274 3766 2341 3815 47
2372 3764 2496 3815 coll.
2531 3767 2601 3816 45
2638 3768 2694 3815 et

1603 3839 1868 3891 Herodot.
1908 3839 2020 3900 IX,
2059 3838 2152 3897 703
2191 3835 2514 3902 quibuscum
2546 3835 2692 3886 conf.

1604 3924 1745 3975 quae
1779 3908 2023 3975 pluribus
2059 3905 2312 3972 exposuit
2347 3904 2597 3956 Creuzer.
2637 3905 2696 3955 in

1606 3978 1846 4045 Symbol.
1899 3978 2004 4028 111.
2067 3991 2196 4043 pag.
2253 3974 2352 4026 431
2404 3991 2558 4041 seqq.
2608 3972 2695 4025 ed.

1604 4053 1731 4100 tert.
1781 4048 2068 4099 Caeterum
2124 4047 2228 4097 hoc
2269 4044 2530 4110 templum
2568 4043 2696 4095 olim

1604 4117 2099 4184 splendidissimum
2134 4131 2279 4167 nunc
2324 4115 2405 4164 ita
2455 4114 2693 4165 dirutum

1605 4192 1716 4250 est,
1762 4192 1824 4239 ut
1878 4192 2093 4238 tantum
2147 4185 2520 4237 columnarum
2565 4196 2695 4248 qua·

1604 4257 1834 4308 tundam
1858 4257 2057 4307 rudera
2089 4256 2286 4318 locum,
2316 4268 2423 4318 quo
2449 4253 2582 4304 illud
2608 4266 2696 4312 ex-

1604 4332 1871 4378 structum
1909 4327 2030 4389 fuit,
2068 4324 2389 4382 ostendant3
2438 4323 2494 4371 in
2542 4321 2696 4373 cuius

1603 4396 1777 4463 ipsius
1839 4395 2021 4446 locum
2089 4408 2235 4444 nune
2299 4390 2530 4443 ecclesia
2586 4387 2697 4439 vici

2147 4469 2277 4536 10·
