3109 5092
1105 346 1601 407 EU'rERPE.
1648 347 1733 405 ΙΙ.
1774 355 1893 408 122.

2523 341 2645 401 697

374 525 609 607 ἔχοντα
653 516 869 606 αὐτὴν
911 513 1044 587 ὑπὸ
1087 524 1180 612 τῷ
1230 524 1499 611 ίματίῳ·
1559 518 1928 589 ἐσελθόντα
1970 518 2044 588 δὲ
2075 512 2165 597 ῶς
2188 524 2311 586 τοῦ
2336 519 2645 604 βασιλέος

292 638 385 692 162
397 620 521 711 τὴν
547 626 916 711 θυγατέρα,
945 624 1057 690 καὶ
1088 622 1554 710 εἰρωτώμενον
1580 623 1790 711 τάπερ
1826 625 1937 691 καὶ
1964 627 2033 690 οἱ
2053 618 2263 706 ἄλλοι,
2296 618 2641 709 ἀπηγήσα-

368 738 567 810 σθαι,
611 721 700 807 ῶς
743 724 1198 795 ἀνοσιώτατον
1239 726 1365 814 μὲν
1393 734 1504 812 εἴηΙ
1529 727 1966 814 ἐργασμένος,
2017 722 2126 794 ὅτε
2151 729 2274 793 τοῦ
2303 721 2646 811 ἀδελφεοῦ

370 832 446 897 ἐν
484 835 577 922 τῷ
603 833 937 923 θησαυρῷ
960 834 1081 898 τοῦ
1106 832 1415 917 βασιλέος
1442 824 1577 897 ὑπὸ
1616 829 1831 916 πάγης
1860 824 2137 908 ἁλόντος
2164 825 2491 915 ἀποτάμοι
2522 824 2646 914 τὴν

369 930 708 1020 κεφαλὴν,
753 932 1147 1020 σοφώτατον
1175 933 1284 1017 δὲ,
1329 928 1429 1000 ’ὅτι
1458 929 1616 1011 τοῦς
1647 932 1994 1019 φυλάκους
2020 931 2493 1019 καταμεθύσας
2523 956 2641 997 κα-

369 1034 677 1104 ταλύσειε
726 1041 848 1105 τοῦ
893 1034 1235 1123 ἀδελφεοῦ
1272 1035 1696 1123 κρεμάμενον
1733 1033 1852 1103 τὸν
1897 1039 2127 1104 νέκυν.
2210 1031 2334 1123 τὴν
2389 1034 2499 1117 δὲ,
2557 1028 2646 1112 ῶς

370 1136 654 1227 ἤκουσε,
695 1135 1030 1208 ἅπτεσθαι
1070 1136 1301 1207 αὐτοῦ.
1362 1135 1484 1207 τὸν
1526 1137 1601 1207 δὲ
1647 1143 1843 1226 φῶρα
1875 1141 1950 1206 ἐν
1993 1144 2090 1230 τῷ
2120 1138 2351 1206 σκότει·
2374 1152 2639 1225 προτεῖ-

369 1270 480 1310 ναι
508 1239 680 1331 αὐτῇ
708 1249 828 1311 τοῦ
848 1247 1097 1329 νεκροῦ
1123 1240 1247 1331 τὴν
1269 1257 1460 1330 χεῖρα
1479 1262 1492 1275 ·
1526 1237 1652 1329 τὴν
1679 1241 1754 1309 δὲ
1782 1244 2274 1330 ἐπιλαβομένην
2296 1247 2496 1328 ἔχειν,
2527 1266 2641 1307 νο-

298 1416 302 1420 ,
368 1351 691 1433 μίζουσαν
729 1343 941 1415 αὐτοῦ
973 1349 1239 1415 ἐκείνου
1268 1351 1383 1432 τῆς
1409 1342 1630 1432 χειρὸς
1673 1341 2074 1432 ἀντέχεσθαι
2096 1365 2109 1378 ·
2179 1341 2299 1412 τὸν
2343 1343 2415 1411 δὲ
2446 1347 2644 1429 φῶρα

369 1451 743 1536 προέμενον
782 1446 954 1537 αὐτῇ
1006 1459 1312 1536 οἴχεσθαι
1356 1444 1467 1516 διὰ
1507 1448 1787 1535 θυρέων
1828 1447 2190 1534 φεύγοντα.
2253 1441 2367 1525 Ὡς
2408 1445 2482 1513 δὲ
2529 1446 2639 1512 καὶ
2668 1467 2694 1505 6

369 1557 579 1619 ταῦτα
618 1555 684 1630 ἐς
724 1549 846 1621 τὸν
875 1554 1154 1639 βασιλέα
1180 1548 1695 1638 άνενειχθῆναι,
1755 1552 2217 1637 ἐκπεπλῆχθαι
2264 1549 2388 1637 μὲν
2417 1549 2525 1617 ἐπὶ
2564 1552 2646 1634 τῇ

370 1653 856 1743 πολυφροσύνῃ
919 1682 988 1723 τε
1042 1656 1153 1723 καὶ
1210 1654 1419 1741 τόλμῃ
1471 1649 1909 1740 τάνθρώπου.
1990 1656 2175 1731 τέλος
2231 1651 2305 1721 δὲ
2360 1653 2641 1739 διαπέμ-

370 1782 582 1827 ποντα
644 1760 710 1837 ἐς
781 1757 995 1837 πάσας
1063 1755 1180 1837 τὰς
1245 1756 1437 1835 πόλις
1508 1758 2043 1841 ἐπαγγέλλεσθαι
2108 1752 2347 1824 ἄδειάν
2406 1781 2477 1822 τε
2535 1760 2640 1822 δι-

371 1860 611 1945 δόντα,
653 1862 764 1929 καὶ
811 1860 1066 1949 μεγάλα
1103 1856 1610 1947 ὑποδεκόμενον
1654 1857 1925 1927 ἐλθόντι
1977 1861 2042 1937 ἐς
2083 1855 2244 1939 ὄψιν
2298 1855 2422 1945 τὴν
2471 1858 2645 1942 ἕωυῑ

367 1968 508 2031 τοῦ.
598 1961 719 2032 τὸν
773 1965 847 2032 δὲ
892 1970 1088 2053 φῶρα
1142 1963 1593 2032 πιστεύσαντα
1647 1964 1880 2031 ἐλθεῖν
1928 1958 2093 2059 πρὸς
2141 1958 2386 2043 αὐτὸν,
2449 1955 2638 2048 Ῥαμ-

367 2073 636 2147 ψίνιτον
675 2067 749 2135 δὲ
789 2067 1093 2155 μεγάλως
1132 2066 1526 2154 θωυμάσαι,
1578 2071 1698 2132 καί
1741 2069 1813 2133 οἰ
1838 2062 1963 2152 τὴν
2002 2067 2349 2153 θυγατέρα
2390 2063 2643 2151 ταύτην

363 2174 782 2253 συνοικίσαι,
851 2166 940 2250 ῶς
992 2181 1269 2240 πλεῖστα
1331 2169 1747 2259 ἐπισταμένῳ
1800 2165 2224 2256 ἀνθρώπων·
2305 2172 2638 2253 Αἰγυπτί-

368 2300 487 2350 ους
542 2272 667 2360 μὲν
723 2271 850 2362 γάρ
902 2279 1040 2341 τῶν
1092 2271 1320 2342 ἄλλων
1378 2277 1904 2358 προκεκρίσθαι,
1986 2275 2249 2340 ἐκεῖνον
2306 2270 2379 2338 δὲ
2423 2276 2637 2356 Αἰγυ-

371 2381 606 2443 πτίων.

515 2492 713 2564 Μετὰ
741 2493 814 2562 δὲ
846 2499 1054 2562 ταῦτα
1094 2501 1330 2581 ἔλεγον
1369 2497 1614 2561 τοῦτον
1641 2491 1760 2562 τὸν
1798 2495 2079 2580 βασιλέα
2122 2489 2297 2575 ζωὸν
2342 2495 2635 2579 καταβῆ-
2661 2480 2778 2541 122

436 2710 743 2769 ἐσελθόντα
803 2709 991 2774 diffis-
1039 2716 1143 2767 τοῦ
1192 2709 1453 2784 βασιλέος

367 2783 474 2852 τὴν
518 2779 834 2854 θυγατέρα]
881 2779 1138 2853 βασιλέος
1187 2787 1452 2838 edidimus

367 2874 464 2923 pro
510 2855 803 2924 βασιλῆος,
851 2862 913 2906 ut
952 2872 1118 2920 supra
1154 2859 1202 2919 ἓ.
1248 2857 1293 2909 1.
1370 2857 1452 2907 De

366 2927 530 2979 verbo
565 2918 821 2976 ἐσελθεῖν
859 2926 1045 2976 confer
1089 2930 1233 2983 nott.
1270 2926 1338 2976 ad
1376 2925 1451 2988 ΙΙ,

374 2997 487 3047 115.
514 2997 578 3046 In
597 3012 749 3060 seqq.
771 2996 970 3045 retinui
991 2985 1033 3043 ὡ
1050 3011 1076 3051 ς
1096 3010 1129 3043 a
1147 2994 1452 3059 Schweigh-

367 3070 634 3116 mutatum
678 3066 736 3115 in
782 3056 862 3127 ἐς,
916 3065 984 3114 ad
1033 3064 1178 3130 quod
1222 3064 1454 3128 proban-

367 3135 494 3185 dum
537 3135 692 3185 affert
741 3133 797 3196 1,
845 3135 961 3185 116.
1011 3135 1099 3194 11,
1155 3132 1274 3185 135.
1335 3134 1453 3185 147.

367 3205 483 3266 111,
525 3205 641 3254 140.
722 3203 1237 3268 Schweighaeusero
1286 3202 1455 3252 adsti-

367 3274 585 3339 pulatur
620 3273 861 3323 Sintenis
911 3273 980 3322 ad
1027 3272 1305 3322 Plutarch.
1355 3273 1455 3321 Pe-

349 3343 485 3393 'ricL
533 3360 586 3408 p.
630 3341 751 3392 308.
821 3342 935 3391 Nec
979 3346 1161 3391 tamen
1208 3342 1454 3406 equidem

365 3412 449 3462 his
503 3416 778 3476 permotus
829 3426 975 3473 sum,
1037 3416 1097 3460 ut
1138 3426 1171 3459 a
1218 3409 1454 3459 lectione

367 3486 588 3545 recepta
621 3480 947 3530 recederem.
1006 3479 1165 3529 Conf.
1187 3476 1454 3528 Matthiae

367 3551 461 3601 Gr.
523 3550 615 3600 Gr.
686 3565 812 3614 pag.
873 3549 1026 3599 1147.
1121 3548 1250 3596 Mox
1314 3549 1452 3595 inta-

366 3624 513 3669 ctum
567 3617 761 3683 reliqui
813 3609 1231 3680 εἰρωτώμενον,
1295 3615 1449 3665 libris

367 3690 481 3739 fore
525 3688 843 3752 probatum,
905 3702 937 3736 a
985 3685 1286 3735 Borheokio
1338 3700 1452 3734 mu-

365 3763 540 3808 tatum
603 3758 661 3807 in
720 3750 1127 3819 εἰρωτεόμενον
1187 3754 1454 3819 probante

364 3826 596 3878 Bredov.
657 3842 782 3890 pag.
840 3824 958 3876 387.
1032 3823 1325 3887 Vulgatam
1374 3839 1453 3872 re-

365 3897 530 3947 tinuit
555 3895 808 3955 Dietseb3
844 3893 1084 3944 Dindorf
1117 3892 1268 3943 dedit
1293 3886 1457 3954 εἰρω-

362 3956 663 4028 τειόμενον.
684 3994 750 4002 --
777 3965 882 4014 Pro
904 3954 1279 4026 κρεμαμένου,
1309 3959 1453 4026 quod

363 4035 541 4084 minus
587 4037 774 4096 aptum
823 4038 933 4094 est,
989 4048 1110 4082 eum
1145 4030 1449 4094 Schweigh.

365 4109 420 4154 et
460 4102 634 4153 Gaiss.
685 4099 828 4151 edidi
871 4093 1253 4165 κρεμάμενον,
1308 4098 1453 4164 quod

363 4171 578 4222 codices
624 4170 870 4229 nonnulli
914 4169 1239 4231 offerebant,
1288 4168 1453 4233 quod·

364 4256 469 4305 que
527 4240 690 4290 etiam
751 4239 899 4289 dedit
955 4238 1207 4289 Dindorf.
1288 4251 1452 4286 κατα-

363 4301 522 4357 λύειν
547 4308 636 4358 hic
664 4308 814 4358 valet
850 4309 1051 4373 tollere,
1089 4306 1323 4371 indeque
1359 4322 1451 4356 au-

361 4379 526 4443 serre.

1625 2795 2054 2867 άνενειχθῆναι]
2107 2799 2251 2851 Olim
2307 2789 2638 2863 άνενείχθη,

1556 2874 1697 2938 quod
1737 2872 2019 2923 revocavit
2048 2871 2359 2933 BekkeruS,
2411 2870 2468 2918 in
2502 2864 2641 2932 ἀνη-

1559 2942 1765 3007 νείχθη
1798 2941 2139 3003 vertendum,
2189 2939 2368 2989 iudice
2404 2940 2639 2989 BredoV.

1555 3028 1684 3077 pag.
1718 3012 1822 3063 300
1858 3010 1980 3061 coll.
2028 3026 2154 3075 pag.
2198 3010 2315 3060 140.
2389 3008 2642 3060 Schaefe-

1556 3097 1649 3131 rus
1698 3080 1847 3132 dedit
1889 3072 2248 3144 άνενεῖχθαι,
2308 3079 2452 3144 quod
2496 3094 2643 3129 reee-

1555 3156 1753 3216 perunt
1805 3149 2076 3201 Gaisford.
2130 3154 2183 3199 et
2227 3148 2643 3215 Schweighaeu-

1558 3237 1662 3272 ser.
1701 3222 1747 3270 E
1768 3220 2047 3270 Sancrosti
2067 3218 2205 3269 libro
2237 3217 2519 3284 alteroque
2540 3220 2643 3268 Pa-

1558 3291 1728 3341 risino
1750 3280 2094 3354 ἇνηνείχθαι
2116 3288 2360 3338 exhibuit
2379 3287 2641 3345 Dindorf3

1558 3351 1968 3423 άνενηνεῖχθαι
2052 3358 2296 3422 reposuit
2392 3354 2638 3405 Dietscb.

1558 3427 1823 3492 Equidem
1863 3426 2205 3492 perlustrans
2252 3426 2435 3474 varias
2481 3424 2641 3473 huius

1556 3497 1711 3547 verbi
1748 3496 1983 3557 formaS,
2030 3509 2164 3559 quas
2202 3494 2347 3558 apud
2381 3494 2641 3543 Nostrum

1559 3566 1750 3616 obvias
1787 3564 2030 3613 exhibuit
2052 3564 2283 3613 Bredov.
2321 3562 2358 3611 1.
2386 3562 2452 3624 1.,
2489 3577 2641 3626 τερα

1555 3634 1789 3684 nendum
1850 3633 1979 3682 duxi
2027 3623 2467 3695 ἀνενειχθῆναι,
2532 3646 2643 3680 ser-

1553 3708 1684 3754 vato
1722 3701 1994 3752 infinitivo
2031 3701 2254 3762 aoristi,
2308 3715 2465 3765 quem
2509 3700 2562 3750 h.
2601 3698 2640 3751 l.

1554 3772 1922 3822 necessarium
1972 3785 2093 3820 esse
2136 3769 2398 3832 arbitror,
2459 3785 2642 3820 serva-

1555 3846 1718 3907 taque
1766 3842 1886 3905 ipsa
1929 3839 2087 3890 huius
2136 3838 2394 3888 infinitivi
2447 3839 2641 3901 forma,

1555 3926 1717 3975 quam
1764 3908 1990 3960 eandem
2039 3909 2346 3959 invenimus
2394 3909 2469 3971 11,
2522 3909 2639 3959 111.

1558 3982 1678 4032 152.
1714 3980 1810 4043 VI,
1847 3977 1934 4040 86,
1976 3979 2022 4029 1.

1626 4091 1840 4162 ταύτην
1869 4096 2209 4161 συνοικίσαι]
2241 4097 2318 4148 Ut
2354 4098 2643 4145 συνοικεῖν

1554 4170 1863 4218 matrimonio
1908 4168 2118 4215 iunctum
2173 4182 2311 4228 esse,
2368 4168 2421 4215 in
2472 4168 2644 4215 matri-

1552 4238 1712 4285 moru'o
1741 4236 1929 4285 haber-e
1963 4234 2063 4299 (ΙΙ,
2100 4236 2196 4286 120
2226 4236 2376 4301 οἱα),
2412 4235 2491 4283 ita
2513 4246 2643 4281 συν-

1556 4302 1787 4363 οικίζειν
1820 4306 1978 4365 filiam
2014 4306 2063 4354 in
2105 4306 2460 4354 matrimonium
2493 4303 2641 4361 clare,

1552 4381 1753 4438 nuptum
1793 4373 1942 4422 dare.
