3109 5092
1088 239 1584 301 EUTERPE.
1630 241 1714 300 11.
1754 250 1881 304 115.
1929 250 2047 304 116.
2583 243 2709 304 679

427 408 909 502 ἀναπτερώσας
947 409 1198 502 αὐτὴν,
1241 422 1453 501 οἴχεαι
1499 421 1674 503 ἔχων
1714 417 2060 499 ἐκκλέψας.
2140 419 2253 485 καὶ
2297 415 2460 487 οὐδὲ
2498 420 2710 490 ταῦτά

428 542 529 583 τοι
559 522 778 604 μοῦνα
807 512 1073 605 ἤρκεσε,
1103 512 1272 586 ἄλλα
1299 520 1410 587 καὶ
1440 516 1521 587 τὰ
1550 525 1730 588 οἰκία
1751 524 1872 590 τοῦ
1894 522 2121 602 ξείνου
2150 528 2467 608 κεραΐσας
2494 519 2699 611 ἥκεις.

428 624 560 687 νῦν
588 609 706 703 ὦν,
736 618 971 709 ἐπειδὴ
1000 623 1154 709 περὶ
1182 626 1438 690 πολλοῦ
1472 619 1723 711 ἥγημαι
1752 620 1842 712 μὴ
1873 626 2379 710 ξεινοκτονέειν,
2410 643 2701 711 γυναῖκα

426 723 552 811 μὲν
590 721 845 811 ταύτην
887 725 1000 792 καὶ
1028 721 1109 793 τὰ
1150 724 1452 814 χρήματα
1479 724 1565 795 οὔ
1606 754 1707 795 τοι
1750 726 2024 816 προήσω
2063 722 2450 814 ἀπάγεσθαι
2472 781 2491 814 ,
2531 725 2702 799 ἀλλὰ

425 822 596 894 αὐτὰ
625 822 753 914 ἐγώ
781 824 1159 919 τῷἽΐλληνι
1187 830 1384 921 ξείνῳ
1415 830 1725 918 φυλάξω,
1768 834 1834 910 ἐς
1865 826 1904 899 ὃ
1927 826 2014 899 ἂν
2038 826 2241 911 αὐτὸς
2267 830 2496 901 ἐλθών
2526 834 2697 902 ἐκεῖ-

426 957 541 1007 νος
567 925 1038 1016 ἀπαγαγέσθαι
1067 935 1272 1021 ἐθέλῃ
1294 953 1309 967 ·
1354 929 1565 1003 αὐτὸν
1594 932 1666 1002 δὲ
1696 934 1772 1003 σε
1799 936 1911 1003 καὶ
1940 929 2100 1014 τούς
2128 931 2289 1014 σούς
2314 935 2702 1025 συμπλόους

425 1038 634 1120 τριῶν
661 1028 965 1124 ἡμερέων
992 1034 1430 1123 προαγορεύω
1460 1039 1532 1105 ἐκ
1560 1043 1676 1126 τῆς
1706 1040 1864 1126 ἐμῆς
1891 1043 2011 1127 γῆς
2030 1039 2096 1117 ἐς
2121 1034 2336 1127 ἄλλην
2362 1036 2514 1107 τινὰ
2540 1067 2695 1128 μετ-

426 1141 815 1224 ορμίζεσθαι
835 1159 850 1174 ·
907 1144 971 1206 εἰ
994 1138 1069 1208 δὲ
1099 1136 1223 1227 μὴ,
1251 1135 1369 1208 ἅτε
1401 1149 1764 1229 πολεμίους
1791 1143 2257 1231 περιέψεσθαι.

560 1236 826 1327 Ἑλένης
863 1241 988 1329 μὲν
1024 1241 1276 1329 ταύτην
1315 1240 1544 1326 ἄπιξιν
1595 1242 1777 1332 παρὰ
1816 1246 2100 1333 Πρωτέα
2152 1250 2388 1331 ἔλεγον
2421 1247 2491 1311 οἰ
2527 1246 2838 1331 ίρέες116

425 1344 745 1426 γενέσθαι
766 1365 779 1379 ·
853 1347 1071 1414 δοκέει
1115 1347 1199 1415 δέ
1222 1373 1335 1434 μοι
1366 1349 1478 1416 καὶ
1511 1345 1801 1437 Ὅμηρος
1826 1345 1947 1418 τὸν
1971 1345 2176 1435 λόγον
2201 1352 2441 1416 τοῦτον
2478 1350 2697 1416 πυθέ-

422 1455 622 1515 σθαι·
687 1442 837 1516 ἀλλ’
884 1445 968 1517 οὐ
993 1446 1123 1536 γὰρ
1150 1444 1396 1537 ὁμοίως
1433 1454 1501 1531 ἐς
1540 1449 1666 1540 τὴν
1698 1454 2051 1539 ἐποποιΐην
2094 1447 2435 1538 εὐπρεπὴς
2476 1442 2565 1538 ἦν
2604 1456 2700 1543 τῷ

423 1548 660 1643 ἑτέρῳ,
696 1555 920 1643 τῷπερ
965 1552 1314 1643 ἐχρήσατο·
1364 1557 1432 1634 ές
1458 1550 1497 1625 ὃ
1532 1560 1778 1644 μετῆκε
1804 1552 2051 1642 αὐτὸν,
2095 1554 2435 1642 δηλώσας,
2466 1548 2555 1634 ὥς
2586 1556 2699 1622 καὶ

422 1721 760 1789 ἔρχεσθαι
814 1719 1000 1791 παρὰ
1045 1720 1169 1794 τὴν
1213 1731 1509 1794 γυναῖκα
1610 1727 1802 1793 ripidis
1837 1727 2081 1779 fabulam
2118 1730 2522 1795 cognominem,
2573 1734 2629 1779 et
2663 1745 2699 1779 a

424 1794 610 1845 eodem
652 1811 817 1846 sensu
851 1813 957 1862 quo
997 1796 1212 1866 φοιτᾷν
1253 1800 1506 1863 usurpari
1611 1796 2205 1863 Schweigh.laudatum
2221 1799 2525 1850 Fabrimad
2546 1799 2696 1849 Sext.

421 1866 725 1915 monuimus
772 1865 842 1915 ad
897 1867 972 1928 ΙΙ,
1032 1868 1152 1918 111.
1233 1871 1307 1919 Et
1354 1870 1503 1919 conf.
1611 1867 1874 1931 Empiric.
1911 1867 2039 1931 VII,
2079 1867 2197 1919 180.

420 1936 584 1985 etiam
606 1951 746 1999 quae
769 1936 839 1986 ad
858 1937 938 1998 11,
959 1936 1026 1987 64
1047 1937 1299 1988 diximus.
1340 1937 1507 1989 Plura
1678 1927 1801 1985 ἀλλ’
1840 1928 1911 1985 οὗ
1949 1928 2055 2002 γὰρ
2093 1927 2306 2002 ὁμοίως
2328 1952 2378 1985 κ.
2403 1952 2449 1986 τ.
2475 1935 2548 2001 λ.]
2575 1936 2695 1987 scil.

423 2005 492 2055 ad
530 2004 582 2054 h.
622 2004 660 2056 l.
695 2004 885 2056 laudat
922 2006 1260 2058 Gronovius:
1307 2009 1374 2071 V,
1415 2010 1502 2060 70.

419 2074 524 2130 111,
560 2074 644 2126 69.
685 2075 779 2137 vl,
816 2074 886 2126 68
922 2080 1029 2128 ete.

487 2137 892 2206 ἀναπτερώσας
922 2135 1130 2211 αὐτὴν]
1164 2149 1281 2197 alas
1327 2149 1377 2197 ei
1415 2148 1506 2198 ad-

421 2215 575 2275 dens,
624 2215 663 2265 i.
700 2229 748 2263 e.
798 2216 1016 2265 indiam
1048 2232 1180 2278 etun,
1241 2219 1504 2267 attollens:

420 2284 486 2335 de
528 2299 635 2348 quo
681 2285 848 2335 verbo
893 2283 1050 2349 plura
1094 2284 1399 2338 Blomfield.
1448 2287 1505 2336 in

420 2352 667 2403 Glossar.
683 2354 754 2404 ad
780 2354 1036 2419 Aeschyli
1060 2354 1361 2421 Choephor.
1382 2358 1504 2408 223.

420 2450 486 2459 —
511 2423 579 2471 In
614 2423 797 2473 verbis
828 2421 1010 2488 οἴχεαι
1046 2417 1192 2487 ἔχων
1227 2415 1505 2486 ἐκκλέψας

419 2492 530 2543 noli
549 2491 772 2542 haerere
804 2493 873 2544 ob
894 2493 1300 2558 participiorum
1328 2510 1505 2546 usum.

421 2564 523 2615 Est
567 2562 707 2611 enim
747 2577 964 2627 sensus:
1027 2563 1106 2613 Tu
1151 2578 1259 2613 eam
1303 2573 1505 2628 raptam

419 2631 703 2681 abduxisti.
784 2633 893 2682 Ubi
941 2633 1026 2683 Cr.
1081 2638 1301 2697 propter
1347 2649 1506 2684 usum

416 2695 712 2766 partieipii'
728 2694 872 2766 ἔχων
895 2700 1133 2753 conferri
1165 2701 1284 2752 vult
1308 2703 1507 2753 Sohae-

421 2770 520 2821 fer.
557 2771 627 2820 ad
663 2769 916 2835 Sophocl.
967 2770 1161 2835 Oedip.
1208 2772 1343 2837 Reg.
1382 2773 1503 2823 74⁸.

418 2839 592 2891 Cobet
621 2839 786 2890 deleri
823 2840 941 2890 vult
974 2835 1135 2904 ἔχων.

487 2906 699 2973 τριῶν
735 2898 1066 2974 ἡμερέων]
1115 2910 1170 2959 id
1209 2913 1319 2959 este
1369 2912 1506 2961 intra

416 2979 563 3029 trium
598 2979 788 3029 (lienam
831 2983 1062 3044 spatium.
1133 2979 1259 3030 vid.
1302 2980 1502 3031 Matth.

419 3048 511 3099 Gr.
539 3048 635 3100 Gr.
676 3064 804 3114 pag.
826 3049 950 3100 692.
978 3077 1044 3086 -
1074 3049 1140 3100 Ῑιι
1167 3064 1319 3115 seqq.
1356 3065 1503 3114 μετ-

419 3116 842 3181 ορμίζεσθαι
899 3123 985 3170 est
1031 3118 1139 3170 alio
1193 3135 1300 3184 quo
1351 3120 1505 3170 navi-

419 3202 552 3251 gare
588 3202 633 3236 s.
671 3203 868 3237 currum
900 3196 1099 3250 tenere,
1149 3193 1360 3239 mutata
1393 3194 1506 3240 sta-

420 3257 586 3306 tione.
649 3257 880 3318 Quidam
904 3257 1031 3307 libri
1048 3256 1503 3322 μετεωρίζεσθαι,

417 3325 456 3375 ἰ.
499 3340 547 3374 e.
585 3329 636 3375 in
680 3328 783 3375 alto
830 3328 1040 3377 versari
1079 3329 1231 3388 mari,
1284 3329 1428 3392 quod
1467 3342 1502 3377 a

417 3398 604 3443 nostro
640 3393 761 3444 loeo
790 3394 1024 3445 alienum
1048 3396 1156 3444 iam
1189 3396 1331 3445 vidit
1351 3399 1505 3448 Wes-

419 3462 702 3528 selingius.
731 3490 797 3499 —-
829 3463 911 3513 Ad
944 3460 1324 3525 περιέψεσθαι
1353 3466 1500 3516 conf.

418 3531 543 3594 v11,
588 3531 688 3583 149
737 3536 791 3582 et
840 3548 1006 3595 supra
1051 3532 1128 3594 11,
1177 3532 1266 3584 64.
1317 3533 1404 3584 69.
1455 3535 1501 3595 I,

417 3602 506 3653 73.
546 3602 667 3653 114.
702 3602 822 3653 115.
894 3603 1089 3652 Futuri
1135 3602 1298 3651 medii
1346 3619 1503 3653 usum

419 3672 605 3736 attigit
639 3671 861 3723 Ianson.
901 3672 984 3722 in:
1022 3670 1253 3723 Jahrbb.
1291 3672 1344 3720 d.
1380 3672 1505 3723 Phi-

415 3740 510 3792 101.
543 3745 648 3793 ete.
690 3741 881 3807 Suppl.
922 3742 1076 3792 xlx.
1113 3756 1167 3805 p.
1205 3742 1326 3793 520.

771 3912 905 3963 CAr.
944 3912 1138 3962 CXVI.

472 4003 704 4077 Ἑλένης
721 4006 825 4079 μὲν
857 4006 1074 4078 ταύτην
1093 4004 1319 4078 ἄπιξιν]
1346 4013 1503 4076 Quod

422 4081 709 4132 articulum
755 4074 861 4146 τὴν
902 4087 1030 4147 post
1076 4075 1291 4146 ταύτην
1325 4083 1504 4133 inseri

416 4150 535 4201 vult
570 4152 994 4213 Valckenarius,
1031 4152 1089 4202 id
1117 4152 1222 4203 hoe
1254 4151 1375 4202 loeo
1411 4152 1503 4202 vix

416 4236 642 4272 neeesse
685 4222 930 4283 videtur,
978 4221 1133 4272 libris
1183 4221 1503 4287 praesertim

415 4290 627 4343 invitis.
699 4291 783 4343 Ad
819 4295 1194 4357 argumentum
1231 4290 1377 4342 conf.
1397 4292 1505 4342 Eu-

1608 1998 1640 2055 ὁ
1676 1996 1860 2070 λόγος.

1677 2065 1733 2131 ἐς
1767 2064 1804 2123 ὃ
1836 2071 2040 2138 μετῆκε
2075 2065 2273 2141 αὐτὸν]
2320 2063 2529 2138 αὐτὸν,
2577 2072 2698 2125 scil.

1609 2135 1805 2209 λόγον,
1842 2145 1878 2193 i.
1921 2159 1968 2194 e.
2006 2143 2148 2194 hane
2182 2144 2577 2210 Aegyptiorum
2614 2160 2700 2194 sa-

1611 2213 1889 2264 cerdotum
1933 2215 2301 2265 narrationem
2354 2214 2422 2264 de
2467 2214 2696 2274 Helena,

1610 2285 1788 2333 minus
1843 2288 2035 2348 aptam
2088 2285 2327 2335 Homero
2386 2284 2563 2334 visam
2625 2284 2698 2333 ad

1611 2353 1866 2404 carminis
1906 2354 1991 2403 sui
2027 2355 2166 2419 epici
2188 2356 2431 2404 rationes
2463 2354 2699 2418 indeque

1610 2424 1874 2474 relictam.
1912 2450 1983 2460 —-
2017 2414 2073 2480 ἐς
2111 2412 2161 2483 ὃ,
2197 2425 2342 2490 qnod
2390 2423 2513 2473 aliis
2558 2421 2696 2472 loeis

1612 2497 1698 2542 est
1727 2494 1887 2542 donec
1923 2491 1992 2555 (1,
2028 2493 2113 2543 67.
2154 2493 2228 2555 11,
2271 2494 2371 2543 115
2416 2491 2572 2554 στα),
2608 2491 2697 2541 hie

1608 2562 1820 2625 accipio
1882 2577 2066 2626 quare,
2128 2571 2476 2626 quapropter,
2543 2576 2698 2623 prae-

1610 2636 1771 2681 eunte
1820 2630 2089 2680 Matthiae
2132 2631 2226 2681 Gr.
2264 2631 2358 2682 Gr.
2393 2646 2522 2695 pag.
2561 2630 2696 2680 1145

1609 2705 1777 2763 atque
1823 2698 2126 2764 Schweigh.
2198 2700 2273 2749 Et
2321 2699 2468 2750 conf.
2514 2699 2534 2747 i
2575 2713 2694 2748 sum

1606 2767 1945 2819 Herodotum
1975 2770 2041 2832 V,
2080 2769 2149 2818 74
2167 2758 2236 2817 οὗ
2266 2760 2496 2832 φράζων
2557 2782 2584 2823 ς
2616 2762 2690 2816 τὸ

1611 2833 1876 2902 συλλέγει.
1951 2838 2071 2900 Quo
2108 2836 2296 2888 eodem
2342 2852 2507 2888 sensu
2548 2837 2693 2903 apud

1608 2907 1965 2969 Pausaniam,
2013 2908 2105 2972 qui
2146 2908 2311 2958 toties
2356 2908 2695 2958 Herodotum

1608 2977 1905 3042 expressit,
1953 2977 2257 3028 invenitur:
2314 2977 2359 3039 1,
2407 2978 2494 3028 41.
2542 2980 2594 3040 ξ.
2637 2978 2689 3040 5,

1603 3047 1699 3098 ubi
1762 3046 1877 3099 vid.
1938 3047 2186 3098 Siebelis.
2259 3049 2441 3113 Negat
2493 3047 2694 3098 Struve

1604 3118 1859 3180 (Quaest.
1896 3116 1960 3167 de
1999 3116 2127 3168 dial.
2166 3117 2372 3168 Herod.
2411 3116 2456 3166 1.
2484 3132 2538 3181 p.
2580 3116 2693 3182 43),

1603 3188 1693 3238 eui
1728 3187 1781 3236 in
1817 3186 1939 3237 loco
1975 3186 2136 3236 valde
2180 3187 2401 3237 turbato
2438 3190 2496 3235 et
2528 3187 2694 3235 iuter-

1602 3256 1867 3322 polatoris
1905 3271 2122 3306 manum
2152 3261 2375 3321 experto
2406 3253 2693 3318 simplicis-

1603 3327 1794 3375 simum
1826 3324 2044 3374 videtur
2065 3316 2120 3381 ἐς
2155 3313 2187 3371 ὃ
2213 3325 2429 3375 eiicere.
2503 3323 2691 3385 Neque

1603 3394 1764 3444 aliter
1812 3394 1880 3443 de
1928 3393 2031 3443 hoe
2077 3394 2198 3443 loeo
2242 3393 2414 3442 sensit
2456 3389 2691 3441 BredOV.

1606 3479 1660 3528 p.
1704 3465 1787 3523 17,
1825 3477 1984 3526 quem
2008 3466 2230 3511 secutus
2251 3466 2336 3510 est
2359 3458 2691 3519 DindorfiuS,

1605 3532 1699 3598 qni
1731 3531 1892 3580 eiecit
1926 3529 2153 3579 voculas
2183 3521 2237 3585 ἐς
2273 3518 2323 3590 ὃ,
2362 3543 2497 3593 quas
2535 3528 2691 3577 uncis

1606 3599 1849 3650 inclusas
1866 3599 2093 3649 retinuit
2112 3597 2359 3647 Dietsoh.
2422 3595 2691 3661 Equidem

1604 3670 1854 3719 idoneam
1887 3666 2138 3718 eiiciendi
2162 3682 2381 3717 oausam
2403 3665 2547 3716 haud
2575 3681 2692 3730 per-

1604 3739 1775 3803 spicio
1790 3736 2081 3802 Eltzioque
2100 3737 2369 3786 assentior
2388 3736 2445 3784 in
2462 3736 2690 3798 Quaest.

1604 3806 1846 3859 Herodd.
1898 3806 2112 3869 (Jahrb.
2162 3806 2215 3855 d.
2265 3803 2534 3870 Philolog.
2581 3809 2689 3856 etc.

1606 3876 1795 3942 Suppl.
1844 3877 1941 3926 IX.
1990 3890 2116 3940 pag.
2170 3874 2292 3937 123)
2338 3874 2464 3923 illas
2523 3889 2688 3925 voees

1606 3946 1830 3996 retineri
1883 3940 2120 4006 iubenti,
2192 3959 2314 3994 eum
2383 3943 2689 4008 particulae

1607 4006 1745 4064 ἀλλὰ
1774 4007 1881 4080 γὰρ
1928 4013 2052 4063 aliis
2092 4014 2256 4063 etiam
2303 4013 2439 4064 locis
2474 4015 2555 4063 sic
2591 4028 2687 4077 po-

1606 4089 1834 4147 nantur,
1884 4087 1947 4133 ut
1989 4098 2156 4134 unum
2187 4083 2429 4133 habeant
2463 4083 2689 4133 verbum

1604 4154 1945 4218 primarium3
2010 4153 2082 4203 ef.
2129 4153 2206 4215 11,
2255 4151 2376 4203 120.
2429 4152 2550 4204 139.
2589 4152 2687 4213 IX,

1606 4222 1692 4272 93.
1730 4223 1776 4285 1,
1818 4223 1880 4273 14
1921 4222 2107 4287 ibique
2138 4226 2278 4274 nott.
2351 4223 2467 4272 Nee
2512 4220 2689 4285 magis

1604 4306 1828 4343 neeesse
1860 4291 1990 4342 mihi
2021 4291 2237 4341 videtur
2260 4281 2316 4349 ἐς
2345 4282 2409 4339 τὸ
2434 4289 2689 4353 seribere,
