3109 5092
35 1316 36 1321 Α
37 1196 44 1231 Ὗ
37 1092 47 1129 ’Ἶ-
38 985 50 1023 ‘’ss''
39 880 52 919 ⁴-

1071 372 1338 435 EUTE
1353 373 1474 434 ΒΡ
1490 375 1566 433 Ε.
1611 375 1697 435 11.
1745 382 1865 439 176.
2476 376 2599 439 823

326 547 839 634 ἐσελκυσθῆναι.
893 542 1217 636 Ἀνέθηκε
1247 546 1324 617 δὲ
1347 548 1461 616 καὶ
1489 550 1565 616 ἐν
1594 564 1765 619 τοῖσι
1794 545 2053 619 ἄλλοισι
2091 555 2294 639 ἱροῖσι
2323 545 2359 619 ὁ
2379 548 2589 640 ’Ἁμα-
2614 561 2732 624 176

327 671 428 731 σις
467 655 628 719 πᾶσι
663 665 835 719 τοῖσι
876 653 1282 740 ἐλλογίμοισι
1322 656 1485 740 ἔργα
1513 649 1592 723 τὸ
1628 656 1925 741 μέγαθος
1964 650 2355 742 ἀξιοθέητα,
2405 659 2480 723 ἐν
2518 655 2593 725 δὲ

327 755 439 823 καὶ
470 755 544 822 ἐν
575 756 816 841 Μέμφι
848 751 966 823 τὸν
992 749 1234 824 ὕπτιον
1259 761 1575 844 κείμενον
1612 753 1970 841 κολοσσὸν,
2014 762 2136 826 τοῦ
2164 751 2597 844 Ἡφαιστείου

328 862 705 945 ἔμπροσθε,
735 861 855 925 τοῦ
882 856 1082 940 πόδες
1110 862 1309 929 πέντε
1336 861 1449 928 καὶ
1482 858 1941 950 ἑβδομήκοντά
1971 866 2099 930 εἰσι
2126 857 2201 929 τὸ
2226 866 2452 950 μῆκος.
2485 863 2596 930 ἐπὶ

330 961 403 1028 δὲ
430 964 524 1053 τῷ
550 955 731 1053 αὐτῷ
751 960 991 1054 βάθρῳ
1022 963 1277 1048 ἑστᾶσι,
1321 968 1734 1034 Αἰθιοπικοῦ
1773 963 1995 1044 ἐόντες
2034 971 2273 1049 λίθου,
2315 963 2440 1034 δύο
2476 990 2591 1032 κο-

327 1064 589 1147 λοσσοὶ,
628 1072 838 1133 εἴκοσι
879 1069 1112 1134 ποδοῖν
1144 1064 1220 1135 τὸ
1250 1068 1549 1153 μέγαθος
1591 1064 1722 1138 ἐών
1765 1067 2105 1156 ἑκάτερος,
2148 1062 2185 1137 ὁ
2214 1066 2339 1156 μὲν
2366 1073 2595 1151 ἔνθεν,

325 1160 364 1237 ὃ
390 1163 460 1236 δ’
497 1173 706 1236 ἔνθεν
734 1172 854 1237 τοῦ
886 1168 1207 1257 μεγάρου.
1273 1174 1410 1238 ἔστι
1442 1170 1517 1241 δὲ
1559 1179 1821 1251 λίθινος
1854 1175 2078 1260 ἕτερος
2124 1175 2439 1263 τοσοῦτος
2483 1172 2597 1240 καὶ

633 1333 766 1385 cir.
805 1333 1099 1385 CLXXVI.

393 1429 455 1488 ἐν
487 1432 553 1488 δὲ
588 1432 707 1503 καὶ]
745 1436 904 1488 Cous.
944 1442 1083 1489 nott.
1121 1438 1193 1490 ad
1228 1439 1277 1501 1,
1306 1438 1407 1491 185

325 1513 381 1560 et
416 1523 557 1573 quae
590 1506 746 1572 plura
781 1507 940 1557 affert
976 1508 1118 1559 Gail.
1156 1508 1213 1558 in
1239 1507 1405 1559 Mem.

325 1579 394 1629 de
429 1577 626 1628 l'acad.
678 1577 733 1628 d.
780 1577 953 1628 Inscr.
1001 1578 1138 1628 VIII
1195 1576 1404 1643 (Paris.

326 1647 506 1713 1827).
532 1662 658 1712 pag.
700 1647 799 1698 190
824 1662 937 1711 seq.
1007 1647 1285 1698 Intactum
1325 1665 1408 1698 re-

319 1716 453 1783 liqui
497 1709 813 1780 ἀξιοθέητα
846 1722 1014 1781 atque
1066 1708 1410 1782 ἀξιοθεητό-

320 1786 730 1921 sssszzzsfflpfia’ss
755 1786 1407 1916 ffliisseiiiffiifflsiff

323 1918 415 1990 θή
429 1939 536 1989 ητα
582 1930 637 1975 et
681 1915 1219 1988 ἀξιοθηητότατον.
1306 1924 1407 1975 Co-

322 1996 527 2045 lossum
560 1991 745 2043 ἵππον
765 1991 1029 2056 κείμενον
1050 1992 1300 2058 intelligo
1326 2009 1408 2044 re-

322 2065 580 2127 supinant,
619 2064 656 2113 i.
695 2078 744 2114 e.
784 2063 1080 2125 sedentem,
1120 2062 1281 2114 dorso
1314 2078 1407 2128 pa-

324 2133 451 2183 rieti
473 2132 690 2197 adacto,
727 2132 1030 2183 cuiusmodi
1051 2132 1295 2184 colossos
1315 2132 1408 2182 ad-

321 2202 428 2253 huc
482 2203 539 2251 in
592 2202 983 2268 Aegyptiorum
1045 2202 1407 2254 monumentis

323 2272 713 2337 conspicimus,
753 2272 996 2324 diversos
1032 2271 1154 2323 illos
1191 2272 1409 2338 quidem

322 2342 393 2393 ab
426 2342 526 2403 iis,
575 2342 669 2407 qui
715 2342 885 2393 erecti
930 2346 1084 2393 stant
1119 2347 1216 2392 aut
1265 2340 1412 2394 colu-

322 2426 565 2463 mnarum
625 2412 739 2463 fere
795 2414 850 2462 in
909 2411 1126 2462 modum
1189 2412 1408 2477 templis

323 2481 528 2543 additi,
566 2486 664 2532 aut
685 2486 815 2533 ante
837 2481 1040 2547 templa
1068 2482 1253 2546 positi.
1320 2483 1407 2531 Ia-

323 2551 453 2601 cobs
491 2549 528 2601 1.
566 2550 607 2603 1.
650 2567 778 2616 pag.
822 2552 881 2602 ll
925 2550 1189 2616 intelligit
1236 2550 1408 2604 colos-

322 2635 441 2670 sum
476 2621 541 2671 de
576 2620 690 2672 basi
721 2620 987 2685 deiectum,
1023 2635 1214 2686 parum
1241 2626 1408 2673 recte.

322 2691 599 2740 Letrouue
644 2688 829 2752 (Mem.
870 2691 935 2740 de
978 2689 1194 2742 l’Acad.
1231 2691 1283 2741 d.
1319 2690 1409 2740 Iu·

324 2759 510 2823 script.
548 2758 726 2809 XVII.
765 2759 829 2809 P.
866 2759 914 2810 1.
954 2774 1082 2824 pag.
1117 2759 1205 2825 28)
1241 2761 1411 2810 vertit

320 2827 541 2889 „conche
575 2844 667 2879 sm·
687 2831 736 2878 le
758 2827 912 2892 dos,“
947 2828 1111 2894 idque
1139 2830 1217 2879 ita
1251 2829 1409 2879 intel-

320 2896 417 2962 ligi
454 2895 603 2960 vult‚
652 2902 741 2959 ut,
788 2913 910 2948 cum
944 2913 1122 2964 neque
1154 2898 1405 2949 sedentes

319 2981 496 3031 neque
530 2967 700 3018 erecti
734 2967 958 3029 colossi,
1008 2966 1195 3033 quales
1240 2968 1404 3034 vulgo

320 3036 619 3096 exsistunt,
657 3035 893 3101 intelligi
913 3038 1155 3102 possint,
1194 3037 1260 3088 de
1293 3043 1404 3088 sta·

320 3110 417 3156 tua
446 3105 679 3157 Osiridis
715 3107 1047 3172 cogitemus,
1097 3108 1155 3157 in
1191 3106 1402 3158 funebri

319 3175 461 3226 lecto
500 3175 752 3227 iacentis.
824 3175 961 3226 Mihi
1006 3176 1150 3227 haud
1184 3191 1403 3240 persua·

320 3246 396 3295 sit
430 3245 514 3295 vir
548 3245 762 3296 doctus.
832 3246 972 3295 Utut
1004 3251 1106 3310 est,
1142 3246 1286 3297 hunc
1314 3263 1404 3298 co-

316 3314 552 3379 lossum,
607 3315 760 3366 cuius
795 3314 961 3379 pedes
1007 3315 1402 3381 longitudinem

321 3385 387 3433 75
423 3383 619 3448 pedum
653 3383 931 3434 habebant
965 3384 1026 3449 (i.
1069 3400 1116 3436 e.
1156 3384 1251 3447 23,
1301 3387 1397 3436 121

321 3457 476 3503 metr.
499 3451 640 3503 Gall.
661 3453 777 3502 sive
795 3452 881 3515 73,
904 3454 970 3503 67
991 3453 1151 3519 pedd.
1173 3455 1404 3517 Rhenn.,

322 3526 671 3588 computante
705 3521 905 3572 Iacobs
931 3519 1074 3585 1.1.),
1114 3524 1403 3574 maximum

319 3592 492 3642 fuisse
515 3606 808 3657 omnesque
832 3590 989 3654 adeo,
1023 3597 1292 3658 quotquot
1314 3593 1407 3642 ad-

319 3662 426 3711 huc
474 3665 718 3723 exstant,
765 3660 1107 3727 longitudine
1150 3676 1406 3727 superare

318 3735 470 3782 recte
504 3730 648 3782 idem
684 3730 969 3782 admonuit
1004 3731 1222 3782 Iacobs.

385 3794 740 3850 Αἰθιοπικοῦ
774 3791 960 3859 {dmg
993 3799 1192 3867 λίθου]
1224 3792 1412 3858 ἐόντες

317 3885 416 3934 pro
450 3861 650 3928 ἐόντος
684 3886 715 3921 e
746 3871 1248 3937 Schweighaeuseri
1280 3885 1406 3922 cou-

318 3939 529 3990 iectura
569 3945 800 3992 receutt.
847 3940 970 3992 edd.
1015 3956 1232 4006 quoque
1282 3955 1405 4005 pro-

316 4008 451 4060 bata
493 4025 616 4060 rece
653 4010 704 4071 i,
757 4017 810 4062 et
855 4026 979 4062 mox
1024 4010 1281 4062 revocavi
1328 4005 1406 4059 εἴ·

316 4092 610 4197 323235525
632 4072 1403 4214 5‘22z3u3{,⁰f31¹3;1}⁷3500353

316 4216 643 4282 Wesseling.
693 4233 788 4281 pro
838 4215 942 4267 τοῦ
993 4210 1176 4269 αὐτοῦ
1189 4255 1204 4281 ,
1260 4216 1403 4283 quod

317 4291 373 4338 et
433 4287 612 4352 ipsum
673 4286 892 4351 probati
961 4286 1089 4338 libri
1154 4287 1403 4349 offerunt,

317 4355 571 4422 quodque
596 4355 740 4407 haud
763 4357 1023 4407 continuo
1055 4355 1405 4407 reficiendum

315 4426 533 4477 videtur
588 4425 852 4477 Creuzero
914 4426 971 4475 iu
1023 4424 1220 4477 Annal.
1277 4424 1405 4475 Hei-

317 4495 498 4549 delbb.
533 4493 686 4548 1823.
722 4510 840 4546 nro.
869 4494 953 4547 10.
990 4511 1120 4562 pag.
1161 4494 1279 4559 153,
1310 4494 1403 4545 ubi

1507 1338 1627 1402 ipse
1685 1338 1932 1401 coniicit,
2006 1336 2133 1386 olim
2194 1337 2274 1385 sic
2334 1337 2596 1400 scriptum

1509 1407 1682 1457 fuisse
1718 1402 2161 1456 Αἰθιοπικοῦ
2203 1402 2326 1454 τοῦ
2376 1403 2599 1455 αὐτοῦ

1509 1468 1746 1533 ἐόντες
1780 1476 1973 1526 λίθου.
2028 1477 2152 1528 Non
2181 1475 2322 1526 enim
2358 1474 2596 1526 alienum

1508 1546 1683 1596 videri
1703 1552 1889 1598 censet
1910 1545 1979 1596 ab
1993 1544 2308 1596 Herodotea
2329 1546 2594 1609 oratione,

1508 1619 1572 1665 ut
1610 1620 1731 1678 post
1763 1613 1843 1695 tq}
1868 1606 2022 1681 αὐτῷ
2047 1615 2305 1665 continuo
2336 1620 2595 1681 sequatur

1508 1683 1615 1733 τοῦ
1643 1675 1844 1747 αὐτου,
1879 1683 2023 1750 quod
2041 1684 2218 1749 ipsum
2241 1685 2427 1735 sensui
2448 1684 2595 1734 haud

1510 1758 1795 1819 repugnet,
1831 1770 1952 1804 cum
1973 1757 2086 1803 tres
2115 1751 2384 1815 colossos,
2421 1754 2595 1804 eidem

1509 1823 1631 1874 basi
1666 1822 2140 1888 superimpositos,
2190 1822 2432 1873 eiusdem
2467 1838 2597 1888 quo-

1511 1908 1616 1957 que
1648 1890 1848 1957 lapidis
1882 1892 2056 1943 fuisse
2092 1891 2375 1956 probabile
2411 1892 2505 1943 sit.
2525 1921 2597 1931 —-

1509 1963 1595 2012 De
1639 1960 1820 2026 lapide
1857 1961 2151 2024 Aethiopico
2194 1961 2305 2011 vid.
2360 1961 2447 2023 11,
2497 1962 2595 2012 127

1510 2036 1567 2082 et
1614 2029 1732 2080 134.
1804 2030 2011 2081 Verbax
2061 2020 2154 2079 ἐπὶ
2206 2023 2270 2078 δὲ
2316 2026 2396 2096 τῷ
2441 2021 2599 2097 αὐτῷ

1509 2092 1714 2168 βάθρῳ
1748 2088 1938 2149 ἑστᾶσι
1974 2098 2139 2164 vulgo
2176 2103 2421 2149 vertunt:
2473 2117 2597 2164 „su-

1504 2186 1605 2235 per
1642 2170 1818 2220 eadem
1862 2168 1977 2219 basi
2022 2169 2127 2219 duo
2181 2168 2276 2219 alii
2321 2174 2473 2220 stant
2509 2186 2597 2220 co-

1508 2239 1713 2291 lossi.“
1785 2238 2191 2305 Exspectabam
2235 2228 2330 2287 ἐπὶ
2381 2232 2445 2287 δὲ
2491 2237 2597 2287 τοῦ

1508 2301 1693 2359 αὐτοῦ
1736 2301 1993 2376 βάθρους
2042 2312 2372 2375 quapropter
2412 2307 2597 2358 malim

1508 2378 1757 2430 reddere:
1793 2381 1943 2429 iuoeta
1979 2393 2024 2429 s.
2053 2394 2217 2442 prope
2250 2379 2380 2428 idem
2406 2378 2598 2442 fienda-

1507 2457 1713 2500 mentum
1760 2463 1806 2500 s.
1849 2448 2022 2511 basin,
2078 2452 2141 2499 ut
2192 2437 2285 2497 ἐπὶ
2337 2452 2598 2511 sequente

1511 2519 1697 2569 dativo
1731 2517 1952 2582 ponitur
1987 2518 2083 2582 IV,
2119 2516 2208 2569 86.
2247 2516 2335 2570 87.
2373 2518 2481 2581 ΙΙΙ,
2508 2517 2593 2568 59.

1507 2589 1641 2651 VII,
1677 2587 1798 2640 235.
1838 2586 2057 2650 11‚108.
2098 2587 2195 2651 IV,
2223 2586 2315 2649 18,
2352 2586 2444 2637 ubi
2482 2586 2595 2639 vid.

1509 2662 1649 2709 nott.
1737 2659 1822 2707 De
1866 2661 2086 2707 statuae
2126 2655 2480 2707 fundamento
2517 2656 2597 2706 di-

1509 2728 1654 2779 citur
1689 2718 1916 2793 βάθρον
1952 2727 2018 2789 V,
2057 2724 2144 2778 85.
2180 2724 2267 2777 86.

1579 2820 1610 2879 ὁ
1642 2822 1745 2894 μὲν
1775 2822 1977 2891 ἔνθεν,
2021 2820 2051 2878 ὁ
2079 2819 2138 2877 δ’
2178 2822 2351 2878 ἔνθεν
2377 2826 2483 2879 τοῦ
2503 2843 2595 2893 με-

1507 2891 1707 2965 γάρου]
1766 2900 1852 2949 Ex
1898 2897 2092 2949 Vallae
2149 2898 2594 2964 interpretatione

1509 2970 1774 3034 („mag·no
1820 2967 1903 3017 illi
1948 2968 2341 3034 adsistentes“)
2399 2968 2597 3020 Sohae-

1508 3038 1609 3089 fer.
1646 3053 1743 3102 pro
1781 3029 2046 3102 μεγάρου,
2087 3038 2230 3104 quod
2255 3037 2313 3087 in
2346 3038 2592 3088 omnibus

1506 3107 1662 3158 libris
1724 3113 2031 3172 comparet,
2101 3108 2273 3158 edidit
2329 3099 2591 3172 μεγάλου,

1505 3177 1805 3242 probante,
1853 3192 1973 3228 cum
2009 3175 2200 3244 reliqui
2237 3177 2474 3227 editores
2510 3192 2593 3227 re·

1505 3247 1799 3306 iecissent,
1835 3247 2133 3297 Letronnio
2170 3247 2225 3296 in
2261 3243 2425 3297 Mem.
2459 3261 2506 3294 s.
2542 3244 2595 3295 le

1505 3316 1762 3368 tombeau
1798 3315 2155 3381 d'Osymaud.
2195 3315 2397 3378 (Paris.
2434 3314 2590 3378 1822)

1505 3401 1579 3505 {³3
1582 3387 1772 3505 811‘13'1‘130
1787 3386 1970 3505 ⁰2:2¹3·
1998 3385 2595 3504 .’.;..ἑ““ᾱ.ἶ.ἳῗ“ἑὸιόὲίἓζ

1507 3524 1712 3575 debout
1750 3561 1764 3575 .
1787 3562 1834 3576 ..
1857 3560 1870 3573 .
1908 3520 2093 3588 places
2139 3521 2206 3572 de
2251 3521 2441 3586 chaque
2488 3520 2595 3570 οόιέ

1507 3594 1577 3644 du
1605 3594 1781 3659 grand
1799 3590 2124 3658 (colosse).“
2183 3589 2326 3641 Add.
2366 3587 2593 3640 eundem

1507 3664 1567 3713 iu
1610 3660 1772 3713 Mc'm.
1826 3661 1892 3712 de
1937 3659 2149 3711 l'Acad.
2206 3659 2257 3710 d.
2310 3659 2591 3724 Inscriptt.

1509 3732 1689 3783 XVII.
1725 3734 1791 3782 P.
1831 3732 1877 3781 Ι.
1927 3745 2055 3795 pag.
2093 3729 2161 3780 28
2209 3734 2265 3779 et
2299 3730 2485 3780 Revue
2536 3729 2592 3781 d.

1509 3801 1650 3851 deux
1684 3800 1866 3851 mond.
1907 3798 2111 3865 (1845).
2146 3799 2211 3849 T.
2249 3798 2346 3848 lx.
2386 3814 2441 3862 p.
2469 3798 2591 3851 535.

1507 3871 1617 3922 Sed
1654 3873 1802 3921 recte
1847 3869 2069 3920 retineri
2108 3867 2229 3918 vult
2262 3866 2589 3921 Wilkiuson.

1508 3938 1786 4019 (lidauners
1820 3944 1926 3990 etc.
1965 3939 2011 3990 I.
2040 3954 2093 4003 p.
2119 3935 2249 4003 191)
2290 3953 2479 3989 vocem
2501 3953 2594 4004 με-
2622 3976 2639 3995 .

1502 4024 1711 4075 γάρου,
1750 4024 1911 4075 quam
1950 4007 2017 4058 de
2053 4009 2173 4074 ipsa
2208 4007 2345 4058 aede
2374 4008 2493 4058 sive
2528 4007 2593 4058 de

1504 4078 1754 4130 interiori
1836 4076 2025 4143 templi
2090 4082 2245 4144 parte
2314 4077 2590 4144 intelligit.

1506 4150 1593 4199 Tu
1641 4148 1786 4199 conf.
1837 4153 1977 4199 nott.
2026 4147 2097 4198 ad
2128 4147 2188 4210 Ι,
2236 4148 2324 4198 47.
2375 4146 2462 4197 65.
2512 4147 2589 4208 11,

1511 4219 1630 4269 141.
1671 4217 1791 4269 143.
1830 4218 1951 4270 169.
1986 4246 2056 4256 --
2091 4217 2176 4267 Ad
2211 4231 2365 4281 seqq.
2405 4211 2595 4277 ἕτερος

1504 4282 1780 4344 τοσοῦτος
1839 4288 1983 4338 conf.
2040 4290 2181 4340 nott.
2242 4286 2311 4336 ad
2362 4283 2418 4345 1,
2469 4283 2590 4334 120.

1504 4357 1773 4407 Creuzero
1819 4356 1857 4406 1.
1892 4355 1931 4406 1.
1969 4372 2095 4421 pag.
2140 4357 2240 4407 152
2284 4351 2431 4403 haud
2466 4366 2591 4401 cou-

1504 4427 1692 4476 venire
1734 4426 1948 4475 videtur
1994 4441 2114 4476 cum
2148 4420 2450 4475 Herodotei
2483 4436 2591 4471 ser-

1505 4495 1681 4547 monis
1716 4495 2136 4562 perspicuitate,
2174 4491 2318 4559 quod
2350 4490 2408 4542 in
2437 4505 2587 4556 seqq.
