3109 5092
1270 398 1523 461 OLIO.
1571 402 1621 461 I.
1665 412 1756 499 50.

2531 404 2649 466 103

364 572 523 651 σοῦ,
567 567 872 658 σταθμὸν
901 571 1282 641 διτάλαντα.
1353 568 1651 642 ἐποιέετο
1680 574 1756 643 δὲ
1785 577 1896 646 καὶ
1926 579 2191 657 λέοντος
2219 577 2450 648 εἰκόνα
2482 607 2644 669 χρυ-

365 675 495 739 σοῦ
520 667 874 760 ἀπέφθου,
918 678 1253 744 ἕλκουσαν
1278 674 1587 764 σταθμὸν
1612 676 1905 748 τάλαντα
1930 682 2110 748 δέκα.
2161 671 2356 761 οὗτος
2385 677 2422 753 ὁ
2450 686 2647 767 λέων,

367 769 522 842 ἐπεί
542 801 613 842 τε
641 784 1027 846 κατεκαίετο
1052 774 1089 847 ὁ
1119 774 1194 847 ἐν
1222 788 1554 866 Δελφοῖσι
1583 778 1775 868 νηὸς,
1817 786 2138 852 κατέπεσε
2164 780 2298 853 ἀπὸ
2326 790 2464 855 τῶν
2491 781 2642 875 ἡμι-

365 884 737 948 πλινθίων·
797 875 908 948 inl
961 878 1089 969 γὰρ
1144 880 1439 951 τούτοισι
1487 887 1727 971 ἵδρυτο
1752 905 1766 920 ·
1823 886 1932 955 καὶ
1979 889 2113 954 νῦν
2151 902 2364 955 κεῖται
2421 884 2497 956 ἓν
2550 893 2643 981 τῷ

364 987 766 1067 Κορινθίων
810 988 1173 1077 θησαυρῷ,
1228 988 1448 1054 ἕλκων
1489 984 1814 1075 σταθμὸν,
1843 991 2135 1076 ἕβδομον
2173 984 2642 1078 ἡμιτάλαντον.

372 1180 622 1245 singulae
656 1181 793 1232 duas
818 1184 994 1234 minas
1029 1183 1333 1247 habuerint,
1366 1201 1461 1235 au-

365 1250 553 1315 reique
591 1251 766 1301 leonis
802 1256 859 1302 et
892 1253 1126 1304 feminae
1162 1255 1355 1319 signis,
1381 1256 1461 1306 ita

365 1323 427 1370 ut
467 1336 622 1371 omne
649 1320 784 1371 illud
823 1337 1014 1373 aurum
1051 1324 1207 1374 iuxta
1242 1327 1458 1389 argenti

365 1391 633 1440 rationem
659 1391 1008 1444 aestimatum
1042 1399 1277 1460 quatuor
1310 1393 1456 1444 mille

366 1458 579 1511 talenta
620 1460 878 1512 effecerit.

433 1552 684 1612 ἐποιέετο
732 1556 797 1613 δὲ
840 1560 936 1615 καὶ
981 1561 1211 1624 λέοντος
1253 1558 1451 1616 εἰκόνα

361 1649 414 1682 κ.
454 1648 501 1682 τ.
548 1631 623 1698 λ.]
670 1634 825 1685 Haec
872 1640 926 1684 et
971 1636 1259 1700 sequentia
1306 1637 1451 1702 apud

365 1702 704 1753 Priscianum
738 1702 993 1768 leguntur
1032 1704 1156 1756 loco
1203 1705 1448 1758 laudate.

359 1772 470 1823 Ubi
502 1787 624 1822 cum
660 1772 971 1823 inveniatur
997 1766 1317 1838 κατεκάετο,
1348 1776 1452 1826 hoc

361 1846 551 1891 nostro
587 1841 708 1892 loco
746 1843 1026 1893 exstitisse
1060 1848 1220 1908 putat
1254 1844 1453 1895 Linde-

360 1927 544 1962 mann.
582 1927 708 1976 pag.
749 1912 869 1964 376.
909 1912 1009 1962 Cui
1046 1919 1211 1975 recte,
1248 1914 1295 1963 si
1322 1913 1453 1979 quid

359 1981 539 2040 vide0,
563 1980 846 2031 oblocutus
868 1988 954 2032 est
966 1983 1266 2033 Hermann.
1294 1981 1444 2049 (pag.

358 2050 461 2102 397
500 2049 677 2115 ibid.),
716 2052 973 2116 quoniam
1016 2044 1316 2102 κατεκάετο
1353 2054 1446 2103 At-

359 2121 471 2170 tica
517 2120 699 2184 potius
745 2121 819 2171 sit
864 2121 1039 2171 forma
1081 2137 1147 2172 ac
1200 2122 1444 2188 vulgaris

359 2189 601 2240 dialecti.
642 2189 726 2239 Tu
776 2189 887 2240 vid.
934 2190 1170 2243 Bredov.
1216 2206 1270 2255 p.
1322 2192 1441 2254 140,

358 2261 451 2324 qui
486 2273 673 2308 omues
709 2259 980 2310 Herodoti
1014 2260 1163 2310 locos
1201 2260 1439 2326 collegit.

356 2329 440 2379 Ad
478 2333 855 2393 argumentum
878 2320 985 2379 soci
1016 2329 1119 2380 hoc
1151 2332 1324 2379 teneri
1350 2346 1442 2381 vo-

354 2398 559 2448 lumus:
598 2398 809 2448 leonem
834 2414 868 2448 a
891 2398 1092 2450 Croeso
1130 2399 1440 2449 dedicatum

356 2483 478 2518 esse
514 2483 544 2517 e
587 2467 852 2533 religione
887 2467 1189 2533 Lydorum,
1228 2468 1324 2518 ubi
1361 2468 1444 2519 sol

355 2553 420 2588 ac
456 2536 668 2601 reliqua
710 2537 891 2587 sidera
935 2538 1277 2601 potissimum
1314 2543 1444 2588 sunt

353 2606 672 2671 spectanda.
712 2607 958 2657 Pertinet
994 2622 1057 2657 eo
1093 2609 1337 2658 narratio
1374 2609 1443 2659 de

352 2676 604 2737 Hercule,
627 2677 720 2741 qui
759 2676 846 2726 vel
881 2677 1064 2741 regiae
1099 2677 1285 2741 stirpis
1317 2694 1443 2727 con-

353 2746 500 2795 ditor
544 2746 671 2795 olim
717 2745 1021 2809 ferebatur,
1078 2746 1317 2810 pertinet
1375 2762 1440 2797 eo

350 2814 505 2874 illud,
554 2831 661 2879 quo
706 2829 872 2879 supra
926 2815 984 2864 in
1038 2814 1208 2881 Gygis
1255 2816 1443 2868 fabula

350 2884 425 2947 (Ι,
491 2880 582 2945 12)
630 2884 992 2948 attendimus,
1048 2885 1323 2950 pertinent
1378 2902 1442 2936 eo

350 2952 480 3014 alia,
518 2968 659 3017 quae
692 2954 839 3004 infra
883 2955 928 3015 I,
969 2954 1055 3005 84.
1102 2954 1277 3004 relata
1312 2954 1444 3019 legi-

352 3037 493 3073 mus.
530 3022 767 3073 Leonem
805 3028 989 3074 autem
1037 3023 1174 3074 satis
1222 3029 1441 3075 constat

350 3092 421 3142 ad
468 3090 635 3141 solem
693 3091 915 3156 eiusque
974 3108 1132 3143 sacra
1190 3099 1440 3158 spectare

348 3162 526 3225 iisque
561 3161 872 3211 numinibus
907 3162 1092 3225 tribui,
1127 3162 1323 3227 quibus
1355 3180 1439 3213 so-

348 3231 517 3281 larem
600 3231 711 3280 vim
785 3231 1070 3297 designare
1150 3231 1440 3282 voluerunt

348 3299 632 3350 Asiaticae
663 3305 877 3365 gentes:
906 3316 1073 3365 quare
1099 3302 1327 3351 eundem
1348 3301 1439 3352 ad-

352 3371 526 3419 ditum
574 3368 818 3420 videmus
877 3370 985 3434 ipsi
1037 3370 1298 3430 Herculi,
1346 3372 1438 3436 qui

350 3438 550 3489 solaris
588 3443 672 3488 est
707 3439 860 3499 deus,
899 3439 956 3489 in
990 3439 1161 3488 sacris
1189 3440 1439 3505 Assyrio-

346 3525 487 3567 rum,
502 3523 607 3557 nec
631 3508 948 3558 mirabimur
972 3508 1028 3557 in
1049 3508 1326 3573 Lydorum
1360 3525 1440 3559 re-

346 3577 676 3641 ligionibus,
732 3593 873 3643 quae
925 3577 997 3627 ab
1049 3578 1289 3642 Assyriis
1352 3578 1441 3628 de-

348 3648 548 3697 ductae
574 3650 720 3708 sunt,
745 3647 931 3697 eodem
961 3645 1082 3696 loco
1118 3646 1307 3698 haberi
1333 3647 1442 3699 leo-

348 3733 490 3777 nem,
536 3731 754 3766 sacrum
785 3714 987 3766 animal
1025 3731 1090 3765 ac
1137 3717 1439 3773 donarium,

346 3785 591 3849 Delphos
625 3785 753 3835 inde
788 3801 822 3835 a
857 3785 1057 3836 Croeso
1081 3786 1323 3838 missum.
1354 3787 1440 3837 Tu

346 3855 475 3905 vide
542 3854 761 3919 copiose
821 3854 888 3905 de
932 3853 1018 3904 his
1071 3855 1439 3920 disputantem

352 3923 530 3975 Raoul
554 3923 822 3974 Rochette
853 3924 911 3974 in
948 3930 1235 3975 comment.
1273 3940 1439 3989 supra

345 3995 456 4042 iam
484 3990 586 4055 (ad
624 3992 669 4055 1,
701 3994 752 4056 7,
777 3993 872 4043 ubi
896 3993 1034 4057 vid.)
1054 3992 1283 4045 laudata
1305 4010 1432 4059 pag.

346 4063 450 4114 312
486 4077 640 4127 seqq.
680 4067 736 4112 et
771 4062 865 4127 qui
908 4078 1016 4112 non
1063 4064 1241 4113 minus
1279 4079 1435 4113 accu-

344 4137 467 4183 rate
508 4131 578 4181 de
611 4131 794 4193 leone,
830 4131 966 4181 solis
1003 4132 1247 4198 symbolo
1283 4131 1435 4182 inde-

345 4217 453 4266 que
497 4200 720 4251 deorum
754 4199 1013 4251 solarium
1050 4202 1264 4263 comite,
1302 4202 1433 4252 scri-

346 4271 461 4335 psit
496 4269 725 4320 Rivola:
768 4269 1018 4321 Bacchus
1048 4287 1103 4321 u.
1135 4271 1431 4322 Pentheus.

345 4340 410 4391 P.
448 4339 528 4390 11.
569 4354 625 4404 p.
664 4339 730 4390 15
767 4354 918 4405 seqq.

410 4435 692 4492 ἕλκουσαν
716 4433 978 4506 σταθμὸν
1006 4433 1252 4492 τάλαντα
1272 4435 1431 4508 δέκα]

1567 1187 1631 1237 In
1675 1185 1911 1237 Bekkeri
1956 1185 2201 1239 Anecdd.
2245 1187 2291 1238 1.
2339 1203 2394 1253 p.
2450 1186 2538 1250 94,
2576 1188 2658 1246 20,

1562 1254 1696 1306 haec
1717 1255 1996 1321 leguntur:
2023 1249 2167 1305 ἕλκει
2191 1255 2343 1305 σταθ
2385 1248 2480 1306 όν·
2517 1247 2645 1307 ἄντὶ

1560 1322 1666 1374 τοῦ
1714 1314 1861 1404 ᾅγει·
1915 1315 2279 1390 ἐκβάλλουσιν
2372 1342 2400 1384 ς
2447 1316 2642 1375 ἀδόκι-

1554 1408 1668 1459 μον
1684 1407 1696 1421 ·
1737 1385 2038 1459 Ηρόδοτος
2074 1390 2299 1463 πρώτῳ.

1626 1489 1756 1546 ἐπεί
1783 1510 1842 1545 τε
1875 1495 2200 1546 κατεκαίετο
2224 1486 2256 1545 ὁ
2279 1486 2341 1546 ἐν
2363 1496 2644 1561 Δελφοῖσι

1552 1556 1713 1632 νηὸς]
1749 1566 1833 1616 De
1867 1566 2068 1630 templo
2108 1565 2373 1629 Delphico
2412 1567 2642 1616 flammis

1551 1640 1837 1686 consumto
1875 1636 2076 1685 Noster
2111 1634 2187 1698 11,
2214 1635 2334 1688 180.
2373 1640 2429 1686 et
2454 1636 2522 1697 V,
2552 1636 2638 1700 62,

1551 1705 1648 1755 ubi
1695 1705 1806 1754 vid.
1857 1709 1996 1755 nott.
2056 1704 2260 1754 Incidit
2317 1704 2451 1768 hoc,
2499 1710 2642 1755 teste

1552 1774 1833 1824 Pausania
1853 1774 1921 1837 X,
1947 1776 1999 1836 5,
2028 1775 2078 1835 5,
2109 1774 2167 1822 in
2190 1772 2406 1838 Olymp.
2432 1774 2639 1836 LVIII,

1558 1843 1582 1892 1
1626 1859 1673 1894 s.
1712 1844 1815 1895 548
1851 1857 1901 1892 a.
1942 1842 2068 1894 Chr.
2106 1857 2160 1892 n.
2191 1842 2453 1893 archonte
2485 1843 2641 1893 Erxi-

1555 1911 1715 1963 elide.
1757 1913 1929 1963 Vetus
1959 1911 2216 1975 templum
2254 1927 2288 1961 a
2326 1911 2639 1977 Trophonio

1554 1988 1722 2047 atque
1765 1981 2042 2047 Agamede
2111 1985 2446 2031 exstructum
2504 1981 2641 2031 fere-

1552 2051 1733 2102 batur.
1771 2052 1983 2102 Recens
2001 2049 2159 2115 -quod
2183 2049 2639 2116 Amphictyonum

1550 2122 1704 2171 iussu
1746 2119 1815 2170 ab
1852 2119 2253 2170 Alcmaeonidis
2302 2124 2637 2171 exstructum

1549 2195 1634 2240 est
1669 2188 1947 2254 templum,
1985 2189 2161 2254 priore
2199 2188 2534 2254 splendidius
2572 2206 2638 2241 ao

1546 2259 2013 2323 magnificentius,
2061 2273 2227 2324 supra
2283 2259 2470 2310 urbem
2531 2260 2638 2310 fuit

1545 2329 1710 2379 situm
1744 2329 2044 2394 amplisque
2086 2328 2373 2379 vestibulis
2411 2329 2638 2379 atriisve

1544 2403 1811 2450 ornatum.
1855 2397 1978 2449 vid.
2016 2398 2195 2448 Kruse
2232 2398 2421 2449 Hellas
2467 2398 2544 2461 II,
2580 2400 2633 2449 2.

1543 2483 1672 2532 pag.
1721 2467 1806 2519 36.
1854 2467 1940 2519 37.
1979 2497 2049 2507 --
2085 2459 2225 2532 νηὸς
2272 2467 2360 2517 hic
2411 2468 2477 2519 de
2514 2469 2637 2534 ipsa

1544 2538 1680 2587 aede
1714 2552 1758 2586 s.
1790 2537 1928 2587 cella
1957 2536 2368 2600 intelligendum
2393 2552 2515 2586 esse
2543 2552 2634 2587 ne-

1543 2622 1649 2672 que
1679 2606 1746 2655 de
1779 2610 1895 2655 toto
1918 2604 2138 2669 temple,
2168 2605 2312 2668 quod
2335 2610 2420 2654 est
2456 2597 2634 2670 ἱερὸν,

1544 2679 1850 2724 monstrant
1885 2674 1982 2723 alii
2015 2673 2121 2723 loci
2167 2674 2243 2733 11,
2282 2672 2399 2723 138.
2440 2673 2505 2733 V,
2543 2675 2632 2724 45.

1542 2746 1642 2807 VI,
1693 2743 1777 2794 19.
1823 2743 1981 2805 VIII,
2029 2742 2115 2803 37,
2174 2741 2243 2792 ad
2298 2757 2434 2805 quos
2481 2741 2632 2793 locos

1544 2814 1657 2864 vid.
1711 2817 1847 2863 nott.
1907 2817 1962 2862 et
2019 2811 2166 2861 conf.
2224 2826 2366 2875 quae
2414 2809 2631 2862 Ulrichs

1544 2884 1649 2934 hac
1671 2883 1739 2934 de
1770 2897 1906 2932 voce
1936 2880 2163 2943 monuit,
2186 2880 2526 2931 Herodotum
2551 2896 2633 2932 re-

1544 2954 1799 3019 spiciens,
1837 2952 1894 3002 in
1930 2951 2095 3001 libro=
2147 2950 2349 3002 Reisen
2392 2951 2449 3001 in
2482 2950 2632 3004 Grio-

1544 3022 1722 3075 chenl.
1758 3022 1807 3075 1.
1843 3037 1897 3087 p.
1935 3020 2023 3073 98.

1612 3116 1704 3176 ἔπὶ
1750 3117 1857 3191 γὰρ
1905 3116 2158 3174 τούτοισι
2203 3120 2424 3190 ἵδρυτο]
2471 3123 2631 3187 Quod

1539 3195 1831 3257 lateribus,
1869 3210 1971 3244 nec
2007 3192 2100 3244 alii
2132 3193 2255 3244 basi
2302 3193 2530 3255 solidae,
2573 3210 2626 3244 ν.

1542 3281 1591 3316 c.
1629 3264 1797 3329 lapidi
1833 3263 2124 3314 metallove
2160 3262 2354 3325 solido,
2399 3263 2483 3312 leo
2521 3263 2628 3313 iste

1540 3334 1991 3400 superimpositus
2039 3332 2172 3393 fuit,
2219 3332 2277 3381 in
2322 3347 2385 3382 eo
2429 3332 2627 3396 respici

1541 3404 1734 3454 volunt
1769 3418 1970 3453 morem
2005 3400 2347 3461 aedificandi,
2384 3401 2476 3464 qui
2504 3400 2628 3449 Sar-

1542 3474 1701 3523 dibus
1737 3472 1953 3523 omnino
2001 3469 2255 3530 obtinuit,
2304 3468 2400 3517 ubi
2444 3468 2628 3532 singu-

1540 3543 1629 3592 lae
1654 3542 1818 3591 aedes
1831 3555 1939 3590 non
1954 3537 2245 3602 lapidibus,
2269 3536 2365 3586 sed
2400 3536 2624 3586 calamis

1542 3612 1631 3661 vel
1651 3609 1914 3660 lateribus
1930 3607 2100 3657 coctis
2120 3609 2428 3655 exstructae
2448 3611 2624 3655 erant.

1541 3681 1667 3731 Vid.
1697 3676 1962 3728 Herodot.
1984 3676 2051 3739 V,
2076 3673 2194 3725 101.
2213 3673 2505 3739 Antholog.
2530 3675 2623 3726 ΒΥ.

1541 3750 1618 3812 II,
1646 3748 1768 3799 157.
1807 3746 1970 3797 Hunc
1991 3758 2192 3795 morem
2219 3748 2438 3793 secutus
2462 3744 2624 3795 Croe-

1541 3834 1634 3869 sus
1671 3815 1843 3867 leonis
1877 3815 2038 3864 basin
2083 3812 2248 3863 simili
2286 3814 2447 3865 modo
2485 3829 2514 3864 e
2547 3813 2624 3864 la-

1539 3888 1749 3938 teribus
1797 3883 1993 3947 effecit,
2040 3899 2229 3934 verum
2274 3899 2383 3935 non
2430 3885 2621 3947 coctis,

1538 3957 1635 4007 sed
1686 3955 1885 4006 aureis.
1957 3955 2205 4017 Quatuor
2255 3952 2456 4005 lateres
2503 3955 2625 4019 puri

1537 4027 1657 4078 auri
1723 4024 2053 4090 superiorem
2117 4024 2174 4073 in
2232 4023 2359 4074 basi
2422 4023 2621 4087 locum,

1538 4096 1629 4147 cui
1663 4095 1768 4160 ipsi
1803 4094 1887 4145 leo
1924 4097 2327 4160 superstructus
2359 4097 2505 4156 erat,
2545 4098 2622 4143 te-

1535 4167 1721 4216 nuisse
1751 4164 2032 4226 videntur,
2077 4163 2272 4228 reliqui
2304 4162 2503 4213 lateres
2539 4162 2622 4210 in-

1532 4235 1803 4286 feriorem.
1843 4262 1914 4273 —-
1958 4234 2042 4284 De
2078 4232 2476 4283 Corinthiorum
2509 4231 2624 4280 the-

1534 4320 1697 4354 sauro
1752 4304 1867 4354 vid.
1925 4308 2065 4354 nott.
2126 4301 2197 4352 ad
2246 4303 2300 4363 1,
2349 4301 2431 4351 14.
2493 4300 2619 4352 coll.

1533 4373 1813 4425 Plutarch.
1864 4372 1932 4423 de
1972 4371 2134 4440 Pyth.
2184 4371 2378 4422 Oracc.
2415 4387 2470 4437 p.
2517 4368 2624 4421 400

1534 4445 1605 4494 D.
1642 4444 1711 4493 E.
