3109 5092
1073 363 1569 425 EUTERPE.
1613 363 1700 422 H.
1754 371 1870 424 158.

2483 353 2608 414 795

257 560 353 614 182
367 542 623 611 κόλπον
649 538 768 610 τὸν
807 537 1138 628 Ἀράβιον.
1196 542 1277 628 τῇ
1306 536 1382 605 δὲ
1411 533 1758 622 ἐλάχιστόν
1789 536 1926 603 ἐστι
1955 535 2069 602 καὶ
2094 529 2610 620 συντομώτατον

338 650 412 716 ἐκ
455 651 571 733 τῆς
598 650 878 732 βορηΐης
930 641 1276 729 θαλάσσης
1313 635 1696 729 ὑπερβῆναι
1735 640 1800 718 ές
1842 634 1968 726 τὴν
2003 646 2238 724 νοτίην
2272 636 2383 704 καὶ
2413 630 2604 722 Ἐρυ-

338 747 522 839 θρὴν
549 746 675 836 τὴν
709 743 926 835 αὐτὴν
953 745 1207 833 ταύτην
1235 745 1685 832 καλεομένην,
1733 739 1864 811 ἀπὸ
1906 745 2028 810 τοῦ
2068 745 2334 810 Κασίου
2374 734 2608 827 οὔρεος

337 858 461 921 τοῦ
486 848 864 938 οὐρίζοντος
891 849 1249 937 Αἴγυπτόν
1274 874 1346 917 τε
1375 849 1486 916 καὶ
1515 852 1820 935 Συρίην,
1860 841 1992 914 ἀπὸ
2017 844 2262 913 τούτου
2292 843 2420 912 εἰσὶ
2447 839 2604 910 στά-

340 962 473 1025 διοι
505 962 702 1042 χίλιοι
734 951 1026 1040 [ἀπαρτὶ]
1057 955 1123 1033 ές
1148 949 1269 1021 τὸν
1286 948 1601 1040 Ἀρᾶβιον
1628 948 1902 1018 κόλπον.
1957 953 2154 1017 τοῦτο
2187 946 2311 1036 μὲν
2334 942 2410 1015 τὸ
2438 965 2602 1014 συν-

338 1056 757 1148 τομώτατον,
801 1052 842 1145 ἡ
883 1057 960 1126 δὲ
1004 1057 1256 1145 διῶρυξ
1296 1059 1524 1147 πολλῷ
1570 1055 1984 1143 μακροτέρη,
2025 1047 2160 1144 ὅσῳ
2200 1052 2607 1137 σκολιωτέρη

338 1164 509 1247 ἐστὶ,
538 1158 662 1250 τὴν
694 1162 802 1230 ἐπὶ
834 1156 1035 1229 Νεκῶ
1063 1160 1372 1249 βασιλέος
1403 1154 1803 1248 ὀρύσσοντες
1830 1161 2230 1242 Αἰγυπτίων
2256 1149 2607 1223 ἀπώλοντο

407 1359 479 1427 τῇ
514 1354 578 1411 δὲ
610 1350 902 1425 ἐλάχιστόν
945 1350 1083 1426 ἐστι]
1112 1359 1292 1426 Vulgo
1330 1350 1423 1421 δὴ,

338 1433 491 1484 euius
528 1431 649 1481 loeo
686 1445 805 1481 oum
840 1434 1069 1481 recentt.
1101 1431 1318 1496 reposui
1336 1423 1417 1480 δέ.

335 1529 399 1539 -
421 1502 646 1551 Bor-eale
673 1515 820 1550 mare
846 1505 932 1551 est
952 1500 1421 1561 mediterraneum,

338 1571 427 1623 eui
471 1568 614 1636 quod
662 1571 953 1634 opponitur
1006 1571 1210 1620 rubrum
1263 1585 1420 1627 mare,

337 1642 478 1691 idem
517 1639 681 1689 etiam
715 1639 916 1690 dieitur
935 1643 1183 1691 australe.
1255 1639 1418 1689 Conf.

337 1708 542 1761 Herod.
581 1708 657 1770 ΙΙ,
694 1708 814 1760 159.
854 1710 950 1769 IV,
990 1711 1056 1759 52
1085 1714 1140 1759 et
1167 1710 1419 1772 Breiger:

338 1781 700 1829 Commentat.
741 1776 808 1827 de
844 1777 1074 1828 diffieill.
1099 1778 1420 1845 quibusdam

336 1849 500 1899 Asiae
536 1853 640 1899 etc.
678 1863 804 1912 pag.
838 1850 901 1899 14
931 1847 1057 1900 coll.
1084 1865 1211 1912 pag.
1248 1849 1301 1900 9.
1336 1849 1422 1898 De

339 1920 488 1967 Casio
526 1923 705 1967 monte
736 1916 846 1967 vid.
896 1922 1012 1969 not.
1054 1918 1125 1968 ad
1162 1919 1236 1979 11,
1276 1917 1328 1980 6,
1367 1921 1422 1968 et

338 1988 406 2038 de
463 1987 652 2053 Syriae
702 1987 919 2036 nomine
980 1985 1146 2038 latius
1199 1991 1421 2052 patente

339 2061 453 2107 not.
493 2055 563 2105 ad
597 2055 671 2113 11,
716 2054 811 2106 116
841 2055 933 2108 fin.

406 2117 523 2174 ἀπὸ
559 2121 768 2173 τούτου
804 2119 913 2175 εἰσὶ
958 2116 1178 2175 στάδιοι
1225 2121 1418 2187 χίλιοι]

338 2197 525 2245 Monet
568 2194 1144 2258 Schweighaeuser-ue,
1205 2192 1418 2245 Gallum

337 2264 555 2314 doctum
583 2263 672 2314 Du
723 2262 1070 2328 Bois-Ayme
1116 2262 1194 2328 (in
1232 2278 1419 2327 opere:

338 2333 610 2396 Descript.
639 2332 704 2382 de
738 2332 980 2398 l’Egypt.
1008 2321 1093 2384 fit.
1123 2334 1265 2383 mod.
1292 2338 1334 2383 t.
1371 2332 1418 2382 Ι.

338 2419 464 2468 pag.
505 2403 603 2452 18⁸
639 2404 814 2467 seqq.)
859 2404 1179 2454 distantiam
1216 2403 1422 2452 hancce

339 2476 593 2522 accurate
629 2472 957 2534 dimensum,
1003 2473 1278 2524 indicasse
1317 2488 1424 2522 me-

339 2548 426 2591 tra
442 2542 708 2592 Franeiea
726 2540 970 2602 100‚000,
990 2543 1046 2592 id
1072 2548 1155 2593 est
1176 2547 1424 2593 trecenta

339 2612 453 2661 fere
509 2611 704 2675 pedum
759 2611 956 2674 millia3
1017 2627 1157 2677 quae
1207 2611 1421 2676 quidem

340 2685 534 2731 exacte
571 2680 862 2731 convenire
898 2697 1020 2731 eum
1057 2680 1202 2731 mille
1229 2682 1423 2731 stadiis

338 2749 694 2811 Herodoteis,
740 2750 899 2802 modo
935 2766 1043 2800 non
1086 2750 1280 2801 maiori
1315 2755 1424 2801 eta-

342 2819 432 2868 dio
477 2823 852 2869 sexcentorum
907 2819 1135 2884 pedum,
1190 2819 1286 2869 sed
1329 2821 1424 2870 mi-

339 2888 487 2950 nori,
541 2888 758 2938 nonnisi
803 2887 907 2939 306
947 2890 1062 2939 fere
1096 2890 1261 2954 pedes
1299 2905 1423 2938 eou-

337 2959 547 3008 tinente
565 2957 904 3008 Herodotum
925 2973 1081 3009 usum
1118 2974 1239 3009 esse
1277 2956 1423 3009 dixe-

337 3027 433 3077 ris.
505 3028 612 3088 Qui
658 3027 871 3092 quidem
922 3028 1038 3091 ipse
1089 3045 1209 3078 cum
1254 3028 1420 3093 paulo

339 3106 467 3146 ante
502 3097 599 3162 11„
622 3097 722 3148 149
757 3095 881 3148 coll.
918 3098 1016 3158 IV,
1054 3098 1111 3146 41
1141 3103 1424 3148 sexcento-

337 3181 451 3216 rum
491 3167 685 3230 pedum
715 3167 895 3217 stadia
931 3166 1278 3227 indicaverit,
1313 3168 1421 3231 hie,

338 3235 617 3286 Gallorum
632 3236 912 3287 doctorum
938 3237 1158 3300 iudicio,
1186 3236 1273 3288 vel
1290 3253 1423 3288 suae

337 3305 509 3367 ipsius
545 3306 774 3356 rationis
821 3306 1023 3357 oblitus
1072 3323 1193 3357 esse
1242 3307 1423 3357 dieen-

339 3373 439 3422 dus
484 3375 615 3435 erit,
663 3374 751 3423 vel
797 3391 892 3438 pro
939 3376 1154 3426 ratione
1201 3378 1421 3427 maioris

337 3442 627 3493 minorisve
667 3443 834 3493 stadii
866 3445 1028 3494 etiam
1067 3446 1286 3509 orgyias
1313 3461 1423 3495 ma-

336 3511 478 3560 iores
499 3510 589 3561 vel
614 3513 848 3562 minores
874 3514 1214 3564 aestimasse.
1269 3516 1423 3576 Quae

337 3596 464 3630 num
480 3580 548 3630 ad
560 3581 895 3631 Herodotum
918 3582 1296 3645 explicandum
1312 3583 1422 3632 euf-

337 3649 552 3712 fieiant,
589 3650 826 3701 viderint
851 3649 973 3712 alii;
1012 3651 1278 3716 equidem,
1308 3652 1418 3717 qui,

338 3734 501 3784 quam
549 3719 760 3771 incerta
814 3719 948 3770 talia
1008 3722 1228 3770 omnino
1291 3721 1419 3778 sint,

338 3790 556 3853 saepius
595 3793 845 3852 expertus
895 3806 1037 3851 sum,
1083 3789 1247 3840 nolim
1293 3789 1422 3855 quid

338 3863 599 3909 statuere.
638 3860 722 3910 Tu
752 3859 863 3909 vid.
891 3859 1124 3923 Roziere
1145 3859 1418 3925 Descript.

340 3927 406 3976 de
440 3928 682 3993 l'Egypt.
705 3928 733 3978 Ι
769 3926 1042 3994 (Antiqq.)
1080 3945 1135 3993 p.
1179 3929 1274 3979 146
1304 3945 1419 3995 seq.

340 3998 626 4047 Tractavit
676 3997 811 4047 haec
877 4013 1088 4064 quoque
1148 3998 1419 4050 Letronne

336 4065 661 4131 (Fragmens
699 4066 938 4117 d’Heron
986 4071 1093 4121 etc.
1142 4082 1268 4133 pag.
1319 4070 1418 4119 172

338 4133 536 4200 seqq.),
562 4134 788 4185 aliorum
825 4137 1148 4200 scriptorum
1178 4138 1422 4187 testimo-

336 4203 430 4252 nia
470 4202 536 4252 de
580 4203 683 4253 hae
728 4219 787 4253 re
839 4205 1093 4266 afferens,
1148 4221 1178 4256 e
1226 4207 1422 4272 quibus

334 4271 546 4322 Plinius
584 4270 677 4334 (H.
710 4273 782 4323 N.
816 4275 882 4336 V,
922 4274 1008 4336 12>
1036 4280 1203 4340 atque
1223 4275 1421 4327 Strabo

338 4341 546 4404 (XVII.
585 4357 713 4407 pag.
755 4342 857 4395 803
897 4358 943 4392 s.
996 4344 1153 4408 1155)
1194 4344 1422 4395 eundem

336 4410 482 4462 mille
524 4411 822 4464 stadiorum
879 4428 1158 4464 numerum
1213 4419 1424 4480 ponunt

1525 1364 1692 1425 etque
1727 1356 2069 1420 Herodotus,
2117 1357 2208 1422 qui
2254 1355 2451 1406 erroris
2488 1371 2608 1405 eam

1526 1429 1596 1479 ob
1633 1443 1854 1479 eausam
1890 1425 2260 1486 insimulatur,
2310 1424 2456 1490 quod
2487 1424 2607 1475 bre-

1527 1498 1808 1549 vissimum
1855 1497 2089 1561 spatium
2126 1494 2465 1545 indicaturus
2510 1495 2608 1544 mi-

1522 1584 1626 1619 nus
1670 1572 1820 1618 reete
1856 1567 2074 1617 Casium
2109 1569 2344 1616 montem
2391 1564 2606 1627 dixerit,

1523 1653 1645 1688 cum
1720 1637 1999 1688 Pelusium
2080 1635 2272 1685 afferre
2338 1634 2606 1696 debuerit,

1521 1706 1666 1757 unde
1700 1706 1803 1757 hoe
1851 1707 2084 1770 spatium
2132 1704 2333 1755 rectius
2378 1704 2609 1754 dimensi

1524 1777 1634 1826 sint
1670 1781 1725 1826 et
1756 1775 1968 1826 Plinius
2014 1781 2069 1825 et
2115 1775 2334 1825 Strab0.
2409 1775 2606 1835 Quam-

1524 1862 1714 1910 quam,
1752 1850 1813 1895 ut
1851 1862 1916 1895 ex
1954 1844 2145 1894 tabula
2178 1859 2302 1908 pag.
2328 1842 2421 1894 181
2461 1844 2608 1894 adie-

1524 1919 1616 1966 cta
1637 1915 1987 1980 intelligitur,
2028 1913 2114 1964 vel
2136 1914 2217 1963 sie
2244 1918 2484 1964 veterum
2510 1928 2606 1963 nu-

1522 1986 1684 2047 meri,
1721 1984 1919 2051 quippe
1954 1983 2270 2046 inferiores,
2308 1999 2416 2034 non
2460 1998 2607 2048 pror-

1523 2070 1616 2105 sus
1642 2055 1934 2106 convenire
1957 2069 2078 2103 eum
2099 2058 2358 2103 accurata
2385 2057 2607 2104 nostrae

1523 2124 1723 2175 aetatis
1780 2124 2115 2174 dimensione
2171 2122 2315 2173 idem
2372 2123 2458 2173 vir
2513 2123 2605 2173 do-

1519 2199 1641 2245 etus
1677 2198 1879 2245 monet.

1589 2254 1802 2325 ἀπαρτὶ
1836 2255 1893 2319 ἐς
1925 2253 2027 2310 τὸν
2066 2252 2324 2327 Ἀράβιον
2358 2253 2602 2328 πόίπον]

1521 2323 1809 2394 ἀπαρτὶ,
1858 2331 2000 2398 quod
2038 2331 2107 2381 ab
2145 2331 2393 2383 omnibus
2433 2331 2606 2382 Hero-

1522 2403 1640 2452 doti
1662 2402 1817 2453 libris
1845 2402 2065 2466 scriptis
2092 2402 2272 2464 abest,
2311 2402 2605 2466 nuperrimi

1522 2472 1756 2523 editores
1787 2472 2129 2522 inseruerunt
2170 2488 2199 2522 e
2232 2472 2607 2536 grammatico·
2648 2477 2669 2498 ⁸

1522 2559 1637 2593 rum
1677 2542 2004 2592 Graecorum
2030 2541 2192 2602 loeis,
2237 2541 2326 2604 qui
2358 2540 2606 2591 voculam

1521 2612 1625 2662 hoe
1664 2611 1782 2676 ipso
1805 2627 1870 2660 ex
1905 2610 2025 2661 loco
2052 2611 2227 2660 citant
2254 2608 2457 2672 (Schol.
2487 2611 2605 2660 Ari-

1523 2680 1706 2745 stoph.
1732 2679 1877 2730 Plut.
1906 2679 2031 2731 388.
2068 2678 2222 2730 Suid.
2255 2683 2309 2728 et
2335 2680 2467 2729 Lex.
2505 2681 2599 2730 Se·

1523 2751 1697 2815 guier.
1721 2765 1847 2814 pag.
1879 2749 2004 2810 418)
2024 2754 2407 2813 exponuntque
2422 2739 2604 2812 ἀπηρ-

1519 2816 1809 2880 τισμένως,
1848 2809 2112 2883 ἀκριβῶς.
2171 2816 2339 2867 Plura
2363 2817 2603 2868 Lobeek.

1523 2889 1591 2938 ad
1628 2887 1917 2953 Phrynieh.
1958 2904 2010 2952 p.
2048 2886 2132 2937 20.
2206 2888 2280 2937 Et
2299 2887 2446 2938 eonf.
2476 2903 2605 2952 qno·

1523 2974 1630 3022 que
1666 2957 2012 3009 Baehmannt
2048 2955 2290 3008 Aneedd.
2324 2958 2417 3008 Gr.
2457 2958 2505 3009 Ι.
2544 2974 2597 3022 p.

1524 3029 1643 3088 114,
1697 3027 1747 3078 3.
1828 3028 1905 3078 M.
1965 3026 2211 3078 Schmidt
2263 3027 2331 3078 ad
2385 3028 2606 3093 Didymi

1524 3100 1774 3160 frag-mm.
1821 3114 1872 3162 p.
1910 3097 2032 3149 413.
2109 3097 2373 3162 Equidem
2420 3103 2605 3148 tamen

1521 3168 1679 3218 uncis
1711 3167 1989 3218 includere
2014 3168 2206 3230 malui,
2244 3184 2352 3218 non
2390 3169 2607 3233 quidem

1518 3243 1581 3287 ut
1617 3239 1855 3300 spuriam
1889 3237 2162 3298 voculam,
2203 3238 2299 3288 sed
2323 3242 2385 3288 ut
2412 3239 2479 3288 de
2501 3253 2609 3303 qua

1521 3307 1756 3358 nondum
1819 3307 2025 3372 liquido
2083 3311 2321 3367 constet,
2381 3323 2502 3357 eum
2551 3307 2607 3356 in

1524 3377 1774 3427 omnibus
1820 3377 1977 3426 libris
2016 3377 2235 3440 scriptis
2271 3376 2429 3425 desit.
2504 3377 2606 3425 Est

1525 3446 1778 3502 fortasse,
1825 3445 1918 3510 qui
1953 3444 2057 3495 hoe
2093 3461 2158 3495 ex
2184 3443 2306 3494 loco
2337 3444 2605 3508 duplicem

1523 3518 1706 3563 textus
1722 3514 2020 3564 Herodotei
2047 3514 2413 3564 recensionem
2437 3513 2606 3563 fuisse

1523 3587 1763 3642 statuat3
1816 3583 2060 3648 equidem
2096 3584 2199 3633 hoc
2237 3583 2396 3633 modo
2432 3582 2604 3632 teneri

1520 3652 1712 3711 velim,
1750 3656 2019 3716 quotquot
2060 3653 2215 3702 nobis
2253 3653 2455 3703 servati
2496 3652 2607 3702 sint

1520 3721 1710 3785 scripti
1745 3719 1869 3770 libri
1911 3720 2239 3783 Herodotei‚
2278 3738 2371 3772 eos
2405 3737 2470 3772 ex
2496 3737 2609 3772 una

1521 3790 1707 3856 potius
1728 3789 1937 3839 familia
1964 3790 2218 3840 oriundos
2238 3791 2431 3854 videri,
2460 3791 2607 3843 haud

1520 3860 1636 3910 scio
1668 3875 1741 3909 an
1777 3858 2162 3909 Alexandrina.
2235 3859 2389 3911 Alius
2420 3862 2608 3926 utique

1523 3928 1765 3980 familiae
1799 3929 1967 3978 libros
2014 3928 2364 3980 Grammatiei
2409 3930 2487 3981 illi
2524 3932 2606 3981 in-

1523 4000 1767 4065 spexisse
1803 3998 2085 4058 videntur,
2125 4015 2189 4048 ex
2229 4000 2423 4064 quibus
2448 4017 2607 4051 voc-u·

1521 4069 1630 4119 lam
1663 4069 1721 4117 in
1756 4068 1959 4117 nostris
1994 4067 2147 4119 libris
2184 4070 2437 4120 omissam
2476 4072 2609 4121 eite-

1523 4141 1681 4199 runt‚
1734 4153 1895 4202 quam
1936 4136 2039 4188 hoe
2083 4138 2204 4190 loeo
2249 4141 2415 4191 inseri
2458 4141 2609 4191 iubet

1523 4221 1737 4272 quoque
1759 4206 1994 4258 BredoV.
2026 4224 2155 4274 pag.
2186 4210 2274 4262 83.
2345 4210 2503 4262 Unde
2528 4225 2608 4260 re-

1525 4279 1694 4327 eentt.
1733 4276 1857 4327 edd.
1892 4293 2076 4328 omnes
2126 4285 2472 4344 receperunt,
2520 4278 2609 4329 vel

1521 4344 1752 4396 sublatis
1783 4346 1957 4396 uncis.

1596 4405 1687 4466 ἐπὶ
1710 4407 1878 4465 Νεκῶ
1902 4410 2180 4483 βασιλέος]
2206 4408 2460 4482 βασιλέος
2477 4415 2609 4467 seri-
