3109 5092
1142 365 1642 427 EUTERPE.
1686 367 1772 427 H.
1815 376 1904 431 38.
1948 374 2038 431 39.

2606 365 2729 425 515

449 530 626 603 εἶναι
667 540 939 623 νομίζει.
1022 540 1276 624 δίζηται
1306 538 1382 606 δὲ
1420 543 1632 609 ταῦτα
1659 541 1767 609 ἐπὶ
1795 537 2010 631 τούτῳ
2037 539 2435 627 τεταγμένος
2461 542 2604 608 τῶν
2627 564 2727 618 τις

447 637 683 725 ἱρέων,
737 638 850 706 καὶ
894 633 1113 723 ὀρθοῦ
1151 641 1469 723 ἑστεῶτος
1512 647 1636 712 τοῦ
1674 640 1950 731 κτήνεος
1975 642 2087 709 καὶ
2112 636 2395 726 ὑπτίου,
2442 642 2557 709 καὶ
2597 638 2725 730 τὴν

443 745 757 826 γλῶσσαν
793 739 1166 829 ἐξειρύσας,
1208 749 1272 812 εί
1299 743 1571 836 καθαρὴ
1592 735 1737 815 τῶν
1775 747 2240 834 προκειμένων
2266 752 2607 832 σημηΐων,
2639 742 2722 812 τά

444 841 578 928 ἐγώ
608 847 684 913 ἐν
712 841 893 936 ἄλλω
921 844 1100 938 λόγῳ
1135 849 1322 934 ἐρέω.
1395 854 1645 941 κατορᾷ
1687 849 1764 918 δὲ
1792 849 1904 916 καὶ
1946 844 2063 928 τάς
2090 853 2317 936 τρίχας
2345 852 2461 935 τῆς
2489 843 2718 935 οὐρῆς,

434 953 508 1015 ἐί
533 945 702 1017 κατὰ
734 947 945 1036 φύσιν
974 953 1108 1035 ἔχει
1140 958 1546 1037 πεφυκυίας.
1628 945 1714 1042 ἦν
1741 951 1817 1021 δὲ
1842 950 2102 1020 τούτων
2127 949 2404 1019 πάντων
2428 942 2473 1042 ᾖ
2499 960 2714 1019 καθἀ-

364 1061 461 1116 122
477 1050 623 1139 959,
668 1056 1060 1139 σημαίνεται
1087 1052 1324 1146 βύβλῳ
1361 1053 1628 1144 περὶτὰ
1663 1058 1863 1144 κέρεα
1905 1058 2253 1123 εἱλίσσων·
2320 1055 2433 1122 καὶ
2492 1059 2719 1123 ἔπειτα

443 1157 574 1241 γῆν
625 1159 1045 1242 σημαντρίδα
1111 1156 1479 1238 ἐπιπλάσας
1549 1159 1897 1245 ἐπιβάλλει
1947 1154 2067 1226 τὸν
2124 1155 2488 1226 δακτύλιον
2507 1177 2522 1193 ·
2605 1157 2719 1224 καὶ

441 1252 619 1325 οὕτω
687 1253 1044 1344 ἀπάγουσι.

442 1361 796 1429 ἐπικέεται.

1149 1255 1533 1348 ἀσήμαντον
1600 1262 1677 1331 δὲ
1730 1259 2023 1331 θύσαντι
2073 1256 2368 1338 θάνατος
2428 1253 2472 1347 ἡ
2525 1265 2720 1348 ζημίη

904 1360 1321 1448 δοκιμάζεται
1379 1365 1505 1451 μέν
1567 1393 1698 1434 νυν
1751 1361 1828 1433 τὸ
1882 1367 2120 1452 κτῆνος
2174 1361 2401 1454 τρόπῳ
2455 1367 2714 1455 τοιῷδε.

442 1469 660 1551 Θυσίη
708 1464 790 1532 δέ
835 1482 958 1551 σφι
1011 1459 1134 1553 ἥδε
1189 1469 1573 1555 κατέστηκε.
1656 1463 2022 1555 ἀγαγόντες
2078 1461 2153 1535 τὸ
2210 1469 2717 1553 σεσημασμένον
2732 1473 2813 1536 39

439 1570 679 1655 κτῆνος
731 1564 896 1655 πρὸς
947 1564 1065 1637 τὸν
1115 1565 1383 1655 βωμὸν,
1441 1565 1608 1639 ὅκου
1649 1564 1738 1641 ἀν
1782 1567 2041 1654 θ’ύωσι,
2098 1572 2237 1652 πῦρ
2291 1563 2713 1638 ἀνακαίουσι.

438 1673 669 1738 ἔπειτα
720 1668 795 1738 δὲ
862 1664 971 1737 ἐπ’
1027 1666 1239 1740 αὐτοῦ
1293 1671 1485 1743 οἶνον
1529 1671 1697 1742 κατὰ
1748 1676 1871 1741 τοῦ
1929 1675 2153 1760 ίρηΐου
2209 1673 2718 1751 ἐπισπείσαντες

440 1774 551 1841 καὶ
611 1774 1122 1855 ἐπικαλέσαντες
1173 1773 1293 1844 τὸν
1344 1773 1516 1846 θεὸν
1575 1775 1940 1865 σφάζουσι,
1993 1772 2366 1861 σφάξαντες
2414 1772 2491 1841 δὲ
2544 1770 2711 1843 ἀπο-

509 1970 602 2029 ἒπὶ
652 1970 836 2046 τούτῳ
894 1979 1230 2044 τεταγμένος
1273 1978 1389 2032 τῶν
1439 1997 1526 2039 τις

438 2040 627 2115 ἱρέων]
674 2049 822 2099 Male
865 2049 992 2100 olim
1032 2040 1126 2099 ἐπὶ
1172 2050 1365 2100 τοῦτο.
1437 2052 1522 2101 Tu

438 2118 581 2168 conf.
630 2123 745 2169 not.
794 2119 865 2168 ad
914 2119 1192 2171 Plutarch.
1251 2118 1521 2172 Alcibiad.

438 2202 563 2252 pag.
605 2187 703 2239 162
744 2192 800 2238 et
832 2188 1040 2241 Herod.
1087 2189 1214 2253 vn,
1254 2189 1354 2241 169
1387 2191 1519 2255 ibiq.

438 2261 578 2308 nott.
650 2258 795 2309 Huic
827 2259 1049 2323 negotio
1085 2259 1396 2324 praefectos
1435 2275 1521 2310 sa—

436 2326 683 2377 cerdotes
730 2327 1057 2379 Plutarchus
1114 2328 1236 2380 loco
1293 2328 1518 2380 laudato

433 2400 599 2446 vocat
637 2389 1002 2461 σφραγιστάς.

504 2491 565 2548 ἐν
595 2489 741 2568 ἄλλῳ
779 2491 951 2570 λόγῳ]
991 2502 1030 2554 i.
1069 2517 1119 2552 e.
1157 2502 1210 2551 in
1245 2502 1351 2550 alia
1397 2517 1520 2550 nar-

434 2571 647 2619 rationis
685 2578 872 2634 parte,
934 2576 998 2621 ut
1055 2571 1193 2621 bene
1252 2569 1522 2620 intellexit

435 2637 737 2705 Schweigh.
760 2640 1021 2705 Respexit
1043 2642 1243 2691 Noster
1269 2656 1352 2703 ea,
1383 2656 1521 2705 quae

433 2707 539 2771 111,
588 2707 655 2758 28
701 2708 1008 2761 traduntur.
1083 2711 1149 2760 In
1195 2724 1346 2774 seqq.
1397 2725 1519 2759 cum

436 2776 612 2830 Gaisf.
649 2777 845 2843 scripsi
880 2770 1100 2828 τούτων
1136 2794 1234 2844 pro
1271 2776 1517 2828 τουτέων

432 2861 608 2912 neque
641 2862 768 2897 vero
803 2843 1065 2898 εἱλίσσων
1097 2864 1195 2913 pro
1237 2839 1515 2912 εῖλίσσων,

434 2916 579 2980 quod
598 2932 718 2966 cum
739 2915 975 2967 Bredov.
997 2934 1052 2983 p.
1078 2915 1146 2969 95
1180 2916 1519 2967 retinendum

433 2986 638 3036 censui.
694 2978 885 3035 ἔπειτα
925 2991 981 3037 et
1016 2985 1266 3037 hocloco
1303 2990 1360 3036 et
1395 3002 1515 3051 cap.

433 3065 549 3121 seq.
566 3055 831 3106 intactum
850 3055 1061 3121 reliqui,
1075 3060 1139 3107 ut
1155 3052 1345 3106 εἵνεκα
1357 3056 1518 3107 initio

333 3166 340 3172 .
432 3140 554 3192 cap.
570 3124 639 3175 ob
664 3123 821 3175 codd.
841 3141 1183 3189 consensum,
1205 3141 1312 3191 quo
1334 3131 1518 3192 spreto

432 3198 659 3244 recentt.
708 3193 831 3244 edd.
883 3210 948 3245 ex
1000 3195 1255 3247 Bredovii
1309 3211 1520 3249 canone

433 3258 668 3313 ἔπειτεν
718 3268 774 3314 et
818 3260 997 3313 εἴνεκε
1012 3280 1063 3314 ν.
1136 3264 1363 3330 Stegero
1409 3281 1518 3315 non

432 3334 724 3384 obsecutus
780 3347 901 3383 sum
961 3349 1058 3399 pro
1117 3324 1404 3399 ἀπάγουσι
1457 3334 1516 3384 in

432 3418 578 3469 seqq.
595 3402 910 3453 coniicienti
924 3395 1215 3468 ἀνάγουσι,
1231 3402 1339 3454 vid.
1354 3403 1516 3454 Prae·

431 3472 531 3523 fat.
561 3471 641 3542 ¹ad
675 3470 879 3525 Herod.
920 3488 972 3538 p.
1012 3473 1081 3523 X.

501 3571 835 3640 σημαίνεται
880 3604 951 3614 -
1000 3568 1283 3640 seucum]
1342 3575 1515 3624 Perti-

430 3649 562 3695 nent
596 3645 730 3695 haec
764 3644 835 3694 ad
872 3643 1238 3706 sacerdotem,
1288 3645 1384 3709 qui
1419 3645 1515 3695 bo-

417 3715 754 3834 mm
785 3714 1519 3849 ”fflgtsssssssssmaffiss

430 3850 568 3917 (γῆν
602 3850 1013 3919 σημαντρίδα),
1060 3867 1201 3918 quae
1246 3852 1350 3903 hoc
1394 3853 1515 3903 loco

427 3927 784 3985 memoratur,
837 3927 1156 3987 comparant
1188 3922 1514 3986 interpretes

427 4005 550 4042 cum
583 4000 728 4044 creta
761 3991 994 4042 Asiatica
1019 3991 1088 4042 ad
1116 3990 1516 4056 obsignandum

428 4066 587 4125 apta,
628 4061 785 4112 cuius
822 4061 1024 4111 mentio
1066 4059 1210 4125 apud
1247 4060 1420 4110 Cicer.
1455 4061 1516 4110 in

426 4130 578 4181 Verr.
619 4131 716 4193 IV,
754 4129 842 4182 26.
887 4145 986 4195 pro
1032 4129 1218 4179 Flacc.
1256 4129 1340 4180 16.
1400 4130 1517 4181 Ma-

426 4200 511 4265 gis
546 4215 679 4250 vero
714 4199 818 4250 huc
857 4203 1074 4264 spectat
1109 4196 1393 4249 Plutarchi
1438 4198 1517 4250 lo-

425 4283 523 4319 cus
558 4268 706 4320 laud.
768 4268 836 4320 de
882 4268 958 4319 Is.
1008 4272 1063 4318 et
1110 4267 1255 4318 Osir.
1353 4304 1367 4319 .
1411 4268 1515 4320 363

423 4339 489 4398 Β,
525 4338 620 4389 ubi
655 4338 791 4389 haec
828 4337 1085 4403 legimus:
1135 4329 1239 4387 τὸν
1281 4334 1318 4385 δ
1390 4334 1515 4402 μέλ-

423 4405 598 4456 λοντα
620 4401 885 4456 ’θύεσθαι
912 4402 1059 4473 βοῦν
1095 4398 1156 4457 οἱ
1176 4400 1516 4472 σφραγισταὶ

1625 1973 1918 2047 λεγόμενοι
1973 1976 2090 2030 τῶν
2132 1972 2333 2042 ἴερέων
2380 1979 2715 2047 κατεσημαί-

1627 2065 1818 2100 νοντο.
1910 2050 2078 2101 Addit
2134 2049 2330 2100 deinde
2385 2050 2713 2102 Plutarchus

1628 2136 1658 2171 e
1695 2120 1949 2183 Castore,
1989 2118 2162 2185 sigilli
2197 2119 2528 2184 sculpturam
2566 2120 2715 2170 exhi-

1625 2191 1755 2241 bere
1787 2190 2060 2240 hominem
2089 2190 2146 2238 in
2170 2204 2351 2255 genua
2376 2191 2711 2242 decidentem

1624 2260 1875 2310 manibus
1912 2263 2039 2325 post
2078 2263 2292 2325 tergum
2322 2259 2594 2323 reductis,
2632 2261 2713 2310 iu-

1624 2329 1752 2395 gulo
1785 2345 1914 2381 ense
1946 2329 2277 2380 imminente.
2341 2330 2579 2380 Exhibet
2601 2329 2711 2380 tale

1625 2399 1865 2464 sigillum
1912 2399 2131 2465 saepius
2180 2399 2239 2448 in
2284 2397 2708 2464 hieroglyphicis

1623 2469 1918 2535 sculpturis
1930 2473 2204 2533 repertum
2214 2467 2542 2520 Wilkinson.
2557 2470 2712 2519 Man·

1622 2554 1748 2589 ners
1786 2543 1894 2590 etc.
1922 2553 2032 2588 sec.
2064 2553 2166 2588 ser.
2205 2537 2284 2599 11,
2320 2552 2373 2601 p.
2399 2537 2522 2589 352.
2586 2539 2710 2588 Hoc

1621 2623 1752 2658 vero
1788 2623 1933 2658 more
1980 2622 2046 2657 ac
2081 2607 2190 2656 ritu
2237 2607 2533 2657 tesseraria
2579 2622 2710 2671 qua-

1622 2677 1746 2727 dam
1780 2676 1995 2728 ratione
2028 2675 2259 2725 indicari
2306 2675 2560 2725 victimas
2595 2676 2711 2726 ani-

1622 2745 1843 2796 malium
1877 2746 1937 2795 in
1955 2746 2310 2795 humanarum
2334 2742 2514 2795 locum
2548 2745 2708 2811 quasi

1621 2816 1977 2877 substitutas,
2016 2814 2153 2865 adeo
2188 2818 2253 2864 ut
2280 2813 2492 2865 bestiae
2524 2815 2709 2866 anima

1618 2885 1777 2949 quasi
1826 2884 2034 2934 vicaria
2077 2899 2174 2950 pro
2220 2883 2431 2934 meliori
2473 2884 2708 2934 hominis

1619 2955 1802 3004 anima
1839 2953 2124 3016 offeratur,
2164 2953 2374 3003 monuit
2410 2954 2477 3005 E.
2503 2954 2571 3005 ab
2600 2955 2706 3005 La-

1618 3023 1801 3075 saulxt
1848 3023 2156 3074 Classische
2188 3022 2345 3075 Stud.
2378 3022 2430 3074 d.
2467 3024 2702 3075 Alterth.

1618 3108 1746 3160 pag.
1779 3095 1883 3146 255
1917 3108 2070 3159 seqq.

1949 3264 2083 3315 Cu.
2120 3263 2376 3317 XXXIX.

1691 3360 1885 3417 ἔπειτα
1921 3359 1986 3415 δὲ
2019 3355 2112 3416 ἐπ’
2148 3357 2330 3415 αὐτοῦ
2352 3397 2424 3406 -
2460 3355 2710 3416 ἐπισπεί-

1622 3435 1839 3503 σαντες]
1878 3437 1916 3487 i.
1954 3451 2002 3486 e.
2037 3439 2088 3487 in
2115 3451 2214 3486 ara
2249 3438 2408 3485 vinum
2436 3450 2597 3498 supra
2620 3434 2707 3486 lw-

1619 3509 1767 3557 stt'am
1788 3506 1966 3557 libant.
2024 3504 2208 3555 Verba
2226 3494 2318 3554 ἐπ’
2339 3495 2541 3568 αὐτοῦ,
2567 3519 2706 3569 quae

1617 3575 1889 3626 immerito
1919 3574 2052 3624 viris
2092 3573 2268 3625 doctis
2291 3572 2702 3638 displicuerunt,

1621 3660 1742 3695 cum
1800 3644 2076 3695 Gronovio
2136 3643 2208 3693 ad
2259 3635 2454 3708 βωμὸν
2513 3642 2705 3693 referri

1620 3714 1837 3765 debent.
1909 3712 1995 3764 Ad
2019 3712 2188 3763 verba
2220 3707 2363 3760 κατὰ
2380 3708 2485 3760 τοῦ
2507 3705 2703 3776 ἴρηΐου

1619 3784 1764 3835 conf.
1790 3783 1887 3847 lv,
1913 3782 2000 3846 62,
2028 3782 2123 3832 ubi
2149 3780 2335 3832 eadem
2372 3780 2594 3844 locutio,
2631 3781 2705 3831 ad

1619 3868 1782 3919 quam
1814 3852 2053 3917 pertinet
2100 3865 2315 3917 quoque
2354 3850 2704 3901 Homericum

1615 3914 1739 3973 κατ’
1784 3914 2109 3987 ὀφθαλμῶν
2145 3909 2334 3984 κέχυτ’
2382 3911 2556 3985 ἀχλύς
2611 3918 2702 3971 Ili.

1618 3992 1685 4042 V.
1725 3991 1847 4044 696.
1884 3992 2103 4042 Marcus
2142 3988 2502 4055 Evangelista
2549 3990 2703 4054 XIV,

1622 4060 1688 4113 13
1731 4058 1997 4125 κατέχεεν
2038 4049 2222 4108 αὐτοῦ
2278 4051 2422 4108 κατὰ
2462 4056 2565 4123 τῆς
2619 4071 2707 4107 κε-

1620 4127 1821 4194 φαλῆς.
1897 4129 1982 4181 Os.
2009 4128 2171 4179 etiam
2199 4127 2271 4179 ad
2295 4128 2371 4189 11,
2414 4128 2529 4179 121.
2566 4131 2615 4191 ὃ.
2649 4126 2702 4178 3.

1617 4199 1683 4249 In
1727 4198 1971 4263 proxime
2017 4196 2462 4249 antecedentibus
2511 4197 2707 4262 scripsi

1618 4283 1740 4318 cum
1767 4267 2042 4318 Bredovio
2068 4283 2121 4332 p.
2153 4267 2250 4331 65,
2279 4282 2439 4331 quem
2476 4265 2706 4317 Dietsch

1618 4351 1832 4404 quoque
1876 4336 2121 4402 sequitur
2135 4371 2150 4398 ,
2209 4333 2328 4400 πῦρ
2364 4327 2708 4384 ἀνακαίουσι

1618 4421 1715 4472 pro
1768 4403 1999 4472 vulgata
2044 4396 2237 4469 πυρὴν
2286 4402 2533 4453 καίουσι.
2616 4402 2705 4453 Cf.

2156 4484 2292 4548 33*
