3109 5092
1088 300 1583 361 EUTERPE.
1629 302 1715 361 ΙΙ.
1759 311 1881 365 106.

2496 305 2621 365 659

341 472 700 556 φαίνονται
729 475 1141 559 περιεοῦσαι,
1174 475 1250 541 έν
1280 472 1355 542 δὲ
1380 476 1463 565 τῇ
1480 482 1900 562 Παλαιστίνῃ
1922 483 2147 566 Συρίῃ
2176 473 2379 558 αὐτὸς
2405 474 2621 568 ὥρεον

342 571 612 655 ἐούσας,
655 573 769 641 καὶ
808 570 890 642 τὰ
936 574 1287 663 γράμματα
1330 574 1412 645 τὰ
1453 580 1772 667 εἰρημένα
1813 578 2120 665 ἐνεόντα,
2162 580 2275 648 καὶ
2300 577 2620 667 γυναικὸς

337 680 583 744 αἰδοῖα.

695 677 824 745 εἰσὶ
869 676 946 745 δὲ
986 679 1098 746 καὶ
1142 680 1297 766 περὶ
1320 677 1582 767 Ἰωνίην
1621 678 1746 750 δύο
1774 680 1973 750 τύποι
2015 684 2090 751 έν
2119 684 2397 773 πέτρῃσι
2425 686 2612 771 ἐγκε-

330 780 743 875 κολαμμένοι
774 779 1021 849 τούτου
1049 787 1172 850 τοῦ
1202 778 1484 871 ἀνδρὸς,
1532 787 1616 874 τῇ
1649 810 1722 853 τε
1763 786 1837 852 ἐκ
1871 789 1988 872 τῆς
2013 781 2318 873 Ἐφεσίης
2361 788 2429 865 ἐς
2458 786 2613 856 Φοί-

338 908 537 950 καιαν
566 886 872 971 ἔρχονται
893 934 912 968 ,
956 885 1069 952 καὶ
1111 889 1192 976 τῇ
1231 888 1305 954 έκ
1336 890 1661 974 Σαρδίων
1688 888 1755 964 ἐς
1782 885 2134 977 Σμύρνην.

2244 890 2616 977 ἕκατέρωθι

339 984 414 1053 δὲ
446 980 621 1074 ἀνὴρ
647 987 1126 1073 ἐγγέγλυπται,
1172 990 1467 1076 μέγαθος
1499 992 1798 1077 πέμπτης
1826 995 2204 1080 σπιθαμῆς,
2234 997 2317 1083 τῇ
2342 992 2468 1080 μὲν
2498 997 2611 1060 δε-

340 1151 534 1204 -346,
610 1152 819 1215 Quibus
870 1152 996 1204 add.
1035 1153 1241 1204 Ritter:
1296 1152 1432 1204 Erd-

340 1222 522 1272 kunde
556 1222 740 1276 xvn.
786 1239 840 1289 p.
881 1223 983 1275 533
1019 1238 1171 1288 seqq.
1212 1227 1267 1273 et
1301 1224 1431 1273 Ber·

341 1299 436 1341 tou
455 1292 538 1341 in:
573 1292 758 1343 Revue
771 1291 1096 1358 Archeolog.
1118 1293 1197 1343 XI
1218 1294 1429 1358 (1854).

341 1362 391 1412 1.
426 1379 479 1427 p.
522 1360 546 1411 1
588 1376 763 1426 seqq„
801 1363 894 1427 qui
932 1360 1080 1412 aliud
1114 1363 1280 1411 etiam
1317 1377 1432 1411 mo-

343 1434 656 1481 numentum
678 1430 855 1481 simile
872 1432 928 1481 in
951 1431 1246 1482 Phoenicia
1264 1446 1431 1496 prope

341 1499 572 1551 Adloum
610 1516 670 1550 se
695 1502 961 1565 reperisse
997 1501 1195 1551 asserit
1228 1517 1281 1566 p.
1305 1502 1339 1550 9
1377 1504 1432 1549 et

344 1571 429 1620 in:
482 1569 647 1620 Essai
692 1584 785 1620 sur
835 1570 890 1620 la
924 1570 1310 1636 Topograpbie
1362 1569 1430 1620 de

343 1640 473 1704 Tyr.
525 1639 704 1700 (Paris
745 1638 902 1704 1853)
938 1656 990 1704 p.
1028 1638 1113 1690 86.
1188 1638 1429 1690 Herodo-

342 1714 433 1828 ἕως
472 1723 600 1758 uum
644 1708 910 1775 imagines
966 1723 1132 1774 prope
1167 1710 1427 1773 Berytum

379 1782 588 1829 eteetas
624 1777 848 1841 viderit,
897 1779 1014 1828 iure
1050 1777 1427 1840 dubitandum,

343 1864 464 1898 eum
488 1848 559 1898 sd
581 1847 722 1899 bane
755 1862 929 1912 usque
962 1847 1150 1899 urbem
1187 1848 1280 1897 vix
1305 1861 1429 1912 per·

340 1918 560 1968 venisse
593 1916 871 1981 videatur,
919 1932 1061 1981 quae
1109 1907 1169 1966 ἐν
1202 1915 1273 1982 τῇ
1307 1914 1426 1964 Πα-

341 1985 598 2053 λαιστίνῃ
622 1985 838 2053 Συρίῃ,
876 1986 1092 2051 qualem
1115 1987 1317 2036 Noster
1349 1985 1429 2033 in-

340 2055 580 2118 tellexit,
640 2056 750 2106 sita
805 2055 951 2106 haud
1010 2055 1141 2116 fuit3
1194 2053 1428 2116 aceedit,

342 2124 487 2191 quod
511 2125 735 2190 rupibus
757 2124 962 2175 incisae
984 2129 1112 2174 sunt
1130 2123 1260 2174 illae
1293 2123 1428 2173 ima-

342 2196 524 2260 gines,
564 2210 674 2244 non
700 2195 964 2245 columnis
991 2211 1036 2244 s.
1065 2194 1218 2245 stelis
1236 2230 1250 2256 ,
1290 2207 1427 2257 quas

341 2269 531 2315 narrat
564 2264 902 2326 Herodotus,
948 2263 1056 2313 nisi
1103 2263 1259 2314 malis
1305 2277 1427 2313 eum

342 2334 541 2400 Lepsio
590 2332 629 2383 l.
677 2332 715 2385 l.
765 2348 818 2398 p.
872 2334 935 2383 15
983 2324 1189 2397 στήλας
1231 2331 1429 2382 intelli-

344 2418 470 2468 gere
505 2417 613 2452 non
634 2408 748 2452 tam
772 2401 1048 2452 columnas
1074 2417 1235 2467 quam
1265 2416 1428 2466 quae-

345 2474 428 2522 vis
466 2471 681 2522 omnino
733 2476 1079 2522 monumenta
1125 2471 1425 2536 insculpta:

346 2542 413 2592 de
452 2557 558 2608 quo
597 2541 843 2606 equidem
879 2540 1098 2603 dubito,
1152 2555 1274 2591 eum
1309 2541 1428 2604 ipse

345 2612 544 2663 Noster
591 2610 900 2660 distinxerit
945 2610 1000 2661 h.
1038 2608 1075 2660 l.
1120 2610 1265 2660 inter
1300 2600 1428 2672 στή-

343 2679 443 2738 λας
482 2684 643 2745 atque
679 2671 897 2736 τύπους
931 2670 992 2728 έν
1016 2675 1253 2744 πέτρῃσι
1279 2668 1426 2742 ἔγκε-

343 2747 749 2814 κολαμμὲνους,
776 2747 968 2813 quales
990 2762 1124 2797 sane
1144 2751 1273 2798 sunt
1292 2747 1427 2796 ima-

343 2820 499 2885 gines
550 2819 609 2868 in
672 2817 924 2868 faucibus
969 2816 1107 2882 Lyei
1159 2816 1425 2866 detectae.

346 2888 504 2949 Quod
541 2892 689 2938 certe
717 2886 863 2937 baud
892 2886 1166 2952 perspexit
1190 2884 1425 2947 Osburn,

343 2955 715 3008 Monumental
759 2956 971 3021 history
1015 2954 1078 3005 of
1106 2957 1310 3020 Egypt.
1351 2954 1426 3016 11,

343 3028 442 3077 441
491 3028 549 3077 in
585 3026 896 3076 universum
942 3025 1011 3074 de
1056 3023 1258 3074 tabulis
1307 3038 1431 3073 nar-

343 3112 496 3160 rans,
536 3111 671 3162 quas
701 3095 968 3146 Sesostris
1002 3098 1266 3144 terrarum
1300 3107 1335 3142 a
1370 3107 1431 3143 se

344 3172 773 3232 expugnatarum
817 3166 876 3214 in
920 3178 1082 3228 rupes
1115 3163 1283 3213 ineidi
1322 3164 1431 3213 ius·

346 3237 496 3286 serit.
535 3237 722 3300 Neque
748 3250 881 3284 sane
905 3231 1110 3298 στήλας
1133 3231 1244 3282 diei
1267 3246 1431 3297 posse

343 3306 569 3370 quaevis
592 3308 938 3353 monumenta
955 3301 1256 3367 insculpta,
1283 3317 1433 3352 mon-

344 3381 521 3424 strare
568 3376 851 3437 poterunt,
889 3387 1030 3436 quae
1069 3372 1125 3419 in
1161 3371 1325 3421 Thes.
1363 3370 1426 3419 L.

345 3443 540 3494 Graec.
583 3441 708 3492 Vol.
754 3439 883 3490 VII.
934 3455 989 3504 p.
1033 3440 1130 3489 751
1178 3454 1293 3504 seq.
1343 3438 1429 3489 ed.

344 3510 512 3562 Dind.
551 3515 607 3560 et
628 3510 686 3558 in
708 3508 938 3560 Beekeri
966 3506 1214 3559 Chariele
1233 3507 1340 3557 111.
1373 3521 1428 3571 p.

347 3580 467 3632 108.
508 3578 606 3631 109
644 3579 730 3629 ed.
770 3592 880 3628 see.
910 3576 1080 3627 allata
1116 3579 1286 3625 sunt.-

417 3641 478 3700 ἐν
510 3642 575 3697 δὲ
612 3645 682 3713 τῇ
715 3645 1069 3711 Παλαιστίνῃ
1104 3641 1291 3709 Συρίῃ
1328 3633 1431 3693 αὖ·

344 3710 443 3776 τὸς
484 3705 668 3781 ὅρεον
709 3707 932 3780 ἐούσας]
980 3717 1065 3766 Ex
1110 3712 1215 3763 hoe
1248 3716 1430 3762 autem

346 3787 467 3838 loeo
503 3785 669 3838 nolim
695 3784 974 3851 colligere,
1012 3781 1352 3834 Herodotum
1376 3781 1432 3830 in

346 3858 521 3921 ipsam
546 3856 808 3907 Iudaeam
842 3853 1157 3919 pervenisse
1186 3850 1359 3917 (quod
1385 3850 1433 3901 si

347 3929 524 3988 esset,
571 3923 640 3975 de
685 3924 879 3975 ineolis
926 3923 1086 3972 buius
1128 3925 1308 3970 terrae
1355 3920 1435 3969 in-

349 3995 664 4059 stitutisque
684 3993 930 4058 profecto
955 3994 1261 4050 narrasset3
1287 3987 1432 4040 conf.

348 4067 489 4114 nott.
529 4062 600 4111 sd
633 4062 722 4126 11,
763 4059 908 4124 104).

349 4147 416 4181 ea
469 4145 594 4195 pars
648 4130 1001 4181 Palaestinae
1058 4125 1433 4192 intelligenda,

349 4214 492 4265 quae
519 4214 670 4250 mare
701 4200 955 4264 attingit,
1007 4213 1105 4249 ora
1144 4196 1431 4257 maritima,

347 4268 714 4321 Phoenicibus
749 4270 915 4333 atque
949 4266 1294 4328 Philistaeis„
1341 4265 1435 4330 qui

349 4339 619 4403 dicuntur,
639 4341 928 4403 occupata.
954 4336 1041 4389 cf.
1066 4335 1258 4387 Stark:
1282 4334 1435 4386 Gaza

987 4063 1091 4111 Est
1128 4060 1269 4109 enim
1302 4057 1356 4108 h.
1396 4056 1432 4106 l.

1532 1171 1587 1220 p.
1619 1156 1733 1209 195.
1780 1155 1847 1205 In
1882 1154 2108 1207 eandem
2138 1159 2461 1209 sententiam
2487 1158 2621 1208 Lar-

1534 1223 1728 1274 eberus
1754 1223 2032 1290 disputat,
2072 1241 2192 1276 eum
2226 1231 2443 1290 terram,
2481 1242 2619 1293 quae

1532 1292 1603 1343 ad
1622 1293 1853 1343 Davidis
1887 1300 1986 1345 aut
2002 1295 2311 1347 Salomonis
2338 1297 2620 1361 imperium

1530 1362 1884 1427 pertinuerit,
1930 1363 2021 1413 hie
2054 1363 2288 1429 intelligi
2333 1380 2495 1430 posse
2530 1382 2622 1416 ne-

1532 1436 1647 1497 gat.
1734 1432 1842 1483 Sed
1884 1432 2153 1484 Ascalone
2217 1436 2387 1500 (quae
2429 1434 2621 1485 Palae-

1532 1501 1712 1552 stinae
1748 1502 1950 1552 dieitur
1982 1502 2111 1553 urbs
2147 1504 2208 1566 1,
2245 1503 2367 1570 105)
2407 1507 2621 1554 statuas

1530 1571 1660 1635 poni
1710 1572 1953 1635 potuisse
2008 1571 2330 1636 arbitratur,
2381 1572 2621 1639 illudque

1531 1638 1687 1689 addit
1702 1676 1717 1703 ,
1771 1655 1985 1691 omnem
2030 1642 2301 1706 regionem
2343 1656 2378 1691 a
2419 1642 2620 1707 Ienyso

1529 1724 1703 1774 usque
1747 1709 1817 1759 ad
1848 1710 2199 1761 Serbonidem
2246 1710 2423 1760 lacum
2462 1710 2617 1774 (Her.

1529 1778 1643 1840 111,
1676 1777 1731 1842 5)
1784 1778 1852 1828 ad
1888 1779 2102 1844 Syriam
2152 1778 2619 1831 Palaestinensem

1529 1848 1859 1912 pertinuisse
1911 1863 2012 1898 nee
2072 1846 2184 1899 ullo
2230 1853 2473 1913 tempore
2509 1850 2620 1899 Da-

1528 1917 1646 1966 vidi
1681 1917 1949 1981 paruisse.

1602 1977 1710 2034 δύο
1747 1977 1943 2050 τόποι]
1990 1976 2163 2035 τύποι
2198 1991 2328 2036 sunt
2360 1987 2616 2052 ἰηιαρὺιεσ,

1522 2057 1727 2121 figurae
1758 2052 1842 2118 (ut
1873 2054 1958 2116 11,
1987 2053 2073 2107 86.
2111 2053 2234 2117 138)
2283 2054 2506 2120 rupibus
2540 2056 2620 2105 in-

1527 2123 1780 2187 sculptae
1815 2122 2179 2189 (Basreliefs),
2216 2139 2252 2172 a
2274 2123 2469 2188 quibus
2493 2138 2618 2175 mox

1529 2193 1912 2243 discernuntur
1930 2185 2225 2263 γράμματα
2247 2185 2364 2257 ἷρᾶ,
2386 2193 2424 2244 i.
2455 2209 2502 2244 e.
2528 2210 2617 2244 no·

1530 2272 1616 2313 cae
1649 2261 2056 2328 hieroglyphicas
2097 2265 2153 2311 et
2188 2262 2342 2327 ipsae
2390 2263 2616 2328 rupibus

1526 2332 1762 2394 incisae,
1792 2332 1859 2382 de
1891 2331 2088 2397 quibus
2113 2331 2187 2381 ef.
2215 2331 2291 2394 11,
2322 2330 2410 2383 36.
2458 2332 2614 2384 Cous.

1529 2400 1830 2452 Goulianof
1859 2398 2187 2466 Arehdolog.
2230 2402 2434 2465 Egypt.
2472 2402 2520 2452 Ι.
2561 2418 2617 2467 p.

1529 2471 1628 2521 211
1667 2485 1694 2520 s
1768 2505 1782 2520 .

1600 2530 1656 2596 ἐς
1690 2485 1984 2603 Ξᾳώκαιαν]
2040 2537 2200 2589 Conf.
2239 2538 2296 2601 1,
2347 2536 2466 2588 142.
2519 2539 2619 2590 146

1527 2608 1663 2672 ibiq.
1698 2611 1840 2657 nott.

1597 2672 1856 2740 πέμπτης
1889 2671 2204 2739 σπιθαμῆς]
2244 2666 2507 2737 σπιθαμὴ
2537 2674 2617 2724 di-

1528 2745 1751 2795 midium
1787 2747 1872 2794 est
1908 2743 2105 2806 cubiti,
2158 2742 2383 2805 Spanne.
2455 2743 2615 2793 Conf.

1527 2815 1737 2865 Wurm.
1772 2814 1857 2863 De
1893 2810 2096 2877 pondd.
2132 2815 2261 2862 ratt.
2299 2826 2355 2876 p.
2384 2810 2455 2863 90
2477 2827 2615 2878 seq„

1529 2883 1752 2935 Boeekh
1767 2880 2056 2947 Metrolog.
2078 2880 2406 2932 Untersueh.
2438 2896 2493 2947 p.
2513 2883 2614 2932 211

1531 2968 1686 3018 seqq.
1727 2950 1850 3002 eoll.
1879 2950 1999 3001 240.
2066 2951 2228 3013 Inde,
2264 2950 2312 3000 si
2346 2951 2618 3016 Schweig-

1529 3022 1850 3073 haeuserum
1878 3020 2167 3086 sequimur,
2208 3020 2301 3085 qui
2320 3021 2492 3072 verba
2512 3021 2619 3071 hue

1530 3093 1699 3142 refert
1732 3089 1952 3157 Didymi
2001 3089 2147 3155 apud
2180 3089 2520 3141 Priscianum
2559 3106 2615 3155 p.

1534 3160 1670 3213 1530
1704 3161 1821 3240 sige
1858 3177 1913 3225 p.
1948 3161 2049 3239 217
2084 3158 2244 3209 Lind.
2296 3150 2453 3238 (τορς
2498 3156 2619 3210 τέσ-

1532 3243 1710 3295 σαρας
1742 3243 1918 3294 ημισυ
1951 3240 2153 3293 πηχεις
2191 3241 2458 3293 πεμπτην
2492 3242 2617 3277 σπι-

1528 3291 1747 3363 θαμήν.
1784 3298 1930 3353 eonf.
1955 3303 2095 3347 nott.
2116 3297 2188 3346 ad
2206 3296 2410 3348 Herod.
2434 3298 2481 3359 1,
2505 3295 2616 3360 50),

1529 3360 1759 3432 πέμπτη
1796 3358 2058 3429 σπιθαμὴ
2079 3365 2249 3415 efficit
2274 3370 2505 3430 quatuor
2527 3379 2617 3414 cu-

1528 3437 1675 3487 bitos
1729 3450 1842 3486 una
1886 3450 2007 3485 eum
2061 3432 2285 3483 dimidio
2341 3433 2459 3483 sive
2506 3447 2618 3482 una

1530 3504 1805 3569 spithama
1845 3503 2055 3553 addita.
2128 3500 2262 3551 Cum
2307 3516 2438 3550 vero
2476 3514 2617 3550 unus

1529 3574 1748 3624 cubitus
1782 3586 1947 3621 unum
1994 3574 2193 3634 aequet
2228 3569 2417 3634 pedem
2455 3572 2618 3634 atque

1530 3643 1649 3692 eius
1676 3639 1976 3703 dimidium,
1998 3638 2269 3688 exsistunt
2301 3636 2508 3701 figurae
2529 3652 2619 3701 pe·

1532 3711 1662 3762 dum
1682 3725 1778 3760 sex
1802 3714 1857 3759 et
1886 3711 1936 3777 ff.
1976 3707 2172 3757 Moneo
2207 3709 2427 3770 propter
2452 3704 2619 3755 Dabl-

1532 3795 1716 3830 mann.
1769 3775 1997 3839 (Herod.
2035 3792 2090 3841 p.
2121 3772 2245 3838 93),
2289 3775 2380 3840 qui
2414 3772 2617 3838 figuras

1532 3850 1625 3899 hie
1659 3847 1917 3913 intelligit
1951 3846 2191 3910 quinque
2229 3843 2618 3908 spithamarum

1535 3920 1655 3969 sive
1696 3917 1765 3983 34
1805 3916 2032 3982 pedum3
2081 3927 2221 3978 quae
2271 3913 2318 3962 si
2352 3910 2621 3962 Herodoti

1535 3987 1643 4039 fuit
1682 3986 1984 4046 sententia,
2033 3983 2224 4033 mirum
2267 3996 2426 4043 sane,
2476 3980 2620 4047 quod

1534 4071 1645 4107 non
1681 4054 1881 4105 dixerit
1914 4050 2082 4102 πέντε
2118 4047 2444 4115 σπιθαμῶν.
2508 4051 2619 4101 Ita·

1534 4140 1641 4191 que
1676 4123 1891 4176 Iaeobs.
1937 4120 2006 4172 de
2045 4135 2278 4171 mensur.
2325 4119 2529 4170 Herod.
2562 4135 2616 4185 p.

1534 4194 1589 4245 9.
1628 4193 1922 4260 figurarum
1944 4190 2157 4240 illarum
2191 4187 2620 4255 magnitudinem

1532 4268 1747 4313 tantam
1773 4262 1945 4312 fuisse
1967 4263 2144 4325 putat,
2171 4263 2249 4321 ut,
2278 4258 2326 4308 si
2349 4258 2418 4308 ab
2439 4271 2622 4308 earum

1537 4332 1765 4398 pedibus
1814 4328 2100 4395 spithamis
2144 4326 2323 4379 metiri
2372 4326 2621 4390 incipias,

2073 4407 2206 4470 42*
