3109 5092
373 736 453 796 50

465 346 549 413 98
1330 344 1868 409 HERODOTI

465 522 540 594 τὸ
569 520 717 613 ίρόν
742 518 825 590 τὰ
864 520 1277 610 νομιζόμενα.
1332 518 1415 590 ού
1440 517 1571 608 γὰρ
1601 510 1699 587 ὦν
1725 514 1886 588 οὐδὲ
1915 521 2114 587 τοῦτο
2141 521 2405 605 λέγεται
2444 515 2609 588 ἄλλο
2636 544 2737 604 γε,

468 622 511 716 ἢ
540 624 641 697 ὅτι
669 628 781 695 καὶ
806 628 1003 694 τοῦτο
1031 622 1300 713 ἐνόμισε
1326 622 1654 712 μαντήϊον
1681 619 1974 703 ἀψευδὲς
2006 616 2351 710 ἐκτῆσθαι.

622 726 820 798 Μετὰ
861 727 936 796 δὲ
971 732 1180 797 ταῦτα
1219 734 1502 815 θυσίῃσι
1555 724 1883 815 μεγάλῃσι
1923 721 2043 795 τὸν
2080 720 2154 793 ἐν
2195 733 2528 811 Δελφοῖσι
2569 720 2741 792 θεὸν

469 831 793 901 ἱλάσκετο.
862 830 1107 921 κτήνεά
1151 857 1223 899 τε
1262 827 1392 920 γὰρ
1430 826 1512 898 τὰ
1554 828 1816 917 θύσιμα
1868 828 2084 898 πάντα
2122 834 2452 916 τρισχίλια
2505 832 2739 911 ἔθυσε,

469 1016 631 1066 quam
668 999 895 1049 formam
943 1002 999 1047 et
1030 996 1136 1047 hoc
1167 995 1290 1047 loco
1339 1001 1395 1046 et
1431 994 1555 1045 aliis

465 1071 538 1135 (1,
598 1070 687 1121 57.
732 1068 809 1129 11,
856 1068 948 1131 89)
996 1066 1053 1115 1ιι
1106 1066 1335 1116 formam
1379 1066 1554 1130 magis

468 1139 711 1190 Ionicam
758 1132 916 1187 εἶπαι
973 1140 1373 1186 commutarunt
1431 1133 1554 1184 edd.

467 1212 696 1259 recentt.
756 1207 1005 1270 Utraque
1066 1210 1247 1254 autem
1300 1203 1558 1253 infinitivi

468 1280 641 1329 forma
667 1277 927 1327 Nostrum
952 1289 1108 1324 usum
1136 1289 1257 1324 esse
1286 1288 1555 1324 common-

468 1352 664 1406 strant,
690 1360 849 1410 quae
884 1342 1115 1408 plurima
1161 1359 1227 1393 ex
1270 1342 1552 1407 Herodoto

468 1415 701 1466 Bredov.
740 1430 793 1478 p.
841 1412 945 1491 324
982 1416 1038 1461 et
1077 1412 1179 1463 353
1216 1411 1508 1477 congessit.

537 1477 681 1533 κατὰ
712 1512 783 1523 --
808 1476 916 1547 τὴν
949 1512 1021 1521 -
1048 1472 1382 1546 ἀπόκρισιν]
1425 1481 1462 1531 i.
1504 1495 1553 1531 e.

468 1554 603 1618 quod
620 1555 798 1602 attinet
823 1552 897 1601 ad
929 1565 1234 1631 responsum.
1252 1549 1462 1629 Quod‘
1448 1564 1558 1599 iam

470 1622 699 1673 dederat
752 1620 1073 1672 Schaeferus
1130 1610 1552 1682 ὑπόκρισιν,

471 1691 526 1741 id
562 1691 778 1741 restitui
811 1690 931 1739 vult
964 1705 1071 1754 quo
1112 1704 1181 1739 ue
1223 1688 1457 1739 BredoV.
1497 1703 1552 1751 p.

469 1761 555 1823 37,
577 1776 734 1825 quem
756 1763 982 1823 recentt.
1021 1774 1050 1809 e
1090 1764 1176 1823 itt,
1209 1759 1384 1809 secuti
1405 1762 1551 1807 sunt.

468 1830 719 1881 Mutandi
763 1830 1173 1892 necessitatem,
1225 1828 1383 1879 codd.
1419 1827 1555 1875 invi-

467 1900 560 1963 tis,
596 1899 729 1949 mihi
760 1899 978 1964 quidem
1010 1898 1249 1948 nondum
1282 1896 1555 1963 persuasit

468 1970 553 2018 vir
587 1968 803 2019 doctus.

536 2030 808 2114 ποιήσασι
851 2032 982 2115 περὶ
1034 2029 1098 2085 τὸ
1141 2026 1272 2113 ἷρόν
1314 2025 1393 2083 τὰ
1439 2046 1552 2082 νο-

468 2098 826 2171 μιζόμενα]
872 2098 941 2154 τὰ
985 2096 1323 2168 νομιζόμενα
1354 2101 1553 2153 intelli-

470 2178 671 2240 guntur
694 2189 776 2236 ea,
798 2189 938 2238 quae
964 2189 1061 2238 pro
1083 2189 1230 2223 more
1253 2172 1431 2233 abiis,
1458 2171 1551 2236 qui

470 2243 749 2294 oraculum
793 2243 1159 2306 sciscitantur,
1206 2240 1322 2290 fieri
1356 2240 1552 2290 solent.

471 2313 548 2363 Hi
597 2312 740 2361 enim
786 2312 957 2361 sacris
1007 2311 1243 2375 peractis
1289 2309 1558 2374 (praestat

472 2382 594 2447 ipsa
628 2381 937 2431 Pausaniae
968 2381 1136 2430 verba
1170 2378 1321 2459 1‚34
1347 2379 1439 2429 fin.
1466 2377 1560 2429 ad-

471 2451 692 2516 ponere)
735 2440 900 2528 κριὸν
930 2417 1216 2506 θύσαντες
1248 2438 1404 2516 αὐτῷ
1429 2448 1559 2528 (pdeo

474 2516 623 2583 scil.)
666 2514 761 2568 καὶ
802 2509 865 2567 τὸ
914 2517 1093 2597 δέρμα
1123 2498 1561 2596 ὑποστρωσαμε-

472 2604 566 2639 νοι
612 2579 1006 2638 καθεύδουσιν
1044 2579 1422 2652 ἀναμένοντες
1460 2580 1561 2652 δή·

473 2657 646 2707 λωσιν
683 2648 998 2723 ὀνείρατος.
1055 2658 1140 2709 Cf.
1194 2657 1360 2707 etiam
1396 2672 1562 2722 supra

543 2765 630 2845 οὐ
650 2763 755 2861 γὰρ
792 2811 874 2845 ων
909 2786 1046 2845 οὐδὲ
1093 2792 1299 2845 τοῦτο
1347 2786 1563 2857 λέγεται

474 2855 609 2914 ἄλλο
645 2879 723 2931 γε,
778 2853 818 2929 ἢ
863 2852 971 2942 ὅτι]
1010 2864 1207 2915 Maluit
1243 2865 1328 2913 vir
1367 2861 1562 2913 doctus

476 2932 721 2999 quidam.
766 2924 1026 2982 τούτου
1075 2948 1122 2982 s.
1163 2930 1293 3013 περὶ
1331 2927 1558 2981 τούτου.

475 3000 779 3083 Schweigh.
800 3002 1132 3064 suspicatur:
1168 2995 1380 3065 λέγεται
1406 2991 1560 3049 οὐδ’

474 3061 609 3119 ἄλλο
645 3083 722 3135 γε.
787 3070 1050 3133 Equidem
1083 3068 1331 3119 voculam
1369 3067 1559 3133 τοῦτο,

477 3138 675 3206 quippe
700 3155 729 3188 e
758 3139 1111 3220 sequentibus
1144 3138 1251 3188 huc
1274 3138 1560 3200 intrusam,

475 3209 754 3270 efficerem,
794 3208 902 3256 nisi
933 3207 1214 3272 scriptoris
1262 3210 1436 3258 oratio
1474 3224 1563 3258 co-

475 3277 679 3342 piosior
715 3276 943 3327 subinde
994 3292 1060 3327 ae
1104 3277 1385 3328 verbosior
1419 3277 1560 3328 satis

477 3362 597 3397 eam
632 3342 779 3396 tueri
810 3346 1103 3397 videretur.
1148 3345 1275 3396 Eltz
1307 3344 1559 3412 (Iahrbb.

477 3416 530 3466 d.
583 3414 854 3496 Philomlog
912 3414 1104 3481 Suppl.
1162 3416 1260 3466 IX.
1316 3432 1372 3482 p.
1436 3415 1560 3480 113)

476 3485 644 3535 verba
682 3475 751 3534 οὗ
778 3476 894 3549 γὰρ
911 3516 983 3525 -
1003 3483 1216 3551 λέγεται
1250 3502 1348 3551 per
1369 3502 1562 3561 paren-

478 3554 658 3605 thesin
709 3554 869 3619 quasi
926 3554 1073 3606 dicta
1130 3554 1274 3616 vult3
1333 3572 1429 3620 pro
1477 3570 1562 3605 ων

476 3615 613 3674 οὐδὲ
644 3622 871 3674 rescribi
903 3624 1022 3674 vult
1055 3610 1138 3674 ὦν
1166 3616 1256 3689 δὴ,
1278 3641 1400 3675 cum
1421 3616 1562 3674 οὐδε

474 3693 565 3743 1ιίο
598 3708 708 3742 ιιοιι
744 3693 882 3742 satis
915 3699 1104 3758 aptum
1148 3694 1416 3745 videatur.
1478 3696 1559 3744 Ac

478 3776 609 3811 sane
640 3763 720 3811 sic
744 3761 884 3811 dixit
905 3762 1104 3812 Noster
1137 3763 1243 3826 ΙΙΙ,
1272 3765 1392 3815 121.
1432 3763 1558 3814 coll.

477 3828 640 3889 VIII,
683 3829 802 3881 128.
838 3831 937 3891 IX,
976 3831 1061 3882 32.
1095 3832 1249 3882 Sed
1232 3848 1292 3882 ιιι
1324 3833 1409 3883 his
1450 3848 1561 3882 non

479 3898 726 3964 sequitur
779 3867 937 3946 ἄλλο
962 3913 1046 3963 γε,
1094 3899 1239 3963 quod
1286 3901 1358 3951 ad
1408 3917 1563 3966 prae-

478 3981 670 4031 gressa
704 3956 812 4015 οὖκ
862 3958 967 4029 ἔχω
1008 3935 1165 4016 εἶπαι
1209 3971 1376 4020 refert
1411 3971 1560 4021 Eltz.

481 4040 538 4086 et
573 4050 695 4084 cum
739 4035 1057 4099 exceptione
1102 4035 1210 4086 dici
1254 4043 1463 4101 monet,
1502 4044 1564 4088 ut

481 4105 539 4155 1ιι
573 4102 694 4154 loco
735 4103 1004 4153 consimili
1039 4104 1561 4183 1x‚8.—1nseqq.

480 4188 578 4238 pro
616 4170 786 4221 τοῦτο
823 4171 951 4221 libri
986 4173 1203 4238 quidam
1235 4172 1461 4237 τοῦτον,
1498 4181 1564 4226 ut

482 4242 551 4293 ad
571 4240 957 4306 Amphiaraum
982 4243 1266 4304 reseratur,
1301 4242 1463 4308 idque
1484 4260 1563 4295 re-

484 4315 651 4361 centt.
677 4310 813 4360 edd.
851 4316 1197 4375 receperunt,
1235 4327 1371 4376 quos
1407 4315 1562 4378 sequi

481 4378 661 4441 nolui;
696 4394 794 4444 pro
829 4369 1118 4445 ἐκτῆσθαι
1155 4381 1344 4432 itidem
1378 4382 1561 4447 plures

1659 995 1816 1046 codd.
1861 992 2209 1059 κεκτῆσθαι.
2248 992 2356 1045 Sed
2381 993 2542 1043 Iones
2569 1007 2741 1058 aeque

1658 1071 1822 1131 atque
1867 1066 2081 1116 Atticos
2139 1064 2470 1129 duplicatam
2527 1062 2742 1113 literam

1656 1135 1893 1185 abiicere
1941 1133 2109 1184 tradit
2154 1132 2479 1183 Eustathius
2525 1133 2596 1183 ad
2631 1133 2742 1181 Ho-

1657 1220 1790 1254 mer.
1836 1204 1925 1254 Ili.
1973 1219 2100 1268 pag.
2147 1204 2270 1264 662,
2320 1202 2388 1253 39
2431 1202 2516 1254 ed.
2567 1201 2738 1252 Basil.

1656 1273 1879 1325 Consul.
1915 1273 2152 1324 Bekker.
2188 1274 2248 1321 in
2283 1272 2517 1336 Specim.
2564 1271 2745 1323 Philo-

1656 1349 1815 1394 strat.
1853 1358 1976 1407 pag.
2014 1342 2082 1393 29
2118 1358 2233 1406 seq.
2287 1341 2466 1405 ‚,Add.
2510 1344 2632 1392 Ast.
2672 1339 2744 1389 ad

1656 1413 1876 1463 Platon.
1913 1414 2045 1462 Rem
2083 1411 2231 1477 publ.
2260 1412 2327 1473 V,
2357 1411 2440 1460 15.
2467 1426 2595 1475 pag.
2618 1411 2738 1459 524.

1658 1481 2025 1533 Commentt.“
2065 1483 2157 1533 Gr.
2216 1482 2302 1531 Tu
2341 1481 2466 1530 vide
2502 1482 2577 1531 sis
2614 1481 2743 1529 Bre-

1658 1551 1785 1602 (ἴον.
1819 1568 1874 1616 p.
1913 1552 2035 1603 287.
2074 1551 2256 1603 omnia
2291 1550 2395 1600 hac
2433 1551 2499 1600 de
2549 1565 2606 1599 re
2637 1547 2745 1598 col-

1655 1620 1935 1685 ligentem.

2089 1792 2220 1843 Car.
2258 1793 2325 1842 L.

1728 1883 1941 1958 κτήνεα
1971 1907 2029 1943 τε
2064 1885 2171 1958 γὰρ
2205 1886 2276 1943 τὰ
2311 1885 2534 1958 θύσιμα
2560 1885 2748 1942 πάντα

1658 1961 1939 2029 τρισχίλια
1976 1955 2171 2029 ἔθυσε]
2221 1963 2400 2014 Vertit
2443 1963 2622 2013 locum
2667 1961 2749 2009 sic

1657 2032 2003 2082 Hermannus
2061 2032 2132 2083 ad
2185 2033 2443 2098 Vigerum
2501 2049 2556 2097 p.
2615 2031 2746 2081 727·

1659 2103 1927 2164 „mactavit
1970 2111 2053 2152 ter
2083 2104 2305 2152 millenas
2338 2102 2531 2152 hostias
2564 2118 2593 2151 e
2627 2116 2748 2166 quo·

1658 2188 1752 2235 que
1782 2187 1971 2235 genere
2007 2175 2351 2231 animantium,
2374 2171 2561 2250 quibus
2592 2186 2750 2220 sacra

1652 2243 1774 2303 tier-i
1803 2243 2028 2298 solent‘ss·
2059 2247 2121 2291 ut
2148 2242 2285 2291 adeo
2307 2233 2496 2290 πάντα
2519 2240 2609 2290 hic
2635 2240 2748 2289 sere

1659 2309 1802 2359 idem
1857 2309 1931 2358 sit
1994 2315 2158 2375 atque
2232 2300 2471 2360 ἕκαστον
2527 2306 2748 2374 γένους.

1662 2379 1822 2440 Quod
1857 2383 1982 2443 post
2021 2379 2405 2429 Casaubonum
2441 2379 2513 2428 ad
2561 2377 2745 2428 Strab-

1661 2446 1771 2498 ΙΙΙ.
1808 2463 1860 2512 p.
1901 2446 2021 2499 232.
2063 2454 2118 2498 et
2158 2448 2230 2499 ad
2273 2449 2474 2499 Athen.
2523 2448 2619 2510 IV,
2661 2447 2748 2497 10.

1664 2514 1759 2580 (al.
1821 2516 1909 2582 25)
1968 2518 2315 2568 Animadvss.
2373 2517 2499 2567 Vol.
2558 2518 2637 2567 ΙΙ.
2697 2531 2748 2579 p.

1661 2586 1766 2636 476
1810 2585 1895 2636 ed.
1938 2586 2241 2653 Schweigh.
2291 2587 2501 2637 monuit
2536 2600 2750 2651 quoque

1664 2655 1990 2706 Gronovius.
2029 2656 2143 2707 Nec
2165 2656 2396 2707 discedit
2422 2656 2749 2717 Larcherus,

1662 2725 1756 2790 qui
1793 2730 2009 2791 praeter
2036 2726 2150 2777 alia
2181 2727 2324 2777 hunc
2360 2725 2547 2776 attulit
2562 2722 2752 2775 Nostri

1660 2794 1858 2857 locum,
1901 2796 1998 2858 lx,
2035 2796 2129 2846 80:
2160 2793 2463 2877 Παυσανίῃ
2497 2787 2561 2844 δὲ
2589 2786 2752 2842 πάν*

1661 2878 1739 2912 τα
1785 2832 1953 2914 δέκα
1985 2832 2287 2929 ἐξαιρέθη,
2323 2865 2361 2913 1.
2401 2880 2452 2914 e.
2502 2879 2637 2924 „une
2674 2864 2751 2913 di-

1661 2934 1806 2984 zaine
1854 2934 1918 2984 de
1964 2940 2110 2987 tout.⁴
2185 2933 2323 2984 Add.
2364 2933 2485 2996 ΙΙΙ,
2527 2934 2608 2983 18.
2645 2933 2743 2991 IV,

1661 3001 1747 3052 88.
1823 3008 1878 3052 et
1912 3003 1984 3052 cf.
2023 3019 2236 3068 quoque
2280 3003 2355 3064 11,
2402 3004 2489 3052 52.
2525 3002 2624 3064 Vl,
2661 3003 2747 3052 57.

1664 3071 1925 3149 Stegerus
1969 3072 2075 3122 hac
2123 3072 2572 3136 interpretatione
2619 3071 2750 3120 reie-

1664 3144 1758 3190 cta
1804 3132 1991 3189 πάντα
2049 3141 2101 3191 1ι.
2163 3142 2200 3191 1.
2259 3140 2510 3191 absolute
2574 3139 2751 3204 accipi

1662 3209 1782 3259 vult
1828 3212 1880 3260 ιἰι
1925 3214 2106 3261 Allem.
2176 3211 2288 3261 Ubi
2339 3225 2406 3260 ex
2449 3208 2751 3261 Hermanni

1659 3284 1951 3361 praecepto
2005 3279 2043 3331 1.
2104 3279 2141 3329 l.
2204 3278 2548 3329 scribendum
2604 3279 2749 3329 foret

1661 3362 1974 3468 335‘5223
2011 3349 2750 3481 {10‘3‘2123u503„ssm¹2¹³5513.

1660 3487 1980 3543 Hermanni
2005 3487 2506 3551 interpretationem
2563 3502 2597 3536 a
2638 3487 2749 3551 ple·

1661 3556 1846 3621 risque
1888 3572 2033 3607 nunc
2079 3561 2352 3621 receptam
2401 3571 2522 3606 esse
2564 3557 2746 3607 video.

1661 3625 1784 3675 Alio
1822 3626 1979 3676 modo
2018 3626 2174 3676 Geist
2210 3625 2288 3689 (ἰιι
2311 3625 2750 3676 Chrestomathia

1660 3710 1715 3760 p.
1760 3695 1880 3760 143)
1927 3687 2115 3745 πάντα
2156 3696 2333 3760 accipi
2378 3694 2520 3755 vult,
2568 3694 2750 3745 reddit

1659 3765 1828 3815 enim:
1858 3779 2024 3829 ome
2059 3764 2417 3816 dreitausend:
2451 3766 2498 3814 si
2532 3764 2749 3829 quidem

1661 3831 1774 3890 πᾶς
1808 3832 2176 3883 numeralibus
2212 3850 2277 3885 eo
2300 3848 2465 3884 sensu
2497 3833 2748 3895 addatur,

1660 3906 1722 3951 ut
1759 3902 1891 3951 nihil
1926 3902 2118 3953 deesse
2152 3903 2446 3969 significet.
2494 3903 2621 3953 Alia
2657 3903 2749 3953 da-

1659 3971 1742 4021 bit
1774 3971 2051 4022 Schaefer.
2097 3971 2170 4021 ad
2219 3973 2450 4036 Dionys.
2499 3972 2751 4034 Halicar-

1663 4055 1813 4090 nass.
1853 4042 1936 4090 De
1972 4056 2209 4105 compos.
2242 4042 2428 4091 verbb.
2467 4056 2593 4107 pag.
2622 4041 2743 4093 335.

1663 4140 1733 4148 —-
1770 4100 1978 4173 κτήνη,
2036 4125 2176 4175 quae
2223 4111 2390 4161 etiam
2440 4112 2506 4160 de
2553 4111 2749 4176 quavis

1663 4193 1721 4227 re
1769 4178 2026 4228 familiari
2083 4180 2313 4230 subinde
2364 4185 2493 4231 sunt
2551 4179 2748 4229 intelli-

1662 4247 1876 4311 genda,
1898 4247 1987 4297 hic
2023 4248 2088 4298 de
2135 4249 2420 4313 pecoribus
2465 4249 2750 4314 quibusvis

1661 4316 1733 4366 ad
1769 4317 2118 4367 mactandum
2148 4318 2437 4367 destinatis
2466 4317 2747 4396 dicuntur.

1657 4375 1838 4450 κτήνη
1862 4384 2074 4451 κυρίως
2101 4378 2206 4451 μὲν
2243 4379 2314 4436 τὰ
2338 4376 2617 4450 θυόμενα,
2641 4375 2749 4439 ὅσα
