<?xml version="1.0" encoding="UTF-8"?>
<!DOCTYPE html PUBLIC "-//W3C//DTD XHTML 1.0 Transitional//EN"
    "http://www.w3.org/TR/xhtml1/DTD/xhtml1-transitional.dtd">
<html xmlns="http://www.w3.org/1999/xhtml" xml:lang="en" lang="en">
 <head>
  <title>
</title>
<meta http-equiv="Content-Type" content="text/html;charset=utf-8" />
  <meta name='ocr-system' content='tesseract 3.04.00' />
  <meta name='ocr-capabilities' content='ocr_page ocr_carea ocr_par ocr_line ocrx_word'/>
</head>
<body>
  <div class='ocr_page' id='page_1' title='image "./herodotihalicar02unkngoog_0695.png"; bbox 0 0 3109 5092; ppageno 0'>
   <div class='ocr_carea' id='block_1_1' title="bbox 1107 336 2638 400">
    <p class='ocr_par' dir='ltr' id='par_1_1' title="bbox 1107 336 2638 400">
     <span class='ocr_line' id='line_1_1' title="bbox 1107 336 2638 400; baseline 0.001 -5"><span class='ocrx_word' id='word_1_1' title='bbox 1107 336 1603 397; x_wconf 83' lang='lat' dir='ltr'><strong>EUTERPE.</strong></span> <span class='ocrx_word' id='word_1_2' title='bbox 1648 337 1732 396; x_wconf 92' lang='lat'><strong>11.</strong></span> <span class='ocrx_word' id='word_1_3' title='bbox 1780 346 1901 400; x_wconf 83' lang='lat'><strong>113.</strong></span> <span class='ocrx_word' id='word_1_4' title='bbox 2516 336 2638 398; x_wconf 88' lang='grc'><strong>675</strong></span> 
     </span>
    </p>
   </div>
   <div class='ocr_carea' id='block_1_2' title="bbox 292 496 2641 598">
    <p class='ocr_par' dir='ltr' id='par_1_2' title="bbox 292 496 2641 598">
     <span class='ocr_line' id='line_1_2' title="bbox 292 496 2641 598; baseline 0.002 -23"><span class='ocrx_word' id='word_1_5' title='bbox 292 534 298 540; x_wconf 87' lang='grc'><em>·</em></span> <span class='ocrx_word' id='word_1_6' title='bbox 357 496 525 575; x_wconf 78' lang='grc' dir='ltr'><em>ὧδε·</em></span> <span class='ocrx_word' id='word_1_7' title='bbox 600 502 1043 595; x_wconf 75' lang='grc' dir='ltr'><em>Ἀλέξανδρον</em></span> <span class='ocrx_word' id='word_1_8' title='bbox 1082 501 1478 595; x_wconf 76' lang='grc' dir='ltr'><em>ἁρπάσαντα</em></span> <span class='ocrx_word' id='word_1_9' title='bbox 1513 502 1789 597; x_wconf 79' lang='grc' dir='ltr'><em>Ἑλένην</em></span> <span class='ocrx_word' id='word_1_10' title='bbox 1816 512 1889 578; x_wconf 77' lang='grc' dir='ltr'><strong>ἐκ</strong></span> <span class='ocrx_word' id='word_1_11' title='bbox 1918 508 2236 598; x_wconf 78' lang='grc' dir='ltr'><strong><em>Σπάρτης</em></strong></span> <span class='ocrx_word' id='word_1_12' title='bbox 2276 506 2641 580; x_wconf 77' lang='grc' dir='ltr'><em>ἀποπλέειν</em></span> 
     </span>
    </p>
   </div>
   <div class='ocr_carea' id='block_1_3' title="bbox 357 606 2638 707">
    <p class='ocr_par' dir='ltr' id='par_1_3' title="bbox 357 606 2638 707">
     <span class='ocr_line' id='line_1_3' title="bbox 357 606 2638 707; baseline 0.002 -29"><span class='ocrx_word' id='word_1_13' title='bbox 357 612 423 689; x_wconf 81' lang='grc' dir='ltr'><strong>ἐς</strong></span> <span class='ocrx_word' id='word_1_14' title='bbox 449 607 574 697; x_wconf 82' lang='grc' dir='ltr'><strong>τὴν</strong></span> <span class='ocrx_word' id='word_1_15' title='bbox 610 610 887 678; x_wconf 79' lang='grc' dir='ltr'><em>ἑωυτοῦ.</em></span> <span class='ocrx_word' id='word_1_16' title='bbox 961 680 972 691; x_wconf 73' lang='grc'><strong>,</strong></span> <span class='ocrx_word' id='word_1_17' title='bbox 1012 616 1134 678; x_wconf 82' lang='grc' dir='ltr'><strong>καί</strong></span> <span class='ocrx_word' id='word_1_18' title='bbox 1162 639 1318 699; x_wconf 82' lang='grc' dir='ltr'><em>μιν,</em></span> <span class='ocrx_word' id='word_1_19' title='bbox 1359 606 1448 692; x_wconf 73' lang='grc' dir='ltr'><strong>ὥς</strong></span> <span class='ocrx_word' id='word_1_20' title='bbox 1495 614 1761 698; x_wconf 76' lang='grc' dir='ltr'><em>ἐγένετο</em></span> <span class='ocrx_word' id='word_1_21' title='bbox 1805 616 1880 681; x_wconf 77' lang='grc' dir='ltr'><strong>ἐν</strong></span> <span class='ocrx_word' id='word_1_22' title='bbox 1907 618 2000 707; x_wconf 74' lang='grc' dir='ltr'><strong>τῷ</strong></span> <span class='ocrx_word' id='word_1_23' title='bbox 2030 618 2324 706; x_wconf 75' lang='grc' dir='ltr'><strong><em>Αἰγαίῳ,</em></strong></span> <span class='ocrx_word' id='word_1_24' title='bbox 2361 615 2638 695; x_wconf 73' lang='grc' dir='ltr'><em>ἐξῶσται</em></span> 
     </span>
    </p>
   </div>
   <div class='ocr_carea' id='block_1_4' title="bbox 354 775 1449 1886">
    <p class='ocr_par' dir='ltr' id='par_1_4' title="bbox 354 775 1449 1886">
     <span class='ocr_line' id='line_1_4' title="bbox 356 775 1444 841; baseline 0 -14"><span class='ocrx_word' id='word_1_25' title='bbox 356 782 504 841; x_wconf 86' lang='lat' dir='ltr'><strong>ptam</strong></span> <span class='ocrx_word' id='word_1_26' title='bbox 565 776 735 826; x_wconf 84' lang='lat' dir='ltr'><strong>fuisse</strong></span> <span class='ocrx_word' id='word_1_27' title='bbox 793 792 828 826; x_wconf 89' lang='lat' dir='ltr'><strong>a</strong></span> <span class='ocrx_word' id='word_1_28' title='bbox 872 777 1102 838; x_wconf 88' lang='lat' dir='ltr'><strong>Proteo,</strong></span> <span class='ocrx_word' id='word_1_29' title='bbox 1160 776 1252 841; x_wconf 88' lang='lat' dir='ltr'><strong>qui</strong></span> <span class='ocrx_word' id='word_1_30' title='bbox 1297 775 1444 827; x_wconf 88' lang='lat' dir='ltr'><strong>illius</strong></span> 
     </span>
     <span class='ocr_line' id='line_1_5' title="bbox 354 845 1447 897; baseline 0.001 -1"><span class='ocrx_word' id='word_1_31' title='bbox 354 847 475 897; x_wconf 89' lang='lat' dir='ltr'><strong>loco</strong></span> <span class='ocrx_word' id='word_1_32' title='bbox 520 846 710 896; x_wconf 87' lang='lat' dir='ltr'><strong>Paridi</strong></span> <span class='ocrx_word' id='word_1_33' title='bbox 754 845 966 896; x_wconf 80' lang='lat' dir='ltr'><strong>dederit</strong></span> <span class='ocrx_word' id='word_1_34' title='bbox 1014 845 1259 896; x_wconf 76' lang='lat' dir='ltr'><strong>Helenae</strong></span> <span class='ocrx_word' id='word_1_35' title='bbox 1312 847 1447 897; x_wconf 87' lang='lat' dir='ltr'><strong>ima-</strong></span> 
     </span>
     <span class='ocr_line' id='line_1_6' title="bbox 358 915 1445 981; baseline 0.002 -16"><span class='ocrx_word' id='word_1_36' title='bbox 358 917 557 980; x_wconf 87' lang='lat' dir='ltr'><strong>ginem,</strong></span> <span class='ocrx_word' id='word_1_37' title='bbox 594 930 823 981; x_wconf 85' lang='lat' dir='ltr'><strong>quacum</strong></span> <span class='ocrx_word' id='word_1_38' title='bbox 859 916 964 966; x_wconf 88' lang='lat' dir='ltr'><strong>iste</strong></span> <span class='ocrx_word' id='word_1_39' title='bbox 998 916 1055 965; x_wconf 91' lang='lat' dir='ltr'><strong>in</strong></span> <span class='ocrx_word' id='word_1_40' title='bbox 1087 915 1308 966; x_wconf 79' lang='lat' dir='ltr'><strong>Troiam</strong></span> <span class='ocrx_word' id='word_1_41' title='bbox 1338 916 1445 967; x_wconf 89' lang='lat' dir='ltr'><strong>dis-</strong></span> 
     </span>
     <span class='ocr_line' id='line_1_7' title="bbox 357 984 1443 1051; baseline 0 -15"><span class='ocrx_word' id='word_1_42' title='bbox 357 986 602 1036; x_wconf 79' lang='lat' dir='ltr'><strong>cesserit.</strong></span> <span class='ocrx_word' id='word_1_43' title='bbox 686 984 810 1035; x_wconf 83' lang='lat' dir='ltr'><strong>vid.</strong></span> <span class='ocrx_word' id='word_1_44' title='bbox 850 984 1149 1036; x_wconf 77' lang='lat' dir='ltr'><strong>Stesichori</strong></span> <span class='ocrx_word' id='word_1_45' title='bbox 1191 986 1443 1051; x_wconf 75' lang='lat' dir='ltr'><strong>fragmm.</strong></span> 
     </span>
     <span class='ocr_line' id='line_1_8' title="bbox 355 1054 1442 1120; baseline 0.001 -15"><span class='ocrx_word' id='word_1_46' title='bbox 355 1071 484 1120; x_wconf 87' lang='lat' dir='ltr'><strong>pag.</strong></span> <span class='ocrx_word' id='word_1_47' title='bbox 524 1055 592 1106; x_wconf 82' lang='lat'><strong>92</strong></span> <span class='ocrx_word' id='word_1_48' title='bbox 628 1054 716 1106; x_wconf 88' lang='lat' dir='ltr'><strong>ed.</strong></span> <span class='ocrx_word' id='word_1_49' title='bbox 751 1054 975 1117; x_wconf 85' lang='lat' dir='ltr'><strong>Kleine,</strong></span> <span class='ocrx_word' id='word_1_50' title='bbox 1024 1055 1206 1120; x_wconf 86' lang='lat' dir='ltr'><strong>ibique</strong></span> <span class='ocrx_word' id='word_1_51' title='bbox 1248 1056 1442 1106; x_wconf 78' lang='lat' dir='ltr'><strong>Tzetz.</strong></span> 
     </span>
     <span class='ocr_line' id='line_1_9' title="bbox 355 1124 1440 1190; baseline -0.002 -15"><span class='ocrx_word' id='word_1_52' title='bbox 355 1124 427 1175; x_wconf 88' lang='lat' dir='ltr'><strong>ad</strong></span> <span class='ocrx_word' id='word_1_53' title='bbox 460 1124 805 1189; x_wconf 80' lang='lat' dir='ltr'><strong>Lycophron.</strong></span> <span class='ocrx_word' id='word_1_54' title='bbox 857 1141 911 1190; x_wconf 89' lang='lat' dir='ltr'><strong>p.</strong></span> <span class='ocrx_word' id='word_1_55' title='bbox 965 1124 1029 1174; x_wconf 88' lang='grc'><strong>16</strong></span> <span class='ocrx_word' id='word_1_56' title='bbox 1077 1125 1142 1176; x_wconf 91' lang='grc' dir='ltr'><strong>Β.</strong></span> <span class='ocrx_word' id='word_1_57' title='bbox 1216 1124 1440 1175; x_wconf 83' lang='lat' dir='ltr'><strong>Aristid.</strong></span> 
     </span>
     <span class='ocr_line' id='line_1_10' title="bbox 357 1193 1444 1259; baseline 0 -15"><span class='ocrx_word' id='word_1_58' title='bbox 357 1194 513 1244; x_wconf 86' lang='lat' dir='ltr'><strong>Orat.</strong></span> <span class='ocrx_word' id='word_1_59' title='bbox 574 1195 643 1246; x_wconf 88' lang='grc' dir='ltr'><strong>Τ.</strong></span> <span class='ocrx_word' id='word_1_60' title='bbox 691 1194 798 1244; x_wconf 90' lang='lat'><strong>111.</strong></span> <span class='ocrx_word' id='word_1_61' title='bbox 844 1209 973 1259; x_wconf 74' lang='lat' dir='ltr'><strong>pag.</strong></span> <span class='ocrx_word' id='word_1_62' title='bbox 1029 1193 1098 1245; x_wconf 82' lang='grc'><strong>92</strong></span> <span class='ocrx_word' id='word_1_63' title='bbox 1155 1195 1241 1245; x_wconf 90' lang='lat' dir='ltr'><strong>ed.</strong></span> <span class='ocrx_word' id='word_1_64' title='bbox 1289 1194 1444 1244; x_wconf 88' lang='lat' dir='ltr'><strong>lebb.</strong></span> 
     </span>
     <span class='ocr_line' id='line_1_11' title="bbox 355 1262 1444 1329; baseline -0.002 -15"><span class='ocrx_word' id='word_1_65' title='bbox 355 1262 573 1314; x_wconf 88' lang='lat' dir='ltr'><strong>Platon.</strong></span> <span class='ocrx_word' id='word_1_66' title='bbox 611 1263 679 1313; x_wconf 89' lang='lat' dir='ltr'><strong>de</strong></span> <span class='ocrx_word' id='word_1_67' title='bbox 701 1264 839 1328; x_wconf 86' lang='lat' dir='ltr'><strong>Rep.</strong></span> <span class='ocrx_word' id='word_1_68' title='bbox 895 1264 992 1313; x_wconf 84' lang='lat' dir='ltr'><strong>IX.</strong></span> <span class='ocrx_word' id='word_1_69' title='bbox 1049 1278 1177 1329; x_wconf 91' lang='lat' dir='ltr'><strong>pag.</strong></span> <span class='ocrx_word' id='word_1_70' title='bbox 1228 1264 1331 1314; x_wconf 78' lang='lat'><strong>586</strong></span> <span class='ocrx_word' id='word_1_71' title='bbox 1379 1264 1444 1313; x_wconf 82' lang='lat' dir='ltr'><strong>C.</strong></span> 
     </span>
     <span class='ocr_line' id='line_1_12' title="bbox 359 1331 1448 1399; baseline -0.003 -16"><span class='ocrx_word' id='word_1_72' title='bbox 359 1333 475 1397; x_wconf 92' lang='lat' dir='ltr'><strong>(ubi</strong></span> <span class='ocrx_word' id='word_1_73' title='bbox 510 1333 584 1383; x_wconf 89' lang='lat' dir='ltr'><strong>cf.</strong></span> <span class='ocrx_word' id='word_1_74' title='bbox 625 1335 749 1384; x_wconf 84' lang='lat' dir='ltr'><strong>Ast.</strong></span> <span class='ocrx_word' id='word_1_75' title='bbox 796 1349 853 1397; x_wconf 91' lang='lat' dir='ltr'><strong>p.</strong></span> <span class='ocrx_word' id='word_1_76' title='bbox 896 1332 1021 1399; x_wconf 74' lang='lat'><strong>604)</strong></span> <span class='ocrx_word' id='word_1_77' title='bbox 1073 1334 1238 1384; x_wconf 89' lang='lat' dir='ltr'><strong>Dion.</strong></span> <span class='ocrx_word' id='word_1_78' title='bbox 1280 1331 1448 1397; x_wconf 78' lang='lat' dir='ltr'><strong>Chry-</strong></span> 
     </span>
     <span class='ocr_line' id='line_1_13' title="bbox 358 1403 1448 1468; baseline -0.001 -16"><span class='ocrx_word' id='word_1_79' title='bbox 358 1408 495 1453; x_wconf 88' lang='lat' dir='ltr'><strong>sost.</strong></span> <span class='ocrx_word' id='word_1_80' title='bbox 531 1407 675 1453; x_wconf 87' lang='lat' dir='ltr'><strong>orat.</strong></span> <span class='ocrx_word' id='word_1_81' title='bbox 722 1403 821 1452; x_wconf 85' lang='lat' dir='ltr'><strong>XI.</strong></span> <span class='ocrx_word' id='word_1_82' title='bbox 870 1418 998 1468; x_wconf 88' lang='lat' dir='ltr'><strong>pag.</strong></span> <span class='ocrx_word' id='word_1_83' title='bbox 1050 1403 1150 1452; x_wconf 82' lang='lat'><strong>162</strong></span> <span class='ocrx_word' id='word_1_84' title='bbox 1196 1404 1264 1453; x_wconf 76' lang='lat' dir='ltr'><strong>A.</strong></span> <span class='ocrx_word' id='word_1_85' title='bbox 1341 1403 1448 1464; x_wconf 81' lang='lat' dir='ltr'><strong>Qui</strong></span> 
     </span>
     <span class='ocr_line' id='line_1_14' title="bbox 358 1471 1448 1538; baseline 0 -17"><span class='ocrx_word' id='word_1_86' title='bbox 358 1475 498 1523; x_wconf 83' lang='lat' dir='ltr'><strong>idem</strong></span> <span class='ocrx_word' id='word_1_87' title='bbox 535 1477 700 1538; x_wconf 87' lang='lat' dir='ltr'><strong>poeta</strong></span> <span class='ocrx_word' id='word_1_88' title='bbox 726 1487 868 1537; x_wconf 87' lang='lat' dir='ltr'><strong>quae</strong></span> <span class='ocrx_word' id='word_1_89' title='bbox 896 1472 962 1522; x_wconf 90' lang='lat' dir='ltr'><strong>de</strong></span> <span class='ocrx_word' id='word_1_90' title='bbox 986 1471 1196 1522; x_wconf 87' lang='lat' dir='ltr'><strong>Helena</strong></span> <span class='ocrx_word' id='word_1_91' title='bbox 1217 1473 1448 1535; x_wconf 83' lang='lat' dir='ltr'><strong>dixerat,</strong></span> 
     </span>
     <span class='ocr_line' id='line_1_15' title="bbox 357 1541 1449 1607; baseline 0 -15"><span class='ocrx_word' id='word_1_92' title='bbox 357 1547 552 1607; x_wconf 85' lang='lat' dir='ltr'><strong>postea</strong></span> <span class='ocrx_word' id='word_1_93' title='bbox 618 1546 953 1592; x_wconf 75' lang='lat' dir='ltr'><strong>retractasse</strong></span> <span class='ocrx_word' id='word_1_94' title='bbox 1010 1541 1449 1606; x_wconf 86' lang='lat' dir='ltr'><strong>palinodiamque</strong></span> 
     </span>
     <span class='ocr_line' id='line_1_16' title="bbox 357 1611 1443 1676; baseline 0.001 -15"><span class='ocrx_word' id='word_1_95' title='bbox 357 1612 625 1662; x_wconf 76' lang='lat' dir='ltr'><strong>cecinisse</strong></span> <span class='ocrx_word' id='word_1_96' title='bbox 643 1612 847 1673; x_wconf 83' lang='lat' dir='ltr'><strong>fertur,</strong></span> <span class='ocrx_word' id='word_1_97' title='bbox 888 1611 955 1661; x_wconf 92' lang='lat' dir='ltr'><strong>de</strong></span> <span class='ocrx_word' id='word_1_98' title='bbox 989 1627 1099 1676; x_wconf 89' lang='lat' dir='ltr'><strong>qua</strong></span> <span class='ocrx_word' id='word_1_99' title='bbox 1133 1611 1205 1663; x_wconf 81' lang='lat' dir='ltr'><strong>cf.</strong></span> <span class='ocrx_word' id='word_1_100' title='bbox 1227 1611 1443 1662; x_wconf 88' lang='lat' dir='ltr'><strong>Platon.</strong></span> 
     </span>
     <span class='ocr_line' id='line_1_17' title="bbox 357 1680 1445 1747; baseline -0.002 -15"><span class='ocrx_word' id='word_1_101' title='bbox 357 1682 591 1733; x_wconf 83' lang='lat' dir='ltr'><strong>Phaedr.</strong></span> <span class='ocrx_word' id='word_1_102' title='bbox 629 1697 757 1747; x_wconf 85' lang='lat' dir='ltr'><strong>pag.</strong></span> <span class='ocrx_word' id='word_1_103' title='bbox 783 1682 886 1733; x_wconf 78' lang='lat'><strong>243</strong></span> <span class='ocrx_word' id='word_1_104' title='bbox 923 1682 990 1731; x_wconf 80' lang='lat' dir='ltr'><strong>A.</strong></span> <span class='ocrx_word' id='word_1_105' title='bbox 1063 1680 1287 1733; x_wconf 79' lang='lat' dir='ltr'><strong>Maxim.</strong></span> <span class='ocrx_word' id='word_1_106' title='bbox 1313 1682 1445 1745; x_wconf 81' lang='lat' dir='ltr'><strong>Tyr.</strong></span> 
     </span>
     <span class='ocr_line' id='line_1_18' title="bbox 357 1750 1449 1817; baseline -0.002 -15"><span class='ocrx_word' id='word_1_107' title='bbox 357 1753 505 1803; x_wconf 76' lang='lat' dir='ltr'><strong>Diss-</strong></span> <span class='ocrx_word' id='word_1_108' title='bbox 555 1752 656 1803; x_wconf 82' lang='lat' dir='ltr'><strong>xl.</strong></span> <span class='ocrx_word' id='word_1_109' title='bbox 702 1767 829 1817; x_wconf 87' lang='lat' dir='ltr'><strong>pag.</strong></span> <span class='ocrx_word' id='word_1_110' title='bbox 885 1751 990 1802; x_wconf 83' lang='lat'><strong>320</strong></span> <span class='ocrx_word' id='word_1_111' title='bbox 1050 1756 1104 1799; x_wconf 88' lang='lat' dir='ltr'><strong>et</strong></span> <span class='ocrx_word' id='word_1_112' title='bbox 1151 1766 1291 1815; x_wconf 88' lang='lat' dir='ltr'><strong>quae</strong></span> <span class='ocrx_word' id='word_1_113' title='bbox 1337 1750 1449 1800; x_wconf 88' lang='lat' dir='ltr'><strong>alia</strong></span> 
     </span>
     <span class='ocr_line' id='line_1_19' title="bbox 358 1818 1449 1886; baseline -0.001 -15"><span class='ocrx_word' id='word_1_114' title='bbox 358 1821 567 1871; x_wconf 82' lang='lat' dir='ltr'><strong>excitat</strong></span> <span class='ocrx_word' id='word_1_115' title='bbox 601 1819 797 1872; x_wconf 87' lang='lat' dir='ltr'><strong>Kleine</strong></span> <span class='ocrx_word' id='word_1_116' title='bbox 831 1819 868 1871; x_wconf 92' lang='lat' dir='ltr'><strong>l.</strong></span> <span class='ocrx_word' id='word_1_117' title='bbox 896 1819 934 1869; x_wconf 89' lang='lat' dir='ltr'><strong>l.</strong></span> <span class='ocrx_word' id='word_1_118' title='bbox 972 1835 1101 1886; x_wconf 89' lang='lat' dir='ltr'><strong>pag.</strong></span> <span class='ocrx_word' id='word_1_119' title='bbox 1135 1819 1222 1871; x_wconf 86' lang='grc'><strong>91.</strong></span> <span class='ocrx_word' id='word_1_120' title='bbox 1281 1818 1449 1870; x_wconf 86' lang='lat' dir='ltr'><strong>Plura</strong></span> 
     </span>
    </p>
   </div>
   <div class='ocr_carea' id='block_1_5' title="bbox 357 1889 1474 1956">
    <p class='ocr_par' dir='ltr' id='par_1_5' title="bbox 357 1889 1474 1956">
     <span class='ocr_line' id='line_1_20' title="bbox 357 1889 1474 1956; baseline -0.002 -15"><span class='ocrx_word' id='word_1_121' title='bbox 357 1891 471 1941; x_wconf 75' lang='lat' dir='ltr'><strong>vid.</strong></span> <span class='ocrx_word' id='word_1_122' title='bbox 508 1890 653 1956; x_wconf 88' lang='lat' dir='ltr'><strong>apud</strong></span> <span class='ocrx_word' id='word_1_123' title='bbox 688 1890 869 1941; x_wconf 77' lang='lat' dir='ltr'><strong>Bodet</strong></span> <span class='ocrx_word' id='word_1_124' title='bbox 909 1889 1107 1941; x_wconf 86' lang='lat' dir='ltr'><strong>Gesch.</strong></span> <span class='ocrx_word' id='word_1_125' title='bbox 1148 1890 1201 1940; x_wconf 93' lang='lat' dir='ltr'><strong>d.</strong></span> <span class='ocrx_word' id='word_1_126' title='bbox 1229 1889 1474 1940; x_wconf 84' lang='lat' dir='ltr'><strong>Hellen.&#39;</strong></span> 
     </span>
    </p>
   </div>
   <div class='ocr_carea' id='block_1_6' title="bbox 356 1958 1459 4461">
    <p class='ocr_par' dir='ltr' id='par_1_6' title="bbox 356 1958 1448 2150">
     <span class='ocr_line' id='line_1_21' title="bbox 356 1958 1447 2041; baseline -0.002 -30"><span class='ocrx_word' id='word_1_127' title='bbox 356 1960 694 2011; x_wconf 86' lang='lat' dir='ltr'><strong>Dichtlmust</strong></span> <span class='ocrx_word' id='word_1_128' title='bbox 725 1960 800 2023; x_wconf 94' lang='lat'><strong>11,</strong></span> <span class='ocrx_word' id='word_1_129' title='bbox 838 1963 889 2011; x_wconf 88' lang='grc'><strong>2.</strong></span> <span class='ocrx_word' id='word_1_130' title='bbox 929 1975 1056 2041; x_wconf 77' lang='lat' dir='ltr'><strong>pag.</strong></span> <span class='ocrx_word' id='word_1_131' title='bbox 1087 1958 1157 2009; x_wconf 80' lang='grc'><strong>49</strong></span> <span class='ocrx_word' id='word_1_132' title='bbox 1190 1974 1343 2024; x_wconf 83' lang='lat' dir='ltr'><strong>seqq.</strong></span> <span class='ocrx_word' id='word_1_133' title='bbox 1378 1959 1447 2010; x_wconf 90' lang='grc'><strong>69</strong></span> 
     </span>
     <span class='ocr_line' id='line_1_22' title="bbox 357 2027 1448 2150; baseline -0.002 -70"><span class='ocrx_word' id='word_1_134' title='bbox 357 2046 533 2150; x_wconf 51' lang='grc' dir='ltr'><strong>ῗῖοψέἓ</strong></span> <span class='ocrx_word' id='word_1_135' title='bbox 564 2027 1216 2150; x_wconf 55' lang='lat' dir='ltr'><strong>hFrli1t12⁸⁰h⁹183¹7³F1m1³3⁰</strong></span> <span class='ocrx_word' id='word_1_136' title='bbox 1267 2030 1448 2149; x_wconf 60' lang='grc' dir='ltr'><strong>Ιὲοοῐι.</strong></span> 
     </span>
    </p>

    <p class='ocr_par' dir='ltr' id='par_1_7' title="bbox 357 2113 1459 4461">
     <span class='ocr_line' id='line_1_23' title="bbox 408 2113 1444 2151; baseline -0.001 -1"><span class='ocrx_word' id='word_1_137' title='bbox 408 2115 468 2150; x_wconf 88' lang='lat' dir='ltr'><strong>os</strong></span> <span class='ocrx_word' id='word_1_138' title='bbox 533 2115 562 2150; x_wconf 93' lang='lat' dir='ltr'><strong>c</strong></span> <span class='ocrx_word' id='word_1_139' title='bbox 603 2136 617 2151; x_wconf 88' lang='lat'><strong>.</strong></span> <span class='ocrx_word' id='word_1_140' title='bbox 757 2115 828 2150; x_wconf 89' lang='lat' dir='ltr'><strong>m.</strong></span> <span class='ocrx_word' id='word_1_141' title='bbox 1099 2133 1114 2149; x_wconf 90' lang='lat'><strong>.</strong></span> <span class='ocrx_word' id='word_1_142' title='bbox 1222 2136 1236 2149; x_wconf 91' lang='lat'><strong>.</strong></span> <span class='ocrx_word' id='word_1_143' title='bbox 1334 2134 1348 2149; x_wconf 88' lang='lat'><strong>.</strong></span> <span class='ocrx_word' id='word_1_144' title='bbox 1391 2113 1444 2149; x_wconf 75' lang='lat' dir='ltr'><strong>v,</strong></span> 
     </span>
     <span class='ocr_line' id='line_1_24' title="bbox 359 2167 1445 2234; baseline -0.003 -14"><span class='ocrx_word' id='word_1_145' title='bbox 359 2169 493 2220; x_wconf 80' lang='lat' dir='ltr'><strong>Hoff</strong></span> <span class='ocrx_word' id='word_1_146' title='bbox 543 2170 629 2220; x_wconf 91' lang='lat' dir='ltr'><strong>De</strong></span> <span class='ocrx_word' id='word_1_147' title='bbox 685 2169 869 2234; x_wconf 75' lang='lat' dir='ltr'><strong>mytho</strong></span> <span class='ocrx_word' id='word_1_148' title='bbox 937 2168 1135 2218; x_wconf 81' lang='lat' dir='ltr'><strong>Helen.</strong></span> <span class='ocrx_word' id='word_1_149' title='bbox 1195 2167 1445 2233; x_wconf 88' lang='lat' dir='ltr'><strong>Euripid.</strong></span> 
     </span>
     <span class='ocr_line' id='line_1_25' title="bbox 360 2234 1445 2305; baseline 0.001 -17"><span class='ocrx_word' id='word_1_150' title='bbox 360 2239 567 2305; x_wconf 87' lang='lat' dir='ltr'><strong>(Lugd.</strong></span> <span class='ocrx_word' id='word_1_151' title='bbox 607 2239 803 2289; x_wconf 71' lang='lat' dir='ltr'><strong>BataV.</strong></span> <span class='ocrx_word' id='word_1_152' title='bbox 854 2234 1016 2299; x_wconf 83' lang='lat'>1843)</span> <span class='ocrx_word' id='word_1_153' title='bbox 1053 2253 1183 2303; x_wconf 90' lang='lat' dir='ltr'><strong>pag.</strong></span> <span class='ocrx_word' id='word_1_154' title='bbox 1225 2236 1445 2289; x_wconf 79' lang='grc'><strong>17-36,</strong></span> 
     </span>
     <span class='ocr_line' id='line_1_26' title="bbox 357 2304 1450 2373; baseline -0.001 -15"><span class='ocrx_word' id='word_1_155' title='bbox 357 2309 544 2373; x_wconf 85' lang='lat' dir='ltr'><strong>Neque</strong></span> <span class='ocrx_word' id='word_1_156' title='bbox 585 2304 702 2359; x_wconf 79' lang='lat' dir='ltr'><strong>huc&#39;</strong></span> <span class='ocrx_word' id='word_1_157' title='bbox 736 2323 843 2358; x_wconf 90' lang='lat' dir='ltr'><strong>non</strong></span> <span class='ocrx_word' id='word_1_158' title='bbox 889 2307 1028 2357; x_wconf 84' lang='lat' dir='ltr'><strong>facit</strong></span> <span class='ocrx_word' id='word_1_159' title='bbox 1062 2311 1450 2373; x_wconf 47' lang='lat' dir='ltr'><strong>,argumentum</strong></span> 
     </span>
     <span class='ocr_line' id='line_1_27' title="bbox 358 2374 1450 2444; baseline 0 -17"><span class='ocrx_word' id='word_1_160' title='bbox 358 2377 688 2444; x_wconf 84' lang='lat' dir='ltr'><strong>Euripideae</strong></span> <span class='ocrx_word' id='word_1_161' title='bbox 748 2374 997 2439; x_wconf 83' lang='lat' dir='ltr'><strong>fabulae,</strong></span> <span class='ocrx_word' id='word_1_162' title='bbox 1071 2392 1212 2441; x_wconf 86' lang='lat' dir='ltr'><strong>quae</strong></span> <span class='ocrx_word' id='word_1_163' title='bbox 1273 2377 1450 2428; x_wconf 86' lang='lat' dir='ltr'><strong>adhuc</strong></span> 
     </span>
     <span class='ocr_line' id='line_1_28' title="bbox 357 2446 1447 2511; baseline -0.001 -14"><span class='ocrx_word' id='word_1_164' title='bbox 357 2446 603 2498; x_wconf 82' lang='lat' dir='ltr'><strong>Helenae</strong></span> <span class='ocrx_word' id='word_1_165' title='bbox 626 2448 727 2498; x_wconf 89' lang='lat' dir='ltr'><strong>sub</strong></span> <span class='ocrx_word' id='word_1_166' title='bbox 754 2447 971 2497; x_wconf 89' lang='lat' dir='ltr'><strong>nomine</strong></span> <span class='ocrx_word' id='word_1_167' title='bbox 1001 2452 1215 2507; x_wconf 79' lang='lat' dir='ltr'><strong>exstat3</strong></span> <span class='ocrx_word' id='word_1_168' title='bbox 1248 2447 1316 2497; x_wconf 92' lang='lat' dir='ltr'><strong>de</strong></span> <span class='ocrx_word' id='word_1_169' title='bbox 1339 2462 1447 2511; x_wconf 88' lang='lat' dir='ltr'><strong>quo</strong></span> 
     </span>
     <span class='ocr_line' id='line_1_29' title="bbox 359 2515 1449 2582; baseline -0.001 -16"><span class='ocrx_word' id='word_1_170' title='bbox 359 2517 605 2582; x_wconf 88' lang='lat' dir='ltr'><strong>disputat</strong></span> <span class='ocrx_word' id='word_1_171' title='bbox 641 2516 907 2567; x_wconf 86' lang='lat' dir='ltr'><strong>Matthiae</strong></span> <span class='ocrx_word' id='word_1_172' title='bbox 942 2517 998 2565; x_wconf 90' lang='lat' dir='ltr'><strong>in</strong></span> <span class='ocrx_word' id='word_1_173' title='bbox 1028 2522 1341 2567; x_wconf 88' lang='lat' dir='ltr'><strong>commentt.</strong></span> <span class='ocrx_word' id='word_1_174' title='bbox 1376 2515 1449 2566; x_wconf 92' lang='lat' dir='ltr'><strong>ad</strong></span> 
     </span>
     <span class='ocr_line' id='line_1_30' title="bbox 359 2585 1445 2652; baseline -0.002 -16"><span class='ocrx_word' id='word_1_175' title='bbox 359 2586 604 2651; x_wconf 85' lang='lat' dir='ltr'><strong>Euripid.</strong></span> <span class='ocrx_word' id='word_1_176' title='bbox 656 2592 786 2637; x_wconf 90' lang='lat' dir='ltr'><strong>tom.</strong></span> <span class='ocrx_word' id='word_1_177' title='bbox 823 2585 980 2637; x_wconf 87' lang='lat' dir='ltr'><strong>VIII.</strong></span> <span class='ocrx_word' id='word_1_178' title='bbox 1025 2601 1153 2652; x_wconf 89' lang='lat' dir='ltr'><strong>pag.</strong></span> <span class='ocrx_word' id='word_1_179' title='bbox 1192 2588 1296 2638; x_wconf 84' lang='lat'><strong>258</strong></span> <span class='ocrx_word' id='word_1_180' title='bbox 1331 2601 1445 2650; x_wconf 86' lang='lat' dir='ltr'><strong>seq.</strong></span> 
     </span>
     <span class='ocr_line' id='line_1_31' title="bbox 361 2655 1448 2721; baseline -0.003 -15"><span class='ocrx_word' id='word_1_181' title='bbox 361 2656 504 2708; x_wconf 78' lang='lat' dir='ltr'><strong>Add.</strong></span> <span class='ocrx_word' id='word_1_182' title='bbox 558 2671 695 2721; x_wconf 88' lang='lat' dir='ltr'><strong>quos</strong></span> <span class='ocrx_word' id='word_1_183' title='bbox 754 2655 945 2705; x_wconf 85' lang='lat' dir='ltr'><strong>laudat</strong></span> <span class='ocrx_word' id='word_1_184' title='bbox 1001 2655 1328 2705; x_wconf 83' lang='lat' dir='ltr'><strong>Witzsehel:</strong></span> <span class='ocrx_word' id='word_1_185' title='bbox 1392 2656 1448 2703; x_wconf 91' lang='lat' dir='ltr'><strong>in</strong></span> 
     </span>
     <span class='ocr_line' id='line_1_32' title="bbox 360 2723 1448 2790; baseline -0.002 -14"><span class='ocrx_word' id='word_1_186' title='bbox 360 2725 554 2790; x_wconf 80' lang='lat' dir='ltr'><strong>Pauly.</strong></span> <span class='ocrx_word' id='word_1_187' title='bbox 579 2723 999 2790; x_wconf 78' lang='lat' dir='ltr'><strong>Realencyclop.</strong></span> <span class='ocrx_word' id='word_1_188' title='bbox 1035 2724 1145 2774; x_wconf 90' lang='lat'><strong>111.</strong></span> <span class='ocrx_word' id='word_1_189' title='bbox 1183 2740 1312 2789; x_wconf 83' lang='lat' dir='ltr'><strong>pag.</strong></span> <span class='ocrx_word' id='word_1_190' title='bbox 1343 2723 1448 2774; x_wconf 82' lang='lat'><strong>298</strong></span> 
     </span>
     <span class='ocr_line' id='line_1_33' title="bbox 362 2795 1450 2860; baseline -0.001 -16"><span class='ocrx_word' id='word_1_191' title='bbox 362 2810 477 2860; x_wconf 91' lang='lat' dir='ltr'><strong>seq.</strong></span> <span class='ocrx_word' id='word_1_192' title='bbox 548 2795 839 2860; x_wconf 84' lang='lat' dir='ltr'><strong>Euripides</strong></span> <span class='ocrx_word' id='word_1_193' title='bbox 871 2809 1001 2844; x_wconf 85' lang='lat' dir='ltr'><strong>vero</strong></span> <span class='ocrx_word' id='word_1_194' title='bbox 1025 2799 1206 2843; x_wconf 88' lang='lat' dir='ltr'><strong>utrum</strong></span> <span class='ocrx_word' id='word_1_195' title='bbox 1242 2809 1308 2844; x_wconf 91' lang='lat' dir='ltr'><strong>ex</strong></span> <span class='ocrx_word' id='word_1_196' title='bbox 1339 2795 1450 2843; x_wconf 92' lang='lat' dir='ltr'><strong>He·</strong></span> 
     </span>
     <span class='ocr_line' id='line_1_34' title="bbox 361 2863 1449 2928; baseline -0.002 -15"><span class='ocrx_word' id='word_1_197' title='bbox 361 2865 543 2915; x_wconf 87' lang='lat' dir='ltr'><strong>rodoti</strong></span> <span class='ocrx_word' id='word_1_198' title='bbox 586 2865 902 2915; x_wconf 84' lang='lat' dir='ltr'><strong>narratione</strong></span> <span class='ocrx_word' id='word_1_199' title='bbox 933 2864 1220 2928; x_wconf 84' lang='lat' dir='ltr'><strong>profectus</strong></span> <span class='ocrx_word' id='word_1_200' title='bbox 1268 2863 1343 2913; x_wconf 89' lang='lat' dir='ltr'><strong>sit</strong></span> <span class='ocrx_word' id='word_1_201' title='bbox 1392 2863 1449 2911; x_wconf 90' lang='lat' dir='ltr'><strong>in</strong></span> 
     </span>
     <span class='ocr_line' id='line_1_35' title="bbox 361 2932 1448 3001; baseline -0.003 -17"><span class='ocrx_word' id='word_1_202' title='bbox 361 2934 580 2985; x_wconf 82' lang='lat' dir='ltr'><strong>fabulae</strong></span> <span class='ocrx_word' id='word_1_203' title='bbox 617 2938 935 3001; x_wconf 86' lang='lat' dir='ltr'><strong>argumento</strong></span> <span class='ocrx_word' id='word_1_204' title='bbox 973 2932 1338 2997; x_wconf 88' lang='lat' dir='ltr'><strong>contexendo,</strong></span> <span class='ocrx_word' id='word_1_205' title='bbox 1377 2947 1448 2982; x_wconf 90' lang='lat' dir='ltr'><strong>an</strong></span> 
     </span>
     <span class='ocr_line' id='line_1_36' title="bbox 360 3001 1450 3070; baseline -0.001 -16"><span class='ocrx_word' id='word_1_206' title='bbox 360 3006 554 3070; x_wconf 30' lang='lat' dir='ltr'><strong>potius,</strong></span> <span class='ocrx_word' id='word_1_207' title='bbox 577 3005 891 3056; x_wconf 90' lang='lat' dir='ltr'><strong>Herodotus</strong></span> <span class='ocrx_word' id='word_1_208' title='bbox 936 3001 1101 3067; x_wconf 85' lang='lat' dir='ltr'><strong>(quae</strong></span> <span class='ocrx_word' id='word_1_209' title='bbox 1145 3002 1450 3053; x_wconf 79' lang='lat' dir='ltr'><strong>Valckena-</strong></span> 
     </span>
     <span class='ocr_line' id='line_1_37' title="bbox 361 3071 1447 3136; baseline 0 -13"><span class='ocrx_word' id='word_1_210' title='bbox 361 3074 430 3123; x_wconf 88' lang='lat' dir='ltr'><strong>rii</strong></span> <span class='ocrx_word' id='word_1_211' title='bbox 456 3078 543 3124; x_wconf 85' lang='lat' dir='ltr'><strong>est</strong></span> <span class='ocrx_word' id='word_1_212' title='bbox 570 3074 847 3125; x_wconf 86' lang='lat' dir='ltr'><strong>sententia</strong></span> <span class='ocrx_word' id='word_1_213' title='bbox 879 3072 950 3122; x_wconf 79' lang='lat' dir='ltr'><strong>ad</strong></span> <span class='ocrx_word' id='word_1_214' title='bbox 977 3073 1183 3124; x_wconf 89' lang='lat' dir='ltr'><strong>Herod.</strong></span> <span class='ocrx_word' id='word_1_215' title='bbox 1212 3073 1294 3136; x_wconf 88' lang='lat'><strong>11,</strong></span> <span class='ocrx_word' id='word_1_216' title='bbox 1324 3071 1447 3135; x_wconf 86' lang='lat'>116)</span> 
     </span>
     <span class='ocr_line' id='line_1_38' title="bbox 359 3142 1450 3209; baseline -0.003 -15"><span class='ocrx_word' id='word_1_217' title='bbox 359 3143 675 3209; x_wconf 83' lang='lat' dir='ltr'><strong>Euripidem</strong></span> <span class='ocrx_word' id='word_1_218' title='bbox 719 3142 941 3209; x_wconf 90' lang='lat' dir='ltr'><strong>legerit,</strong></span> <span class='ocrx_word' id='word_1_219' title='bbox 981 3142 1049 3206; x_wconf 20' lang='lat' dir='ltr'><strong>*id</strong></span> <span class='ocrx_word' id='word_1_220' title='bbox 1093 3142 1310 3208; x_wconf 86' lang='lat' dir='ltr'><strong>quidem</strong></span> <span class='ocrx_word' id='word_1_221' title='bbox 1356 3143 1450 3192; x_wconf 78' lang='lat' dir='ltr'><strong>vix</strong></span> 
     </span>
     <span class='ocr_line' id='line_1_39' title="bbox 361 3213 1449 3280; baseline -0.001 -18"><span class='ocrx_word' id='word_1_222' title='bbox 361 3213 582 3265; x_wconf 85' lang='lat' dir='ltr'><strong>dubium</strong></span> <span class='ocrx_word' id='word_1_223' title='bbox 620 3214 824 3280; x_wconf 86' lang='lat' dir='ltr'><strong>poterit</strong></span> <span class='ocrx_word' id='word_1_224' title='bbox 855 3228 973 3263; x_wconf 85' lang='lat' dir='ltr'><strong>esse</strong></span> <span class='ocrx_word' id='word_1_225' title='bbox 1004 3213 1084 3274; x_wconf 90' lang='lat' dir='ltr'><strong>ei,</strong></span> <span class='ocrx_word' id='word_1_226' title='bbox 1122 3214 1215 3278; x_wconf 90' lang='lat' dir='ltr'><strong>qui</strong></span> <span class='ocrx_word' id='word_1_227' title='bbox 1250 3213 1449 3263; x_wconf 88' lang='lat' dir='ltr'><strong>utrius·</strong></span> 
     </span>
     <span class='ocr_line' id='line_1_40' title="bbox 360 3281 1449 3349; baseline -0.002 -16"><span class='ocrx_word' id='word_1_228' title='bbox 360 3298 465 3347; x_wconf 89' lang='lat' dir='ltr'><strong>que</strong></span> <span class='ocrx_word' id='word_1_229' title='bbox 511 3284 796 3349; x_wconf 85' lang='lat' dir='ltr'><strong>scriptoris</strong></span> <span class='ocrx_word' id='word_1_230' title='bbox 856 3285 1094 3333; x_wconf 88' lang='lat' dir='ltr'><strong>aetatem</strong></span> <span class='ocrx_word' id='word_1_231' title='bbox 1149 3281 1449 3347; x_wconf 84' lang='lat' dir='ltr'><strong>respexerit</strong></span> 
     </span>
     <span class='ocr_line' id='line_1_41' title="bbox 360 3351 1451 3417; baseline 0 -16"><span class='ocrx_word' id='word_1_232' title='bbox 360 3351 596 3417; x_wconf 88' lang='lat' dir='ltr'><strong>indeque</strong></span> <span class='ocrx_word' id='word_1_233' title='bbox 629 3353 735 3402; x_wconf 87' lang='lat' dir='ltr'><strong>sibi</strong></span> <span class='ocrx_word' id='word_1_234' title='bbox 770 3351 1134 3415; x_wconf 85' lang='lat' dir='ltr'><strong>persuaserit,</strong></span> <span class='ocrx_word' id='word_1_235' title='bbox 1171 3367 1318 3413; x_wconf 89' lang='lat' dir='ltr'><strong>„non</strong></span> <span class='ocrx_word' id='word_1_236' title='bbox 1341 3353 1451 3401; x_wconf 89' lang='lat' dir='ltr'><strong>He·</strong></span> 
     </span>
     <span class='ocr_line' id='line_1_42' title="bbox 360 3418 1452 3485; baseline -0.002 -15"><span class='ocrx_word' id='word_1_237' title='bbox 360 3420 613 3471; x_wconf 88' lang='lat' dir='ltr'><strong>rodotum</strong></span> <span class='ocrx_word' id='word_1_238' title='bbox 650 3436 716 3471; x_wconf 87' lang='lat' dir='ltr'><strong>ex</strong></span> <span class='ocrx_word' id='word_1_239' title='bbox 750 3418 1039 3485; x_wconf 84' lang='lat' dir='ltr'><strong>Euripide,</strong></span> <span class='ocrx_word' id='word_1_240' title='bbox 1093 3419 1188 3470; x_wconf 89' lang='lat' dir='ltr'><strong>sed</strong></span> <span class='ocrx_word' id='word_1_241' title='bbox 1236 3422 1452 3485; x_wconf 90' lang='lat' dir='ltr'><strong>Euripi·</strong></span> 
     </span>
     <span class='ocr_line' id='line_1_43' title="bbox 363 3487 1451 3540; baseline -0.001 0"><span class='ocrx_word' id='word_1_242' title='bbox 363 3490 482 3540; x_wconf 90' lang='lat' dir='ltr'><strong>dem</strong></span> <span class='ocrx_word' id='word_1_243' title='bbox 515 3504 583 3540; x_wconf 85' lang='lat' dir='ltr'><strong>ex</strong></span> <span class='ocrx_word' id='word_1_244' title='bbox 602 3489 884 3540; x_wconf 86' lang='lat' dir='ltr'><strong>Herodoto</strong></span> <span class='ocrx_word' id='word_1_245' title='bbox 922 3487 992 3539; x_wconf 90' lang='lat' dir='ltr'><strong>ad</strong></span> <span class='ocrx_word' id='word_1_246' title='bbox 1024 3487 1265 3539; x_wconf 83' lang='lat' dir='ltr'><strong>fabulam</strong></span> <span class='ocrx_word' id='word_1_247' title='bbox 1298 3505 1451 3539; x_wconf 83' lang='lat' dir='ltr'><strong>suam</strong></span> 
     </span>
     <span class='ocr_line' id='line_1_44' title="bbox 365 3557 1454 3622; baseline -0.003 -12"><span class='ocrx_word' id='word_1_248' title='bbox 365 3557 730 3611; x_wconf 79' lang='lat' dir='ltr'><strong>exornandam</strong></span> <span class='ocrx_word' id='word_1_249' title='bbox 778 3558 994 3608; x_wconf 87' lang='lat' dir='ltr'><strong>haurire</strong></span> <span class='ocrx_word' id='word_1_250' title='bbox 1045 3557 1347 3622; x_wconf 85' lang='lat' dir='ltr'><strong>potuisse“,</strong></span> <span class='ocrx_word' id='word_1_251' title='bbox 1391 3561 1454 3607; x_wconf 91' lang='lat' dir='ltr'><strong>ut</strong></span> 
     </span>
     <span class='ocr_line' id='line_1_45' title="bbox 363 3625 1452 3691; baseline -0.006 -10"><span class='ocrx_word' id='word_1_252' title='bbox 363 3634 513 3681; x_wconf 86' lang='lat' dir='ltr'><strong>recte</strong></span> <span class='ocrx_word' id='word_1_253' title='bbox 563 3629 756 3680; x_wconf 86' lang='lat' dir='ltr'><strong>scribit</strong></span> <span class='ocrx_word' id='word_1_254' title='bbox 813 3645 868 3679; x_wconf 80' lang='lat' dir='ltr'><strong>v.</strong></span> <span class='ocrx_word' id='word_1_255' title='bbox 918 3625 1049 3676; x_wconf 82' lang='lat' dir='ltr'><strong>Hofl&#39;</strong></span> <span class='ocrx_word' id='word_1_256' title='bbox 1090 3626 1127 3677; x_wconf 91' lang='lat' dir='ltr'><strong>l.</strong></span> <span class='ocrx_word' id='word_1_257' title='bbox 1176 3626 1216 3677; x_wconf 89' lang='lat'><strong>1.</strong></span> <span class='ocrx_word' id='word_1_258' title='bbox 1263 3642 1319 3691; x_wconf 90' lang='lat' dir='ltr'><strong>p.</strong></span> <span class='ocrx_word' id='word_1_259' title='bbox 1364 3625 1452 3690; x_wconf 83' lang='grc'><strong>49,</strong></span> 
     </span>
     <span class='ocr_line' id='line_1_46' title="bbox 364 3695 1452 3767; baseline -0.006 -16"><span class='ocrx_word' id='word_1_260' title='bbox 364 3714 597 3767; x_wconf 89' lang='lat' dir='ltr'><strong>quocum</strong></span> <span class='ocrx_word' id='word_1_261' title='bbox 617 3698 763 3749; x_wconf 85' lang='lat' dir='ltr'><strong>conf.</strong></span> <span class='ocrx_word' id='word_1_262' title='bbox 796 3696 1023 3749; x_wconf 83' lang='lat' dir='ltr'><strong>Godofr.</strong></span> <span class='ocrx_word' id='word_1_263' title='bbox 1045 3698 1341 3747; x_wconf 80' lang='lat' dir='ltr'><strong>Hermann.</strong></span> <span class='ocrx_word' id='word_1_264' title='bbox 1368 3695 1452 3744; x_wconf 84' lang='lat' dir='ltr'><strong>in:</strong></span> 
     </span>
     <span class='ocr_line' id='line_1_47' title="bbox 365 3764 1452 3831; baseline -0.006 -10"><span class='ocrx_word' id='word_1_265' title='bbox 365 3769 612 3821; x_wconf 85' lang='lat' dir='ltr'><strong>Praefat.</strong></span> <span class='ocrx_word' id='word_1_266' title='bbox 660 3769 730 3820; x_wconf 92' lang='lat' dir='ltr'><strong>ad</strong></span> <span class='ocrx_word' id='word_1_267' title='bbox 781 3764 1027 3831; x_wconf 87' lang='lat' dir='ltr'><strong>Euripid.</strong></span> <span class='ocrx_word' id='word_1_268' title='bbox 1077 3765 1276 3816; x_wconf 88' lang='lat' dir='ltr'><strong>Helen.</strong></span> <span class='ocrx_word' id='word_1_269' title='bbox 1325 3780 1452 3830; x_wconf 86' lang='lat' dir='ltr'><strong>pag.</strong></span> 
     </span>
     <span class='ocr_line' id='line_1_48' title="bbox 363 3833 1459 3904; baseline -0.005 -13"><span class='ocrx_word' id='word_1_270' title='bbox 363 3840 505 3892; x_wconf 86' lang='lat' dir='ltr'><strong>VIII</strong></span> <span class='ocrx_word' id='word_1_271' title='bbox 542 3854 656 3904; x_wconf 85' lang='lat' dir='ltr'><strong>seq.</strong></span> <span class='ocrx_word' id='word_1_272' title='bbox 733 3839 933 3904; x_wconf 90' lang='lat' dir='ltr'><strong>Itaque</strong></span> <span class='ocrx_word' id='word_1_273' title='bbox 976 3833 1222 3900; x_wconf 87' lang='lat' dir='ltr'><strong>plerique</strong></span> <span class='ocrx_word' id='word_1_274' title='bbox 1269 3850 1303 3885; x_wconf 85' lang='lat' dir='ltr'><strong>a</strong></span> <span class='ocrx_word' id='word_1_275' title='bbox 1340 3834 1459 3885; x_wconf 91' lang='lat' dir='ltr'><strong>Ste-</strong></span> 
     </span>
     <span class='ocr_line' id='line_1_49' title="bbox 365 3904 1456 3974; baseline -0.008 -13"><span class='ocrx_word' id='word_1_276' title='bbox 365 3909 580 3961; x_wconf 86' lang='lat' dir='ltr'><strong>sichoro</strong></span> <span class='ocrx_word' id='word_1_277' title='bbox 628 3908 931 3974; x_wconf 82' lang='lat' dir='ltr'><strong>profectum</strong></span> <span class='ocrx_word' id='word_1_278' title='bbox 982 3919 1101 3955; x_wconf 88' lang='lat' dir='ltr'><strong>esse</strong></span> <span class='ocrx_word' id='word_1_279' title='bbox 1143 3904 1456 3968; x_wconf 87' lang='lat' dir='ltr'><strong>Euripidem</strong></span> 
     </span>
     <span class='ocr_line' id='line_1_50' title="bbox 367 3973 1456 4038; baseline -0.006 -10"><span class='ocrx_word' id='word_1_280' title='bbox 367 3994 510 4028; x_wconf 90' lang='lat' dir='ltr'><strong>nunc</strong></span> <span class='ocrx_word' id='word_1_281' title='bbox 554 3982 824 4029; x_wconf 87' lang='lat' dir='ltr'><strong>statuunt.</strong></span> <span class='ocrx_word' id='word_1_282' title='bbox 898 3976 1054 4037; x_wconf 85' lang='lat' dir='ltr'><strong>Quae</strong></span> <span class='ocrx_word' id='word_1_283' title='bbox 1097 3973 1315 4038; x_wconf 90' lang='lat' dir='ltr'><strong>quidem</strong></span> <span class='ocrx_word' id='word_1_284' title='bbox 1349 3987 1456 4035; x_wconf 90' lang='lat' dir='ltr'><strong>res,</strong></span> 
     </span>
     <span class='ocr_line' id='line_1_51' title="bbox 365 4043 1455 4112; baseline -0.006 -15"><span class='ocrx_word' id='word_1_285' title='bbox 365 4048 542 4112; x_wconf 88' lang='lat' dir='ltr'><strong>magis</strong></span> <span class='ocrx_word' id='word_1_286' title='bbox 579 4052 761 4098; x_wconf 88' lang='lat' dir='ltr'><strong>tamen</strong></span> <span class='ocrx_word' id='word_1_287' title='bbox 806 4044 951 4111; x_wconf 91' lang='lat' dir='ltr'><strong>quod</strong></span> <span class='ocrx_word' id='word_1_288' title='bbox 999 4043 1070 4094; x_wconf 90' lang='lat' dir='ltr'><strong>ad</strong></span> <span class='ocrx_word' id='word_1_289' title='bbox 1104 4048 1297 4107; x_wconf 88' lang='lat' dir='ltr'><strong>poetas</strong></span> <span class='ocrx_word' id='word_1_290' title='bbox 1333 4043 1455 4093; x_wconf 89' lang='lat' dir='ltr'><strong>illos</strong></span> 
     </span>
     <span class='ocr_line' id='line_1_52' title="bbox 367 4111 1456 4182; baseline -0.006 -15"><span class='ocrx_word' id='word_1_291' title='bbox 367 4120 609 4181; x_wconf 84' lang='lat' dir='ltr'><strong>spectat,</strong></span> <span class='ocrx_word' id='word_1_292' title='bbox 643 4131 804 4182; x_wconf 88' lang='lat' dir='ltr'><strong>quam</strong></span> <span class='ocrx_word' id='word_1_293' title='bbox 842 4112 988 4179; x_wconf 89' lang='lat' dir='ltr'><strong>quod</strong></span> <span class='ocrx_word' id='word_1_294' title='bbox 1025 4111 1096 4161; x_wconf 87' lang='lat' dir='ltr'><strong>ad</strong></span> <span class='ocrx_word' id='word_1_295' title='bbox 1117 4112 1456 4163; x_wconf 88' lang='lat' dir='ltr'><strong>Herodotum</strong></span> 
     </span>
     <span class='ocr_line' id='line_1_53' title="bbox 367 4180 1457 4251; baseline -0.005 -15"><span class='ocrx_word' id='word_1_296' title='bbox 367 4187 629 4251; x_wconf 86' lang='lat' dir='ltr'><strong>pertinet,</strong></span> <span class='ocrx_word' id='word_1_297' title='bbox 701 4189 895 4234; x_wconf 87' lang='lat' dir='ltr'><strong>nostra</strong></span> <span class='ocrx_word' id='word_1_298' title='bbox 960 4185 1147 4232; x_wconf 88' lang='lat' dir='ltr'><strong>aetate</strong></span> <span class='ocrx_word' id='word_1_299' title='bbox 1206 4197 1241 4232; x_wconf 84' lang='lat' dir='ltr'><strong>a</strong></span> <span class='ocrx_word' id='word_1_300' title='bbox 1290 4180 1457 4246; x_wconf 86' lang='lat' dir='ltr'><strong>pluri-</strong></span> 
     </span>
     <span class='ocr_line' id='line_1_54' title="bbox 363 4252 1459 4307; baseline -0.005 0"><span class='ocrx_word' id='word_1_301' title='bbox 363 4257 467 4307; x_wconf 88' lang='lat' dir='ltr'><strong>bus</strong></span> <span class='ocrx_word' id='word_1_302' title='bbox 504 4254 639 4306; x_wconf 79' lang='lat' dir='ltr'><strong>viris</strong></span> <span class='ocrx_word' id='word_1_303' title='bbox 677 4252 854 4305; x_wconf 88' lang='lat' dir='ltr'><strong>doctis</strong></span> <span class='ocrx_word' id='word_1_304' title='bbox 887 4253 945 4302; x_wconf 89' lang='lat' dir='ltr'><strong>in</strong></span> <span class='ocrx_word' id='word_1_305' title='bbox 982 4266 1207 4301; x_wconf 83' lang='lat' dir='ltr'><strong>examen</strong></span> <span class='ocrx_word' id='word_1_306' title='bbox 1242 4255 1329 4302; x_wconf 87' lang='lat' dir='ltr'><strong>est</strong></span> <span class='ocrx_word' id='word_1_307' title='bbox 1361 4266 1459 4301; x_wconf 82' lang='lat' dir='ltr'><strong>vo-</strong></span> 
     </span>
     <span class='ocr_line' id='line_1_55' title="bbox 365 4321 1458 4389; baseline -0.005 -13"><span class='ocrx_word' id='word_1_308' title='bbox 365 4329 519 4387; x_wconf 79' lang='lat' dir='ltr'><strong>cata3</strong></span> <span class='ocrx_word' id='word_1_309' title='bbox 559 4325 615 4375; x_wconf 88' lang='lat' dir='ltr'><strong>in</strong></span> <span class='ocrx_word' id='word_1_310' title='bbox 653 4324 803 4375; x_wconf 87' lang='lat' dir='ltr'><strong>hisce</strong></span> <span class='ocrx_word' id='word_1_311' title='bbox 835 4321 1180 4389; x_wconf 86' lang='lat' dir='ltr'><strong>potissimum</strong></span> <span class='ocrx_word' id='word_1_312' title='bbox 1216 4321 1286 4371; x_wconf 85' lang='lat' dir='ltr'><strong>ab</strong></span> <span class='ocrx_word' id='word_1_313' title='bbox 1323 4321 1458 4371; x_wconf 89' lang='lat' dir='ltr'><strong>Hei-</strong></span> 
     </span>
     <span class='ocr_line' id='line_1_56' title="bbox 365 4384 1453 4461; baseline -0.006 -15"><span class='ocrx_word' id='word_1_314' title='bbox 365 4384 541 4448; x_wconf 74' lang='lat' dir='ltr'><strong>nisch.</strong></span> <span class='ocrx_word' id='word_1_315' title='bbox 577 4394 636 4446; x_wconf 88' lang='lat' dir='ltr'><strong>in</strong></span> <span class='ocrx_word' id='word_1_316' title='bbox 672 4396 1060 4461; x_wconf 84' lang='lat' dir='ltr'><strong>programmat.</strong></span> <span class='ocrx_word' id='word_1_317' title='bbox 1101 4390 1171 4442; x_wconf 91' lang='lat' dir='ltr'><strong>de</strong></span> <span class='ocrx_word' id='word_1_318' title='bbox 1204 4389 1453 4455; x_wconf 85' lang='lat' dir='ltr'><strong>Euripid.</strong></span> 
     </span>
    </p>
   </div>
   <div class='ocr_carea' id='block_1_7' title="bbox 1546 777 2649 4453">
    <p class='ocr_par' dir='ltr' id='par_1_8' title="bbox 1546 777 2648 4243">
     <span class='ocr_line' id='line_1_57' title="bbox 1548 777 2641 846; baseline 0.005 -18"><span class='ocrx_word' id='word_1_319' title='bbox 1548 777 1747 830; x_wconf 88' lang='lat' dir='ltr'><strong>Helen.</strong></span> <span class='ocrx_word' id='word_1_320' title='bbox 1789 780 2114 846; x_wconf 83' lang='lat' dir='ltr'><strong>(Vratislav.</strong></span> <span class='ocrx_word' id='word_1_321' title='bbox 2172 781 2324 833; x_wconf 73' lang='lat'><strong>1825.</strong></span> <span class='ocrx_word' id='word_1_322' title='bbox 2363 797 2491 846; x_wconf 88' lang='lat' dir='ltr'><strong>pag.</strong></span> <span class='ocrx_word' id='word_1_323' title='bbox 2535 785 2641 832; x_wconf 80' lang='lat'><strong>4—</strong></span> 
     </span>
     <span class='ocr_line' id='line_1_58' title="bbox 1546 848 2642 916; baseline 0.003 -17"><span class='ocrx_word' id='word_1_324' title='bbox 1546 848 1657 914; x_wconf 83' lang='lat'><strong>23),</strong></span> <span class='ocrx_word' id='word_1_325' title='bbox 1696 850 1766 899; x_wconf 88' lang='lat' dir='ltr'><strong>ab</strong></span> <span class='ocrx_word' id='word_1_326' title='bbox 1803 850 1906 901; x_wconf 90' lang='lat' dir='ltr'><strong>Ed.</strong></span> <span class='ocrx_word' id='word_1_327' title='bbox 1943 850 2208 901; x_wconf 78' lang='lat' dir='ltr'><strong>Muellero</strong></span> <span class='ocrx_word' id='word_1_328' title='bbox 2250 851 2306 901; x_wconf 91' lang='lat' dir='ltr'><strong>in</strong></span> <span class='ocrx_word' id='word_1_329' title='bbox 2344 852 2642 916; x_wconf 87' lang='lat' dir='ltr'><strong>scriptione</strong></span> 
     </span>
     <span class='ocr_line' id='line_1_59' title="bbox 1550 919 2638 986; baseline 0.004 -18"><span class='ocrx_word' id='word_1_330' title='bbox 1550 919 1880 985; x_wconf 83' lang='lat' dir='ltr'><strong>„Euripides</strong></span> <span class='ocrx_word' id='word_1_331' title='bbox 1936 925 2242 970; x_wconf 87' lang='lat' dir='ltr'><strong>contemtor</strong></span> <span class='ocrx_word' id='word_1_332' title='bbox 2301 925 2408 972; x_wconf 87' lang='lat' dir='ltr'><strong>etc.</strong></span> <span class='ocrx_word' id='word_1_333' title='bbox 2483 919 2638 986; x_wconf 89' lang='lat' dir='ltr'><strong>(ibid.</strong></span> 
     </span>
     <span class='ocr_line' id='line_1_60' title="bbox 1552 988 2643 1055; baseline 0.001 -17"><span class='ocrx_word' id='word_1_334' title='bbox 1552 989 1705 1039; x_wconf 80' lang='grc'><strong>1826.</strong></span> <span class='ocrx_word' id='word_1_335' title='bbox 1754 1005 1881 1055; x_wconf 87' lang='lat' dir='ltr'><strong>pag.</strong></span> <span class='ocrx_word' id='word_1_336' title='bbox 1935 988 2172 1052; x_wconf 87' lang='grc'><strong>29-32)</strong></span> <span class='ocrx_word' id='word_1_337' title='bbox 2223 1005 2288 1040; x_wconf 90' lang='lat' dir='ltr'><strong>ac</strong></span> <span class='ocrx_word' id='word_1_338' title='bbox 2336 989 2571 1055; x_wconf 86' lang='lat' dir='ltr'><strong>denique</strong></span> <span class='ocrx_word' id='word_1_339' title='bbox 2608 1006 2643 1039; x_wconf 92' lang='lat' dir='ltr'><strong>a</strong></span> 
     </span>
     <span class='ocr_line' id='line_1_61' title="bbox 1550 1058 2638 1124; baseline 0.003 -17"><span class='ocrx_word' id='word_1_340' title='bbox 1550 1058 1834 1108; x_wconf 85' lang='lat' dir='ltr'><strong>Welckero</strong></span> <span class='ocrx_word' id='word_1_341' title='bbox 1868 1059 1925 1108; x_wconf 90' lang='lat' dir='ltr'><strong>in</strong></span> <span class='ocrx_word' id='word_1_342' title='bbox 1960 1059 2139 1109; x_wconf 89' lang='lat' dir='ltr'><strong>Iahnii</strong></span> <span class='ocrx_word' id='word_1_343' title='bbox 2174 1059 2393 1110; x_wconf 82' lang='lat' dir='ltr'><strong>Annall.</strong></span> <span class='ocrx_word' id='word_1_344' title='bbox 2431 1059 2638 1124; x_wconf 82' lang='lat' dir='ltr'><strong>philon.</strong></span> 
     </span>
     <span class='ocr_line' id='line_1_62' title="bbox 1549 1127 2637 1195; baseline 0.002 -19"><span class='ocrx_word' id='word_1_345' title='bbox 1549 1128 1647 1191; x_wconf 85' lang='lat' dir='ltr'><strong>1x‚</strong></span> <span class='ocrx_word' id='word_1_346' title='bbox 1680 1128 1732 1179; x_wconf 88' lang='grc'><strong>3.</strong></span> <span class='ocrx_word' id='word_1_347' title='bbox 1758 1143 1886 1192; x_wconf 85' lang='lat' dir='ltr'><strong>pag.</strong></span> <span class='ocrx_word' id='word_1_348' title='bbox 1909 1130 2011 1180; x_wconf 88' lang='grc'><strong>276</strong></span> <span class='ocrx_word' id='word_1_349' title='bbox 2033 1144 2185 1193; x_wconf 86' lang='lat' dir='ltr'><strong>seqq.</strong></span> <span class='ocrx_word' id='word_1_350' title='bbox 2223 1127 2346 1179; x_wconf 91' lang='lat' dir='ltr'><strong>coll.</strong></span> <span class='ocrx_word' id='word_1_351' title='bbox 2376 1130 2490 1179; x_wconf 89' lang='lat' dir='ltr'><strong>Der</strong></span> <span class='ocrx_word' id='word_1_352' title='bbox 2525 1130 2637 1195; x_wconf 89' lang='lat' dir='ltr'><strong>epi-</strong></span> 
     </span>
     <span class='ocr_line' id='line_1_63' title="bbox 1553 1197 2638 1264; baseline 0.006 -18"><span class='ocrx_word' id='word_1_353' title='bbox 1553 1197 1685 1246; x_wconf 88' lang='lat' dir='ltr'><strong>sche</strong></span> <span class='ocrx_word' id='word_1_354' title='bbox 1728 1197 1929 1261; x_wconf 77' lang='lat' dir='ltr'><strong>Cyclus</strong></span> <span class='ocrx_word' id='word_1_355' title='bbox 1967 1204 2073 1248; x_wconf 89' lang='lat' dir='ltr'><strong>etc.</strong></span> <span class='ocrx_word' id='word_1_356' title='bbox 2104 1197 2181 1247; x_wconf 91' lang='lat'><strong>11.</strong></span> <span class='ocrx_word' id='word_1_357' title='bbox 2228 1213 2354 1263; x_wconf 82' lang='lat' dir='ltr'><strong>pag.</strong></span> <span class='ocrx_word' id='word_1_358' title='bbox 2391 1197 2462 1249; x_wconf 85' lang='lat'><strong>93</strong></span> <span class='ocrx_word' id='word_1_359' title='bbox 2500 1215 2638 1264; x_wconf 67' lang='lat' dir='ltr'><strong>seq„</strong></span> 
     </span>
     <span class='ocr_line' id='line_1_64' title="bbox 1551 1268 2639 1335; baseline 0.003 -19"><span class='ocrx_word' id='word_1_360' title='bbox 1551 1282 1709 1331; x_wconf 89' lang='lat' dir='ltr'><strong>quem</strong></span> <span class='ocrx_word' id='word_1_361' title='bbox 1723 1273 1925 1317; x_wconf 88' lang='lat' dir='ltr'><strong>temere</strong></span> <span class='ocrx_word' id='word_1_362' title='bbox 1940 1268 2186 1335; x_wconf 88' lang='lat' dir='ltr'><strong>sequitur</strong></span> <span class='ocrx_word' id='word_1_363' title='bbox 2194 1268 2639 1334; x_wconf 80' lang='lat' dir='ltr'><strong>Hengstenberg:</strong></span> 
     </span>
     <span class='ocr_line' id='line_1_65' title="bbox 1550 1336 2641 1403; baseline 0.002 -17"><span class='ocrx_word' id='word_1_364' title='bbox 1550 1337 1656 1386; x_wconf 88' lang='lat' dir='ltr'><strong>Die</strong></span> <span class='ocrx_word' id='word_1_365' title='bbox 1710 1336 1926 1386; x_wconf 84' lang='lat' dir='ltr'><strong>Biicher</strong></span> <span class='ocrx_word' id='word_1_366' title='bbox 1972 1337 2145 1387; x_wconf 79' lang='lat' dir='ltr'><strong>Mosis</strong></span> <span class='ocrx_word' id='word_1_367' title='bbox 2199 1342 2305 1388; x_wconf 89' lang='lat' dir='ltr'><strong>etc.</strong></span> <span class='ocrx_word' id='word_1_368' title='bbox 2362 1353 2489 1403; x_wconf 83' lang='lat' dir='ltr'><strong>pag.</strong></span> <span class='ocrx_word' id='word_1_369' title='bbox 2538 1338 2641 1388; x_wconf 84' lang='grc'><strong>276</strong></span> 
     </span>
     <span class='ocr_line' id='line_1_66' title="bbox 1551 1404 2638 1472; baseline 0.003 -17"><span class='ocrx_word' id='word_1_370' title='bbox 1551 1421 1668 1471; x_wconf 88' lang='lat' dir='ltr'><strong>seq.</strong></span> <span class='ocrx_word' id='word_1_371' title='bbox 1739 1408 1920 1472; x_wconf 79' lang='lat' dir='ltr'><strong>Atque</strong></span> <span class='ocrx_word' id='word_1_372' title='bbox 1962 1404 2285 1456; x_wconf 83' lang='lat' dir='ltr'><strong>Welckerus</strong></span> <span class='ocrx_word' id='word_1_373' title='bbox 2338 1407 2407 1457; x_wconf 88' lang='lat' dir='ltr'><strong>ad</strong></span> <span class='ocrx_word' id='word_1_374' title='bbox 2455 1409 2638 1472; x_wconf 77' lang='lat' dir='ltr'><strong>Aegy—</strong></span> 
     </span>
     <span class='ocr_line' id='line_1_67' title="bbox 1552 1475 2638 1542; baseline 0.003 -18"><span class='ocrx_word' id='word_1_375' title='bbox 1552 1475 1698 1540; x_wconf 90' lang='lat' dir='ltr'><strong>ptios</strong></span> <span class='ocrx_word' id='word_1_376' title='bbox 1744 1475 2011 1526; x_wconf 87' lang='lat' dir='ltr'><strong>Helenam</strong></span> <span class='ocrx_word' id='word_1_377' title='bbox 2066 1477 2396 1540; x_wconf 85' lang='lat' dir='ltr'><strong>pertinuisse</strong></span> <span class='ocrx_word' id='word_1_378' title='bbox 2441 1482 2638 1542; x_wconf 75' lang='lat' dir='ltr'><strong>negat3</strong></span> 
     </span>
     <span class='ocr_line' id='line_1_68' title="bbox 1553 1543 2643 1611; baseline 0.002 -16"><span class='ocrx_word' id='word_1_379' title='bbox 1553 1544 1795 1596; x_wconf 86' lang='lat' dir='ltr'><strong>fabulam</strong></span> <span class='ocrx_word' id='word_1_380' title='bbox 1833 1546 1898 1595; x_wconf 88' lang='lat' dir='ltr'><strong>de</strong></span> <span class='ocrx_word' id='word_1_381' title='bbox 1950 1543 2161 1595; x_wconf 89' lang='lat' dir='ltr'><strong>Helena</strong></span> <span class='ocrx_word' id='word_1_382' title='bbox 2204 1561 2270 1595; x_wconf 86' lang='lat' dir='ltr'><strong>ex</strong></span> <span class='ocrx_word' id='word_1_383' title='bbox 2314 1546 2438 1611; x_wconf 88' lang='lat' dir='ltr'><strong>ipsa</strong></span> <span class='ocrx_word' id='word_1_384' title='bbox 2477 1547 2643 1597; x_wconf 83' lang='lat' dir='ltr'><strong>Grae-</strong></span> 
     </span>
     <span class='ocr_line' id='line_1_69' title="bbox 1550 1614 2641 1679; baseline 0.001 -15"><span class='ocrx_word' id='word_1_385' title='bbox 1550 1615 1640 1664; x_wconf 90' lang='lat' dir='ltr'><strong>cia</strong></span> <span class='ocrx_word' id='word_1_386' title='bbox 1661 1614 1723 1679; x_wconf 90' lang='lat' dir='ltr'><strong>(a</strong></span> <span class='ocrx_word' id='word_1_387' title='bbox 1754 1614 1988 1665; x_wconf 83' lang='lat' dir='ltr'><strong>Crotone</strong></span> <span class='ocrx_word' id='word_1_388' title='bbox 2018 1615 2253 1665; x_wconf 82' lang='lat' dir='ltr'><strong>fortasse</strong></span> <span class='ocrx_word' id='word_1_389' title='bbox 2273 1620 2370 1665; x_wconf 88' lang='lat' dir='ltr'><strong>aut</strong></span> <span class='ocrx_word' id='word_1_390' title='bbox 2396 1615 2641 1678; x_wconf 84' lang='lat' dir='ltr'><strong>Himera,</strong></span> 
     </span>
     <span class='ocr_line' id='line_1_70' title="bbox 1549 1683 2642 1748; baseline 0.002 -14"><span class='ocrx_word' id='word_1_391' title='bbox 1549 1685 1646 1734; x_wconf 89' lang='lat' dir='ltr'><strong>ubi</strong></span> <span class='ocrx_word' id='word_1_392' title='bbox 1678 1684 1978 1736; x_wconf 84' lang='lat' dir='ltr'><strong>Stesichori</strong></span> <span class='ocrx_word' id='word_1_393' title='bbox 2015 1683 2295 1748; x_wconf 90' lang='lat' dir='ltr'><strong>palinodia</strong></span> <span class='ocrx_word' id='word_1_394' title='bbox 2337 1684 2504 1735; x_wconf 85' lang='lat' dir='ltr'><strong>fuerit</strong></span> <span class='ocrx_word' id='word_1_395' title='bbox 2546 1700 2642 1736; x_wconf 86' lang='lat' dir='ltr'><strong>an·</strong></span> 
     </span>
     <span class='ocr_line' id='line_1_71' title="bbox 1552 1752 2640 1819; baseline 0 -16"><span class='ocrx_word' id='word_1_396' title='bbox 1552 1752 1698 1816; x_wconf 88' lang='lat' dir='ltr'><strong>dita)</strong></span> <span class='ocrx_word' id='word_1_397' title='bbox 1730 1754 1788 1803; x_wconf 89' lang='lat' dir='ltr'><strong>in</strong></span> <span class='ocrx_word' id='word_1_398' title='bbox 1823 1756 2135 1819; x_wconf 81' lang='lat' dir='ltr'><strong>Aegyptum</strong></span> <span class='ocrx_word' id='word_1_399' title='bbox 2168 1754 2494 1804; x_wconf 81' lang='lat' dir='ltr'><strong>translatam</strong></span> <span class='ocrx_word' id='word_1_400' title='bbox 2540 1755 2640 1805; x_wconf 89' lang='lat' dir='ltr'><strong>ibi-</strong></span> 
     </span>
     <span class='ocr_line' id='line_1_72' title="bbox 1551 1823 2643 1888; baseline -0.001 -15"><span class='ocrx_word' id='word_1_401' title='bbox 1551 1839 1658 1887; x_wconf 90' lang='lat' dir='ltr'><strong>que</strong></span> <span class='ocrx_word' id='word_1_402' title='bbox 1694 1823 1888 1887; x_wconf 89' lang='lat' dir='ltr'><strong>cupide</strong></span> <span class='ocrx_word' id='word_1_403' title='bbox 1922 1827 2196 1888; x_wconf 78' lang='lat' dir='ltr'><strong>arreptam</strong></span> <span class='ocrx_word' id='word_1_404' title='bbox 2234 1837 2356 1874; x_wconf 89' lang='lat' dir='ltr'><strong>esse</strong></span> <span class='ocrx_word' id='word_1_405' title='bbox 2391 1838 2426 1873; x_wconf 89' lang='lat' dir='ltr'><strong>a</strong></span> <span class='ocrx_word' id='word_1_406' title='bbox 2460 1826 2643 1874; x_wconf 76' lang='lat' dir='ltr'><strong>sacer-</strong></span> 
     </span>
     <span class='ocr_line' id='line_1_73' title="bbox 1551 1892 2644 1959; baseline 0.001 -17"><span class='ocrx_word' id='word_1_407' title='bbox 1551 1892 1771 1942; x_wconf 88' lang='lat' dir='ltr'><strong>dotibus</strong></span> <span class='ocrx_word' id='word_1_408' title='bbox 1816 1892 2012 1943; x_wconf 84' lang='lat' dir='ltr'><strong>statuit</strong></span> <span class='ocrx_word' id='word_1_409' title='bbox 2059 1892 2307 1957; x_wconf 81' lang='lat' dir='ltr'><strong>adeoque</strong></span> <span class='ocrx_word' id='word_1_410' title='bbox 2348 1907 2644 1959; x_wconf 85' lang='lat' dir='ltr'><strong>exaggera-</strong></span> 
     </span>
     <span class='ocr_line' id='line_1_74' title="bbox 1550 1961 2641 2026; baseline 0.001 -14"><span class='ocrx_word' id='word_1_411' title='bbox 1550 1966 1690 2023; x_wconf 86' lang='lat' dir='ltr'><strong>tam,</strong></span> <span class='ocrx_word' id='word_1_412' title='bbox 1726 1966 1889 2026; x_wconf 90' lang='lat' dir='ltr'><strong>prout</strong></span> <span class='ocrx_word' id='word_1_413' title='bbox 1923 1962 2163 2025; x_wconf 86' lang='lat' dir='ltr'><strong>ipsorum</strong></span> <span class='ocrx_word' id='word_1_414' title='bbox 2213 1961 2458 2012; x_wconf 86' lang='lat' dir='ltr'><strong>consiliis</strong></span> <span class='ocrx_word' id='word_1_415' title='bbox 2497 1978 2641 2013; x_wconf 90' lang='lat' dir='ltr'><strong>com-</strong></span> 
     </span>
     <span class='ocr_line' id='line_1_75' title="bbox 1552 2030 2643 2093; baseline 0.002 -12"><span class='ocrx_word' id='word_1_416' title='bbox 1552 2031 1772 2081; x_wconf 87' lang='lat' dir='ltr'><strong>modum</strong></span> <span class='ocrx_word' id='word_1_417' title='bbox 1810 2031 1996 2081; x_wconf 84' lang='lat' dir='ltr'><strong>fuerit.</strong></span> <span class='ocrx_word' id='word_1_418' title='bbox 2068 2032 2217 2093; x_wconf 85' lang='lat' dir='ltr'><strong>Quos</strong></span> <span class='ocrx_word' id='word_1_419' title='bbox 2251 2030 2498 2081; x_wconf 89' lang='lat' dir='ltr'><strong>homines</strong></span> <span class='ocrx_word' id='word_1_420' title='bbox 2533 2032 2643 2083; x_wconf 80' lang='lat' dir='ltr'><strong>cal-</strong></span> 
     </span>
     <span class='ocr_line' id='line_1_76' title="bbox 1550 2099 2640 2166; baseline 0.003 -16"><span class='ocrx_word' id='word_1_421' title='bbox 1550 2101 1692 2151; x_wconf 88' lang='lat' dir='ltr'><strong>lidos</strong></span> <span class='ocrx_word' id='word_1_422' title='bbox 1723 2101 1892 2151; x_wconf 81' lang='lat' dir='ltr'><strong>verba</strong></span> <span class='ocrx_word' id='word_1_423' title='bbox 1918 2099 2135 2151; x_wconf 84' lang='lat' dir='ltr'><strong>dedisse</strong></span> <span class='ocrx_word' id='word_1_424' title='bbox 2159 2103 2319 2166; x_wconf 86' lang='lat' dir='ltr'><strong>putat</strong></span> <span class='ocrx_word' id='word_1_425' title='bbox 2336 2101 2640 2163; x_wconf 84' lang='lat' dir='ltr'><strong>Herodoto,</strong></span> 
     </span>
     <span class='ocr_line' id='line_1_77' title="bbox 1552 2170 2642 2235; baseline 0.001 -15"><span class='ocrx_word' id='word_1_426' title='bbox 1552 2170 1773 2221; x_wconf 88' lang='lat' dir='ltr'><strong>credulo</strong></span> <span class='ocrx_word' id='word_1_427' title='bbox 1805 2170 2036 2232; x_wconf 85' lang='lat' dir='ltr'><strong>homini,</strong></span> <span class='ocrx_word' id='word_1_428' title='bbox 2087 2170 2181 2235; x_wconf 88' lang='lat' dir='ltr'><strong>qui</strong></span> <span class='ocrx_word' id='word_1_429' title='bbox 2216 2185 2324 2235; x_wconf 90' lang='lat' dir='ltr'><strong>qua</strong></span> <span class='ocrx_word' id='word_1_430' title='bbox 2359 2175 2478 2222; x_wconf 86' lang='lat' dir='ltr'><strong>erat</strong></span> <span class='ocrx_word' id='word_1_431' title='bbox 2514 2172 2642 2221; x_wconf 86' lang='lat' dir='ltr'><strong>sim-</strong></span> 
     </span>
     <span class='ocr_line' id='line_1_78' title="bbox 1549 2239 2640 2306; baseline 0.002 -17"><span class='ocrx_word' id='word_1_432' title='bbox 1549 2240 1833 2306; x_wconf 89' lang='lat' dir='ltr'><strong>plicitate,</strong></span> <span class='ocrx_word' id='word_1_433' title='bbox 1885 2255 1951 2289; x_wconf 88' lang='lat' dir='ltr'><strong>ea</strong></span> <span class='ocrx_word' id='word_1_434' title='bbox 1997 2254 2107 2289; x_wconf 89' lang='lat' dir='ltr'><strong>non</strong></span> <span class='ocrx_word' id='word_1_435' title='bbox 2144 2239 2322 2290; x_wconf 88' lang='lat' dir='ltr'><strong>solnm</strong></span> <span class='ocrx_word' id='word_1_436' title='bbox 2354 2255 2452 2305; x_wconf 88' lang='lat' dir='ltr'><strong>pro</strong></span> <span class='ocrx_word' id='word_1_437' title='bbox 2493 2241 2640 2291; x_wconf 81' lang='lat' dir='ltr'><strong>veris</strong></span> 
     </span>
     <span class='ocr_line' id='line_1_79' title="bbox 1551 2309 2644 2372; baseline 0 -12"><span class='ocrx_word' id='word_1_438' title='bbox 1551 2310 1833 2372; x_wconf 88' lang='lat' dir='ltr'><strong>habuerit,</strong></span> <span class='ocrx_word' id='word_1_439' title='bbox 1880 2309 1975 2360; x_wconf 88' lang='lat' dir='ltr'><strong>sed</strong></span> <span class='ocrx_word' id='word_1_440' title='bbox 2023 2309 2265 2360; x_wconf 81' lang='lat' dir='ltr'><strong>rationes</strong></span> <span class='ocrx_word' id='word_1_441' title='bbox 2314 2311 2480 2361; x_wconf 87' lang='lat' dir='ltr'><strong>etiam</strong></span> <span class='ocrx_word' id='word_1_442' title='bbox 2516 2326 2644 2363; x_wconf 88' lang='lat' dir='ltr'><strong>con-</strong></span> 
     </span>
     <span class='ocr_line' id='line_1_80' title="bbox 1551 2379 2643 2446; baseline -0.001 -16"><span class='ocrx_word' id='word_1_443' title='bbox 1551 2380 1831 2445; x_wconf 85' lang='lat' dir='ltr'><strong>quisierit,</strong></span> <span class='ocrx_word' id='word_1_444' title='bbox 1893 2379 2091 2446; x_wconf 89' lang='lat' dir='ltr'><strong>quibus</strong></span> <span class='ocrx_word' id='word_1_445' title='bbox 2147 2379 2521 2445; x_wconf 84' lang='lat' dir='ltr'><strong>probabiliora</strong></span> <span class='ocrx_word' id='word_1_446' title='bbox 2565 2381 2643 2431; x_wconf 79' lang='lat' dir='ltr'><strong>vi-</strong></span> 
     </span>
     <span class='ocr_line' id='line_1_81' title="bbox 1552 2448 2644 2501; baseline 0.002 -2"><span class='ocrx_word' id='word_1_447' title='bbox 1552 2450 1809 2501; x_wconf 87' lang='lat' dir='ltr'><strong>derentur</strong></span> <span class='ocrx_word' id='word_1_448' title='bbox 1844 2449 2187 2499; x_wconf 85' lang='lat' dir='ltr'><strong>sacerdotum</strong></span> <span class='ocrx_word' id='word_1_449' title='bbox 2231 2448 2459 2500; x_wconf 87' lang='lat' dir='ltr'><strong>istorum</strong></span> <span class='ocrx_word' id='word_1_450' title='bbox 2499 2466 2644 2501; x_wconf 86' lang='lat' dir='ltr'><strong>men-</strong></span> 
     </span>
     <span class='ocr_line' id='line_1_82' title="bbox 1552 2517 2640 2581; baseline -0.001 -11"><span class='ocrx_word' id='word_1_451' title='bbox 1552 2520 1729 2570; x_wconf 87' lang='lat' dir='ltr'><strong>dacia.</strong></span> <span class='ocrx_word' id='word_1_452' title='bbox 1770 2520 1923 2581; x_wconf 86' lang='lat' dir='ltr'><strong>Quae</strong></span> <span class='ocrx_word' id='word_1_453' title='bbox 1951 2517 2149 2568; x_wconf 89' lang='lat' dir='ltr'><strong>nollem</strong></span> <span class='ocrx_word' id='word_1_454' title='bbox 2170 2517 2503 2569; x_wconf 84' lang='lat' dir='ltr'><strong>excidissent</strong></span> <span class='ocrx_word' id='word_1_455' title='bbox 2523 2520 2640 2570; x_wconf 83' lang='lat' dir='ltr'><strong>viro</strong></span> 
     </span>
     <span class='ocr_line' id='line_1_83' title="bbox 1551 2587 2643 2654; baseline -0.001 -15"><span class='ocrx_word' id='word_1_456' title='bbox 1551 2587 1904 2639; x_wconf 77' lang='lat' dir='ltr'><strong>doctissimo!</strong></span> <span class='ocrx_word' id='word_1_457' title='bbox 1941 2587 2146 2637; x_wconf 88' lang='lat' dir='ltr'><strong>Vereor</strong></span> <span class='ocrx_word' id='word_1_458' title='bbox 2170 2587 2331 2649; x_wconf 89' lang='lat' dir='ltr'><strong>enim,</strong></span> <span class='ocrx_word' id='word_1_459' title='bbox 2369 2602 2461 2651; x_wconf 88' lang='lat' dir='ltr'><strong>ne,</strong></span> <span class='ocrx_word' id='word_1_460' title='bbox 2501 2604 2643 2654; x_wconf 89' lang='lat' dir='ltr'><strong>quae</strong></span> 
     </span>
     <span class='ocr_line' id='line_1_84' title="bbox 1551 2655 2642 2721; baseline -0.001 -15"><span class='ocrx_word' id='word_1_461' title='bbox 1551 2658 1609 2706; x_wconf 90' lang='lat' dir='ltr'><strong>in</strong></span> <span class='ocrx_word' id='word_1_462' title='bbox 1654 2657 1994 2707; x_wconf 89' lang='lat' dir='ltr'><strong>Herodotum</strong></span> <span class='ocrx_word' id='word_1_463' title='bbox 2042 2655 2280 2720; x_wconf 82' lang='lat' dir='ltr'><strong>profert,</strong></span> <span class='ocrx_word' id='word_1_464' title='bbox 2330 2656 2419 2706; x_wconf 79' lang='lat' dir='ltr'><strong>vel</strong></span> <span class='ocrx_word' id='word_1_465' title='bbox 2466 2658 2642 2721; x_wconf 87' lang='lat' dir='ltr'><strong>magis</strong></span> 
     </span>
     <span class='ocr_line' id='line_1_85' title="bbox 1551 2724 2644 2791; baseline 0 -16"><span class='ocrx_word' id='word_1_466' title='bbox 1551 2725 1683 2776; x_wconf 85' lang='lat' dir='ltr'><strong>ficta</strong></span> <span class='ocrx_word' id='word_1_467' title='bbox 1720 2729 1887 2791; x_wconf 88' lang='lat' dir='ltr'><strong>atque</strong></span> <span class='ocrx_word' id='word_1_468' title='bbox 1909 2724 2137 2776; x_wconf 81' lang='lat' dir='ltr'><strong>confusa</strong></span> <span class='ocrx_word' id='word_1_469' title='bbox 2161 2724 2470 2777; x_wconf 79' lang='lat' dir='ltr'><strong>videantur.</strong></span> <span class='ocrx_word' id='word_1_470' title='bbox 2534 2727 2644 2776; x_wconf 89' lang='lat' dir='ltr'><strong>He-</strong></span> 
     </span>
     <span class='ocr_line' id='line_1_86' title="bbox 1549 2793 2644 2846; baseline -0.001 -1"><span class='ocrx_word' id='word_1_471' title='bbox 1549 2795 1803 2845; x_wconf 88' lang='lat' dir='ltr'><strong>rodotum</strong></span> <span class='ocrx_word' id='word_1_472' title='bbox 1850 2798 2030 2844; x_wconf 88' lang='lat' dir='ltr'><strong>autem</strong></span> <span class='ocrx_word' id='word_1_473' title='bbox 2096 2799 2158 2843; x_wconf 92' lang='lat' dir='ltr'><strong>ut</strong></span> <span class='ocrx_word' id='word_1_474' title='bbox 2201 2793 2429 2844; x_wconf 87' lang='lat' dir='ltr'><strong>habeam</strong></span> <span class='ocrx_word' id='word_1_475' title='bbox 2476 2795 2644 2846; x_wconf 88' lang='lat' dir='ltr'><strong>homi-</strong></span> 
     </span>
     <span class='ocr_line' id='line_1_87' title="bbox 1549 2862 2645 2928; baseline 0 -13"><span class='ocrx_word' id='word_1_476' title='bbox 1549 2880 1674 2915; x_wconf 91' lang='lat' dir='ltr'><strong>nem</strong></span> <span class='ocrx_word' id='word_1_477' title='bbox 1720 2862 2027 2925; x_wconf 87' lang='lat' dir='ltr'><strong>credulum,</strong></span> <span class='ocrx_word' id='word_1_478' title='bbox 2089 2863 2179 2928; x_wconf 89' lang='lat' dir='ltr'><strong>qui</strong></span> <span class='ocrx_word' id='word_1_479' title='bbox 2228 2862 2392 2913; x_wconf 81' lang='lat' dir='ltr'><strong>facile</strong></span> <span class='ocrx_word' id='word_1_480' title='bbox 2447 2879 2508 2914; x_wconf 90' lang='lat' dir='ltr'><strong>se</strong></span> <span class='ocrx_word' id='word_1_481' title='bbox 2555 2864 2645 2915; x_wconf 91' lang='lat' dir='ltr'><strong>de-</strong></span> 
     </span>
     <span class='ocr_line' id='line_1_88' title="bbox 1550 2934 2641 3000; baseline 0 -15"><span class='ocrx_word' id='word_1_482' title='bbox 1550 2934 1661 3000; x_wconf 88' lang='lat' dir='ltr'><strong>cipi</strong></span> <span class='ocrx_word' id='word_1_483' title='bbox 1695 2948 1891 2998; x_wconf 82' lang='lat' dir='ltr'><strong>passus</strong></span> <span class='ocrx_word' id='word_1_484' title='bbox 1923 2934 2022 2991; x_wconf 91' lang='lat' dir='ltr'><strong>sit,</strong></span> <span class='ocrx_word' id='word_1_485' title='bbox 2061 2947 2337 2998; x_wconf 88' lang='lat' dir='ltr'><strong>nunquam</strong></span> <span class='ocrx_word' id='word_1_486' title='bbox 2360 2949 2395 2983; x_wconf 88' lang='lat' dir='ltr'><strong>a</strong></span> <span class='ocrx_word' id='word_1_487' title='bbox 2423 2950 2508 2985; x_wconf 89' lang='lat' dir='ltr'><strong>me</strong></span> <span class='ocrx_word' id='word_1_488' title='bbox 2541 2936 2641 2985; x_wconf 87' lang='lat' dir='ltr'><strong>im·</strong></span> 
     </span>
     <span class='ocr_line' id='line_1_89' title="bbox 1548 3002 2646 3069; baseline 0 -14"><span class='ocrx_word' id='word_1_489' title='bbox 1548 3009 1767 3069; x_wconf 87' lang='lat' dir='ltr'><strong>petrare</strong></span> <span class='ocrx_word' id='word_1_490' title='bbox 1799 3017 2051 3069; x_wconf 80' lang='lat' dir='ltr'><strong>possum3</strong></span> <span class='ocrx_word' id='word_1_491' title='bbox 2099 3017 2259 3068; x_wconf 87' lang='lat' dir='ltr'><strong>quem</strong></span> <span class='ocrx_word' id='word_1_492' title='bbox 2295 3002 2446 3053; x_wconf 84' lang='lat' dir='ltr'><strong>aliud</strong></span> <span class='ocrx_word' id='word_1_493' title='bbox 2479 3002 2646 3069; x_wconf 89' lang='lat' dir='ltr'><strong>plane</strong></span> 
     </span>
     <span class='ocr_line' id='line_1_90' title="bbox 1551 3072 2647 3140; baseline 0.002 -17"><span class='ocrx_word' id='word_1_494' title='bbox 1551 3074 1716 3140; x_wconf 88' lang='lat' dir='ltr'><strong>idque</strong></span> <span class='ocrx_word' id='word_1_495' title='bbox 1752 3072 2133 3140; x_wconf 80' lang='lat' dir='ltr'><strong>gravissimum</strong></span> <span class='ocrx_word' id='word_1_496' title='bbox 2184 3072 2240 3123; x_wconf 90' lang='lat' dir='ltr'><strong>in</strong></span> <span class='ocrx_word' id='word_1_497' title='bbox 2275 3072 2358 3123; x_wconf 89' lang='lat' dir='ltr'><strong>his</strong></span> <span class='ocrx_word' id='word_1_498' title='bbox 2390 3089 2647 3125; x_wconf 89' lang='lat' dir='ltr'><strong>enarran-</strong></span> 
     </span>
     <span class='ocr_line' id='line_1_91' title="bbox 1553 3142 2644 3209; baseline 0.002 -16"><span class='ocrx_word' id='word_1_499' title='bbox 1553 3144 1636 3193; x_wconf 87' lang='lat' dir='ltr'><strong>dis</strong></span> <span class='ocrx_word' id='word_1_500' title='bbox 1673 3148 1983 3209; x_wconf 80' lang='lat' dir='ltr'><strong>spectasse,</strong></span> <span class='ocrx_word' id='word_1_501' title='bbox 2022 3143 2093 3193; x_wconf 90' lang='lat' dir='ltr'><strong>ad</strong></span> <span class='ocrx_word' id='word_1_502' title='bbox 2131 3142 2210 3201; x_wconf 89' lang='lat' dir='ltr'><strong>II,</strong></span> <span class='ocrx_word' id='word_1_503' title='bbox 2255 3143 2349 3194; x_wconf 83' lang='lat'><strong>115</strong></span> <span class='ocrx_word' id='word_1_504' title='bbox 2381 3143 2644 3197; x_wconf 82' lang='lat' dir='ltr'><strong>indicavi.</strong></span> 
     </span>
     <span class='ocr_line' id='line_1_92' title="bbox 1550 3212 2646 3280; baseline -0.003 -15"><span class='ocrx_word' id='word_1_505' title='bbox 1550 3216 1730 3280; x_wconf 80' lang='lat' dir='ltr'><strong>Atque</strong></span> <span class='ocrx_word' id='word_1_506' title='bbox 1779 3215 1835 3263; x_wconf 88' lang='lat' dir='ltr'><strong>in</strong></span> <span class='ocrx_word' id='word_1_507' title='bbox 1891 3212 1996 3263; x_wconf 89' lang='lat' dir='ltr'><strong>hac</strong></span> <span class='ocrx_word' id='word_1_508' title='bbox 2043 3212 2302 3262; x_wconf 80' lang='lat' dir='ltr'><strong>universa</strong></span> <span class='ocrx_word' id='word_1_509' title='bbox 2350 3213 2536 3264; x_wconf 81' lang='lat' dir='ltr'><strong>fabula</strong></span> <span class='ocrx_word' id='word_1_510' title='bbox 2579 3212 2646 3262; x_wconf 87' lang='lat' dir='ltr'><strong>il-</strong></span> 
     </span>
     <span class='ocr_line' id='line_1_93' title="bbox 1550 3281 2644 3347; baseline -0.003 -14"><span class='ocrx_word' id='word_1_511' title='bbox 1550 3283 1646 3334; x_wconf 90' lang='lat' dir='ltr'><strong>lud</strong></span> <span class='ocrx_word' id='word_1_512' title='bbox 1681 3283 1902 3334; x_wconf 89' lang='lat' dir='ltr'><strong>minime</strong></span> <span class='ocrx_word' id='word_1_513' title='bbox 1937 3281 2039 3332; x_wconf 89' lang='lat' dir='ltr'><strong>erit</strong></span> <span class='ocrx_word' id='word_1_514' title='bbox 2084 3282 2644 3347; x_wconf 85' lang='lat' dir='ltr'><strong>praetermittendum,</strong></span> 
     </span>
     <span class='ocr_line' id='line_1_94' title="bbox 1552 3350 2645 3415; baseline -0.004 -12"><span class='ocrx_word' id='word_1_515' title='bbox 1552 3360 1735 3404; x_wconf 88' lang='lat' dir='ltr'><strong>utrum</strong></span> <span class='ocrx_word' id='word_1_516' title='bbox 1766 3351 1863 3402; x_wconf 89' lang='lat' dir='ltr'><strong>illo</strong></span> <span class='ocrx_word' id='word_1_517' title='bbox 1912 3356 2155 3415; x_wconf 89' lang='lat' dir='ltr'><strong>tempore</strong></span> <span class='ocrx_word' id='word_1_518' title='bbox 2200 3350 2488 3415; x_wconf 80' lang='lat' dir='ltr'><strong>Aegyptiis</strong></span> <span class='ocrx_word' id='word_1_519' title='bbox 2531 3365 2645 3400; x_wconf 87' lang='lat' dir='ltr'><strong>om-</strong></span> 
     </span>
     <span class='ocr_line' id='line_1_95' title="bbox 1553 3419 2645 3480; baseline -0.005 -9"><span class='ocrx_word' id='word_1_520' title='bbox 1553 3423 1684 3472; x_wconf 90' lang='lat' dir='ltr'><strong>nino</strong></span> <span class='ocrx_word' id='word_1_521' title='bbox 1701 3422 1868 3472; x_wconf 85' lang='lat' dir='ltr'><strong>fuerit</strong></span> <span class='ocrx_word' id='word_1_522' title='bbox 1887 3420 2265 3470; x_wconf 88' lang='lat' dir='ltr'><strong>commercium</strong></span> <span class='ocrx_word' id='word_1_523' title='bbox 2284 3434 2405 3468; x_wconf 90' lang='lat' dir='ltr'><strong>cum</strong></span> <span class='ocrx_word' id='word_1_524' title='bbox 2425 3419 2645 3480; x_wconf 80' lang='lat' dir='ltr'><strong>exteris,</strong></span> 
     </span>
     <span class='ocr_line' id='line_1_96' title="bbox 1556 3485 2644 3554; baseline -0.005 -13"><span class='ocrx_word' id='word_1_525' title='bbox 1556 3491 1780 3542; x_wconf 85' lang='lat' dir='ltr'><strong>Graecis</strong></span> <span class='ocrx_word' id='word_1_526' title='bbox 1800 3488 2136 3554; x_wconf 88' lang='lat' dir='ltr'><strong>praesertim,</strong></span> <span class='ocrx_word' id='word_1_527' title='bbox 2152 3502 2342 3537; x_wconf 87' lang='lat' dir='ltr'><strong>necne.</strong></span> <span class='ocrx_word' id='word_1_528' title='bbox 2375 3485 2644 3553; x_wconf 78' lang='lat' dir='ltr'><strong>Equidem</strong></span> 
     </span>
     <span class='ocr_line' id='line_1_97' title="bbox 1558 3557 2646 3620; baseline -0.004 -12"><span class='ocrx_word' id='word_1_529' title='bbox 1558 3557 1694 3609; x_wconf 88' lang='lat' dir='ltr'><strong>nihil</strong></span> <span class='ocrx_word' id='word_1_530' title='bbox 1724 3558 2058 3618; x_wconf 87' lang='lat' dir='ltr'><strong>discernam,</strong></span> <span class='ocrx_word' id='word_1_531' title='bbox 2108 3571 2228 3605; x_wconf 90' lang='lat' dir='ltr'><strong>cum</strong></span> <span class='ocrx_word' id='word_1_532' title='bbox 2265 3557 2322 3604; x_wconf 91' lang='lat' dir='ltr'><strong>in</strong></span> <span class='ocrx_word' id='word_1_533' title='bbox 2359 3560 2646 3620; x_wconf 86' lang='lat' dir='ltr'><strong>utramque</strong></span> 
     </span>
     <span class='ocr_line' id='line_1_98' title="bbox 1558 3623 2648 3692; baseline -0.003 -15"><span class='ocrx_word' id='word_1_534' title='bbox 1558 3634 1768 3692; x_wconf 85' lang='lat' dir='ltr'><strong>partem</strong></span> <span class='ocrx_word' id='word_1_535' title='bbox 1791 3630 1945 3676; x_wconf 86' lang='lat' dir='ltr'><strong>certa</strong></span> <span class='ocrx_word' id='word_1_536' title='bbox 1968 3623 2148 3677; x_wconf 86' lang='lat' dir='ltr'><strong>desint</strong></span> <span class='ocrx_word' id='word_1_537' title='bbox 2168 3625 2503 3687; x_wconf 84' lang='lat' dir='ltr'><strong>testimonia,</strong></span> <span class='ocrx_word' id='word_1_538' title='bbox 2530 3626 2648 3691; x_wconf 88' lang='lat' dir='ltr'><strong>qui-</strong></span> 
     </span>
     <span class='ocr_line' id='line_1_99' title="bbox 1558 3692 2648 3758; baseline -0.001 -13"><span class='ocrx_word' id='word_1_539' title='bbox 1558 3697 1661 3746; x_wconf 88' lang='lat' dir='ltr'><strong>bus</strong></span> <span class='ocrx_word' id='word_1_540' title='bbox 1696 3705 1782 3745; x_wconf 80' lang='lat' dir='ltr'><strong>res</strong></span> <span class='ocrx_word' id='word_1_541' title='bbox 1821 3693 2018 3745; x_wconf 82' lang='lat' dir='ltr'><strong>confici</strong></span> <span class='ocrx_word' id='word_1_542' title='bbox 2051 3698 2235 3758; x_wconf 88' lang='lat' dir='ltr'><strong>queat.</strong></span> <span class='ocrx_word' id='word_1_543' title='bbox 2309 3692 2469 3745; x_wconf 79' lang='lat' dir='ltr'><strong>Cous.</strong></span> <span class='ocrx_word' id='word_1_544' title='bbox 2504 3696 2648 3744; x_wconf 88' lang='lat' dir='ltr'><strong>Hee-</strong></span> 
     </span>
     <span class='ocr_line' id='line_1_100' title="bbox 1560 3755 2647 3827; baseline -0.004 -11"><span class='ocrx_word' id='word_1_545' title='bbox 1560 3781 1674 3816; x_wconf 89' lang='lat' dir='ltr'><strong>ren.</strong></span> <span class='ocrx_word' id='word_1_546' title='bbox 1713 3764 1883 3814; x_wconf 89' lang='lat' dir='ltr'><strong>Ideen</strong></span> <span class='ocrx_word' id='word_1_547' title='bbox 1907 3763 1987 3826; x_wconf 89' lang='lat'><strong>11,</strong></span> <span class='ocrx_word' id='word_1_548' title='bbox 2024 3764 2074 3813; x_wconf 89' lang='grc'><strong>2.</strong></span> <span class='ocrx_word' id='word_1_549' title='bbox 2116 3779 2239 3827; x_wconf 82' lang='lat' dir='ltr'><strong>pag.</strong></span> <span class='ocrx_word' id='word_1_550' title='bbox 2265 3760 2388 3814; x_wconf 87' lang='grc'><strong>378.</strong></span> <span class='ocrx_word' id='word_1_551' title='bbox 2414 3794 2485 3803; x_wconf 94' lang='grc'><strong>-</strong></span> <span class='ocrx_word' id='word_1_552' title='bbox 2504 3755 2647 3813; x_wconf 80' lang='grc' dir='ltr'><em>ἄπο-</em></span> 
     </span>
     <span class='ocr_line' id='line_1_101' title="bbox 1560 3822 2647 3897; baseline -0.002 -14"><span class='ocrx_word' id='word_1_553' title='bbox 1560 3832 1768 3896; x_wconf 80' lang='grc' dir='ltr'><em>πλέειν,</em></span> <span class='ocrx_word' id='word_1_554' title='bbox 1806 3838 1868 3883; x_wconf 90' lang='lat' dir='ltr'><strong>ut</strong></span> <span class='ocrx_word' id='word_1_555' title='bbox 1905 3822 2159 3880; x_wconf 66' lang='grc' dir='ltr'><em>ἐκπλέειν</em></span> <span class='ocrx_word' id='word_1_556' title='bbox 2193 3847 2317 3897; x_wconf 91' lang='lat' dir='ltr'><strong>cap.</strong></span> <span class='ocrx_word' id='word_1_557' title='bbox 2352 3848 2489 3897; x_wconf 71' lang='lat' dir='ltr'><strong>seq„</strong></span> <span class='ocrx_word' id='word_1_558' title='bbox 2525 3833 2647 3882; x_wconf 89' lang='lat' dir='ltr'><strong>reli-</strong></span> 
     </span>
     <span class='ocr_line' id='line_1_102' title="bbox 1561 3899 2648 3970; baseline -0.002 -17"><span class='ocrx_word' id='word_1_559' title='bbox 1561 3904 1654 3970; x_wconf 92' lang='lat' dir='ltr'><strong>qui</strong></span> <span class='ocrx_word' id='word_1_560' title='bbox 1692 3903 1942 3954; x_wconf 89' lang='lat' dir='ltr'><strong>omnibus</strong></span> <span class='ocrx_word' id='word_1_561' title='bbox 1979 3899 2130 3950; x_wconf 88' lang='lat' dir='ltr'><strong>libris</strong></span> <span class='ocrx_word' id='word_1_562' title='bbox 2165 3902 2471 3966; x_wconf 86' lang='lat' dir='ltr'><strong>probatum.</strong></span> <span class='ocrx_word' id='word_1_563' title='bbox 2545 3904 2648 3953; x_wconf 87' lang='lat' dir='ltr'><strong>Re-</strong></span> 
     </span>
     <span class='ocr_line' id='line_1_103' title="bbox 1561 3961 2647 4024; baseline -0.001 -1"><span class='ocrx_word' id='word_1_564' title='bbox 1561 3977 1729 4024; x_wconf 89' lang='lat' dir='ltr'><strong>centt.</strong></span> <span class='ocrx_word' id='word_1_565' title='bbox 1791 3971 1917 4022; x_wconf 89' lang='lat' dir='ltr'><strong>edd.</strong></span> <span class='ocrx_word' id='word_1_566' title='bbox 1970 3961 2316 4020; x_wconf 75' lang='grc' dir='ltr'><em>ἆποπλαίειν.</em></span> <span class='ocrx_word' id='word_1_567' title='bbox 2418 3970 2527 4021; x_wconf 83' lang='lat' dir='ltr'><strong>Sed</strong></span> <span class='ocrx_word' id='word_1_568' title='bbox 2572 3973 2647 4023; x_wconf 87' lang='lat' dir='ltr'><strong>cf.</strong></span> 
     </span>
     <span class='ocr_line' id='line_1_104' title="bbox 1558 4040 2648 4107; baseline -0.004 -14"><span class='ocrx_word' id='word_1_569' title='bbox 1558 4042 1794 4093; x_wconf 65' lang='lat' dir='ltr'><strong>BredoV.</strong></span> <span class='ocrx_word' id='word_1_570' title='bbox 1827 4055 1953 4107; x_wconf 85' lang='lat' dir='ltr'><strong>pag.</strong></span> <span class='ocrx_word' id='word_1_571' title='bbox 1988 4040 2087 4089; x_wconf 88' lang='grc'><strong>172</strong></span> <span class='ocrx_word' id='word_1_572' title='bbox 2111 4055 2225 4105; x_wconf 90' lang='lat' dir='ltr'><strong>seq.</strong></span> <span class='ocrx_word' id='word_1_573' title='bbox 2300 4040 2414 4091; x_wconf 85' lang='lat' dir='ltr'><strong>Nec</strong></span> <span class='ocrx_word' id='word_1_574' title='bbox 2440 4041 2648 4092; x_wconf 78' lang='lat' dir='ltr'><strong>mutavi</strong></span> 
     </span>
     <span class='ocr_line' id='line_1_105' title="bbox 1561 4107 2646 4175; baseline -0.003 -13"><span class='ocrx_word' id='word_1_575' title='bbox 1561 4107 1723 4162; x_wconf 84' lang='grc' dir='ltr'><em>πλέοι</em></span> <span class='ocrx_word' id='word_1_576' title='bbox 1760 4125 1880 4175; x_wconf 87' lang='lat' dir='ltr'><strong>cap.</strong></span> <span class='ocrx_word' id='word_1_577' title='bbox 1932 4108 2050 4170; x_wconf 86' lang='lat'><strong>115,</strong></span> <span class='ocrx_word' id='word_1_578' title='bbox 2093 4110 2162 4161; x_wconf 91' lang='lat' dir='ltr'><strong>ab</strong></span> <span class='ocrx_word' id='word_1_579' title='bbox 2204 4108 2329 4159; x_wconf 85' lang='lat' dir='ltr'><strong>aliis</strong></span> <span class='ocrx_word' id='word_1_580' title='bbox 2379 4115 2646 4161; x_wconf 85' lang='lat' dir='ltr'><strong>mutatum</strong></span> 
     </span>
     <span class='ocr_line' id='line_1_106' title="bbox 1562 4168 2648 4243; baseline -0.001 -12"><span class='ocrx_word' id='word_1_581' title='bbox 1562 4181 1617 4231; x_wconf 88' lang='lat' dir='ltr'><strong>in</strong></span> <span class='ocrx_word' id='word_1_582' title='bbox 1654 4175 1854 4243; x_wconf 71' lang='grc' dir='ltr'><em>πλόοι,</em></span> <span class='ocrx_word' id='word_1_583' title='bbox 1884 4182 2049 4243; x_wconf 92' lang='lat' dir='ltr'><strong>atque</strong></span> <span class='ocrx_word' id='word_1_584' title='bbox 2070 4168 2379 4228; x_wconf 75' lang='grc' dir='ltr'><em>ἀποπλέειν</em></span> <span class='ocrx_word' id='word_1_585' title='bbox 2412 4180 2489 4241; x_wconf 88' lang='lat'><strong>11,</strong></span> <span class='ocrx_word' id='word_1_586' title='bbox 2530 4179 2648 4231; x_wconf 82' lang='lat'><strong>119.</strong></span> 
     </span>
    </p>

    <p class='ocr_par' dir='ltr' id='par_1_9' title="bbox 1558 4237 2649 4453">
     <span class='ocr_line' id='line_1_107' title="bbox 1632 4237 2647 4315; baseline -0.001 -17"><span class='ocrx_word' id='word_1_587' title='bbox 1632 4241 1869 4310; x_wconf 75' lang='grc' dir='ltr'><em>ἐξῶσται</em></span> <span class='ocrx_word' id='word_1_588' title='bbox 1904 4238 2104 4311; x_wconf 78' lang='grc' dir='ltr'><em>ἄνεμοι</em></span> <span class='ocrx_word' id='word_1_589' title='bbox 2142 4237 2470 4315; x_wconf 74' lang='grc' dir='ltr'><em>ἐκβάλλουσι</em></span> <span class='ocrx_word' id='word_1_590' title='bbox 2503 4240 2558 4305; x_wconf 75' lang='grc' dir='ltr'><strong>ἐς</strong></span> <span class='ocrx_word' id='word_1_591' title='bbox 2583 4242 2647 4297; x_wconf 87' lang='grc' dir='ltr'><strong>τὸ</strong></span> 
     </span>
     <span class='ocr_line' id='line_1_108' title="bbox 1559 4309 2648 4384; baseline -0.002 -17"><span class='ocrx_word' id='word_1_592' title='bbox 1559 4310 1878 4384; x_wconf 79' lang='grc' dir='ltr'><em>Αἰγύπτιον</em></span> <span class='ocrx_word' id='word_1_593' title='bbox 1924 4313 2185 4382; x_wconf 79' lang='grc' dir='ltr'><em>πέλαγος]</em></span> <span class='ocrx_word' id='word_1_594' title='bbox 2242 4309 2478 4378; x_wconf 73' lang='grc' dir='ltr'><em>ἐξῶσται</em></span> <span class='ocrx_word' id='word_1_595' title='bbox 2519 4309 2648 4366; x_wconf 77' lang='grc' dir='ltr'><strong>ἅνε-</strong></span> 
     </span>
     <span class='ocr_line' id='line_1_109' title="bbox 1558 4387 2649 4453; baseline -0.002 -15"><span class='ocrx_word' id='word_1_596' title='bbox 1558 4403 1679 4453; x_wconf 86' lang='grc' dir='ltr'><em>μοι,</em></span> <span class='ocrx_word' id='word_1_597' title='bbox 1714 4389 1848 4439; x_wconf 79' lang='lat' dir='ltr'><strong>ventt&#39;</strong></span> <span class='ocrx_word' id='word_1_598' title='bbox 1890 4389 2213 4449; x_wconf 72' lang='lat' dir='ltr'><strong>empulsores,</strong></span> <span class='ocrx_word' id='word_1_599' title='bbox 2248 4387 2288 4437; x_wconf 85' lang='lat' dir='ltr'><strong>i.</strong></span> <span class='ocrx_word' id='word_1_600' title='bbox 2324 4402 2374 4437; x_wconf 87' lang='lat' dir='ltr'><strong>e.</strong></span> <span class='ocrx_word' id='word_1_601' title='bbox 2413 4402 2479 4436; x_wconf 84' lang='lat' dir='ltr'><strong>ex</strong></span> <span class='ocrx_word' id='word_1_602' title='bbox 2525 4402 2649 4436; x_wconf 91' lang='lat' dir='ltr'><strong>con-</strong></span> 
     </span>
    </p>
   </div>
   <div class='ocr_carea' id='block_1_8' title="bbox 2083 4466 2221 4532">
    <p class='ocr_par' dir='ltr' id='par_1_10' title="bbox 2083 4466 2221 4532">
     <span class='ocr_line' id='line_1_110' title="bbox 2083 4466 2221 4532; baseline 0.014 -2"><span class='ocrx_word' id='word_1_603' title='bbox 2083 4466 2221 4532; x_wconf 79' lang='lat'><strong>43*</strong></span> 
     </span>
    </p>
   </div>
   <div class='ocr_carea' id='block_1_9' title="bbox 3099 2116 3102 2999">
    <p class='ocr_par' dir='ltr' id='par_1_11' title="bbox 3099 2116 3102 2999">
     <span class='ocr_line' id='line_1_111' title="bbox 3099 2116 3102 2999; baseline 0 0"><span class='ocrx_word' id='word_1_604' title='bbox 3099 2116 3102 2999; x_wconf 95' lang='lat' dir='ltr'><strong> </strong></span> 
     </span>
    </p>
   </div>
   <div class='ocr_carea' id='block_1_10' title="bbox 3098 2116 3104 3804">
    <p class='ocr_par' dir='ltr' id='par_1_12' title="bbox 3098 2116 3104 3804">
     <span class='ocr_line' id='line_1_112' title="bbox 3098 2116 3104 3804; baseline 0 0"><span class='ocrx_word' id='word_1_605' title='bbox 3098 2116 3104 3804; x_wconf 95' lang='lat' dir='ltr'><strong> </strong></span> 
     </span>
    </p>
   </div>
  </div>
 </body>
</html>
