3109 5092
637 1211 1062 1316 Divenditis
1134 1250 1371 1337 prioris
1447 1248 1756 1315 editionis
1840 1241 2286 1312 voluminibus
2353 1263 2529 1309 nova
2601 1264 2750 1309 cum

469 1366 762 1458 paranda
803 1374 978 1431 esset
1019 1366 1253 1451 editio,
1300 1366 1494 1433 huius
1536 1387 1752 1455 neque
1789 1361 2140 1431 consilium
2174 1382 2388 1449 neque
2428 1361 2752 1428 rationem

468 1496 724 1553 mutare
790 1486 1135 1569 constitui,
1211 1485 1330 1552 sed
1384 1485 1453 1551 id
1512 1507 1709 1574 quam
1763 1482 2053 1550 maxime
2104 1481 2245 1567 egi,
2301 1488 2405 1565 ut,
2462 1503 2631 1569 quae
2681 1483 2753 1547 in

470 1606 689 1695 priore
740 1604 1029 1671 editione
1085 1614 1539 1694 spectaveram
1551 1655 1572 1690 ‚
1635 1626 1715 1669 ea
1763 1604 1834 1668 in
1887 1600 2097 1667 altera
2131 1620 2409 1688 -quoque
2461 1608 2750 1666 tenerem

470 1722 835 1811 meliusque
894 1723 1060 1789 adeo
1128 1731 1547 1813 praestarem.
1661 1722 1884 1805 Quare
1936 1729 2089 1786 ante
2160 1719 2378 1786 omnia
2430 1716 2754 1786 Herodoti

470 1843 676 1911 verba
716 1840 954 1929 relegi,
1008 1842 1185 1909 haud
1227 1843 1489 1931 quidem
1535 1844 1725 1910 novis
1767 1840 2086 1909 librorum
2123 1860 2323 1903 manu
2362 1840 2750 1926 scriptorum

473 1961 787 2029 subsidiis
817 1962 1197 2045 instructus,
1242 1984 1410 2050 quae
1441 1984 1673 2029 vereor
1705 1982 1863 2026 sane
1893 1966 1967 2024 ut
1998 1980 2286 2046 unquam
2322 1958 2574 2046 acquiri
2605 1980 2751 2047 pos·

472 2083 636 2166 sint,
677 2080 795 2145 sed
824 2081 1089 2166 egregie
1118 2080 1382 2146 adiutus
1420 2082 1713 2149 virorum
1746 2079 2084 2146 doctorum
2118 2098 2319 2166 opera
2353 2076 2425 2142 in
2457 2075 2751 2144 Herodo—

471 2209 619 2266 teae
641 2201 956 2266 orationis
979 2198 1191 2264 forma
1213 2200 1607 2289 dialectique
1630 2200 1882 2265 ratione
1908 2196 2276 2261 accuratius
2297 2197 2754 2282 cognoscenda

473 2326 539 2383 et
582 2318 775 2406 quasi
831 2316 1225 2384 stabilienda
1272 2315 1442 2383 bene
1490 2320 1738 2406 posita:
1786 2337 1917 2405 qua
1959 2316 2030 2380 in
2067 2337 2140 2379 re
2185 2324 2536 2402 quantum,
2590 2315 2751 2380 alios

472 2444 546 2502 ut
598 2444 852 2501 taceam
867 2486 887 2521 ‚
943 2434 1418 2517 Quaestionum
1473 2438 1851 2503 criticarum
1910 2434 1991 2499 de
2048 2433 2329 2500 dialecto
2377 2431 2755 2500 Herodotea

473 2554 661 2622 libris
706 2562 1013 2643 quatuor,
1048 2576 1211 2643 quos
1247 2556 1511 2644 scripsit
1547 2560 1733 2622 Ferd.
1777 2559 1903 2620 Jul.
1966 2556 2132 2619 Caes.
2180 2555 2517 2618 Bredovius
2569 2552 2755 2642 (Lip-

475 2675 647 2759 siae,
716 2673 1040 2739 sumtibus
1107 2682 1172 2739 et
1223 2674 1400 2762 typis
1460 2674 1540 2739 B.
1612 2674 1696 2740 G.
1763 2672 2098 2739 Teubneri
2148 2669 2753 2756 MDCCCXLVI),

476 2792 750 2858 debeam
768 2842 788 2877 ‚
844 2793 1119 2880 quaevis
1172 2791 1313 2858 fere
1358 2793 1552 2858 huius
1602 2792 1911 2858 editionis
1946 2792 2192 2879 pagina
2223 2790 2458 2857 docere
2491 2793 2753 2881 poterit.

474 2908 1062 2977 Emendationibus
1103 2933 1361 2998 quoque
1395 2912 1648 3000 aliquot
1679 2915 1902 2996 owen,
1945 2910 2075 2977 viri
2107 2910 2549 2998 sagacissimi,
2593 2932 2755 2977 usus

474 3050 655 3113 sum,
716 3050 880 3116 quas
940 3029 1295 3116 singularis
1348 3034 1728 3110 Surinqarii,
1783 3030 2056 3096 rectoris
2110 3028 2461 3095 Leidensis
2519 3029 2758 3095 doctis-

475 3149 656 3233 simi,
701 3148 1163 3215 benevolentia
1206 3148 1293 3214 ad
1332 3171 1437 3213 me
1481 3149 1848 3214 transmisit
1871 3148 1959 3234 ³⁸).
2047 3146 2280 3236 Neque
2334 3149 2405 3216 in
2446 3147 2572 3214 hac
2612 3170 2756 3217 ver-

616 3475 671 3542 *)
710 3477 983 3528 Nonnulla
1002 3515 1015 3540 ,
1056 3491 1200 3543 quae
1225 3476 1298 3528 ad
1326 3489 1412 3525 me
1443 3482 1844 3541 pervenerunt,
1883 3491 2006 3527 cum
2033 3475 2247 3543 reliqua
2275 3481 2426 3542 typis
2462 3479 2574 3529 iam
2610 3477 2761 3531 edita

481 3568 698 3628 essent,
735 3563 789 3615 h.
828 3564 865 3615 1.
907 3564 1229 3616 subiiciam:
2213 3608 2218 3613 ,

617 3654 677 3716 1,
722 3652 803 3703 11.
854 3667 907 3716 Ρ.
942 3653 1009 3702 28
1057 3652 1141 3703 ed.
1179 3656 1350 3703 nostr.
1396 3649 1454 3699 in
1489 3647 1700 3701 verbis:
1748 3638 1792 3697 ὥ
1836 3642 1901 3698 δὲ
1934 3638 2114 3714 ἡμέρη
2163 3642 2465 3715 τάχιστα
2510 3641 2759 3716 ἐγεγόνεε

476 3741 687 3792 Cobeto
712 3738 902 3804 spuria
945 3738 1167 3789 videtur
1192 3754 1301 3789 vox
1336 3727 1587 3801 τάχιστα.
1625 3763 1692 3771 -
1728 3736 1756 3786 1
1774 3773 1787 3798 ,
1816 3735 1901 3787 18.
1931 3753 1984 3803 p.
2012 3735 2076 3787 41
2108 3735 2251 3786 idem
2274 3736 2471 3789 verba:
2498 3729 2756 3787 Σαδυάτ-

474 3841 577 3891 της
610 3817 715 3891 γὰρ
755 3810 927 3879 οὗτος
960 3819 1058 3873 καὶ
1083 3814 1114 3873 ὁ
1138 3813 1241 3873 τὸν
1277 3813 1530 3888 πόλεμον
1567 3815 1830 3887 συνάψας
1858 3838 2082 3889 prorsus
2108 3823 2276 3874 deleri
2309 3822 2448 3875 vult.
2488 3849 2556 3859 —
2589 3825 2637 3885 1,
2664 3826 2749 3875 24.

471 3929 525 3980 Ρ.
556 3911 622 3965 51
659 3909 904 3977 praefert
925 3909 1114 3961 Cobet.
1152 3900 1713 3973 κατεργάσεσθαι.
1751 3935 1818 3945 -
1848 3912 1874 3960 1
1895 3948 1908 3974 ,
1935 3910 2021 3963 31.
2047 3926 2102 3975 p.
2134 3910 2200 3960 70
2235 3910 2403 3961 scribi
2427 3909 2571 3960 idem
2597 3911 2755 3962 vult:

469 3995 595 4050 τοῦ
628 3988 926 4065 ἀνθρώπῳ
957 3997 1149 4062 τυχεῖν
1183 3983 1422 4061 ἄριστόν
1443 3985 1555 4043 ἔστι
1591 4010 1691 4060 pro
1717 3994 1865 4062 vulg.
1906 3989 1998 4048 τό.
2041 4024 2107 4034 -
2144 3998 2203 4061 1,
2241 3997 2326 4049 32.
2366 4014 2420 4063 p.
2458 3998 2527 4049 75
2560 4012 2751 4049 vocem

463 4077 718 4142 ἄνουσος
752 4088 1070 4150 suspectam
1104 4082 1273 4133 habet
1309 4080 1469 4131 idem.
1517 4109 1585 4117 —
1631 4081 1688 4143 1,
1728 4082 1813 4133 41.
1853 4100 1906 4150 p.
1945 4085 2012 4135 88
2051 4100 2150 4150 pro
2187 4083 2336 4148 vulg.
2374 4073 2746 4148 ἆπολαμπρύ·

462 4186 585 4223 νεαι
633 4170 804 4223 scribi
850 4170 972 4222 vult
1017 4159 1604 4234 ἄπολαμπρυνέεαι,
1655 4169 1800 4235 quod
1848 4171 1993 4223 idem
2040 4171 2261 4224 restitui
2307 4170 2462 4222 iubet
2509 4170 2742 4223 Bredov.

457 4276 512 4326 p.
539 4259 662 4311 375.
700 4284 767 4295 -
802 4258 860 4322 1,
897 4257 983 4308 52.
1022 4272 1075 4323 p.
1117 4253 1215 4306 107
1248 4255 1596 4307 scribendum
1621 4261 1849 4308 auctore
1875 4257 2065 4311 Cobet.
2107 4255 2211 4323 τῆς
2239 4248 2448 4323 λόγχης
2471 4274 2572 4323 pro
2609 4256 2744 4326 τῇσι

456 4336 705 4412 λόγχῃσι.
759 4369 826 4379 -
881 4344 939 4406 Ι,
974 4342 1059 4395 53.
1100 4358 1153 4407 Ρ.
1198 4341 1313 4393 108.
1367 4342 1472 4394 Pro
1508 4342 1656 4409 vulg.
1695 4337 2052 4409 προσθέοιτο
2093 4344 2280 4396 Cobet.
2320 4345 2739 4398 coniunctivum

450 4432 648 4500 reponi
678 4428 799 4483 vult
835 4425 1194 4495 προσθῆται,
1244 4444 1435 4481 vocem
1487 4428 1738 4495 Κροῖσος
1774 4428 1946 4480 deleri
1983 4433 2038 4481 et
2074 4427 2387 4480 καταλῦσαι
2424 4433 2632 4483 mutari
2677 4433 2736 4483 in
