<?xml version="1.0" encoding="UTF-8"?>
<!DOCTYPE html PUBLIC "-//W3C//DTD XHTML 1.0 Transitional//EN"
    "http://www.w3.org/TR/xhtml1/DTD/xhtml1-transitional.dtd">
<html xmlns="http://www.w3.org/1999/xhtml" xml:lang="en" lang="en">
 <head>
  <title>
</title>
<meta http-equiv="Content-Type" content="text/html;charset=utf-8" />
  <meta name='ocr-system' content='tesseract 3.04.00' />
  <meta name='ocr-capabilities' content='ocr_page ocr_carea ocr_par ocr_line ocrx_word'/>
</head>
<body>
  <div class='ocr_page' id='page_1' title='image "./herodotihalicar02unkngoog_0433.png"; bbox 0 0 3109 5092; ppageno 0'>
   <div class='ocr_carea' id='block_1_1' title="bbox 1058 368 2653 432">
    <p class='ocr_par' dir='ltr' id='par_1_1' title="bbox 1058 368 2653 432">
     <span class='ocr_line' id='line_1_1' title="bbox 1058 368 2653 432; baseline 0 -3"><span class='ocrx_word' id='word_1_1' title='bbox 1058 385 1072 397; x_wconf 83' lang='lat'><strong>·</strong></span> <span class='ocrx_word' id='word_1_2' title='bbox 1174 368 1432 429; x_wconf 84' lang='lat' dir='ltr'>CLIO.</span> <span class='ocrx_word' id='word_1_3' title='bbox 1477 368 1528 427; x_wconf 91' lang='grc' dir='ltr'><strong><em>Ι.</em></strong></span> <span class='ocrx_word' id='word_1_4' title='bbox 1575 376 1699 431; x_wconf 74' lang='lat'><strong>206.</strong></span> <span class='ocrx_word' id='word_1_5' title='bbox 1742 375 1866 432; x_wconf 73' lang='lat'><strong>207.</strong></span> <span class='ocrx_word' id='word_1_6' title='bbox 2527 368 2653 430; x_wconf 85' lang='grc'><strong><em>413</em></strong></span> 
     </span>
    </p>
   </div>
   <div class='ocr_carea' id='block_1_2' title="bbox 376 534 2780 1766">
    <p class='ocr_par' dir='ltr' id='par_1_2' title="bbox 376 534 2780 1766">
     <span class='ocr_line' id='line_1_2' title="bbox 379 534 2654 631; baseline 0 -20"><span class='ocrx_word' id='word_1_7' title='bbox 379 536 769 631; x_wconf 79' lang='grc' dir='ltr'><strong><em>ὑποθήκῃσι</em></strong></span> <span class='ocrx_word' id='word_1_8' title='bbox 795 546 1028 630; x_wconf 78' lang='grc' dir='ltr'><strong><em>τῃσίδε</em></strong></span> <span class='ocrx_word' id='word_1_9' title='bbox 1057 544 1376 629; x_wconf 74' lang='grc' dir='ltr'><strong><em>χρίεσθαι</em></strong></span> <span class='ocrx_word' id='word_1_10' title='bbox 1394 591 1412 622; x_wconf 91' lang='grc'>,</span> <span class='ocrx_word' id='word_1_11' title='bbox 1454 537 1625 610; x_wconf 74' lang='grc' dir='ltr'><strong><em>ἀλλὰ</em></strong></span> <span class='ocrx_word' id='word_1_12' title='bbox 1651 538 1868 609; x_wconf 79' lang='grc' dir='ltr'><strong><em>πάντα</em></strong></span> <span class='ocrx_word' id='word_1_13' title='bbox 1893 545 2150 629; x_wconf 78' lang='grc' dir='ltr'><strong><em>μᾶλλον</em></strong></span> <span class='ocrx_word' id='word_1_14' title='bbox 2179 534 2223 629; x_wconf 85' lang='grc' dir='ltr'><strong><em>ἦ</em></strong></span> <span class='ocrx_word' id='word_1_15' title='bbox 2250 537 2342 609; x_wconf 81' lang='grc' dir='ltr'><strong><em>δι’</em></strong></span> <span class='ocrx_word' id='word_1_16' title='bbox 2372 535 2654 630; x_wconf 78' lang='grc' dir='ltr'><strong><em>ἡσυχίης</em></strong></span> 
     </span>
     <span class='ocr_line' id='line_1_3' title="bbox 381 642 2647 734; baseline -0 -20"><span class='ocrx_word' id='word_1_17' title='bbox 381 644 575 714; x_wconf 76' lang='grc' dir='ltr'><strong><em>εἶναι.</em></strong></span> <span class='ocrx_word' id='word_1_18' title='bbox 647 642 736 713; x_wconf 81' lang='grc' dir='ltr'>σύ</span> <span class='ocrx_word' id='word_1_19' title='bbox 777 645 852 713; x_wconf 75' lang='grc' dir='ltr'><strong><em>δὲ</em></strong></span> <span class='ocrx_word' id='word_1_20' title='bbox 893 651 958 714; x_wconf 82' lang='grc' dir='ltr'><strong><em>εἰ</em></strong></span> <span class='ocrx_word' id='word_1_21' title='bbox 979 643 1282 733; x_wconf 77' lang='grc' dir='ltr'><em>μεγάλως</em></span> <span class='ocrx_word' id='word_1_22' title='bbox 1322 646 1741 733; x_wconf 78' lang='grc' dir='ltr'><strong><em>προθυμέεαι</em></strong></span> <span class='ocrx_word' id='word_1_23' title='bbox 1774 648 2280 730; x_wconf 81' lang='grc' dir='ltr'><strong><em>Μασσαγετέων</em></strong></span> <span class='ocrx_word' id='word_1_24' title='bbox 2319 651 2647 734; x_wconf 84' lang='grc' dir='ltr'><strong><em>πειρηθῆ-</em></strong></span> 
     </span>
     <span class='ocr_line' id='line_1_4' title="bbox 377 743 2646 837; baseline -0 -19"><span class='ocrx_word' id='word_1_25' title='bbox 377 777 524 833; x_wconf 85' lang='grc' dir='ltr'><strong><em>ναι,</em></strong></span> <span class='ocrx_word' id='word_1_26' title='bbox 554 751 751 835; x_wconf 79' lang='grc' dir='ltr'><strong><em>φέρε,</em></strong></span> <span class='ocrx_word' id='word_1_27' title='bbox 777 746 1037 837; x_wconf 85' lang='grc' dir='ltr'><strong><em>μόχθον</em></strong></span> <span class='ocrx_word' id='word_1_28' title='bbox 1062 748 1225 837; x_wconf 74' lang='grc' dir='ltr'><strong><em>μὲν,</em></strong></span> <span class='ocrx_word' id='word_1_29' title='bbox 1251 745 1373 816; x_wconf 83' lang='grc' dir='ltr'><strong><em>τὸν</em></strong></span> <span class='ocrx_word' id='word_1_30' title='bbox 1401 754 1570 835; x_wconf 82' lang='grc' dir='ltr'><strong><em>ἔχεις</em></strong></span> <span class='ocrx_word' id='word_1_31' title='bbox 1601 743 1883 833; x_wconf 78' lang='grc' dir='ltr'><strong><em>ζευγνὺς</em></strong></span> <span class='ocrx_word' id='word_1_32' title='bbox 1907 744 2027 816; x_wconf 79' lang='grc' dir='ltr'><strong><em>τὸν</em></strong></span> <span class='ocrx_word' id='word_1_33' title='bbox 2070 743 2399 834; x_wconf 82' lang='grc' dir='ltr'><strong><em>ποταμὸν,</em></strong></span> <span class='ocrx_word' id='word_1_34' title='bbox 2443 745 2612 831; x_wconf 73' lang='grc' dir='ltr'><strong><em>ἄφες</em></strong></span> <span class='ocrx_word' id='word_1_35' title='bbox 2632 768 2646 782; x_wconf 88' lang='grc'><em>·</em></span> 
     </span>
     <span class='ocr_line' id='line_1_5' title="bbox 377 846 2650 941; baseline 0 -21"><span class='ocrx_word' id='word_1_36' title='bbox 377 848 464 920; x_wconf 75' lang='grc' dir='ltr'>σύ</span> <span class='ocrx_word' id='word_1_37' title='bbox 493 851 592 936; x_wconf 72' lang='grc' dir='ltr'>δὲ,</span> <span class='ocrx_word' id='word_1_38' title='bbox 621 847 845 941; x_wconf 81' lang='grc' dir='ltr'><strong><em>ἡμέων</em></strong></span> <span class='ocrx_word' id='word_1_39' title='bbox 869 848 1451 940; x_wconf 77' lang='grc' dir='ltr'><strong><em>ἀναχωρησάντων</em></strong></span> <span class='ocrx_word' id='word_1_40' title='bbox 1476 848 1609 920; x_wconf 77' lang='grc' dir='ltr'><strong><em>ἀπὸ</em></strong></span> <span class='ocrx_word' id='word_1_41' title='bbox 1634 856 1756 919; x_wconf 83' lang='grc' dir='ltr'><strong><em>τοῦ</em></strong></span> <span class='ocrx_word' id='word_1_42' title='bbox 1784 856 2086 938; x_wconf 82' lang='grc' dir='ltr'><strong><em>ποταμοῦ</em></strong></span> <span class='ocrx_word' id='word_1_43' title='bbox 2113 854 2320 939; x_wconf 75' lang='grc' dir='ltr'><strong><em>τριῶν</em></strong></span> <span class='ocrx_word' id='word_1_44' title='bbox 2344 846 2650 939; x_wconf 78' lang='grc' dir='ltr'><strong><em>ἡμερέων</em></strong></span> 
     </span>
     <span class='ocr_line' id='line_1_6' title="bbox 376 949 2643 1044; baseline -0.001 -19"><span class='ocrx_word' id='word_1_45' title='bbox 376 951 573 1040; x_wconf 81' lang='grc' dir='ltr'><strong><em>ὁδὸν,</em></strong></span> <span class='ocrx_word' id='word_1_46' title='bbox 626 954 936 1042; x_wconf 75' lang='grc' dir='ltr'><strong><em>διάβαινε</em></strong></span> <span class='ocrx_word' id='word_1_47' title='bbox 979 951 1046 1035; x_wconf 78' lang='grc' dir='ltr'><strong><em>ἐς</em></strong></span> <span class='ocrx_word' id='word_1_48' title='bbox 1086 953 1209 1044; x_wconf 83' lang='grc' dir='ltr'><strong><em>τὴν</em></strong></span> <span class='ocrx_word' id='word_1_49' title='bbox 1248 950 1600 1044; x_wconf 79' lang='grc' dir='ltr'><strong><em>ἡμετέρην.</em></strong></span> <span class='ocrx_word' id='word_1_50' title='bbox 1659 960 1723 1022; x_wconf 81' lang='grc' dir='ltr'><strong><em>εί</em></strong></span> <span class='ocrx_word' id='word_1_51' title='bbox 1763 950 1830 1022; x_wconf 81' lang='grc' dir='ltr'><strong><em>δ’</em></strong></span> <span class='ocrx_word' id='word_1_52' title='bbox 1889 949 2094 1043; x_wconf 77' lang='grc' dir='ltr'><strong><em>ἡμέας</em></strong></span> <span class='ocrx_word' id='word_1_53' title='bbox 2138 956 2414 1041; x_wconf 84' lang='grc' dir='ltr'><strong><em>βούλεαι</em></strong></span> <span class='ocrx_word' id='word_1_54' title='bbox 2456 951 2643 1024; x_wconf 77' lang='grc' dir='ltr'><strong><em>ἐσδέ-</em></strong></span> 
     </span>
     <span class='ocr_line' id='line_1_7' title="bbox 378 1053 2647 1147; baseline 0 -21"><span class='ocrx_word' id='word_1_55' title='bbox 378 1060 622 1140; x_wconf 82' lang='grc' dir='ltr'><strong><em>ξασθαι</em></strong></span> <span class='ocrx_word' id='word_1_56' title='bbox 649 1062 906 1146; x_wconf 86' lang='grc' dir='ltr'><strong><em>μᾶλλον</em></strong></span> <span class='ocrx_word' id='word_1_57' title='bbox 934 1054 1001 1138; x_wconf 76' lang='grc' dir='ltr'><strong><em>ἐς</em></strong></span> <span class='ocrx_word' id='word_1_58' title='bbox 1027 1056 1150 1147; x_wconf 85' lang='grc' dir='ltr'><strong><em>τὴν</em></strong></span> <span class='ocrx_word' id='word_1_59' title='bbox 1175 1053 1529 1146; x_wconf 77' lang='grc' dir='ltr'><strong><em>ὑμετέρην,</em></strong></span> <span class='ocrx_word' id='word_1_60' title='bbox 1560 1053 1647 1125; x_wconf 76' lang='grc' dir='ltr'><strong><em>σι)</em></strong></span> <span class='ocrx_word' id='word_1_61' title='bbox 1674 1053 1890 1126; x_wconf 74' lang='grc' dir='ltr'><strong><em>τώυτὸ</em></strong></span> <span class='ocrx_word' id='word_1_62' title='bbox 1915 1061 2113 1126; x_wconf 86' lang='grc' dir='ltr'><strong><em>τοῦτο</em></strong></span> <span class='ocrx_word' id='word_1_63' title='bbox 2144 1063 2352 1127; x_wconf 85' lang='grc' dir='ltr'><strong><em>ποίεε.</em></strong></span> <span class='ocrx_word' id='word_1_64' title='bbox 2426 1063 2647 1127; x_wconf 87' lang='grc' dir='ltr'><strong><em>Ταῦτα</em></strong></span> 
     </span>
     <span class='ocr_line' id='line_1_8' title="bbox 377 1157 2643 1249; baseline 0 -19"><span class='ocrx_word' id='word_1_65' title='bbox 377 1161 454 1230; x_wconf 72' lang='grc' dir='ltr'><strong><em>δὲ</em></strong></span> <span class='ocrx_word' id='word_1_66' title='bbox 480 1157 773 1240; x_wconf 79' lang='grc' dir='ltr'><strong><em>ἀκούσας</em></strong></span> <span class='ocrx_word' id='word_1_67' title='bbox 800 1157 837 1229; x_wconf 84' lang='grc' dir='ltr'><strong>ὁ</strong></span> <span class='ocrx_word' id='word_1_68' title='bbox 871 1166 1094 1248; x_wconf 81' lang='grc' dir='ltr'><strong><em>Κῦρος</em></strong></span> <span class='ocrx_word' id='word_1_69' title='bbox 1118 1161 1527 1231; x_wconf 79' lang='grc' dir='ltr'><strong><em>συνεκάλεσε</em></strong></span> <span class='ocrx_word' id='word_1_70' title='bbox 1553 1161 1879 1248; x_wconf 80' lang='grc' dir='ltr'><strong><em>Περσέων</em></strong></span> <span class='ocrx_word' id='word_1_71' title='bbox 1903 1157 2061 1239; x_wconf 78' lang='grc' dir='ltr'><strong><em>τοὺς</em></strong></span> <span class='ocrx_word' id='word_1_72' title='bbox 2089 1159 2396 1249; x_wconf 83' lang='grc' dir='ltr'><strong><em>πριότους</em></strong></span> <span class='ocrx_word' id='word_1_73' title='bbox 2418 1182 2433 1197; x_wconf 87' lang='grc'><em>·</em></span> <span class='ocrx_word' id='word_1_74' title='bbox 2478 1183 2643 1231; x_wconf 88' lang='grc' dir='ltr'><strong><em>συν-</em></strong></span> 
     </span>
     <span class='ocr_line' id='line_1_9' title="bbox 377 1260 2642 1354; baseline 0 -22"><span class='ocrx_word' id='word_1_75' title='bbox 377 1270 650 1351; x_wconf 78' lang='grc' dir='ltr'><strong><em>αγείρας</em></strong></span> <span class='ocrx_word' id='word_1_76' title='bbox 685 1264 759 1333; x_wconf 76' lang='grc' dir='ltr'><strong><em>δὲ</em></strong></span> <span class='ocrx_word' id='word_1_77' title='bbox 787 1265 1067 1344; x_wconf 85' lang='grc' dir='ltr'><strong><em>τούτους</em></strong></span> <span class='ocrx_word' id='word_1_78' title='bbox 1112 1260 1178 1344; x_wconf 74' lang='grc' dir='ltr'><strong><em>ἒς</em></strong></span> <span class='ocrx_word' id='word_1_79' title='bbox 1209 1267 1416 1353; x_wconf 88' lang='grc' dir='ltr'><strong><em>με’σον</em></strong></span> <span class='ocrx_word' id='word_1_80' title='bbox 1453 1285 1576 1352; x_wconf 88' lang='grc' dir='ltr'><strong><em>σφι</em></strong></span> <span class='ocrx_word' id='word_1_81' title='bbox 1608 1270 1963 1353; x_wconf 80' lang='grc' dir='ltr'><strong><em>προετίθεε</em></strong></span> <span class='ocrx_word' id='word_1_82' title='bbox 1997 1260 2071 1331; x_wconf 82' lang='grc' dir='ltr'><strong><em>τὰ</em></strong></span> <span class='ocrx_word' id='word_1_83' title='bbox 2115 1269 2424 1354; x_wconf 74' lang='grc' dir='ltr'><strong><em>πρῆγμα,</em></strong></span> <span class='ocrx_word' id='word_1_84' title='bbox 2472 1286 2642 1352; x_wconf 82' lang='grc' dir='ltr'><strong><em>συμ-</em></strong></span> 
     </span>
     <span class='ocr_line' id='line_1_10' title="bbox 378 1363 2646 1456; baseline 0 -19"><span class='ocrx_word' id='word_1_85' title='bbox 378 1365 907 1456; x_wconf 86' lang='grc' dir='ltr'><strong><em>βουλευόμενος,</em></strong></span> <span class='ocrx_word' id='word_1_86' title='bbox 956 1364 1235 1455; x_wconf 84' lang='grc' dir='ltr'><strong><em>ὁκότερα</em></strong></span> <span class='ocrx_word' id='word_1_87' title='bbox 1279 1367 1493 1455; x_wconf 82' lang='grc' dir='ltr'><strong><em>ποιέῃ.</em></strong></span> <span class='ocrx_word' id='word_1_88' title='bbox 1577 1372 1714 1436; x_wconf 74' lang='grc' dir='ltr'><strong><em>τῶν</em></strong></span> <span class='ocrx_word' id='word_1_89' title='bbox 1742 1366 1817 1435; x_wconf 73' lang='grc' dir='ltr'><strong><em>δὲ</em></strong></span> <span class='ocrx_word' id='word_1_90' title='bbox 1847 1364 2014 1436; x_wconf 77' lang='grc' dir='ltr'><strong><em>κατὰ</em></strong></span> <span class='ocrx_word' id='word_1_91' title='bbox 2038 1363 2256 1438; x_wconf 71' lang='grc' dir='ltr'><strong><em>τώυτὸ</em></strong></span> <span class='ocrx_word' id='word_1_92' title='bbox 2285 1372 2360 1437; x_wconf 76' lang='grc' dir='ltr'><strong><em>αἱ</em></strong></span> <span class='ocrx_word' id='word_1_93' title='bbox 2382 1372 2646 1456; x_wconf 73' lang='grc' dir='ltr'><strong><em>γνῶμαι</em></strong></span> 
     </span>
     <span class='ocr_line' id='line_1_11' title="bbox 377 1466 2645 1559; baseline 0.001 -20"><span class='ocrx_word' id='word_1_94' title='bbox 377 1468 894 1554; x_wconf 82' lang='grc' dir='ltr'><strong><em>συνεξέπιπτον,</em></strong></span> <span class='ocrx_word' id='word_1_95' title='bbox 951 1470 1368 1541; x_wconf 80' lang='grc' dir='ltr'><strong><em>κελευόντων</em></strong></span> <span class='ocrx_word' id='word_1_96' title='bbox 1422 1466 1823 1539; x_wconf 79' lang='grc' dir='ltr'><strong><em>ἐσδέκεσθαι</em></strong></span> <span class='ocrx_word' id='word_1_97' title='bbox 1888 1468 2184 1559; x_wconf 85' lang='grc' dir='ltr'><strong><em>Τόμυρίν</em></strong></span> <span class='ocrx_word' id='word_1_98' title='bbox 2235 1498 2307 1540; x_wconf 90' lang='grc' dir='ltr'><strong><em>τε</em></strong></span> <span class='ocrx_word' id='word_1_99' title='bbox 2360 1473 2469 1540; x_wconf 80' lang='grc' dir='ltr'><strong><em>καὶ</em></strong></span> <span class='ocrx_word' id='word_1_100' title='bbox 2525 1468 2645 1541; x_wconf 84' lang='grc' dir='ltr'><strong><em>τὸν</em></strong></span> 
     </span>
     <span class='ocr_line' id='line_1_12' title="bbox 377 1571 2780 1664; baseline 0.002 -22"><span class='ocrx_word' id='word_1_101' title='bbox 377 1571 664 1662; x_wconf 84' lang='grc' dir='ltr'><strong><em>στρατὸν</em></strong></span> <span class='ocrx_word' id='word_1_102' title='bbox 692 1571 899 1660; x_wconf 81' lang='grc' dir='ltr'><strong><em>αὐτῆς</em></strong></span> <span class='ocrx_word' id='word_1_103' title='bbox 926 1571 994 1653; x_wconf 78' lang='grc' dir='ltr'><strong><em>ἐς</em></strong></span> <span class='ocrx_word' id='word_1_104' title='bbox 1020 1572 1142 1663; x_wconf 89' lang='grc' dir='ltr'><strong><em>τὴν</em></strong></span> <span class='ocrx_word' id='word_1_105' title='bbox 1168 1573 1414 1663; x_wconf 76' lang='grc' dir='ltr'><strong><em>χώρην.</em></strong></span> <span class='ocrx_word' id='word_1_106' title='bbox 1489 1571 1781 1662; x_wconf 73' lang='grc' dir='ltr'><strong><em>Παρειόν</em></strong></span> <span class='ocrx_word' id='word_1_107' title='bbox 1809 1572 1885 1641; x_wconf 74' lang='grc' dir='ltr'><strong><em>δὲ</em></strong></span> <span class='ocrx_word' id='word_1_108' title='bbox 1912 1576 2023 1642; x_wconf 81' lang='grc' dir='ltr'><strong><em>καὶ</em></strong></span> <span class='ocrx_word' id='word_1_109' title='bbox 2050 1573 2475 1663; x_wconf 84' lang='grc' dir='ltr'><strong><em>μεμφόμενος</em></strong></span> <span class='ocrx_word' id='word_1_110' title='bbox 2516 1572 2643 1664; x_wconf 85' lang='grc' dir='ltr'><strong><em>τὴν</em></strong></span> <span class='ocrx_word' id='word_1_111' title='bbox 2656 1583 2780 1648; x_wconf 84' lang='grc'><strong><em>207</em></strong></span> 
     </span>
     <span class='ocr_line' id='line_1_13' title="bbox 378 1673 2644 1766; baseline 0 -21"><span class='ocrx_word' id='word_1_112' title='bbox 378 1675 679 1765; x_wconf 72' lang='grc' dir='ltr'><strong><em>γνώμην</em></strong></span> <span class='ocrx_word' id='word_1_113' title='bbox 711 1676 964 1766; x_wconf 83' lang='grc' dir='ltr'><strong><em>ταύτην</em></strong></span> <span class='ocrx_word' id='word_1_114' title='bbox 1017 1686 1306 1763; x_wconf 83' lang='grc' dir='ltr'><strong><em>Κροῖσος</em></strong></span> <span class='ocrx_word' id='word_1_115' title='bbox 1343 1673 1380 1746; x_wconf 85' lang='grc' dir='ltr'>ὁ</span> <span class='ocrx_word' id='word_1_116' title='bbox 1423 1674 1646 1755; x_wconf 79' lang='grc' dir='ltr'><strong><em>Λυδὸς</em></strong></span> <span class='ocrx_word' id='word_1_117' title='bbox 1701 1674 2146 1746; x_wconf 79' lang='grc' dir='ltr'><strong><em>ἀπεδείκνυτο</em></strong></span> <span class='ocrx_word' id='word_1_118' title='bbox 2191 1674 2510 1765; x_wconf 79' lang='grc' dir='ltr'><strong><em>ἐναντίην</em></strong></span> <span class='ocrx_word' id='word_1_119' title='bbox 2563 1682 2644 1766; x_wconf 86' lang='grc' dir='ltr'><strong><em>τῇ</em></strong></span> 
     </span>
    </p>
   </div>
   <div class='ocr_carea' id='block_1_3' title="bbox 377 1778 1596 1869">
    <p class='ocr_par' dir='ltr' id='par_1_3' title="bbox 377 1778 1596 1869">
     <span class='ocr_line' id='line_1_14' title="bbox 377 1778 1596 1869; baseline -0.002 -20"><span class='ocrx_word' id='word_1_120' title='bbox 377 1778 780 1869; x_wconf 81' lang='grc' dir='ltr'><strong><em>προκειμένῃ</em></strong></span> <span class='ocrx_word' id='word_1_121' title='bbox 822 1778 1091 1869; x_wconf 74' lang='grc' dir='ltr'><strong><em>γνωμῃ,</em></strong></span> <span class='ocrx_word' id='word_1_122' title='bbox 1139 1781 1358 1868; x_wconf 75' lang='grc' dir='ltr'><strong><em>λέγων</em></strong></span> <span class='ocrx_word' id='word_1_123' title='bbox 1397 1779 1554 1847; x_wconf 78' lang='grc' dir='ltr'><strong><em>τάδε</em></strong></span> <span class='ocrx_word' id='word_1_124' title='bbox 1582 1800 1596 1814; x_wconf 89' lang='grc'><em>·</em></span> 
     </span>
    </p>
   </div>
   <div class='ocr_carea' id='block_1_4' title="bbox 1651 1770 2644 1869">
    <p class='ocr_par' dir='ltr' id='par_1_4' title="bbox 1651 1770 2644 1869">
     <span class='ocr_line' id='line_1_15' title="bbox 1651 1770 2644 1869; baseline 0.002 -23"><span class='ocrx_word' id='word_1_125' title='bbox 1651 1770 1731 1847; x_wconf 76' lang='grc' dir='ltr'><strong><em>Ὦ</em></strong></span> <span class='ocrx_word' id='word_1_126' title='bbox 1772 1784 2090 1866; x_wconf 83' lang='grc' dir='ltr'><strong><em>βασιλεῦ,</em></strong></span> <span class='ocrx_word' id='word_1_127' title='bbox 2132 1778 2326 1849; x_wconf 85' lang='grc' dir='ltr'><strong><em>εἷπον</em></strong></span> <span class='ocrx_word' id='word_1_128' title='bbox 2365 1781 2491 1869; x_wconf 74' lang='grc' dir='ltr'><strong><em>μὲν</em></strong></span> <span class='ocrx_word' id='word_1_129' title='bbox 2531 1781 2644 1849; x_wconf 85' lang='grc' dir='ltr'><strong><em>καὶ</em></strong></span> 
     </span>
    </p>
   </div>
   <div class='ocr_carea' id='block_1_5' title="bbox 288 1876 2642 1972">
    <p class='ocr_par' dir='ltr' id='par_1_5' title="bbox 288 1876 2642 1972">
     <span class='ocr_line' id='line_1_16' title="bbox 288 1876 2642 1972; baseline 0.002 -25"><span class='ocrx_word' id='word_1_130' title='bbox 288 1882 701 1972; x_wconf 85' lang='grc' dir='ltr'><strong><em>98πρότερόν</em></strong></span> <span class='ocrx_word' id='word_1_131' title='bbox 727 1910 861 1967; x_wconf 93' lang='grc' dir='ltr'><strong><em>τοι,</em></strong></span> <span class='ocrx_word' id='word_1_132' title='bbox 903 1880 1004 1952; x_wconf 78' lang='grc' dir='ltr'><strong><em>ὅτι</em></strong></span> <span class='ocrx_word' id='word_1_133' title='bbox 1023 1934 1042 1968; x_wconf 92' lang='grc'>,</span> <span class='ocrx_word' id='word_1_134' title='bbox 1075 1879 1228 1953; x_wconf 78' lang='grc' dir='ltr'><strong><em>ἐπεί</em></strong></span> <span class='ocrx_word' id='word_1_135' title='bbox 1248 1911 1331 1972; x_wconf 89' lang='grc' dir='ltr'><strong><em>με</em></strong></span> <span class='ocrx_word' id='word_1_136' title='bbox 1368 1879 1540 1961; x_wconf 83' lang='grc' dir='ltr'><strong><em>Ζεύς</em></strong></span> <span class='ocrx_word' id='word_1_137' title='bbox 1569 1879 1781 1951; x_wconf 80' lang='grc' dir='ltr'><strong><em>ἔδωκέ</em></strong></span> <span class='ocrx_word' id='word_1_138' title='bbox 1807 1909 1908 1951; x_wconf 90' lang='grc' dir='ltr'><strong><em>τοι</em></strong></span> <span class='ocrx_word' id='word_1_139' title='bbox 1927 1933 1946 1966; x_wconf 94' lang='grc'>,</span> <span class='ocrx_word' id='word_1_140' title='bbox 1990 1879 2064 1950; x_wconf 83' lang='grc' dir='ltr'><strong><em>τὸ</em></strong></span> <span class='ocrx_word' id='word_1_141' title='bbox 2090 1876 2177 1950; x_wconf 76' lang='grc' dir='ltr'><strong><em>ἂν</em></strong></span> <span class='ocrx_word' id='word_1_142' title='bbox 2204 1878 2343 1971; x_wconf 76' lang='grc' dir='ltr'><strong><em>ὁρῶ</em></strong></span> <span class='ocrx_word' id='word_1_143' title='bbox 2369 1880 2642 1971; x_wconf 79' lang='grc' dir='ltr'><strong><em>σφοῖλμα</em></strong></span> 
     </span>
    </p>
   </div>
   <div class='ocr_carea' id='block_1_6' title="bbox 371 2091 1459 2154">
    <p class='ocr_par' dir='ltr' id='par_1_6' title="bbox 371 2091 1459 2154">
     <span class='ocr_line' id='line_1_17' title="bbox 371 2091 1459 2154; baseline -0.001 -12"><span class='ocrx_word' id='word_1_144' title='bbox 371 2091 541 2142; x_wconf 81' lang='lat' dir='ltr'><strong>reuda</strong></span> <span class='ocrx_word' id='word_1_145' title='bbox 592 2092 692 2154; x_wconf 77' lang='lat' dir='ltr'><strong>sit,</strong></span> <span class='ocrx_word' id='word_1_146' title='bbox 754 2107 819 2142; x_wconf 80' lang='lat' dir='ltr'><strong><em>ex</em></strong></span> <span class='ocrx_word' id='word_1_147' title='bbox 873 2091 1072 2141; x_wconf 82' lang='lat' dir='ltr'><strong>Matth.</strong></span> <span class='ocrx_word' id='word_1_148' title='bbox 1122 2092 1459 2142; x_wconf 77' lang='lat' dir='ltr'><strong>animadver—</strong></span> 
     </span>
    </p>
   </div>
   <div class='ocr_carea' id='block_1_7' title="bbox 309 2160 1457 2782">
    <p class='ocr_par' dir='ltr' id='par_1_7' title="bbox 309 2160 1457 2782">
     <span class='ocr_line' id='line_1_18' title="bbox 371 2160 1456 2224; baseline 0 -14"><span class='ocrx_word' id='word_1_149' title='bbox 371 2163 525 2212; x_wconf 79' lang='lat' dir='ltr'><strong>sione</strong></span> <span class='ocrx_word' id='word_1_150' title='bbox 562 2161 793 2212; x_wconf 79' lang='lat' dir='ltr'><strong>vidimus</strong></span> <span class='ocrx_word' id='word_1_151' title='bbox 830 2161 900 2211; x_wconf 80' lang='lat' dir='ltr'><strong><em>ad</em></strong></span> <span class='ocrx_word' id='word_1_152' title='bbox 937 2160 981 2220; x_wconf 92' lang='grc' dir='ltr'><strong><em>Ι,</em></strong></span> <span class='ocrx_word' id='word_1_153' title='bbox 1036 2161 1113 2211; x_wconf 90' lang='lat' dir='ltr'><strong><em>ll.</em></strong></span> <span class='ocrx_word' id='word_1_154' title='bbox 1189 2162 1294 2224; x_wconf 86' lang='lat' dir='ltr'><strong><em>Qui</em></strong></span> <span class='ocrx_word' id='word_1_155' title='bbox 1313 2162 1456 2211; x_wconf 86' lang='lat' dir='ltr'><strong>idem</strong></span> 
     </span>
     <span class='ocr_line' id='line_1_19' title="bbox 371 2221 1457 2295; baseline 0.001 -16"><span class='ocrx_word' id='word_1_156' title='bbox 371 2232 456 2280; x_wconf 81' lang='lat' dir='ltr'><strong><em>vir</em></strong></span> <span class='ocrx_word' id='word_1_157' title='bbox 500 2232 603 2281; x_wconf 84' lang='lat' dir='ltr'><strong><em>hoe</em></strong></span> <span class='ocrx_word' id='word_1_158' title='bbox 638 2231 759 2282; x_wconf 85' lang='lat' dir='ltr'><strong>loco</strong></span> <span class='ocrx_word' id='word_1_159' title='bbox 799 2223 860 2280; x_wconf 69' lang='grc' dir='ltr'><strong><em>δὲ</em></strong></span> <span class='ocrx_word' id='word_1_160' title='bbox 897 2221 995 2295; x_wconf 78' lang='grc' dir='ltr'><strong><em>(σύ</em></strong></span> <span class='ocrx_word' id='word_1_161' title='bbox 1034 2223 1097 2278; x_wconf 68' lang='grc' dir='ltr'><strong><em>δὲ·</em></strong></span> <span class='ocrx_word' id='word_1_162' title='bbox 1133 2223 1187 2278; x_wconf 81' lang='grc' dir='ltr'><strong><em>εἰ</em></strong></span> <span class='ocrx_word' id='word_1_163' title='bbox 1216 2262 1287 2269; x_wconf 84' lang='grc'><strong>-</strong></span> <span class='ocrx_word' id='word_1_164' title='bbox 1317 2244 1457 2294; x_wconf 88' lang='grc' dir='ltr'><strong><em>προ-</em></strong></span> 
     </span>
     <span class='ocr_line' id='line_1_20' title="bbox 371 2298 1456 2366; baseline -0.001 -17"><span class='ocrx_word' id='word_1_165' title='bbox 371 2298 631 2366; x_wconf 81' lang='grc' dir='ltr'><strong><em>θυμὲεαι)</em></strong></span> <span class='ocrx_word' id='word_1_166' title='bbox 688 2316 795 2350; x_wconf 89' lang='lat' dir='ltr'><strong><em>non</em></strong></span> <span class='ocrx_word' id='word_1_167' title='bbox 847 2299 1284 2350; x_wconf 82' lang='lat' dir='ltr'><strong>coniunctionem</strong></span> <span class='ocrx_word' id='word_1_168' title='bbox 1335 2316 1456 2350; x_wconf 84' lang='lat' dir='ltr'><strong>esse</strong></span> 
     </span>
     <span class='ocr_line' id='line_1_21' title="bbox 371 2367 1456 2434; baseline -0.001 -15"><span class='ocrx_word' id='word_1_169' title='bbox 371 2371 568 2420; x_wconf 80' lang='lat' dir='ltr'><strong>statuit</strong></span> <span class='ocrx_word' id='word_1_170' title='bbox 627 2367 1029 2420; x_wconf 76' lang='lat' dir='ltr'><strong>connectendae</strong></span> <span class='ocrx_word' id='word_1_171' title='bbox 1089 2385 1211 2419; x_wconf 86' lang='lat' dir='ltr'><strong><em>cum</em></strong></span> <span class='ocrx_word' id='word_1_172' title='bbox 1277 2370 1456 2434; x_wconf 88' lang='lat' dir='ltr'><strong><em>priore</em></strong></span> 
     </span>
     <span class='ocr_line' id='line_1_22' title="bbox 372 2439 1454 2502; baseline 0.001 -14"><span class='ocrx_word' id='word_1_173' title='bbox 372 2440 606 2490; x_wconf 75' lang='lat' dir='ltr'><strong>orationi</strong></span> <span class='ocrx_word' id='word_1_174' title='bbox 652 2440 1064 2502; x_wconf 78' lang='lat' dir='ltr'><strong>inservientem,</strong></span> <span class='ocrx_word' id='word_1_175' title='bbox 1125 2439 1220 2488; x_wconf 76' lang='lat' dir='ltr'><strong><em>sed</em></strong></span> <span class='ocrx_word' id='word_1_176' title='bbox 1268 2439 1454 2489; x_wconf 86' lang='lat' dir='ltr'><strong>eodem</strong></span> 
     </span>
     <span class='ocr_line' id='line_1_23' title="bbox 371 2508 1452 2588; baseline 0.001 -31"><span class='ocrx_word' id='word_1_177' title='bbox 371 2509 529 2558; x_wconf 88' lang='lat' dir='ltr'><strong>modo</strong></span> <span class='ocrx_word' id='word_1_178' title='bbox 564 2509 819 2588; x_wconf 80' lang='lat' dir='ltr'><strong>positam,</strong></span> <span class='ocrx_word' id='word_1_179' title='bbox 862 2511 923 2558; x_wconf 86' lang='lat' dir='ltr'><strong><em>ut</em></strong></span> <span class='ocrx_word' id='word_1_180' title='bbox 956 2508 1268 2558; x_wconf 83' lang='lat' dir='ltr'><strong>Herodotus</strong></span> <span class='ocrx_word' id='word_1_181' title='bbox 1309 2509 1452 2558; x_wconf 86' lang='lat' dir='ltr'><strong>diee-</strong></span> 
     </span>
     <span class='ocr_line' id='line_1_24' title="bbox 309 2546 1449 2642; baseline -0.001 -14"><span class='ocrx_word' id='word_1_182' title='bbox 309 2619 318 2628; x_wconf 92' lang='lat'><strong>.</strong></span> <span class='ocrx_word' id='word_1_183' title='bbox 370 2583 452 2628; x_wconf 86' lang='lat' dir='ltr'><strong><em>ret</em></strong></span> <span class='ocrx_word' id='word_1_184' title='bbox 468 2572 522 2628; x_wconf 80' lang='grc' dir='ltr'><strong><em>εἰ</em></strong></span> <span class='ocrx_word' id='word_1_185' title='bbox 541 2546 1110 2642; x_wconf 70' lang='grc' dir='ltr'><strong><em>οὖνέθελήσεις--</em></strong></span> <span class='ocrx_word' id='word_1_186' title='bbox 1124 2570 1191 2628; x_wconf 81' lang='grc' dir='ltr'><strong><em>σὺ</em></strong></span> <span class='ocrx_word' id='word_1_187' title='bbox 1207 2571 1449 2629; x_wconf 72' lang='grc' dir='ltr'><strong>δὲ--.</strong></span> 
     </span>
     <span class='ocr_line' id='line_1_25' title="bbox 370 2647 1450 2713; baseline -0.001 -16"><span class='ocrx_word' id='word_1_188' title='bbox 370 2647 433 2697; x_wconf 94' lang='lat' dir='ltr'>In</span> <span class='ocrx_word' id='word_1_189' title='bbox 459 2663 609 2713; x_wconf 80' lang='lat' dir='ltr'><strong><em>seqq.</em></strong></span> <span class='ocrx_word' id='word_1_190' title='bbox 631 2664 660 2697; x_wconf 91' lang='lat' dir='ltr'><strong>e</strong></span> <span class='ocrx_word' id='word_1_191' title='bbox 682 2647 958 2699; x_wconf 77' lang='lat' dir='ltr'><strong>Sanerofti</strong></span> <span class='ocrx_word' id='word_1_192' title='bbox 977 2647 1115 2697; x_wconf 87' lang='lat' dir='ltr'><strong>libro</strong></span> <span class='ocrx_word' id='word_1_193' title='bbox 1139 2663 1260 2697; x_wconf 84' lang='lat' dir='ltr'><strong><em>eum</em></strong></span> <span class='ocrx_word' id='word_1_194' title='bbox 1273 2647 1450 2699; x_wconf 77' lang='lat' dir='ltr'><strong>Gaisf.</strong></span> 
     </span>
     <span class='ocr_line' id='line_1_26' title="bbox 370 2708 1448 2782; baseline -0.002 -15"><span class='ocrx_word' id='word_1_195' title='bbox 370 2717 613 2767; x_wconf 78' lang='lat' dir='ltr'>dedimus</span> <span class='ocrx_word' id='word_1_196' title='bbox 658 2708 845 2766; x_wconf 75' lang='grc' dir='ltr'><strong><em>πάντα</em></strong></span> <span class='ocrx_word' id='word_1_197' title='bbox 887 2732 984 2781; x_wconf 89' lang='lat' dir='ltr'><strong><em>pro</em></strong></span> <span class='ocrx_word' id='word_1_198' title='bbox 1017 2716 1162 2782; x_wconf 82' lang='lat' dir='ltr'><strong>vulg.</strong></span> <span class='ocrx_word' id='word_1_199' title='bbox 1203 2709 1448 2773; x_wconf 76' lang='grc' dir='ltr'><strong><em>πάντως.</em></strong></span> 
     </span>
    </p>
   </div>
   <div class='ocr_carea' id='block_1_8' title="bbox 365 2812 1450 3228">
    <p class='ocr_par' dir='ltr' id='par_1_8' title="bbox 365 2812 1450 3217">
     <span class='ocr_line' id='line_1_27' title="bbox 438 2812 1450 2885; baseline 0.001 -18"><span class='ocrx_word' id='word_1_200' title='bbox 438 2832 505 2867; x_wconf 88' lang='grc' dir='ltr'><strong><em>συ</em></strong></span> <span class='ocrx_word' id='word_1_201' title='bbox 543 2812 604 2868; x_wconf 80' lang='grc' dir='ltr'><strong><em>δε</em></strong></span> <span class='ocrx_word' id='word_1_202' title='bbox 642 2814 697 2868; x_wconf 83' lang='grc' dir='ltr'><strong><em>εἰ</em></strong></span> <span class='ocrx_word' id='word_1_203' title='bbox 727 2847 797 2860; x_wconf 82' lang='lat'><strong><em>--</em></strong></span> <span class='ocrx_word' id='word_1_204' title='bbox 829 2818 1207 2885; x_wconf 81' lang='grc' dir='ltr'><strong><em>προθυμέεαι]</em></strong></span> <span class='ocrx_word' id='word_1_205' title='bbox 1243 2816 1298 2869; x_wconf 80' lang='grc' dir='ltr'><strong><em>εἰ</em></strong></span> <span class='ocrx_word' id='word_1_206' title='bbox 1327 2835 1450 2870; x_wconf 86' lang='lat' dir='ltr'><strong><em>eum</em></strong></span> 
     </span>
     <span class='ocr_line' id='line_1_28' title="bbox 366 2888 1450 2940; baseline -0.002 -2"><span class='ocrx_word' id='word_1_207' title='bbox 366 2893 594 2939; x_wconf 81' lang='lat' dir='ltr'><strong>receutt.</strong></span> <span class='ocrx_word' id='word_1_208' title='bbox 631 2888 753 2940; x_wconf 86' lang='lat' dir='ltr'><strong>edd.</strong></span> <span class='ocrx_word' id='word_1_209' title='bbox 794 2905 824 2939; x_wconf 95' lang='lat' dir='ltr'><strong>e</strong></span> <span class='ocrx_word' id='word_1_210' title='bbox 860 2889 1069 2940; x_wconf 73' lang='lat' dir='ltr'><strong><em>duobus</em></strong></span> <span class='ocrx_word' id='word_1_211' title='bbox 1107 2888 1262 2940; x_wconf 80' lang='lat' dir='ltr'><strong>codd.</strong></span> <span class='ocrx_word' id='word_1_212' title='bbox 1298 2889 1450 2940; x_wconf 80' lang='lat' dir='ltr'><strong>Pari-</strong></span> 
     </span>
     <span class='ocr_line' id='line_1_29' title="bbox 366 2948 1448 3025; baseline 0.001 -19"><span class='ocrx_word' id='word_1_213' title='bbox 366 2959 498 3008; x_wconf 72' lang='lat' dir='ltr'><strong>ainis</strong></span> <span class='ocrx_word' id='word_1_214' title='bbox 535 2959 711 3023; x_wconf 78' lang='lat' dir='ltr'>recepi</span> <span class='ocrx_word' id='word_1_215' title='bbox 759 2974 855 3023; x_wconf 87' lang='lat' dir='ltr'><strong><em>pro</em></strong></span> <span class='ocrx_word' id='word_1_216' title='bbox 892 2948 991 3024; x_wconf 80' lang='grc' dir='ltr'><strong><em>ἢν,</em></strong></span> <span class='ocrx_word' id='word_1_217' title='bbox 1032 2960 1272 3025; x_wconf 89' lang='lat' dir='ltr'><strong>itemque</strong></span> <span class='ocrx_word' id='word_1_218' title='bbox 1308 2973 1448 3021; x_wconf 87' lang='grc' dir='ltr'><strong><em>προ-</em></strong></span> 
     </span>
     <span class='ocr_line' id='line_1_30' title="bbox 365 3025 1447 3093; baseline -0.001 -16"><span class='ocrx_word' id='word_1_219' title='bbox 365 3025 604 3091; x_wconf 80' lang='grc' dir='ltr'><strong><em>θυμέεαι</em></strong></span> <span class='ocrx_word' id='word_1_220' title='bbox 667 3028 884 3078; x_wconf 86' lang='lat' dir='ltr'><strong>iubente</strong></span> <span class='ocrx_word' id='word_1_221' title='bbox 941 3028 1174 3079; x_wconf 72' lang='lat' dir='ltr'><strong>BredoV.</strong></span> <span class='ocrx_word' id='word_1_222' title='bbox 1233 3045 1287 3093; x_wconf 91' lang='lat' dir='ltr'><strong><em>p.</em></strong></span> <span class='ocrx_word' id='word_1_223' title='bbox 1344 3027 1447 3077; x_wconf 83' lang='lat'><strong><em>323</em></strong></span> 
     </span>
     <span class='ocr_line' id='line_1_31' title="bbox 365 3095 1445 3162; baseline 0.001 -16"><span class='ocrx_word' id='word_1_224' title='bbox 365 3113 462 3162; x_wconf 84' lang='lat' dir='ltr'><strong><em>pro</em></strong></span> <span class='ocrx_word' id='word_1_225' title='bbox 482 3095 829 3161; x_wconf 78' lang='grc' dir='ltr'><strong><em>προθυμέαι,</em></strong></span> <span class='ocrx_word' id='word_1_226' title='bbox 854 3097 998 3161; x_wconf 88' lang='lat' dir='ltr'><strong><em>quod</em></strong></span> <span class='ocrx_word' id='word_1_227' title='bbox 1024 3097 1267 3162; x_wconf 73' lang='lat' dir='ltr'><strong>plerique</strong></span> <span class='ocrx_word' id='word_1_228' title='bbox 1285 3097 1445 3149; x_wconf 80' lang='lat' dir='ltr'><strong>codd.</strong></span> 
     </span>
     <span class='ocr_line' id='line_1_32' title="bbox 367 3165 949 3228; baseline 0 -12"><span class='ocrx_word' id='word_1_229' title='bbox 367 3166 629 3227; x_wconf 73' lang='lat' dir='ltr'><strong><em>afferunt3</em></strong></span> <span class='ocrx_word' id='word_1_230' title='bbox 667 3167 743 3218; x_wconf 84' lang='lat' dir='ltr'><strong><em>ef.</em></strong></span> <span class='ocrx_word' id='word_1_231' title='bbox 781 3167 824 3228; x_wconf 97' lang='grc' dir='ltr'><strong><em>Ι,</em></strong></span> <span class='ocrx_word' id='word_1_232' title='bbox 862 3165 949 3216; x_wconf 84' lang='grc'><strong><em>39.</em></strong></span> 
     </span>
    </p>
   </div>
   <div class='ocr_carea' id='block_1_9' title="bbox 354 3258 1447 4087">
    <p class='ocr_par' dir='ltr' id='par_1_9' title="bbox 354 3258 1446 4087">
     <span class='ocr_line' id='line_1_33' title="bbox 433 3258 1443 3347; baseline -0.001 -30"><span class='ocrx_word' id='word_1_233' title='bbox 433 3266 586 3331; x_wconf 77' lang='grc' dir='ltr'><strong><em>φέρε,</em></strong></span> <span class='ocrx_word' id='word_1_234' title='bbox 624 3260 852 3333; x_wconf 80' lang='grc' dir='ltr'><strong><em>μόχθον</em></strong></span> <span class='ocrx_word' id='word_1_235' title='bbox 885 3300 954 3308; x_wconf 84' lang='lat'><strong><em>-—</em></strong></span> <span class='ocrx_word' id='word_1_236' title='bbox 984 3258 1146 3347; x_wconf 74' lang='grc' dir='ltr'><strong><em>ἄφες·</em></strong></span> <span class='ocrx_word' id='word_1_237' title='bbox 1183 3260 1251 3317; x_wconf 78' lang='grc' dir='ltr'><strong><em>σὺ</em></strong></span> <span class='ocrx_word' id='word_1_238' title='bbox 1288 3262 1352 3317; x_wconf 75' lang='grc' dir='ltr'><strong><em>δὲ</em></strong></span> <span class='ocrx_word' id='word_1_239' title='bbox 1375 3298 1443 3306; x_wconf 92' lang='grc'><strong>-</strong></span> 
     </span>
     <span class='ocr_line' id='line_1_34' title="bbox 363 3330 1447 3404; baseline 0.001 -19"><span class='ocrx_word' id='word_1_240' title='bbox 363 3334 643 3404; x_wconf 75' lang='grc' dir='ltr'><strong><em>διάβαινε]</em></strong></span> <span class='ocrx_word' id='word_1_241' title='bbox 682 3339 988 3389; x_wconf 86' lang='lat' dir='ltr'><strong>Pronomen</strong></span> <span class='ocrx_word' id='word_1_242' title='bbox 1033 3330 1101 3386; x_wconf 78' lang='grc' dir='ltr'><strong><em>σὺ</em></strong></span> <span class='ocrx_word' id='word_1_243' title='bbox 1138 3338 1193 3386; x_wconf 89' lang='lat' dir='ltr'><strong>in</strong></span> <span class='ocrx_word' id='word_1_244' title='bbox 1228 3338 1447 3387; x_wconf 86' lang='lat' dir='ltr'><strong>bimem-</strong></span> 
     </span>
     <span class='ocr_line' id='line_1_35' title="bbox 362 3407 1446 3471; baseline -0.002 -14"><span class='ocrx_word' id='word_1_245' title='bbox 362 3407 445 3457; x_wconf 85' lang='lat' dir='ltr'><strong><em>bri</em></strong></span> <span class='ocrx_word' id='word_1_246' title='bbox 481 3409 729 3458; x_wconf 83' lang='lat' dir='ltr'><strong>oratione</strong></span> <span class='ocrx_word' id='word_1_247' title='bbox 763 3408 928 3458; x_wconf 81' lang='lat' dir='ltr'><strong>semel</strong></span> <span class='ocrx_word' id='word_1_248' title='bbox 963 3412 1176 3458; x_wconf 78' lang='lat' dir='ltr'><strong>tantum</strong></span> <span class='ocrx_word' id='word_1_249' title='bbox 1211 3409 1446 3471; x_wconf 81' lang='lat' dir='ltr'><strong>positum</strong></span> 
     </span>
     <span class='ocr_line' id='line_1_36' title="bbox 357 3467 1444 3542; baseline 0 -17"><span class='ocrx_word' id='word_1_250' title='bbox 357 3476 449 3527; x_wconf 83' lang='lat' dir='ltr'><strong>hie</strong></span> <span class='ocrx_word' id='word_1_251' title='bbox 476 3491 541 3526; x_wconf 82' lang='lat' dir='ltr'><strong><em>ae</em></strong></span> <span class='ocrx_word' id='word_1_252' title='bbox 581 3492 649 3525; x_wconf 89' lang='lat' dir='ltr'><strong><em>ue</em></strong></span> <span class='ocrx_word' id='word_1_253' title='bbox 673 3478 1009 3527; x_wconf 83' lang='lat' dir='ltr'><strong>referendum</strong></span> <span class='ocrx_word' id='word_1_254' title='bbox 1034 3476 1101 3526; x_wconf 80' lang='lat' dir='ltr'><strong><em>ad</em></strong></span> <span class='ocrx_word' id='word_1_255' title='bbox 1121 3467 1265 3539; x_wconf 73' lang='grc' dir='ltr'><strong><em>ἄφες</em></strong></span> <span class='ocrx_word' id='word_1_256' title='bbox 1284 3492 1444 3542; x_wconf 80' lang='lat' dir='ltr'><strong><em>quum</em></strong></span> 
     </span>
     <span class='ocr_line' id='line_1_37' title="bbox 360 3493 1442 3612; baseline -0.001 -17"><span class='ocrx_word' id='word_1_257' title='bbox 360 3545 431 3595; x_wconf 77' lang='lat' dir='ltr'><strong><em>ad</em></strong></span> <span class='ocrx_word' id='word_1_258' title='bbox 457 3493 713 3612; x_wconf 41' lang='lat' dir='ltr'><strong><em>&amp;zazonem</em></strong></span> <span class='ocrx_word' id='word_1_259' title='bbox 737 3551 918 3597; x_wconf 89' lang='lat' dir='ltr'><strong>monet</strong></span> <span class='ocrx_word' id='word_1_260' title='bbox 942 3545 1208 3596; x_wconf 79' lang='lat' dir='ltr'><strong>Matthiae</strong></span> <span class='ocrx_word' id='word_1_261' title='bbox 1228 3546 1321 3596; x_wconf 85' lang='lat' dir='ltr'><strong><em>Gr.</em></strong></span> <span class='ocrx_word' id='word_1_262' title='bbox 1350 3546 1442 3595; x_wconf 86' lang='lat' dir='ltr'><strong><em>Gr.</em></strong></span> 
     </span>
     <span class='ocr_line' id='line_1_38' title="bbox 360 3614 1446 3681; baseline -0.001 -17"><span class='ocrx_word' id='word_1_263' title='bbox 360 3631 485 3681; x_wconf 78' lang='lat' dir='ltr'><strong><em>pag.</em></strong></span> <span class='ocrx_word' id='word_1_264' title='bbox 534 3615 657 3666; x_wconf 79' lang='lat'><strong>865.</strong></span> <span class='ocrx_word' id='word_1_265' title='bbox 741 3616 848 3666; x_wconf 85' lang='lat' dir='ltr'><strong><em>Sed</em></strong></span> <span class='ocrx_word' id='word_1_266' title='bbox 896 3614 1292 3680; x_wconf 74' lang='lat' dir='ltr'><strong>respiciendum</strong></span> <span class='ocrx_word' id='word_1_267' title='bbox 1342 3614 1446 3664; x_wconf 84' lang='lat' dir='ltr'><strong>erit</strong></span> 
     </span>
     <span class='ocr_line' id='line_1_39' title="bbox 360 3683 1441 3748; baseline -0.001 -15"><span class='ocrx_word' id='word_1_268' title='bbox 360 3684 428 3733; x_wconf 78' lang='lat' dir='ltr'><strong><em>ad</em></strong></span> <span class='ocrx_word' id='word_1_269' title='bbox 455 3684 622 3734; x_wconf 79' lang='lat' dir='ltr'><strong>verba</strong></span> <span class='ocrx_word' id='word_1_270' title='bbox 643 3686 1033 3735; x_wconf 77' lang='lat' dir='ltr'><strong>enuntiationis</strong></span> <span class='ocrx_word' id='word_1_271' title='bbox 1060 3683 1215 3733; x_wconf 88' lang='lat' dir='ltr'><strong>initio</strong></span> <span class='ocrx_word' id='word_1_272' title='bbox 1234 3683 1441 3748; x_wconf 75' lang='lat' dir='ltr'><strong>posita.</strong></span> 
     </span>
     <span class='ocr_line' id='line_1_40' title="bbox 360 3745 1441 3818; baseline -0.002 -16"><span class='ocrx_word' id='word_1_273' title='bbox 360 3745 427 3802; x_wconf 79' lang='grc' dir='ltr'>σύ</span> <span class='ocrx_word' id='word_1_274' title='bbox 465 3747 528 3802; x_wconf 73' lang='grc' dir='ltr'><strong><em>δὲ</em></strong></span> <span class='ocrx_word' id='word_1_275' title='bbox 563 3749 618 3802; x_wconf 77' lang='grc' dir='ltr'><strong><em>εἰ</em></strong></span> <span class='ocrx_word' id='word_1_276' title='bbox 647 3747 900 3818; x_wconf 76' lang='grc' dir='ltr'><strong><em>μεγάλως</em></strong></span> <span class='ocrx_word' id='word_1_277' title='bbox 946 3751 1330 3817; x_wconf 76' lang='grc' dir='ltr'><strong><em>προθυμέεαι,</em></strong></span> <span class='ocrx_word' id='word_1_278' title='bbox 1379 3757 1441 3801; x_wconf 89' lang='lat' dir='ltr'><strong><em>ut</em></strong></span> 
     </span>
     <span class='ocr_line' id='line_1_41' title="bbox 357 3823 1440 3888; baseline -0.001 -17"><span class='ocrx_word' id='word_1_279' title='bbox 357 3823 494 3872; x_wconf 77' lang='lat' dir='ltr'><strong>adeo</strong></span> <span class='ocrx_word' id='word_1_280' title='bbox 529 3827 760 3888; x_wconf 80' lang='lat' dir='ltr'><strong><em>utraque</em></strong></span> <span class='ocrx_word' id='word_1_281' title='bbox 809 3823 1072 3873; x_wconf 79' lang='lat' dir='ltr'><strong>orationis</strong></span> <span class='ocrx_word' id='word_1_282' title='bbox 1123 3837 1247 3887; x_wconf 79' lang='lat' dir='ltr'><strong><em>pars</em></strong></span> <span class='ocrx_word' id='word_1_283' title='bbox 1285 3837 1440 3871; x_wconf 85' lang='lat' dir='ltr'><strong>suum</strong></span> 
     </span>
     <span class='ocr_line' id='line_1_42' title="bbox 357 3881 1442 3957; baseline -0.002 -17"><span class='ocrx_word' id='word_1_284' title='bbox 357 3891 556 3941; x_wconf 75' lang='lat' dir='ltr'><strong>habeat</strong></span> <span class='ocrx_word' id='word_1_285' title='bbox 593 3908 902 3957; x_wconf 80' lang='lat' dir='ltr'><strong>pronomen.</strong></span> <span class='ocrx_word' id='word_1_286' title='bbox 941 3923 1014 3932; x_wconf 92' lang='lat'>—</span> <span class='ocrx_word' id='word_1_287' title='bbox 1048 3881 1195 3955; x_wconf 77' lang='grc' dir='ltr'><strong><em>ἄφες</em></strong></span> <span class='ocrx_word' id='word_1_288' title='bbox 1242 3891 1442 3939; x_wconf 85' lang='lat' dir='ltr'><strong>retinui</strong></span> 
     </span>
     <span class='ocr_line' id='line_1_43' title="bbox 357 3959 1441 4022; baseline -0.001 -13"><span class='ocrx_word' id='word_1_289' title='bbox 357 3960 425 4009; x_wconf 91' lang='lat' dir='ltr'><strong><em>ob</em></strong></span> <span class='ocrx_word' id='word_1_290' title='bbox 463 3960 620 4010; x_wconf 80' lang='lat' dir='ltr'><strong>codd.</strong></span> <span class='ocrx_word' id='word_1_291' title='bbox 659 3977 1010 4022; x_wconf 78' lang='lat' dir='ltr'><strong>eonsensum3</strong></span> <span class='ocrx_word' id='word_1_292' title='bbox 1047 3965 1276 4011; x_wconf 86' lang='lat' dir='ltr'><strong>reeentt.</strong></span> <span class='ocrx_word' id='word_1_293' title='bbox 1315 3959 1441 4010; x_wconf 86' lang='lat' dir='ltr'><strong>edd.</strong></span> 
     </span>
     <span class='ocr_line' id='line_1_44' title="bbox 354 4020 514 4087; baseline 0 -10"><span class='ocrx_word' id='word_1_294' title='bbox 354 4020 514 4087; x_wconf 77' lang='grc' dir='ltr'><strong><em>ἄπες.</em></strong></span> 
     </span>
    </p>
   </div>
   <div class='ocr_carea' id='block_1_10' title="bbox 354 4122 1444 4471">
    <p class='ocr_par' dir='ltr' id='par_1_10' title="bbox 354 4122 1444 4471">
     <span class='ocr_line' id='line_1_45' title="bbox 428 4122 1442 4198; baseline -0.002 -18"><span class='ocrx_word' id='word_1_295' title='bbox 428 4122 666 4197; x_wconf 78' lang='grc' dir='ltr'><strong><em>ὁκότερα</em></strong></span> <span class='ocrx_word' id='word_1_296' title='bbox 703 4130 897 4198; x_wconf 83' lang='grc' dir='ltr'><strong><em>ποιέῃ]</em></strong></span> <span class='ocrx_word' id='word_1_297' title='bbox 932 4131 1111 4197; x_wconf 79' lang='lat' dir='ltr'><strong><em>Vulgo</em></strong></span> <span class='ocrx_word' id='word_1_298' title='bbox 1159 4128 1338 4180; x_wconf 85' lang='grc' dir='ltr'><strong><em>ποιέει</em></strong></span> <span class='ocrx_word' id='word_1_299' title='bbox 1387 4135 1442 4179; x_wconf 86' lang='lat' dir='ltr'><strong>et</strong></span> 
     </span>
     <span class='ocr_line' id='line_1_46' title="bbox 357 4199 1440 4266; baseline -0.002 -16"><span class='ocrx_word' id='word_1_300' title='bbox 357 4201 572 4264; x_wconf 78' lang='grc' dir='ltr'><strong><em>ποιέοι,</em></strong></span> <span class='ocrx_word' id='word_1_301' title='bbox 621 4206 909 4266; x_wconf 83' lang='lat' dir='ltr'><strong><em>utrumque</em></strong></span> <span class='ocrx_word' id='word_1_302' title='bbox 953 4200 1227 4251; x_wconf 87' lang='lat' dir='ltr'><strong>mendose.</strong></span> <span class='ocrx_word' id='word_1_303' title='bbox 1301 4199 1440 4249; x_wconf 80' lang='lat' dir='ltr'><strong><em>Nam</em></strong></span> 
     </span>
     <span class='ocr_line' id='line_1_47' title="bbox 356 4268 1444 4332; baseline -0.002 -14"><span class='ocrx_word' id='word_1_304' title='bbox 356 4268 467 4319; x_wconf 88' lang='lat' dir='ltr'><strong>loci</strong></span> <span class='ocrx_word' id='word_1_305' title='bbox 513 4271 786 4320; x_wconf 79' lang='lat' dir='ltr'><strong>sententia</strong></span> <span class='ocrx_word' id='word_1_306' title='bbox 834 4270 1242 4320; x_wconf 76' lang='lat' dir='ltr'><strong>coniunctivum</strong></span> <span class='ocrx_word' id='word_1_307' title='bbox 1292 4268 1444 4332; x_wconf 81' lang='lat' dir='ltr'><strong>flagi-</strong></span> 
     </span>
     <span class='ocr_line' id='line_1_48' title="bbox 354 4336 1444 4403; baseline -0.004 -15"><span class='ocrx_word' id='word_1_308' title='bbox 354 4343 468 4400; x_wconf 76' lang='lat' dir='ltr'><strong>tat,</strong></span> <span class='ocrx_word' id='word_1_309' title='bbox 516 4354 674 4403; x_wconf 88' lang='lat' dir='ltr'><strong><em>quem</em></strong></span> <span class='ocrx_word' id='word_1_310' title='bbox 710 4337 1262 4389; x_wconf 76' lang='lat' dir='ltr'><strong><em>Schellershemianus</em></strong></span> <span class='ocrx_word' id='word_1_311' title='bbox 1307 4336 1444 4385; x_wconf 85' lang='lat' dir='ltr'><strong>liber</strong></span> 
     </span>
     <span class='ocr_line' id='line_1_49' title="bbox 354 4405 1443 4471; baseline -0.002 -14"><span class='ocrx_word' id='word_1_312' title='bbox 354 4420 479 4457; x_wconf 83' lang='lat' dir='ltr'><strong><em>eum</em></strong></span> <span class='ocrx_word' id='word_1_313' title='bbox 540 4406 682 4458; x_wconf 78' lang='lat' dir='ltr'><strong>binis</strong></span> <span class='ocrx_word' id='word_1_314' title='bbox 739 4406 860 4457; x_wconf 65' lang='lat' dir='ltr'><strong>aliis</strong></span> <span class='ocrx_word' id='word_1_315' title='bbox 916 4406 1118 4471; x_wconf 80' lang='lat' dir='ltr'><strong>optime</strong></span> <span class='ocrx_word' id='word_1_316' title='bbox 1180 4405 1443 4470; x_wconf 64' lang='lat' dir='ltr'><strong><em>suggerit.</em></strong></span> 
     </span>
    </p>
   </div>
   <div class='ocr_carea' id='block_1_11' title="bbox 1559 2060 2642 2281">
    <p class='ocr_par' dir='ltr' id='par_1_11' title="bbox 1559 2060 2642 2281">
     <span class='ocr_line' id='line_1_50' title="bbox 1562 2060 2641 2156; baseline -0.001 -15"><span class='ocrx_word' id='word_1_317' title='bbox 1562 2092 1723 2142; x_wconf 85' lang='lat' dir='ltr'><strong>conf.</strong></span> <span class='ocrx_word' id='word_1_318' title='bbox 1771 2060 1935 2156; x_wconf 56' lang='lat' dir='ltr'><strong><em>enpr&#39;a</em></strong></span> <span class='ocrx_word' id='word_1_319' title='bbox 1981 2092 2052 2142; x_wconf 77' lang='lat' dir='ltr'><strong><em>ad</em></strong></span> <span class='ocrx_word' id='word_1_320' title='bbox 2090 2091 2136 2152; x_wconf 89' lang='grc' dir='ltr'><strong><em>Ι,</em></strong></span> <span class='ocrx_word' id='word_1_321' title='bbox 2178 2090 2264 2141; x_wconf 89' lang='grc'><strong><em>53.</em></strong></span> <span class='ocrx_word' id='word_1_322' title='bbox 2337 2092 2423 2141; x_wconf 86' lang='lat' dir='ltr'><strong><em>Tu</em></strong></span> <span class='ocrx_word' id='word_1_323' title='bbox 2459 2096 2641 2141; x_wconf 83' lang='lat' dir='ltr'><strong>verte:</strong></span> 
     </span>
     <span class='ocr_line' id='line_1_51' title="bbox 1559 2162 2642 2227; baseline -0.001 -16"><span class='ocrx_word' id='word_1_324' title='bbox 1559 2162 1790 2227; x_wconf 79' lang='lat' dir='ltr'><strong><em>quidnam</em></strong></span> <span class='ocrx_word' id='word_1_325' title='bbox 1819 2163 2111 2225; x_wconf 65' lang='lat' dir='ltr'><strong><em>sudandum</em></strong></span> <span class='ocrx_word' id='word_1_326' title='bbox 2144 2164 2212 2211; x_wconf 76' lang='lat' dir='ltr'><strong>sit</strong></span> <span class='ocrx_word' id='word_1_327' title='bbox 2235 2176 2278 2210; x_wconf 79' lang='lat' dir='ltr'><strong><em>s.</em></strong></span> <span class='ocrx_word' id='word_1_328' title='bbox 2306 2162 2536 2226; x_wconf 75' lang='lat' dir='ltr'><strong><em>quidnam</em></strong></span> <span class='ocrx_word' id='word_1_329' title='bbox 2555 2163 2642 2224; x_wconf 77' lang='lat' dir='ltr'><strong><em>fa·</em></strong></span> 
     </span>
     <span class='ocr_line' id='line_1_52' title="bbox 1559 2231 1901 2281; baseline 0 -1"><span class='ocrx_word' id='word_1_330' title='bbox 1559 2247 1677 2281; x_wconf 73' lang='lat' dir='ltr'><strong><em>cere</em></strong></span> <span class='ocrx_word' id='word_1_331' title='bbox 1704 2231 1901 2281; x_wconf 79' lang='lat' dir='ltr'><strong><em>debeat.</em></strong></span> 
     </span>
    </p>
   </div>
   <div class='ocr_carea' id='block_1_12' title="bbox 1906 2418 2294 2473">
    <p class='ocr_par' dir='ltr' id='par_1_12' title="bbox 1906 2418 2294 2473">
     <span class='ocr_line' id='line_1_53' title="bbox 1906 2418 2294 2473; baseline -0.005 -4"><span class='ocrx_word' id='word_1_332' title='bbox 1906 2418 2039 2473; x_wconf 68' lang='lat' dir='ltr'><strong><em>Cn.</em></strong></span> <span class='ocrx_word' id='word_1_333' title='bbox 2077 2419 2294 2470; x_wconf 86' lang='lat' dir='ltr'>CCVII.</span> 
     </span>
    </p>
   </div>
   <div class='ocr_carea' id='block_1_13' title="bbox 1546 2528 2646 3435">
    <p class='ocr_par' dir='ltr' id='par_1_13' title="bbox 1546 2528 2646 3435">
     <span class='ocr_line' id='line_1_54' title="bbox 1552 2528 2646 2673; baseline -0.002 -16"><span class='ocrx_word' id='word_1_334' title='bbox 1552 2551 1854 2657; x_wconf 55' lang='lat' dir='ltr'><strong><em>vgssiffl‘*</em></strong></span> <span class='ocrx_word' id='word_1_335' title='bbox 1856 2552 2204 2673; x_wconf 62' lang='grc' dir='ltr'><strong><em>ἷιῖῗιῗρῖἓέἔῖ</em></strong></span> <span class='ocrx_word' id='word_1_336' title='bbox 2208 2528 2646 2669; x_wconf 54' lang='lat'><strong><em>“222222122233</em></strong></span> 
     </span>
     <span class='ocr_line' id='line_1_55' title="bbox 1551 2676 2639 2730; baseline -0.006 0"><span class='ocrx_word' id='word_1_337' title='bbox 1551 2678 1779 2730; x_wconf 81' lang='lat' dir='ltr'><strong>notione</strong></span> <span class='ocrx_word' id='word_1_338' title='bbox 1835 2692 1956 2727; x_wconf 82' lang='lat' dir='ltr'><strong><em>eum</em></strong></span> <span class='ocrx_word' id='word_1_339' title='bbox 2019 2677 2338 2726; x_wconf 77' lang='lat' dir='ltr'><strong>accusativo</strong></span> <span class='ocrx_word' id='word_1_340' title='bbox 2396 2676 2639 2725; x_wconf 83' lang='lat' dir='ltr'><strong>iunctum</strong></span> 
     </span>
     <span class='ocr_line' id='line_1_56' title="bbox 1553 2743 2637 2806; baseline -0.001 -11"><span class='ocrx_word' id='word_1_341' title='bbox 1553 2746 1837 2796; x_wconf 76' lang='lat' dir='ltr'><strong>declarant</strong></span> <span class='ocrx_word' id='word_1_342' title='bbox 1880 2746 1934 2795; x_wconf 87' lang='lat' dir='ltr'><strong>hi</strong></span> <span class='ocrx_word' id='word_1_343' title='bbox 1976 2745 2084 2795; x_wconf 86' lang='lat' dir='ltr'><strong>loci</strong></span> <span class='ocrx_word' id='word_1_344' title='bbox 2128 2743 2421 2795; x_wconf 84' lang='lat' dir='ltr'><strong>Herodotei</strong></span> <span class='ocrx_word' id='word_1_345' title='bbox 2468 2745 2512 2806; x_wconf 94' lang='lat' dir='ltr'><strong><em>I,</em></strong></span> <span class='ocrx_word' id='word_1_346' title='bbox 2552 2746 2637 2794; x_wconf 87' lang='lat'><strong><em>77.</em></strong></span> 
     </span>
     <span class='ocr_line' id='line_1_57' title="bbox 1553 2781 2639 2878; baseline -0.001 -14"><span class='ocrx_word' id='word_1_347' title='bbox 1553 2816 1629 2877; x_wconf 92' lang='grc' dir='ltr'><strong><em>ΙΙ,</em></strong></span> <span class='ocrx_word' id='word_1_348' title='bbox 1673 2814 1753 2865; x_wconf 87' lang='grc'><strong><em>13.</em></strong></span> <span class='ocrx_word' id='word_1_349' title='bbox 1795 2817 1881 2865; x_wconf 81' lang='grc'><strong><em>24.</em></strong></span> <span class='ocrx_word' id='word_1_350' title='bbox 1919 2815 2046 2878; x_wconf 89' lang='lat' dir='ltr'>VII,</span> <span class='ocrx_word' id='word_1_351' title='bbox 2077 2815 2193 2866; x_wconf 75' lang='grc'><strong>146.</strong></span> <span class='ocrx_word' id='word_1_352' title='bbox 2233 2812 2389 2874; x_wconf 89' lang='lat' dir='ltr'>VIII,</span> <span class='ocrx_word' id='word_1_353' title='bbox 2430 2781 2546 2874; x_wconf 87' lang='grc'>106,</span> <span class='ocrx_word' id='word_1_354' title='bbox 2572 2828 2639 2863; x_wconf 89' lang='lat' dir='ltr'><strong><em>ne</em></strong></span> 
     </span>
     <span class='ocr_line' id='line_1_58' title="bbox 1551 2852 2636 2950; baseline -0.002 -16"><span class='ocrx_word' id='word_1_355' title='bbox 1551 2884 1839 2950; x_wconf 79' lang='lat' dir='ltr'><strong><em>plura.1n</em></strong></span> <span class='ocrx_word' id='word_1_356' title='bbox 1858 2885 2040 2935; x_wconf 83' lang='lat' dir='ltr'><strong>verbis</strong></span> <span class='ocrx_word' id='word_1_357' title='bbox 2065 2884 2414 2950; x_wconf 80' lang='lat' dir='ltr'><strong>sequentibus</strong></span> <span class='ocrx_word' id='word_1_358' title='bbox 2440 2852 2636 2933; x_wconf 77' lang='lat' dir='ltr'><strong>Ma’tth.</strong></span> 
     </span>
     <span class='ocr_line' id='line_1_59' title="bbox 1552 2951 2638 3032; baseline -0.002 -27"><span class='ocrx_word' id='word_1_359' title='bbox 1552 2955 1648 3005; x_wconf 85' lang='lat' dir='ltr'><strong><em>Gr.</em></strong></span> <span class='ocrx_word' id='word_1_360' title='bbox 1699 2955 1791 3005; x_wconf 86' lang='lat' dir='ltr'><strong><em>Gr.</em></strong></span> <span class='ocrx_word' id='word_1_361' title='bbox 1828 2954 1877 3015; x_wconf 82' lang='lat'><strong><em>5.</em></strong></span> <span class='ocrx_word' id='word_1_362' title='bbox 1889 2954 2038 3032; x_wconf 78' lang='lat'>539,</span> <span class='ocrx_word' id='word_1_363' title='bbox 2086 2956 2105 3005; x_wconf 97' lang='lat' dir='ltr'><strong>l</strong></span> <span class='ocrx_word' id='word_1_364' title='bbox 2156 2951 2522 3004; x_wconf 80' lang='lat' dir='ltr'><strong><em>consulendus</em></strong></span> <span class='ocrx_word' id='word_1_365' title='bbox 2572 2953 2638 3003; x_wconf 84' lang='lat' dir='ltr'><strong><em>de</em></strong></span> 
     </span>
     <span class='ocr_line' id='line_1_60' title="bbox 1550 3013 2635 3086; baseline 0.001 -13"><span class='ocrx_word' id='word_1_366' title='bbox 1550 3028 1827 3074; x_wconf 76' lang='lat' dir='ltr'><strong>structura</strong></span> <span class='ocrx_word' id='word_1_367' title='bbox 1884 3013 1970 3072; x_wconf 80' lang='grc' dir='ltr'><strong><em>ὅτι</em></strong></span> <span class='ocrx_word' id='word_1_368' title='bbox 2007 3053 2078 3063; x_wconf 88' lang='lat'><strong><em>--</em></strong></span> <span class='ocrx_word' id='word_1_369' title='bbox 2124 3014 2508 3086; x_wconf 74' lang='grc' dir='ltr'><strong><em>ἀποτρέψειν,</em></strong></span> <span class='ocrx_word' id='word_1_370' title='bbox 2567 3022 2635 3074; x_wconf 87' lang='lat' dir='ltr'><strong><em>de</em></strong></span> 
     </span>
     <span class='ocr_line' id='line_1_61' title="bbox 1548 3092 2636 3158; baseline -0.001 -15"><span class='ocrx_word' id='word_1_371' title='bbox 1548 3109 1657 3158; x_wconf 73' lang='lat' dir='ltr'><strong><em>qua</em></strong></span> <span class='ocrx_word' id='word_1_372' title='bbox 1680 3093 1870 3143; x_wconf 71' lang='lat' dir='ltr'><strong>eedem</strong></span> <span class='ocrx_word' id='word_1_373' title='bbox 1887 3092 2003 3157; x_wconf 76' lang='lat' dir='ltr'><strong>dis</strong></span> <span class='ocrx_word' id='word_1_374' title='bbox 1994 3096 2133 3143; x_wconf 80' lang='lat' dir='ltr'><strong>utat</strong></span> <span class='ocrx_word' id='word_1_375' title='bbox 2154 3107 2372 3158; x_wconf 89' lang='lat' dir='ltr'><strong><em>quoque</em></strong></span> <span class='ocrx_word' id='word_1_376' title='bbox 2385 3092 2636 3142; x_wconf 84' lang='lat' dir='ltr'><strong>Kuehner</strong></span> 
     </span>
     <span class='ocr_line' id='line_1_62' title="bbox 1548 3161 2637 3225; baseline -0.004 -11"><span class='ocrx_word' id='word_1_377' title='bbox 1548 3165 1645 3215; x_wconf 86' lang='lat' dir='ltr'><strong><em>Gr.</em></strong></span> <span class='ocrx_word' id='word_1_378' title='bbox 1685 3164 1778 3214; x_wconf 86' lang='lat' dir='ltr'><strong><em>Gr.</em></strong></span> <span class='ocrx_word' id='word_1_379' title='bbox 1808 3162 1859 3223; x_wconf 89' lang='lat'><strong><em>5.</em></strong></span> <span class='ocrx_word' id='word_1_380' title='bbox 1884 3163 2004 3225; x_wconf 88' lang='grc'>771,</span> <span class='ocrx_word' id='word_1_381' title='bbox 2031 3164 2083 3214; x_wconf 79' lang='grc'><strong><em>5.</em></strong></span> <span class='ocrx_word' id='word_1_382' title='bbox 2156 3163 2338 3212; x_wconf 78' lang='lat' dir='ltr'><strong><em>Verba</em></strong></span> <span class='ocrx_word' id='word_1_383' title='bbox 2370 3161 2637 3211; x_wconf 79' lang='lat' dir='ltr'><strong>Herodoti</strong></span> 
     </span>
     <span class='ocr_line' id='line_1_63' title="bbox 1546 3223 2632 3295; baseline -0.001 -14"><span class='ocrx_word' id='word_1_384' title='bbox 1546 3223 1675 3281; x_wconf 64' lang='grc' dir='ltr'><strong><em>ἐπεί</em></strong></span> <span class='ocrx_word' id='word_1_385' title='bbox 1713 3246 1780 3295; x_wconf 80' lang='grc' dir='ltr'><strong><em>με</em></strong></span> <span class='ocrx_word' id='word_1_386' title='bbox 1828 3223 1971 3289; x_wconf 74' lang='grc' dir='ltr'><strong><em>Ζεὺς</em></strong></span> <span class='ocrx_word' id='word_1_387' title='bbox 2022 3229 2632 3282; x_wconf 72' lang='lat' dir='ltr'><strong><em>u.t.7..1310mfleld.</em></strong></span> 
     </span>
     <span class='ocr_line' id='line_1_64' title="bbox 1547 3301 2634 3420; baseline 0 -70"><span class='ocrx_word' id='word_1_388' title='bbox 1547 3302 1889 3420; x_wconf 48' lang='lat' dir='ltr'><strong><em>{emptu-avg</em></strong></span> <span class='ocrx_word' id='word_1_389' title='bbox 1908 3317 2028 3419; x_wconf 55' lang='lat' dir='ltr'>cmlx:</span> <span class='ocrx_word' id='word_1_390' title='bbox 2043 3301 2634 3420; x_wconf 54' lang='grc' dir='ltr'><strong><em>(ΙΣΙγιιιειιιιιὲεῒιαονοι-</em></strong></span> 
     </span>
     <span class='ocr_line' id='line_1_65' title="bbox 1588 3383 2611 3435; baseline 0 -17"><span class='ocrx_word' id='word_1_391' title='bbox 1588 3386 1633 3419; x_wconf 76' lang='grc' dir='ltr'><strong><em>ιε</em></strong></span> <span class='ocrx_word' id='word_1_392' title='bbox 1664 3387 1769 3435; x_wconf 81' lang='lat' dir='ltr'><strong><em>apu</em></strong></span> <span class='ocrx_word' id='word_1_393' title='bbox 1892 3387 1981 3420; x_wconf 81' lang='lat' dir='ltr'><strong><em>ese</em></strong></span> <span class='ocrx_word' id='word_1_394' title='bbox 2021 3385 2169 3434; x_wconf 82' lang='lat' dir='ltr'><strong><em>yum</em></strong></span> <span class='ocrx_word' id='word_1_395' title='bbox 2213 3385 2270 3418; x_wconf 88' lang='grc' dir='ltr'><strong><em>ιιι</em></strong></span> <span class='ocrx_word' id='word_1_396' title='bbox 2364 3383 2611 3431; x_wconf 75' lang='lat' dir='ltr'><strong>gamemn</strong></span> 
     </span>
    </p>
   </div>
   <div class='ocr_carea' id='block_1_14' title="bbox 1546 3429 2633 3572">
    <p class='ocr_par' dir='ltr' id='par_1_14' title="bbox 1546 3429 2633 3572">
     <span class='ocr_line' id='line_1_66' title="bbox 1550 3429 2633 3516; baseline -0.005 -26"><span class='ocrx_word' id='word_1_397' title='bbox 1550 3439 1714 3490; x_wconf 86' lang='lat'>1003:</span> <span class='ocrx_word' id='word_1_398' title='bbox 1763 3432 1890 3488; x_wconf 72' lang='grc' dir='ltr'><strong><em>ἐπεί</em></strong></span> <span class='ocrx_word' id='word_1_399' title='bbox 1926 3452 1957 3488; x_wconf 89' lang='grc' dir='ltr'><strong><em>σ</em></strong></span> <span class='ocrx_word' id='word_1_400' title='bbox 1955 3429 2151 3516; x_wconf 64' lang='grc' dir='ltr'><strong><em>Ἰθηκε</em></strong></span> <span class='ocrx_word' id='word_1_401' title='bbox 2180 3430 2288 3486; x_wconf 80' lang='grc' dir='ltr'><strong><em>Ζεύ</em></strong></span> <span class='ocrx_word' id='word_1_402' title='bbox 2278 3453 2323 3494; x_wconf 71' lang='grc' dir='ltr'><strong><em>ις</em></strong></span> <span class='ocrx_word' id='word_1_403' title='bbox 2345 3433 2633 3500; x_wconf 82' lang='grc' dir='ltr'><strong><em>ἀμηνίτως</em></strong></span> 
     </span>
     <span class='ocr_line' id='line_1_67' title="bbox 1546 3498 2628 3572; baseline -0.003 -16"><span class='ocrx_word' id='word_1_404' title='bbox 1546 3500 1754 3572; x_wconf 79' lang='grc' dir='ltr'><strong><em>δόμοις</em></strong></span> <span class='ocrx_word' id='word_1_405' title='bbox 1788 3499 2073 3556; x_wconf 78' lang='grc' dir='ltr'><strong><em>κοινωνὸν</em></strong></span> <span class='ocrx_word' id='word_1_406' title='bbox 2111 3498 2260 3554; x_wconf 79' lang='grc' dir='ltr'><strong><em>εἶναι</em></strong></span> <span class='ocrx_word' id='word_1_407' title='bbox 2285 3502 2628 3571; x_wconf 78' lang='grc' dir='ltr'><strong><em>χερνίβωνκ.</em></strong></span> 
     </span>
    </p>
   </div>
   <div class='ocr_carea' id='block_1_15' title="bbox 1539 3574 2631 4400">
    <p class='ocr_par' dir='ltr' id='par_1_15' title="bbox 1539 3574 2631 4400">
     <span class='ocr_line' id='line_1_68' title="bbox 1545 3574 2631 3638; baseline -0.004 -12"><span class='ocrx_word' id='word_1_408' title='bbox 1545 3593 1593 3626; x_wconf 91' lang='grc' dir='ltr'><strong><em>τ.</em></strong></span> <span class='ocrx_word' id='word_1_409' title='bbox 1626 3576 1674 3626; x_wconf 85' lang='grc' dir='ltr'><strong><em>λ.</em></strong></span> <span class='ocrx_word' id='word_1_410' title='bbox 1713 3577 1999 3626; x_wconf 76' lang='lat' dir='ltr'><strong>Caeterum</strong></span> <span class='ocrx_word' id='word_1_411' title='bbox 2036 3575 2228 3625; x_wconf 81' lang='lat' dir='ltr'><strong>Croesi</strong></span> <span class='ocrx_word' id='word_1_412' title='bbox 2260 3575 2427 3624; x_wconf 78' lang='lat' dir='ltr'><strong>verba</strong></span> <span class='ocrx_word' id='word_1_413' title='bbox 2464 3574 2631 3638; x_wconf 79' lang='lat' dir='ltr'><strong>respi-</strong></span> 
     </span>
     <span class='ocr_line' id='line_1_69' title="bbox 1545 3642 2628 3725; baseline -0.002 -30"><span class='ocrx_word' id='word_1_414' title='bbox 1545 3647 1699 3695; x_wconf 88' lang='lat' dir='ltr'><strong>ciunt</strong></span> <span class='ocrx_word' id='word_1_415' title='bbox 1734 3645 1804 3694; x_wconf 75' lang='lat' dir='ltr'><strong><em>ud</em></strong></span> <span class='ocrx_word' id='word_1_416' title='bbox 1834 3661 1916 3706; x_wconf 82' lang='lat' dir='ltr'><strong><em>ea,</em></strong></span> <span class='ocrx_word' id='word_1_417' title='bbox 1956 3659 2097 3710; x_wconf 77' lang='lat' dir='ltr'><strong><em>quae</em></strong></span> <span class='ocrx_word' id='word_1_418' title='bbox 2122 3658 2287 3708; x_wconf 78' lang='lat' dir='ltr'><strong>supra</strong></span> <span class='ocrx_word' id='word_1_419' title='bbox 2312 3645 2355 3705; x_wconf 88' lang='grc' dir='ltr'><strong><em>Ι,</em></strong></span> <span class='ocrx_word' id='word_1_420' title='bbox 2382 3642 2453 3695; x_wconf 87' lang='grc'><strong><em>88</em></strong></span> <span class='ocrx_word' id='word_1_421' title='bbox 2477 3658 2628 3725; x_wconf 76' lang='lat' dir='ltr'><strong><em>seqq.</em></strong></span> 
     </span>
     <span class='ocr_line' id='line_1_70' title="bbox 1547 3702 2627 3779; baseline -0.004 -14"><span class='ocrx_word' id='word_1_422' title='bbox 1547 3716 1648 3765; x_wconf 84' lang='lat'><strong><em>155</em></strong></span> <span class='ocrx_word' id='word_1_423' title='bbox 1685 3714 1958 3779; x_wconf 78' lang='lat' dir='ltr'><strong><em>leguntur.</em></strong></span> <span class='ocrx_word' id='word_1_424' title='bbox 2013 3713 2077 3762; x_wconf 91' lang='lat' dir='ltr'>In</span> <span class='ocrx_word' id='word_1_425' title='bbox 2103 3727 2255 3777; x_wconf 79' lang='lat' dir='ltr'><strong><em>seqq.</em></strong></span> <span class='ocrx_word' id='word_1_426' title='bbox 2276 3712 2477 3763; x_wconf 86' lang='lat' dir='ltr'><strong>retinui</strong></span> <span class='ocrx_word' id='word_1_427' title='bbox 2492 3702 2627 3776; x_wconf 73' lang='grc' dir='ltr'><strong><em>ἀκοί-</em></strong></span> 
     </span>
     <span class='ocr_line' id='line_1_71' title="bbox 1546 3780 2624 3846; baseline -0.002 -14"><span class='ocrx_word' id='word_1_428' title='bbox 1546 3799 1690 3845; x_wconf 86' lang='grc' dir='ltr'><strong><em>ριτα,</em></strong></span> <span class='ocrx_word' id='word_1_429' title='bbox 1727 3784 1855 3844; x_wconf 85' lang='lat' dir='ltr'>utI,</span> <span class='ocrx_word' id='word_1_430' title='bbox 1893 3783 1979 3844; x_wconf 78' lang='lat'><strong><em>41,</em></strong></span> <span class='ocrx_word' id='word_1_431' title='bbox 2017 3781 2280 3846; x_wconf 78' lang='lat' dir='ltr'><strong><em>probante</em></strong></span> <span class='ocrx_word' id='word_1_432' title='bbox 2297 3780 2532 3832; x_wconf 82' lang='lat' dir='ltr'><strong>Bredov.</strong></span> <span class='ocrx_word' id='word_1_433' title='bbox 2570 3797 2624 3845; x_wconf 88' lang='lat' dir='ltr'><strong><em>p.</em></strong></span> 
     </span>
     <span class='ocr_line' id='line_1_72' title="bbox 1545 3849 2624 3915; baseline -0.005 -11"><span class='ocrx_word' id='word_1_434' title='bbox 1545 3853 1665 3904; x_wconf 83' lang='grc'><strong>269.</strong></span> <span class='ocrx_word' id='word_1_435' title='bbox 1740 3851 1865 3902; x_wconf 75' lang='lat' dir='ltr'><strong>Alia</strong></span> <span class='ocrx_word' id='word_1_436' title='bbox 1892 3849 2217 3915; x_wconf 76' lang='lat' dir='ltr'><strong>wesseling.</strong></span> <span class='ocrx_word' id='word_1_437' title='bbox 2249 3855 2365 3900; x_wconf 87' lang='lat' dir='ltr'><strong><em>tum</em></strong></span> <span class='ocrx_word' id='word_1_438' title='bbox 2401 3849 2471 3900; x_wconf 80' lang='lat' dir='ltr'><strong><em>ad</em></strong></span> <span class='ocrx_word' id='word_1_439' title='bbox 2507 3849 2561 3900; x_wconf 85' lang='lat' dir='ltr'><strong><em>h.</em></strong></span> <span class='ocrx_word' id='word_1_440' title='bbox 2586 3849 2624 3899; x_wconf 90' lang='lat'><strong><em>1.</em></strong></span> 
     </span>
     <span class='ocr_line' id='line_1_73' title="bbox 1543 3918 2625 3998; baseline 0 -27"><span class='ocrx_word' id='word_1_441' title='bbox 1543 3927 1660 3971; x_wconf 86' lang='lat' dir='ltr'><strong><em>tum</em></strong></span> <span class='ocrx_word' id='word_1_442' title='bbox 1698 3921 1769 3970; x_wconf 77' lang='lat' dir='ltr'><strong><em>ad</em></strong></span> <span class='ocrx_word' id='word_1_443' title='bbox 1808 3920 2031 3971; x_wconf 89' lang='lat' dir='ltr'><strong>Diodor.</strong></span> <span class='ocrx_word' id='word_1_444' title='bbox 2071 3918 2237 3969; x_wconf 81' lang='lat' dir='ltr'><strong>Sicul.</strong></span> <span class='ocrx_word' id='word_1_445' title='bbox 2266 3919 2494 3998; x_wconf 84' lang='lat' dir='ltr'>XVIII,</span> <span class='ocrx_word' id='word_1_446' title='bbox 2536 3920 2625 3971; x_wconf 80' lang='lat'><strong><em>28.</em></strong></span> 
     </span>
     <span class='ocr_line' id='line_1_74' title="bbox 1542 3979 2623 4054; baseline -0.002 -13"><span class='ocrx_word' id='word_1_447' title='bbox 1542 3989 1805 4041; x_wconf 86' lang='lat' dir='ltr'><strong>Nonnulli</strong></span> <span class='ocrx_word' id='word_1_448' title='bbox 1842 3990 1981 4040; x_wconf 86' lang='lat' dir='ltr'><strong>enim</strong></span> <span class='ocrx_word' id='word_1_449' title='bbox 2008 3988 2133 4037; x_wconf 86' lang='lat' dir='ltr'><strong>libri</strong></span> <span class='ocrx_word' id='word_1_450' title='bbox 2168 3979 2445 4054; x_wconf 75' lang='grc' dir='ltr'><strong><em>ἀχάριστα</em></strong></span> <span class='ocrx_word' id='word_1_451' title='bbox 2483 3987 2541 4050; x_wconf 87' lang='lat' dir='ltr'><strong><em>(i.</em></strong></span> <span class='ocrx_word' id='word_1_452' title='bbox 2574 4005 2623 4039; x_wconf 86' lang='lat' dir='ltr'><strong><em>e.</em></strong></span> 
     </span>
     <span class='ocr_line' id='line_1_75' title="bbox 1539 4051 2623 4124; baseline -0.001 -15"><span class='ocrx_word' id='word_1_453' title='bbox 1539 4051 1712 4124; x_wconf 79' lang='grc' dir='ltr'><strong><em>ἀηδῆ,</em></strong></span> <span class='ocrx_word' id='word_1_454' title='bbox 1750 4063 1813 4107; x_wconf 85' lang='lat' dir='ltr'><strong><em>ut</em></strong></span> <span class='ocrx_word' id='word_1_455' title='bbox 1848 4057 2031 4109; x_wconf 83' lang='lat' dir='ltr'><strong>Sehol.</strong></span> <span class='ocrx_word' id='word_1_456' title='bbox 2069 4057 2139 4107; x_wconf 81' lang='lat' dir='ltr'><strong><em>ad</em></strong></span> <span class='ocrx_word' id='word_1_457' title='bbox 2166 4057 2386 4110; x_wconf 86' lang='lat' dir='ltr'><strong>Homer.</strong></span> <span class='ocrx_word' id='word_1_458' title='bbox 2423 4057 2623 4122; x_wconf 74' lang='lat' dir='ltr'><strong>Odyee.</strong></span> 
     </span>
     <span class='ocr_line' id='line_1_76' title="bbox 1542 4127 2625 4193; baseline -0.004 -14"><span class='ocrx_word' id='word_1_459' title='bbox 1542 4129 1702 4188; x_wconf 89' lang='lat' dir='ltr'>VIII,</span> <span class='ocrx_word' id='word_1_460' title='bbox 1724 4127 1828 4178; x_wconf 84' lang='grc'><strong>236</strong></span> <span class='ocrx_word' id='word_1_461' title='bbox 1858 4127 2285 4193; x_wconf 75' lang='lat' dir='ltr'><strong>interpretatur).</strong></span> <span class='ocrx_word' id='word_1_462' title='bbox 2350 4127 2459 4178; x_wconf 83' lang='lat' dir='ltr'><strong><em>Sed</em></strong></span> <span class='ocrx_word' id='word_1_463' title='bbox 2478 4127 2625 4177; x_wconf 79' lang='lat' dir='ltr'><strong>conf.</strong></span> 
     </span>
     <span class='ocr_line' id='line_1_77' title="bbox 1543 4195 2625 4258; baseline -0.002 -11"><span class='ocrx_word' id='word_1_464' title='bbox 1543 4196 1748 4247; x_wconf 86' lang='lat' dir='ltr'><strong>Herod.</strong></span> <span class='ocrx_word' id='word_1_465' title='bbox 1781 4197 1909 4258; x_wconf 84' lang='lat' dir='ltr'>VII,</span> <span class='ocrx_word' id='word_1_466' title='bbox 1945 4195 2061 4246; x_wconf 80' lang='lat'><strong>156.</strong></span> <span class='ocrx_word' id='word_1_467' title='bbox 2133 4197 2361 4248; x_wconf 72' lang='lat' dir='ltr'><strong>Lucian.</strong></span> <span class='ocrx_word' id='word_1_468' title='bbox 2391 4195 2625 4246; x_wconf 73' lang='lat' dir='ltr'><strong>Mei-ced.</strong></span> 
     </span>
     <span class='ocr_line' id='line_1_78' title="bbox 1546 4264 2629 4329; baseline -0.004 -12"><span class='ocrx_word' id='word_1_469' title='bbox 1546 4265 1813 4317; x_wconf 73' lang='lat' dir='ltr'><strong>Continet.</strong></span> <span class='ocrx_word' id='word_1_470' title='bbox 1861 4264 1945 4315; x_wconf 88' lang='grc'><strong><em>30.</em></strong></span> <span class='ocrx_word' id='word_1_471' title='bbox 2015 4266 2131 4315; x_wconf 84' lang='lat' dir='ltr'><strong><em>Nec</em></strong></span> <span class='ocrx_word' id='word_1_472' title='bbox 2178 4270 2357 4315; x_wconf 76' lang='lat' dir='ltr'><strong>tamen</strong></span> <span class='ocrx_word' id='word_1_473' title='bbox 2402 4281 2468 4314; x_wconf 78' lang='lat' dir='ltr'><strong><em>ea</em></strong></span> <span class='ocrx_word' id='word_1_474' title='bbox 2512 4280 2629 4329; x_wconf 86' lang='lat' dir='ltr'><strong><em>per-</em></strong></span> 
     </span>
     <span class='ocr_line' id='line_1_79' title="bbox 1547 4333 2629 4400; baseline -0.002 -15"><span class='ocrx_word' id='word_1_475' title='bbox 1547 4334 1775 4385; x_wconf 72' lang='lat' dir='ltr'><strong>suadere</strong></span> <span class='ocrx_word' id='word_1_476' title='bbox 1789 4339 2082 4400; x_wconf 85' lang='lat' dir='ltr'><strong>potuerunt</strong></span> <span class='ocrx_word' id='word_1_477' title='bbox 2099 4333 2521 4398; x_wconf 78' lang='lat' dir='ltr'><strong>wyttenbachio</strong></span> <span class='ocrx_word' id='word_1_478' title='bbox 2556 4334 2629 4383; x_wconf 72' lang='lat' dir='ltr'><strong><em>ud</em></strong></span> 
     </span>
    </p>
   </div>
   <div class='ocr_carea' id='block_1_16' title="bbox 1545 4401 2330 4469">
    <p class='ocr_par' dir='ltr' id='par_1_16' title="bbox 1545 4401 2330 4469">
     <span class='ocr_line' id='line_1_80' title="bbox 1545 4401 2330 4469; baseline -0.001 -15"><span class='ocrx_word' id='word_1_479' title='bbox 1545 4402 1692 4455; x_wconf 88' lang='lat' dir='ltr'><strong>Plut.</strong></span> <span class='ocrx_word' id='word_1_480' title='bbox 1730 4402 1927 4455; x_wconf 73' lang='lat' dir='ltr'><strong><em>Mox-al.</em></strong></span> <span class='ocrx_word' id='word_1_481' title='bbox 1966 4402 2015 4454; x_wconf 87' lang='grc' dir='ltr'><strong><em>Ι.</em></strong></span> <span class='ocrx_word' id='word_1_482' title='bbox 2048 4417 2174 4469; x_wconf 70' lang='lat' dir='ltr'><strong><em>pag.</em></strong></span> <span class='ocrx_word' id='word_1_483' title='bbox 2209 4401 2330 4453; x_wconf 74' lang='lat'><strong>285.</strong></span> 
     </span>
    </p>
   </div>
   <div class='ocr_carea' id='block_1_17' title="bbox 3105 4113 3109 4765">
    <p class='ocr_par' dir='ltr' id='par_1_17' title="bbox 3105 4113 3109 4765">
     <span class='ocr_line' id='line_1_81' title="bbox 3105 4113 3109 4765; baseline 0 0"><span class='ocrx_word' id='word_1_484' title='bbox 3105 4113 3109 4765; x_wconf 95' lang='lat' dir='ltr'><strong><em> </em></strong></span> 
     </span>
    </p>
   </div>
  </div>
 </body>
</html>
