3109 5092
448 360 574 423 332
1322 361 1857 426 HERODOTI

448 545 589 621 ζειν
634 535 906 607 πάντων
924 534 1192 608 Ἰώνων.
1268 539 1384 607 καὶ
1427 533 1605 607 οὕτω
1649 533 2202 623 ἀπαλλαχθέντας
2235 533 2448 623 σφέας
2483 539 2729 603 δουλο-

452 637 660 728 σύνης
702 637 1255 731 εὐδαιμονήσειν,
1324 640 1554 732 νήσων
1606 667 1681 711 τε
1722 636 2040 711 ἁπασέων
2084 645 2409 728 μεγίστην
2447 638 2728 727 νεμομέ-

455 772 616 823 νους
654 746 767 814 καὶ
801 742 1127 834 ἄρχοντας
1178 741 1441 830 ἄλλων,
1490 746 1770 835 μένουσι
1807 746 1888 815 δέ
1928 764 2054 830 σφι
2105 745 2180 813 ἐν
2223 746 2308 834 τῇ
2342 738 2562 832 Ἰωνίῃ
2604 736 2733 812 οὐκ

456 853 588 936 ἔφη
627 850 871 937 ἐνορᾶν
915 852 1320 938 ἐλευθερίην
1356 855 1453 918 ἔτι
1484 852 1839 937 ἐσομένην.
1903 842 2095 936 Αὕτη
2137 845 2263 936 μὲν
2298 854 2582 928 Βίαντος
2611 850 2736 915 τοῦ

456 953 788 1040 Πριηνέος
818 951 1087 1043 γνώμη,
1139 955 1250 1023 ἐπὶ
1300 952 1865 1042 διεφθαρμένοισι
1891 948 2080 1020 Ἴωσι
2140 952 2491 1039 γενομένη.
2569 978 2729 1038 χρη-

457 1052 578 1144 στὴ
612 1054 689 1124 δὲ
725 1056 870 1139 καὶ,
915 1058 1080 1146 πρὶν
1115 1051 1157 1145 ἢ
1195 1061 1664 1145 διαφθαρῆναι
1689 1052 1982 1142 Ἰωνίην,
2034 1052 2270 1125 Θάλεω
2295 1050 2546 1145 ἀνδρὸς
2587 1062 2731 1123 Μι-

458 1164 697 1248 λησίου
733 1160 1033 1246 ἐγένετο,
1085 1157 1161 1230 τὸ
1204 1157 1547 1230 ἀνέκαθεν
1581 1161 1776 1250 γένος
1820 1156 2045 1239 ἐόντος
2080 1163 2397 1241 Φοίνικος
2414 1211 2432 1246 ,
2475 1153 2548 1240 ὃς
2583 1158 2730 1227 ἐκέ-

457 1363 718 1413 Nostrum
749 1362 817 1426 V,
862 1362 988 1426 106,
1026 1363 1119 1414 ubi
1153 1362 1280 1414 vide
1311 1363 1547 1428 reliquo-

458 1448 577 1483 rum
603 1433 929 1497 scriptorum
954 1433 1270 1485 testimonia
1298 1434 1548 1485 consimi-

457 1502 535 1553 lia
560 1502 627 1552 de
649 1502 755 1552 hac
784 1502 965 1552 insula
998 1502 1187 1565 allata,
1225 1502 1349 1556 coll.
1370 1504 1468 1566 VI,
1492 1507 1544 1555 2.

458 1573 540 1624 Ac
565 1572 909 1637 vituperatur
926 1573 1130 1623 Noster
1151 1589 1186 1624 a
1202 1572 1547 1624 Dahlmanno

462 1642 750 1702 (Herodot.
784 1658 839 1707 p.
868 1638 992 1707 55),
1029 1642 1173 1708 quod
1200 1645 1334 1694 miro
1369 1659 1549 1694 errore

459 1711 649 1777 lapsus
695 1712 1002 1763 Sardiniam
1058 1713 1293 1764 omnium
1347 1713 1549 1764 insula-

462 1797 580 1833 rum
604 1782 893 1833 maximam
916 1782 1137 1835 dixerit.
1191 1783 1300 1835 Sed
1319 1783 1408 1834 hic
1430 1785 1547 1847 qui-

463 1851 583 1904 dem
642 1869 751 1906 non
809 1868 965 1903 suam
1012 1854 1185 1919 ipsius
1228 1852 1320 1904 ille
1380 1853 1549 1904 refert

463 1923 818 1986 sententiam,
862 1939 1050 1975 verum
1085 1924 1300 1974 Biantis
1333 1922 1400 1974 de
1424 1923 1549 1975 Sar·

465 1993 615 2043 dinia
650 1993 731 2043 sic
766 1993 1158 2056 existimantis3
1194 2009 1297 2045 nec
1335 1993 1454 2059 ipse
1489 1995 1547 2045 in

463 2062 771 2113 Sardiniam
799 2078 971 2127 usque
999 2064 1282 2128 pervenire
1310 2068 1548 2129 poterat,

462 2136 555 2194 ut,
594 2146 733 2195 quae
760 2132 920 2182 istius
948 2133 1127 2184 insula
1150 2135 1224 2183 sit
1248 2133 1547 2199 amplitudo

463 2205 521 2251 et
562 2201 908 2265 magnitudo,
952 2204 1292 2267 comperiret.
1368 2204 1550 2266 Quare

464 2286 800 2322 communem
845 2274 900 2321 et
948 2287 1047 2322 suo
1084 2276 1326 2337 tempore
1360 2273 1549 2338 vulga-

462 2345 577 2390 tam
615 2340 812 2390 famam
858 2338 926 2389 de
970 2341 1075 2392 hac
1123 2341 1328 2406 insula,
1387 2357 1550 2425 quam

465 2410 632 2460 etiam
676 2407 943 2473 μεγίστην
985 2425 1045 2460 τε
1093 2407 1275 2475 νῆσον
1323 2407 1421 2461 καὶ
1458 2404 1550 2462 εὖ-

465 2476 740 2547 δαιμονίᾳ
773 2477 1008 2544 πρώτην
1031 2480 1327 2532 Manticlus
1347 2481 1553 2534 Messe-

392 2579 399 2586 ·
462 2550 587 2601 nius
621 2555 788 2601 vocat
822 2550 965 2616 apud
988 2551 1226 2602 Pausan.
1258 2552 1355 2614 Iv,
1385 2552 1470 2614 23,
1497 2553 1548 2615 5,

462 2624 686 2672 secutus
737 2635 857 2672 esse
894 2621 1137 2682 videtum
1183 2638 1290 2688 quo
1339 2621 1552 2673 faciunt

466 2691 633 2743 etiam
669 2705 759 2753 ea,
812 2706 952 2756 quae
989 2690 1057 2742 de
1090 2692 1194 2743 hac
1229 2691 1412 2743 insula
1445 2692 1553 2743 dis·

464 2764 625 2824 putat
655 2761 959 2812 Heerenius
997 2762 1053 2811 in
1088 2761 1257 2813 Ideen
1289 2762 1366 2825 ΙΙ,
1407 2765 1456 2813 1.
1494 2778 1550 2827 p.

465 2828 535 2881 69
578 2845 730 2894 seqq.
750 2867 763 2891 ,
825 2832 1022 2896 quippe
1078 2832 1378 2896 principem
1438 2833 1554 2883 fere

466 2899 1009 2963 Carthaginiensibus
1084 2900 1259 2951 fuisse
1337 2902 1555 2965 provin-

467 2969 607 3018 ciam
644 2983 957 3034 summoque
980 2967 1102 3020 loco
1139 2969 1410 3032 habitam,
1444 2987 1556 3022 om-

469 3037 553 3086 nis
578 3036 836 3086 frumenti
855 3039 1013 3100 copia
1036 3038 1425 3098 abundantem,
1451 3055 1558 3089 me-

467 3104 605 3156 talla
659 3104 877 3170 aliaque
927 3106 1154 3172 largiter
1207 3107 1561 3171 suppeditan-

466 3180 596 3226 tem.
637 3173 779 3226 Add.
806 3175 1052 3227 Movere:
1089 3178 1194 3227 Die
1216 3176 1555 3229 Phoenizier.

468 3245 554 3306 Π,
588 3246 640 3294 2.
670 3259 725 3308 p.
746 3244 848 3295 556
872 3244 1029 3310 plura
1051 3246 1109 3296 in
1130 3246 1274 3297 hanc
1299 3262 1410 3297 rem
1449 3247 1561 3298 dis-

467 3317 768 3380 putantem.
807 3316 961 3376 Quae
988 3316 1036 3365 si
1065 3315 1433 3379 perpenderis,
1462 3318 1561 3367 mi-

468 3399 571 3435 nus
616 3388 762 3435 certe
786 3386 1133 3437 temeritatis
1169 3387 1431 3438 Nostrum
1480 3387 1560 3437 in-

468 3454 710 3505 cusabis.

540 3513 632 3573 ἐπὶ
678 3520 1155 3588 διεφθαρμένοισι
1184 3511 1363 3591 Ἰωσι]
1418 3525 1457 3577 i.
1508 3541 1556 3577 e.

468 3610 574 3644 aem
609 3593 786 3645 Ionum
821 3608 911 3645 res
939 3597 1037 3645 iam
1056 3610 1337 3657 perversae
1371 3602 1556 3648 essent.

469 3663 556 3714 Cf.
586 3654 675 3712 ἐπ’
713 3653 1161 3724 ἐξεργασμένοισι
1197 3664 1295 3727 IV,
1321 3664 1422 3715 164
1459 3665 1560 3715 ibi-

469 3747 576 3797 que
610 3737 752 3785 nott.
790 3734 868 3794 ῙΙ,
904 3735 992 3787 22.
1028 3733 1304 3785 Kuehner.
1329 3734 1423 3785 Gr.
1461 3734 1556 3785 Gr.

467 3801 516 3863 5.
555 3800 676 3852 669.
716 3833 788 3844 —-
808 3802 905 3858 ,Ad
942 3800 1218 3867 γενομένη
1251 3804 1427 3868 suppl.
1461 3791 1554 3867 ἦν,

471 3870 617 3934 quod
665 3871 913 3922 additum
954 3873 1258 3923 invenimus
1278 3887 1474 3954 ‘supra
1502 3872 1555 3953 Ι,

474 3937 571 3987 161
612 3937 705 3990 fin.
743 3925 855 4018 ἦν
862 3933 926 3989 δὲ
968 3932 1176 4005 χρόνος
1232 3927 1403 3997 οὗτος
1450 3932 1558 3991 οὐκ

470 3998 665 4064 ὀλίγος
722 3998 1042 4070 γενόμενος.
1134 4012 1219 4062 De
1265 4011 1559 4062 omissione

471 4075 627 4126 verbi
671 4077 785 4127 vid.
832 4075 1110 4130 Schaefer.
1162 4080 1232 4130 ad
1277 4080 1556 4132 Lambert.

472 4146 602 4195 Bos.
639 4142 708 4194 de
743 4143 934 4208 Ellips.
975 4147 1040 4196 L.
1079 4147 1172 4199 Gr.
1211 4163 1340 4229 pag.
1379 4149 1499 4202 608.

541 4204 605 4261 τὸ
653 4204 940 4263 ανέκαθεν
984 4212 1146 4278 γένος
1185 4206 1379 4273 ἐόντος
1425 4216 1563 4268 Φοί-

363 4322 375 4333 .
474 4279 655 4347 νικος]
707 4283 772 4332 Ῑιι
820 4283 1119 4335 Phoenicia
1161 4285 1409 4336 Thaletis
1457 4287 1562 4337 ori-

474 4352 603 4418 gine
637 4349 817 4415 plures
856 4368 975 4404 cum
1007 4354 1210 4405 Nostro
1246 4356 1559 4416 concinunt,

466 4437 510 4471 a
540 4420 905 4489 Wesselingio
943 4422 1013 4474 ad
1042 4423 1095 4478 h.
1130 4421 1170 4476 1.
1213 4424 1463 4488 excitati,
1500 4428 1563 4474 ut

1646 1363 1881 1429 Diogen.
1918 1363 2103 1415 Laert.
2139 1361 2188 1413 1.
2237 1361 2288 1425 5.
2322 1361 2412 1413 22.
2486 1358 2737 1411 Clemens

1647 1432 1943 1486 Alexandr.
1982 1434 2241 1484 Stromat.
2278 1431 2325 1482 Ι.
2363 1447 2417 1496 p.
2446 1428 2570 1482 352.
2630 1430 2738 1480 Pa-

1648 1507 1830 1554 rentes
1869 1503 2012 1554 enim
2048 1507 2190 1554 teste
2212 1501 2419 1552 Duride
2454 1516 2524 1551 ae
2540 1501 2741 1550 Demo-

1650 1574 1820 1635 crito,
1872 1572 1938 1622 ad
1978 1588 2114 1635 quos
2150 1573 2452 1637 Diogenes
2465 1568 2506 1621 l.
2541 1568 2578 1621 l.
2616 1585 2741 1635 pro-

1648 1647 1831 1705 vocat,
1870 1658 1937 1693 ex
1956 1641 2305 1693 Thelidarum
2328 1639 2538 1691 familia
2562 1642 2740 1700 erant,

1650 1713 1742 1778 qui
1765 1712 2095 1764 Phoenicum
2121 1711 2446 1763 nobilissimi
2470 1726 2505 1761 a
2532 1709 2740 1761 Cadmo

1651 1787 1707 1834 et
1734 1783 1986 1848 Agenore
2022 1782 2286 1846 originem
2321 1781 2517 1831 ducere
2555 1779 2743 1830 dicun-

1652 1858 1759 1904 tur.
1827 1851 2076 1903 Miletum
2111 1851 2262 1902 venit
2300 1851 2404 1914 (ait
2437 1848 2738 1914 Diogenes)

1649 1921 1927 1987 profectus
1966 1937 2089 1972 eum
2123 1920 2294 1972 Neleo
2310 1959 2323 1982 ,
2361 1926 2484 1982 aut,
2523 1924 2587 1970 ut
2623 1918 2741 1983 plu·

1648 1993 1799 2043 ribus
1845 1991 2091 2055 videtur,
2136 1991 2396 2056 indigena
2439 1990 2545 2040 fuit
2586 1989 2741 2040 Mile-

1651 2064 1765 2112 sius
1803 2066 1859 2112 et
1893 2062 2042 2113 claro
2079 2076 2275 2126 genere
2313 2065 2476 2111 natus
2510 2058 2741 2110 Phoeni-

1650 2133 1793 2184 ciam
1816 2133 2080 2196 originem
2103 2146 2238 2196 prae
2260 2147 2320 2180 se
2343 2130 2568 2180 ferente.
2603 2128 2742 2179 Inde

1653 2218 1782 2253 vero
1820 2200 2223 2267 explicandum,
2272 2200 2420 2266 quod
2464 2197 2742 2250 nonnullis

1652 2271 1925 2335 Phoenix,
1997 2271 2119 2322 aliis
2184 2269 2430 2321 Milesius
2491 2269 2741 2320 habetur.

1651 2342 1797 2392 Hinc
1842 2340 2219 2393 Theodoretus
2261 2340 2486 2392 Graeco.
2536 2338 2742 2390 affectt.

1654 2416 1830 2464 curat.
1849 2428 1905 2477 p.
1927 2413 1979 2462 7.
2007 2410 2094 2463 ed.
2118 2410 2194 2475 Sy
2197 2409 2270 2460 lb.
2298 2407 2374 2475 (p.
2403 2408 2485 2459 19.
2514 2407 2745 2490 Gaisf..)

1653 2507 1724 2517 —
1757 2473 1859 2530 τὸν
1893 2473 1959 2530 δὲ
1983 2476 2141 2544 Θαλῆ
2145 2494 2178 2528 ν
2217 2473 2277 2529 οῖ
2311 2426 2414 2529 μὲν
2450 2471 2746 2559 Μιλήσιον

1654 2547 1931 2614 λέγουσιν,
1971 2546 2263 2612 Λέανδρος
2293 2543 2357 2629 δὲ
2381 2543 2477 2598 καὶ
2504 2539 2745 2611 Ἠρόδο-

1655 2633 1752 2675 τος
1807 2618 2049 2669 Φοίνικα
2097 2610 2585 2682 προσηγόρευσαν.
2656 2616 2743 2667 Cf.

1658 2704 1823 2753 supra
1870 2688 1942 2739 ad
1984 2688 2252 2739 Herodot.
2293 2689 2351 2750 Ι,
2399 2688 2467 2737 75
2504 2688 2572 2739 de
2604 2686 2750 2737 Tha-

1654 2757 1765 2809 lete
1799 2762 2013 2810 notata.
2077 2758 2163 2809 Ad
2193 2726 2483 2808 ἀνέκαθεν
2509 2754 2749 2822 singula-

1657 2844 1768 2879 rem
1781 2828 2051 2880 Herodoti
2072 2843 2230 2879 usum
2250 2828 2546 2879 observant
2560 2827 2749 2879 Gram-

1658 2899 1848 2949 matici
1882 2898 2107 2960 Graeci,
2155 2913 2279 2950 cum
2312 2897 2485 2947 Attici
2528 2898 2593 2947 de
2640 2898 2749 2946 loco

1655 2968 1818 3018 unice
1853 2968 1935 3017 ita
1970 2968 2232 3030 dixerint,
2279 2967 2498 3017 minime
2531 2967 2596 3016 de
2631 2974 2748 3015 tem-

1654 3053 1801 3100 pore.
1853 3037 1968 3088 Nec
2002 3052 2135 3087 vero
2172 3035 2365 3099 semel,
2413 3040 2476 3086 ut
2509 3035 2749 3086 Thomas

1659 3106 1926 3170 Magister
1951 3106 2099 3168 vult,
2137 3105 2452 3158 Herodotus
2474 3104 2580 3155 hac
2612 3120 2750 3155 voce

1659 3176 1740 3226 ita
1765 3178 1850 3225 est
1873 3191 2034 3238 usus,
2071 3175 2167 3226 sed
2196 3175 2516 3240 aliquoties:
2552 3175 2629 3237 V,
2657 3176 2745 3225 55.

1660 3245 1748 3296 65.
1787 3244 1883 3304 VI,
1914 3246 2002 3298 35.
2029 3244 2148 3296 125.
2181 3245 2300 3297 128.
2335 3244 2466 3306 VII,
2489 3245 2611 3304 221,
2646 3259 2750 3295 nec

1661 3314 1756 3366 alii
1776 3314 1949 3366 Attici
1984 3315 2302 3378 scriptores,
2340 3315 2396 3364 in
2425 3314 2621 3379 quibus
2645 3314 2753 3363 Lu-

1662 3385 1879 3447 cianus,
1917 3401 1982 3436 ea
2006 3383 2416 3444 abstinuerunt,
2454 3388 2517 3433 ut
2536 3382 2753 3433 abunde

1660 3458 1924 3505 notarunt
1982 3455 2308 3518 interpretes
2366 3452 2434 3503 ad
2486 3452 2753 3502 Thomam

1662 3524 1889 3590 Magist.
1926 3539 1981 3588 p.
2011 3524 2078 3574 77
2106 3537 2222 3587 seq.
2260 3528 2315 3573 et
2350 3522 2421 3573 ad
2455 3521 2750 3585 Phrynieh.

1663 3609 1791 3659 pag.
1831 3593 1948 3645 270.
1997 3592 2396 3644 Grammaticus
2433 3607 2467 3641 a
2498 3590 2753 3642 Bekkero

1661 3663 1794 3728 vulg
1795 3666 1920 3713 atus
1957 3660 2226 3742 (Anecdd.
2255 3661 2347 3713 Gr.
2373 3662 2419 3712 Ι.
2441 3677 2495 3726 p.
2516 3659 2602 3711 18.
2631 3659 2747 3726 26).

1657 3679 1972 3783 ἀνέκαθεν·
2009 3720 2109 3812 εὖρ
2139 3743 2329 3779 σκεται
2350 3719 2440 3779 ἐπὶ
2465 3720 2648 3807 τόμον
2674 3725 2752 3810 εἰς

1649 3798 1929 3883 οημένον,
1966 3791 2073 3849 οὐκ
2133 3792 2196 3847 πὶ
2233 3790 2465 3862 χρόνον,
2507 3787 2584 3854 ὥς
2608 3788 2750 3854 παρ’

1649 3861 1960 3951 Ἡροδότῳ.
2020 3868 2268 3921 conferri
2302 3883 2518 3934 quoque
2547 3869 2754 3932 poterit

1655 3919 1920 4000 ἄγκαθεν
1951 3940 2007 3988 ἱιι
2040 3936 2295 3997 Aeschyli
2342 3939 2661 4003 Agamemn.
2699 3936 2752 4000 3,

1659 4009 1756 4060 ubi
1813 4007 1927 4062 vid.
1984 4005 2287 4059 Blomfield.
2341 4009 2398 4057 in
2448 4005 2752 4057 Glossario.

1659 4080 1729 4130 In
1766 4094 1919 4144 seqq.
1962 4078 2138 4128 forma
2176 4073 2334 4125 Τέων
2377 4073 2755 4137 Thucydidem

1661 4164 1878 4270 ‘AEffi‘t’
1907 4161 2141 4268 3232?
2138 4160 2240 4279 ⁸⁸1?
2264 4143 2428 4276 ‘2¹:⁷3¹
2431 4142 2574 4264 ,1¹22
2603 4150 2756 4264 ἱῗξζῗ

1665 4288 1786 4339 dem
1837 4287 2045 4337 formae
2091 4284 2439 4334 accusativos
2482 4298 2551 4332 ex
2579 4282 2756 4335 Hero-

1666 4357 1784 4408 doti
1817 4355 1972 4406 libris
2008 4351 2404 4404 afferens.1n
2435 4352 2618 4402 verbis
2655 4343 2758 4409 τὰς

1664 4419 1730 4477 δὲ
1763 4414 1935 4480 αλλας
1971 4414 2175 4479 πόλιας
2209 4416 2572 4484 οἰκεομένας,
2611 4435 2756 4486 quae
