3109 5092
1125 246 1621 307 EUTERPE.
1664 246 1750 306 ΙΙ.
1800 255 1921 312 173.
2538 248 2659 311 817

387 416 520 506 φὰς
549 421 623 486 ἐκ
650 421 773 487 τοῦ
805 423 1302 509 ποδανιπτῆρος
1331 416 1649 508 τῶγαλμα
1683 420 2070 506 γεγονέναι,
2103 422 2170 499 ἐς
2194 417 2313 489 τὸν
2335 419 2661 512 πρότερον

385 522 511 610 μὲν
538 519 696 601 τούς
720 527 1143 607 ,Αἰγυπτίους
1170 524 1438 612 ἐνεμεῖν
1478 550 1550 591 τε
1599 523 1711 591 καὶ
1750 525 2094 613 ἐνουρέειν
2122 524 2235 591 καὶ
2261 523 2471 606 πόδας
2502 528 2656 595 ένα-

382 632 811 710 πονίζεσθαι,
857 624 1008 694 τότε
1052 625 1125 695 δὲ
1166 627 1471 714 μεγάλως
1515 630 1861 713 σέβεσθαι.
1913 623 2044 715 ἤδη
2083 617 2216 711 ὦν,
2261 633 2390 715 ἔφη
2420 631 2657 715 λέγων,

382 723 625 818 ὁμοίως
668 724 870 808 αὐτὸς
910 734 1006 821 τῷ
1049 735 1497 819 ποδανιπτῆρι
1538 732 1975 819 πεπρηγέναι.
2058 735 2121 798 εἰ
2160 726 2288 818 γὰρ
2328 729 2659 822 πρότερον

385 832 558 901 εἶναι
589 830 909 920 δημότης,
938 829 1088 901 ἀλλ’
1125 835 1198 901 ἐν
1225 839 1318 926 τῷ
1346 832 1665 923 παρεόντι
1697 831 1871 902 εἶναι
1899 829 2127 902 αὐτῶν
2153 832 2488 920 βασιλεύς.
2546 837 2657 903 καὶ

382 941 582 1024 τιμᾶν
609 963 679 1003 τε
708 937 818 1003 καὶ
850 939 1362 1025 προμηθέεσθαι
1397 938 1655 1006 ἑωυτοῦ
1694 939 1981 1006 ἐκέλευε.
2037 934 2319 1029 τοιούτῳ
2347 935 2473 1024 μὲν
2501 936 2654 1027 τρό-

384 1064 489 1132 πω
530 1038 986 1128 προσηγάγετο
1028 1036 1184 1119 τούς
1213 1046 1661 1126 Αἰγυπτίους,
1704 1035 1872 1110 ὥστε
1919 1044 2229 1109 δικαιοῦν
2277 1040 2652 1110 δουλεύειν.

376 1139 645 1231 Ἐχρᾶτο
675 1142 750 1211 δὲ
777 1142 1171 1213 καταστάσει
1200 1141 1612 1232 πρηγμάτων
1639 1148 1886 1231 τοιῇδε.
1956 1139 2031 1212 τὸ
2059 1142 2186 1231 μὲν
2219 1139 2506 1234 ὄρθριον
2534 1147 2653 1232 με’-
2677 1147 2792 1210 173

383 1273 490 1336 χρι
531 1241 688 1315 ὅτευ
729 1244 1095 1337 πληθώρης
1136 1243 1383 1337 ἀγορῆς
1423 1244 1793 1337 προθύμως
1836 1251 2125 1336 ἔπρησσε
2152 1245 2235 1315 τὰ
2273 1247 2654 1337 προσφερό-

386 1444 532 1494 tenb.
558 1444 968 1496 Animadverss.
994 1445 1042 1509 Ι,
1070 1446 1123 1498 2.
1153 1460 1278 1510 pag.
1304 1443 1468 1495 944.“

388 1514 485 1563 Cr.

453 1575 564 1646 ἔφη
595 1580 787 1645 λέγων,
809 1572 1021 1646 ὁμοίως
1043 1571 1219 1639 αὐτὸς
1247 1596 1298 1630 κ.
1327 1597 1374 1630 τ.
1396 1580 1468 1647 λ.]

385 1650 605 1715 Optime
624 1651 762 1701 haec
779 1650 1009 1701 laudans
1031 1652 1100 1701 ob
1123 1651 1296 1701 dativi
1313 1666 1472 1701 usum

383 1721 582 1772 Mattb.
629 1721 723 1772 Gr.
770 1721 865 1771 Gr.
903 1724 954 1785 5.
990 1720 1123 1783 386,
1165 1720 1197 1772 3
1234 1721 1314 1770 sic
1353 1721 1473 1771 red-

386 1790 493 1841 dit:
544 1827 580 1855 ‚,
565 1806 641 1854 ,es
674 1805 766 1856 εει]
799 1791 893 1841 ilem
940 1791 1064 1841 eben
1109 1806 1167 1841 so
1209 1806 1472 1855 yeqanqen

384 1863 474 1911 wie
498 1862 607 1910 dem
637 1859 1015 1910 Wasclzbeeken
1031 1861 1126 1923 fiir
1150 1861 1232 1911 die
1251 1860 1431 1914 Fiisse.
1435 1860 1472 1887 ‘⁴

384 1960 456 1970 —-
495 1928 579 1979 Ad
622 1923 733 1993 ἔφη
786 1926 960 1993 λέγων
1007 1930 1152 1980 cons.
1210 1933 1351 1980 nott.
1402 1928 1472 1980 ad

386 1998 444 2061 Ι,
498 1998 615 2049 118.
701 1998 767 2046 Ιιι
819 2013 970 2064 seqq.
1020 1999 1202 2050 verbis
1259 1992 1313 2048 εἰ
1366 1990 1473 2063 γὰρ

386 2035 671 2132 πρότερον
723 2059 870 2116 εἶναι
932 2060 1186 2133 δημότης
1239 2067 1474 2118 Aldinae

384 2136 672 2187 lectionem
693 2122 796 2200 ἦεν
829 2136 945 2201 (pro
971 2133 1143 2202 εἶναι)
1167 2138 1473 2203 praeferen-

387 2208 510 2257 dam
545 2211 731 2256 censet
755 2207 1038 2258 Benedict.
1079 2208 1250 2271 (Actt.
1280 2208 1473 2259 semin.

386 2292 499 2342 reg.
550 2276 703 2340 Lips.
744 2275 822 2326 11.
869 2292 925 2341 p.
970 2275 1116 2339 291).
1204 2277 1471 2341 Equidem

388 2346 456 2396 ab
517 2360 583 2395 ea
637 2344 898 2409 lectione,
959 2361 1119 2428 quam
1172 2346 1469 2409 Mediceus‚

385 2417 431 2465 F
434 2415 751 2477 lorentinus,
775 2415 980 2465 caeteri
1001 2415 1127 2466 libri
1146 2416 1260 2466 fere
1285 2432 1471 2466 omnes

386 2485 678 2571 praebent,
719 2484 996 2536 discedere
1027 2484 1194 2536 nolui.

456 2546 577 2604 ἀλλ’
615 2522 678 2603 ἐν
707 2552 788 2621 τῷ
820 2546 1115 2620 παρεόντι]
1151 2546 1291 2603 ἀλλὰ
1344 2571 1474 2619 apo-

388 2625 545 2674 dosin
599 2623 882 2675 exordiens
923 2629 1050 2689 post
1094 2639 1470 2690 praegressum

386 2688 464 2757 εἰ,
512 2692 608 2743 ubi
653 2693 889 2743 reddunt
924 2701 1115 2753 tamen,
1162 2694 1471 2745 notavimus

386 2763 444 2812 in
478 2762 732 2814 Creuzeri
757 2763 966 2813 Melett.
1006 2763 1116 2814 ΙΙΙ.
1156 2778 1213 2829 p.
1249 2763 1339 2816 26.
1403 2763 1471 2812 In

387 2847 537 2897 seqq.
589 2831 798 2881 verbis:
856 2828 1027 2896 τιμᾶν
1077 2846 1136 2881 τε
1183 2826 1280 2881 καὶ
1330 2845 1473 2897 προ-

386 2899 714 2965 μηθέεσθαι
778 2893 996 2951 ἑωυτοῦ
1070 2892 1283 2951 ἐκέλευε
1346 2900 1472 2952 Eltz

390 2968 643 3035 (Jahrbb.
701 2970 742 3021 f.
794 2970 1066 3035 Philolog.
1130 2970 1318 3036 Suppl.
1372 2971 1473 3023 IX.

388 3057 443 3106 p.
486 3039 611 3103 124)
654 3041 893 3121 praefert
939 3039 1227 3090 lectionem
1267 3040 1474 3091 codicis

388 3110 667 3162 Sancrosti
701 3100 941 3174 ἕωυτὸν,
990 3126 1110 3160 cum
1150 3100 1474 3174 προμηθέε-

390 3178 529 3229 σθαι
563 3179 748 3230 valeat
777 3182 1034 3244 respicere
1058 3180 1290 3245 indeque
1318 3194 1476 3229 accu-

389 3251 627 3301 sativum
660 3249 861 3299 habeat
896 3249 1173 3313 additum,
1231 3254 1291 3299 ut
1329 3249 1476 3298 infra

388 3319 486 3380 lx,
528 3319 647 3370 108.
719 3319 984 3382 Equidem
1025 3319 1209 3368 malim
1243 3319 1477 3368 retinere

389 3388 688 3450 genitivum
708 3389 941 3437 caeteris
967 3387 1120 3437 libris
1152 3387 1394 3449 allatum,
1419 3388 1476 3435 in

389 3472 493 3522 quo
538 3456 669 3505 mihi
721 3455 807 3505 vel
851 3456 1024 3505 maior
1077 3456 1340 3520 quaedam
1389 3457 1473 3505 vis

388 3526 568 3575 inesse
604 3525 845 3586 videtur,
885 3540 1043 3589 quam
1082 3524 1277 3574 reddas
1314 3525 1472 3574 licet.

387 3611 588 3654 cuv-‚am
627 3598 867 3645 rationem
889 3595 1048 3656 ipsium
1069 3593 1288 3653 habere,
1329 3599 1389 3642 ut
1419 3594 1474 3641 in

388 3664 637 3715 Platonis
668 3663 843 3713 Critia
877 3679 998 3727 cap.
1038 3664 1091 3714 4.
1129 3678 1183 3727 p.
1221 3663 1357 3713 44Ε
1396 3667 1476 3713 at-

391 3750 496 3800 que
542 3735 598 3783 in
642 3734 763 3799 ipso
799 3732 1080 3783 Herodoto
1127 3730 1243 3796 111,
1283 3730 1368 3782 78.
1406 3758 1476 3768 —

389 3805 475 3855 Ad
513 3804 738 3856 verbum
768 3798 1076 3852 δικαιοῦν
1060 3818 1116 3851 ιιι
1141 3816 1293 3867 seqq.
1329 3801 1474 3853 conf.

389 3878 531 3926 nott.
567 3874 638 3925 ad
676 3874 721 3938 1,
761 3871 848 3925 89.
883 3872 1043 3935 VIII,
1087 3872 1203 3923 126.

700 4044 834 4097 ΟΑΡ.
869 4045 1174 4097 CLXXIII.

451 4137 708 4214 Ἐχρᾶτο]
743 4147 890 4200 Male
918 4147 1045 4206 libri
1078 4148 1297 4214 quidam
1321 4137 1481 4212 ἐχρῆ-

393 4232 493 4281 το;
529 4217 642 4268 vid.
678 4223 818 4270 nott.
857 4219 928 4268 ad
962 4217 1009 4281 Ι,
1050 4219 1171 4270 102.
1239 4218 1370 4267 Mox
1401 4232 1483 4266 re·

390 4288 524 4355 liqui
549 4280 882 4338 καταστάσει
907 4287 1154 4340 omnibus
1181 4286 1333 4337 libris
1359 4301 1481 4353 pro·

477 4393 909 4436 HERODOT.1.

1572 1447 1791 1509 batum,
1839 1461 1874 1496 a
1910 1445 2191 1509 Bekkero,
2240 1445 2363 1495 aliis
2403 1445 2459 1496 in
2493 1461 2660 1505 κατα-

1577 1509 1737 1566 στάσι
1762 1519 2058 1577 mutatum3
2082 1515 2199 1567 vid.
2216 1520 2358 1566 nott.
2384 1516 2455 1566 ad
2474 1516 2550 1578 11,
2569 1516 2656 1569 82.

1571 1585 1746 1635 -Ad
1777 1589 2153 1650 argumentum
2182 1585 2377 1650 capitis
2411 1585 2546 1635 illud
2583 1590 2661 1636 te-

1573 1654 1808 1705 nendum
1829 1660 1931 1717 est,
1955 1654 2228 1704 Amasidis
2250 1654 2420 1704 vitam
2449 1659 2504 1705 et
2531 1671 2661 1719 quo·

1576 1725 1841 1774 tidianam
1871 1725 2052 1774 victus
2089 1723 2357 1773 rationem
2382 1738 2447 1774 eo
2482 1725 2657 1794 magis

1575 1794 1875 1859 Aegyptios
1911 1794 2196 1844 advertere
2232 1791 2512 1856 debuisse,
2552 1808 2659 1858 quo

1576 1863 1885 1914 accuratius
1933 1862 2105 1912 omnis
2140 1862 2483 1912 Pharaonnm
2520 1863 2661 1913 ratio

1575 1932 1795 1984 vivendi
1821 1932 2095 1997 descripta
2119 1935 2265 1993 erat3
2300 1931 2497 1997 quibus
2531 1931 2663 1997 quid

1575 2002 1981 2122 3322305553,
2002 1999 2662 2135 ιιιιιιιιιὲὲῗιε·

2476 2108 2489 2133 ‚
2642 2100 2662 2111 -

1576 2142 1839 2206 scriptum
1874 2140 2073 2201 fuisse,
2112 2155 2181 2189 ex
2207 2140 2435 2190 Diodori
2472 2137 2541 2204 (1,
2567 2138 2662 2201 70)

1576 2211 1914 2275 aliorumque
1950 2209 2274 2260 testimoniis
2316 2210 2454 2259 satis
2488 2214 2659 2274 patet.

1575 2280 1743 2331 Plura
1761 2280 1829 2330 de
1846 2279 2189 2329 Pharaonum
2209 2278 2328 2328 vita
2345 2278 2484 2328 dixit
2501 2278 2663 2329 Creu·

1576 2365 1682 2401 zer.
1710 2350 1769 2398 in
1795 2349 2000 2399 Comm.
2022 2347 2264 2399 Herodd.
2294 2364 2347 2425 p.
2379 2348 2483 2399 212
2506 2362 2661 2430 seqq.

1642 2416 1804 2483 μέχρι
1826 2407 1954 2467 ὅτευ
1977 2409 2292 2481 πληθώρης
2314 2407 2547 2483 ἀγορῆς]
2568 2415 2661 2481 με’-

1575 2504 1666 2554 χρι
1690 2485 1822 2537 ὅτευ
1849 2487 2041 2552 scripsi
2070 2502 2191 2535 cum
2215 2486 2398 2538 Struv.
2425 2486 2659 2552 Specim.

1578 2559 1807 2619 Quaest.
1861 2556 1929 2606 de
1973 2555 2102 2605 dial.
2139 2555 2345 2606 Herod.
2393 2554 2441 2606 Ι.
2480 2571 2532 2619 p.
2571 2555 2658 2619 48,

1576 2627 1843 2707 probante
1876 2624 2108 2675 Bredov.
2163 2638 2218 2686 p.
2257 2624 2390 2685 111,
2433 2639 2530 2688 pro
2577 2640 2658 2685 eo,

1576 2695 1729 2773 quod
1764 2695 1821 2744 in
1861 2693 2109 2744 omnibus
2155 2692 2309 2742 libris
2349 2697 2529 2743 exstat
2540 2687 2662 2771 με’-

1576 2780 1671 2829 χρι
1694 2779 1725 2813 o
1742 2777 1892 2825 του,
1936 2761 2120 2827 „quod
2141 2762 2244 2811 etsi
2274 2761 2474 2811 facile·
2457 2778 2515 2811 ιιι
2533 2776 2663 2811 οτευ

1576 2833 1776 2884 mutari
1800 2836 2001 2898 potest,
2028 2837 2209 2881 tamen
2238 2831 2401 2880 etiam
2430 2846 2496 2881 ex
2522 2844 2662 2880 οσου

1579 2906 1893 2967 corruptum
1925 2900 2125 2951 habere
2159 2899 2317 2964 licet,
2355 2902 2498 2966 quod
2530 2900 2664 2966 legi·

1579 2979 1668 3024 tur
1700 2970 1972 3034 vl11‚3,
2030 2985 2352 3036 quamquam
2408 2986 2530 3021 cum
2573 2970 2662 3020 hic

1581 3042 1675 3093 alii
1719 3042 1867 3123 iique
1916 3040 2105 3105 optimi
2158 3039 2283 3089 libri
2334 3036 2527 3105 μέχρις
2576 3039 2663 3090 vel

1576 3104 1736 3176 μέχρι
1756 3098 1826 3159 οὗ
1845 3110 2160 3175 praebeant,
2182 3108 2518 3174 probabilius
2544 3125 2665 3160 esse

1577 3186 1708 3247 puto
1736 3180 2073 3230 Herodotum
2098 3180 2389 3243 utrobique
2411 3176 2571 3242 μέχρι
2597 3165 2666 3228 οὗ
2756 3238 2763 3244 ,

1578 3250 1864 3314 scripsisse
1886 3254 1946 3299 ut
1969 3248 2133 3298 aliis*
2119 3264 2175 3297 ιιι
2201 3247 2332 3297 locis
2361 3247 2666 3325 pluribusf‘

1578 3320 1878 3383 Dindorfp.
1898 3317 2047 3368 XIX.
2107 3315 2201 3366 Ad
2215 3311 2374 3380 μέχρι
2416 3303 2483 3363 οὖ
2517 3315 2665 3364 conf.

1578 3393 1719 3438 nott.
1758 3387 1895 3449 adI,
1925 3386 2040 3436 181.
2115 3386 2289 3461 Quae
2306 3383 2357 3431 h.
2385 3383 2418 3431 l
2460 3390 2514 3433 et
2538 3383 2664 3443 VII,

1579 3457 1682 3507 223
1719 3456 1918 3505 dicitur
1949 3449 2230 3534 πληθώρη
2257 3442 2495 3514 ἀγορῆς,
2534 3452 2667 3501 alibi

1579 3530 1663 3575 est
1684 3516 1991 3587 πλήθουσα
2013 3514 2220 3584 ἀγορὰ,
2260 3535 2367 3583 qua
2391 3520 2666 3571 locutione

1582 3598 1834 3656 „tempus
1873 3589 2175 3650 indicatur,
2214 3588 2360 3652 quod
2392 3590 2668 3639 meridiem

1580 3660 1873 3722 antecedit,
1887 3675 1995 3709 non
2013 3659 2189 3724 ipsum
2206 3658 2441 3708 medium
2466 3658 2667 3710 diem.“

1578 3732 1669 3782 Ita
1691 3728 2020 3794 Wesseling.
2046 3727 2115 3778 ad
2131 3726 2359 3778 Diodor.
2388 3727 2549 3792 XIII,
2580 3730 2666 3791 48,

1579 3801 1675 3852 ubi
1709 3800 1821 3851 vid.
1859 3798 2037 3863 plura.
2118 3795 2258 3847 Add.
2293 3797 2559 3863 Krueger.
2597 3797 2668 3849 ad

1579 3869 1926 3935 Xenophont.
1958 3867 2201 3917 Anabas.
2232 3865 2286 3928 1,
2311 3865 2363 3916 8.
2400 3870 2451 3930 5.
2478 3868 2537 3931 1,
2573 3869 2668 3933 qui

1580 3944 1731 3991 recte
1777 3939 1915 3989 citat
1946 3936 2169 3987 Suidam
2212 3935 2348 3985 haec
2392 3939 2669 4015 proferen-

1583 4018 1718 4060 tem:
1754 4002 1885 4071 περὶ
1899 3996 2248 4086 πλήθουσαν
2264 4019 2511 4070 αγοραν·
2538 3998 2667 4068 περὶ

1581 4093 1739 4159 ωραν
1783 4068 2056 4156 τετάρτην
2107 4073 2220 4134 (die
2277 4074 2335 4123 in
2382 4075 2666 4127 duodecim

1582 4163 1732 4211 ωρας
1768 4145 1967 4225 diviso)
2007 4134 2045 4209 ἢ
2065 4139 2330 4223 πέμπτην
2354 4140 2453 4194 καὶ
2471 4140 2664 4225 ξιιτην·

1580 4212 1705 4268 τότε
1744 4210 1850 4280 γὰρ
1887 4207 2125 4278 μάλιστα
2160 4207 2374 4278 πλήθει
2407 4204 2443 4278 ἡ
2467 4202 2665 4277 ἀγορά.

1582 4287 1736 4339 Adde
1773 4282 2042 4337 Herodoti
2069 4282 2221 4334 locos
2260 4282 2387 4345 ΙΙΙ,
2414 4282 2530 4334 104.
2569 4279 2666 4344 IV,

2162 4364 2246 4427 52
