3109 5092
1252 382 1505 447 CLIO.
1556 390 1605 447 I.
1649 399 1703 451 2.
1899 456 1918 463 ,
2576 404 2616 466 9

332 536 422 613 ἄν
458 533 645 615 οὗτοι
684 552 977 637 Κρῆτες·
1039 562 1247 627 ταῦτα
1283 560 1409 648 μὲν
1452 560 1537 653 δὴ
1589 575 1703 637 ἴσα
1749 588 1873 657 σφι
1914 569 2080 662 πρὸς
2117 585 2230 646 ἴσα
2269 579 2613 665 γενέσθαι.

336 646 533 717 Μετὰ
579 651 654 721 δὲ
708 661 955 745 ταῦτα,
998 653 1325 754 Ἕλληνας
1362 675 1618 754 αἰτίους
1664 680 1781 767 τῆς
1826 680 2146 769 δευτέρης
2190 677 2454 773 ἀδικίης
2498 714 2610 774 γε-

332 752 597 826 νέσθαι.
656 764 1223 852 καταπλώσαντας
1257 772 1384 864 γὰρ
1422 784 1648 870 μακρῇ
1685 787 1806 870 νηῒ
1843 786 1910 863 ἐς
1943 783 2120 853 Αἶᾶν
2161 813 2234 854 τε
2275 784 2401 877 τὴν
2433 796 2608 861 Κολ-

331 865 486 949 χίδα
528 865 642 932 καὶ
688 866 799 935 ἐπὶ
842 875 1062 942 Φᾶσιν
1105 876 1436 967 ποταμὸν,
1489 885 1821 957 ἐνθεῦτεν
1869 891 2448 979 διαπρηξαμένους
2505 898 2616 966 καὶ

329 955 571 1049 τᾶλλα,
616 975 758 1039 τῶν
798 979 1061 1048 εἵνεκεν
1099 977 1412 1069 ἀπίκατο,
1461 982 1759 1077 ἁρπάσαι
1802 997 1926 1062 τοῦ
1965 995 2275 1083 βασιλέος
2308 994 2435 1085 τὴν
2476 1010 2610 1068 θυ-

332 1186 387 1233 p.
432 1170 530 1223 162
576 1178 632 1224 e't
672 1180 964 1245 praecipue
1003 1184 1215 1240 Hoeck.
1255 1188 1419 1241 Creta

331 1242 407 1292 11.
445 1259 497 1308 p.
536 1246 632 1297 201
674 1263 789 1315 seq.
832 1253 952 1303 210.

396 1330 573 1382 ταῦτα
606 1329 711 1395 μὲν
747 1329 821 1403 δὴ
860 1337 957 1390 ἴσα
993 1354 1094 1407 σφι
1141 1336 1285 1409 πρὸς
1322 1343 1418 1396 ἴσα

325 1400 612 1470 γενέσθαι]
654 1407 830 1459 Cobet
854 1411 1010 1463 Varr.
1038 1414 1193 1467 Lect.
1232 1433 1287 1482 p.
1313 1416 1416 1469 394

324 1475 490 1525 scribi
537 1476 653 1526 vult
701 1471 800 1528 ἶσα
846 1498 912 1532 ex
959 1485 1160 1535 Jonum
1193 1503 1415 1538 consue-

321 1545 538 1610 tudine,
577 1564 700 1599 cum
736 1546 834 1599 ἴσα
866 1553 938 1602 sit
969 1555 1295 1609 Atticorum.
1349 1559 1415 1609 In

323 1615 511 1666 ordine
549 1619 837 1671 verborum
871 1623 988 1675 iure
1026 1628 1201 1677 secuti
1232 1644 1417 1679 sumus

320 1686 499 1737 Schw.
538 1691 592 1737 et
624 1689 801 1742 Gaisf.
834 1693 933 1743 Vir
969 1695 1161 1747 doctus
1199 1700 1417 1765 quidam

318 1757 375 1806 in
413 1756 641 1820 Ephem.
678 1760 924 1814 Ienenss.
980 1765 1112 1818 1817
1159 1785 1243 1821 nr.
1292 1769 1414 1823 163.

316 1843 372 1891 p.
411 1826 514 1879 362
555 1830 767 1881 mavult
803 1835 1093 1897 pristinum
1130 1839 1414 1892 verborum

318 1896 563 1947 ordinem
584 1902 834 1953 retineri:
874 1901 969 1954 ἴσα
1002 1898 1147 1970 πρὸς
1174 1906 1268 1959 ἴσα
1291 1925 1411 1977 σφι,

318 1984 386 2017 ne
438 1968 647 2020 scilicet
700 1974 1062 2036 proverbialis
1115 1978 1411 2033 locutionis

317 2053 461 2100 quae
512 2040 586 2089 sit
647 2041 822 2094 forma
875 2046 998 2111 (der
1055 2050 1415 2113 spriichwiirt-

316 2106 459 2158 liche
476 2108 705 2167 Schein)
728 2114 980 2167 intereat.
1012 2118 1240 2171 Confert
1258 2123 1414 2174 Wes-

320 2177 421 2257 ‘20¹-
456 2178 600 2258 infra
640 2182 741 2245 IX,
779 2184 873 2235 48:
912 2184 1028 2237 ἴσοι
1065 2180 1212 2248 πρὸς
1250 2188 1414 2250 ἴσους

318 2245 577 2310 αριθμον
599 2245 987 2316 μαχεσόμεθα,
1028 2274 1093 2309 ac
1124 2260 1411 2324 Sophoclis

316 2316 487 2377 locos,
518 2319 707 2387 Antig.
750 2324 869 2376 146.
902 2326 1137 2379 Philoct.
1176 2330 1297 2383 695.
1335 2333 1413 2384 Ut

318 2387 463 2437 enim
499 2388 556 2438 in
594 2395 880 2444 sententiis
917 2395 1063 2448 haud
1109 2416 1233 2452 raro
1270 2403 1412 2454 inter

315 2460 608 2523 utrumque
652 2463 971 2527 scriptorem
1019 2472 1301 2533 convenit,
1344 2472 1411 2523 de

315 2542 424 2586 quo
463 2544 635 2594 nuper
672 2536 881 2584 monuit
923 2538 1109 2602 Heyse
1155 2542 1406 2603 Quaestt.

312 2596 557 2648 Herodd.
609 2617 662 2664 p.
712 2602 797 2665 67,
844 2605 925 2655 ita
971 2607 1025 2656 in
1082 2611 1217 2673 ipsis
1268 2612 1405 2664 adeo

314 2667 495 2717 verbis
542 2669 773 2734 singulis
831 2679 995 2740 atque
1035 2678 1403 2734 locutionibus

312 2735 457 2786 idem
501 2740 895 2803 quodammodo
940 2746 1123 2800 valere
1167 2751 1401 2817 videtur,

314 2804 389 2855 cf.
434 2807 637 2861 Herod.
690 2812 736 2874 Ι,
791 2814 844 2865 8.
887 2814 974 2867 32.
1016 2817 1120 2882 111,
1168 2821 1268 2873 119
1301 2823 1402 2874 ibi-

314 2888 421 2938 que
456 2882 595 2928 nott.

382 2959 859 3026 καταπλώσαντας
904 2963 1009 3035 γὰρ
1066 2974 1259 3039 μακρῇ
1302 2975 1405 3037 νηῒ

312 3044 364 3078 κ.
426 3046 475 3079 τ.
536 3032 610 3097 λ.]
658 3037 886 3101 Longae
947 3058 1115 3095 naves
1175 3048 1401 3099 Graecis

308 3097 627 3167 plerumque
658 3106 887 3160 bellicae
924 3120 1097 3175 erant,
1135 3117 1403 3168 rotundae

311 3174 633 3223 commercio
646 3175 1032 3233 inserviebant.
1054 3185 1249 3249 Longa
1261 3203 1402 3238 nave

309 3240 513 3299 primus
574 3257 706 3293 usus
775 3247 946 3299 fuisse
1005 3253 1180 3304 fertur
1233 3257 1401 3307 Iason

310 3308 476 3363 (Plin.
515 3312 663 3363 Hist.
712 3315 841 3366 Nat.
885 3320 1011 3381 VII,
1059 3322 1154 3387 56)
1199 3326 1257 3375 in
1303 3327 1401 3376 Ar-

310 3385 669 3441 gonautarum
716 3386 1078 3447 expeditione.
1149 3395 1272 3457 Qua
1316 3402 1399 3446 ta·

308 3452 439 3499 men‘
470 3449 690 3502 heroica
727 3459 909 3507 aetate
951 3475 1016 3510 ac
1068 3462 1157 3512 vel
1202 3470 1397 3528 postea

308 3515 483 3581 longis
522 3522 754 3573 navibus
792 3526 955 3577 etiam
988 3530 1045 3579 in
1094 3548 1154 3582 re
1190 3550 1394 3586 merca-

308 3589 448 3638 toria
493 3590 735 3642 Graecos
778 3610 906 3645 usos
955 3614 1079 3650 esse
1123 3602 1390 3656 videmus.

308 3655 429 3708 Vid.
472 3660 621 3710 infra
667 3662 714 3724 Ι,
764 3663 881 3727 163,
929 3666 995 3728 V,
1031 3668 1095 3720 81
1149 3677 1204 3721 et
1253 3690 1392 3736 quae

308 3725 375 3774 ad
396 3727 613 3793 Olymp.
629 3730 927 3784 Comment.
958 3737 1013 3788 in
1036 3740 1180 3791 Plat.
1208 3743 1385 3796 Alcib.

310 3809 360 3858 p.
400 3797 461 3848 71
500 3801 716 3851 notavit
741 3803 826 3853 Cr.

372 3887 431 3977 fc
462 3890 608 3950 Λῖάν
642 3918 700 3952 τε
734 3897 842 3969 τὴν
880 3907 1133 3975 Κολχίδα
1167 3908 1259 3962 καὶ
1299 3904 1393 3963 ἐπὶ.

314 3962 486 4017 Φασιν
560 3966 842 4035 ποταμὸν]
922 3978 1031 4029 Vix
1099 3981 1391 4043 sufficient,

315 4049 459 4101 quae,
500 4040 762 4093 laudante
810 4047 917 4105 (J‘r.⁹
960 4049 1154 4113 Heyne
1193 4053 1248 4102 in
1286 4052 1393 4102 Ob-

311 4119 482 4159 servv.
530 4110 601 4161 ad
646 4112 902 4176 Apollod.
955 4118 1002 4180 Ι,
1057 4119 1108 4182 9,
1161 4123 1230 4172 24
1289 4120 1397 4171 fine

306 4189 428 4237 pag.
466 4177 535 4228 85
571 4183 788 4232 notavit
827 4184 893 4234 de
930 4203 1066 4238 voce
1100 4181 1226 4251 αἶα,
1266 4191 1303 4240 ἰ.
1343 4206 1392 4241 e.

305 4247 448 4307 γαῖα,
490 4249 632 4301 unde
661 4251 847 4302 fictum
872 4254 1125 4307 videatur
1159 4263 1215 4310 et
1242 4258 1392 4309 urbis

303 4327 489 4366 nomen
534 4318 589 4368 in
636 4319 897 4373 Colchide
942 4330 998 4375 et
1050 4322 1250 4384 Αίαῖος
1294 4344 1390 4392 pro

305 4382 553 4437 Colchica
602 4394 659 4438 et
702 4390 859 4441 Circe
905 4394 1082 4445 Aeaea
1128 4397 1391 4447 eiusdem-

304 4466 400 4513 que
423 4455 606 4507 insula
626 4454 817 4509 Αἰαῖα.
846 4461 1059 4513 Plinius
1080 4465 1229 4517 Hist.
1252 4466 1386 4518 Nat.

1519 1195 1617 1256 VI,
1655 1196 1690 1244 4
1725 1195 1912 1247 urbem
1964 1199 2208 1249 nominat
2257 1200 2418 1251 Aeam
2463 1202 2617 1253 iuxta

1518 1265 1723 1315 Phasin
1746 1267 1986 1331 fluvium,
2011 1285 2173 1335 quam
2195 1270 2381 1320 urbem
2408 1274 2612 1339 regiam

1521 1334 1785 1386 describit
1835 1336 2088 1402 Apellen.
2136 1340 2312 1392 Rhod.
2366 1343 2468 1403 ΠΙ,
2507 1344 2612 1395 213

1520 1422 1640 1471 sqq.
1679 1410 1844 1473 atque
1863 1410 2025 1460 Diod.
2064 1411 2160 1473 IV,
2198 1412 2266 1463 48
2290 1412 2422 1477 ibiq.
2458 1415 2613 1466 Wes-

1518 1476 1618 1527 sel.
1677 1478 1971 1544 Antiquam
2024 1480 2344 1533 Colchorum
2405 1485 2609 1549 urbem,

1518 1547 1612 1596 ubi
1647 1550 1791 1613 regis
1821 1550 1977 1600 sedes
2016 1550 2215 1613 fuerat,
2251 1552 2489 1618 Sybarim
2520 1556 2612 1606 hic

1521 1618 1778 1683 appellat,
1815 1634 2045 1685 quocum
2082 1623 2166 1671 Cr.
2208 1623 2419 1673 confert
2441 1626 2612 1676 Mars-

1518 1688 1664 1739 ham.
1706 1691 1955 1741 Chronic.
1995 1707 2047 1755 p.
2087 1689 2210 1743 382.
2246 1693 2352 1744 Sed
2389 1698 2611 1761 propius

1516 1758 1624 1809 huc
1655 1761 1840 1810 eodem
1877 1768 2130 1812 monente
2162 1768 2434 1827 spectant,
2472 1781 2613 1831 quae

1516 1829 1572 1878 in
1609 1830 1778 1881 schol.
1817 1831 1887 1881 ad
1910 1830 2162 1893 Aponon.
2198 1832 2373 1884 Rhod.
2412 1834 2487 1896 11,
2509 1836 2612 1887 417

1514 1898 1797 1963 leguntur:
1831 1892 1867 1964 ἡ
1905 1896 2030 1957 Αἶα,
2065 1892 2231 1958 πόλις
2266 1900 2368 1967 τῆς
2409 1902 2612 1970 Κολχί-

1516 1965 1650 2027 δος·
1687 1958 1836 2034 αὕτη
1873 1961 1965 2019 ἐπ’
2003 1962 2259 2035 ἐσχάτοις
2291 1972 2612 2036 κεῖται“τῆς

1519 2032 1882 2104 οἰκουμένης.
1907 2030 2089 2090 Ἀλλοι
2124 2033 2187 2089 δὲ
2225 2033 2331 2105 τὴν
2366 2039 2476 2106 γῆν
2510 2041 2612 2107 τῆς

1518 2106 1807 2174 Κολχίδος
1835 2103 1989 2168 ἰδίας
2016 2103 2181 2160 αἶαν
2204 2111 2506 2163 καλεῖσθαι
2524 2110 2608 2163 λέ-

1517 2191 1749 2243 γουσιν,
1789 2183 1885 2230 aut
1927 2182 2224 2232 secundum
2262 2181 2471 2233 scholia
2505 2185 2608 2234 Pa-

1515 2249 1642 2299 rim:
1679 2239 1716 2314 ἦ
1753 2241 1818 2298 δὲ
1853 2241 1961 2300 Αἶα
1996 2241 2254 2300 ἐνταῦθα
2285 2240 2326 2316 ἢ
2359 2245 2467 2317 τὴν
2499 2251 2609 2317 γῆν

1513 2307 1707 2375 ἁπλῶς
1746 2318 2007 2384 σημαίνει
2044 2309 2086 2384 ἦ
2119 2316 2284 2378 ἰδίως
2319 2314 2426 2385 τὴν
2463 2322 2606 2372 Κολ-

1512 2383 1651 2453 χίδα
1695 2386 1805 2453 γῆν
1860 2376 2043 2447 οὕτως
2100 2381 2356 2440 ἐκάλουν.
2435 2387 2497 2441 οἱ
2544 2384 2606 2440 δὲ

1512 2451 1610 2506 καὶ
1666 2451 1836 2509 πόλιν
1905 2452 2129 2522 ἔφασαν
2185 2458 2443 2524 Κολχίδα
2500 2455 2607 2525 τὴν

1511 2518 1672 2577 Αἶαν.
1744 2529 1819 2578 Et
1857 2530 1926 2578 ad
1960 2529 2066 2589 ΠΙ,
2112 2530 2246 2580 1074
2291 2530 2414 2580 coll.
2469 2530 2602 2583 1093

1511 2601 1567 2647 et
1602 2597 1698 2655 IV,
1739 2598 1860 2648 277.
1901 2599 1959 2647 in
1994 2598 2216 2648 scholiis
2253 2600 2400 2663 prius
2441 2600 2604 2649 editis

1506 2666 1739 2727 legimus
1792 2663 1914 2715 Δία
1927 2666 2041 2715 ίαν
2094 2667 2327 2717 insulam
2371 2670 2427 2718 in
2465 2668 2604 2718 Pha-

1506 2736 1643 2795 side,
1673 2735 1771 2786 ubi
1805 2736 1980 2787 vellus
2018 2752 2241 2787 aureum
2265 2737 2602 2789 reconditum

1504 2805 1698 2863 fuerit,
1746 2805 2080 2871 eandemque
2125 2806 2446 2857 Colchorum
2492 2823 2603 2857 me·

1503 2873 1758 2939 tropolin.
1797 2871 1967 2939 Αἰαίη
1997 2873 2172 2937 νῆσος
2209 2876 2353 2940 apud
2376 2879 2599 2928 Homer.

1505 2944 1707 3009 Odyss.
1741 2945 1841 3008 XI,
1881 2946 1967 2996 70.
2013 2946 2140 3008 XII,
2179 2945 2211 2996 3
2249 2946 2343 2997 ubi
2378 2947 2486 2998 vid.
2521 2947 2602 2998 in-

1504 3017 1754 3078 terprett.
1793 3014 1961 3066 Addit
2012 3015 2246 3080 denique
2290 3018 2375 3067 Cr.
2425 3017 2486 3067 C.
2528 3018 2595 3068 Ο.

1505 3083 1782 3147 Mueller.,
1841 3086 1933 3148 qui
1984 3086 2040 3135 in
2087 3086 2341 3137 Orchom.
2385 3101 2440 3151 p.
2494 3089 2598 3141 274

1498 3158 1634 3217 *apte
1680 3156 1917 3217 monuit,
1964 3146 2072 3202 Αἶα
2121 3171 2243 3206 cum
2293 3156 2365 3206 sit
2401 3156 2600 3207 vocula

1500 3223 1804 3274 latissimae
1835 3225 2092 3285 notionis,
2132 3241 2271 3289 quae
2300 3226 2599 3276 remotissi-

1502 3309 1644 3343 mam
1697 3309 1967 3358 quamque
2036 3299 2238 3345 terram
2309 3295 2598 3361 minusque

1502 3363 1780 3427 cognitam
1826 3363 2078 3427 designet
2136 3369 2190 3414 et
2244 3364 2313 3415 ad
2359 3367 2595 3428 priscam

1500 3432 1916 3499 fabulosamque
1954 3438 2191 3484 aetatem
2221 3435 2455 3484 maxime
2478 3450 2596 3496 pcr-

1496 3503 1690 3563 tineat,
1738 3519 1772 3553 a
1822 3507 1982 3563 patre
2037 3502 2300 3552 historiae
2347 3501 2594 3552 additum

1496 3587 1617 3621 esse
1640 3569 1912 3635 Κολχίδα,
1943 3570 2088 3633 quod
2108 3571 2449 3632 vocabulum,
2471 3587 2592 3621 cum

1492 3641 1792 3701 Homerus,
1835 3638 2142 3699 Hesiodus,
2184 3639 2279 3688 alii
2320 3641 2591 3703 ignorent,

1491 3714 1620 3773 post
1657 3708 1868 3758 demum
1898 3708 2208 3772 invaluerit,
2231 3709 2478 3760 consulto
2501 3710 2592 3761 hic

1494 3776 1787 3839 adiectum,
1820 3793 1927 3841 quo
1949 3777 2164 3828 latioris
2195 3780 2347 3830 vocis
2368 3780 2479 3830 vim
2503 3797 2588 3831 ac·

1496 3847 1742 3898 curatius
1780 3847 2024 3899 definiat.

1564 3907 1837 3982 ἀπίκατο]
1897 3919 1981 3968 De
2035 3917 2141 3968 hac
2182 3916 2590 3983 plusquamper-

1497 3986 1629 4036 fecti
1677 3987 1850 4037 forma
1910 3991 2229 4038 constanter
2287 4002 2321 4036 a
2379 3988 2584 4037 Nostro

1496 4061 1717 4106 servata
1771 4054 1889 4118 (IV,
1949 4056 2067 4108 140.
2129 4054 2246 4117 Vn,
2305 4054 2403 4105 1523
2452 4054 2583 4119 etc.)

1498 4131 1715 4187 praeter
1728 4125 2302 4188 Schweighaeuserum
2327 4124 2436 4175 vid.
2457 4124 2585 4173 Bre-

1497 4194 1623 4244 δον.
1660 4211 1713 4258 p.
1753 4192 1855 4245 328
1893 4193 2017 4245 coll.
2053 4193 2174 4245 332.
2211 4193 2418 4243 Eodem
2455 4194 2584 4242 Bre-

1496 4263 1659 4313 dovio
1680 4268 1934 4314 monente
1959 4279 2014 4324 p.
2054 4263 2154 4316 130
2192 4277 2315 4311 cum
2351 4266 2581 4317 recentt.

1496 4331 1619 4383 edd.
1656 4333 1850 4398 scripsi
1870 4328 2138 4396 Μήδειαν
2167 4346 2265 4391 pro
2289 4328 2582 4393 Μηδείην,

1492 4401 1730 4462 itemque
1766 4388 1937 4450 τᾶλλα
1971 4399 2090 4465 (pro
2130 4395 2323 4462 τᾶλλα)
2364 4403 2419 4448 et
2454 4397 2509 4449 h.
2541 4397 2580 4445 l.

1492 4475 1547 4519 et
1583 4469 1805 4535 reliquis
1855 4470 1991 4520 locis
2041 4468 2398 4528 Herodoteis,
2446 4480 2582 4529 quos
