3109 5092
1010 354 1143 416 AD
1192 354 1539 417 HEROD
1561 354 1705 416 OT.
1748 355 1832 429 H,
1872 361 1958 417 53.
2495 350 2619 413 859

358 530 596 599 singulis
631 530 739 583 diis
778 547 877 600 pro
905 545 1131 582 munere
1165 533 1302 581 sunt
1333 527 1601 583 attributa
1642 530 1726 599 (v.
1752 547 1800 582 c.
1839 543 2018 595 arma,
2054 530 2359 598 sceptrum,
2394 528 2619 599 fulmen,

354 617 518 684 alia),
565 620 816 685 spectare
840 618 1009 683 patet.

528 702 641 753 Iam
676 700 760 752 his
797 698 1036 765 singulis
1076 697 1392 767 explicatis,
1439 714 1583 768 quae
1616 698 1842 751 Homeri
1875 702 2044 769 atque
2076 697 2309 752 Hesiodi
2349 698 2517 769 operi
2564 701 2620 753 in

356 790 694 841 Graecorum
730 783 999 851 religione
1036 784 1234 836 effecta
1256 783 1428 836 tradit
1457 783 1810 851 Herodotus,
1854 785 2142 854 quaeritur
2173 783 2440 854 denique,
2490 786 2623 838 haec

355 874 480 942 ipsa
514 887 641 923 num
673 870 729 922 in
767 876 1059 938 utrumque
1092 873 1308 937 poetam
1347 885 1522 938 aeque
1555 870 1699 922 bene
1744 870 1923 922 omnia
1956 870 2307 923 conveniant.
2372 869 2625 922 Affirmat

359 954 622 1010 Muetzell
654 955 691 1007 l.
718 971 888 1024 supra
911 952 947 1006 l.
985 972 1039 1023 p.
1063 960 1186 1020 358,
1224 970 1405 1023 neque
1442 971 1577 1007 sane
1597 955 1920 1007 Herodotus
1950 955 2009 1007 in
2034 954 2120 1007 his
2160 953 2400 1021 singulis
2441 955 2622 1009 decla-

357 1041 548 1097 randis
584 1040 750 1093 ullum
786 1039 1076 1091 discrimen
1114 1039 1318 1092 fecisse
1350 1038 1598 1108 videtur,
1645 1039 1744 1092 sed
1778 1040 1857 1093 ita
1880 1040 2228 1111 disposuisse
2250 1039 2412 1106 haec,
2460 1046 2521 1093 ut
2551 1042 2619 1093 ad

359 1135 652 1196 utrumque
674 1129 886 1195 poetam
905 1126 1160 1177 referret.
1208 1125 1272 1175 In
1304 1124 1633 1193 Theogonis
1665 1142 1831 1194 sane,
1874 1132 1936 1179 ut
1970 1126 2075 1178 iam
2109 1141 2279 1193 supra
2298 1123 2514 1191 monui,
2551 1126 2622 1178 ad

358 1212 660 1265 Hesiodum
694 1211 927 1279 eiusque
958 1226 1173 1261 carmen
1207 1210 1525 1278 respexisse
1551 1210 1798 1276 videtur,
1844 1210 1993 1280 quod
2032 1211 2211 1280 ipsum
2244 1210 2313 1261 ab
2335 1210 2619 1263 Herodoto

357 1313 547 1350 verum
569 1295 804 1348 Hesiodi
835 1311 974 1364 opus
998 1294 1238 1347 habitum
1270 1294 1449 1346 fuisse
1472 1294 1564 1346 vel
1593 1312 1660 1347 ex
1694 1295 1796 1347 hoc
1822 1294 1942 1348 loco
1972 1295 2219 1361 colligam
2237 1334 2252 1359 ,
2301 1293 2424 1346 aliis
2459 1295 2622 1349 aliter

359 1381 765 1447 statuentibus,
821 1379 916 1448 qui
951 1385 1095 1431 teste
1127 1378 1406 1431 Pausania
1429 1378 1523 1445 IX,
1549 1385 1638 1438 31.
1683 1383 1734 1443 S.
1772 1383 1808 1436 4
1845 1380 2061 1432 unicum
2098 1379 2165 1431 de
2203 1397 2368 1447 opere
2408 1381 2617 1433 rustico

357 1483 572 1518 carmen
613 1466 681 1517 ab
720 1464 966 1517 Hesiodo
1002 1465 1124 1532 ipso
1163 1465 1467 1534 profectum
1514 1482 1641 1516 esse
1687 1465 2045 1516 contendunt.
2102 1464 2302 1532 Neque
2334 1482 2467 1517 vero
2501 1465 2618 1517 Ho-

355 1551 489 1603 meri
532 1550 797 1616 carmimz,
840 1549 896 1600 in
933 1548 1136 1617 quibus
1172 1549 1317 1600 haud
1354 1565 1530 1617 pauca
1563 1549 1632 1601 ad
1663 1549 1887 1601 deorum
1923 1548 2312 1616 generationes
2347 1554 2619 1620 ortusque

356 1635 694 1705 pertinentia
731 1633 1122 1699 inveniuntur,
1159 1650 1391 1703 prorsus
1428 1634 1651 1686 exclusa
1684 1632 1845 1685 velim
1883 1653 1913 1686 e
1944 1639 2122 1686 mente
2146 1633 2372 1699 Nostri,
2424 1635 2519 1702 qui
2559 1635 2617 1687 in

358 1719 612 1787 caeteris,
646 1719 685 1771 i.
703 1737 751 1771 e.
775 1718 833 1770 in
854 1717 944 1784 iis,
971 1733 1112 1786 quae
1140 1718 1211 1770 ad
1233 1712 1566 1785 ἐπωνυμίας,
1595 1712 1776 1786 τιμὰς,
1805 1715 1996 1788 τέχνας
2023 1725 2190 1788 atque
2213 1717 2367 1771 εἴδεα
2395 1718 2618 1771 deorum

356 1809 637 1875 spectant,
681 1802 905 1856 Homeri
947 1802 1187 1854 carmina
1220 1802 1565 1872 potissimum
1595 1803 1724 1854 mihi
1756 1803 2071 1873 respexisse
2109 1802 2365 1869 videtur,
2407 1819 2524 1855 cum
2557 1802 2616 1855 in

353 1889 588 1943 Hesiodi
626 1887 978 1955 Theogonia,
1014 1885 1193 1956 qualis
1229 1903 1377 1940 nunc
1409 1889 1621 1954 fertur,
1666 1888 1734 1939 de
1771 1887 1855 1939 his
1890 1904 2064 1957 pauca
2100 1887 2305 1939 tradita
2339 1886 2615 1957 legantur,

357 1975 466 2027 nisi
489 1973 595 2026 alia
616 1973 862 2026 eiusdem
885 1976 1082 2041 poetae
1105 1973 1361 2038 carmina,
1397 1988 1538 2041 quae
1575 1972 1698 2024 olim
1732 1972 2088 2038 ferebantur,
2132 1972 2404 2025 Herodoti
2439 1973 2617 2026 animo

359 2061 652 2113 obversata
686 2076 812 2110 esse
847 2055 1061 2124 credas,
1102 2060 1227 2123 aut,
1272 2073 1412 2125 quae
1437 2056 1741 2109 Muetzellii
1781 2063 1867 2109 est
1902 2057 2088 2126 opinio
2125 2056 2162 2108 l.
2201 2073 2373 2126 supra
2398 2056 2467 2125 l.‚
2502 2057 2617 2111 He-

358 2145 612 2198 rodotum
634 2142 1009 2211 Theogoniam
1042 2142 1301 2193 habuisse
1324 2147 1488 2211 putes
1513 2141 1703 2194 saltem
1729 2142 1995 2194 honorum
2027 2141 2401 2211 descriptione
2434 2142 2619 2213 aliqua

357 2248 424 2282 ex
455 2234 613 2299 parte
650 2227 927 2294 ditiorem,
975 2242 1134 2295 quam
1172 2244 1314 2296 quae
1346 2242 1493 2277 nunc
1535 2232 1735 2280 exstat.
1798 2227 2047 2290 Quorum
2083 2231 2337 2279 neutrum
2359 2228 2487 2279 mihi
2522 2227 2617 2280 ad-

353 2314 567 2367 modum
596 2312 813 2383 placere
846 2312 1132 2382 profiteor.
1192 2311 1416 2363 Homeri
1445 2311 1623 2379 igitur
1646 2317 1812 2381 atque
1840 2311 2069 2364 Hesiodi
2100 2311 2336 2365 carmina
2360 2328 2537 2383 aeque
2559 2313 2617 2365 in

352 2399 439 2451 his
475 2398 720 2451 valuisse
757 2413 876 2449 cum
911 2399 1125 2464 statuo,
1178 2414 1285 2448 non
1323 2394 1483 2449 valde
1518 2396 1647 2449 mihi
1687 2399 1755 2449 ab
1788 2397 1859 2449 iis
1896 2397 2155 2450 recedere
2191 2396 2418 2465 videor,
2475 2414 2620 2468 quae

355 2486 422 2537 de
445 2483 716 2536 Herodoti
743 2480 861 2533 loco
886 2480 1192 2550 disputavit
1213 2480 1422 2533 Preller
1455 2482 1829 2551 (Griechisch.
1854 2481 2164 2550 Mytholog.
2190 2481 2234 2533 1.
2274 2499 2328 2549 p.
2355 2488 2425 2541 13
2446 2484 2616 2553 seq.),

354 2567 532 2622 nostri
581 2566 871 2636 scriptoris
907 2566 1076 2617 verba
1111 2565 1359 2618 nonnihil
1391 2566 1786 2633 restringenda
1821 2584 1947 2618 esse
1981 2571 2168 2635 ratus,
2225 2582 2345 2617 cum
2382 2574 2618 2637 uterque

352 2658 517 2723 poeta
551 2652 766 2706 minime
803 2649 956 2703 solus
988 2650 1048 2701 id
1085 2651 1304 2702 efficere
1339 2650 1614 2719 potuerit,
1669 2652 1818 2720 quod
1851 2651 1919 2701 ab
1951 2650 2145 2701 eodum
2183 2651 2440 2702 effectum
2484 2651 2536 2704 h.
2580 2651 2616 2703 1.

352 2738 559 2791 scribat
598 2736 952 2801 Herodotus,
1011 2734 1227 2804 aliaque
1273 2734 1434 2786 etiam
1476 2734 1716 2787 carmina
1758 2734 2197 2804 praecesserint,
2255 2734 2311 2786 in
2359 2734 2458 2786 hac
2501 2739 2617 2788 tota

351 2823 680 2894 quaestione
723 2836 898 2890 aeque
940 2819 1304 2887 respicienda.
1368 2818 1534 2881 Quod
1576 2819 1625 2870 si
1663 2819 1749 2871 vel
1794 2819 2020 2871 maxime
2062 2818 2442 2885 concedimus,
2490 2825 2618 2872 ante

356 2914 650 2977 utrumque
673 2908 885 2975 poetam
907 2904 1010 2954 iam
1037 2903 1319 2955 exstitisse
1344 2903 1450 2955 alia
1484 2904 1751 2971 carmina,
1790 2904 1924 2956 haec
1945 2903 2070 2973 ipsa
2095 2905 2162 2956 ab
2188 2908 2424 2973 utroque
2454 2911 2621 2975 poeta

353 2993 432 3044 ita
455 2992 696 3044 adhibita
717 2989 896 3042 fuisse
922 2987 1311 3056 existimamus,
1351 2993 1415 3041 ut
1437 2993 1673 3058 uterque
1693 2993 1856 3059 poeta
1878 3006 1993 3041 eam
2009 2989 2242 3041 Graecis
2267 2988 2372 3040 diis
2395 2990 2618 3042 formam

354 3095 417 3130 ac
439 3078 675 3146 speciem
693 3116 707 3145 ,
753 3090 864 3144 qua
896 3071 1063 3140 vulgo
1097 3073 1454 3143 exhibentur,
1503 3073 1780 3126 dedidisse
1804 3073 2086 3144 putandus
2114 3073 2216 3141 sit,
2259 3073 2394 3126 adeo
2420 3079 2483 3127 ut
2502 3075 2617 3127 He-

351 3162 535 3216 rodoti
586 3159 887 3213 auctoritas
933 3175 1093 3228 quam
1140 3156 1365 3211 maxime
1410 3159 1815 3227 comprobetur.
1899 3158 2013 3222 Qui
2047 3158 2170 3229 ipse
2207 3160 2352 3212 unde
2389 3161 2617 3213 edoctus

349 3247 482 3299 talia
530 3247 598 3299 de
641 3246 880 3297 Homero
925 3243 1267 3312 potissimum
1314 3244 1560 3296 scribere
1605 3244 1879 3314 potuerit,
1932 3243 1980 3295 si
2020 3260 2285 3314 quaeras,
2331 3244 2391 3296 in
2434 3244 2618 3297 insula

350 3332 510 3383 Samo
559 3347 590 3382 a
628 3328 1005 3397 Creophyliis,
1064 3328 1159 3397 qui
1193 3329 1260 3380 ab
1292 3328 1532 3381 Homero
1580 3345 1760 3396 genus
1804 3329 2098 3395 ducerent,
2156 3329 2289 3379 haec
2335 3328 2617 3396 accepisse

349 3415 528 3468 videri
553 3418 757 3483 patrem
780 3412 1042 3463 historiae
1066 3413 1327 3464 observat
1338 3412 1735 3480 Lengebuschz
1770 3413 1996 3465 Jahrbb.
2023 3412 2076 3463 d.
2092 3410 2288 3462 Philon.
2305 3411 2615 3478 u.Paedag.

350 3498 523 3551 Lxll.
551 3517 604 3567 p.
631 3499 737 3554 373
765 3514 883 3565 seq.
949 3495 1249 3547 Hesiodum
1285 3512 1447 3562 vero,
1496 3513 1655 3565 quem
1691 3501 1906 3548 centum
1936 3499 2054 3549 fere
2084 3495 2244 3546 annis
2266 3501 2396 3563 post
2415 3496 2618 3547 Home-

351 3600 471 3636 rum
494 3582 702 3634 vixisse
730 3578 899 3647 vulgo
922 3578 1112 3631 dicunt
1127 3619 1141 3646 ,
1175 3579 1324 3648 quod
1348 3597 1466 3631 cum
1493 3581 1734 3632 Homero
1758 3580 1968 3632 Noster
1989 3579 2339 3631 coniunxerit
2360 3584 2618 3649 tanquam

354 3667 666 3738 aequalem,
713 3663 769 3717 id
803 3681 917 3716 eam
952 3665 1019 3715 ab
1042 3679 1261 3715 causam
1294 3665 1495 3716 factum
1531 3682 1656 3716 esse
1680 3667 1840 3733 putat
1872 3664 2011 3716 idem
2048 3664 2133 3716 vir
2171 3663 2367 3716 doctus
2406 3682 2461 3733 p.
2491 3668 2617 3731 375,

352 3752 499 3822 quod
535 3751 759 3819 utrique
798 3753 992 3817 poetae
1025 3749 1165 3800 idem
1187 3748 1531 3817 propositum
1566 3748 1819 3817 idemque
1854 3749 2012 3800 etiam
2050 3749 2304 3800 effectum
2337 3748 2517 3801 fuisse
2556 3749 2616 3801 in

351 3837 602 3890 doctrina
639 3835 708 3887 de
741 3833 845 3885 diis
882 3832 1096 3885 Noster
1133 3833 1428 3885 crediderit
1458 3833 1629 3903 idque
1668 3832 1809 3902 ipsis
1850 3833 1921 3885 iis
1965 3832 2332 3902 temporibus,
2378 3834 2434 3885 in
2476 3851 2619 3903 quae

351 3922 644 3991 utriusque
668 3924 863 3989 poetae
893 3923 1045 3970 aetas
1071 3917 1292 3969 incidat.
1339 3917 1534 3988 (Conf.
1562 3935 1782 3987 quoque
1805 3917 2054 3970 Nitzsch.
2081 3916 2292 3969 Melett.
2322 3917 2396 3970 11.
2422 3936 2474 3987 p.
2502 3917 2619 3984 79).

349 4005 508 4058 Hanc
533 4023 667 4058 vero
692 4008 922 4056 aetatem
946 4001 1029 4073 (in
1056 4008 1196 4053 nott.
1222 4002 1289 4053 ad
1317 4002 1388 4068 ΙΙ,
1414 4003 1510 4067 53)
1546 4002 1781 4054 diximus
1815 4003 2093 4072 pertinere
2130 4002 2197 4054 ad
2222 4020 2349 4055 ann.
2372 4007 2479 4062 884
2499 4005 2619 4056 sive

351 4094 457 4148 889
479 4106 529 4141 a.
557 4088 689 4140 Chr.
726 4105 779 4139 n.
815 4104 881 4138 ex
897 4086 1167 4139 Herodoti
1202 4087 1637 4155 computatione,
1675 4104 1742 4139 ex
1777 4104 1922 4139 anno
1949 4087 2192 4140 eiusdem
2228 4088 2396 4139 natali
2420 4088 2616 4153 ducta3

347 4167 536 4241 ἀκμὴν
574 4173 720 4225 vitae
747 4171 1098 4223 Herodoteae
1133 4188 1348 4224 sumere
1384 4172 1433 4222 si
1463 4170 1621 4223 malis
1660 4189 1723 4223 ac
1754 4189 1961 4241 ponere
1995 4172 2195 4225 aetatis
2229 4188 2430 4225 annum
2453 4171 2617 4223 trice·

348 4259 540 4310 simum
563 4258 760 4321 ferme,
799 4256 836 4306 i.
871 4275 919 4308 e.
954 4257 1063 4313 454
1098 4272 1144 4307 s.
1178 4259 1283 4314 459
1311 4273 1360 4307 a.
1389 4256 1522 4308 Chr.
1551 4274 1607 4307 n.
1651 4259 1753 4327 (cf.
1788 4255 2034 4309 Clinton.
2066 4258 2224 4309 Fast.
2249 4256 2394 4308 Hell.
2430 4274 2484 4324 p.
2514 4258 2614 4313 145

347 4360 504 4411 seqq.
539 4346 646 4400 359
667 4358 822 4410 seqq.
875 4339 1133 4391 Fischer:
1170 4340 1394 4392 Griech.
1420 4341 1640 4392 Zeittaf.
1665 4360 1721 4411 p.
1748 4344 1817 4400 49
1831 4341 2048 4410 seqq.),
2088 4340 2381 4409 utriusque
2416 4346 2615 4407 poetae

349 4432 502 4480 aetas
536 4425 744 4479 incidet
778 4423 833 4476 iu
864 4441 992 4476 ann.
1027 4428 1135 4484 854
1170 4442 1217 4477 s.
1242 4429 1347 4484 859
1376 4431 1503 4478 ante
1529 4425 1661 4479 Chr.
1701 4444 1757 4479 n.
1819 4425 1903 4478 De
1933 4424 2158 4478 Homeri
2196 4430 2374 4477 aetate
2406 4441 2547 4494 quae
2584 4440 2619 4476 a
