3109 5092
73 1364 80 1399 ἡν
73 1260 82 1297 -
73 1136 84 1193 w·
73 1048 88 1087 -
72 840 92 983 -„-
72 734 94 785 -Ἷ

1146 232 1649 294 EUTERPE.
1694 234 1778 293 Π.
1827 239 1946 296 174.
2563 230 2689 295 819

415 428 560 492 ται,
607 404 944 476 ἐκλύουσι.
1039 411 1105 474 εἰ
1141 402 1269 496 γάρ
1320 403 1403 495 δὴ
1441 404 1562 476 τὸν
1598 405 1816 476 πάντα
1851 402 2096 495 χρόνον
2137 407 2537 496 ἐντεταμένα
2568 418 2694 497 εἴη,

415 514 727 600 ἐκραγείη
760 505 847 578 ἄν
868 530 882 545 ·
924 503 1094 577 ὥστε
1140 512 1206 590 ἐς
1233 506 1309 578 τὰ
1340 512 1498 579 δεόν
1531 507 1657 579 οὐκ
1694 505 1781 579 ἂν
1820 514 2037 596 ἔχοιεν
2080 506 2342 579 αὐτοῖσι
2377 516 2690 599 χρᾶσθαι.

414 609 591 683 οὕτω
622 610 705 701 δὴ
736 614 848 681 καὶ
877 607 1255 703 ἀνθρώπου
1281 611 1677 693 κατάστασις
1695 635 1709 649 ·
1759 618 1822 681 εἰ
1847 614 2073 682 ἐθέλοι
2100 613 2691 685 κατεσπουδάσθαι

413 718 567 801 αἰεὶ,
597 715 767 805 μηδὲ
797 720 863 795 ἐς
890 723 1215 806 παιγνίην
1238 716 1314 786 τὸ
1342 722 1542 807 μέρος
1574 713 1828 787 ἑωυτὸν
1859 712 2153 800 ἀνιέναι,
2208 715 2408 786 λάθοι
2436 712 2522 786 ἂν
2545 714 2691 806 ἤτοι
2737 752 2747 763 ·

410 821 644 908 μανεὶς
671 814 713 909 ἢ
742 815 858 907 ὅγε
886 816 1310 908 ἀπόπληκτος
1341 819 1721 910 γενόμενος.
1800 816 1880 888 τὰ
1917 815 2049 905 ἐγώ
2092 819 2527 909 ἐπιστάμενος
2571 824 2686 908 με’-

409 950 525 1011 ρος
555 924 845 1015 ἑκατέρῳ
871 925 1072 1011 νέμω.
1140 929 1365 994 Ταῦτα
1390 926 1519 1014 μὲν
1543 922 1702 1004 τούς
1729 931 1971 1012 φίλους
1996 918 2344 1010 ἀμείψατο.
2398 928 2681 1011 Λέγεται
2709 937 2825 997 174

411 1025 486 1095 δὲ
515 1020 879 1115 ὁ”Αμασις,
919 1027 1031 1095 καὶ
1060 1023 1171 1096 ὅτε
1197 1020 1286 1115 ἦν
1314 1028 1622 1116 ἰδιώτης,
1665 1021 1755 1107 ὥς
1783 1024 2149 1115 φιλοπότης
2189 1023 2321 1096 ἐών
2346 1029 2459 1097 καὶ
2488 1035 2683 1115 φιλο-

414 1128 756 1218 σκώμμων
794 1130 908 1199 καὶ
937 1126 1248 1219 οὐδαμῶς
1287 1133 1957 1218 κατεσπουδασμένος
1996 1124 2197 1217 ἀνήρ·
2252 1125 2425 1211 ὅκως
2453 1133 2535 1200 δέ
2571 1158 2689 1218 μιν

410 1236 744 1302 ἐπιλείποι
774 1233 1059 1302 πίνοντά
1095 1261 1167 1303 τε
1207 1237 1320 1304 καὶ
1361 1234 1789 1305 εὐπαθέοντα
1817 1231 1899 1301 τὰ
1932 1232 2280 1320 ἐπιτήδεα,
2324 1236 2685 1303 κλέπτεσκε

405 1329 494 1403 ἂν
532 1334 833 1425 περιϊών.
899 1341 975 1405 οἱ
1008 1333 1076 1405 δ’
1107 1334 1195 1408 ἅν
1234 1367 1352 1426 μιν
1392 1339 1682 1427 φάμενοι
1721 1343 1900 1424 ἔχειν
1936 1333 2018 1404 τὰ
2059 1338 2352 1427 σφέτερα
2388 1334 2686 1427 χρήματα

405 1435 824 1528 ἀρνεύμενον
865 1435 1153 1525 ἄγεσκον
1182 1443 1292 1510 ἐπὶ
1319 1440 1684 1532 μαντήϊον,
1726 1437 1890 1511 ὅκου
1925 1436 2257 1509 ἑκάστοισι
2291 1450 2395 1529 εἴη
2416 1461 2431 1476 ·
2472 1438 2687 1511 πολλὰ

326 1557 423 1610 189
436 1542 563 1630 μὲν
592 1540 676 1632 δὴ
703 1544 815 1610 καὶ
845 1538 1155 1630 ἡλίσκετο
1181 1540 1316 1615 ὑπὸ
1342 1550 1482 1615 τῶν
1509 1551 1878 1636 μαντηΐων,
1906 1540 2123 1612 πολλὰ
2149 1541 2222 1613 δὲ
2243 1545 2356 1613 καὶ
2380 1539 2683 1632 ἀποφεύ-

404 1666 623 1731 γεσκε.
682 1650 835 1716 ἐπεί
853 1673 925 1715 τε
955 1647 1030 1716 δὲ
1058 1649 1172 1716 καὶ
1205 1651 1639 1736 ἐβασίλευσε,
1677 1650 1898 1718 ἐποίεε
1924 1646 2152 1716 τοιάδε
2173 1667 2189 1683 ·
2231 1642 2374 1717 ὅσοι
2406 1646 2531 1736 μὲν
2556 1644 2682 1717 αὐ·-

404 1746 524 1820 τόν
548 1755 687 1820 τῶν
712 1754 902 1819 θεῶν
932 1746 1281 1820 ἀπέλυσαν
1308 1748 1400 1842 μὴ
1441 1758 1641 1843 φῶρα
1672 1749 1844 1821 εἶναι
1861 1802 1881 1837 ,
1917 1748 2176 1819 τούτων
2202 1749 2326 1838 μὲν
2352 1754 2490 1820 τῶν
2515 1755 2688 1852 ἱρῶν,

476 1914 530 1981 ἐς
564 1917 628 1974 τὸ
658 1917 811 1990 δέον]
850 1925 886 1976 i.
919 1940 968 1976 e.
1003 1926 1204 1991 quaudo
1237 1941 1363 1990 opus
1396 1933 1490 1989 est,

403 1996 531 2044 iusto
576 2001 812 2057 tempore.
901 1994 1061 2047 Conf.
1097 1995 1152 2059 1,
1196 1995 1262 2048 32
1308 1995 1492 2062 ibique

403 2065 544 2114 nott.
617 2064 745 2113 Mox
785 2079 813 2113 e
846 2062 1190 2128 Florentino,
1236 2063 1359 2115 aliis
1409 2080 1491 2116 re-

402 2134 597 2183 vocavi
632 2130 885 2197 χρᾶσθαι
908 2150 1005 2199 pro
1030 2134 1181 2199 vulg.
1211 2131 1486 2200 χρῆσθαι.

401 2202 527 2253 Vid.
575 2203 733 2254 modo
769 2203 1005 2254 Bred0V.
1055 2221 1111 2270 p.
1147 2204 1268 2256 381.
1308 2230 1376 2241 -—
1421 2204 1488 2254 In

405 2288 556 2338 seqq.
595 2262 724 2337 ἤτοι
762 2268 959 2336 μανεὶς
1003 2260 1044 2337 ἢ
1075 2263 1190 2337 ὅγε
1226 2264 1489 2337 ἀπόπλη-

401 2356 535 2399 κτος
578 2334 884 2406 γενόμενος
936 2343 1158 2393 attende
1207 2342 1342 2392 illud
1387 2331 1485 2408 ὅγε

403 2426 522 2462 cum
561 2411 613 2461 vi
651 2410 882 2478 quadam
910 2412 1181 2463 adiectum
1214 2412 1485 2478 epicorum

403 2497 468 2531 cx
513 2496 643 2543 usu,
700 2481 768 2531 de
818 2496 921 2547 quo
981 2481 1135 2547 plura
1188 2482 1301 2533 vid.
1341 2482 1487 2547 apud

402 2551 674 2601 Kuehner.
724 2551 816 2601 Gr.
867 2551 961 2603 Gr.
1011 2552 1057 2613 ξ.
1107 2550 1228 2602 629.
1277 2556 1390 2603 not.
1431 2555 1482 2603 2.

400 2619 486 2670 Ad
522 2621 696 2685 ipsam
725 2635 915 2671 vocem
944 2613 1312 2684 ἀπόπληκτος
1336 2621 1484 2674 conf.

402 2692 541 2740 nott.
581 2689 651 2738 ad
686 2689 731 2753 1,
764 2689 882 2741 167.
938 2689 1023 2740 Ad
1048 2681 1271 2740 ἀνιέναι
1302 2691 1376 2742 cf.
1405 2691 1483 2754 II,

402 2757 503 2808 129
534 2758 720 2824 ibique
753 2763 893 2810 nott.

707 2914 840 2966 cir.
880 2915 1172 2967 CLXXIV.
1247 2886 1254 2891 ’

468 3013 1033 3083 κατεσπουδασμένος
1066 3009 1238 3085 ἀνὴρ]
1296 3018 1485 3071 Monet

399 3087 793 3154 Wesselingius
831 3089 899 3140 de
930 3090 1198 3154 Procopio
1230 3088 1370 3138 hanc
1408 3089 1484 3139 lo-

398 3159 670 3208 cutionem
729 3173 796 3209 ex
856 3159 1121 3210 Herodoti
1176 3158 1483 3209 imitatione

398 3227 796 3292 frequentante,
833 3227 959 3279 bell.
978 3230 1131 3279 Pers·
1161 3228 1237 3291 11,
1263 3227 1316 3278 8.
1354 3227 1500 3279 bell:

399 3297 576 3347 Vand.
618 3295 693 3357 ῙῙ,
727 3299 783 3346 4.

465 3353 612 3420 ὅκως
647 3360 712 3413 δέ
785 3379 843 3412 ιν
877 3353 1244 3413 ἐπιλείποι-
1265 3355 1332 3412 τὰ
1363 3355 1483 3414 ἐπι-

391 3424 589 3497 τήδεα]
625 3433 709 3482 De
766 3431 1050 3481 πιλείπειν
1093 3433 1384 3498 (atwyehen,
1422 3438 1483 3483 ut

393 3518 494 3552 nos
540 3500 796 3564 dicimus)
849 3500 958 3550 iam
1006 3517 1070 3551 su
1109 3517 1171 3552 ra
1216 3504 1480 3552 monitum

395 3573 466 3622 ad
502 3571 591 3633 11,
631 3572 717 3621 25.
788 3571 895 3621 Pro
939 3562 1008 3619 τὰ
1125 3562 1322 3634 ιτήδεα
1373 3570 1479 3636 (ne-

391 3645 622 3693 cessaria
663 3656 918 3707 quaeque,
969 3638 1038 3690 ad
1082 3640 1287 3691 victum
1338 3642 1482 3691 ecili-

394 3710 508 3776 cet)
566 3708 731 3775 vulgo
791 3702 860 3758 τὰ
912 3700 1118 3776 ἐπιτήδ
1127 3724 1152 3760 ε
1165 3724 1247 3760 ια.
1335 3709 1480 3762 Illud

392 3779 927 3831 dabat-Florentium
948 3780 1105 3844 liber,
1135 3780 1335 3831 dudum
1359 3797 1481 3847 pro-

390 3851 557 3901 bante
603 3851 777 3900 Koen.
834 3849 903 3900 ad
953 3851 1179 3917 Gregor.
1229 3850 1353 3903 Cor.
1411 3851 1479 3901 de

393 3919 522 3970 dial.
545 3919 664 3970 Ion.
690 3919 741 3980 ξ.
775 3920 861 3970 45.
931 3920 1059 3971 Vid.
1096 3935 1262 3986 supra
1294 3921 1338 3981 Ι,
1377 3921 1478 3971 110

393 3994 449 4040 et
483 3989 803 4052 Bredovsp.
835 3989 953 4051 155,
993 3991 1087 4055 qui
1122 3989 1272 4040 locos
1307 3991 1482 4041 Hero·

395 4059 586 4109 doteoe
622 4072 808 4108 omues
845 4058 1018 4109 dabit.

402 4184 430 4207 Ἄ
462 4122 759 4176 κλέπτεσκε
794 4115 888 4191 ἂν]
922 4130 1007 4179 De
1039 4144 1143 4179 usu
1175 4128 1479 4193 particulae

390 4212 464 4246 αν
502 4197 558 4246 in
592 4197 743 4246 hisce
779 4197 887 4248 iam
912 4198 1147 4250 vidimus
1168 4198 1215 4259 Ι,
1245 4201 1333 4249 42.
1359 4199 1476 4250 196.

389 4284 475 4334 De
512 4281 816 4348 imperfecti
863 4282 1038 4332 forma
1083 4284 1140 4333 in
1189 4297 1329 4334 σκον
1363 4283 1473 4337 vid.

389 4354 437 4418 Ι,
461 4352 531 4406 36
557 4355 741 4420 ibique
763 4357 904 4404 nott.
952 4354 1200 4406 Pertinet
1218 4354 1326 4406 huc
1349 4369 1479 4420 quo-

1596 1943 1697 1994 que
1742 1926 1801 1975 in
1835 1939 1988 1990 seqq.
2038 1916 2134 1971 καὶ
2169 1909 2457 1986 ἡλίσκετο,
2501 1936 2681 1987 quem·

1593 1995 1881 2048 admodum
1915 2010 1981 2044 ex
2006 1992 2242 2057 priorum
2267 1990 2534 2041 editorum
2555 2007 2680 2042 con-

1592 2068 1802 2118 iectura
1845 2080 1943 2129 pro
1978 2059 2343 2125 κατηλίσκετο
2390 2076 2533 2111 nunc
2569 2061 2678 2110 edi-

1590 2141 1705 2187 tum
1736 2134 1951 2200 legitur,
1980 2148 2015 2182 a.
2043 2130 2254 2183 Schwei
2295 2129 2560 2181 haeusero
2589 2130 2677 2180 de-

1590 2221 1698 2257 nuo
1729 2206 2071 2255 immutatum
2101 2201 2158 2250 in
2179 2146 2294 2249 καῗ
2309 2192 2568 2249 ἁλίσκετο
2599 2200 2677 2265 (in

1591 2275 1733 2326 binis
1788 2275 1930 2325 enim
1994 2271 2148 2322 libris
2214 2273 2396 2321 exstat
2451 2267 2675 2318 καταλί-

1591 2358 1809 2425 σκετο),
1867 2357 2010 2425 quod
2069 2357 2385 2421 imperfecta
2432 2356 2489 2405 in
2534 2368 2677 2404 σκον

1589 2432 1824 2482 formata
1846 2431 2138 2495 augmento
2161 2429 2403 2477 careant.
2434 2425 2541 2476 Sed
2562 2425 2673 2476 vid.

1586 2501 1821 2552 Bredov,
1860 2515 1987 2566 pag.
2026 2496 2148 2547 295.

1658 2578 1843 2636 ἐποίεε
1868 2575 2083 2646 τοιάδε]
2122 2581 2206 2629 Ex
2239 2592 2347 2629 uno
2379 2577 2501 2628 cod.
2520 2578 2677 2629 Gais-

1587 2656 1794 2708 fordius
1830 2652 1981 2704 dedit
2012 2640 2198 2699 ἐποίεε
2221 2662 2315 2712 pro
2341 2646 2490 2712 vulg.
2519 2638 2675 2696 ἐποί-

1586 2738 1716 2791 ησε,
1770 2723 1915 2790 quod
1962 2719 2300 2771 retinuerunt
2338 2716 2566 2767 Dietsch
2616 2721 2672 2766 et

1567 2793 1839 2847 'Dindorfi
1921 2787 2207 2856 Loquendi
2250 2801 2383 2837 usus
2426 2784 2676 2852 imperse-

1591 2869 1735 2916 ctum
1772 2866 1919 2914 certe
1948 2860 2184 2925 flagitat.
2267 2856 2332 2906 In
2368 2871 2520 2922 seqq.
2555 2871 2675 2905 ver-

1588 2934 1673 2986 bis
1707 2932 1930 2984 attende
1952 2926 2274 2996 particulam
2297 2918 2401 2990 μὲν
2424 2927 2478 2975 in
2507 2925 2673 2991 priori

1588 3004 1853 3056 orationis
1888 3005 2045 3067 parte
2072 3013 2245 3064 aeque
2269 2997 2555 3061 repetitam
2593 3000 2674 3045 at-

1587 3091 1692 3140 que
1745 3073 1999 3137 deinceps
2060 3062 2123 3118 δὲ
2177 3068 2233 3116 in
2288 3065 2466 3117 altera
2516 3070 2672 3129 parte

1587 3135 1739 3205 (ὅσοι
1776 3135 1841 3191 δὲ
1881 3169 1951 3177 -
1984 3131 2204 3189 τούτων
2245 3129 2363 3203 δὲ);
2409 3136 2556 3186 conf.
2596 3134 2671 3197 11,

1590 3212 1658 3264 39
1692 3213 1875 3277 ibique
1911 3214 2051 3261 nott.
2088 3207 2134 3269 Ι,
2164 3206 2283 3257 113.

1650 3304 1940 3363 ἀπέλυσαν
1974 3300 2061 3376 μὴ
2099 3304 2296 3371 φῶρα
2329 3297 2549 3368 εἶναι]
2585 3304 2669 3354 De

1584 3381 1842 3433 infinitivi
1889 3395 1993 3430 usu
2049 3375 2259 3427 monuit
2301 3372 2501 3423 Matth.
2538 3388 2666 3437 pag.

1589 3452 1742 3503 1057.
1823 3449 2032 3500 Eodem
2071 3444 2262 3505 modo,
2313 3442 2531 3506 opinor,
2581 3458 2669 3490 ex-

1582 3518 1921 3586 plicandum:
1959 3506 2087 3566 ὅσοι
2121 3510 2185 3562 δέ
2216 3526 2316 3577 μιν
2349 3506 2668 3574 κατέδησαν

1585 3586 1753 3655 φῶρα
1806 3580 1956 3637 εἶναι
2014 3584 2076 3648 (i.
2122 3598 2170 3634 e.
2214 3583 2300 3646 qui
2340 3584 2498 3643 ipsum
2536 3581 2670 3643 [κινεῖ

1582 3655 1941 3722 convicerant).
2015 3652 2171 3704 Cous.
2209 3651 2319 3713 lV,
2367 3647 2454 3700 (58.
2491 3677 2559 3686 —
2610 3639 2665 3707 ἐς

1582 3719 1913 3791 ἐπισκευὴν,
1955 3723 2098 3790 quod
2138 3736 2253 3786 seq.
2291 3734 2413 3784 cap.
2451 3734 2665 3785 quoque

1579 3797 1808 3863 legitur,
1847 3794 2019 3845 valet:
2057 3792 2128 3843 ad
2163 3789 2462 3853 reparanda
2499 3804 2543 3838 s.
2583 3806 2664 3841 re-

1573 3868 1793 3931 ficienda
1826 3867 2024 3927 templa.
2098 3863 2188 3913 Ita
2229 3859 2297 3909 de
2328 3858 2547 3909 navium
2583 3874 2665 3910 rc·

1580 3935 1929 3988 ficiendarum
1972 3932 2134 3996 copia
2169 3930 2367 3981 dicitur
2402 3918 2667 3993 ἐπισκευὴ

1583 4006 1728 4072 apud
1748 4001 2056 4069 Thucydid.
2078 4002 2123 4063 1,
2148 4002 2215 4053 52
2232 4037 2246 4063 ,
2275 4000 2512 4062 itemque
2546 3987 2666 4047 ἐπι-
2764 4034 2772 4040 .

1582 4067 1867 4134 σκευάζειν
1900 4071 2033 4123 ibid.
2060 4071 2156 4134 VI,
2187 4070 2306 4121 104.
2343 4068 2469 4130 VII,
2503 4068 2548 4118 1.
2575 4069 2664 4118 24.

1582 4145 1671 4197 38.
1705 4144 1863 4205 VIII,
1891 4142 1980 4195 43.
2016 4169 2083 4178 —-
2116 4130 2337 4204 ψεύδεα
2365 4137 2421 4189 h.
2448 4137 2485 4187 1.
2522 4137 2667 4186 adie-

1582 4216 1717 4266 ctivi
1764 4213 1985 4265 notione
2031 4227 2097 4262 ac
2142 4210 2201 4261 vi
2253 4208 2497 4274 ponitur:
2549 4204 2663 4255 vid.

1582 4284 1876 4336 Schneider
1911 4282 1981 4334 ad
2014 4281 2229 4332 Platon.
2266 4276 2433 4329 Polit.
2464 4274 2508 4324 Ι.
2537 4289 2663 4340 pag.

1583 4352 1956 4407 39.Heindorf
1969 4351 2037 4402 ad
2049 4351 2264 4402 Platon.
2286 4343 2493 4411 Cratyl.
2507 4360 2561 4409 p.
2581 4343 2664 4395 11.

2111 4428 2242 4491 52*
