3109 5092
1027 324 1521 386 EUTERPE.
1567 326 1652 385 H.
1699 334 1818 390 162.
1866 334 1984 390 163.
2052 337 2059 343 ’
2506 323 2635 384 ’801

365 500 675 567 ἐκέλευσε
695 494 933 587 Ἀπρίῃ
961 494 1270 583 ἀπάγειν.
1319 493 1497 585 ὅμως
1526 498 1600 567 δὲ
1630 495 1839 567 αὐτὸν
1868 495 2102 579 ἀξιοῦν
2130 495 2250 567 τὸν
2276 495 2636 587 Πατάρβη-

362 629 514 688 μιν,
552 602 859 687 βασιλέος
885 603 1521 688 μεταπεμπομένου,
1567 604 1742 670 ἰέναι
1770 598 1935 691 πρὸς
1965 598 2205 685 αὐτὸν,
2255 598 2373 668 τὸν
2401 600 2476 668 δὲ
2512 597 2636 668 αὐ-

363 708 456 795 τῷ
484 700 980 793 ὑποκρίνεσθαι
1000 754 1020 788 ,
1054 698 1142 782 ὥς
1171 708 1380 772 ταῦτα
1407 702 1613 773 πάλαι
1646 703 2177 794 παρεσκευάζετο
2204 706 2494 788 ποιέειν,
2524 703 2638 770 καὶ

364 803 548 897 αὐτῷ
589 804 672 875 οὐ
715 809 1108 893 μέμψασθαι
1137 801 1449 893 Ἀπρίην·
1490 810 1908 895 παρέσεσθαι
1949 804 2077 895 γάρ
2124 807 2237 875 καὶ
2284 803 2483 886 αὐτὸς
2525 805 2637 873 καὶ

363 905 608 986 ἄλλους
648 907 852 990 ἄξειν.
936 906 1056 977 τὸν
1099 907 1174 977 δὲ
1214 908 1661 997 Πατάρβημιν
1702 916 1777 978 ἔκ
1816 936 1889 977 τε
1927 916 2066 978 τῶν
2094 913 2477 996 λεγομένων
2511 904 2636 976 οὐκ

364 1008 639 1096 ἀγνοεῖν
666 1008 789 1098 τὴν
833 1010 1174 1094 διάνοιαν,
1217 1012 1328 1079 καὶ
1358 1011 2034 1100 παρασκευαζόμενον
2061 1007 2375 1102 ὁρέοντα,
2422 1031 2633 1079 σπου-

367 1118 456 1202 δῇ
504 1109 810 1198 ἀπιέναι,
863 1111 1283 1201 βουλόμενον
1338 1110 1462 1200 τὴν
1512 1122 1828 1202 ταχίστην
1887 1117 2156 1200 βασιλέι·
2203 1118 2498 1201 δηλῶσαι
2556 1109 2636 1179 τὰ

366 1215 812 1303 πρησσόμενα.
881 1242 972 1294 ως
1019 1214 1094 1284 δὲ
1135 1210 1500 1283 ἀπικέσθαι
1542 1213 1752 1284 αὐτὸν
1790 1214 1957 1305 πρὸς
1994 1214 2113 1284 τὸν
2146 1213 2463 1304 Ἀπρίην,
2511 1211 2635 1282 οὐκ

365 1344 613 1404 αγοντα
640 1316 760 1385 τὸν
776 1315 1090 1426 Ἄμασιν,
1132 1313 1381 1385 ουδένα
1415 1316 1618 1403 λόγον
1646 1315 1830 1409 αὐτῷ
1856 1317 2098 1401 δόντα,
2136 1315 2305 1386 ἀλλά
2344 1316 2632 1406 περιθύ-

364 1447 504 1507 μως
547 1425 816 1508 ἔχοντα,
876 1435 1269 1507 περιταμεῖν
1309 1419 1669 1506 προστάξαι
1711 1417 1925 1489 αὐτοῦ
1967 1419 2047 1488 τά
2085 1447 2155 1488 τε
2200 1411 2335 1488 ὦτα
2365 1421 2477 1487 καὶ
2512 1416 2638 1506 τὴν

365 1526 540 1610 ῥῖνα.
596 1522 893 1609 ἰδόμενοι
926 1520 991 1591 δ’
1026 1528 1097 1590 οί
1118 1522 1340 1590 λοιποὶ
1364 1526 1503 1589 τῶν
1534 1528 1964 1608 Αἰγυπτίων,
2010 1529 2078 1590 οἳ
2118 1529 2213 1591 ἔτι
2252 1520 2333 1590 τά
2370 1524 2637 1590 ἐκείνου

365 1623 693 1711 ἐφρόνεον
711 1676 727 1707 ,
756 1622 975 1714 ἄνδρα
1002 1622 1121 1692 τὸν
1150 1622 1609 1712 δοκιμώτατον
1639 1626 1911 1693 ἑωυτῶν
1938 1621 2114 1692 οὕτω
2142 1629 2430 1713 αἰσχρῶς
2458 1622 2635 1711 λύμῃ

365 1732 831 1814 διακείμενον,
888 1724 1136 1795 οὐδένα
1190 1724 1274 1814 δὴ
1325 1725 1572 1814 χρόνον
1623 1726 2004 1814 ἐπισχόντες
2057 1723 2416 1796 ἀπιστέατο
2470 1723 2637 1812 πρὸς

360 1826 517 1908 τούς
547 1831 846 1918 ἑτέρους,
893 1830 1006 1896 καὶ
1035 1831 1351 1897 ἐδίδοσαν
1386 1828 1596 1912 σφέας
1627 1825 1872 1907 αὐτούς
1905 1825 2156 1916 Ἀμάσι.
2226 1827 2632 1915 Πυθόμενος
2654 1837 2771 1899 163

365 1931 440 1999 δὲ
477 1933 587 2000 καὶ
625 1936 833 2001 ταῦτα
877 1927 914 1998 ὁ
950 1928 1222 2019 Ἀπρίης
1290 1924 1531 2012 ὥπλιζε
1590 1928 1745 2009 τούς
1787 1930 2188 2019 ἐπικούρους
2232 1933 2346 2000 καὶ
2379 1928 2631 2020 ἤλαυνε

365 2035 474 2101 ἐπὶ
504 2030 660 2112 τούς
688 2039 1105 2119 Αἰγυπτίους
1125 2055 1139 2068 ·
1173 2031 1308 2119 εἶχε
1338 2031 1413 2100 δὲ
1439 2030 1876 2120 περὶ.ἕωυτόν
1891 2033 2120 2122 Κᾶράς
2146 2059 2217 2101 τε
2247 2034 2354 2101 καὶ
2377 2031 2636 2113 Ἴωνας,

367 2240 528 2289 simili
571 2238 848 2290 locutione
882 2240 1179 2292 Phavorini
1227 2243 1283 2291 in
1331 2241 1452 2292 Sto-

1553 2241 1690 2305 ibiq.
1728 2243 1842 2289 not.
1917 2240 2168 2290 Recentt.
2219 2239 2341 2289 edd.
2381 2237 2639 2289 Schaese-

371 2309 680 2359 baeiSerm.
701 2308 875 2361 CXII.
893 2325 1021 2374 pag.
1044 2310 1148 2362 586
1172 2315 1227 2361 et
1251 2310 1447 2360 Athen.

1551 2326 1670 2360 rum
1708 2309 1881 2359 secuti
1917 2313 2063 2358 sunt.

367 2378 472 2440 ΙΙΙ,
524 2379 553 2427 4
594 2378 731 2443 (11).
770 2394 895 2443 pag.
944 2379 1110 2430 76F.
1185 2379 1266 2430 Ad
1318 2371 1451 2427 ἐπα-

368 2447 524 2510 εἰρας
581 2445 712 2496 licet
776 2447 1052 2511 intelligas
1107 2440 1170 2496 τὸ
1238 2443 1449 2509 σκέλος,

369 2515 514 2580 quod
560 2516 738 2580 ipsum
777 2516 921 2596 apud
962 2516 1254 2567 Stobaeum
1299 2515 1452 2567 addi·

367 2593 482 2634 tum
516 2583 763 2648 legimus.
837 2576 1182 2647 ἀπεματάϊσε
1226 2601 1260 2635 a
1299 2585 1452 2634 scho-

365 2653 441 2703 lio
481 2668 764 2770 Ροιὲροιαιιι
811 2657 1101 2719 exponitur
1129 2644 1453 2717 ἔματαιολό-

365 2735 529 2787 γησε,
584 2735 863 2784 μ.ωρανεν
937 2723 1159 2773 Rectius
1188 2720 1456 2772 intellexit

367 2790 695 2841 Plutarchus
764 2791 832 2840 de
901 2791 1125 2856 malign.
1189 2790 1454 2842 Herodot.

369 2857 534 2924 (Opp.
570 2864 611 2910 t.
636 2857 743 2922 11.)
768 2874 895 2924 pag.
933 2860 1039 2913 866
1075 2860 1276 2911 c.1n
1301 2875 1452 2941 seqq.

370 2929 584 2979 restitui
630 2926 912 2992 vulgatam
968 2922 1244 2990 ἐκέλευσε,
1300 2929 1453 2978 cuius

370 2998 491 3049 loco
509 2997 872 3059 Gaisfordius,
900 3013 1059 3061 quem
1076 3003 1306 3048 recentt.
1330 2996 1454 3046 edd.

370 3067 546 3118 secuti
575 3069 733 3128 sunt,
773 3081 838 3116 ex
872 3066 1082 3131 aliquot
1115 3068 1269 3117 libris
1306 3066 1457 3116 dedit

369 3127 611 3198 ἐκέλευε,
650 3134 811 3214 quod,
842 3135 929 3186 vel
958 3136 1026 3185 ob
1049 3136 1456 3186 antecedentem

370 3206 635 3255 aoristum
672 3196 1018 3268 ἀπεματάισε
1053 3205 1229 3255 minus
1271 3205 1457 3269 utique

369 3274 586 3324 videtur
622 3277 829 3338 aptum.

445 3389 597 3438 ομως
621 3367 684 3422 δὲ
703 3364 880 3422 αὐτὸν
902 3364 1126 3440 ἀξιοῦν]
1159 3365 1340 3423 αὐτὸν
1374 3378 1460 3424 est

370 3444 572 3494 obiecti
587 3443 678 3506 qui
689 3441 886 3491 dicitur
896 3444 1270 3502 accusativus·
1299 3445 1461 3492 Ama-

372 3514 458 3562 sin
496 3511 638 3561 enim
685 3510 936 3575 respicit,
986 3525 1142 3574 quem
1196 3512 1458 3561 Patarbe-

370 3583 473 3631 mis
497 3580 732 3644 rogavit,
764 3583 848 3641 ut,
883 3593 1009 3642 rege
1035 3583 1362 3641 arcessente,
1387 3578 1457 3628 ad

432 3666 549 3701 sum
570 3647 797 3714 (regem)
812 3646 1118 3698 accederet.
1191 3648 1336 3698 Hinc
1355 3640 1459 3696 τὸν

371 3668 437 3770 A?
486 3720 543 3768 in
599 3733 751 3783 seqq.
799 3717 871 3768 ad
927 3717 1153 3767 Amasin
1205 3717 1459 3781 pertinet,

373 3778 532 3869 αὐτῷ
566 3787 637 3837 ad
658 3787 1039 3848 Patarbemin,
1076 3786 1304 3837 alterum
1331 3801 1462 3836 vero

373 3849 529 3920 αὔτω
569 3847 661 3920 (οὗ
706 3852 1067 3920 μέμψασθαι)
1108 3855 1175 3905 ad
1220 3855 1461 3916 Amasin,

374 3926 445 3976 ad
493 3941 651 4006 quem
703 3925 866 3975 etiam
920 3924 978 3974 in
1028 3940 1178 3990 seqq.
1227 3924 1465 3990 pertinet

372 3986 567 4057 αὐτὸς,
593 3993 662 4044 de
683 4010 788 4059 quo
812 3994 1145 4044 nominativo
1159 3992 1305 4044 conf.
1318 3997 1461 4044 nott.

375 4063 446 4114 ad
480 4062 557 4125 ΙΙ,
593 4063 711 4113 118.
784 4063 869 4113 De
892 4062 1056 4113 celeri
1080 4064 1316 4114 transitu
1346 4077 1464 4113 ora-

375 4131 541 4181 tionis
583 4131 824 4181 directae
861 4133 916 4181 in
955 4133 1279 4183 indirectam
1316 4130 1462 4182 conf.

374 4199 533 4261 VIII,
567 4198 600 4250 3
638 4200 821 4263 ibique
857 4205 997 4251 nott.
1030 4232 1093 4240 —
1114 4202 1221 4251 Pro
1248 4194 1465 4264 μέμψα-

378 4267 516 4318 σθαι
551 4268 875 4318 Schaeferus
905 4271 1090 4334 posuit
1112 4266 1461 4333 μέμψεσθαι,

376 4340 495 4390 sine
531 4335 646 4388 ulla
678 4337 827 4387 iusta
855 4353 1041 4390 causa.
1115 4338 1274 4390 Conf.
1309 4338 1357 4402 Ι,
1394 4337 1463 4388 24

466 4440 803 4483 ΗΕΒΟΒΟΤ.
850 4440 895 4480 Ι.

1622 2375 1719 2428 καὶ
1761 2367 2328 2440 παρασκευαζόμενον
2372 2366 2637 2440 ὁρέοντα]

1551 2438 1789 2511 ὁρέοντα
1799 2447 2037 2510 pertinet
2053 2445 2123 2495 ad
2140 2444 2507 2505 Patarbemin,
2532 2458 2642 2492 πα-

1554 2529 1716 2580 ρασκ.
1756 2515 1825 2564 ad
1862 2515 2115 2575 Amasin,
2154 2529 2310 2578 quem
2334 2528 2456 2562 cum
2485 2527 2639 2576 para-

1552 2591 1670 2635 tum
1708 2581 1801 2647 (ad
1832 2599 1897 2633 ea
1937 2583 2057 2633 scil.
2094 2580 2449 2645 perficienda,
2498 2595 2639 2645 quae

1558 2655 1794 2703 minatus
1840 2654 1978 2714 erat)
2022 2649 2232 2701 videret
2277 2650 2637 2710 Patent-hemis,

1558 2722 1807 2772 celeriter
1842 2720 2045 2769 abiisse
2078 2719 2293 2769 dicitur.
2334 2747 2402 2755 -—
2440 2718 2506 2767 In
2547 2732 2641 2766 an-

1556 2789 1932 2841 tecedentibus
1988 2788 2187 2839 retinui
2236 2778 2530 2849 διάνοιαν,
2578 2790 2640 2835 ut

1556 2861 1604 2920 Ι,
1641 2860 1726 2921 46,
1764 2858 1858 2908 ubi
1894 2856 2007 2907 vid.

1630 2936 1841 2992 οὐδένα
1865 2934 2036 3007 λόγον
2053 2957 2089 2991 α
2100 2933 2135 2991 ύ
2147 2959 2176 2991 τ
2190 2940 2235 3008 ᾧ
2255 2933 2453 3006 δόντα]
2467 2932 2642 3007 αὐτῷ,

1560 3012 1702 3078 quod
1737 3012 1861 3061 libri
1901 3016 2114 3075 tenent,
2164 3013 2280 3062 sine
2316 3011 2643 3061 necessitate

1558 3085 1822 3132 mutatum
1868 3081 1924 3130 in
1976 3050 2183 3139 ἑωυτῷ.
2263 3081 2446 3159 Ipsam
2496 3079 2644 3130 locu-

1559 3151 1759 3201 tionem
1808 3141 2035 3199 διδόναι
2072 3145 2229 3217 αὐτῷ
2274 3142 2445 3215 λόγον
2483 3149 2643 3212 (nulla

1558 3222 1630 3269 uti
1647 3222 1858 3278 ratione,
1889 3220 2030 3269 haud
2050 3235 2211 3270 secum
2232 3221 2362 3270 inire
2383 3223 2641 3280 rationem,

1559 3292 1718 3340 anitno
1762 3303 1859 3338 non
1912 3297 2178 3351 reputare,
2226 3289 2473 3352 cogitare)
2522 3286 2642 3335 illu-

1561 3357 1759 3406 stravit
1792 3357 2185 3422 Wesselingius
2218 3356 2304 3406 his
2355 3354 2640 3417 exemplis:

1562 3425 1608 3486 1,
1658 3424 1779 3476 209.
1824 3425 1933 3485 III,
1979 3428 2065 3476 25.
2124 3425 2220 3486 IV,
2272 3424 2388 3474 102.
2441 3424 2507 3484 V,
2554 3423 2641 3472 68.

1566 3491 1683 3544 138.
1717 3492 1872 3555 VIII,
1911 3493 1999 3544 86.
2070 3491 2346 3542 Plutarch.
2385 3492 2527 3556 Opp.
2562 3491 2641 3540 11.

1562 3576 1716 3691 3321,
1738 3562 1842 3680 ‘¹3¹2'
1856 3561 2298 3681 ..33202331m2‘2d0
2504 3574 2644 3624 ‘¹⁰⁸⁰

1635 3706 1971 3779 περιθύμως
1987 3709 2243 3781 ἔχοντα]”
2228 3731 2266 3764 ι.
2282 3728 2330 3765 e.
2344 3715 2426 3762 ira
2443 3711 2642 3778 (gravi)

1559 3787 1833 3849 percitum.
1888 3800 2162 3835 accensum.
2236 3781 2408 3844 0131,
2456 3782 2556 3834 162
2591 3785 2646 3831 et

1566 3857 1682 3903 not.
1708 3853 1780 3902 ad
1810 3853 1917 3915 III,
1953 3853 2041 3904 50.
2112 3844 2258 3918 λύμῃ
2285 3847 2647 3914 διακείμενον

1566 3925 1681 3973 est:
1718 3925 2006 3973 conmmelia
2029 3921 2290 4000 affeftmm
2331 3919 2645 3983 ef.11,121,

1565 3995 1600 4043 4
1643 3996 1699 4041 et
1742 3992 1838 4053 VI,
1890 3992 1970 4042 12.
2010 4017 2071 4027 —
2112 3957 2411 4040 ἀπιστέατο
2454 3989 2649 4053 imper-

1568 4061 1713 4111 fecto
1760 4060 1933 4110 utitur
1975 4060 2177 4111 Noster
2233 4058 2508 4118 consult03
2564 4059 2650 4107 est

1567 4130 1708 4180 enim
1746 4130 2024 4180 desciscere
2070 4136 2376 4191 coeperunt,
2424 4129 2649 4178 institue-

1564 4206 1715 4256 παπ,-
1751 4198 1818 4250 de
1854 4200 1976 4264 ipsa
2003 4197 2180 4248 forma
2213 4197 2285 4248 cf.
2306 4196 2385 4259 ΙΙ,
2422 4194 2649 4246 43—53.

1566 4268 1667 4320 173
1703 4272 1757 4318 et
1791 4283 1927 4334 quae
1975 4267 2088 4317 alia
2130 4265 2287 4316 affert
2321 4263 2553 4315 BredoV.
2591 4277 2646 4326 p.

2159 4414 2233 4472 51
