3109 5092
439 329 564 391 532

1303 318 1850 383 HERODOTI

442 503 630 572 εἶδον
675 500 751 570 δὲ
803 502 878 567 ἐν
920 502 1003 585 τῇ
1063 495 1256 589 Τύρῳ
1309 496 1423 563 καὶ
1478 493 1643 565 ἄλλο
1694 490 1845 583 ἱρὸν
1875 488 2268 581 Ἡρακλέος,
2324 491 2787 578 ἐπωνυμίην

441 612 705 693 ἔχοντος
735 608 990 671 Θασίου
1023 599 1216 669 εἶναι.
1289 596 1629 687 ἀπικόμην
1653 597 1731 666 δὲ
1762 597 1875 665 καὶ
1909 597 1975 675 ἐς
2009 593 2273 679 Θάσον,
2304 595 2379 662 ἐν
2401 597 2483 681 τῇ
2514 581 2722 678 εὗρον

441 705 592 798 ἱρὸν
626 703 985 795 Ηρακλέος
1034 699 1170 772 ὑπὸ
1213 709 1558 772 Φοινίκων
1611 702 2010 789 ἱδρυμένον,
2072 705 2141 768 οἳ
2187 693 2334 765 κατ’
2384 692 2721 786 Εὐρώπης

443 921 633 972 quam,
696 905 843 970 quod
903 904 1067 955 ullius
1123 904 1197 955 sit
1251 904 1529 966 momenti,

443 981 634 1026 contra
682 974 911 1040 proferri
958 974 1158 1039 possit:
1226 975 1282 1024 in
1335 973 1531 1038 quibus

442 1047 524 1095 ita
570 1043 1027 1108 acquiescendum
1087 1058 1208 1093 esse
1261 1043 1531 1103 existimo,

442 1121 504 1164 ut
541 1115 823 1164 Herodoto
858 1129 958 1163 sua
1002 1128 1147 1163 nunc
1192 1117 1409 1162 constet
1439 1126 1534 1160 au·

443 1184 670 1234 ctoritas
691 1183 930 1247 fidesque
961 1197 1170 1231 summa
1191 1196 1531 1246 nequaquam

445 1254 765 1318 derogetur,
815 1267 937 1301 cum
983 1256 1192 1301 tantam
1237 1251 1533 1315 antiquita·

447 1329 555 1372 tem
584 1323 732 1385 Tyro
769 1320 1030 1370 tributam
1066 1319 1220 1370 velit.
1274 1320 1360 1369 Tu
1387 1318 1529 1369 conf.

447 1393 613 1442 etiam
650 1405 684 1440 a
722 1392 814 1440 Cr.
863 1389 1199 1453 adscriptum
1244 1388 1533 1439 Gesenium

447 1460 518 1511 ad
567 1460 731 1509 Iesai.
772 1459 992 1520 XXIII,
1042 1461 1094 1508 4.
1140 1474 1195 1522 p.
1236 1457 1357 1507 728.
1421 1459 1536 1507 Nec

447 1530 585 1580 alios
611 1529 701 1578 hic
725 1542 1142 1578 commemorare
1179 1528 1403 1588 attinet,
1444 1528 1536 1590 qui

448 1600 516 1650 de
553 1599 686 1663 Tyri
722 1597 1025 1662 originibus
1063 1612 1128 1646 ac
1163 1597 1324 1646 rebus
1363 1596 1536 1660 gestis

447 1669 807 1733 scripserunt,
871 1665 1087 1731 quando
1129 1665 1347 1730 quidem
1402 1665 1539 1714 haec

449 1738 630 1788 omnia
667 1735 906 1787 absolvit
940 1736 1157 1786 Movere
1195 1734 1227 1783 l.
1269 1733 1306 1783 1.
1345 1750 1397 1799 p.
1439 1733 1538 1784 166

450 1823 601 1873 seqq.
636 1806 808 1871 ipsius
846 1805 1011 1856 etiam
1040 1805 1149 1855 loci
1186 1805 1412 1868 eiusque
1444 1818 1539 1853 na-

447 1882 604 1927 turae
637 1876 851 1926 ratione
885 1874 1102 1934 habita3
1139 1888 1301 1939 quam
1333 1873 1389 1922 in
1425 1887 1538 1921 rem

449 1946 684 1996 conferri
718 1945 882 1995 etiam
913 1948 1168 2008 possunt,
1209 1958 1349 2008 quae
1383 1956 1540 2006 prae-

450 2016 542 2064 bet
571 2015 836 2079 Porbiger
864 2013 1083 2064 Handb.
1123 2012 1177 2060 d.
1210 2012 1308 2063 alt.
1338 2012 1534 2075 Geogr.

452 2083 531 2134 11.
570 2100 622 2148 p.
662 2082 765 2134 669
803 2087 857 2132 et
890 2084 944 2133 J.
987 2082 1055 2131 de
1103 2083 1336 2131 Bertou:
1376 2079 1539 2130 Essai

451 2167 543 2200 sur
589 2152 645 2201 la
691 2150 1052 2216 topographie
1106 2150 1172 2199 de
1208 2150 1339 2213 Tyr.
1381 2149 1539 2199 Paris

456 2219 608 2270 1853.
649 2221 789 2270 Add.
811 2221 1016 2270 Ritter:
1043 2218 1338 2268 Erdkunde
1356 2217 1538 2268 XVII.

451 2305 506 2353 p.
542 2289 645 2340 320
668 2304 842 2354 seqq.,
878 2289 972 2352 qui
1006 2288 1287 2337 Herodoto
1325 2301 1542 2352 quoque

453 2359 855 2423 patrocinatur,
894 2357 964 2406 ad
996 2356 1157 2421 longe
1185 2357 1541 2420 posteriorem

453 2431 689 2477 aetatem
719 2427 776 2477 id
800 2425 1142 2476 referendum
1168 2439 1290 2475 esse
1320 2424 1541 2488 docens,

453 2496 599 2561 quod
623 2498 827 2561 Tyrum
854 2511 888 2546 a
913 2494 1153 2546 Sidoniis
1192 2493 1415 2545 colonos
1453 2510 1543 2543 ac-

454 2567 665 2630 cepisse
709 2565 951 2616 tradunt.
1026 2565 1215 2614 Monet
1257 2568 1543 2629 praeterea

455 2633 757 2686 Heerenius
795 2632 985 2699 (Ideen
1020 2634 1075 2695 1,
1109 2638 1162 2685 2.
1197 2650 1251 2698 p.
1297 2633 1362 2683 12
1400 2633 1539 2698 seq.)

455 2704 711 2770 templum
747 2710 934 2766 vetus,
970 2703 1117 2768 quod
1140 2718 1247 2753 una
1272 2719 1394 2753 cum
1419 2703 1541 2766 ipsa

454 2775 588 2823 urbe
623 2774 900 2824 conditum
933 2788 1053 2823 esse
1097 2773 1397 2823 narrabant
1432 2773 1543 2836 Ty·

453 2842 647 2905 rii,diu
669 2841 980 2892 demolitum
1001 2840 1258 2906 aliudque
1279 2842 1395 2891 eius
1420 2840 1540 2890 loco

454 2926 489 2959 a
550 2927 678 2974 rege
721 2912 913 2960 Hiram
965 2909 1269 2960 Salomonis
1325 2909 1542 2974 aequali

456 2984 789 3028 exstructum
830 2979 1020 3029 fuisse.
1091 2980 1272 3043 Atque
1306 2979 1409 3029 hoc
1447 2993 1542 3042 po-

455 3048 566 3096 tius
622 3048 795 3098 fuisse
849 3046 1134 3111 templum,
1198 3047 1343 3111 quod
1390 3048 1543 3112 quin-

455 3116 635 3180 gentis
671 3116 1068 3181 quinquaginta
1103 3121 1227 3181 post
1264 3116 1422 3166 annis
1464 3117 1543 3165 vi-

456 3184 599 3234 derit
632 3184 965 3235 Herodotus.

523 3244 855 3317 ἐπωνυμίην
888 3280 959 3291 --
992 3251 1210 3303 Θασίου
1246 3245 1414 3317 εἶναι]
1459 3253 1544 3303 De

455 3323 770 3373 abundante
812 3323 979 3373 verbo
1024 3315 1173 3371 εἶναι
1221 3322 1364 3374 conf.
1406 3324 1543 3372 Her-

454 3409 636 3443 mann.
673 3392 741 3441 ad
773 3393 956 3457 Viget.
985 3408 1038 3457 p.
1072 3393 1169 3442 751
1206 3396 1260 3441 et
1288 3391 1540 3443 Siebelis.

456 3463 528 3512 ad
574 3463 814 3512 Pausan.
864 3461 1031 3524 VIII,
1069 3461 1155 3511 31.
1204 3465 1254 3522 ξ.
1301 3463 1352 3511 4.
1441 3462 1536 3511 Gr.

454 3531 749 3596 adscripsit
787 3531 1036 3581 Platonis
1072 3528 1250 3581 locum
1287 3531 1342 3579 in
1369 3530 1543 3579 Phae-

457 3600 581 3651 don.
616 3603 666 3663 ξ.
708 3601 819 3660 117,
858 3600 950 3650 ubi
973 3598 1274 3650 Herodotei
1304 3599 1409 3648 loci
1432 3614 1541 3649 non

456 3670 735 3720 immemor
783 3669 889 3718 fuit
937 3667 1283 3718 Heindorfius
1328 3683 1381 3732 p.
1423 3666 1539 3718 198.

457 3738 615 3800 Quod
651 3738 724 3788 ad
761 3743 1135 3801 argumentum
1171 3737 1395 3798 attinet,
1450 3737 1542 3785 vix

456 3806 715 3857 credibile
752 3807 1041 3856 videbatur
1077 3807 1350 3857 Movet-sio
1400 3805 1460 3866 (1.
1502 3804 1539 3855 l.

455 3874 502 3925 1.
539 3890 594 3939 p.
634 3873 789 3940 387),
838 3875 1034 3939 Tyrios
1073 3874 1174 3926 deo
1211 3876 1280 3924 ab
1317 3875 1453 3938 ipsis
1488 3874 1544 3923 in

456 3958 558 3993 sua
589 3945 722 3993 urbe
758 3943 908 3994 culto
941 3959 1138 3993 nomen
1175 3944 1440 3994 indidisse
1477 3958 1544 3993 ex

456 4012 672 4062 colonia
712 4011 1040 4077 Thus-iamque
1075 4012 1199 4062 inde
1250 4017 1304 4062 et
1341 4013 1544 4061 dixisse

456 4086 511 4130 et
532 4079 768 4130 coluisse
790 4080 1099 4143 Herculem,
1121 4082 1308 4146 itaque
1333 4080 1542 4146 lapsum

456 4164 577 4199 esse
624 4154 785 4214 putat
831 4148 1094 4200 historiae
1145 4157 1383 4215 patrem,
1447 4151 1543 4214 qui

458 4217 696 4270 Thasium
742 4220 1026 4269 vocaverit
1065 4234 1185 4268 eum
1230 4218 1539 4281 Herculem,

454 4289 548 4352 qui
602 4289 658 4337 in
706 4287 1014 4338 continenti
1061 4292 1205 4339 terra
1245 4288 1379 4351 Tyri
1434 4287 1542 4337 cul-

455 4361 544 4407 tus
593 4357 720 4408 iude
763 4372 960 4408 nomen
1006 4354 1190 4408 Tarsis
1244 4357 1535 4420 acceperit,

1633 899 2068 979 25'235'713‘5223·
2141 914 2278 965 Mihi
2327 916 2555 966 rectius.
2580 913 2725 964 idem

1634 986 1719 1034 vir
1756 984 1950 1036 d'octus
1989 983 2048 1048 (l.
2079 984 2117 1036 l.
2153 985 2229 1048 II,
2270 985 2318 1035 1.
2355 1001 2409 1050 p.
2451 981 2581 1047 276)
2615 988 2727 1033 sta-

1636 1056 1809 1105 tuisse
1841 1054 2085 1116 videtur,
2124 1054 2176 1104 h.
2215 1054 2251 1104 l.
2292 1056 2450 1104 unice
2488 1054 2554 1103 de
2593 1058 2730 1102 tem-

1635 1125 1723 1189 plo
1770 1124 2002 1189 cogitari
2051 1138 2240 1188 posse,
2294 1123 2440 1189 quod
2479 1122 2724 1184 Herculi,

1636 1194 1737 1244 deo
1774 1209 1873 1244 suo
1920 1192 2168 1256 tutelari,
2223 1194 2413 1242 Thasii
2459 1197 2729 1242 mercato-

1635 1279 1722 1313 res
1767 1263 1823 1312 in
1860 1261 1991 1312 urbe
2027 1262 2317 1327 metropoli
2361 1262 2722 1312 condiderint.

1707 1371 1768 1430 ἐν
1800 1378 1870 1446 τῇ
1907 1368 2081 1444 εὖρον
2116 1374 2246 1445 ἱρὸν
2270 1373 2576 1447 ‘Hennaeae
2609 1370 2727 1431 ὑπὸ

1640 1448 1931 1499 Φοινίκων
1963 1444 2276 1515 ἱδρυμένον
2308 1467 2359 1501 κ.
2399 1468 2446 1501 τ.
2484 1449 2558 1517 ³..J
2605 1453 2728 1502 Hoc

1641 1519 1928 1583 templum,
1983 1521 2032 1569 si
2068 1536 2240 1571 annos
2278 1522 2733 1588 supputaveris0e

1641 1594 1823 1638 mente
1875 1589 2171 1652 Herodoti,
2238 1591 2274 1640 i.
2331 1607 2380 1641 e.
2439 1590 2540 1641 166
2604 1595 2757 1640 αιιισ

1644 1658 1974 1708 Graecorum
2007 1659 2300 1709 Herculem
2335 1664 2553 1720 natum,
2607 1674 2734 1709 con-

1643 1725 1815 1776 ditum
1864 1728 1967 1777 erit
2013 1743 2155 1779 anno
2210 1729 2343 1780 1550
2385 1744 2436 1779 a.
2490 1727 2616 1778 Chr.
2654 1744 2733 1790 n.,

1642 1797 1724 1846 ita
1756 1803 1820 1846 ut
1855 1797 2095 1848 Graecus
2122 1797 2387 1848 Hercules
2420 1803 2585 1848 natus
2618 1798 2734 1847 fue·

1641 1865 1714 1915 rit
1751 1865 1884 1917 1384
1929 1882 1981 1916 a.
2021 1867 2148 1918 chr.
2184 1883 2238 1916 n.
2321 1868 2429 1929 Qui
2474 1867 2615 1917 bene
2655 1866 2736 1915 di-

1640 1949 1834 1984 versus
1882 1950 1991 1985 non
2032 1935 2210 1986 minus
2256 1936 2325 1986 ab
2359 1937 2632 2001 Aegyptio
2678 1940 2735 1985 et

1640 2003 1937 2054 Phoenicio
1969 2020 2129 2069 quam
2168 2020 2201 2054 a
2228 2005 2396 2070 Tyrio
2426 2021 2494 2055 ac
2527 2005 2734 2054 Thasio

1641 2073 1911 2135 Hercule,
1971 2090 2081 2124 non
2135 2075 2269 2124 deus
2326 2075 2449 2139 ipsa
2503 2075 2733 2139 origine,

1644 2142 1743 2192 sed
1775 2141 1995 2192 mortali
2016 2145 2209 2208 stirpe
2243 2145 2560 2209 progenitus
2597 2145 2738 2193 fere-

1643 2212 1831 2274 batur,
1897 2228 2023 2262 mox
2082 2214 2139 2262 in
2212 2213 2423 2263 coelum
2484 2218 2736 2278 receptus

1644 2281 1713 2331 ob
1747 2282 1987 2346 insignia
2024 2282 2290 2335 facinora.
2359 2283 2531 2345 Quem
2566 2283 2738 2347 igitur

1646 2351 1953 2401 Orientales
2006 2351 2245 2402 habuere
2287 2353 2447 2404 deum
2484 2353 2738 2418 primige-

1644 2421 1819 2482 nium,
1878 2435 1999 2470 eum
2040 2422 2236 2472 Graeci
2283 2422 2410 2472 inde
2452 2427 2736 2486 acceptum

1645 2490 1820 2553 magis
1847 2490 1918 2539 ad
1941 2490 2232 2541 humanam
2260 2491 2489 2541 formam
2519 2507 2586 2541 ac
2612 2506 2735 2556 spe-

1646 2560 1785 2608 ciem
1842 2561 2253 2610 conformamnt
2304 2564 2359 2610 et
2407 2562 2463 2610 in
2519 2560 2736 2611 heroem

1645 2633 2108 2692 transmutatum,
2172 2630 2267 2695 qui
2323 2630 2391 2679 ob
2441 2631 2613 2694 ipsius
2672 2629 2739 2679 de

1644 2696 1880 2747 humano
1929 2713 2127 2763 genere
2176 2698 2372 2748 merita
2423 2701 2480 2748 in
2526 2698 2739 2750 coelum

1648 2772 1868 2816 evectus
1904 2783 2048 2817 nunc
2091 2767 2332 2833 reliquos
2365 2769 2530 2818 etiam
2569 2769 2739 2818 bomi-

1645 2851 1743 2885 nes
1780 2836 1850 2886 ad
1895 2836 2095 2887 similia
2130 2837 2494 2902 perpetranda
2540 2839 2738 2902 ipsius-

1648 2921 1752 2970 que
1806 2906 2042 2970 vestigia
2100 2905 2332 2971 legenda
2395 2912 2735 2972 provocaret.

1650 2975 1800 3035 Quae
1827 2974 1893 3024 de
1919 2975 2124 3026 Thasio
2145 2976 2381 3027 Hercule
2412 2977 2736 3041 accepimus,

1647 3048 1703 3093 et
1762 3044 1885 3108 ipsa
1939 3045 2295 3096 Phoenicium
2353 3046 2512 3095 deum
2563 3046 2737 3095 fuisse

1645 3119 2094 3164 commonstrant.
2123 3114 2290 3164 Plura
2311 3117 2562 3166 Creuzer.
2584 3114 2739 3179 Sym-

1646 3180 1758 3232 bol.
1809 3182 1886 3233 11.
1940 3199 1995 3247 p.
2045 3183 2149 3234 619
2184 3200 2366 3250 seqq.‚
2421 3185 2517 3234 ubi
2572 3186 2737 3234 etiam

1647 3252 1974 3302 Thasiorum
2029 3253 2179 3302 numi
2228 3257 2621 3314 memorantur,
2682 3254 2737 3301 in

1647 3320 1844 3386 quibus
1880 3322 2136 3372 Herculis
2186 3323 2396 3388 effigies
2440 3327 2735 3387 comparet.

1646 3420 1715 3431 -—
1760 3391 1843 3439 De
1879 3391 2063 3440 Thaso
2113 3392 2237 3456 ipsa
2289 3392 2433 3442 conf.
2477 3393 2738 3442 Nostrum

1646 3459 1743 3520 VI,
1782 3460 1868 3509 47.
1944 3461 2078 3510 Cum
2111 3462 2255 3511 enim
2291 3462 2409 3511 auri
2444 3460 2644 3512 fodinis
2682 3466 2738 3510 et

1646 3528 1883 3578 metallis
1910 3530 2208 3594 conspicua
2233 3535 2378 3580 esset
2401 3529 2595 3590 insula,
2625 3545 2738 3578 ma-

1647 3598 1824 3647 turius
1852 3599 2184 3648 Phoenicum
2220 3599 2398 3649 coloni
2428 3598 2541 3649 illic
2578 3598 2736 3649 sedes

1647 3672 1909 3731 ceperunt
1934 3668 2302 3733 templumque
2328 3667 2607 3729 Herculis,
2644 3683 2739 3732 pa-

1647 3736 1741 3785 trii
1789 3737 1903 3796 dei,
1951 3737 2028 3786 ibi
2073 3739 2491 3787 constituerunt.
2578 3737 2739 3799 Quod

1648 3803 1777 3855 licet
1823 3806 2095 3869 expressis
2146 3806 2326 3856 verbis
2372 3807 2425 3857 h.
2464 3806 2503 3858 l.
2551 3811 2608 3857 et
2640 3806 2736 3868 VI,

1645 3875 1713 3923 47
1751 3878 1983 3924 testetur
2017 3874 2355 3936 Herodotus,
2409 3891 2512 3925 nec
2557 3876 2736 3940 ipsum

1645 3957 1741 4006 per
1785 3959 1845 3993 se
1890 3944 2246 4008 improbabile
2290 3946 2390 4008 sit,
2451 3951 2634 3994 tamen
2676 3943 2737 3994 C.

1647 4012 1713 4061 O.
1743 4011 1973 4063 Mueller
2010 4012 2358 4076 (Orchomen.
2394 4028 2451 4077 p.
2484 4013 2609 4076 115)
2647 4028 2739 4061 ne-

1646 4085 1743 4144 gat
1762 4082 2004 4132 Thasum
2026 4098 2060 4133 a
2078 4082 2444 4133 Phoenicibus
2468 4097 2589 4132 esse
2610 4097 2738 4131 con-

1646 4150 1813 4199 ditam
1831 4188 1844 4212 ,
1873 4166 2035 4216 quam
2057 4168 2091 4200 a
2109 4152 2287 4201 Pariis
2309 4151 2623 4203 Archilochi
2651 4166 2739 4200 ae·

1644 4223 1760 4268 tate
1796 4220 2068 4270 conditam
2092 4220 2310 4285 Olymp.
2334 4220 2543 4282 XVIII,
2573 4220 2593 4269 1
2618 4221 2736 4270 sive

1643 4287 1747 4337 708
1783 4304 1835 4339 a.
1874 4290 1998 4338 Chr.
2038 4305 2092 4339 n.
2145 4290 2256 4339 alia
2292 4289 2609 4340 testimonia
2648 4289 2739 4338 de-

1642 4356 1856 4407 clarant
1892 4358 2028 4423 (vid.
2065 4357 2311 4410 Fischer.
2351 4357 2569 4410 Griech.
2590 4358 2737 4408 Zeit-
