3109 5092
478 374 597 440 186

1339 372 1874 435 HERODOTI

639 536 723 627 μὴ
768 537 987 626 βούλευ
1028 537 1400 605 πολύευκτον
1443 533 1543 621 ἰὴν
1585 533 1706 602 viv&
1747 534 1967 623 δώματ’
2023 534 2273 605 ἆκούειν

642 638 858 723 παιδὸς
902 644 1339 727 φθεγγομένου.
1387 640 1522 708 τόδε
1564 662 1661 706 σοι
1704 636 1857 706 πολὺ
1901 639 2080 707 λώϊον
2122 636 2314 725 ἀμφὶς

641 753 904 832 ἔμμεναι.
946 740 1196 828 αὐδήσει
1237 739 1351 829 γὰρ
1388 744 1452 808 ἐν
1494 740 1677 828 ἤματι
1714 750 1955 829 πρῶτον
1997 739 2256 834 ἀνόλβῳ.

447 875 938 965 ’Ἆλισκομένου
985 874 1057 944 δὲ
1103 879 1224 943 τοῦ
1269 879 1553 962 τείχεος,
1593 870 1699 963 ἤϊε
1729 871 1857 964 γὰρ
1898 880 2035 943 τῶν
2062 902 2161 954 τις
2189 876 2515 963 Περσέων
2541 871 2741 944 ἄλλο·

469 981 733 1071 γνώσας
785 988 1081 1067 Κροῖσον
1136 973 1225 1059 ὥς
1286 974 1750 1060 ἀποκτενέων,
1817 986 2107 1065 Κροῖσος
2170 980 2295 1067 μέν
2344 1006 2477 1047 νυν
2529 973 2745 1066 ὁρέων

469 1084 776 1168 ἐπιόντα,
819 1078 953 1153 ὑπὸ
992 1088 1108 1171 τῆς
1150 1080 1527 1171 παρεούσης
1553 1087 1903 1171 συμφορῆς
1943 1081 2440 1172 παρημελήκεε,
2480 1079 2648 1153 οὐδέ
2681 1090 2752 1152 τί
2794 1085 2805 1090 ’

468 1312 587 1357 tum
619 1305 755 1356 haec
791 1300 1014 1354 oracula
1048 1301 1114 1350 ad
1139 1299 1369 1351 Hesiodi
1403 1316 1556 1365 prae-

470 1381 633 1454 cepta
651 1372 1063 1426 accommodata
1094 1370 1313 1430 fuerint,
1346 1375 1554 1435 pateat.

540 1438 616 1510 μὴ
657 1435 847 1511 βούλει
883 1431 1235 1491 πολύευκτον
1271 1432 1392 1504 ἰὴν]
1438 1440 1558 1491 Ple-

467 1517 622 1579 rique
656 1514 780 1564 libri
816 1502 1056 1579 βούλου,
1107 1508 1202 1559 sed
1239 1510 1384 1560 conf.
1419 1507 1553 1572 VII,

470 1585 555 1636 10.
585 1588 635 1648 §-
658 1586 709 1634 4.
750 1587 803 1633 et
836 1596 976 1647 quae
1003 1578 1204 1629 similia
1238 1579 1397 1630 affert
1428 1582 1554 1630 Bre-

469 1655 593 1705 dov.
633 1670 686 1738 p.
727 1651 849 1704 323.
888 1682 958 1694 —
1003 1641 1100 1713 ἰὴν
1154 1664 1274 1698 οιιιιι
1327 1654 1551 1701 receutt.

468 1724 783 1789 scripsimus
819 1737 916 1788 pro
954 1717 1069 1784 ΐην.
1141 1719 1342 1769 Vocem
1386 1721 1554 1769 rario-

467 1811 580 1845 rem
635 1793 871 1844 inveniri
927 1793 1084 1839 notat
1137 1789 1437 1839 Larcherus
1499 1790 1555 1839 iu

468 1864 683 1929 Aeschy
686 1863 721 1915 l.
770 1863 924 1912 Pers,
970 1859 1091 1910 940.
1153 1859 1342 1925 Eun-ip.
1387 1858 1552 1910 Rhes.

468 1934 573 1986 940
619 1934 719 2000 (al.
769 1932 917 1996 922).
995 1927 1161 1978 Valet
1204 1934 1387 1979 autem
1432 1945 1552 1990 νοω,

470 2021 640 2055 sonus.
711 2002 879 2063 Hinc,
925 1997 1070 2064 quod
1122 1998 1297 2049 obiter
1339 2014 1553 2060 ιιιοιιοο,

469 2073 666 2124 vocula
699 2088 807 2122 non
833 2071 1122 2121 videbatur
1155 2068 1443 2119 inserenda
1476 2070 1556 2118 in-

465 2144 576 2193 dici
630 2158 824 2192 vocum
881 2141 1293 2200 inusitatamm,
1355 2139 1554 2203 quibus

464 2214 701 2264 Rhesum
714 2209 1064 2275 Euripideum
1087 2208 1407 2272 posterioris
1432 2209 1553 2259 aevi

464 2283 672 2333 foetum
731 2296 850 2330 esse
894 2285 1019 2344 post
1074 2277 1212 2328 alios
1271 2279 1554 2329 contendit

464 2350 802 2403 Mox-stadius
841 2350 898 2398 in
926 2349 1130 2414 scripto
1167 2347 1432 2411 peculiari
1467 2363 1554 2398 su·

465 2438 559 2487 per
595 2420 779 2482 Rhes„
818 2418 960 2484 quod
999 2416 1203 2483 prodiit
1237 2418 1554 2468 Heidelber-

464 2507 568 2556 gae
606 2490 763 2542 1827.
827 2488 987 2539 Conf.
1023 2503 1150 2552 pag.
1183 2487 1269 2539 61.
1327 2488 1394 2538 Ῑιι
1423 2488 1554 2538 Dio-

464 2561 582 2612 dori
617 2563 829 2624 Excerp
833 2563 901 2609 tt.
939 2562 989 2622 5.
1026 2558 1093 2610 30
1132 2557 1218 2618 (Τ.
1267 2558 1344 2608 ΙΙ.
1392 2574 1443 2624 p.
1481 2558 1550 2609 26

463 2633 605 2682 Nov.
653 2631 866 2694 scriptt.
911 2627 1038 2680 coll.
1087 2627 1170 2678 ed.
1208 2625 1402 2692 Mai.,)
1455 2629 1551 2678 ubi

462 2705 698 2767 quatuor
731 2700 789 2748 hi
819 2713 1008 2749 versus
1043 2698 1381 2760 exhibentur,
1419 2698 1549 2748 scri-

461 2777 612 2836 ptum
656 2771 819 2821 video
869 2766 983 2818 ἴαν
1028 2760 1202 2832 (ἰὰν),
1250 2767 1397 2818 haud
1432 2768 1547 2818 scio

463 2841 778 2891 anrectius.‘
826 2838 1036 2890 Ibidem
1060 2853 1272 2905 quoque
1308 2829 1547 2904 βούλου

464 2915 519 2960 et
555 2902 724 2958 κατὰ
759 2899 947 2971 δῶμ’.

508 2970 905 3057 ἁλισκομένου
942 2969 1006 3024 δὲ
1042 2989 1144 3024 τοι
1180 2972 1420 3039 τείχεος,
1455 2962 1546 3038 ἤϊε

462 3039 568 3111 γὰρ
604 3045 719 3094 τῶν
754 3060 839 3102 τις
875 3042 1143 3107 Περσέων
1177 3059 1229 3092 κ.
1265 3059 1312 3092 τ.
1353 3042 1423 3106 λ.]
1479 3044 1547 3093 In

461 3114 896 3181 interpunctione
921 3118 1142 3164 secutus
1173 3129 1289 3163 sum
1315 3116 1544 3162 recentt.

463 3187 649 3248 editt,
706 3200 828 3235 cum
879 3183 1007 3233 olim
1043 3182 1184 3233 male
1230 3189 1355 3246 post
1404 3172 1546 3230 ἄπο-

460 3251 703 3305 κτενέων
729 3254 902 3303 maior
928 3256 1217 3318 poneretur
1247 3251 1545 3315 distinctiO,

461 3342 626 3393 quam
672 3325 729 3374 in
772 3324 1032 3374 minorem
1090 3337 1233 3372 nunc
1280 3325 1545 3372 mutatam

457 3396 633 3447 vides.
714 3395 854 3445 Nam
902 3392 1228 3457 interposita
1278 3391 1545 3456 particula

459 3459 596 3532 γὰρ,
635 3464 718 3516 uti
750 3465 938 3515 crebro
973 3464 1062 3526 fit,
1101 3461 1363 3512 orationis
1402 3466 1542 3512 stru-

459 3541 616 3588 ctura
649 3537 731 3585 ita
766 3538 1032 3595 mutatur,
1086 3537 1149 3583 ut
1184 3531 1345 3582 aliter
1380 3537 1545 3598 atque

459 3611 577 3657 erat
621 3606 841 3670 incepta
893 3603 1301 3670 progrediatur,
1343 3618 1464 3652 cum
1509 3617 1544 3651 a

457 3676 640 3726 verbis
690 3689 786 3738 per
838 3673 1188 3752 parenthesin
1232 3672 1391 3736 quasi
1433 3686 1543 3722 una

458 3761 580 3795 curu
617 3744 887 3808 particuh
911 3735 1015 3808 γὰρ
1043 3742 1380 3792 intercalatis
1417 3757 1545 3805 pen-

458 3814 587 3863 deat
635 3813 934 3879 iisdemque
966 3817 1310 3863 annectatur.
1382 3810 1539 3861 Conf.

458 3896 622 3945 supra
667 3886 809 3932 nott.
860 3883 931 3933 ad
979 3882 1036 3943 Ι,
1083 3884 1154 3934 28
1204 3880 1329 3936 coll.
1378 3881 1434 3943 Ι,
1485 3879 1538 3931 8.

456 3949 615 4001 Unde
644 3950 874 4013 factum,
915 3949 1058 4031 quod
1093 3950 1321 4014 genitivi
1354 3964 1545 4000 conse-

457 4019 714 4084 quentiae
758 3989 1131 4083 ἁλισκομένου
1177 4013 1239 4067 δὲ
1283 4016 1388 4067 τοῦ
1433 4018 1543 4068 τεί-

457 4102 593 4153 χους
637 4088 813 4137 minus
860 4088 998 4138 bene
1047 4086 1373 4137 cohaereant
1419 4104 1541 4138 cum

458 4158 550 4219 iis,
580 4156 900 4220 quibuscum
926 4155 1215 4206 cohaerere
1241 4156 1539 4208 debebant.

457 4226 707 4288 Κροισος
752 4222 855 4289 μέν
900 4240 1007 4274 νυν
1053 4214 1234 4285 ὁρέων
1277 4240 1328 4273 κ.
1378 4240 1424 4274 τ.
1462 4225 1539 4288 2.;

457 4310 597 4361 quae
644 4295 765 4360 ipsa
814 4295 940 4344 dum
999 4294 1273 4345 scribebat
1329 4299 1540 4359 auctor,

456 4379 640 4415 eorum
677 4363 836 4415 modo
867 4365 1212 4426 meminerat,
1249 4379 1388 4431 quae
1421 4381 1542 4430 pro-

453 4435 598 4486 xime
616 4433 1032 4500 antecedebant,
1055 4434 1283 4487 inducta
1300 4449 1396 4501 per
1416 4450 1539 4502 par·

1657 1300 1881 1351 ticulam
1927 1290 2053 1366 γάρ.
2121 1300 2273 1351 Solet
2316 1303 2459 1352 enim
2492 1302 2745 1354 'causalis

1658 1372 1932 1421 sententia
1965 1371 2032 1432 ei,
2072 1371 2226 1422 cuius
2258 1388 2482 1423 causam
2512 1374 2745 1438 comple·

1659 1442 1853 1503 ctitur‚
1901 1441 2187 1504 anteponi,
2234 1441 2562 1493 observante
2592 1445 2744 1494 Wer-

1658 1512 1773 1562 fero
1820 1512 1876 1560 in
1918 1511 2066 1562 Actt.
2103 1510 2257 1575 phill.
2308 1514 2560 1565 Menace.
2591 1516 2652 1570 Ι.
2691 1515 2741 1564 1.

1657 1597 1781 1647 pag.
1818 1581 1912 1644 79,
1962 1579 2056 1631 ubi
2090 1596 2276 1631 veram
2317 1583 2374 1635 h.
2410 1583 2447 1634 1.
2501 1584 2746 1635 restituit

1658 1651 2083 1702 distinctionem.
2111 1652 2292 1712 Quare
2311 1652 2582 1718 displicet,
2599 1655 2744 1736 quod

1658 1721 1959 1785 Schweigh.
1989 1719 2342 1772 coniiciebat.
2370 1724 2618 1786 Κροισος
2640 1719 2744 1788 μέν

1656 1806 1776 1856 μιν
1811 1791 1935 1856 (pro
1962 1789 2088 1854 νυν)
2124 1780 2305 1854 ὁρέων
2327 1783 2578 1843 ἐπιόντα.
2640 1796 2744 1844 Ne-

1658 1877 1761 1928 que
1802 1860 1908 1910 huc
1953 1860 2249 1939 quidquam
2293 1862 2430 1912 facit
2465 1865 2740 1914 Saneroft.

1654 1931 1779 1981 libri
1815 1930 1977 1980 lectio
2014 1922 2118 1992 μέν
2155 1946 2274 1992 νιν,
2313 1933 2513 1999 quippe
2544 1949 2610 1984 ex
2640 1929 2743 1998 μέν

1658 2016 1764 2050 νυν
1797 2005 1938 2051 orta.
2011 1999 2169 2050 Conf.
2196 2002 2270 2063 11,
2307 2003 2393 2052 42.

1724 2061 2105 2151 ᾇλλογνιύσας]
2146 2072 2386 2136 Hesyeh.
2432 2073 2477 2122 1.
2534 2088 2590 2136 p.
2637 2074 2739 2122 242

1655 2141 1879 2206 exponit
1922 2129 2235 2219 ἀγνοήσας,
2280 2142 2376 2191 ubi
2422 2142 2535 2193 vid.
2575 2143 2741 2191 inter-

1656 2216 1820 2275 prett.
1870 2240 1941 2250 —-
1991 2199 2083 2274 ἥϊε
2141 2242 2214 2250 -
2256 2201 2334 2268 ὥς
2382 2202 2742 2260 ἀποκτενέων

1653 2281 1801 2331 haud
1835 2279 2271 2336 confundendum
2318 2297 2439 2332 cum
2473 2283 2741 2332 eiusmodi

1652 2350 2050 2433 locutionibus,
2103 2349 2291 2414 quales
2329 2353 2744 2413 v.c.1‚122·

1654 2412 1745 2485 ἤϊε
1782 2412 1998 2483 ταύτην
2035 2415 2259 2469 αἰνέων.
2310 2422 2450 2471 Nam
2478 2421 2582 2471 hoc
2616 2420 2739 2472 loco

1654 2491 1878 2541 verbum
1916 2485 2062 2538 ἰέναι
2099 2505 2252 2540 suam
2289 2491 2490 2541 retinet
2522 2491 2649 2543 vim.
2667 2521 2739 2531 —

1650 2561 1737 2611 Ad
1770 2550 1885 2609 ὑπὸ
1911 2589 1983 2599 —-
2009 2556 2307 2623 συμφορῆς
2350 2559 2504 2624 (prae
2538 2563 2738 2612 calami-

1650 2630 1788 2710 tate),
1813 2629 1960 2679 conf.
1996 2634 2134 2680 nott.
2173 2629 2243 2679 ad
2277 2630 2352 2693 11,
2392 2633 2480 2681 47.

1721 2689 1862 2749 οὐδέ
1894 2714 1946 2747 τι
1982 2691 2043 2747 οῖ
2064 2694 2308 2766 διέφερε]
2341 2701 2379 2751 i.
2407 2717 2454 2751 e.
2482 2716 2573 2751 nec
2592 2701 2737 2766 quid-

1650 2785 1801 2834 quam
1831 2769 1993 2833 ipsius
2027 2771 2289 2821 intererat.
2362 2770 2579 2821 Laudat
2606 2773 2738 2821 Lar-

1650 2839 1842 2890 cherus
1888 2837 2117 2889 similem
2159 2839 2338 2889 locum
2380 2841 2734 2891 Demostheu.

1650 2926 1745 2974 pro
1766 2908 1963 2958 Coron.
1986 2924 2038 2972 p.
2068 2908 2337 2959 520A.-
2357 2911 2485 2960 Mox
2509 2902 2734 2959 ἀποθα-

1652 2975 1820 3040 νέειν,
1845 2978 1991 3043 quod
2008 2979 2136 3029 eth.
2156 2978 2191 3029 l.
2212 2980 2406 3042 etVII,
2427 2980 2531 3030 229
2551 2996 2735 3031 omnes

1648 3048 1853 3098 babent
1866 3047 1993 3097 libri
2006 3048 2212 3112 scripti,
2226 3050 2281 3098 in
2292 3017 2738 3101 ἄποθανεινιιιιι-

1648 3117 1874 3167 tandum
1893 3119 2363 3169 auctoreBredov.
2376 3135 2428 3184 p.
2440 3119 2559 3182 327,
2589 3122 2736 3185 equi-

1649 3187 1769 3239 dem
1802 3188 2149 3238 immutatum
2182 3187 2405 3254 reliqui,
2444 3205 2564 3241 cum
2591 3190 2735 3241 haud

1648 3273 1827 3322 pauca
1856 3257 1965 3307 sint
1994 3258 2199 3307 formae
2233 3258 2448 3309 solutae
2471 3260 2732 3324 exempla,

1650 3342 1789 3392 quae
1812 3327 2149 3377 Herodotum
2179 3333 2413 3393 utraque
2449 3330 2642 3392 forma,
2678 3335 2734 3380 et

1649 3396 1832 3447 soluta
1865 3401 1919 3446 et
1953 3401 2265 3460 contracta,
2304 3413 2463 3449 usum
2502 3415 2622 3450 esse
2657 3400 2734 3450 in-

1649 3466 1854 3517 dicant.
1922 3466 2075 3527 Quae
2101 3471 2417 3531 sequuntur,
2456 3470 2734 3534 partimin

1647 3535 2021 3601 quaestionem
2077 3542 2277 3587 vocata
2328 3543 2457 3587 sunt
2516 3539 2584 3588 ab
2643 3539 2731 3601 iis,

1647 3606 1740 3671 qui
1776 3606 1911 3655 haec
1949 3621 2070 3655 cum
2108 3605 2243 3669 illis,
2296 3623 2438 3672 quae
2483 3624 2647 3673 supra
2684 3609 2731 3671 1,

1647 3675 1731 3726 34.
1783 3676 1852 3726 38
1898 3680 2120 3725 narrata
2166 3680 2319 3739 sunt,
2371 3678 2546 3729 minus
2593 3679 2734 3728 bene

1644 3746 1936 3795 convenire
1967 3746 2268 3796 crederent.
2315 3748 2400 3797 De
2430 3747 2624 3814 quibus
2652 3754 2733 3797 ta·

1644 3830 1765 3865 cere
1825 3830 1888 3864 eo
1948 3816 2121 3880 magis
2178 3821 2447 3880 praestat,
2506 3832 2613 3881 quo
2656 3817 2730 3878 id,

1644 3884 1791 3948 quod
1841 3885 2153 3935 Herodotus
2208 3885 2402 3946 tradit,
2465 3902 2500 3935 a
2556 3903 2731 3937 rerum

1643 3959 1844 4003 natura
1888 3955 2102 4004 minime
2150 3955 2423 4005 abhorret.
2495 3956 2609 4006 Nec
2648 3957 2733 4005 fu-

1646 4023 1728 4087 git
1770 4024 1933 4073 etiam
1980 4024 2297 4074 Ciceronem
2345 4024 2412 4075 de
2451 4024 2636 4074 Divin.
2684 4026 2731 4087 Ι,

1647 4092 1715 4142 53
1752 4109 1818 4142 ac
1856 4093 2085 4144 Gellium
2114 4094 2182 4145 N.
2204 4095 2268 4145 A.
2299 4095 2366 4156 V,
2402 4093 2454 4154 9,
2492 4095 2586 4160 qui
2606 4095 2735 4145 huic

1646 4177 1713 4212 ex
1748 4163 2016 4213 Herodoti
2057 4164 2302 4214 historiis
2355 4168 2567 4214 sumtae
2611 4180 2737 4231 nar3

1645 4232 1845 4282 rationi
1882 4233 2045 4283 aliam
2082 4233 2313 4285 similem
2353 4233 2508 4284 addit
2542 4233 2610 4284 de
2635 4234 2732 4284 Sa·

1643 4302 1751 4351 mio
1795 4301 2032 4365 athleta,
2091 4304 2185 4368 qni
2242 4319 2364 4353 cum
2411 4308 2574 4353 antea
2620 4319 2731 4353 non

1639 4369 1869 4435 loquens
1896 4371 2116 4434 fuisset,
2159 4373 2227 4423 ob
2253 4371 2480 4422 similem
2506 4388 2731 4423 causam

1639 4439 1790 4505 loqui
1835 4441 2093 4508 coeperit.
2164 4443 2304 4494 Nam
2340 4442 2507 4493 Plinii
2548 4442 2728 4493 locum
