3109 5092
509 323 631 385 558

1376 321 1913 384 HERODOTI

504 501 642 567 πέει
680 496 826 586 ἐμοὶ
857 491 899 585 ἡ
939 493 1113 586 γυνὴ
1149 493 1320 584 αὕτη
1341 500 1463 622 τῆξ·
1490 500 1625 565 νῦν
1646 491 2000 582 Ἑλλάδος,
2057 498 2386 587 πρότερον
2414 496 2487 566 δὲ
2513 505 2791 566 Πελασ-

505 608 655 689 γίης
691 602 1106 688 καλευμένης
1133 605 1248 689 τῆς
1275 596 1479 686 αὐτῆς
1505 596 1752 687 ταύτης
1772 652 1790 686 ,
1824 605 2174 689 πρηθῆναι
2210 604 2278 680 ἐς
2306 599 2790 689 Θεσπρωτούς·

506 710 736 774 ἔπειτα
780 702 1197 772 δουλεύουσα
1241 701 1488 772 αὐτόθι
1539 702 1948 790 ἱδρύσασθαι
1997 699 2133 772 ὑπὸ
2188 708 2387 797 φηγῷ
2435 710 2794 792 πεφυκυΐῃ

506 805 672 887 Διὸς
714 806 895 896 ἱρόν,
949 803 1175 895 ὥσπερ
1211 798 1300 896 ἦν
1337 802 1519 887 οἰκὸς
1561 802 2162 895 ἀμφιπολεύουσαν
2218 810 2296 878 ἐν
2335 806 2598 896 Θήβῃσι
2639 803 2797 896 ἱρὸν

576 970 879 1038 πρῇῆναι
933 962 990 1031 ἐς
1042 963 1447 1038 Θεσπρωτούς]
1513 971 1598 1021 De

516 1042 810 1106 Thespi-otis
847 1042 961 1093 vid.
995 1047 1133 1093 nott.
1161 1042 1232 1092 ad
1253 1042 1319 1104 V,
1347 1041 1436 1091 92.
1464 1043 1515 1104 §-
1543 1043 1594 1091 7.

509 1112 674 1175 Satis,
712 1113 920 1177 opinor,
958 1112 1306 1162 manifestum
1343 1117 1454 1174 est,
1488 1112 1598 1160 He-

508 1182 758 1232 rodotum
796 1197 960 1231 unam
995 1187 1209 1231 tantum
1243 1181 1465 1231 novisse
1487 1180 1598 1230 Do-

510 1252 708 1302 donam
732 1250 1148 1316 Thesproticam
1180 1265 1452 1315 unumque
1479 1265 1598 1299 ora-

510 1321 689 1371 culum
741 1320 1099 1371 Dodonaeum
1159 1321 1218 1369 in
1269 1319 1597 1385 Thesprotia

511 1390 805 1439 conditum.
845 1390 985 1440 Sunt
1008 1391 1166 1452 enim,
1192 1389 1282 1455 qui
1314 1394 1597 1453 praeterea

511 1459 884 1510 Thessalicam
900 1459 1186 1510 Dodonam
1213 1459 1383 1508 fuisse
1410 1458 1597 1508 existi-

511 1534 692 1592 ment,
731 1544 891 1594 quam
921 1528 1125 1579 nullam
1159 1543 1396 1593 unquam
1434 1529 1598 1578 exsti—

514 1599 647 1648 tisse
689 1607 835 1648 nune
882 1600 1020 1649 satis
1072 1603 1278 1648 certum
1312 1597 1594 1647 habemus.

512 1667 637 1719 Vid.
677 1668 918 1719 Lasaulx
956 1683 1082 1734 pag.
1122 1670 1155 1719 5
1192 1665 1269 1732 (p.
1301 1667 1455 1750 291),
1504 1667 1598 1731 qui

512 1739 676 1788 etiam
726 1739 911 1802 varia,
967 1753 1107 1803 quae
1160 1736 1227 1787 de
1282 1737 1491 1814 origine
1543 1741 1597 1786 et

513 1805 912 1873 significatione
951 1809 1103 1858 vocis
1126 1798 1384 1870 Δωδώνη
1421 1811 1474 1855 et
1508 1822 1599 1856 ve·

513 1883 656 1928 teres
686 1883 741 1928 et
768 1878 1097 1929 recentiores
1125 1875 1441 1937 attulerunt,
1470 1881 1599 1941 apte

513 1947 762 1997 exhibuit
797 1949 1083 2013 ipsumque
1117 1947 1320 1997 Sacrae
1360 1947 1601 2009 Scriptu-

515 2033 609 2067 rae
662 2017 839 2067 locum
888 2020 947 2068 in
994 2018 1189 2068 Geues.
1243 2017 1319 2078 X,
1369 2019 1421 2065 4.
1486 2013 1603 2078 (ubi

512 2087 782 2151 Dodanim)
820 2086 889 2136 ad
927 2087 1067 2136 hanc
1095 2085 1382 2136 Dodonam
1416 2083 1603 2133 retulit

515 2171 570 2219 p.
595 2157 648 2206 4.
679 2155 795 2204 sive
818 2171 872 2219 p.
900 2156 1021 2216 291,
1052 2155 1212 2205 aliter
1236 2154 1600 2204 sentientibus

516 2224 675 2273 huius
712 2222 817 2273 loci
842 2225 1165 2288 nuperrimis
1195 2223 1602 2288 interpretibus,

517 2293 610 2358 qui
647 2292 735 2342 vel
775 2294 843 2343 de
875 2292 1066 2342 Rhodo
1101 2292 1188 2342 vel
1224 2293 1291 2342 de
1320 2291 1603 2341 Dardania

517 2363 634 2412 sive
671 2362 911 2412 Troiana
943 2368 1087 2412 terra
1124 2361 1214 2411 hic
1251 2362 1602 2426 cogitandum

519 2447 640 2482 esse
673 2431 1052 2497 pronuntiant3
1103 2431 1174 2482 cf.
1212 2431 1451 2482 Knobel:
1498 2431 1604 2480 Die

516 2501 859 2554 Vfilkertasel
896 2501 991 2552 der
1025 2502 1252 2552 Genesis
1282 2516 1332 2566 p.
1363 2501 1461 2551 105
1482 2516 1598 2566 seq.

516 2567 718 2623 Attulit
753 2587 964 2637 quoque
997 2580 1240 2622 veterum
1276 2571 1602 2635 scriptorum

519 2642 586 2692 de
621 2642 852 2692 Dodona
892 2642 1041 2692 locos
1079 2641 1344 2707 Forbiger
1378 2640 1601 2691 Handb.

520 2712 573 2761 d.
613 2712 711 2763 alt.
741 2713 937 2776 Geogr.
977 2712 1083 2762 111.
1123 2727 1174 2776 p.
1210 2710 1341 2771 8803
1381 2711 1448 2760 de
1482 2710 1603 2774 ipso

518 2782 630 2831 situ
689 2781 1002 2845 disquisivit
1066 2781 1409 2846 potissimum
1461 2781 1597 2829 Pou-

519 2850 757 2915 queville
801 2850 1065 2915 (Voyage.
1115 2852 1182 2901 T.
1218 2852 1266 2901 Ι.
1305 2849 1464 2913 chap.
1499 2849 1600 2900 XI.

519 2934 574 2983 p.
599 2919 670 2968 94
693 2919 866 2984 seq.),
902 2920 997 2983 qui
1031 2918 1295 2969 Sellorum
1330 2919 1487 2969 sedes
1523 2918 1605 2967 fa-

519 3002 753 3052 numque
807 3003 916 3036 non
966 2987 1191 3038 multum
1237 2987 1482 3037 abfuisse
1530 2987 1601 3036 ab

519 3071 587 3105 ea
621 3055 751 3106 urbe
785 3057 1006 3118 statuit,
1064 3071 1204 3120 quae
1236 3072 1380 3106 nunc
1412 3058 1604 3106 Janina

521 3125 746 3185 dicitnr3
786 3126 1008 3189 reperiri
1044 3125 1229 3175 ruinas
1266 3141 1433 3191 prope
1469 3127 1604 3177 Gar-

521 3194 658 3253 duci,-
693 3193 977 3246 Dodonam
1014 3195 1190 3259 ipsam
1225 3210 1289 3246 eo
1322 3194 1442 3245 leco
1478 3210 1606 3246 con-

521 3269 784 3316 structam
825 3264 1000 3315 videri
1056 3265 1256 3327 fuisse,
1310 3264 1407 3314 ubi
1459 3279 1604 3315 nunc

521 3336 787 3386 Castrizza
823 3350 921 3385 arx
953 3335 1284 3400 conspicitur
1300 3371 1314 3397 ‚
1347 3338 1605 3385 montem-

520 3420 627 3525 ³¹¹¹?
649 3406 1155 3540 .⁶.¹:.¹3;11.2¹¹¹..2255
1157 3420 1190 3470 ¹²
1193 3405 1481 3525 ‘riu-1²...
1508 3403 1606 3524 ¹:2³

1153 3511 1166 3537 ⁹

522 3545 635 3595 deri
686 3546 755 3596 ab
805 3544 1045 3609 antiquis
1089 3544 1264 3609 poetis
1319 3547 1606 3608 tantopere

521 3615 873 3666 celebratum.
963 3614 1097 3664 Cum
1158 3613 1245 3663 his
1305 3614 1420 3664 fere
1478 3628 1603 3663 con-

520 3686 791 3748 sentiunt,
843 3699 984 3751 quae
1027 3683 1124 3734 alii
1167 3685 1604 3749 peregrinatores

520 3755 861 3817 invenerunt,
898 3752 1153 3814 Helland,
1192 3752 1492 3804 Hobhouse
1526 3756 1607 3802 at·

521 3839 626 3888 que
659 3825 903 3889 inprimis
926 3824 1114 3874 Leake
1136 3822 1363 3873 Travels
1390 3822 1448 3872 in
1471 3823 1607 3872 Nor·

521 3892 678 3942 thern
703 3894 906 3945 Greece
937 3893 1035 3944 lv.
1063 3910 1117 3957 p.
1150 3891 1418 3943 168—201
1436 3927 1450 3954 ,
1494 3906 1604 3942 uno

521 3966 749 4026 excepto
771 3961 1054 4024 Howkins,
1094 3962 1186 4026 qui
1205 3961 1490 4012 Dodonam
1512 3976 1604 4010 ve-

521 4036 691 4080 terem
757 4033 905 4080 circa
964 4030 1367 4095 Paramythiam
1432 4029 1604 4080 fuisse

520 4099 663 4150 falso
700 4100 912 4150 statuit.
984 4098 1110 4149 Vid.
1138 4099 1344 4150 Ameth
1371 4099 1408 4150 l.
1439 4113 1603 4163 supra

518 4167 558 4219 l.
596 4181 723 4234 pag.
767 4169 829 4218 12
877 4171 932 4217 et
966 4167 1453 4233 Sitzungsbericht.
1506 4167 1605 4218 der

520 4238 576 4288 k.
628 4237 686 4288 k.
731 4236 994 4288 Akadem.
1042 4234 1095 4286 d.
1143 4237 1482 4288 wissensch.
1536 4253 1603 4287 zu

518 4307 680 4358 Wien
727 4307 881 4359 1850.
935 4306 1145 4357 Hister.
1188 4306 1376 4371 philol.
1424 4305 1601 4358 Class.

519 4375 597 4429 11.
646 4391 698 4443 p.
742 4375 841 4428 129
879 4388 1063 4442 seqq.,
1109 4376 1204 4442 qui
1240 4374 1308 4426 de
1336 4375 1604 4426 Dodonae

1699 972 1848 1022 urbis
1878 974 2017 1036 situ,
2057 990 2224 1039 prope
2260 973 2465 1036 locum,
2516 973 2606 1038 qui
2643 987 2794 1022 nunc

1700 1042 1982 1093 Castrizsa
2002 1043 2219 1107 dieitur,
2247 1043 2486 1093 dubitari
2508 1042 2603 1091 vix
2624 1056 2795 1107 posse

1699 1112 1915 1173 scribit;
1954 1118 2016 1163 ut
2050 1114 2187 1164 adeo
2227 1114 2295 1163 de
2330 1128 2440 1164 uno
2468 1111 2620 1162 Iovis
2654 1116 2795 1161 tem-

1697 1180 1789 1246 plo
1828 1183 2192 1247 quaerendum
2239 1185 2340 1245 sit,
2388 1181 2530 1247 quod
2576 1181 2695 1246 ipse
2729 1181 2796 1230 in

1698 1257 1883 1300 monte
1930 1253 2097 1302 situm
2140 1257 2330 1318 putat,
2380 1251 2565 1301 Leake
2612 1251 2668 1300 in
2703 1251 2795 1300 Ia-

1698 1321 1862 1370 ninae
1899 1336 2024 1372 arce
2042 1359 2056 1385 ‚
2102 1337 2243 1387 quae
2287 1322 2450 1372 unius
2496 1320 2665 1370 horae
2701 1321 2798 1369 iti-

1698 1405 1828 1439 nere
1855 1390 2025 1441 distat
2054 1407 2087 1441 a
2106 1392 2404 1453 Castrima,
2434 1390 2795 1455 Pouqueville

1699 1459 1758 1508 in
1794 1458 1931 1510 colle
1969 1459 2228 1524 Gardiki,
2287 1461 2380 1525 qui
2426 1460 2600 1510 tribus
2639 1459 2793 1509 horis

1700 1528 1873 1580 distat
1925 1545 1959 1579 a
2011 1530 2293 1580 Castrizsa
2350 1533 2518 1594 atque
2575 1528 2795 1579 duabus

1698 1598 1850 1648 horis
1897 1600 2322 1664 septentrionem
2358 1614 2548 1649 versus
2594 1598 2664 1648 ab
2704 1598 2797 1648 Ia-

1697 1669 1856 1718 nina:
1894 1684 2056 1734 quam
2092 1668 2234 1720 Galli
2270 1668 2420 1719 docti
2460 1667 2795 1718 sententiam

1698 1737 1892 1788 reiecit
1927 1738 2112 1789 Leake
2158 1741 2393 1803 itemque
2426 1753 2598 1802 nuper
2632 1737 2681 1788 1.
2722 1737 2793 1788 G.

1697 1822 1806 1856 von
1829 1807 1994 1856 Hahn
2031 1806 2446 1872 (Albanesische
2465 1806 2697 1857 Studien
2733 1822 2793 1870 p.

1700 1877 1769 1927 26
1806 1876 1929 1928 coll.
1969 1877 2086 1943 51),
2133 1877 2226 1942 qui
2260 1878 2380 1941 ipse
2416 1892 2539 1926 cum
2574 1875 2674 1926 has
2707 1891 2795 1925 re-

1701 1945 1890 2011 giones
1937 1947 2297 2011 perlustraret
2343 1961 2630 2010 secumque
2668 1959 2793 1994 sae-

1700 2016 1824 2079 pius
1889 2014 2032 2066 hanc
2093 2032 2206 2066 rem
2270 2016 2453 2066 animo
2530 2016 2791 2080 agitaret,

1702 2090 1897 2149 sponte
1945 2101 2004 2135 se
2038 2085 2296 2135 incidisse
2341 2085 2423 2134 ait
2458 2086 2514 2134 in
2552 2100 2644 2135 eas
2680 2085 2794 2134 rui-

1701 2168 1829 2216 nas,
1873 2169 2010 2218 quae
2045 2160 2278 2220 quatuor
2317 2154 2571 2205 horarum
2606 2155 2793 2219 spatio

1704 2223 1981 2273 meridiem
2017 2230 2073 2273 et
2104 2239 2356 2275 occasum
2392 2239 2581 2274 versus
2619 2238 2654 2274 a
2689 2224 2794 2273 Ca-

1705 2293 1907 2343 strizza
1938 2293 2009 2343 ad
2036 2293 2274 2344 radicem
2305 2294 2505 2343 montis
2534 2293 2795 2358 Olytsika

1705 2364 1846 2412 sitae
1865 2363 2040 2413 adhuc
2067 2368 2360 2414 cernuntur
2378 2365 2545 2428 atque
2563 2363 2635 2412 ad
2659 2368 2795 2412 tem-

1702 2432 1851 2496 plum
1900 2432 2171 2497 quoddam
2228 2433 2558 2497 pertinuisse
2606 2432 2795 2482 viden-

1703 2507 1819 2560 tur3
1859 2502 1964 2566 ipsi
1986 2500 2107 2552 loco
2134 2517 2331 2554 nomen
2352 2500 2791 2565 Dramiselijolis.

1702 2571 1971 2636 Equidem
1991 2572 2125 2622 haec
2153 2571 2410 2622 attulisse
2431 2573 2568 2621 satis
2596 2572 2793 2635 habeo,

1704 2640 2051 2705 peritioribus
2076 2641 2447 2692 diiudicanda.
2500 2641 2585 2691 De
2608 2646 2792 2706 etymo

1704 2710 1857 2760 vocis
1905 2711 2152 2762 Dodonae
2188 2711 2299 2761 vid.
2341 2710 2512 2761 allata
2548 2712 2619 2761 ab
2654 2712 2790 2762 Ern.

1705 2794 1740 2829 a
1767 2779 2006 2830 Lasaulx
2044 2779 2324 2858 1.1.·pag·.
2363 2779 2484 2831 290.

1771 2843 1965 2899 ἔπειτα
1995 2841 2350 2899 δουλεύουσα
2370 2878 2443 2889 --
2468 2842 2610 2906 Διὸς
2636 2841 2787 2914 ἵρόν]

1666 2918 1989 2985 -Intelligas
2048 2934 2115 2969 ex
2163 2918 2635 2970 antecedentibus·
2692 2915 2794 2968 δο-

1703 2984 1818 3036 κέει
1852 2980 1977 3052 ἐμοὶ
2011 2979 2049 3052 ἡ
2082 2980 2229 3053 γυνὴ
2266 2978 2430 3052 αὕτη.
2483 2987 2659 3038 Multa
2686 2988 2795 3039 hoc

1702 3056 1825 3107 loco
1863 3063 1919 3108 et
1966 3059 2023 3107 in
2058 3073 2213 3124 seqq.
2250 3061 2459 3108 mutare
2503 3058 2795 3107 voluerunt

1704 3126 1969 3178 Valcken.
2008 3129 2064 3177 et
2098 3127 2383 3188 Reiskius3
2434 3141 2572 3193 quae
2606 3132 2793 3177 tamen

1707 3210 1773 3245 ea
1819 3202 1975 3260 sunt,
2025 3202 2118 3260 ut,
2169 3212 2265 3247 cnr
2314 3198 2396 3247 ita
2446 3198 2647 3247 mutari
2701 3196 2798 3246 de-

1703 3265 1901 3329 beant,
1938 3264 2086 3316 nulla
2122 3271 2386 3332 appareat
2418 3267 2567 3316 iusta
2603 3280 2792 3317 causa.

1704 3335 1894 3401 Neque
1923 3339 2051 3387 ante
2072 3333 2365 3401 πεφυκυΐη
2398 3335 2702 3387 addendum
2729 3323 2795 3384 εὖ

1705 3404 1794 3454 vel
1836 3396 1974 3468 ἐκεῖ,
2027 3410 2091 3456 ιιι
2130 3404 2211 3454 illi
2260 3404 2505 3455 additum
2550 3405 2795 3468 voluere,

1706 3473 1899 3526 offensi
1955 3474 2167 3525 scilicet
2233 3475 2550 3539 simpliciter
2609 3475 2794 3539 posito

1704 3544 1872 3595 verbo
1895 3540 2203 3610 πεφυπυΐῃ,
2242 3544 2384 3608 quod
2408 3544 2550 3595 hanc
2573 3546 2641 3595 ob
2664 3558 2796 3594 cau-

1704 3628 1822 3663 sam
1857 3612 2123 3664 adiecisse
2155 3613 2372 3664 videtur
2411 3615 2632 3676 Noster,
2684 3628 2793 3680 quo

1706 3683 1958 3734 arborem
2002 3697 2186 3733 veram
2229 3682 2498 3734 indicaret
2543 3688 2596 3733 et
2631 3688 2794 3732 natu—

1705 3750 1901 3816 ralem,
1940 3767 2060 3803 cum
2101 3752 2212 3802 alia
2245 3752 2405 3803 aliter
2440 3752 2545 3803 hac
2578 3753 2635 3801 in
2669 3766 2795 3801 nar-

1705 3822 1917 3872 ratione
1946 3826 2130 3872 essent
2157 3822 2497 3887 accipienda.
2551 3823 2795 3874 Vocatur

1704 3889 1905 3942 haecce
1953 3891 2115 3941 arbor
2164 3891 2309 3971 apud
2361 3896 2574 3942 veteres
2629 3890 2793 3941 modo

1707 3957 1879 4024 δρῦς,
1928 3960 2087 4011 modo
2124 3951 2338 4024 φηγὸς,
2387 3953 2575 4025 φηγὸς
2610 3965 2794 4011 autem

1707 4030 1799 4079 vix
1828 4034 1977 4080 reete
1995 4028 2323 4095 intelligitur
2340 4031 2514 4095 sagus,
2551 4045 2672 4081 eum
2700 4045 2794 4094 po·

1705 4100 1814 4148 tius
1852 4114 2064 4165 quercus
2078 4102 2276 4150 εεσιιῑιιε
2311 4100 2384 4149 sit
2419 4098 2524 4162 vel,
2560 4103 2624 4149 ut
2648 4098 2793 4149 Link

1705 4170 1899 4219 statuit
1932 4166 2055 4233 ³(die
2080 4168 2289 4219 Urwelt
2323 4184 2379 4218 ιι.
2418 4168 2518 4218 das
2554 4167 2790 4219 Altertb.

1706 4237 1753 4287 Ι.
1779 4252 1834 4302 p.
1863 4235 1960 4288 361
1990 4236 2132 4303 seq.)
2169 4253 2383 4302 quercus
2419 4241 2664 4303 aegilops,
2699 4252 2793 4287 cu-

1707 4307 1791 4356 ius
1823 4307 2033 4357 fructus
2060 4311 2115 4357 et
2148 4307 2237 4356 edi
2264 4311 2498 4371 possunt
2521 4310 2577 4358 et
2600 4320 2793 4356 revera

1703 4373 1951 4442 Pelasgis
1982 4375 2227 4440 rudibus,
2262 4376 2356 4441 qui
2381 4374 2505 4426 illas
2538 4375 2792 4441 regiones
