3109 5092
1162 353 1661 414 EUTERPE.
1706 353 1790 413 Π.
1831 361 1919 416 68.

2555 353 2680 416 583

404 525 702 615 γνάθον,
762 520 935 595 ἀλλὰ
985 525 1100 595 καὶ
1150 529 1348 596 τοῦτο
1410 528 1671 614 μοῦνον
1726 533 1997 617 θηρίων
2047 524 2172 619 τὴν
2226 525 2369 599 ἅνω
2422 527 2685 616 γνάθον

403 627 748 719 προσάγει·
770 634 852 718 τῇ
888 627 1090 698 κάτω.

1197 636 1332 718 ἔχει
1367 629 1442 700 δὲ
1484 632 1599 699 καὶ
1637 627 1883 719 ὄνυχας
1917 630 2283 719 καρτεροὺς
2320 633 2433 701 καὶ
2474 635 2684 720 δέρμα

406 730 783 804 λεπιδωτὸν
828 729 1167 821 ἄρρηκτον
1214 734 1325 802 ἐπὶ
1358 737 1483 802 τοῦ
1522 732 1766 805 νότου.
1825 734 2090 824 τυφλὸν
2118 737 2193 806 δὲ
2230 739 2307 805 ἐν
2334 731 2564 822 ὕδατι,
2607 737 2684 805 ἐν

406 837 481 907 δὲ
533 842 616 926 τῇ
651 842 891 926 αἰθρίῃ
934 832 1520 923 ὀξυδερκέστατον.
1607 833 1723 907 ἅτε
1779 836 1863 929 δὴ
1918 830 2017 909 ὦν
2052 842 2128 908 ἐν
2172 835 2371 908 ὕδατι
2415 844 2684 908 δίαιταν

404 940 841 1029 ποιεύμενον,
890 936 966 1008 τὰ
1001 940 1215 1029 στόμα
1252 945 1545 1011 ἔνδοθεν
1589 944 1822 1030 φορέει
1860 946 1996 1013 πᾶν
2033 939 2281 1031 μεστὸν
2314 942 2678 1029 βδελλέων.

473 1129 612 1190 οὐδὲ
656 1130 764 1204 τὴν
810 1130 962 1190 κάτω
1015 1137 1190 1191 κινέει
1235 1136 1486 1210 γνάθον]

399 1211 434 1260 i.
476 1226 524 1261 e.
557 1210 847 1274 inferiorem
879 1212 1137 1262 maxillam
1181 1227 1279 1264 non
1312 1221 1483 1268 movet.

395 1281 550 1330 Haec
584 1295 800 1345 quoque
834 1295 947 1342 res,
984 1280 1055 1331 ab
1074 1281 1367 1333 Aristotele
1385 1281 1488 1333 ali-

395 1350 552 1415 isque
585 1350 847 1416 repetita,
884 1354 1075 1401 nostra
1108 1355 1290 1402 aetate
1326 1351 1486 1403 valde

398 1421 639 1470 exercuit
682 1420 830 1470 viros
876 1419 1099 1480 doctos,
1157 1421 1239 1471 ita
1283 1426 1345 1472 ut
1390 1424 1484 1473 vix

363 1490 704 1553 ‘composita
746 1488 815 1539 lis
864 1504 989 1540 esse
1040 1490 1312 1552 videatur,
1397 1492 1483 1542 Tu

401 1564 581 1609 tamen
626 1559 768 1609 hanc
819 1563 1010 1610 teneas
1059 1560 1488 1624 disputationum

398 1643 692 1679 summam:
736 1628 1048 1679 inferiorem
1083 1630 1343 1681 crocodili
1378 1646 1488 1681 ma-

399 1697 611 1758 xillam,
649 1698 757 1748 nisi
796 1714 1021 1763 prorsus
1065 1698 1356 1751 immobilis
1393 1701 1486 1762 sit,

398 1773 513 1818 tam
549 1769 776 1819 obscure
814 1769 1017 1820 moveri
1059 1784 1161 1819 nec
1205 1768 1366 1834 plane
1416 1769 1486 1821 ad

397 1838 600 1900 latera,
638 1843 700 1888 ut
735 1839 827 1887 vix
858 1837 992 1888 illud
1019 1838 1263 1904 conspici
1289 1840 1483 1905 possit.

396 1906 526 1959 Vid.
562 1907 874 1959 Schneider.
913 1907 951 1958 l.
989 1907 1027 1958 l.
1065 1925 1193 1974 pag.
1221 1910 1290 1960 48
1328 1924 1483 1975 seqq.

397 1982 453 2028 et
487 1978 778 2042 praecipue
816 1977 1170 2029 Tiedemanu.
1207 1978 1245 2029 l.
1282 1979 1318 2030 l.
1357 1994 1484 2044 pag.

397 2046 468 2097 36
503 2061 655 2112 seqq.
729 2047 886 2110 Quod
924 2063 1144 2110 moneo,
1180 2065 1247 2100 ne
1283 2050 1486 2101 iniuria

395 2116 518 2182 quis
563 2116 845 2167 Herodoto
904 2118 1320 2169 obtrectandum
1362 2134 1485 2169 cen·

395 2190 545 2248 seat,
602 2188 696 2251 qui
736 2201 803 2237 ea
853 2202 962 2237 non
1009 2188 1479 2251 animadverterit,

394 2271 536 2320 quae
571 2255 872 2308 doctissimi
910 2262 1129 2308 nostrae
1165 2259 1368 2309 aetatis
1388 2274 1484 2309 na-

393 2330 550 2376 turae
586 2329 919 2378 scrutatores
963 2327 1057 2377 vix
1099 2327 1351 2394 detegere
1389 2345 1500 2395 po-.

394 2399 635 2446 tuerunt.

463 2456 603 2514 ἀλλὰ
632 2459 727 2514 καὶ
763 2462 933 2514 τοῦτο
970 2461 1193 2527 μοῦνον
1227 2463 1479 2530 θηρίων]

393 2536 544 2587 Bene
579 2534 717 2585 haec
741 2534 1045 2586 vindicavit
1070 2534 1372 2600 Schweigh.
1400 2536 1482 2585 sic

391 2606 786 2669 interpretans:
821 2605 918 2655 sed
948 2612 1026 2656 est
1057 2608 1206 2656 etiam
1227 2605 1320 2655 hoc
1339 2621 1483 2654 amem

392 2691 463 2725 ex
479 2674 699 2725 omnibus
717 2675 1031 2735 animalibus,
1060 2676 1198 2739 quod
1219 2679 1325 2724 etc.
1372 2675 1483 2725 Vo-

393 2743 573 2798 luerat
599 2744 742 2795 enim
778 2744 1103 2795 Schaeferus
1146 2743 1213 2794 ad
1254 2744 1481 2809 Gregor.

393 2814 519 2865 Cor.
557 2813 624 2864 de
660 2812 905 2866 dialectt.
943 2829 997 2878 p.
1027 2812 1097 2865 30
1131 2803 1269 2862 ἀλλὰ
1306 2804 1481 2863 κατὰ

392 2881 594 2946 τοῦτο,
634 2899 754 2934 cum
789 2885 1013 2935 Bastius
1046 2880 1217 2932 τοῦτο
1245 2898 1343 2944 pro
1379 2874 1481 2932 διὰ

390 2951 561 3002 τοῦτο
591 2951 827 3018 (idcirco)
854 2954 1173 3019 accepisset.
1238 2953 1478 3013 Quorum

389 3026 640 3074 neutrum
669 3023 845 3074 habeo
883 3038 1087 3074 verum.
1160 3021 1298 3072 Add.
1320 3022 1384 3076 G.
1408 3023 1475 3073 A.

390 3092 545 3144 Koch
573 3092 646 3143 ad
677 3093 935 3145 Antonin.
971 3093 1093 3145 Lib.
1126 3107 1180 3158 p.
1219 3092 1341 3145 119.

461 3166 574 3236 ἔχει
622 3164 686 3220 δὲ
732 3165 828 3220 καὶ
886 3160 1096 3233 ὄνυχας
1145 3160 1475 3235 καρτεροὺς,

391 3235 488 3291 καὶ
521 3236 698 3302 δέρμα
720 3232 1037 3290 λεπιδωτὸν
1069 3230 1360 3303 ἄόᾶηκτον
1382 3229 1478 3290 ἐπὶ

389 3308 495 3360 τοῦ
533 3304 742 3373 νώτου]
786 3300 1102 3359 λεπιδωτὸν
1144 3305 1280 3359 dicit
1323 3326 1476 3374 squa-

387 3387 568 3430 matum
586 3378 804 3444 pellem3
849 3375 1030 3439 δέρμα
1060 3369 1350 3443 ἄρᾇκτον
1369 3379 1479 3430 Pli-

390 3450 515 3500 nius
545 3448 691 3499 haud
727 3447 869 3498 male
910 3447 1116 3499 reddit:
1164 3459 1324 3498 cutem
1360 3464 1477 3498 con-

386 3528 473 3570 tra
503 3535 686 3570 omnem
709 3520 855 3568 ictum
875 3519 1131 3576 invictam,-
1166 3517 1309 3582 quod
1334 3517 1480 3568 idem

388 3589 511 3640 aliis
560 3588 739 3638 verbis
786 3592 1060 3638 testantur
1104 3586 1200 3637 alii
1235 3591 1480 3637 veterum

387 3659 677 3724 sriptores‚
714 3658 938 3709 excitati
973 3673 1007 3707 a
1035 3656 1310 3708 Bocharto
1347 3657 1480 3706 Hie-

387 3729 593 3780 rozoic.
642 3728 709 3791 V,
747 3727 833 3780 17.
884 3745 937 3790 p.
990 3743 1061 3778 m.
1101 3726 1222 3777 785.
1297 3726 1477 3791 Atque

388 3798 578 3849 eadem
612 3799 670 3847 in
703 3796 975 3848 crocodilo
1009 3797 1374 3847 observarunt
1395 3811 1478 3846 re-

389 3868 657 3918 centiores
704 3867 1095 3930 verissimaque
1159 3866 1476 3930 comproba-

388 3942 534 3988 runt.
562 3975 573 3994 ,
582 3936 766 3999 ,Pellis
779 3936 1021 3988 universi
1031 3937 1275 4001 corporis
1283 3950 1475 3985 crassa

389 4010 475 4056 est
510 4010 566 4056 et
599 4007 797 4068 densa,
841 4006 1084 4072 squamis
1129 4005 1351 4055 obserta
1380 4003 1474 4054 du-

389 4076 620 4125 rissimis
665 4076 908 4142 adeoque
953 4073 1044 4126 vel
1103 4088 1357 4138 magnam
1404 4074 1474 4123 ab

392 4146 630 4196 externis
690 4145 900 4196 iniuriis
948 4142 1265 4195 violentiam
1311 4142 1475 4194 facile

389 4214 622 4265 eludit.“
694 4213 1007 4267 Schneider.
1043 4212 1083 4265 l.
1115 4211 1153 4262 l.
1189 4228 1241 4273 p.
1273 4212 1336 4264 15
1357 4227 1475 4280 seq.

388 4284 513 4336 coll.
555 4301 681 4350 pag.
721 4286 809 4337 14.
881 4282 1021 4335 Add.
1060 4280 1315 4346 Gdoffroy
1349 4298 1477 4348 pag.

386 4353 510 4416 381,
570 4354 926 4405 Tiedemann.
979 4369 1035 4416 p.
1072 4351 1159 4404 33.
1200 4367 1351 4417 seqq.

454 4415 676 4487 τυφλὸν
719 4417 784 4472 δὲ
827 4414 889 4472 ἐν
939 4410 1137 4486 ὕδατι,
1194 4413 1255 4471 ἐν
1300 4413 1363 4471 δὲ
1410 4416 1481 4486 τῇ

1590 1139 1802 1208 αἰθρίῃ
1822 1132 2323 1207 ὀξυδερκέστατον]
2353 1142 2476 1194 Hoc
2495 1143 2577 1193 ita
2600 1144 2681 1193 in·

1590 1211 1970 1278 telligeudum,
2003 1216 2065 1263 ut
2103 1211 2406 1263 crocodilus
2445 1213 2500 1262 in
2531 1228 2676 1278 aqua

1589 1284 1764 1335 minus
1800 1281 1938 1332 bene
1983 1282 2170 1333 videre
2206 1287 2495 1333 censeatur
2533 1286 2677 1333 teste

1588 1355 1708 1416 ipso
1772 1351 2067 1402 Aristotele
2135 1349 2304 1414 (Hist.
2365 1352 2545 1403 Anim.
2601 1353 2678 1417 ΙΙ,

1590 1423 1706 1488 10);
1745 1436 1871 1472 nam
1901 1422 2123 1478 iuuere
2146 1421 2679 1487 perspicacissimum

1589 1508 1711 1543 esse
1744 1489 1973 1553 animal,
2011 1492 2156 1542 inter
2191 1505 2378 1542 omnes
2401 1492 2676 1544 convenit.

1590 1562 1713 1613 Vid.
1752 1559 2009 1626 Geoffroy
2042 1577 2097 1626 p.
2132 1559 2263 1624 381,
2320 1561 2677 1613 Tiedemann.

1589 1631 1627 1682 l.
1665 1631 1813 1682 laud.
1857 1645 1982 1694 pag.
2021 1631 2108 1681 29.

1657 1694 1723 1750 τὸ
1779 1697 1958 1754 στόμα
2012 1694 2261 1748 ἔνδοθεν
2315 1694 2512 1762 φορέει
2560 1697 2680 1748 πᾶν

1587 1761 1795 1830 μεστὸν
1843 1765 2140 1833 βδελλέων]
2190 1768 2254 1817 In
2311 1767 2415 1817 hoc
2465 1784 2679 1834 quoque

1585 1840 1707 1891 loco
1749 1838 1979 1889 multum
2031 1837 2298 1889 sudarunt
2354 1837 2459 1886 viri
2508 1837 2677 1900 docti,

1584 1910 1643 1959 in
1679 1924 1743 1959 eo
1767 1908 2055 1958 maximam
2085 1911 2295 1972 partem
2330 1904 2498 1970 lapsi,
2533 1906 2678 1972 quod

1586 1978 1796 2029 bdellas
1844 1975 2213 2042 intelligerent
2250 1976 2511 2026 hirudines
2556 1993 2678 2027 um-

1581 2050 1851 2114 gzaeieuqas,
1882 2062 2023 2112 quae
2045 2046 2263 2097 omnino
2297 2046 2352 2095 in
2380 2045 2490 2096 Nili
2517 2047 2674 2111 aquis

1585 2116 1771 2169 nullae
1799 2119 2167 2182 reperiuntur3
2215 2120 2300 2165 est
2335 2115 2478 2165 enim
2514 2116 2674 2166 intel-

1582 2187 1859 2252 ligendum
1918 2200 2225 2237 muscarum
2273 2199 2468 2250 genus,
2527 2186 2673 2250 quod

1583 2258 1871 2321 plurimum
1906 2272 1972 2306 ac
2002 2255 2227 2306 densum
2264 2255 2318 2304 in
2342 2255 2673 2305 crocodilum

1582 2328 1743 2378 irruit
1787 2328 2047 2392 ipsasque
2078 2325 2266 2376 fauces
2303 2339 2412 2374 non
2450 2324 2676 2376 firmiter

1583 2414 1651 2448 ac
1698 2412 1886 2462 presse
1931 2395 2146 2446 clausas
2194 2397 2447 2460 penetrat
2495 2398 2549 2445 et
2592 2395 2674 2445 in·

1583 2467 1835 2518 teriorem
1870 2464 2147 2516 maxillam
2183 2468 2355 2514 totam
2373 2464 2488 2513 fere
2522 2464 2672 2514 obte-

1584 2537 1688 2600 git.
1760 2535 1967 2597 Quibus
2010 2534 2212 2584 muscis
2262 2533 2507 2599 parvulis
2542 2534 2672 2583 insi-

1587 2605 1744 2656 dians
1781 2603 2043 2654 trochilus
2082 2604 2140 2652 in
2182 2600 2444 2653 crocodili
2482 2602 2672 2653 fauces

1584 2678 1855 2740 permeat,
1896 2674 1989 2737 qui
2021 2673 2211 2722 fauces
2247 2671 2532 2721 clausurus
2558 2687 2674 2721 cor-

1586 2758 1719 2809 pore
1758 2746 1888 2792 ante
1919 2744 2064 2792 moto
2109 2740 2214 2791 hoc
2265 2740 2495 2791 trochilo
2531 2740 2671 2790 indi-

1582 2818 1700 2873 cat,
1743 2812 1837 2876 qui
1872 2812 1981 2861 iam
2016 2810 2222 2860 avolat.
2295 2809 2472 2862 Simili
2508 2810 2668 2861 modo

1580 2883 1639 2933 in
1661 2881 1853 2932 Indiae
1876 2880 2319 2946 septentrionaIIs
2347 2879 2526 2930 insula
2555 2895 2672 2930 cro-

1581 2951 1815 3002 codilum
1843 2951 1912 3000 ab
1936 2966 2038 3001 ave
2066 2948 2295 3015 parvula
2309 2949 2529 3000 liberari
2556 2965 2667 3000 mu-

1578 3023 1687 3073 scis
1723 3025 1968 3072 narrant.
2041 3019 2249 3081 Quodsi
2290 3019 2461 3085 igitur
2494 3021 2670 3070 Hero-

1581 3091 1744 3143 dotus
1772 3090 2066 3157 quidquam
2114 3088 2301 3155 lapsus
2347 3094 2460 3152 est,
2507 3090 2565 3139 in
2603 3105 2666 3141 eo

1579 3165 1792 3214 tantum
1811 3175 2045 3212 errorem
2081 3160 2416 3210 commisisse
2434 3159 2668 3222 videtur,

1583 3230 1754 3297 quod,
1791 3247 1913 3281 cum
1949 3244 2164 3280 muscas
2200 3245 2248 3279 s.
2300 3245 2534 3295 conopes
2585 3229 2669 3279 di-

1580 3317 1701 3351 cere
1741 3304 2046 3365 oporteret,
2090 3299 2288 3348 bdellas
2321 3298 2488 3359 dixit,
2527 3313 2668 3362 quae

1578 3371 1836 3421 hirudines
1860 3368 2026 3434 vulgo
2051 3368 2299 3418 audiunt.
2344 3366 2471 3416 Vid.
2505 3364 2668 3416 Geor-

1583 3440 1708 3503 froy
1745 3435 1782 3488 l.
1820 3436 1858 3487 1.
1901 3453 2030 3502 pag.
2081 3437 2185 3488 382
2220 3450 2335 3499 seq.
2385 3439 2439 3484 et
2484 3434 2669 3485 Iahnii

1582 3507 1801 3559 Annall.
1845 3505 2031 3570 philol.
2061 3509 2117 3554 et
2153 3503 2385 3569 paedag.
2415 3502 2664 3568 (1828)1,

1582 3578 1634 3629 3.
1682 3589 1809 3641 pag.
1858 3575 1980 3627 365.
2055 3571 2369 3623 Trochilum
2411 3587 2542 3622 vero
2588 3570 2668 3621 di-

1580 3650 1711 3696 cunt
1733 3659 1854 3695 esse
1874 3643 2201 3693 charadrium
2227 3641 2527 3706 Aeyyptium
2550 3641 2667 3691 sive

1575 3730 1795 3779 saq-saq
1842 3711 2111 3778 (tak-tak)
2152 3710 2389 3762 Arabum
2432 3710 2664 3773 nomine,

1578 3785 1913 3849 frequentem
1952 3780 2105 3831 illum
2134 3781 2189 3829 in
2219 3779 2305 3829 his
2330 3779 2663 3845 regionibus.

1574 3853 1700 3905 Vid.
1754 3849 2009 3915 Geoffroy
2066 3850 2106 3902 l.
2172 3847 2209 3901 l.
2270 3864 2396 3915 pag.
2453 3848 2555 3899 384
2610 3854 2666 3900 et

1576 3921 1833 3974 Minutoli
1876 3921 1914 3971 l.
1962 3920 2000 3970 1.
2044 3935 2171 3986 pag.
2212 3919 2313 3972 162
2358 3934 2533 3984 seqq„
2572 3920 2665 3985 qui

1578 3992 1797 4057 saepius
1845 4006 1904 4042 se
1950 3990 2092 4041 hanc
2135 4005 2290 4040 avem
2342 3988 2549 4040 vidisse
2584 3990 2665 4039 af-

1576 4063 1780 4122 firmat;
1843 4076 1984 4127 quae
2035 4076 2153 4110 cum
2212 4058 2467 4125 frequens
2519 4060 2667 4112 circa

1577 4129 1907 4184 crocodilum
1952 4130 2009 4180 in
2053 4145 2223 4180 arena
2266 4130 2537 4181 iacentem
2585 4132 2665 4181 in-

1577 4203 1832 4253 veniatur
1891 4203 2119 4267 ipsaque
2172 4215 2307 4252 voce
2371 4215 2500 4264 sua,
2568 4201 2664 4252 ho-

1579 4270 1817 4324 minibus
1878 4270 2473 4337 appropinquantibus,
2548 4287 2664 4323 cro-

1581 4340 1758 4394 codilo
1793 4340 1851 4391 id
1896 4341 2054 4406 quasi
2099 4339 2369 4403 declaret,
2413 4337 2540 4389 inde
2585 4341 2665 4390 fa·

1578 4410 1763 4464 hulam
1772 4410 2141 4462 Herodoteam
2166 4414 2341 4461 ortam
2358 4411 2519 4476 putat
2530 4409 2665 4460 Wil-
