3109 5092
2501 386 2574 433 x1

298 554 515 621 borum
572 549 1129 617 emendandorum
1189 568 1349 613 cura
1399 544 1892 611 subsistendum
1934 563 2079 608 esse
2122 548 2307 606 ratus
2348 560 2574 627 parem

296 692 511 736 curam
568 669 656 734 ad
696 669 1022 736 Herodoti
1073 665 1281 734 verba
1334 673 1511 730 recte
1560 661 1993 748 intelligenda
2007 709 2026 743 ,
2081 660 2168 725 ad
2211 658 2571 724 sententias

299 784 718 855 illustrandas
758 806 1007 876 resque
1059 787 1238 875 ipsas
1283 783 1367 851 ab
1417 783 1757 849 Herodoto
1798 779 2080 846 traditas
2125 776 2571 867 explicandae,

300 909 573 996 denique
614 906 707 972 ad
748 906 943 971 fidem
988 928 1207 972 rerum
1250 904 1645 971 traditarum
1688 901 2003 967 tuendam
2042 920 2119 964 ac
2161 896 2571 987 probandam

294 1029 612 1092 converti:
671 1034 868 1113 atque
926 1025 997 1089 iu
1050 1025 1153 1089 his
1207 1047 1284 1091 eo
1336 1024 1551 1109 magis
1609 1018 2080 1086 elaborandum
2137 1016 2364 1083 censui
2380 1064 2398 1099 ,
2442 1034 2571 1103 quo

295 1145 655 1210 accuratius
700 1143 1002 1230 singulae
1040 1141 1507 1231 propemodum
1548 1141 1886 1226 regiones,
1931 1137 2013 1202 de
2055 1136 2294 1226 quibus
2334 1134 2574 1200 Noster

298 1261 545 1346 retulit,
601 1271 830 1328 nostra
873 1270 1088 1328 aetate
1139 1260 1542 1350 perquisitae
1587 1265 1739 1323 sunt
1784 1256 2117 1343 multaque
2153 1252 2571 1343 ‘antiquitatis

295 1390 740 1466 monumenta,
797 1403 966 1469 quae
1015 1381 1237 1469 aliquo
1280 1387 1458 1443 certe
1501 1376 1695 1442 modo
1738 1375 1823 1441 ad
1861 1374 2173 1442 Nostrum
2215 1373 2567 1462 pertinent,

296 1498 398 1563 vel
440 1520 669 1564 recens
722 1499 995 1565 inventa
1049 1497 1157 1565 vel
1222 1496 1457 1562 maiori
1511 1516 1671 1560 cura
1724 1515 1804 1559 ac
1860 1492 2205 1579 diligentia
2257 1500 2410 1557 sunt
2461 1490 2569 1555 de—

297 1617 566 1704 scripta:
628 1638 1011 1707 summoque
1064 1616 1285 1683 studio
1348 1614 1525 1681 docti
1580 1622 1842 1679 nostrae
1898 1613 2132 1678 aetatis
2185 1611 2315 1677 viri
2365 1610 2438 1675 in
2484 1608 2567 1673 iis

295 1737 539 1801 versati
583 1744 737 1801 sunt
782 1736 1189 1824 exponendis
1233 1744 1300 1801 et
1331 1732 1744 1800 illustrandis
1758 1781 1777 1816 ,
1823 1753 1990 1819 quae
2024 1731 2110 1795 ad
2154 1730 2570 1815 antiquarum

296 1854 585 1936 gentium
643 1855 836 1919 sedes
890 1864 959 1919 et
1014 1855 1473 1943 migrationes,
1541 1874 1754 1919 mores
1808 1860 1874 1915 et
1920 1850 2253 1931 instituta,
2320 1845 2455 1910 alia
2502 1844 2573 1909 id

295 1990 501 2054 genus
555 1975 819 2038 omnino
874 1980 1206 2060 spectant3
1262 1972 1438 2038 unde
1496 1980 1813 2061 quantum
1866 1968 2079 2055 frugis
2123 1966 2210 2031 ad
2251 1962 2574 2030 Herodoti

296 2086 522 2154 Musas
563 2089 1070 2175 redundaverit,
1116 2114 1305 2158 nemo
1348 2091 1490 2157 fere
1532 2092 1764 2157 nescit.
1859 2087 1992 2153 His
2034 2089 2238 2174 igitur
2269 2082 2572 2151 omnibus

299 2208 389 2271 ita
439 2230 601 2273 usus
646 2230 823 2293 sum,
880 2219 955 2275 ut
996 2210 1315 2298 quidquid
1359 2210 1467 2276 vel
1510 2233 1551 2275 a
1594 2210 1758 2275 viris
1802 2207 2013 2274 doctis
2055 2206 2164 2272 vel
2205 2227 2248 2270 a
2288 2202 2575 2292 peregri—

299 2325 638 2393 natoribus
697 2328 973 2393 eruditis
1021 2328 1296 2393 allatum
1350 2337 1526 2394 esset
1570 2327 1658 2393 ad
1711 2350 1790 2393 ea
1805 2377 1824 2412 ,
1892 2347 2060 2414 quae
2104 2325 2189 2391 ab
2237 2321 2573 2390 Herodoto

296 2445 674 2529 traduntur,
726 2445 1149 2533 illustranda,
1202 2446 1274 2513 id
1314 2447 1541 2514 sedulo
1584 2448 2005 2513 observarem
2044 2453 2109 2510 et
2143 2452 2458 2534 quantum
2493 2440 2578 2506 ad

297 2561 610 2629 Nostrum
637 2563 855 2629 facere
878 2565 1248 2652 videretur,
1288 2566 1702 2650 adhiberem,
1741 2565 1920 2630 haud
1941 2565 2235 2647 nescius,
2259 2585 2370 2645 ea,
2407 2580 2578 2648 quae
2639 2612 2648 2623 .

296 2681 367 2746 in
418 2682 633 2748 Musis
678 2682 1068 2749 Herodoteis
1138 2684 1403 2773 prodita
1449 2692 1744 2768 exstant,
1802 2682 1981 2749 haud
2037 2703 2187 2748 raro
2242 2681 2578 2765 egregiam

299 2798 516 2865 lucem
584 2804 883 2888 accipere
936 2801 1262 2890 valdeque
1330 2803 1600 2891 probari
1652 2812 1961 2869 accurata
2014 2801 2304 2889 ipsorum
2353 2817 2580 2862 monus

298 2930 704 3004 mentorum,
744 2942 911 3008 quae
947 2918 1163 2986 adhuc
1205 2931 1589 3010 supersunt,
1634 2931 1749 2988 aut
1779 2924 2152 3009 regionum,
2196 2932 2360 3007 quas
2396 2924 2582 3004 pater

297 3036 617 3105 historiae
676 3037 1136 3128 perlustravit,
1193 3041 1621 3128 inspectione.
1719 3041 1801 3106 In
1847 3062 1978 3129 qua
2018 3038 2333 3105 materiae
2380 3034 2581 3100 unde—

300 3178 564 3247 cunque
593 3157 903 3224 collectae
940 3161 1129 3247 copia
1156 3158 1469 3227 brevitati
1500 3159 1975 3226 consulendum
2006 3166 2174 3224 erat:
2219 3156 2338 3221 sed
2367 3155 2586 3221 omnia

301 3296 380 3339 ea
419 3275 776 3363 diligenter
810 3276 1198 3361 indicanda,
1241 3300 1277 3344 e
1308 3277 1551 3367 quibus
1590 3278 1913 3366 copiosior
1947 3298 2164 3342 rerum
2195 3272 2583 3341 traditarum

302 3396 599 3483 cognitio
641 3404 1003 3484 peteretur,
1060 3418 1272 3484 neque
1327 3398 1592 3463 omnino
1647 3397 2006 3484 quidquam
2060 3394 2583 3483 praetermitten-

301 3702 709 3763 καταλύσειν.
748 3739 813 3748 -
851 3713 909 3777 1,
940 3702 1028 3764 61.
1068 3728 1121 3779 p.
1165 3713 1282 3767 130.
1336 3714 1498 3781 Vulg.
1539 3706 1999 3782 εὐπρεπέστατον
2049 3718 2182 3766 mut.
2221 3714 2280 3765 in
2315 3702 2586 3779 εὐπρεπε-

308 3789 505 3864 στάτη.
543 3825 612 3834 -
649 3799 708 3862 1,
732 3798 820 3851 65.
847 3815 902 3866 p.
935 3792 1053 3851 140.
1093 3798 1253 3865 Vulg.
1293 3795 1427 3861 δίζω
1456 3806 1591 3853 mut.
1633 3803 1690 3851 in
1727 3792 2034 3875 &lime-‚-
2066 3802 2124 3864 Ι,
2152 3802 2237 3854 66.
2265 3818 2316 3869 p.
2347 3802 2446 3855 146
2479 3805 2589 3871 pri-

306 3899 454 3935 mum
504 3883 720 3935 oraculi
764 3900 980 3937 versum
1026 3888 1106 3936 ita
1152 3887 1447 3938 constituit
1494 3887 1687 3937 Cobet.
1731 3878 2034 3954 Ἀρκαδίην
2083 3884 2136 3954 μ’
2173 3882 2383 3954 αἰτεῖς,
2422 3878 2589 3955 Ἡρα-

305 3966 536 4035 κλείδη,
572 3964 712 4036 μέγα
738 3961 791 4035 μ’
828 3965 1037 4037 αἰτεῖς,
1072 3971 1257 4024 verbis
1292 3961 1366 4023 οὗ
1396 3986 1486 4022 τοι
1516 3965 1683 4022 δώσω
1718 3990 1945 4040 prorsus
1983 3974 2234 4027 sublatis.
2284 4002 2349 4011 —-
2400 3976 2460 4039 1,
2501 3974 2587 4027 75.

308 4072 360 4122 p.
401 4055 508 4109 168
543 4044 617 4106 ἄν
654 4058 823 4109 inseri
864 4056 985 4109 vult
1023 4062 1152 4124 post
1186 4055 1300 4117 πῶς
1335 4048 1441 4124 γὰρ
1482 4074 1533 4108 κ.
1575 4074 1623 4109 τ.
1660 4058 1739 4122 λης
1793 4061 1890 4113 sed
1924 4061 2039 4112 vid.
2078 4067 2218 4113 nott.
2282 4089 2348 4098 —
2404 4061 2462 4124 1,
2501 4061 2589 4113 80.

312 4158 363 4206 p.
408 4141 514 4193 176
549 4157 648 4207 pro
684 4134 1059 4209 ὥσφραντο
1108 4143 1277 4195 scribi
1325 4141 1442 4194 vult
1476 4132 1845 4208 ὄσφροντο
1892 4148 2129 4213 itemque
2173 4139 2594 4212 ἐπιτρᾶπουσι

312 4243 410 4292 pro
447 4218 864 4290 ἐπιτρέπουσι
898 4231 946 4293 1,
981 4230 1069 4282 98.
1106 4247 1160 4296 p.
1186 4229 1308 4283 219.
1348 4256 1415 4266 -
1450 4231 1497 4293 1,
1540 4230 1658 4283 106.
1702 4246 1756 4297 p.
1798 4232 1900 4285 235
1937 4248 2037 4298 pro
2073 4220 2159 4283 ὅτι
2192 4226 2428 4297 ἔχοιεν
2462 4233 2594 4283 scri·

310 4312 477 4365 bend.
521 4300 610 4363 ὅτι
632 4305 942 4379 τύχοιεν.
982 4342 1049 4351 -
1082 4316 1132 4381 1,
1165 4316 1282 4368 113.
1311 4332 1365 4382 p.
1392 4317 1522 4368 245:
1558 4317 1618 4367 in
1645 4315 1855 4369 verbis:
1892 4313 2103 4367 τοῦτον
2134 4310 2261 4382 μὲν
2283 4314 2604 4381 παραδιδοῖ

312 4395 381 4465 τῇ
420 4389 644 4449 ἑωυτοῦ
676 4395 905 4465 γυναικὶ
940 4400 1134 4453 Cobet.
1184 4402 1428 4468 spuriam
1462 4401 1679 4454 iudicat
1712 4402 1967 4455 voculam
1999 4397 2157 4468 μένς
2210 4407 2273 4455 tu
2305 4403 2419 4455 vid.
2456 4406 2597 4453 nott.

319 4510 386 4520 —
423 4485 484 4548 Ι,
530 4482 632 4536 119
668 4500 767 4552 pro
801 4483 954 4552 vulg.
992 4475 1176 4536 ἒκὲετο
1213 4479 1330 4538 ἐπὶ
1362 4484 1548 4555 κανέῳ
1585 4487 1749 4542 scrib.
1789 4477 1860 4539 ἐν
1905 4485 2110 4556 κανέῳ.
