3109 5092
652 354 1193 420 EXCURSUS
1239 356 1296 417 V
1341 356 1473 416 AD
1518 351 2031 415 HERODOT.
2075 354 2169 426 II,
2217 362 2269 413 5.
2473 347 2598 409 847

1081 776 1850 854 EXCURSUSV

806 945 979 1009 AD
1067 945 1785 1011 HERODOT.
1874 945 1977 1027 11,
2067 947 2127 1008 5.

415 1278 511 1347 ὅτι
541 1285 852 1367 Αἴγυπτος
890 1322 977 1332 —-
1018 1282 1138 1347 ἐστὶ
1170 1288 1554 1369 Αἰγυπτίοισι
1596 1281 1910 1365 ἐπίκτητός
1937 1308 1999 1348 τε
2026 1288 2106 1367 γῆ
2134 1284 2238 1346 καὶ
2269 1283 2466 1367 δῶρον
2494 1284 2603 1344 τοῦ

586 1409 873 1467 ποταμου.

505 1544 694 1598 Potuit
736 1545 836 1597 hoc
871 1545 1102 1598 fluxisse
1133 1564 1200 1598 ex
1232 1546 1497 1599 Hecataei
1541 1547 1748 1600 Milesii
1791 1546 1933 1601 libro
1976 1548 2044 1601 de
2085 1549 2253 1602 rebus
2289 1543 2599 1614 Aegyptiis,

333 1648 402 1683 ex
430 1647 541 1700 quo
563 1629 901 1683 Herodotum
923 1629 1069 1682 haud
1096 1648 1272 1700 pauca
1299 1633 1754 1702 transscripsisse
1779 1635 1951 1685 refert
1974 1634 2242 1702 Porphyr.
2276 1649 2364 1699 ap.
2390 1628 2599 1681 Euseb.

331 1715 652 1784 Praeparat.
693 1733 780 1767 ev.
810 1715 879 1768 X.
918 1734 974 1785 p.
1007 1719 1112 1777 466
1143 1716 1207 1768 B.
1291 1716 1374 1769 Ad
1407 1718 1590 1787 quod,
1630 1725 1881 1770 monente
1917 1720 2183 1770 Creuzer.
2228 1716 2283 1767 in
2330 1716 2599 1780 Fragmm.

335 1801 464 1853 hist.
496 1818 550 1869 p.
585 1803 656 1858 29
684 1816 835 1868 seq.,
879 1800 1015 1853 facit
1057 1801 1280 1853 Arriani
1322 1801 1698 1855 testimonium
1738 1802 1835 1873 (de
1882 1802 2076 1870 exped.
2108 1798 2401 1852 Alexandr.
2446 1797 2513 1862 V,
2544 1800 2598 1855 6·

336 1887 484 1938 conf.
523 1883 791 1936 Klausen.
826 1885 895 1937 ad
925 1885 1192 1938 Hecataei
1220 1888 1465 1953 fragium.
1511 1905 1565 1955 p.
1602 1888 1761 1953 122),
1814 1887 1881 1936 ab
1909 1885 2186 1937 Hecataeo
2226 1892 2391 1953 atque
2420 1881 2600 1933 Hero-

336 1970 465 2021 doto
497 1968 803 2036 Aegyptum
842 1968 1121 2038 perhiberi
1162 1970 1278 2022 Nili
1325 1970 1526 2023 donum
1575 1968 1889 2022 scribentis.
1949 1970 2071 2021 Nec
2108 1968 2288 2021 minus
2331 1968 2438 2019 huc
2475 1983 2600 2034 per-

335 2054 518 2105 tinent
544 2052 835 2105 Strabonis
868 2055 1037 2106 verba
1065 2053 1191 2106 ΧΠ.
1221 2072 1275 2123 p.
1299 2060 1406 2112 810
1432 2055 1479 2105 C
1512 2071 1560 2106 s.
1595 2072 1648 2122 p.
1672 2058 1777 2113 536
1804 2053 1955 2124 (coll.
1987 2054 2034 2106 I.
2074 2072 2130 2123 p.
2160 2058 2228 2112 61
2254 2052 2319 2104 B.
2354 2069 2410 2121 p.
2441 2054 2512 2109 36
2547 2054 2603 2101 et

336 2144 406 2196 53
428 2138 493 2189 B.
527 2155 581 2206 p.
604 2138 734 2203 30)=
773 2167 846 2177 —
882 2130 1022 2192 offerte
1057 2131 1281 2199 εἰκότως
1312 2131 1426 2192 ὑπὸ
1455 2139 1556 2192 τοῦ
1578 2131 1884 2207 “Ηροδότου
1911 2134 2009 2192 καὶ
2035 2132 2142 2208 τὴν
2164 2128 2301 2206 ὅλην
2322 2136 2603 2204 Αἴγυπτον

334 2224 436 2276 τοῦ
465 2222 717 2289 ποταμοῦ
745 2222 928 2292 δῶρον
956 2220 1215 2292 λέγεσθαι
1232 2239 1247 2254 ·
1293 2213 1402 2276 κᾶν
1433 2220 1486 2277 εἰ
1509 2217 1586 2293 μὴ
1614 2217 1720 2292 τὴν
1748 2215 1904 2293 ὅλην,
1944 2216 2050 2293 τήν
2080 2241 2141 2293 γε
2172 2216 2285 2278 ὑπὸ
2307 2222 2385 2295 τῷ
2409 2217 2601 2291 Δέλτα,

334 2301 439 2376 τὴν
467 2299 618 2360 κάτω
643 2301 827 2375 χώραν
850 2304 1419 2377 προσαγορευομένην.
1461 2309 1616 2362 Adde
1641 2309 1873 2362 eundem
1893 2307 2013 2360 XV.
2044 2327 2098 2378 p.
2116 2314 2219 2369 691
2254 2307 2373 2360 sive
2392 2324 2447 2375 p.
2472 2309 2604 2364 1013

340 2392 403 2443 A.
450 2390 735 2443 Heliodor.
768 2392 1058 2462 Aethiopp.
1089 2392 1184 2459 IX,
1208 2397 1297 2450 22.
1334 2411 1390 2463 p.
1413 2398 1538 2453 381.
1584 2394 1811 2447 Diodor.
1846 2394 1998 2460 1.34‚
2043 2393 2201 2461 alios,
2248 2392 2343 2462 qui
2375 2390 2601 2443 inferio-

339 2494 450 2530 rem
480 2482 629 2528 certe
657 2475 970 2546 Aegyptum
1000 2477 1117 2529 Nili
1145 2477 1345 2530 donum
1389 2496 1513 2531 esse
1543 2479 1886 2532 contendunt
1913 2478 2057 2532 haud
2088 2480 2205 2531 fere
2246 2476 2407 2528 aliter
2435 2479 2602 2544 atque

340 2561 734 2630 Aegyptiorum
762 2562 1079 2614 sacerdotes
1108 2561 1390 2615 Herodoto
1422 2569 1789 2616 narraverant
1816 2568 1872 2615 et
1900 2562 2050 2616 hicce
2080 2562 2202 2631 ipse
2231 2560 2339 2612 sibi
2370 2574 2600 2629 persua-

342 2652 492 2698 serat
533 2645 601 2696 de
640 2644 896 2698 inferiori
935 2645 1187 2714 Aegypto
1233 2664 1301 2700 ex
1337 2647 1568 2700 advecto
1612 2647 1770 2700 fluvii
1811 2646 1934 2699 limo
1973 2652 2111 2699 orta.
2171 2646 2382 2697 Nostra
2420 2650 2603 2694 aetate

342 2728 483 2781 haud
517 2729 773 2796 defuere,
830 2729 926 2798 qui
966 2730 1106 2782 hanc
1141 2731 1471 2784 sententiam
1501 2732 1829 2801 probarent,
1873 2729 2080 2782 laudati
2123 2747 2155 2780 a
2182 2726 2599 2780 Schlichthorst.

342 2814 399 2865 in
432 2812 746 2882 Geograph.
783 2812 955 2866 Afric.
988 2814 1196 2866 Herod.
1231 2821 1387 2884 p.23‚
1434 2816 1638 2886 quibus
1677 2815 1816 2867 adde
1845 2815 1925 2867 sis
1954 2814 2132 2866 Beck:
2169 2811 2395 2880 Allgem.
2419 2809 2601 2873 ‚welt-

342 2897 530 2966 gesch.
555 2896 599 2948 I.
633 2914 689 2966 p.
706 2901 831 2957 268.
882 2897 1042 2950 Unde
1065 2899 1476 2967 quodammodo,
1504 2906 1757 2953 monente
1778 2899 2060 2952 Creuzero
2088 2897 2125 2949 l.
2142 2897 2201 2965 l.,
2233 2892 2604 2964 disiungenda

343 2980 554 3051 Ephori
584 2980 887 3048 sententia,
933 2981 1030 3050 qui
1072 2983 1289 3051 quidem
1327 3002 1435 3038 non
1475 2984 1709 3054 aliquam
1732 2982 1973 3053 Aegypti
2001 2989 2242 3053 partem,
2291 2988 2354 3034 ut
2382 2977 2601 3049 reliqui,

343 3066 443 3119 sed
482 3075 651 3121 totam
680 3066 991 3135 Aegyptum
1020 3084 1147 3119 esse
1176 3063 1607 3145 ποταμόχωστον
1634 3067 2023 3135 contenderat,
2071 3085 2139 3120 ne
2163 3065 2449 3120 Thebaide
2479 3063 2600 3134 qui·
2660 3114 2665 3121 .

345 3151 466 3203 dem
506 3159 765 3219 excepta,
831 3167 991 3220 quam
1035 3151 1236 3222 reliqui
1289 3154 1542 3223 primitus
1587 3158 1789 3207 terram
1846 3154 2216 3206 continentem
2266 3150 2603 3219 solidamque

344 3236 521 3288 fuisse
558 3235 972 3289 arbitrabantur
1013 3236 1142 3306 (sed
1172 3239 1320 3291 conf.
1355 3238 1559 3305 Creu-z.
1592 3244 1730 3291 nott.
1759 3236 1828 3289 ad
1863 3237 1938 3305 11,
1969 3242 2005 3295 4
2034 3237 2194 3304 fin.);
2250 3235 2364 3288 vid.
2394 3231 2603 3303 Ephori

344 3321 590 3387 fragmm.
631 3336 688 3388 p.
717 3324 840 3378 214.
868 3324 974 3379 216
1019 3321 1106 3373 ed.
1140 3320 1320 3375 Marx.
1364 3329 1422 3375 et
1447 3322 1732 3375 Aristotel.
1758 3320 2121 3389 Meteorolog.
2157 3321 2213 3385 Ι,
2249 3323 2346 3386 14,
2384 3323 2465 3381 ll,
2511 3314 2604 3367 ubi

349 3403 494 3454 inter
523 3402 628 3453 alia
655 3403 814 3455 haec:
857 3401 955 3456 καὶ
977 3404 1131 3457 πᾶσα
1150 3398 1188 3473 ἡ
1211 3400 1361 3474 χαῖρα
1379 3406 1481 3460 τοῦ
1508 3407 1764 3473 ποταμοῦ
1780 3399 2088 3472 πρόσχωσις
2115 3391 2256 3457 οὖσα
2274 3403 2375 3456 τοῦ
2395 3400 2605 3453 Νείλου

348 3489 456 3556 (sc.
498 3487 812 3557 φαίνεται);
860 3486 1003 3539 unde
1038 3487 1185 3555 apud
1215 3487 1492 3541 Plutarch.
1535 3489 1617 3540 De
1648 3488 1781 3540 Isid.
1822 3494 1879 3540 et
1911 3486 2122 3540 Osirid.
2169 3504 2224 3555 p.
2248 3489 2349 3546 367
2386 3482 2452 3535 A.
2493 3475 2607 3535 θά-

347 3573 522 3623 λασσα
543 3563 649 3638 γὰρ
668 3557 742 3637 ἦν
764 3562 801 3636 ἡ
831 3569 1142 3637 aymam
1181 3588 1323 3640 quae
1347 3572 1533 3624 eadem
1562 3571 1724 3623 etiam
1754 3576 1974 3623 exstant
2001 3569 2148 3640 apud
2176 3569 2475 3622 Diodorum
2500 3566 2605 3631 ΙΙΙ,

347 3661 412 3715 3:
465 3641 722 3707 κάθόλου
756 3645 861 3722 γὰρ
886 3647 992 3722 τὴν
1020 3654 1127 3707 νῦν
1156 3644 1333 3710 οὖσαν
1358 3656 1642 3724 Αἴγυπτον
1674 3652 1926 3723 λέγουσιν
1966 3647 2035 3708 οὗ
2075 3649 2287 3725 χώραν,
2330 3645 2470 3709 ἀλλὰ
2496 3645 2609 3704 θά-

347 3741 556 3794 λασσαν
594 3733 879 3807 γεγονέναι
922 3732 1065 3792 κατὰ
1111 3733 1217 3808 τὴν
1255 3733 1312 3805 ἐξ
1352 3733 1522 3809 ἀρχῆς
1548 3739 1651 3793 τοῦ
1681 3732 1892 3808 κόσμου
1929 3731 2223 3794 σόπασινε
2266 3735 2608 3808 postmodum

350 3824 502 3878 addit
527 3823 808 3876 Diodorus
855 3841 887 3875 a
908 3822 1038 3876 Nilo
1070 3841 1136 3876 ex
1165 3823 1458 3894 Aethiopia
1495 3823 1677 3876 limum
1706 3840 1808 3893 per
1848 3822 2229 3875 inundationis
2269 3829 2485 3893 tempus
2513 3820 2608 3874 de—

348 3911 565 3961 ferente
607 3906 868 3976 paulatim
895 3913 1098 3961 terram
1135 3925 1260 3961 esse
1289 3914 1601 3977 aggesstm,
1653 3907 2197 3977 evidentissimeque
2236 3906 2415 3976 signis
2462 3905 2611 3959 circa

353 3992 508 4045 fluvii
542 3992 686 4043 ostia
713 3991 770 4043 id
802 3992 982 4062 ipsum
1008 3992 1261 4061 probari,
1307 4000 1504 4046 terram
1538 4010 1569 4045 e
1599 3991 1842 4045 fluminis
1873 3996 2105 4059 aggestu
2139 3991 2463 4055 exstitisse..
2511 3990 2608 4041 At-

353 4092 462 4145 que
502 4075 629 4129 inde
664 4075 948 4128 Herodoto
990 4076 1199 4129 rectius
1239 4075 1590 4130 Aristotelem
1622 4076 1934 4145 Aegyptum
1976 4074 2185 4129 dixisse
2216 4093 2356 4146 opus
2397 4070 2610 4144 (ἔργον)

354 4159 501 4226 Nili,
546 4177 655 4212 non
688 4159 894 4230 δῶρον,
940 4161 997 4212 in
1029 4159 1410 4230 Olympiodori
1439 4161 1737 4228 Excerptis
1770 4159 1840 4211 ad
1873 4158 2191 4213 Aristotelis
2237 4159 2275 4212 l.
2313 4160 2347 4212 l.
2398 4163 2483 4227 (p.
2506 4161 2613 4215 258

354 4244 441 4297 ed.
472 4243 679 4310 Ideler)
708 4242 957 4311 legimus.
1023 4244 1101 4296 Et
1126 4246 1273 4296 conf.
1304 4262 1524 4315 quoque
1553 4246 1748 4297 Tzetz.
1777 4244 1847 4296 ad
1873 4244 2223 4313 Lycophron.
2248 4247 2372 4303 119.
2417 4239 2610 4294 Manil.

354 4329 668 4380 Astronom.
693 4327 789 4395 IV,
814 4331 936 4387 774.
982 4326 1297 4382 Philostrat.
1319 4328 1432 4382 vit.
1455 4328 1634 4399 Apoll.
1658 4328 1754 4397 VI,
1780 4332 1831 4385 l.
1869 4345 1925 4397 p.
1946 4333 2054 4388 228
2083 4332 2140 4380 et
2161 4327 2257 4395 VI,
2280 4329 2371 4385 24.
2406 4342 2463 4394 p.
2486 4327 2608 4383 266.

356 4412 433 4463 Ac
461 4412 617 4481 licet,
664 4417 725 4464 ut
758 4412 915 4466 modo
950 4410 1214 4481 diximus,
1260 4414 1554 4468 recentiori
1589 4418 1768 4466 aetate
1795 4411 2111 4466 exstiterint
2138 4410 2244 4464 viri
2272 4409 2420 4463 docti
2449 4412 2534 4478 (v.
2562 4426 2610 4461 c.
