3109 5092
1220 349 1476 412 CLIO.
1521 351 1575 411 I.
1624 362 1748 419 193.

2498 352 2622 416 385

332 521 538 612 τᾰβη,
568 524 814 612 μέτρον
849 517 966 591 ἐὰν
992 520 1353 612 Περσικὸν,
1407 527 1643 614 χωρέει
1670 531 2001 615 μεδίμνου
2031 522 2335 596 Ἀττικοῦ
2385 537 2621 597 πλεῖον

333 630 570 715 χοίνιξι
604 628 781 715 τρισὶ
818 623 1169 717 Ἀττικῇσι.
1219 615 1439 698 ’ἵπποι
1478 634 1561 698 δέ
1601 634 1672 698 οἱ
1703 626 1915 699 αὐτοῦ
1957 621 2128 719 ἦσαν
2175 636 2353 719 ἰδίῃ,
2412 632 2618 718 πάρεξ

332 735 471 799 τῶν
497 737 1054 818 πολεμιστηρίων,
1092 734 1163 799 οἰ
1194 730 1320 818 μὲν
1363 728 1845 819 ἀναβαίνοντες
1890 730 2006 812 τὰς
2043 736 2294 821 θηλέας
2334 729 2615 803 ὀκτακό-

334 852 469 903 σιοι
488 887 507 920 ,
553 838 630 901 αἰ
660 833 733 903 δὲ
758 831 1154 921 βαινόμεναι
1186 835 1617 923 ἑξακισχίλιαι
1646 838 1758 904 καὶ
1792 833 2047 927 μύριαι.
2122 832 2440 924 ἀνέβαινε
2487 834 2616 922 γὰρ

333 939 608 1016 ἕκαστος
633 942 772 1006 τῶν
800 932 1096 1025 ἐρσένων
1141 935 1401 1006 τούτων
1443 948 1654 1007 εἰκοσι
1693 944 1960 1019 ἵππους.
2031 944 2263 1008 κυνῶν
2303 938 2379 1008 δὲ
2417 936 2613 1008 Ἰνδι-

335 1043 475 1109 κῶν
512 1045 790 1110 τοσοῦτο
837 1039 924 1128 δή
962 1066 1026 1106 τι
1068 1043 1329 1127 πλῆθος
1373 1037 1725 1131 ἐτρέφετο,
1776 1039 1946 1112 ῶστε
1993 1043 2300 1130 τέσσερες
2345 1046 2485 1111 τῶν
2538 1040 2616 1111 ἐν

332 1148 425 1235 τῷ
470 1149 681 1236 πεδίῳ
720 1147 937 1230 κῶμαι
977 1141 1298 1231 μεγάλαι,
1355 1149 1494 1213 τῶν
1536 1142 1764 1214 ἄλλων
1814 1142 2045 1214 ἐοῦσαι
2084 1141 2384 1229 ἀτελέες,
2441 1160 2613 1215 τοῖσι

334 1247 490 1315 κυσὶ
528 1244 1049 1334 προσετετάχατο
1086 1252 1266 1314 σιτία
1313 1251 1650 1336 παρέχειν.
1731 1252 2008 1317 τοιαῦτα
2046 1247 2171 1335 μὲν
2211 1253 2306 1340 τῷ
2344 1244 2615 1336 ἄρχοντι

331 1353 448 1436 τῆς
488 1355 895 1436 Βαβυλῶνος
924 1344 1183 1436 ὑπῆρχε
1217 1345 1432 1418 ἐόντα.
1483 1345 1666 1419 Ἡδὲ
1704 1355 1793 1440 γῆ
1829 1355 1968 1420 τῶν
2005 1347 2381 1439 Ἀσσυρίων
2421 1347 2749 1419 ὕεται193

331 1450 460 1540 μὲν
503 1448 747 1544 ὀλίγῳ,
785 1453 899 1520 καὶ
938 1449 1012 1519 τὸ
1068 1448 1399 1540 ἐκτρέφον
1418 1449 1559 1542 ,τὴν
1601 1456 1791 1542 ῥίζαν
1826 1457 1949 1522 τοῦ
1990 1460 2179 1524 σίτου
2211 1450 2352 1522 ἐστὶ
2388 1457 2608 1522 τοῦτο.

330 1618 643 1668 Herodotus
708 1619 1018 1669 accuratior
1081 1623 1192 1668 tres
1252 1617 1421 1668 addat

333 1687 645 1752 choenices,
694 1690 776 1738 ita
819 1693 882 1738 ut
926 1703 1039 1738 una
1090 1687 1287 1737 artaba
1339 1687 1419 1737 LI

331 1756 615 1807 choenices
649 1758 852 1822 capiat.
911 1757 1187 1822 Aegyptia
1223 1756 1419 1806 artaba

332 1825 613 1876 dimidium
671 1827 787 1877 fere
838 1828 1094 1877 Persicae
1156 1826 1419 1888 continet,

332 1896 547 1962 XXVI}
583 1896 872 1947 choenices
902 1896 1139 1947 Atticas.
1213 1895 1298 1945 Ad
1327 1911 1421 1944 no·

332 1968 473 2015 stras
523 1980 805 2016 mensuras
855 1966 950 2031 qui
985 1965 1232 2030 redigere
1266 1965 1417 2026 velit,

331 2035 632 2099 quingenta
693 2035 865 2084 millia
932 2035 1293 2100 imperialium
1366 2038 1424 2083 et

331 2103 477 2168 quod
523 2105 761 2154 excurrit
809 2105 1064 2166 (500‚000
1100 2103 1423 2154 Reichstha-

328 2172 429 2238 ler)
476 2174 740 2226 inveniet.
812 2173 970 2225 Conf.
1008 2174 1245 2223 Heeren.
1289 2172 1330 2223 l.
1382 2172 1419 2224 l.

398 2302 576 2375 πάρεξ
608 2307 724 2359 τῶν
744 2308 1224 2377 πολεμιστηρίων]
1260 2310 1421 2361 Hanc

329 2396 451 2431 cum
500 2379 826 2445 Schweigh.⁴
863 2378 1173 2430 reduximus
1235 2379 1423 2430 lectio-

329 2466 479 2512 nem,
514 2447 670 2499 libris
697 2449 777 2498 sic
802 2448 1145 2512 iubentibus,
1180 2464 1277 2514 pro
1311 2462 1416 2498 πο-

328 2512 655 2583 λεμιστέων,
697 2517 839 2583 quod
879 2532 946 2566 ex
971 2517 1169 2567 Aldina
1203 2533 1419 2583 recepe-

327 2592 417 2638 rat
450 2586 778 2652 wesseling.
826 2586 1060 2650 aliisque
1112 2587 1250 2638 locis
1297 2602 1421 2653 pro-

327 2657 458 2707 bare
495 2656 783 2707 studuerat
806 2656 1033 2721 (Strabo
1058 2656 1176 2707 XV.
1202 2673 1257 2721 p.
1280 2655 1416 2708 1023

330 2739 379 2776 s.
407 2726 529 2777 698.
565 2725 795 2775 Diodor.
821 2724 988 2776 Sicul.
1013 2725 1101 2787 ΙΙ,
1125 2723 1239 2788 41).
1307 2726 1416 2776 Sed

328 2796 417 2845 hic
472 2795 652 2860 potior
700 2809 821 2844 esse
869 2795 1103 2844 debebat
1156 2795 1416 2845 librorum

254 2901 259 2904 -
328 2865 651 2915 auctoritas.
731 2865 806 2914 Et
853 2863 998 2913 conf.
1043 2864 1309 2914 Herodot.
1349 2864 1414 2925 V,

331 2934 451 2985 113.
486 2964 559 2973 —-
616 2933 683 2982 In
730 2947 883 2997 seqq.
918 2924 1283 2998 ἀναβαίνειν,
1332 2932 1417 2982 uti

326 2993 550 3068 ὀχεύειν
603 3001 773 3068 (unde
816 2995 1102 3068 ὀχενταὶ),
1160 3002 1227 3053 de
1276 3005 1417 3067 equis

328 3072 531 3122 dicitur
563 3072 905 3133 admissariis,
943 3076 1198 3121 monente
1228 3072 1419 3121 From-

328 3140 453 3191 mel.
500 3142 558 3191 in
593 3139 852 3191 Creuzeri
887 3139 1102 3193 Melett.
1140 3141 1250 3191 111.
1286 3155 1415 3205 pag.

240 3273 251 3282 .
334 3211 429 3262 157
467 3226 585 3274 seq.

394 3271 494 3336 τὰς
538 3275 773 3345 θηλέας]
843 3277 992 3329 Male
1038 3277 1259 3343 quidam
1304 3275 1417 3341 θη-

326 3347 506 3410 λειάςς
570 3348 665 3398 sed
717 3348 832 3399 vid.
878 3347 1145 3401 Herodot.
1203 3348 1259 3410 Ι,
1321 3347 1421 3396 178

328 3418 462 3482 ibiq.
500 3424 619 3469 not.
654 3417 764 3478 ΙΙΙ,
803 3415 890 3468 85.

393 3484 587 3536 κυνῶν
635 3479 698 3534 δὲ
737 3481 1020 3549 Ἰνδικῶν]
1079 3486 1161 3535 De
1213 3484 1423 3534 canibus

327 3555 521 3606 Indicis
571 3556 836 3608 classicus
881 3555 1099 3605 Ctesiae
1149 3553 1303 3604 locus
1362 3554 1419 3603 in

328 3624 535 3676 Indice.
589 3627 872 3689 Excerptt.
928 3627 979 3686 §-
1036 3625 1098 3686 5,
1152 3623 1245 3673 ubi
1302 3623 1418 3672 vid.

328 3709 468 3758 quae
502 3695 763 3745 adnotavi
788 3709 841 3758 p.
863 3694 965 3743 272
992 3707 1108 3757 seq.
1146 3691 1271 3743 coll.
1292 3690 1415 3743 296.

326 3763 530 3813 Herod.
580 3763 718 3827 VH,
761 3761 878 3813 187.
930 3762 1092 3812 ‚Sunt
1132 3761 1213 3810 illi
1258 3776 1419 3826 gran-

329 3830 507 3882 diores
557 3833 733 3883 forma
782 3847 848 3881 ac
891 3834 1167 3882 structura
1209 3836 1265 3881 et
1309 3830 1418 3880 leo-

328 3916 450 3951 nem
485 3902 542 3952 vi
587 3916 824 3967 aequare
870 3899 1125 3951 dicuntur
1170 3900 1227 3949 in
1270 3904 1418 3949 terra

330 3984 470 4035 quae
502 3987 647 4021 nunc
693 3970 895 4020 dicitur
932 3968 1128 4031 Kabul,
1180 3969 1276 4019 ubi
1324 3967 1418 4018 ho-

328 4039 523 4105 dieque
567 4040 938 4090 inveniuntur.
1017 4038 1124 4100 Qui
1179 4053 1300 4087 cum
1346 4037 1416 4087 ad

324 4109 633 4159 venandum
689 4112 872 4158 essent
927 4108 1158 4157 maxime
1215 4107 1413 4168 idonei,

324 4178 535 4241 Persis,
572 4193 706 4244 quos
745 4178 969 4227 venatui
1005 4175 1166 4226 valde
1201 4175 1414 4226 deditos

325 4247 607 4310 novimus,
673 4247 731 4297 in
785 4245 995 4296 deliciis
1048 4247 1298 4307 fuerunt,
1354 4249 1416 4294 ut

324 4331 523 4381 magno
558 4331 782 4366 numero
832 4329 927 4365 eos
976 4314 1188 4366 alerent
1235 4319 1291 4363 et
1333 4329 1416 4364 se·

326 4399 448 4436 cum
502 4385 790 4449 ducerent,
848 4384 1140 4450 magnique
1195 4383 1413 4433 omnino

411 4485 747 4530 HERODO‘I'.
798 4485 842 4527 1.

1522 1619 1626 1670 hoc
1645 1635 1839 1670 canum
1859 1634 2031 1685 genus
2054 1620 2427 1670 aestimarent.
2453 1618 2613 1671 Couf.

1520 1689 1757 1742 Heeren.
1777 1688 1946 1740 Ideen
1974 1690 2019 1752 1,
2041 1691 2093 1740 2.
2115 1705 2243 1755 pag.
2264 1689 2389 1739 214.
2467 1688 2612 1740 Add.

1520 1759 1732 1809 Bohlen
1775 1759 1968 1809 Indien
2016 1759 2095 1809 11.
2146 1774 2201 1823 p.
2251 1758 2353 1807 175
2392 1773 2507 1823 seq.
2558 1762 2614 1806 et

1523 1828 1673 1878 conf.
1693 1825 1912 1892 Layard
1941 1825 2209 1890 (Nineveh
2240 1825 2347 1875 and
2381 1827 2454 1876 its
2480 1841 2609 1878 rem.

1523 1901 1628 1947 etc.
1683 1897 1759 1948 11.
1795 1913 1851 1961 p.
1888 1896 2050 1961 425),
2117 1895 2210 1961 qui
2257 1893 2398 1945 tales
2446 1911 2610 1945 canes

1520 1966 1579 2015 in
1610 1965 1871 2030 cylindris
1901 1967 2342 2031 repraesentatos
2374 1965 2611 2014 inveniri

1525 2036 1734 2097 scribit,
1767 2036 1995 2100 ipseque
2015 2035 2073 2084 in
2096 2035 2269 2084 altero
2300 2033 2442 2083 libro
2461 2034 2613 2098 (Dis-

1526 2105 1774 2155 coveries
1811 2108 1916 2155 etc.
1953 2121 2008 2170 p.
2048 2102 2172 2169 527)
2221 2118 2412 2153 canem
2446 2102 2610 2152 talem

1524 2189 1590 2224 ex
1626 2179 1776 2225 terra
1809 2178 1962 2224 cotta
1999 2172 2339 2238 Babylonica
2376 2171 2616 2222 delinea-

1527 2249 1642 2294 tum
1679 2243 1942 2296 exhibuit.

1857 2415 1990 2465 Car.
2029 2412 2278 2464 CXCIII.

1591 2506 1626 2581 ἡ
1655 2509 1719 2566 δὲ
1746 2513 1817 2581 γῆ
1843 2508 2147 2579 Ἀσσυρίων
2178 2504 2336 2565 ὕεται
2369 2507 2474 2578 μὲν
2496 2504 2614 2563 ὀλί-

1518 2601 1599 2650 γῳ
1633 2602 1684 2634 κ.
1712 2601 1760 2635 τ.
1797 2584 1870 2651 λ.]
1906 2586 2188 2650 Assyriam
2225 2588 2427 2634 terram
2463 2581 2612 2631 haud

1520 2655 1685 2705 aliam
1731 2659 1898 2719 atque
1934 2653 2294 2718 Babyloniam
2344 2666 2464 2701 esse
2500 2666 2613 2699 mo-

1519 2724 1736 2774 nuimus
1773 2723 1843 2773 ad
1878 2724 1923 2783 1,
1958 2722 2076 2774 192.
2132 2723 2313 2784 Quare
2349 2735 2472 2770 mox
2501 2720 2612 2769 No-

1520 2800 1635 2843 ster
1675 2793 1868 2842 scribit
1903 2790 2048 2841 haud
2096 2791 2258 2840 aliam
2296 2795 2496 2840 terram
2531 2789 2611 2836 in·

1517 2861 1798 2928 telligens:
1841 2852 1877 2926 ἡ
1898 2857 2231 2925 Βαβυλωνίη
2255 2850 2409 2924 χώρη
2434 2854 2608 2907 πᾶσα.

1519 2931 1809 2981 Caeterum
1855 2929 2128 2981 consentit
2183 2929 2242 2978 in
2288 2931 2610 2993 argumento

1519 3001 1640 3065 ipso
1689 3001 1888 3051 Strabo
1935 2998 2056 3050 XV.
2115 3013 2243 3063 pag.
2299 2997 2401 3048 739
2454 3011 2505 3047 s.
2552 3012 2608 3060 p.

1525 3070 1659 3121 1074
1695 3070 1744 3120 A
1788 3069 1912 3120 coll.
1961 3067 2234 3119 Rauwolf.
2286 3064 2514 3117 Travels
2553 3081 2607 3130 p.

1523 3140 1652 3201 152,
1716 3154 1875 3204 quem
1931 3138 2069 3189 citat
2115 3135 2422 3187 Palmblad.
2478 3134 2519 3184 l.
2570 3134 2607 3184 l.

1518 3224 1649 3274 pag.
1686 3209 1738 3260 5.
1818 3209 1900 3259 Ac
1947 3207 2235 3257 verissima
2272 3221 2420 3267 esse,
2471 3218 2610 3268 quae

1520 3277 1834 3328 Herodotus
1895 3275 2092 3334 tradit,
2160 3274 2430 3339 planeque
2486 3288 2613 3323 con-

1522 3347 1775 3410 gruentia
1827 3361 1948 3396 cum
1999 3345 2097 3406 iis,
2156 3359 2297 3407 quae
2341 3340 2611 3406 hodieque

1520 3416 1681 3465 huius
1746 3414 1986 3480 regionis
2057 3412 2299 3463 conditio
2365 3410 2609 3474 praebet,

1521 3488 1704 3535 monet
1735 3483 1980 3549 Layard:
2016 3479 2261 3531 Nineveh
2288 3478 2397 3528 and
2423 3480 2495 3528 its
2531 3493 2612 3526 re-

1521 3555 1696 3604 mains
1732 3553 1809 3603 11.
1847 3568 1902 3616 p.
1939 3551 2026 3601 69.
2062 3579 2132 3588 --
2190 3550 2276 3598 De
2317 3563 2423 3597 usu
2455 3546 2608 3595 verbi

1518 3612 1649 3672 ὕειν
1671 3621 1997 3672 Valckenar.
2027 3618 2167 3669 dixit
2192 3616 2261 3666 ad
2289 3616 2363 3678 11,
2398 3615 2481 3678 13,
2513 3615 2610 3664 ubi

1519 3691 1633 3741 vid.
1705 3691 1989 3741 Invenitur
2031 3687 2256 3752 passiva
2312 3684 2486 3735 forma
2531 3683 2607 3746 11,

1524 3761 1608 3811 13.
1662 3759 1743 3811 14.
1785 3760 1872 3809 22.
1917 3757 2034 3819 ΙΙΙ,
2074 3755 2159 3805 10.
2212 3754 2320 3816 IV,
2357 3754 2443 3804 50.
2486 3751 2608 3804 198.

1517 3829 1736 3879 Arrian.
1774 3827 1895 3877 Ind.
1935 3826 1986 3878 6.
2059 3823 2422 3888 Theophrast.
2457 3822 2609 3873 Hist.

1518 3898 1691 3964 plant.
1730 3896 1889 3959 VIII,
1926 3894 1981 3946 6.
2013 3894 2067 3945 6.
2103 3893 2261 3956 VIII,
2300 3892 2378 3954 11,
2417 3890 2469 3942 3.
2508 3892 2607 3954 Ix,

1518 3969 1572 4031 4,
1610 3968 1663 4018 8.
1698 3996 1768 4005 -
1814 3957 1983 4031 ὀλίγῳ
2016 3962 2235 4013 dativus
2280 3965 2363 4011 est
2405 3961 2613 4010 instru-

1519 4037 1707 4096 menti,
1738 4035 1848 4096 ubi,
1888 4034 1939 4082 si
1964 4032 2164 4098 placet,
2201 4031 2606 4082 substantivum

1519 4105 1798 4168 intelligas
1831 4103 1993 4164 licet3
2031 4117 2155 4151 nam
2187 4104 2371 4165 paucis
2401 4100 2607 4162 (pluviis

1517 4176 1624 4238 sc.)
1662 4173 1880 4238 irrigari
1912 4172 2193 4236 Assyriam
2217 4169 2485 4220 Herodoti
2523 4173 2606 4217 est

1517 4242 1807 4305 sententia,
1845 4241 1946 4291 has
1969 4256 2098 4292 vero
2129 4240 2355 4305 exiguas
2389 4237 2603 4302 pluvias

1518 4329 1666 4377 esse,
1704 4312 1899 4377 quibus
1928 4311 2185 4361 frumenti
2216 4307 2370 4358 radix
2403 4306 2605 4356 nutria-

1515 4388 1633 4444 tur3
1689 4380 1762 4432 ad
1807 4380 2178 4430 maturitatem
2227 4380 2438 4441 segetes
2490 4389 2603 4439 per-

2100 4458 2181 4517 25
