3109 5092
456 352 535 409 34
664 396 679 407 .
1265 329 1867 405 ΡΗΕΒΟΒΟΤῙ

445 517 820 597 Ἠετίωνος.
907 505 1123 594 Οὗτος
1163 514 1239 584 δὲ
1281 510 1319 584 ὃ
1350 515 1577 605 Γύγης
1619 520 1875 605 πρῶτος
1919 509 2320 603 βαρβάρων,
2367 518 2507 584 τῶν
2551 508 2792 601 {prestes

454 629 684 713 ἴδμεν,
713 624 779 702 ἐς
807 615 1127 707 Δελφοὺς
1155 615 1453 708 ἀνέθηκε
1479 617 1883 709 ἀναθήματα
1899 669 1919 705 ,
1957 615 2122 706 μετὰ
2150 623 2390 705 Μίδην
2415 614 2537 686 τὸν
2565 624 2738 703 Γορ-

456 732 655 814 δίεω,
697 729 998 815 Φρυγίης
1037 724 1341 811 βασιλέα.
1404 721 1703 812 ἀνέθηκε
1746 721 1874 811 γὰρ
1911 719 1995 809 δὴ
2033 721 2147 789 καὶ
2181 727 2413 808 Μίδης
2453 716 2574 790 τὸν
2612 727 2738 808 βα-

452 829 717 918 σιλήϊον
743 826 1035 918 θρόνον,
1075 829 1141 906 ἐς
1170 827 1290 897 τὸν
1318 834 1737 919 προκατίζων
1770 830 2063 912 ἐδίκαζε,
2096 824 2293 896 ἐόντα
2321 821 2742 911 ἀξιοθέητον.

450 994 630 1044 Kruse
664 991 854 1043 Hellas
892 993 967 1057 ΙΙ,
1008 997 1058 1046 2.
1093 1009 1149 1059 p.
1182 994 1269 1057 85,
1310 995 1404 1059 qui
1438 994 1552 1045 the-

453 1078 644 1113 sauros
680 1064 1017 1127 istiusmodi,
1072 1079 1300 1129 quorum
1345 1064 1550 1114 mentio

453 1133 516 1181 fit
564 1133 710 1197 apud
766 1138 1010 1197 veteres,
1064 1139 1342 1197 recenset,
1386 1141 1551 1199 atque

454 1204 515 1252 C.
551 1204 616 1253 F.
654 1204 955 1253 Hermann:
1005 1203 1423 1254 Gottesdienstl.
1461 1204 1555 1253 Al·

452 1274 618 1322 terth.
656 1271 706 1334 fi.
748 1273 832 1323 19.
870 1277 986 1322 not.
1029 1272 1110 1322 16.

525 1331 719 1398 Οὗτος
752 1335 817 1390 δὲ
853 1331 883 1389 ὁ
915 1334 1110 1405 Γύγης
1154 1340 1380 1407 πρῶτος
1416 1338 1550 1409 βαρ-

458 1404 677 1479 βάρων,
727 1407 843 1458 τῶν
877 1400 1042 1474 ἡμεῖς
1077 1408 1243 1476 ἴδμεν
1285 1427 1338 1461 κ.
1386 1426 1433 1460 τ.
1472 1409 1544 1475 λ.]

453 1481 696 1530 Phanias
763 1493 827 1528 sc
891 1479 1273 1547 Theopompus
1339 1481 1548 1547 Gygem

455 1551 672 1599 omnino
724 1549 954 1613 primum
1000 1551 1175 1601 fuisse
1226 1556 1547 1613 memorant,

456 1619 550 1685 qui
583 1618 827 1683 Delphos
866 1617 1092 1670 donaria
1126 1621 1354 1670 miserit.
1420 1621 1545 1671 vid.

454 1689 652 1739 Athen.
692 1689 787 1751 VI,
829 1690 882 1738 4.
923 1705 978 1754 p.
1013 1690 1113 1742 231
1157 1692 1222 1741 Ε.
1265 1692 1330 1741 Τ.
1372 1691 1450 1741 ΙΙ.
1490 1707 1545 1755 p.

452 1759 557 1810 390
587 1758 672 1808 ed.
711 1757 1016 1825 Schweigh.
1081 1762 1230 1823 Quos
1266 1761 1546 1810 Xanthum

451 1827 715 1893 imprimis
763 1833 982 1879 secutos
1018 1844 1170 1894 esse,
1225 1846 1347 1880 cum
1383 1831 1547 1880 Creu·

456 1913 580 1948 zero
616 1898 912 1962 suspiceris
947 1899 1104 1962 licet,
1155 1901 1247 1964 qui
1283 1901 1351 1950 de
1396 1901 1546 1950 hisce

451 1967 727 2032 Lydorum
796 1966 1034 2019 donariis
1101 1968 1292 2019 laudat
1354 1971 1547 2035 Heyne

451 2037 687 2101 Opuscc.
707 2037 915 2087 Acadd.
941 2040 1008 2089 V.
1036 2056 1091 2104 p.
1122 2038 1243 2090 347.
1282 2040 1550 2091 Paciaudi

453 2107 815 2157 Monumentt.
843 2108 1234 2172 Peloponn.II.
1258 2126 1311 2174 p.
1330 2110 1393 2160 51
1424 2126 1545 2176 sqq.

455 2180 511 2225 et
546 2176 868 2225 Ramshorn.
909 2178 1272 2228 commentat.
1324 2179 1391 2228 de
1438 2187 1549 2229 sta-

454 2249 675 2294 tuarum
727 2245 1003 2297 multitud.
1062 2253 1118 2297 et
1180 2247 1247 2297 de
1306 2248 1549 2299 donariis

455 2313 655 2378 Delph.
690 2314 1012 2381 Altenburg.
1054 2317 1206 2368 1814.
1246 2333 1299 2381 p.
1337 2320 1402 2367 22
1425 2334 1545 2383 sqq.

454 2384 687 2447 Propter
734 2384 869 2433 haec
905 2389 1018 2434 tam
1063 2386 1350 2450 splendida
1384 2388 1550 2438 ‹lona-

456 2453 539 2502 ria
573 2468 683 2502 non
716 2455 909 2503 mirum
947 2458 1034 2504 est
1073 2456 1280 2521 Gygem
1326 2456 1397 2506 ad
1431 2463 1549 2507 tan-

452 2527 569 2572 tam
640 2523 1013 2575 celebritatem
1076 2527 1422 2590 pervenisse,
1488 2532 1550 2577 ut

456 2592 574 2642 eius
611 2591 841 2643 divitiae
875 2595 1021 2660 apud
1054 2596 1293 2647 Graecos
1329 2597 1387 2646 in
1427 2613 1549 2662 pro-

454 2662 703 2712 verbium
728 2663 981 2715 abierint.
1027 2665 1174 2715 Hinc
1196 2666 1550 2717 Archilochus

455 2733 732 2783 cecinerat
768 2731 901 2798 (vid.
937 2735 1118 2785 locum
1152 2735 1299 2787 laud.
1331 2736 1400 2787 ad
1427 2754 1548 2803 cap.

456 2801 523 2851 12
559 2802 711 2868 fin.):

526 2862 598 2919 οὔ
632 2884 731 2935 μοι
770 2862 839 2921 τὰ
870 2862 1072 2937 Γύγεω
1118 2869 1223 2923 τοῦ
1266 2867 1553 2939 πολυχρύ-

873 2953 976 2990 σου
1014 2940 1182 3005 μέλει.

454 3006 613 3070 Quod
647 3009 914 3072 expressit
940 3010 1323 3063 Anacreontici
1362 3014 1551 3064 carmi·

452 3078 538 3126 nis
575 3080 794 3138 auctor,
831 3092 912 3128 nr.
953 3080 1083 3130 XV:

521 3136 597 3194 οὔ
633 3159 731 3209 μοι
766 3143 918 3209 μέλει
960 3141 1154 3213 Γύγαο

521 3211 627 3263 τοῦ
666 3210 943 3277 Σαρδίων
978 3207 1242 3276 ἄνακτος.

452 3282 599 3335 Hinc
622 3282 930 3334 celebratur
956 3285 1123 3351 vulg-o
1143 3280 1343 3352 Γύγου
1377 3287 1547 3339 πλοῦ-

450 3367 549 3410 τος
596 3367 707 3404 non
751 3354 928 3403 minus
972 3360 1140 3421 atque
1182 3357 1369 3408 Croesi
1419 3373 1549 3424 opu-

452 3423 652 3486 lentia,
692 3438 925 3489 quocum
960 3425 1079 3491 ipse
1118 3425 1300 3493 Gyges
1341 3431 1547 3493 passim

451 3494 715 3559 iungitur.
800 3493 925 3543 Vid.
964 3510 1104 3562 quae
1144 3495 1394 3549 laudavit
1445 3500 1543 3551 Cr.

451 3564 510 3613 in
544 3564 818 3630 Fregmm.
857 3564 1076 3616 historr.
1124 3581 1180 3631 p.
1215 3567 1317 3619 203
1355 3584 1439 3635 sq.
1492 3574 1547 3619 et

449 3634 506 3681 in
533 3633 747 3684 Melett.
770 3633 816 3683 Ι.
855 3650 910 3698 p.
938 3636 1002 3687 72
1033 3640 1149 3686 not.
1180 3637 1248 3689 28
1275 3637 1346 3688 ad
1364 3639 1547 3690 Nonni

450 3706 686 3762 κιαι-αις
725 3704 817 3767 qui
850 3717 995 3753 nunc
1022 3706 1177 3755 addit
1200 3708 1436 3759 Dracon.
1478 3709 1544 3759 de

451 3770 641 3819 metris
671 3786 724 3835 p.
753 3772 821 3821 33
853 3769 998 3835 (coll.
1026 3774 1146 3839 117)
1182 3783 1404 3842 propter
1427 3793 1544 3828 ver-

452 3837 654 3888 siculos
697 3838 812 3888 illie
857 3840 1080 3904 allatos,
1134 3843 1228 3892 ubi
1276 3846 1543 3911 syllabam

450 3907 685 3972 priorem
710 3907 769 3956 in
792 3920 927 3957 voce
950 3902 1146 3974 Γύγης
1171 3911 1391 3980 longam
1425 3932 1546 3966 esse

452 3978 839 4042 grammaticus
872 3978 1172 4029 contendit.

522 4036 662 4108 μετὰ
701 4041 908 4108 Μίδην
951 4037 1054 4094 τὸν
1101 4045 1383 4115 Γορδίεω]
1440 4050 1543 4103 Oc-

452 4118 676 4164 currunt
727 4115 785 4164 in
835 4113 1048 4179 Lydica
1085 4116 1314 4169 historia
1360 4119 1544 4184 plures

450 4197 636 4248 reg-es,
675 4183 871 4248 quibus
902 4185 989 4235 vel
1026 4185 1206 4237 Midae
1239 4188 1329 4238 vel
1366 4190 1549 4242 Gor-dii

450 4266 647 4301 nomen
682 4252 959 4303 tribuitur.
1035 4256 1141 4317 Qui
1177 4256 1266 4308 hic
1301 4261 1543 4310 nomina-

448 4326 539 4370 tur
570 4321 774 4379 Midae,
811 4322 1041 4373 eundem
1076 4339 1197 4376 esse
1233 4328 1543 4393 suspicatur

448 4389 871 4457 Wesselingius,
919 4407 1078 4459 quem
1114 4395 1385 4455 Eusebius
1435 4399 1543 4450 col·

1654 991 1803 1042 locat
1838 991 2054 1056 Olymp.
2081 991 2150 1053 X,
2188 991 2238 1040 4.
2286 990 2444 1054 Quod
2473 990 2522 1039 si
2539 1003 2744 1051 verum,

1654 1062 1748 1110 ille
1773 1076 1998 1126 regnum
2024 1060 2304 1126 accepisse
2329 1059 2604 1125 putandus
2643 1060 2748 1108 erit

1656 1130 1759 1182 738
1806 1148 1857 1181 a.
1897 1131 2054 1193 Chr.,
2107 1131 2145 1180 i.
2196 1146 2244 1180 e.
2290 1129 2488 1196 viginti
2534 1129 2746 1179 duobus

1656 1206 1784 1251 ante
1821 1201 1978 1251 annis
2015 1215 2178 1266 quam
2202 1201 2384 1265 Gyges
2422 1199 2492 1251 ad
2517 1214 2746 1265 regnum

1656 1275 1878 1321 evectus
1911 1275 2012 1321 est.
2071 1272 2232 1320 Hunc
2261 1270 2467 1319 Midam
2507 1271 2566 1319 in
2611 1268 2749 1319 sella

1654 1343 1808 1407 regia
1846 1340 2125 1391 sedentem
2159 1339 2529 1405 iudiciumque
2572 1339 2747 1389 feren-

1654 1416 1762 1460 tem
1797 1411 1855 1461 in
1891 1410 2117 1460 vasculo
2153 1411 2387 1460 Etrusco
2409 1410 2587 1459 Musei
2616 1409 2742 1460 Gre-

1653 1483 1868 1545 goriani
1891 1485 2358 1546 repraesentatum
2378 1480 2652 1529 videmus:
2688 1478 2746 1526 id

1653 1551 1797 1615 quod
1833 1550 1902 1600 ad
1927 1550 2194 1601 Herodoti
2216 1550 2387 1600 verba
2418 1548 2748 1599 illustranda

1653 1619 1942 1670 admodum
1986 1620 2163 1679 valet3
2223 1619 2333 1671 vid.
2381 1619 2635 1669 Panofka
2688 1620 2747 1666 in

1651 1691 1982 1756 Archliolog.
2046 1689 2282 1755 Zeitung
2339 1689 2491 1740 1844.
2550 1704 2604 1739 n.
2655 1690 2745 1737 24.

1650 1777 1705 1825 p.
1740 1759 1843 1811 393
1878 1776 1993 1825 seq.
2046 1759 2130 1810 Ad
2160 1759 2388 1809 eundem
2424 1758 2630 1808 Midam
2666 1773 2749 1808 re-

1650 1832 2277 1880 ferunt·monumentum
2321 1830 2379 1878 in
2423 1829 2545 1893 ipsa
2578 1827 2747 1892 Phry-

1650 1901 1743 1965 gia
1804 1899 2078 1949 detectum
2143 1916 2179 1949 a
2242 1899 2562 1949 doctissimo
2625 1898 2745 1947 viro

1649 1969 1864 2033 Leake,
1913 1969 2138 2034 rupibus
2185 1970 2416 2019 incisum
2465 1968 2748 2032 literisque

1649 2041 1882 2089 vetustis
1929 2040 2278 2103 inscriptum,
2334 2039 2532 2105 quibus
2565 2038 2749 2087 Midae

1651 2110 1797 2175 regis
1833 2124 2028 2159 nomen
2053 2109 2321 2159 contineri
2355 2108 2565 2159 volunt.
2617 2107 2743 2157 vid.

1652 2180 1869 2229 Osann:
1907 2180 2087 2229 Midas
2122 2179 2254 2229 oder
2287 2176 2748 2243 Erklarungsver:

1656 2250 1790 2298 such
1812 2253 1918 2299 etc.
1942 2248 2117 2313 (Lips.
2141 2254 2195 2299 et
2206 2250 2547 2298 Darmstadt.
2566 2248 2744 2312 1830),

1654 2319 1747 2382 qui
1792 2318 1896 2368 hoc
1933 2325 2341 2369 monumentum
2380 2319 2603 2383 copiose
2637 2320 2748 2365 tra-

1654 2392 1770 2437 ctat
1784 2425 1797 2450 ,
1836 2388 1982 2452 quod
2004 2388 2146 2438 idem
2169 2388 2529 2439 exhibuerunt
2548 2387 2747 2436 Texier

1650 2457 1926 2522 Descript.
1982 2458 2048 2509 de
2092 2459 2264 2507 l’Asie
2308 2459 2550 2508 mineure
2598 2457 2645 2507 Ι.
2689 2472 2744 2521 p.

1656 2527 1757 2577 154
1790 2526 1876 2577 Pl.
1914 2528 1981 2579 56
2018 2533 2074 2579 et
2109 2529 2344 2579 Stewart
2375 2527 2649 2591 Descript.
2690 2526 2753 2576 of

1653 2611 1804 2646 some
1840 2597 2062 2648 ancient
2116 2603 2458 2648 monuments
2491 2598 2626 2647 with
2665 2597 2747 2645 in·

1656 2667 1884 2732 scrippt.
1912 2672 2017 2717 etc.
2046 2667 2199 2719 1842.
2257 2668 2504 2718 Alterum
2535 2667 2747 2729 Midam,

1654 2737 1749 2800 qui
1785 2737 1986 2786 taurini
2021 2738 2302 2801 sanguinis
2337 2738 2540 2787 haustu
2576 2738 2746 2787 vitam

1653 2806 1849 2867 finivit,
1869 2806 2140 2857 Eusebius
2162 2807 2318 2871 ponit
2336 2807 2552 2873 Olymp.
2568 2806 2747 2868 XXII,

1653 2878 1686 2925 2
1711 2877 1828 2926 sive
1850 2891 1991 2926 anno
2018 2875 2123 2927 695
2147 2882 2275 2926 ante
2301 2877 2427 2927 Chr.
2453 2893 2537 2927 n.:
2580 2892 2613 2926 a
2639 2891 2748 2941 quo

1653 2944 1773 3009 ipso
1824 2945 2075 2996 diversus
2121 2946 2214 2996 ille
2257 2947 2466 3009 Midas,
2527 2947 2594 2996 de
2639 2960 2748 3011 quo

1652 3015 1967 3065 Herodotus
2013 3016 2068 3078 1,
2107 3016 2191 3067 35.
2241 3017 2327 3065 45.
2401 3017 2485 3067 Ad
2531 3016 2747 3066 fabulo-

1652 3098 1772 3133 sum
1799 3083 1995 3135 Midam
2019 3086 2374 3150 pertinebunt
2398 3086 2582 3138 Midae
2604 3084 2768 3140 horti,

1650 3153 1708 3203 in
1744 3154 2070 3204 Macedonia
2115 3155 2259 3220 apud
2295 3155 2555 3206 Nostrum
2589 3156 2745 3215 VIII,

1652 3223 1755 3274 138
1783 3223 1878 3274 ubi
1913 3224 2027 3274 vid.
2065 3230 2204 3274 nott.
2262 3225 2346 3275 Tu
2373 3225 2500 3275 vide
2527 3226 2746 3276 omnino

1652 3290 1858 3343 Osann.
1912 3292 1949 3343 l.
1996 3293 2033 3344 l.
2082 3309 2135 3358 p.
2177 3293 2246 3346 36
2283 3309 2433 3361 seqq.
2488 3297 2556 3345 57
2590 3310 2742 3360 seqq.

1651 3360 1873 3413 Clinton
1907 3363 2061 3413 Fast.
2113 3364 2259 3415 Hell.
2296 3364 2341 3415 1.
2380 3380 2433 3429 p.
2485 3364 2587 3416 345
2626 3380 2743 3428 seq.

1649 3431 1966 3497 Boettigero
2007 3432 2146 3497 (Att.
2172 3434 2315 3484 Mus.
2348 3434 2392 3496 1,
2429 3436 2481 3484 2.
2520 3448 2576 3498 p.
2598 3434 2743 3499 354),

1652 3501 1743 3565 qui
1791 3501 1973 3552 Midae
2030 3502 2247 3553 nomine
2299 3518 2466 3568 reyem
2526 3505 2744 3553 omnino

1648 3570 1988 3689 ggnffi⁰⁸fi1
2028 3572 2307 3692 contleyndit
2330 3609 2344 3635 ‚
2429 3573 2744 3640 obloquitur

1702 3654 1858 3690 senn.
1920 3678 1935 3693 .
1994 3676 2006 3689 .
2083 3676 2097 3690 .
2209 3678 2222 3691 .

1719 3699 1774 3765 ἐς
1805 3701 1908 3758 τὸν
1944 3656 2302 3773 προξιατίζων
2338 3701 2575 3776 ἐδίκαζε]
2619 3713 2656 3762 i.
2691 3728 2740 3764 e.

1648 3781 1737 3840 „in
1772 3794 1873 3843 qua
1909 3778 2068 3843 (sella
2105 3781 2273 3847 reg-is)
2323 3783 2635 3845 praesidens
2666 3786 2746 3833 ius

1648 3847 1821 3897 dicere
1856 3848 2072 3901 solebat.
2089 3854 2122 3876 “
2197 3851 2629 3915 Praepositionis
2689 3843 2746 3908 ἐς

1648 3930 1806 3966 usum
1842 3917 1900 3967 in
1935 3917 2020 3967 his
2057 3934 2122 3968 ac
2159 3919 2429 3971 similibus
2464 3921 2746 3972 illustrant

1647 3984 1754 4035 1001
1787 3986 2084 4037 Herodotei
2125 3988 2169 4050 1,
2203 3989 2323 4039 199.
2374 3990 2490 4053 111,
2530 3992 2615 4042 14.
2652 3990 2741 4041 64.
2845 3978 2850 3983 ’

1647 4054 1743 4116 IV,
1773 4056 1891 4106 146.
1930 4056 1995 4119 v,
2029 4059 2107 4108 12.
2132 4059 2218 4109 25.
2248 4057 2334 4109 26.
2375 4059 2503 4121 vn,
2531 4056 2615 4110 15.
2659 4059 2742 4111 16.

1648 4123 1698 4185 ς.
1743 4124 1789 4175 1.
1834 4126 2097 4189 17.V111,
2127 4128 2212 4178 71.
2286 4127 2425 4179 Add.
2467 4129 2742 4179 Kuehner.

1648 4192 1741 4243 Gr.
1772 4194 1865 4245 Gr.
1888 4195 1939 4257 5.
1961 4195 2084 4247 622.
2124 4197 2231 4246 Pro
2267 4187 2484 4257 ἐδίκαζε
2503 4198 2740 4248 Fritsch.

1648 4261 1856 4323 (Kritik
1880 4265 1932 4314 d.
1955 4265 2220 4330 bisherig.
2242 4267 2565 4317 Grammatt.
2580 4282 2635 4330 p.
2650 4267 2741 4330 45)

1644 4332 1810 4383 scribi
1873 4335 2082 4385 mavult
2144 4328 2398 4386 ἐδίκασεε
2465 4335 2561 4385 sed
2628 4335 2742 4388 vid.

1644 4400 1929 4453 Mehlhorn
1964 4404 2021 4454 in
2064 4403 2209 4471 Aug.
2249 4405 2385 4455 Litt.
2423 4404 2563 4455 zeit.
2607 4400 2745 4456 1840
