3109 5092
1094 370 1592 432 EUTERPE.
1633 371 1718 431 11.
1760 381 1848 435 23.

2481 369 2606 431 475

331 541 791 632 ἀκρύσταλλος
813 546 1136 613 διατελέει
1160 546 1360 613 ἐοῦσα
1377 565 1392 580 “
1417 545 1524 613 ε’πὶ
1548 544 1621 614 δὲ·
1643 544 1817 632 χιόνι
1839 544 2135 633 πεσούσῃ
2153 550 2332 614 πᾶσα
2350 542 2608 635 ἀνάγκη

333 650 471 717 ἐστὶ
509 636 669 716 ὗσαι
717 648 792 714 έν
822 650 1021 716 πέντε
1049 644 1329 737 ἡμέρῃσι
1350 669 1365 684 ·
1414 644 1615 734 ὥστε,
1659 654 1721 717 εἰ
1749 648 2060 735 ἐχιόνιζε,
2091 645 2248 718 ὕετο
2285 643 2371 717 ἂν
2400 656 2609 718 ταῦτα

333 749 414 821 ro}
452 756 683 840 χωρία.
749 756 939 838 τρίτα
970 752 1077 834 δὲ,
1121 756 1191 819 οἰ
1230 748 1587 839 ἅνθρωποι
1622 747 1756 821 ὑπὸ
1795 756 1916 822 τοῦ
1957 752 2292 839 καύματος
2328 755 2610 839 μέλανες

335 854 574 934 ἐόντες.
606 859 847 922 ἰκτῖνοι
867 854 942 922 δὲ
963 857 1074 924 καὶ
1091 856 1432 942 χελιδόνες
1449 853 1540 923 δι’
1563 862 1742 935 ἔτεος
1759 854 1981 936 ἐόντες
2001 852 2125 924 οὐκ
2146 852 2610 940 ἀπολείπουσι,

335 962 607 1048 γέρανοι
627 958 702 1026 δὲ
717 957 1092 1044 φεύγουσαι
1107 955 1225 1027 τὸν
1248 964 1543 1047 χειμῶνα
1560 957 1679 1028 τὸν
1693 962 1769 1028 ἐν
1784 965 1866 1048 τῇ
1880 965 2201 1047 Σκυθικῇ
2216 958 2397 1047 χώρῃ
2420 960 2607 1047 γινό-

337 1089 565 1151 μενον,
596 1063 942 1149 φοιτέουσι
963 1064 1029 1141 ές
1045 1071 1397 1152 χειμασίην
1419 1064 1484 1142 ἐς
1501 1061 1658 1142 τούς
1686 1062 1933 1142 τόπους
1957 1061 2237 1141 τούτους
2251 1083 2265 1096 ·
2300 1068 2362 1130 εἰ
2376 1070 2613 1131 τοίνυν

341 1163 614 1252 ἐχιόνιζε
643 1166 753 1232 καὶ
781 1161 1041 1234 ὃσονῶν
1066 1165 1319 1254 ταύτην
1344 1163 1467 1255 τὴν
1495 1166 1745 1254 χώρην,
1770 1162 1861 1234 δι’
1882 1155 1962 1254 ἧς
1987 1192 2057 1235 τε
2089 1169 2225 1254 ῥέει
2256 1167 2368 1233 καὶ
2397 1168 2469 1234 ἐκ
2494 1172 2610 1254 τῆς

337 1266 607 1355 ἄρχεται
637 1271 813 1355 ῥέων
838 1263 874 1336 ὁ
901 1276 1168 1353 Νεῖλος,
1187 1259 1271 1357 ἦν
1297 1263 1383 1338 ἂν
1408 1268 1668 1338 τούτων
1695 1266 1919 1353 οὐδὲν,
1952 1264 2039 1349 ὦς
2066 1264 2105 1357 ἡ
2132 1266 2393 1356 ἀνάγκη
2421 1271 2606 1355 ἐλέγ-

339 1398 459 1459 χει.
507 1366 579 1439 Ὁ
611 1370 684 1439 δὲ
715 1373 868 1459 περὶ
900 1377 1022 1464 τοῦ
1040 1368 1368 1441 ’.Ωκεανοῦ
1394 1372 1615 1458 λέξας,
1661 1376 1727 1453 ἐς
1755 1369 2010 1458 ἀφανὲς
2038 1369 2155 1441 τὸν
2191 1377 2418 1460 μῦθον
2447 1369 2601 1442 ἀνε-
2620 1380 2700 1441 23

340 1480 599 1559 νείκας,
641 1470 766 1542 οὐκ
808 1480 940 1562 ἔχει
985 1482 1279 1563 ἔλεγχον.
1359 1474 1440 1545 ού
1483 1475 1612 1564 γάρ
1652 1504 1805 1546 τινα
1848 1482 2059 1563 ἔγωγε
2111 1474 2265 1543 οἶδα
2310 1474 2611 1564 ποταμὸν

341 1646 453 1692 stes
488 1643 724 1692 Graecos
767 1657 801 1691 a
838 1642 1024 1693 Creuz.
1068 1642 1319 1694 laudatos
1368 1644 1425 1692 in

341 1713 663 1764 Commentt.
700 1712 942 1762 Herodd.
990 1728 1116 1778 pag.
1163 1714 1280 1764 187.
1325 1712 1424 1763 188

340 1787 453 1834 not.
528 1781 644 1831 Iam
686 1782 743 1830 in
791 1780 1036 1833 clausula
1081 1782 1224 1832 haud
1270 1799 1424 1848 prae-

341 1851 688 1901 termittenda
709 1851 912 1916 Ephori
937 1854 1208 1902 sententia
1229 1857 1283 1901 et
1304 1854 1426 1915 ipsa

342 1924 755 1971 commemorata
781 1937 815 1970 a
836 1922 990 1986 Lydo
1019 1921 1054 1971 l.
1086 1922 1122 1972 l.
1146 1937 1270 1986 pag.
1299 1922 1421 1971 265.

342 1989 468 2041 Vid.
504 1990 731 2040 Diodor.
769 1990 880 2040 Sic.
917 1990 975 2053 Ι,
1013 1990 1080 2042 39
1131 1995 1187 2041 et
1223 1990 1426 2055 Ephori

342 2061 533 2124 fragm.
586 2074 708 2123 pag.
749 2059 852 2110 214
891 2076 1042 2126 seqq.
1118 2061 1428 2125 Aegyptum

343 2129 436 2180 ille
472 2128 710 2188 dixerat,
765 2133 956 2194 utpote
996 2130 1147 2180 fluvii
1181 2129 1306 2180 limo
1343 2146 1429 2179 or-

343 2205 473 2260 tam,
505 2197 739 2248 humoris
771 2199 982 2263 copiam
1012 2200 1068 2248 iu
1103 2215 1160 2250 se
1189 2200 1430 2262 recipere

345 2274 401 2318 et
430 2282 525 2331 per
556 2268 787 2317 hiemem
823 2269 881 2317 in
933 2284 992 2317 se
1038 2272 1428 2333 constringere,

346 2341 558 2387 aestate
591 2340 773 2386 autem
808 2342 1067 2402 tanquam
1102 2339 1325 2388 sudores
1364 2353 1430 2388 ex

347 2423 405 2457 se
447 2406 719 2467 emittere3
777 2406 921 2457 uude
968 2407 1113 2470 fieri,
1174 2412 1235 2457 ut
1271 2407 1428 2457 Nilus

343 2493 412 2526 au
455 2481 610 2526 eatur
642 2481 698 2525 et
727 2476 971 2526 inundet.

424 2540 492 2594 πὶ
525 2539 589 2593 δὲ
612 2535 763 2609 χιόνι
793 2539 1048 2608 πεσούσῃ
1081 2542 1236 2594 πᾶσα
1258 2535 1428 2608 ἀνάγ-

345 2631 415 2677 κη
467 2605 581 2663 ἐστὶ
635 2602 767 2663 ὗσαι
830 2605 891 2663 ἐν
941 2611 1108 2663 πέντε
1167 2605 1426 2680 ἡμέρῃσι]

345 2683 430 2735 Ad
469 2683 639 2733 verba
683 2674 776 2732 ἐπὶ
808 2674 957 2747 χιόνι
998 2676 1251 2746 πεσούσῃ
1289 2682 1429 2747 (eon-

345 2756 479 2804 tinuo
519 2761 637 2815 post
672 2755 825 2804 nivem
860 2754 924 2803 de
963 2756 1100 2803 coelo
1147 2753 1427 2816 delapsam)

347 2824 419 2873 cf.
448 2824 492 2883 1,
521 2822 621 2872 170
653 2822 835 2887 ibique
861 2827 1001 2873 nott.
1020 2853 1090 2861 ——
1108 2823 1236 2873 Mox
1262 2825 1431 2873 verba

346 2883 407 2941 ἐν
438 2887 601 2940 πέντε
630 2881 869 2957 ἡμέρῃσι
906 2891 1298 2956 displicuerunt
1321 2894 1429 2942 Fa-

344 2963 443 3012 bro
483 2965 538 3011 et
582 2961 877 3022 Gronovi0‚
940 2961 1033 3025 qui
1090 2962 1201 3011 alia
1247 2977 1429 3011 eorum

345 3032 463 3082 loco
517 3036 894 3096 proponerent..
982 3030 1088 3080 Sed
1129 3030 1293 3082 Gellii
1337 3047 1430 3081 au-

348 3101 655 3151 ctoritatem
700 3101 819 3150 iure
865 3101 1090 3165 opponit
1133 3101 1429 3150 wesselin-

348 3171 499 3236 gius,
557 3171 741 3220 Noctt.
789 3170 903 3221 Att.
963 3169 1131 3230 VIII,
1180 3172 1231 3220 4.
1317 3171 1430 3220 Nec

349 3240 524 3289 minus
586 3237 848 3288 credibile
902 3243 1013 3300 est,
1072 3239 1430 3302 Herodotum,

349 3302 492 3373 quae*
526 3308 742 3359 Thuriis
782 3307 971 3359 aliisve
1005 3306 1141 3358 locis
1177 3310 1292 3375 ipse
1342 3325 1431 3359 ac-

349 3377 528 3428 cidere
575 3377 789 3427 viderat
840 3383 936 3428 aut
979 3377 1048 3426 ab
1094 3376 1219 3428 aliis
1264 3379 1432 3428 fando

349 3447 621 3509 audierat,
685 3446 757 3496 ad
810 3446 1132 3505 Aethiopiae
1183 3449 1435 3512 regiones

347 3515 803 3566 transtulisse.-—-
837 3516 964 3565 Mox
987 3511 1129 3566 .ὒέτο
1170 3516 1434 3566 edidimus

350 3601 446 3652 pro
481 3575 627 3646 ὕπ’,
665 3589 727 3634 ut
765 3585 821 3633 iu
859 3586 1034 3636 Reizii
1069 3585 1309 3636 editione
1346 3602 1436 3635 ex-

350 3659 479 3705 stat.
553 3654 638 3703 De
683 3655 802 3719 ipso
845 3655 1012 3704 verbo
1064 3655 1288 3720 eiusque
1334 3671 1437 3705 usu

350 3722 496 3773 conf.
535 3722 611 3782 11,
639 3723 723 3773 16.
778 3723 929 3784 Quae
964 3728 1249 3788 praeterea
1285 3723 1439 3774 addit

352 3793 552 3842 Noster
588 3792 655 3842 de
701 3792 897 3842 adusto
938 3794 1214 3843 hominum
1260 3792 1440 3842 colore

353 3865 407 3911 et
445 3860 511 3909 de
549 3861 798 3924 gruibus,
840 3876 930 3921 ea,
967 3865 1108 3911 teste
1145 3860 1440 3911 Wesselin-

352 3930 460 3992 gio,
497 3928 645 3979 haud
667 3931 948 3995 praeteriit
973 3931 1181 3982 Seneca
1213 3932 1439 3991 Quaest.

353 4000 506 4118 ἷῖἇιᾷξ.
553 3998 660 4061 IV,
699 4001 733 4047 2
785 3999 909 4049 coll.
955 3999 1200 4064 Euripid.
1241 3998 1438 4049 Helen.

421 4126 499 4182 δι’
529 4127 681 4191 ἔτεος
700 4125 886 4191 ἐόντες
908 4123 1014 4184 οὐκ
1035 4124 1440 4198 ἀπολείπουσι]

351 4194 438 4252 δι’
487 4198 642 4259 ἔτεος
698 4209 808 4254 est:
878 4218 976 4266 per
1033 4210 1180 4254 totum
1240 4219 1438 4260 annum.

350 4272 462 4323 vid.
491 4272 737 4323 Fischer.
766 4272 836 4323 ad
859 4271 1078 4322 Weller.
1095 4272 1201 4334 111,
1225 4273 1279 4322 b.
1309 4287 1438 4336 pag.

354 4341 471 4393 169.
509 4332 842 4391 ἀπολείπειν
879 4342 1176 4392 aWerfero
1212 4339 1288 4402 (in
1315 4340 1438 4391 Act.

349 4410 501 4477 phill.
541 4411 788 4464 Monacc.
826 4411 884 4474 Ι,
919 4412 969 4461 2.
1019 4427 1074 4476 p.
1116 4407 1246 4473 272)
1280 4425 1440 4474 expo-

1525 1646 1698 1695 nitur:
1745 1643 2019 1708 auffib‘ren,
2070 1643 2340 1708 ansyehen.
2422 1645 2611 1695 Malim

1525 1714 1771 1780 equidem
1807 1714 1875 1763 ob
1911 1727 2002 1774 ea,
2040 1728 2177 1778 quae
2213 1713 2280 1762 ad
2314 1713 2388 1774 11,
2431 1713 2496 1762 19
2532 1719 2611 1782 at-

1526 1785 1655 1847 tuli,
1688 1783 1758 1833 ad
1787 1774 2167 1831 ἀπολείπουσι
2196 1798 2259 1832 ex
2285 1783 2611 1832 anteceden-

1525 1854 1671 1903 tibus
1719 1857 1964 1917 repetere
2000 1843 2067 1899 τὰ
2101 1850 2307 1915 χωρία,
2368 1851 2504 1902 adeo
2550 1858 2612 1901 ut

1527 1923 1679 1973 milvi
1722 1927 1884 1986 atque
1928 1920 2243 1970 hirundines
2295 1925 2469 1971 totum
2517 1938 2613 1986 per

1527 2007 1728 2042 annum
1771 1990 1865 2040 has
1909 1993 2139 2053 regiones
2186 2005 2281 2040 non
2326 1992 2614 2055 relinquere

1530 2063 1798 2112 dicantur.
1872 2059 1935 2109 In
1969 2073 2118 2124 seqq.
2147 2060 2475 2109 adscivimus
2511 2076 2611 2123 γι-

1532 2123 1790 2194 νόμενον
1837 2127 1956 2194 (pro
2006 2119 2369 2193 γενόμενον)
2416 2146 2446 2179 e
2490 2129 2614 2180 Flo-

1529 2201 1744 2251 rentino
1773 2197 2024 2264 aliisque3
2061 2213 2158 2262 pro
2183 2198 2334 2263 vulg.
2355 2197 2613 2262 φοιτῶσι,

1531 2271 1687 2321 cuius
1735 2268 1858 2318 loco
1905 2284 1933 2316 e
1980 2267 2294 2318 Florentino
2347 2268 2616 2332 Schweig-

1531 2341 1720 2390 haeus.
1778 2343 1833 2387 et
1880 2338 2055 2388 Gaiss.
2116 2345 2431 2402 receperant
2486 2353 2613 2401 φοι-

1531 2405 1714 2467 τέωσι,
1734 2423 1854 2458 cum
1880 2411 2109 2458 recentt.
2128 2408 2248 2458 edd.
2272 2408 2464 2473 scripsi
2486 2422 2615 2471 φοι-

1498 2476 1744 2536 τέουσι,
1782 2477 2003 2527 iubente
2036 2478 2267 2527 Bredov.
2307 2493 2359 2542 p.
2398 2478 2520 2529 386.

1601 2541 1656 2596 εἰ
1707 2544 1907 2594 τοίνυν
1970 2537 2201 2609 ἐχιόνιζε
2248 2543 2343 2598 καὶ
2391 2537 2616 2596 ὀσονῶν

1529 2607 1745 2679 ταύτην
1766 2608 1871 2677 τὴν
1901 2607 2095 2678 χώρην
2121 2629 2170 2663 κ.
2197 2629 2243 2664 τ.
2270 2611 2341 2680 λ.]
2389 2614 2620 2678 „Quodsi

1529 2689 1686 2751 igitur
1715 2686 1794 2734 vel
1820 2686 2251 2749 quantulacunque
2286 2688 2378 2734 nix
2410 2685 2619 2734 caderet

1531 2758 1675 2805 istam
1723 2756 1773 2802 in
1818 2762 2034 2813 terram,
2087 2762 2249 2802 tamen
2293 2753 2413 2802 nilu'l
2451 2768 2618 2802 eorum

1533 2824 1697 2889 (quae
1742 2822 1868 2873 inde
1919 2822 2038 2872 scil.
2089 2821 2380 2886 colligunt,
2438 2821 2619 2872 Nilum

1531 2895 1660 2943 nive
1696 2893 2071 2956 potissimum,
2133 2907 2273 2956 quae
2308 2893 2363 2941 in
2401 2890 2620 2942 Aethio-

1535 2964 1625 3028 pia
1679 2961 1871 3023 cadat,
1942 2961 2156 3025 augeri)
2227 2964 2383 3011 Iocum
2431 2961 2622 3011 habere

1525 3048 1681 3097 posse
1732 3030 1923 3095 (censet
1966 3032 2202 3090 Noster),
2257 3035 2370 3094 ipsa
2421 3034 2621 3081 ratione

1533 3101 1801 3165 noyentef‘
1883 3103 2005 3152 Hoc
2044 3102 2203 3151 modo
2242 3102 2291 3150 si
2325 3102 2504 3152 locum
2542 3101 2619 3150 in-

1534 3173 1878 3237 terpreteriS,
1932 3169 2081 3220 nulla
2130 3171 2319 3235 utique
2364 3188 2446 3221 me
2504 3185 2622 3219 sen-

1533 3243 1706 3292 tiente
1752 3243 1856 3290 erit
1902 3255 2096 3301 causa,
2151 3256 2289 3305 quae
2332 3240 2401 3289 ad
2447 3255 2624 3290 emen-

1536 3312 1773 3361 dandum
1806 3298 1906 3361 nos
1940 3314 2132 3374 cogat,
2181 3310 2415 3373 indeque
2455 3310 2621 3358 etiam

1533 3380 1919 3439 reficiendum,
1968 3377 2112 3442 quod
2158 3378 2269 3441 leg-i
2320 3378 2437 3426 vult
2487 3376 2538 3426 h.
2580 3377 2619 3426 l.

1534 3450 1818 3500 Benedict.
1854 3448 2027 3509 (Actt.
2077 3448 2267 3496 semin.
2315 3463 2428 3510 reg.
2466 3447 2619 3508 Lips.

1536 3519 1612 3569 11.
1648 3534 1700 3582 p.
1727 3515 1885 3580 286):
1922 3511 1977 3564 εἰ
2007 3513 2206 3563 τοίνυν
2242 3507 2471 3578 ἐχιόνιζε
2507 3509 2625 3563 καὶ

1538 3577 1707 3636 ὗσεν
1753 3573 1845 3634 οἶν
1881 3575 2096 3647 ταύτην
2133 3598 2179 3630 τ.
2217 3599 2266 3646 χ.
2339 3582 2424 3634 Ad
2462 3573 2626 3632 ὅσον-

1539 3655 1621 3705 ὦν
1657 3654 1804 3706 cons.
1843 3653 1889 3716 1,
1933 3653 2052 3704 199.

1902 3823 2031 3873 ΟΑΡ.
2065 3821 2277 3873 XXIII.

1598 3917 1666 3976 Ὁ
1710 3919 1775 3975 δὲ
1830 3920 1961 3986 περὶ
2008 3921 2111 3972 τοῦ
2147 3913 2421 3972 Ὠκεανοῦ
2464 3914 2631 3984 λέξας

1539 4012 1591 4045 κ.
1630 4011 1678 4044 τ.
1719 3993 1790 4058 λ.]
1839 3996 2176 4044 Hecataeum
2224 3977 2500 4042 Milessinm
2551 3994 2630 4042 in-

1541 4064 1771 4130 telligit,
1810 4070 1873 4113 ut
1907 4063 2143 4112 vidimus
2178 4063 2258 4121 11,
2298 4061 2387 4112 21.
2456 4063 2631 4112 Hero-

1542 4135 1729 4184 dotum
1773 4133 2021 4197 sequitur
2070 4131 2378 4181 Pausanias
2436 4131 2491 4193 1,
2540 4129 2627 4183 33.

1543 4206 1594 4266 §-
1632 4203 1684 4264 4,
1718 4202 1812 4251 ubi
1844 4206 2011 4266 negat
2034 4200 2331 4265 Aethiopes
2364 4199 2434 4249 ad
2459 4200 2631 4250 Ocea-

1540 4287 1671 4321 num
1703 4271 1923 4320 fluvium
1959 4269 2230 4320 habitare.
2604 4287 2611 4294 ·

1612 4331 1667 4396 ἐς
1700 4330 1919 4402 ἀφανὲς
1952 4332 2056 4387 τὸν
2086 4335 2285 4401 μῦθον
2313 4328 2627 4397 ἀνενείκας,

1542 4400 1649 4458 ούκ
1683 4402 1792 4472 ἔχει
1830 4403 2076 4473 ἔλεγχον]
2119 4407 2157 4456 i.
2185 4422 2232 4457 e.
2270 4405 2370 4456 Ille
2391 4421 2497 4454 eum
2518 4420 2631 4456 ser·-
