<?xml version="1.0" encoding="UTF-8"?>
<!DOCTYPE html PUBLIC "-//W3C//DTD XHTML 1.0 Transitional//EN"
    "http://www.w3.org/TR/xhtml1/DTD/xhtml1-transitional.dtd">
<html xmlns="http://www.w3.org/1999/xhtml" xml:lang="en" lang="en">
 <head>
  <title>
</title>
<meta http-equiv="Content-Type" content="text/html;charset=utf-8" />
  <meta name='ocr-system' content='tesseract 3.04.00' />
  <meta name='ocr-capabilities' content='ocr_page ocr_carea ocr_par ocr_line ocrx_word'/>
</head>
<body>
  <div class='ocr_page' id='page_1' title='image "./herodotihalicar02unkngoog_0428.png"; bbox 0 0 3109 5092; ppageno 0'>
   <div class='ocr_carea' id='block_1_1' title="bbox 437 296 561 358">
    <p class='ocr_par' dir='ltr' id='par_1_1' title="bbox 437 296 561 358">
     <span class='ocr_line' id='line_1_1' title="bbox 437 296 561 358; baseline 0 0"><span class='ocrx_word' id='word_1_1' title='bbox 437 296 561 358; x_wconf 78' lang='lat'>408</span> 
     </span>
    </p>
   </div>
   <div class='ocr_carea' id='block_1_2' title="bbox 1300 287 1838 350">
    <p class='ocr_par' dir='ltr' id='par_1_2' title="bbox 1300 287 1838 350">
     <span class='ocr_line' id='line_1_2' title="bbox 1300 287 1838 350; baseline -0.004 -1"><span class='ocrx_word' id='word_1_2' title='bbox 1300 287 1838 350; x_wconf 84' lang='lat' dir='ltr'>IIERODOTI</span> 
     </span>
    </p>
   </div>
   <div class='ocr_carea' id='block_1_3' title="bbox 297 450 2718 553">
    <p class='ocr_par' dir='ltr' id='par_1_3' title="bbox 297 450 2718 553">
     <span class='ocr_line' id='line_1_3' title="bbox 297 450 2718 553; baseline -0.006 -17"><span class='ocrx_word' id='word_1_3' title='bbox 297 469 766 548; x_wconf 80' lang='grc' dir='ltr'>203Ἀτλαντὶς</span> <span class='ocrx_word' id='word_1_4' title='bbox 800 467 1206 553; x_wconf 79' lang='grc' dir='ltr'><strong><em>καλεομένη,</em></strong></span> <span class='ocrx_word' id='word_1_5' title='bbox 1250 465 1361 532; x_wconf 81' lang='grc' dir='ltr'>καὶ</span> <span class='ocrx_word' id='word_1_6' title='bbox 1405 458 1446 551; x_wconf 81' lang='grc' dir='ltr'><em>ἡ</em></span> <span class='ocrx_word' id='word_1_7' title='bbox 1477 457 1807 552; x_wconf 79' lang='grc' dir='ltr'><strong><em>Ἐρυθρὴ,</em></strong></span> <span class='ocrx_word' id='word_1_8' title='bbox 1851 466 1972 548; x_wconf 81' lang='grc' dir='ltr'>μία</span> <span class='ocrx_word' id='word_1_9' title='bbox 2008 455 2324 545; x_wconf 74' lang='grc' dir='ltr'><em>τυγχάνει</em></span> <span class='ocrx_word' id='word_1_10' title='bbox 2360 458 2583 525; x_wconf 78' lang='grc' dir='ltr'><strong><em>ἐοῦσα.</em></strong></span> <span class='ocrx_word' id='word_1_11' title='bbox 2632 450 2718 523; x_wconf 85' lang='grc' dir='ltr'>Ἡ</span> 
     </span>
    </p>
   </div>
   <div class='ocr_carea' id='block_1_4' title="bbox 438 558 2706 659">
    <p class='ocr_par' dir='ltr' id='par_1_4' title="bbox 438 558 2706 659">
     <span class='ocr_line' id='line_1_4' title="bbox 438 558 2706 659; baseline -0.007 -16"><span class='ocrx_word' id='word_1_12' title='bbox 438 575 512 645; x_wconf 76' lang='grc' dir='ltr'>δὲ</span> <span class='ocrx_word' id='word_1_13' title='bbox 542 578 812 659; x_wconf 84' lang='grc' dir='ltr'><strong><em>Κασπίη</em></strong></span> <span class='ocrx_word' id='word_1_14' title='bbox 850 571 988 639; x_wconf 83' lang='grc' dir='ltr'>ἐστὶ</span> <span class='ocrx_word' id='word_1_15' title='bbox 1033 570 1220 656; x_wconf 79' lang='grc' dir='ltr'><em>ἑτέρη</em></span> <span class='ocrx_word' id='word_1_16' title='bbox 1250 563 1355 636; x_wconf 78' lang='grc' dir='ltr'>ἐπ’</span> <span class='ocrx_word' id='word_1_17' title='bbox 1391 568 1644 652; x_wconf 80' lang='grc' dir='ltr'><em>ἑωυτῆς</em></span> <span class='ocrx_word' id='word_1_18' title='bbox 1670 567 1874 633; x_wconf 82' lang='grc' dir='ltr'><strong><em>ἐοῦσα</em></strong></span> <span class='ocrx_word' id='word_1_19' title='bbox 1900 567 2109 652; x_wconf 81' lang='grc' dir='ltr'><strong><em>μῆκος</em></strong></span> <span class='ocrx_word' id='word_1_20' title='bbox 2134 561 2261 649; x_wconf 73' lang='grc' dir='ltr'>μὲν</span> <span class='ocrx_word' id='word_1_21' title='bbox 2289 558 2502 629; x_wconf 82' lang='grc' dir='ltr'><strong><em>πλόου</em></strong></span> <span class='ocrx_word' id='word_1_22' title='bbox 2533 564 2706 645; x_wconf 79' lang='grc' dir='ltr'><strong><em>εἰρε-</em></strong></span> 
     </span>
    </p>
   </div>
   <div class='ocr_carea' id='block_1_5' title="bbox 431 730 1526 3916">
    <p class='ocr_par' dir='ltr' id='par_1_5' title="bbox 434 730 1519 937">
     <span class='ocr_line' id='line_1_5' title="bbox 434 730 1515 789; baseline -0.006 -2"><span class='ocrx_word' id='word_1_23' title='bbox 434 739 656 789; x_wconf 89' lang='lat' dir='ltr'>Persico</span> <span class='ocrx_word' id='word_1_24' title='bbox 688 737 876 785; x_wconf 88' lang='lat' dir='ltr'>eadem</span> <span class='ocrx_word' id='word_1_25' title='bbox 900 750 1004 783; x_wconf 82' lang='lat' dir='ltr'>vox</span> <span class='ocrx_word' id='word_1_26' title='bbox 1027 732 1332 785; x_wconf 79' lang='lat' dir='ltr'><strong>adhibetur.</strong></span> <span class='ocrx_word' id='word_1_27' title='bbox 1377 730 1515 781; x_wconf 88' lang='lat' dir='ltr'>Add.</span> 
     </span>
     <span class='ocr_line' id='line_1_6' title="bbox 434 802 1519 858; baseline -0.007 -1"><span class='ocrx_word' id='word_1_28' title='bbox 434 807 650 858; x_wconf 82' lang='lat' dir='ltr'>Arrian.</span> <span class='ocrx_word' id='word_1_29' title='bbox 672 806 792 855; x_wconf 89' lang='lat' dir='ltr'>Ind.</span> <span class='ocrx_word' id='word_1_30' title='bbox 817 807 881 856; x_wconf 82' lang='lat'>19</span> <span class='ocrx_word' id='word_1_31' title='bbox 901 803 994 854; x_wconf 87' lang='lat' dir='ltr'>fin.</span> <span class='ocrx_word' id='word_1_32' title='bbox 1017 809 1070 853; x_wconf 89' lang='lat' dir='ltr'>et</span> <span class='ocrx_word' id='word_1_33' title='bbox 1090 805 1175 853; x_wconf 78' lang='lat'>37.</span> <span class='ocrx_word' id='word_1_34' title='bbox 1202 802 1357 851; x_wconf 83' lang='lat' dir='ltr'>Conf.</span> <span class='ocrx_word' id='word_1_35' title='bbox 1372 803 1519 852; x_wconf 73' lang='lat' dir='ltr'>‘Ren-</span> 
     </span>
     <span class='ocr_line' id='line_1_7' title="bbox 436 868 1517 938; baseline -0.008 -12"><span class='ocrx_word' id='word_1_36' title='bbox 436 876 541 926; x_wconf 88' lang='lat' dir='ltr'>nel.</span> <span class='ocrx_word' id='word_1_37' title='bbox 556 875 820 938; x_wconf 75' lang='lat' dir='ltr'>inGeogr.</span> <span class='ocrx_word' id='word_1_38' title='bbox 836 873 1037 924; x_wconf 89' lang='lat' dir='ltr'>Herod.</span> <span class='ocrx_word' id='word_1_39' title='bbox 1052 889 1105 937; x_wconf 89' lang='lat' dir='ltr'>p.</span> <span class='ocrx_word' id='word_1_40' title='bbox 1118 872 1236 934; x_wconf 79' lang='lat'>462,</span> <span class='ocrx_word' id='word_1_41' title='bbox 1252 868 1517 921; x_wconf 82' lang='lat' dir='ltr'>Scblicht-</span> 
     </span>
    </p>

    <p class='ocr_par' dir='ltr' id='par_1_6' title="bbox 436 940 1515 1007">
     <span class='ocr_line' id='line_1_8' title="bbox 436 940 1515 1007; baseline -0.007 -12"><span class='ocrx_word' id='word_1_42' title='bbox 436 947 607 997; x_wconf 87' lang='lat' dir='ltr'>horst.</span> <span class='ocrx_word' id='word_1_43' title='bbox 646 945 702 992; x_wconf 91' lang='lat' dir='ltr'>in</span> <span class='ocrx_word' id='word_1_44' title='bbox 724 942 1029 1007; x_wconf 77' lang='lat' dir='ltr'>Geograph.</span> <span class='ocrx_word' id='word_1_45' title='bbox 1061 942 1229 991; x_wconf 85' lang='lat' dir='ltr'>Afric.</span> <span class='ocrx_word' id='word_1_46' title='bbox 1254 940 1515 990; x_wconf 88' lang='lat' dir='ltr'>Herodot.</span> 
     </span>
    </p>

    <p class='ocr_par' dir='ltr' id='par_1_7' title="bbox 432 1010 1514 1092">
     <span class='ocr_line' id='line_1_9' title="bbox 432 1010 1514 1092; baseline -0.006 -28"><span class='ocrx_word' id='word_1_47' title='bbox 432 1031 559 1080; x_wconf 85' lang='lat' dir='ltr'>pag.</span> <span class='ocrx_word' id='word_1_48' title='bbox 571 1015 660 1092; x_wconf 84' lang='lat'>18,</span> <span class='ocrx_word' id='word_1_49' title='bbox 683 1013 1009 1062; x_wconf 87' lang='lat' dir='ltr'>Dahlmann.</span> <span class='ocrx_word' id='word_1_50' title='bbox 1031 1010 1364 1060; x_wconf 89' lang='lat' dir='ltr'>inHerodot.</span> <span class='ocrx_word' id='word_1_51' title='bbox 1389 1025 1514 1074; x_wconf 85' lang='lat' dir='ltr'>pag.</span> 
     </span>
    </p>

    <p class='ocr_par' dir='ltr' id='par_1_8' title="bbox 432 1050 1514 1147">
     <span class='ocr_line' id='line_1_10' title="bbox 432 1050 1514 1147; baseline -0.008 -11"><span class='ocrx_word' id='word_1_52' title='bbox 432 1085 517 1136; x_wconf 85' lang='grc'>83.</span> <span class='ocrx_word' id='word_1_53' title='bbox 559 1073 593 1147; x_wconf 83' lang='grc' dir='ltr'>ἡ</span> <span class='ocrx_word' id='word_1_54' title='bbox 627 1050 921 1143; x_wconf 78' lang='grc' dir='ltr'>Ἀτλαντὶς,</span> <span class='ocrx_word' id='word_1_55' title='bbox 958 1080 1078 1130; x_wconf 89' lang='lat' dir='ltr'>scil.</span> <span class='ocrx_word' id='word_1_56' title='bbox 1105 1071 1386 1140; x_wconf 77' lang='grc' dir='ltr'>θάλασσα,</span> <span class='ocrx_word' id='word_1_57' title='bbox 1424 1094 1514 1128; x_wconf 91' lang='lat' dir='ltr'>no-</span> 
     </span>
    </p>

    <p class='ocr_par' dir='ltr' id='par_1_9' title="bbox 431 1147 1518 1283">
     <span class='ocr_line' id='line_1_11' title="bbox 433 1147 1518 1216; baseline -0.006 -13"><span class='ocrx_word' id='word_1_58' title='bbox 433 1169 556 1204; x_wconf 90' lang='lat' dir='ltr'>men</span> <span class='ocrx_word' id='word_1_59' title='bbox 576 1152 789 1216; x_wconf 87' lang='lat' dir='ltr'>accepit</span> <span class='ocrx_word' id='word_1_60' title='bbox 813 1151 882 1200; x_wconf 89' lang='lat' dir='ltr'>ab</span> <span class='ocrx_word' id='word_1_61' title='bbox 901 1149 1140 1209; x_wconf 87' lang='lat' dir='ltr'>Atlante,</span> <span class='ocrx_word' id='word_1_62' title='bbox 1170 1150 1260 1214; x_wconf 92' lang='lat' dir='ltr'>qui</span> <span class='ocrx_word' id='word_1_63' title='bbox 1288 1148 1360 1197; x_wconf 91' lang='lat' dir='ltr'>ad</span> <span class='ocrx_word' id='word_1_64' title='bbox 1381 1147 1518 1197; x_wconf 90' lang='lat' dir='ltr'>fines</span> 
     </span>
     <span class='ocr_line' id='line_1_12' title="bbox 431 1218 1520 1283; baseline -0.008 -10"><span class='ocrx_word' id='word_1_65' title='bbox 431 1229 612 1273; x_wconf 82' lang='lat' dir='ltr'>terrae</span> <span class='ocrx_word' id='word_1_66' title='bbox 655 1220 930 1271; x_wconf 82' lang='lat' dir='ltr'>veteribus</span> <span class='ocrx_word' id='word_1_67' title='bbox 976 1218 1228 1283; x_wconf 77' lang='lat' dir='ltr'>cognitae</span> <span class='ocrx_word' id='word_1_68' title='bbox 1271 1218 1520 1267; x_wconf 88' lang='lat' dir='ltr'>occiden-</span> 
     </span>
    </p>

    <p class='ocr_par' dir='ltr' id='par_1_10' title="bbox 433 1286 1526 3916">
     <span class='ocr_line' id='line_1_13' title="bbox 434 1286 1520 1353; baseline -0.006 -12"><span class='ocrx_word' id='word_1_69' title='bbox 434 1298 545 1341; x_wconf 92' lang='lat' dir='ltr'>tem</span> <span class='ocrx_word' id='word_1_70' title='bbox 586 1305 775 1340; x_wconf 83' lang='lat' dir='ltr'>versus</span> <span class='ocrx_word' id='word_1_71' title='bbox 811 1288 1023 1353; x_wconf 87' lang='lat' dir='ltr'>positus</span> <span class='ocrx_word' id='word_1_72' title='bbox 1058 1286 1369 1351; x_wconf 86' lang='lat' dir='ltr'>coelumque</span> <span class='ocrx_word' id='word_1_73' title='bbox 1404 1301 1520 1336; x_wconf 84' lang='lat' dir='ltr'>sus-</span> 
     </span>
     <span class='ocr_line' id='line_1_14' title="bbox 435 1356 1520 1411; baseline -0.006 -1"><span class='ocrx_word' id='word_1_74' title='bbox 435 1363 612 1411; x_wconf 89' lang='lat' dir='ltr'>tinere</span> <span class='ocrx_word' id='word_1_75' title='bbox 647 1359 824 1408; x_wconf 85' lang='lat' dir='ltr'>dietus</span> <span class='ocrx_word' id='word_1_76' title='bbox 861 1359 996 1406; x_wconf 87' lang='lat' dir='ltr'>mari</span> <span class='ocrx_word' id='word_1_77' title='bbox 1037 1357 1164 1406; x_wconf 91' lang='lat' dir='ltr'>inde</span> <span class='ocrx_word' id='word_1_78' title='bbox 1205 1356 1262 1404; x_wconf 90' lang='lat' dir='ltr'>in</span> <span class='ocrx_word' id='word_1_79' title='bbox 1302 1356 1520 1404; x_wconf 90' lang='lat' dir='ltr'>immen-</span> 
     </span>
     <span class='ocr_line' id='line_1_15' title="bbox 435 1424 1521 1491; baseline -0.006 -12"><span class='ocrx_word' id='word_1_80' title='bbox 435 1445 553 1481; x_wconf 85' lang='lat' dir='ltr'>sum</span> <span class='ocrx_word' id='word_1_81' title='bbox 574 1434 796 1478; x_wconf 82' lang='lat' dir='ltr'>extenso</span> <span class='ocrx_word' id='word_1_82' title='bbox 821 1432 1125 1491; x_wconf 84' lang='lat' dir='ltr'>terramque</span> <span class='ocrx_word' id='word_1_83' title='bbox 1147 1425 1217 1474; x_wconf 86' lang='lat' dir='ltr'>ab</span> <span class='ocrx_word' id='word_1_84' title='bbox 1239 1424 1521 1474; x_wconf 88' lang='lat' dir='ltr'>occidente</span> 
     </span>
     <span class='ocr_line' id='line_1_16' title="bbox 437 1494 1516 1561; baseline -0.006 -13"><span class='ocrx_word' id='word_1_85' title='bbox 437 1499 681 1561; x_wconf 83' lang='lat' dir='ltr'>cingenti</span> <span class='ocrx_word' id='word_1_86' title='bbox 706 1511 898 1547; x_wconf 86' lang='lat' dir='ltr'>nomen</span> <span class='ocrx_word' id='word_1_87' title='bbox 922 1495 1090 1545; x_wconf 81' lang='lat' dir='ltr'>dedit.</span> <span class='ocrx_word' id='word_1_88' title='bbox 1128 1495 1341 1544; x_wconf 88' lang='lat' dir='ltr'>Monuit</span> <span class='ocrx_word' id='word_1_89' title='bbox 1364 1494 1425 1544; x_wconf 88' lang='lat' dir='ltr'>C.</span> <span class='ocrx_word' id='word_1_90' title='bbox 1451 1494 1516 1542; x_wconf 93' lang='lat' dir='ltr'>O.</span> 
     </span>
     <span class='ocr_line' id='line_1_17' title="bbox 436 1564 1516 1628; baseline -0.003 -12"><span class='ocrx_word' id='word_1_91' title='bbox 436 1566 666 1617; x_wconf 81' lang='lat' dir='ltr'>Mueller</span> <span class='ocrx_word' id='word_1_92' title='bbox 709 1567 767 1615; x_wconf 91' lang='lat' dir='ltr'>in</span> <span class='ocrx_word' id='word_1_93' title='bbox 794 1566 1067 1628; x_wconf 81' lang='lat' dir='ltr'>Goetting.</span> <span class='ocrx_word' id='word_1_94' title='bbox 1097 1565 1232 1613; x_wconf 88' lang='lat' dir='ltr'>Anz.</span> <span class='ocrx_word' id='word_1_95' title='bbox 1275 1564 1426 1614; x_wconf 86' lang='lat'>1838.</span> <span class='ocrx_word' id='word_1_96' title='bbox 1465 1579 1516 1627; x_wconf 90' lang='lat' dir='ltr'>p.</span> 
     </span>
     <span class='ocr_line' id='line_1_18' title="bbox 437 1632 1521 1688; baseline -0.006 0"><span class='ocrx_word' id='word_1_97' title='bbox 437 1636 559 1688; x_wconf 79' lang='grc'>380.</span> <span class='ocrx_word' id='word_1_98' title='bbox 621 1637 878 1686; x_wconf 86' lang='lat' dir='ltr'>Veterum</span> <span class='ocrx_word' id='word_1_99' title='bbox 923 1635 1072 1684; x_wconf 86' lang='lat' dir='ltr'>locos</span> <span class='ocrx_word' id='word_1_100' title='bbox 1124 1634 1191 1682; x_wconf 91' lang='lat' dir='ltr'>de</span> <span class='ocrx_word' id='word_1_101' title='bbox 1235 1632 1339 1682; x_wconf 90' lang='lat' dir='ltr'>hoc</span> <span class='ocrx_word' id='word_1_102' title='bbox 1386 1633 1521 1681; x_wconf 89' lang='lat' dir='ltr'>mari</span> 
     </span>
     <span class='ocr_line' id='line_1_19' title="bbox 438 1702 1521 1769; baseline -0.004 -14"><span class='ocrx_word' id='word_1_103' title='bbox 438 1708 660 1769; x_wconf 89' lang='lat' dir='ltr'>eiusque</span> <span class='ocrx_word' id='word_1_104' title='bbox 707 1703 1163 1769; x_wconf 81' lang='lat' dir='ltr'>appellationibus</span> <span class='ocrx_word' id='word_1_105' title='bbox 1201 1702 1352 1751; x_wconf 88' lang='lat' dir='ltr'>dabit</span> <span class='ocrx_word' id='word_1_106' title='bbox 1389 1703 1521 1751; x_wconf 85' lang='lat' dir='ltr'>For-</span> 
     </span>
     <span class='ocr_line' id='line_1_20' title="bbox 435 1770 1520 1840; baseline -0.002 -16"><span class='ocrx_word' id='word_1_107' title='bbox 435 1776 592 1840; x_wconf 83' lang='lat' dir='ltr'>biger</span> <span class='ocrx_word' id='word_1_108' title='bbox 611 1774 828 1824; x_wconf 88' lang='lat' dir='ltr'>Handb.</span> <span class='ocrx_word' id='word_1_109' title='bbox 846 1772 903 1822; x_wconf 81' lang='lat' dir='ltr'>d.</span> <span class='ocrx_word' id='word_1_110' title='bbox 925 1774 1022 1823; x_wconf 89' lang='lat' dir='ltr'>alt.</span> <span class='ocrx_word' id='word_1_111' title='bbox 1045 1772 1241 1836; x_wconf 83' lang='lat' dir='ltr'>Geogr.</span> <span class='ocrx_word' id='word_1_112' title='bbox 1266 1771 1344 1821; x_wconf 92' lang='lat'>11.</span> <span class='ocrx_word' id='word_1_113' title='bbox 1367 1788 1418 1836; x_wconf 88' lang='lat' dir='ltr'>p.</span> <span class='ocrx_word' id='word_1_114' title='bbox 1435 1773 1457 1822; x_wconf 92' lang='lat' dir='ltr'>l</span> <span class='ocrx_word' id='word_1_115' title='bbox 1473 1770 1520 1822; x_wconf 88' lang='lat'>1.</span> 
     </span>
     <span class='ocr_line' id='line_1_21' title="bbox 435 1840 1520 1907; baseline -0.006 -12"><span class='ocrx_word' id='word_1_116' title='bbox 435 1846 520 1895; x_wconf 89' lang='lat' dir='ltr'>De</span> <span class='ocrx_word' id='word_1_117' title='bbox 552 1844 765 1894; x_wconf 78' lang='lat' dir='ltr'>Atlante</span> <span class='ocrx_word' id='word_1_118' title='bbox 798 1840 956 1907; x_wconf 84' lang='lat' dir='ltr'>plura</span> <span class='ocrx_word' id='word_1_119' title='bbox 985 1841 1097 1893; x_wconf 82' lang='lat' dir='ltr'>vid.</span> <span class='ocrx_word' id='word_1_120' title='bbox 1138 1845 1274 1891; x_wconf 87' lang='lat' dir='ltr'>nott.</span> <span class='ocrx_word' id='word_1_121' title='bbox 1314 1841 1384 1890; x_wconf 86' lang='lat' dir='ltr'>ad</span> <span class='ocrx_word' id='word_1_122' title='bbox 1423 1841 1520 1902; x_wconf 90' lang='lat' dir='ltr'>IV,</span> 
     </span>
     <span class='ocr_line' id='line_1_22' title="bbox 440 1910 1522 1978; baseline -0.006 -14"><span class='ocrx_word' id='word_1_123' title='bbox 440 1915 555 1964; x_wconf 86' lang='grc'>184.</span> <span class='ocrx_word' id='word_1_124' title='bbox 594 1914 848 1978; x_wconf 80' lang='lat' dir='ltr'>Sequitur</span> <span class='ocrx_word' id='word_1_125' title='bbox 865 1927 995 1962; x_wconf 83' lang='lat' dir='ltr'>vero</span> <span class='ocrx_word' id='word_1_126' title='bbox 1022 1911 1166 1973; x_wconf 89' lang='lat' dir='ltr'>inde,</span> <span class='ocrx_word' id='word_1_127' title='bbox 1187 1910 1522 1961; x_wconf 88' lang='lat' dir='ltr'>Herodotum</span> 
     </span>
     <span class='ocr_line' id='line_1_23' title="bbox 436 1980 1525 2046; baseline -0.004 -15"><span class='ocrx_word' id='word_1_128' title='bbox 436 1983 655 2031; x_wconf 86' lang='lat' dir='ltr'>minime</span> <span class='ocrx_word' id='word_1_129' title='bbox 702 1981 952 2030; x_wconf 89' lang='lat' dir='ltr'>dubitare</span> <span class='ocrx_word' id='word_1_130' title='bbox 996 1982 1123 2046; x_wconf 90' lang='lat' dir='ltr'>quin</span> <span class='ocrx_word' id='word_1_131' title='bbox 1169 1980 1525 2030; x_wconf 83' lang='lat' dir='ltr'>circumnavi-</span> 
     </span>
     <span class='ocr_line' id='line_1_24' title="bbox 438 2048 1523 2115; baseline -0.003 -15"><span class='ocrx_word' id='word_1_132' title='bbox 438 2052 557 2115; x_wconf 78' lang='lat' dir='ltr'>gari</span> <span class='ocrx_word' id='word_1_133' title='bbox 595 2051 784 2100; x_wconf 85' lang='lat' dir='ltr'>Africa</span> <span class='ocrx_word' id='word_1_134' title='bbox 819 2050 1020 2113; x_wconf 78' lang='lat' dir='ltr'>possit,</span> <span class='ocrx_word' id='word_1_135' title='bbox 1074 2065 1196 2098; x_wconf 87' lang='lat' dir='ltr'>cum</span> <span class='ocrx_word' id='word_1_136' title='bbox 1231 2048 1523 2098; x_wconf 89' lang='lat' dir='ltr'>australem</span> 
     </span>
     <span class='ocr_line' id='line_1_25' title="bbox 440 2117 1523 2169; baseline -0.003 0"><span class='ocrx_word' id='word_1_137' title='bbox 440 2121 716 2169; x_wconf 75' lang='lat' dir='ltr'>Oceanum</span> <span class='ocrx_word' id='word_1_138' title='bbox 740 2120 980 2168; x_wconf 90' lang='lat' dir='ltr'>iunctum</span> <span class='ocrx_word' id='word_1_139' title='bbox 1006 2118 1156 2167; x_wconf 87' lang='lat' dir='ltr'>dicat</span> <span class='ocrx_word' id='word_1_140' title='bbox 1178 2119 1315 2166; x_wconf 89' lang='lat' dir='ltr'>mari</span> <span class='ocrx_word' id='word_1_141' title='bbox 1337 2117 1523 2167; x_wconf 85' lang='lat' dir='ltr'>Atlan-</span> 
     </span>
     <span class='ocr_line' id='line_1_26' title="bbox 438 2185 1524 2253; baseline -0.004 -15"><span class='ocrx_word' id='word_1_142' title='bbox 438 2190 547 2238; x_wconf 88' lang='lat' dir='ltr'>tico</span> <span class='ocrx_word' id='word_1_143' title='bbox 574 2195 647 2249; x_wconf 86' lang='lat' dir='ltr'>et,</span> <span class='ocrx_word' id='word_1_144' title='bbox 674 2187 813 2253; x_wconf 89' lang='lat' dir='ltr'>quod</span> <span class='ocrx_word' id='word_1_145' title='bbox 839 2187 965 2235; x_wconf 89' lang='lat' dir='ltr'>inde</span> <span class='ocrx_word' id='word_1_146' title='bbox 990 2187 1367 2251; x_wconf 86' lang='lat' dir='ltr'>proficiscitur,</span> <span class='ocrx_word' id='word_1_147' title='bbox 1389 2185 1524 2235; x_wconf 88' lang='lat' dir='ltr'>mari</span> 
     </span>
     <span class='ocr_line' id='line_1_27' title="bbox 439 2256 1524 2307; baseline -0.003 0"><span class='ocrx_word' id='word_1_148' title='bbox 439 2257 850 2307; x_wconf 88' lang='lat' dir='ltr'>mediterraneo.</span> <span class='ocrx_word' id='word_1_149' title='bbox 880 2256 964 2306; x_wconf 89' lang='lat' dir='ltr'>Ad</span> <span class='ocrx_word' id='word_1_150' title='bbox 983 2256 1124 2305; x_wconf 87' lang='lat' dir='ltr'>hunc</span> <span class='ocrx_word' id='word_1_151' title='bbox 1151 2256 1374 2305; x_wconf 89' lang='lat' dir='ltr'>marium</span> <span class='ocrx_word' id='word_1_152' title='bbox 1400 2271 1524 2305; x_wconf 82' lang='lat' dir='ltr'>eon·</span> 
     </span>
     <span class='ocr_line' id='line_1_28' title="bbox 439 2325 1525 2389; baseline -0.001 -14"><span class='ocrx_word' id='word_1_153' title='bbox 439 2343 658 2388; x_wconf 84' lang='lat' dir='ltr'>nexum,</span> <span class='ocrx_word' id='word_1_154' title='bbox 685 2331 796 2374; x_wconf 88' lang='lat' dir='ltr'>tam</span> <span class='ocrx_word' id='word_1_155' title='bbox 820 2330 1030 2375; x_wconf 80' lang='lat' dir='ltr'>mature</span> <span class='ocrx_word' id='word_1_156' title='bbox 1059 2325 1334 2388; x_wconf 84' lang='lat' dir='ltr'>cognitum</span> <span class='ocrx_word' id='word_1_157' title='bbox 1362 2329 1525 2389; x_wconf 87' lang='lat' dir='ltr'>atque</span> 
     </span>
     <span class='ocr_line' id='line_1_29' title="bbox 440 2395 1524 2457; baseline -0.003 -12"><span class='ocrx_word' id='word_1_158' title='bbox 440 2396 657 2446; x_wconf 84' lang='lat' dir='ltr'>disertis</span> <span class='ocrx_word' id='word_1_159' title='bbox 684 2395 868 2444; x_wconf 84' lang='lat' dir='ltr'>verbis</span> <span class='ocrx_word' id='word_1_160' title='bbox 893 2395 961 2443; x_wconf 89' lang='lat' dir='ltr'>ab</span> <span class='ocrx_word' id='word_1_161' title='bbox 984 2395 1264 2445; x_wconf 87' lang='lat' dir='ltr'>Herodoto</span> <span class='ocrx_word' id='word_1_162' title='bbox 1294 2409 1524 2457; x_wconf 90' lang='lat' dir='ltr'>pronun-</span> 
     </span>
     <span class='ocr_line' id='line_1_30' title="bbox 438 2462 1523 2526; baseline -0.001 -13"><span class='ocrx_word' id='word_1_163' title='bbox 438 2466 650 2526; x_wconf 87' lang='lat' dir='ltr'>tiatum,</span> <span class='ocrx_word' id='word_1_164' title='bbox 673 2464 867 2513; x_wconf 86' lang='lat' dir='ltr'>merito</span> <span class='ocrx_word' id='word_1_165' title='bbox 890 2465 1101 2513; x_wconf 88' lang='lat' dir='ltr'>attendi</span> <span class='ocrx_word' id='word_1_166' title='bbox 1121 2464 1271 2513; x_wconf 90' lang='lat' dir='ltr'>iubet</span> <span class='ocrx_word' id='word_1_167' title='bbox 1286 2463 1440 2513; x_wconf 83' lang='lat' dir='ltr'>Alex.</span> <span class='ocrx_word' id='word_1_168' title='bbox 1456 2462 1523 2512; x_wconf 87' lang='lat' dir='ltr'>ab</span> 
     </span>
     <span class='ocr_line' id='line_1_31' title="bbox 439 2533 1525 2584; baseline -0.003 0"><span class='ocrx_word' id='word_1_169' title='bbox 439 2533 767 2584; x_wconf 88' lang='lat' dir='ltr'>Humboldt:</span> <span class='ocrx_word' id='word_1_170' title='bbox 807 2533 1087 2583; x_wconf 86' lang='lat' dir='ltr'>Kritische</span> <span class='ocrx_word' id='word_1_171' title='bbox 1114 2533 1525 2584; x_wconf 88' lang='lat' dir='ltr'>Untersuchun-</span> 
     </span>
     <span class='ocr_line' id='line_1_32' title="bbox 441 2603 1526 2669; baseline -0.002 -15"><span class='ocrx_word' id='word_1_172' title='bbox 441 2620 546 2669; x_wconf 83' lang='lat' dir='ltr'>gen</span> <span class='ocrx_word' id='word_1_173' title='bbox 567 2609 671 2656; x_wconf 89' lang='lat' dir='ltr'>etc.</span> <span class='ocrx_word' id='word_1_174' title='bbox 697 2603 803 2668; x_wconf 87' lang='lat' dir='ltr'>(ed.</span> <span class='ocrx_word' id='word_1_175' title='bbox 834 2603 1034 2668; x_wconf 87' lang='lat' dir='ltr'>Ideler)</span> <span class='ocrx_word' id='word_1_176' title='bbox 1067 2603 1114 2653; x_wconf 93' lang='grc' dir='ltr'>Ι.</span> <span class='ocrx_word' id='word_1_177' title='bbox 1141 2619 1194 2668; x_wconf 92' lang='lat' dir='ltr'>p.</span> <span class='ocrx_word' id='word_1_178' title='bbox 1220 2603 1337 2654; x_wconf 76' lang='lat'>134.</span> <span class='ocrx_word' id='word_1_179' title='bbox 1373 2603 1526 2663; x_wconf 81' lang='lat' dir='ltr'>Quae</span> 
     </span>
     <span class='ocr_line' id='line_1_33' title="bbox 439 2672 1526 2737; baseline -0.001 -14"><span class='ocrx_word' id='word_1_180' title='bbox 439 2674 506 2723; x_wconf 90' lang='lat' dir='ltr'>de</span> <span class='ocrx_word' id='word_1_181' title='bbox 542 2674 742 2737; x_wconf 78' lang='lat' dir='ltr'>Caspio</span> <span class='ocrx_word' id='word_1_182' title='bbox 778 2674 913 2722; x_wconf 88' lang='lat' dir='ltr'>mari</span> <span class='ocrx_word' id='word_1_183' title='bbox 953 2675 1153 2723; x_wconf 88' lang='lat' dir='ltr'>Noster</span> <span class='ocrx_word' id='word_1_184' title='bbox 1191 2672 1408 2732; x_wconf 77' lang='lat' dir='ltr'>scribit,</span> <span class='ocrx_word' id='word_1_185' title='bbox 1455 2672 1526 2722; x_wconf 88' lang='lat' dir='ltr'>iis</span> 
     </span>
     <span class='ocr_line' id='line_1_34' title="bbox 439 2741 1524 2803; baseline -0.001 -11"><span class='ocrx_word' id='word_1_186' title='bbox 439 2743 576 2792; x_wconf 90' lang='lat' dir='ltr'>bene</span> <span class='ocrx_word' id='word_1_187' title='bbox 613 2745 786 2792; x_wconf 88' lang='lat' dir='ltr'>utitur</span> <span class='ocrx_word' id='word_1_188' title='bbox 823 2744 1125 2792; x_wconf 88' lang='lat' dir='ltr'>Heerenius</span> <span class='ocrx_word' id='word_1_189' title='bbox 1168 2741 1364 2792; x_wconf 79' lang='lat' dir='ltr'>(Ideen</span> <span class='ocrx_word' id='word_1_190' title='bbox 1395 2741 1440 2803; x_wconf 91' lang='lat'>1,</span> <span class='ocrx_word' id='word_1_191' title='bbox 1473 2743 1524 2791; x_wconf 74' lang='lat'>2.</span> 
     </span>
     <span class='ocr_line' id='line_1_35' title="bbox 440 2811 1526 2877; baseline -0.004 -15"><span class='ocrx_word' id='word_1_192' title='bbox 440 2828 565 2877; x_wconf 85' lang='lat' dir='ltr'>pag.</span> <span class='ocrx_word' id='word_1_193' title='bbox 605 2811 734 2874; x_wconf 85' lang='lat'><strong>311)</strong></span> <span class='ocrx_word' id='word_1_194' title='bbox 789 2811 855 2861; x_wconf 88' lang='lat' dir='ltr'>de</span> <span class='ocrx_word' id='word_1_195' title='bbox 910 2812 1230 2861; x_wconf 88' lang='lat' dir='ltr'>commercio</span> <span class='ocrx_word' id='word_1_196' title='bbox 1285 2815 1526 2859; x_wconf 83' lang='lat' dir='ltr'>veterum</span> 
     </span>
     <span class='ocr_line' id='line_1_36' title="bbox 440 2880 1523 2945; baseline 0 -16"><span class='ocrx_word' id='word_1_197' title='bbox 440 2881 682 2945; x_wconf 82' lang='lat' dir='ltr'>gentium</span> <span class='ocrx_word' id='word_1_198' title='bbox 719 2882 775 2929; x_wconf 93' lang='lat' dir='ltr'>in</span> <span class='ocrx_word' id='word_1_199' title='bbox 815 2880 900 2930; x_wconf 87' lang='lat' dir='ltr'>his</span> <span class='ocrx_word' id='word_1_200' title='bbox 927 2881 1234 2944; x_wconf 83' lang='lat' dir='ltr'>regionibus</span> <span class='ocrx_word' id='word_1_201' title='bbox 1269 2880 1523 2929; x_wconf 61' lang='lat' dir='ltr'>instituto</span> 
     </span>
     <span class='ocr_line' id='line_1_37' title="bbox 439 2948 1524 3013; baseline -0.001 -14"><span class='ocrx_word' id='word_1_202' title='bbox 439 2950 732 2999; x_wconf 85' lang='lat' dir='ltr'>disserens.</span> <span class='ocrx_word' id='word_1_203' title='bbox 772 2949 1083 2998; x_wconf 86' lang='lat' dir='ltr'>Herodotus</span> <span class='ocrx_word' id='word_1_204' title='bbox 1111 2950 1226 3013; x_wconf 88' lang='lat' dir='ltr'>ipse</span> <span class='ocrx_word' id='word_1_205' title='bbox 1252 2948 1352 2998; x_wconf 92' lang='lat' dir='ltr'>hoc</span> <span class='ocrx_word' id='word_1_206' title='bbox 1377 2964 1524 2998; x_wconf 89' lang='lat' dir='ltr'>mare</span> 
     </span>
     <span class='ocr_line' id='line_1_38' title="bbox 435 3018 1522 3083; baseline -0.001 -15"><span class='ocrx_word' id='word_1_207' title='bbox 435 3025 614 3068; x_wconf 90' lang='lat' dir='ltr'>utrum</span> <span class='ocrx_word' id='word_1_208' title='bbox 639 3018 836 3067; x_wconf 85' lang='lat' dir='ltr'>adierit</span> <span class='ocrx_word' id='word_1_209' title='bbox 861 3033 926 3068; x_wconf 84' lang='lat' dir='ltr'>ac</span> <span class='ocrx_word' id='word_1_210' title='bbox 951 3018 1253 3082; x_wconf 80' lang='lat' dir='ltr'>navigarit‚</span> <span class='ocrx_word' id='word_1_211' title='bbox 1279 3018 1338 3066; x_wconf 89' lang='lat' dir='ltr'>in</span> <span class='ocrx_word' id='word_1_212' title='bbox 1364 3033 1522 3083; x_wconf 86' lang='lat' dir='ltr'>quae-</span> 
     </span>
     <span class='ocr_line' id='line_1_39' title="bbox 435 3087 1522 3152; baseline 0 -15"><span class='ocrx_word' id='word_1_213' title='bbox 435 3088 668 3138; x_wconf 90' lang='lat' dir='ltr'>stionem</span> <span class='ocrx_word' id='word_1_214' title='bbox 689 3088 910 3136; x_wconf 79' lang='lat' dir='ltr'>vocavit</span> <span class='ocrx_word' id='word_1_215' title='bbox 923 3088 1108 3152; x_wconf 88' lang='lat' dir='ltr'>Heyse</span> <span class='ocrx_word' id='word_1_216' title='bbox 1130 3087 1402 3149; x_wconf 80' lang='lat' dir='ltr'>(Quaestt.</span> <span class='ocrx_word' id='word_1_217' title='bbox 1417 3088 1522 3137; x_wconf 89' lang='lat' dir='ltr'>He-</span> 
     </span>
     <span class='ocr_line' id='line_1_40' title="bbox 433 3156 1523 3221; baseline 0 -15"><span class='ocrx_word' id='word_1_218' title='bbox 433 3156 632 3206; x_wconf 88' lang='lat' dir='ltr'>rodott.</span> <span class='ocrx_word' id='word_1_219' title='bbox 663 3157 708 3205; x_wconf 92' lang='lat'>1.</span> <span class='ocrx_word' id='word_1_220' title='bbox 737 3172 864 3220; x_wconf 86' lang='lat' dir='ltr'>pag.</span> <span class='ocrx_word' id='word_1_221' title='bbox 894 3156 1030 3220; x_wconf 79' lang='grc'>100),</span> <span class='ocrx_word' id='word_1_222' title='bbox 1060 3156 1256 3221; x_wconf 90' lang='lat' dir='ltr'>ipsein</span> <span class='ocrx_word' id='word_1_223' title='bbox 1276 3157 1523 3221; x_wconf 82' lang='lat' dir='ltr'>Breigeri</span> 
     </span>
     <span class='ocr_line' id='line_1_41' title="bbox 436 3225 1522 3289; baseline 0 -14"><span class='ocrx_word' id='word_1_224' title='bbox 436 3226 764 3275; x_wconf 83' lang='lat' dir='ltr'>sententiam</span> <span class='ocrx_word' id='word_1_225' title='bbox 782 3226 1048 3276; x_wconf 84' lang='lat' dir='ltr'>accedens</span> <span class='ocrx_word' id='word_1_226' title='bbox 1063 3263 1077 3287; x_wconf 87' lang='lat'>,</span> <span class='ocrx_word' id='word_1_227' title='bbox 1100 3225 1355 3289; x_wconf 77' lang='lat' dir='ltr'>Caspium</span> <span class='ocrx_word' id='word_1_228' title='bbox 1374 3241 1522 3276; x_wconf 91' lang='lat' dir='ltr'>mare</span> 
     </span>
     <span class='ocr_line' id='line_1_42' title="bbox 433 3296 1521 3360; baseline -0.001 -14"><span class='ocrx_word' id='word_1_229' title='bbox 433 3296 637 3346; x_wconf 84' lang='lat' dir='ltr'>Nostro</span> <span class='ocrx_word' id='word_1_230' title='bbox 668 3296 885 3345; x_wconf 90' lang='lat' dir='ltr'>omnino</span> <span class='ocrx_word' id='word_1_231' title='bbox 917 3311 1027 3346; x_wconf 91' lang='lat' dir='ltr'>non</span> <span class='ocrx_word' id='word_1_232' title='bbox 1056 3301 1405 3360; x_wconf 87' lang='lat' dir='ltr'>conspectum</span> <span class='ocrx_word' id='word_1_233' title='bbox 1440 3312 1521 3345; x_wconf 88' lang='lat' dir='ltr'>es-</span> 
     </span>
     <span class='ocr_line' id='line_1_43' title="bbox 437 3364 1519 3427; baseline 0 -13"><span class='ocrx_word' id='word_1_234' title='bbox 437 3381 522 3427; x_wconf 87' lang='lat' dir='ltr'>se,</span> <span class='ocrx_word' id='word_1_235' title='bbox 562 3370 657 3415; x_wconf 90' lang='lat' dir='ltr'>aut</span> <span class='ocrx_word' id='word_1_236' title='bbox 694 3369 841 3414; x_wconf 87' lang='lat' dir='ltr'>certe</span> <span class='ocrx_word' id='word_1_237' title='bbox 876 3381 985 3414; x_wconf 88' lang='lat' dir='ltr'>non</span> <span class='ocrx_word' id='word_1_238' title='bbox 1022 3380 1231 3415; x_wconf 89' lang='lat' dir='ltr'>omnem</span> <span class='ocrx_word' id='word_1_239' title='bbox 1267 3364 1381 3414; x_wconf 89' lang='lat' dir='ltr'>eius</span> <span class='ocrx_word' id='word_1_240' title='bbox 1419 3366 1519 3414; x_wconf 89' lang='lat' dir='ltr'>cir-</span> 
     </span>
     <span class='ocr_line' id='line_1_44' title="bbox 433 3432 1519 3500; baseline -0.001 -15"><span class='ocrx_word' id='word_1_241' title='bbox 433 3436 666 3492; x_wconf 85' lang='lat' dir='ltr'>cuitum,</span> <span class='ocrx_word' id='word_1_242' title='bbox 697 3435 914 3484; x_wconf 86' lang='lat' dir='ltr'>minime</span> <span class='ocrx_word' id='word_1_243' title='bbox 938 3450 1068 3485; x_wconf 84' lang='lat' dir='ltr'>vero</span> <span class='ocrx_word' id='word_1_244' title='bbox 1097 3432 1368 3484; x_wconf 79' lang='lat' dir='ltr'>borealem</span> <span class='ocrx_word' id='word_1_245' title='bbox 1401 3450 1519 3500; x_wconf 90' lang='lat' dir='ltr'>par-</span> 
     </span>
     <span class='ocr_line' id='line_1_45' title="bbox 438 3504 1521 3570; baseline 0 -17"><span class='ocrx_word' id='word_1_246' title='bbox 438 3509 563 3556; x_wconf 88' lang='lat' dir='ltr'>tem.</span> <span class='ocrx_word' id='word_1_247' title='bbox 615 3505 802 3569; x_wconf 90' lang='lat' dir='ltr'>Neque</span> <span class='ocrx_word' id='word_1_248' title='bbox 822 3506 1101 3570; x_wconf 78' lang='lat' dir='ltr'>cuiquam,</span> <span class='ocrx_word' id='word_1_249' title='bbox 1139 3504 1229 3568; x_wconf 89' lang='lat' dir='ltr'>qui</span> <span class='ocrx_word' id='word_1_250' title='bbox 1255 3505 1521 3554; x_wconf 87' lang='lat' dir='ltr'>Herodoti</span> 
     </span>
     <span class='ocr_line' id='line_1_46' title="bbox 435 3572 1519 3638; baseline 0.001 -15"><span class='ocrx_word' id='word_1_251' title='bbox 435 3575 802 3624; x_wconf 82' lang='lat' dir='ltr'>narrationem</span> <span class='ocrx_word' id='word_1_252' title='bbox 835 3579 1045 3624; x_wconf 85' lang='lat' dir='ltr'>attente</span> <span class='ocrx_word' id='word_1_253' title='bbox 1079 3572 1386 3638; x_wconf 84' lang='lat' dir='ltr'>perlegerit,</span> <span class='ocrx_word' id='word_1_254' title='bbox 1427 3575 1519 3624; x_wconf 90' lang='lat' dir='ltr'>du-</span> 
     </span>
     <span class='ocr_line' id='line_1_47' title="bbox 436 3643 1517 3708; baseline -0.002 -15"><span class='ocrx_word' id='word_1_255' title='bbox 436 3644 583 3693; x_wconf 89' lang='lat' dir='ltr'>bium</span> <span class='ocrx_word' id='word_1_256' title='bbox 612 3644 736 3701; x_wconf 86' lang='lat' dir='ltr'>erit,</span> <span class='ocrx_word' id='word_1_257' title='bbox 770 3643 1103 3693; x_wconf 85' lang='lat' dir='ltr'>Herodotum</span> <span class='ocrx_word' id='word_1_258' title='bbox 1127 3659 1190 3692; x_wconf 91' lang='lat' dir='ltr'>eo</span> <span class='ocrx_word' id='word_1_259' title='bbox 1217 3658 1387 3708; x_wconf 87' lang='lat' dir='ltr'>usque</span> <span class='ocrx_word' id='word_1_260' title='bbox 1410 3660 1517 3693; x_wconf 92' lang='lat' dir='ltr'>non</span> 
     </span>
     <span class='ocr_line' id='line_1_48' title="bbox 436 3713 1518 3779; baseline -0.001 -16"><span class='ocrx_word' id='word_1_261' title='bbox 436 3713 766 3777; x_wconf 85' lang='lat' dir='ltr'>pervenisse,</span> <span class='ocrx_word' id='word_1_262' title='bbox 791 3713 1038 3776; x_wconf 80' lang='lat' dir='ltr'>quamvis</span> <span class='ocrx_word' id='word_1_263' title='bbox 1059 3717 1331 3766; x_wconf 84' lang='lat' dir='ltr'>accurate.</span> <span class='ocrx_word' id='word_1_264' title='bbox 1356 3729 1518 3779; x_wconf 84' lang='lat' dir='ltr'>quan-</span> 
     </span>
     <span class='ocr_line' id='line_1_49' title="bbox 437 3781 1520 3846; baseline 0.001 -16"><span class='ocrx_word' id='word_1_265' title='bbox 437 3786 549 3830; x_wconf 89' lang='lat' dir='ltr'>tum</span> <span class='ocrx_word' id='word_1_266' title='bbox 595 3781 778 3843; x_wconf 89' lang='lat' dir='ltr'>licuit,</span> <span class='ocrx_word' id='word_1_267' title='bbox 828 3783 895 3832; x_wconf 88' lang='lat' dir='ltr'>de</span> <span class='ocrx_word' id='word_1_268' title='bbox 931 3782 1013 3832; x_wconf 88' lang='lat' dir='ltr'>his</span> <span class='ocrx_word' id='word_1_269' title='bbox 1050 3782 1397 3846; x_wconf 84' lang='lat' dir='ltr'>inquisivisse</span> <span class='ocrx_word' id='word_1_270' title='bbox 1431 3783 1520 3831; x_wconf 88' lang='lat' dir='ltr'>iti-</span> 
     </span>
     <span class='ocr_line' id='line_1_50' title="bbox 438 3850 1520 3916; baseline 0.003 -17"><span class='ocrx_word' id='word_1_271' title='bbox 438 3850 664 3916; x_wconf 86' lang='lat' dir='ltr'>demque</span> <span class='ocrx_word' id='word_1_272' title='bbox 707 3851 958 3901; x_wconf 88' lang='lat' dir='ltr'>retulisse</span> <span class='ocrx_word' id='word_1_273' title='bbox 997 3851 1388 3902; x_wconf 85' lang='lat' dir='ltr'>existimandus</span> <span class='ocrx_word' id='word_1_274' title='bbox 1428 3853 1520 3903; x_wconf 88' lang='lat' dir='ltr'>sit.</span> 
     </span>
    </p>
   </div>
   <div class='ocr_carea' id='block_1_6' title="bbox 794 4021 1160 4073">
    <p class='ocr_par' dir='ltr' id='par_1_11' title="bbox 794 4021 1160 4073">
     <span class='ocr_line' id='line_1_51' title="bbox 794 4021 1160 4073; baseline 0.003 -3"><span class='ocrx_word' id='word_1_275' title='bbox 794 4021 927 4073; x_wconf 68' lang='lat' dir='ltr'>Car.</span> <span class='ocrx_word' id='word_1_276' title='bbox 967 4022 1160 4072; x_wconf 81' lang='lat' dir='ltr'>CCIII.</span> 
     </span>
    </p>
   </div>
   <div class='ocr_carea' id='block_1_7' title="bbox 432 4112 1520 4328">
    <p class='ocr_par' dir='ltr' id='par_1_12' title="bbox 432 4112 1520 4328">
     <span class='ocr_line' id='line_1_52' title="bbox 504 4112 1520 4204; baseline 0.003 -33"><span class='ocrx_word' id='word_1_277' title='bbox 504 4112 543 4204; x_wconf 82' lang='grc' dir='ltr'>ἡ</span> <span class='ocrx_word' id='word_1_278' title='bbox 567 4115 631 4172; x_wconf 75' lang='grc' dir='ltr'>δὲ</span> <span class='ocrx_word' id='word_1_279' title='bbox 652 4121 884 4200; x_wconf 79' lang='grc' dir='ltr'><strong><em>Κασπίη</em></strong></span> <span class='ocrx_word' id='word_1_280' title='bbox 912 4150 980 4161; x_wconf 89' lang='grc'>--</span> <span class='ocrx_word' id='word_1_281' title='bbox 1010 4115 1181 4174; x_wconf 74' lang='grc' dir='ltr'><strong><em>ἐοῦσα</em></strong></span> <span class='ocrx_word' id='word_1_282' title='bbox 1208 4121 1390 4189; x_wconf 84' lang='grc' dir='ltr'><strong><em>μῆκος</em></strong></span> <span class='ocrx_word' id='word_1_283' title='bbox 1415 4141 1520 4188; x_wconf 74' lang='grc' dir='ltr'>μεν</span> 
     </span>
     <span class='ocr_line' id='line_1_53' title="bbox 434 4183 1517 4260; baseline 0.003 -19"><span class='ocrx_word' id='word_1_284' title='bbox 434 4185 616 4241; x_wconf 80' lang='grc' dir='ltr'><strong><em>πλόου</em></strong></span> <span class='ocrx_word' id='word_1_285' title='bbox 642 4218 710 4228; x_wconf 66' lang='lat'>—</span> <span class='ocrx_word' id='word_1_286' title='bbox 743 4184 889 4242; x_wconf 80' lang='grc' dir='ltr'><em>ὀκτὼ</em></span> <span class='ocrx_word' id='word_1_287' title='bbox 922 4183 1198 4260; x_wconf 78' lang='grc' dir='ltr'>ἡμερέων]</span> <span class='ocrx_word' id='word_1_288' title='bbox 1249 4195 1517 4246; x_wconf 88' lang='lat' dir='ltr'>Bredovio</span> 
     </span>
     <span class='ocr_line' id='line_1_54' title="bbox 432 4262 1518 4328; baseline 0.003 -16"><span class='ocrx_word' id='word_1_289' title='bbox 432 4263 493 4312; x_wconf 90' lang='lat' dir='ltr'>in</span> <span class='ocrx_word' id='word_1_290' title='bbox 526 4262 824 4328; x_wconf 77' lang='lat' dir='ltr'>Uranolog.</span> <span class='ocrx_word' id='word_1_291' title='bbox 864 4263 1069 4318; x_wconf 88' lang='lat' dir='ltr'>Herod</span> <span class='ocrx_word' id='word_1_292' title='bbox 1109 4280 1160 4328; x_wconf 92' lang='lat' dir='ltr'>p.</span> <span class='ocrx_word' id='word_1_293' title='bbox 1195 4265 1432 4314; x_wconf 86' lang='lat' dir='ltr'>XXVIII</span> <span class='ocrx_word' id='word_1_294' title='bbox 1471 4266 1518 4315; x_wconf 89' lang='lat' dir='ltr'>si</span> 
     </span>
    </p>
   </div>
   <div class='ocr_carea' id='block_1_8' title="bbox 435 4331 1518 4403">
    <p class='ocr_par' dir='ltr' id='par_1_13' title="bbox 435 4331 1518 4403">
     <span class='ocr_line' id='line_1_55' title="bbox 435 4331 1518 4403; baseline 0 -15"><span class='ocrx_word' id='word_1_295' title='bbox 435 4331 601 4396; x_wconf 87' lang='lat' dir='ltr'>fides,</span> <span class='ocrx_word' id='word_1_296' title='bbox 651 4331 1044 4403; x_wconf 83' lang='lat' dir='ltr'>longitudinem</span> <span class='ocrx_word' id='word_1_297' title='bbox 1080 4333 1391 4386; x_wconf 84' lang='lat' dir='ltr'>Herodotus</span> <span class='ocrx_word' id='word_1_298' title='bbox 1437 4337 1518 4388; x_wconf 90' lang='lat' dir='ltr'>in-</span> 
     </span>
    </p>
   </div>
   <div class='ocr_carea' id='block_1_9' title="bbox 1620 726 2757 4335">
    <p class='ocr_par' dir='ltr' id='par_1_14' title="bbox 1620 726 2757 4335">
     <span class='ocr_line' id='line_1_56' title="bbox 1625 726 2706 788; baseline -0.007 -6"><span class='ocrx_word' id='word_1_299' title='bbox 1625 731 1833 782; x_wconf 85' lang='lat' dir='ltr'>tellexit</span> <span class='ocrx_word' id='word_1_300' title='bbox 1875 728 1943 779; x_wconf 89' lang='lat' dir='ltr'>ab</span> <span class='ocrx_word' id='word_1_301' title='bbox 1981 726 2265 778; x_wconf 88' lang='lat' dir='ltr'>occidente</span> <span class='ocrx_word' id='word_1_302' title='bbox 2310 727 2380 777; x_wconf 85' lang='lat' dir='ltr'>ad</span> <span class='ocrx_word' id='word_1_303' title='bbox 2426 727 2706 788; x_wconf 85' lang='lat' dir='ltr'>orientem,</span> 
     </span>
     <span class='ocr_line' id='line_1_57' title="bbox 1622 795 2710 867; baseline -0.006 -16"><span class='ocrx_word' id='word_1_304' title='bbox 1622 802 1804 867; x_wconf 86' lang='lat' dir='ltr'>prouti</span> <span class='ocrx_word' id='word_1_305' title='bbox 1828 802 1938 850; x_wconf 86' lang='lat' dir='ltr'>iarn</span> <span class='ocrx_word' id='word_1_306' title='bbox 1960 797 2236 848; x_wconf 85' lang='lat' dir='ltr'>veteribus</span> <span class='ocrx_word' id='word_1_307' title='bbox 2262 798 2454 858; x_wconf 85' lang='lat' dir='ltr'>visum,</span> <span class='ocrx_word' id='word_1_308' title='bbox 2477 795 2710 846; x_wconf 88' lang='lat' dir='ltr'>docente</span> 
     </span>
     <span class='ocr_line' id='line_1_58' title="bbox 1621 866 2706 932; baseline -0.006 -10"><span class='ocrx_word' id='word_1_309' title='bbox 1621 869 1878 922; x_wconf 82' lang='lat' dir='ltr'>Eustath.</span> <span class='ocrx_word' id='word_1_310' title='bbox 1918 868 1988 917; x_wconf 81' lang='lat' dir='ltr'>ad</span> <span class='ocrx_word' id='word_1_311' title='bbox 2010 868 2242 931; x_wconf 82' lang='lat' dir='ltr'>Dionys.</span> <span class='ocrx_word' id='word_1_312' title='bbox 2273 867 2544 932; x_wconf 83' lang='lat' dir='ltr'>Perieget.</span> <span class='ocrx_word' id='word_1_313' title='bbox 2583 866 2706 916; x_wconf 81' lang='grc'>720.</span> 
     </span>
     <span class='ocr_line' id='line_1_59' title="bbox 1622 935 2708 1002; baseline -0.005 -12"><span class='ocrx_word' id='word_1_314' title='bbox 1622 941 1761 991; x_wconf 83' lang='lat' dir='ltr'>Add.</span> <span class='ocrx_word' id='word_1_315' title='bbox 1788 936 2115 1002; x_wconf 89' lang='lat' dir='ltr'>Kephalides</span> <span class='ocrx_word' id='word_1_316' title='bbox 2137 936 2175 986; x_wconf 91' lang='lat' dir='ltr'>l.</span> <span class='ocrx_word' id='word_1_317' title='bbox 2199 936 2238 986; x_wconf 87' lang='lat'>1.</span> <span class='ocrx_word' id='word_1_318' title='bbox 2274 953 2326 1001; x_wconf 92' lang='lat' dir='ltr'>p.</span> <span class='ocrx_word' id='word_1_319' title='bbox 2347 936 2444 998; x_wconf 80' lang='lat'>68,</span> <span class='ocrx_word' id='word_1_320' title='bbox 2485 935 2575 1000; x_wconf 88' lang='lat' dir='ltr'>qui</span> <span class='ocrx_word' id='word_1_321' title='bbox 2604 935 2708 985; x_wconf 90' lang='lat' dir='ltr'>hoc</span> 
     </span>
     <span class='ocr_line' id='line_1_60' title="bbox 1622 1006 2709 1070; baseline -0.006 -10"><span class='ocrx_word' id='word_1_322' title='bbox 1622 1010 1781 1060; x_wconf 89' lang='lat' dir='ltr'>modo</span> <span class='ocrx_word' id='word_1_323' title='bbox 1820 1008 2001 1057; x_wconf 86' lang='lat' dir='ltr'>omnia</span> <span class='ocrx_word' id='word_1_324' title='bbox 2037 1006 2152 1055; x_wconf 79' lang='lat' dir='ltr'>fore</span> <span class='ocrx_word' id='word_1_325' title='bbox 2189 1020 2432 1056; x_wconf 82' lang='lat' dir='ltr'>consona</span> <span class='ocrx_word' id='word_1_326' title='bbox 2466 1020 2709 1070; x_wconf 81' lang='lat' dir='ltr'>pronun-</span> 
     </span>
     <span class='ocr_line' id='line_1_61' title="bbox 1620 1073 2710 1140; baseline -0.006 -10"><span class='ocrx_word' id='word_1_327' title='bbox 1620 1081 1798 1140; x_wconf 85' lang='lat' dir='ltr'>tiavit,</span> <span class='ocrx_word' id='word_1_328' title='bbox 1818 1078 1997 1127; x_wconf 89' lang='lat' dir='ltr'>Ukert</span> <span class='ocrx_word' id='word_1_329' title='bbox 2013 1073 2053 1125; x_wconf 89' lang='lat' dir='ltr'>l.</span> <span class='ocrx_word' id='word_1_330' title='bbox 2082 1074 2120 1125; x_wconf 93' lang='grc'>1.</span> <span class='ocrx_word' id='word_1_331' title='bbox 2152 1092 2204 1140; x_wconf 90' lang='lat' dir='ltr'>p.</span> <span class='ocrx_word' id='word_1_332' title='bbox 2221 1076 2323 1125; x_wconf 78' lang='lat'>212</span> <span class='ocrx_word' id='word_1_333' title='bbox 2349 1081 2513 1140; x_wconf 88' lang='lat' dir='ltr'>atque</span> <span class='ocrx_word' id='word_1_334' title='bbox 2530 1075 2710 1124; x_wconf 89' lang='lat' dir='ltr'>Doen-</span> 
     </span>
     <span class='ocr_line' id='line_1_62' title="bbox 1621 1143 2707 1214; baseline -0.006 -15"><span class='ocrx_word' id='word_1_335' title='bbox 1621 1151 1802 1214; x_wconf 84' lang='lat' dir='ltr'>niges:</span> <span class='ocrx_word' id='word_1_336' title='bbox 1851 1148 1935 1195; x_wconf 88' lang='lat' dir='ltr'>De</span> <span class='ocrx_word' id='word_1_337' title='bbox 1975 1146 2279 1210; x_wconf 86' lang='lat' dir='ltr'>Geograph.</span> <span class='ocrx_word' id='word_1_338' title='bbox 2324 1143 2530 1195; x_wconf 89' lang='lat' dir='ltr'>Herod.</span> <span class='ocrx_word' id='word_1_339' title='bbox 2573 1161 2625 1208; x_wconf 90' lang='lat' dir='ltr'>p.</span> <span class='ocrx_word' id='word_1_340' title='bbox 2656 1144 2707 1194; x_wconf 86' lang='lat'>5.</span> 
     </span>
     <span class='ocr_line' id='line_1_63' title="bbox 1623 1213 2708 1279; baseline -0.003 -10"><span class='ocrx_word' id='word_1_341' title='bbox 1623 1219 1729 1269; x_wconf 89' lang='lat' dir='ltr'>Sed</span> <span class='ocrx_word' id='word_1_342' title='bbox 1756 1215 2051 1267; x_wconf 88' lang='lat' dir='ltr'>Rennelius</span> <span class='ocrx_word' id='word_1_343' title='bbox 2074 1215 2132 1263; x_wconf 88' lang='lat' dir='ltr'>in</span> <span class='ocrx_word' id='word_1_344' title='bbox 2162 1214 2467 1279; x_wconf 81' lang='lat' dir='ltr'>Geograph.</span> <span class='ocrx_word' id='word_1_345' title='bbox 2503 1213 2708 1266; x_wconf 84' lang='lat' dir='ltr'>Herod.</span> 
     </span>
     <span class='ocr_line' id='line_1_64' title="bbox 1621 1283 2712 1353; baseline -0.006 -14"><span class='ocrx_word' id='word_1_346' title='bbox 1621 1305 1674 1353; x_wconf 91' lang='lat' dir='ltr'>p.</span> <span class='ocrx_word' id='word_1_347' title='bbox 1699 1286 1802 1339; x_wconf 75' lang='lat'>459</span> <span class='ocrx_word' id='word_1_348' title='bbox 1827 1301 1940 1351; x_wconf 91' lang='lat' dir='ltr'>seq.</span> <span class='ocrx_word' id='word_1_349' title='bbox 1980 1283 2067 1335; x_wconf 89' lang='lat' dir='ltr'>ed.</span> <span class='ocrx_word' id='word_1_350' title='bbox 2092 1299 2311 1334; x_wconf 85' lang='lat' dir='ltr'>vernae.</span> <span class='ocrx_word' id='word_1_351' title='bbox 2335 1284 2532 1333; x_wconf 87' lang='lat' dir='ltr'>nimias</span> <span class='ocrx_word' id='word_1_352' title='bbox 2566 1298 2712 1332; x_wconf 90' lang='lat' dir='ltr'>men-</span> 
     </span>
     <span class='ocr_line' id='line_1_65' title="bbox 1623 1353 2713 1418; baseline -0.006 -10"><span class='ocrx_word' id='word_1_353' title='bbox 1623 1371 1780 1408; x_wconf 82' lang='lat' dir='ltr'>suras</span> <span class='ocrx_word' id='word_1_354' title='bbox 1814 1370 1934 1406; x_wconf 88' lang='lat' dir='ltr'>esse</span> <span class='ocrx_word' id='word_1_355' title='bbox 1968 1353 2280 1416; x_wconf 88' lang='lat' dir='ltr'>contendit,</span> <span class='ocrx_word' id='word_1_356' title='bbox 2319 1367 2543 1418; x_wconf 90' lang='lat' dir='ltr'>eumque</span> <span class='ocrx_word' id='word_1_357' title='bbox 2570 1368 2713 1403; x_wconf 90' lang='lat' dir='ltr'>erro-</span> 
     </span>
     <span class='ocr_line' id='line_1_66' title="bbox 1625 1425 2713 1488; baseline -0.005 -11"><span class='ocrx_word' id='word_1_358' title='bbox 1625 1442 1765 1482; x_wconf 90' lang='lat' dir='ltr'>rem,</span> <span class='ocrx_word' id='word_1_359' title='bbox 1798 1425 1866 1475; x_wconf 85' lang='lat' dir='ltr'>ad</span> <span class='ocrx_word' id='word_1_360' title='bbox 1900 1429 2091 1474; x_wconf 87' lang='lat' dir='ltr'>nostra</span> <span class='ocrx_word' id='word_1_361' title='bbox 2125 1439 2295 1488; x_wconf 89' lang='lat' dir='ltr'>usque</span> <span class='ocrx_word' id='word_1_362' title='bbox 2320 1429 2566 1487; x_wconf 88' lang='lat' dir='ltr'>tempora</span> <span class='ocrx_word' id='word_1_363' title='bbox 2593 1437 2713 1487; x_wconf 89' lang='lat' dir='ltr'>pro-</span> 
     </span>
     <span class='ocr_line' id='line_1_67' title="bbox 1625 1489 2707 1561; baseline -0.004 -16"><span class='ocrx_word' id='word_1_364' title='bbox 1625 1501 1902 1561; x_wconf 87' lang='lat' dir='ltr'>pagatum,</span> <span class='ocrx_word' id='word_1_365' title='bbox 1929 1493 2055 1543; x_wconf 92' lang='lat' dir='ltr'>inde</span> <span class='ocrx_word' id='word_1_366' title='bbox 2078 1493 2317 1555; x_wconf 85' lang='lat' dir='ltr'>fluxisse,</span> <span class='ocrx_word' id='word_1_367' title='bbox 2345 1493 2487 1558; x_wconf 90' lang='lat' dir='ltr'>quod</span> <span class='ocrx_word' id='word_1_368' title='bbox 2510 1489 2707 1554; x_wconf 83' lang='lat' dir='ltr'>lacurn,</span> 
     </span>
     <span class='ocr_line' id='line_1_68' title="bbox 1625 1561 2712 1627; baseline -0.004 -12"><span class='ocrx_word' id='word_1_369' title='bbox 1625 1567 1713 1615; x_wconf 90' lang='lat' dir='ltr'>cui</span> <span class='ocrx_word' id='word_1_370' title='bbox 1748 1580 1891 1614; x_wconf 90' lang='lat' dir='ltr'>nunc</span> <span class='ocrx_word' id='word_1_371' title='bbox 1929 1564 2065 1613; x_wconf 70' lang='grc' dir='ltr'>ΑΜΖ</span> <span class='ocrx_word' id='word_1_372' title='bbox 2098 1579 2321 1625; x_wconf 88' lang='lat' dir='ltr'>nomen,</span> <span class='ocrx_word' id='word_1_373' title='bbox 2358 1561 2712 1627; x_wconf 83' lang='lat' dir='ltr'>probabiliter</span> 
     </span>
     <span class='ocr_line' id='line_1_69' title="bbox 1625 1632 2713 1699; baseline -0.003 -14"><span class='ocrx_word' id='word_1_374' title='bbox 1625 1635 1808 1699; x_wconf 86' lang='lat' dir='ltr'>Caspii</span> <span class='ocrx_word' id='word_1_375' title='bbox 1834 1633 1996 1682; x_wconf 89' lang='lat' dir='ltr'>maris</span> <span class='ocrx_word' id='word_1_376' title='bbox 2019 1638 2227 1696; x_wconf 88' lang='lat' dir='ltr'>partem</span> <span class='ocrx_word' id='word_1_377' title='bbox 2246 1647 2369 1682; x_wconf 84' lang='lat' dir='ltr'>esse</span> <span class='ocrx_word' id='word_1_378' title='bbox 2394 1632 2601 1696; x_wconf 85' lang='lat' dir='ltr'>opinati</span> <span class='ocrx_word' id='word_1_379' title='bbox 2631 1647 2713 1682; x_wconf 86' lang='lat' dir='ltr'>es-</span> 
     </span>
     <span class='ocr_line' id='line_1_70' title="bbox 1624 1701 2713 1767; baseline -0.003 -14"><span class='ocrx_word' id='word_1_380' title='bbox 1624 1710 1766 1757; x_wconf 79' lang='lat' dir='ltr'>sent.</span> <span class='ocrx_word' id='word_1_381' title='bbox 1804 1702 2226 1767; x_wconf 82' lang='lat' dir='ltr'>Longitudinem</span> <span class='ocrx_word' id='word_1_382' title='bbox 2247 1701 2435 1765; x_wconf 82' lang='lat' dir='ltr'>Caspii</span> <span class='ocrx_word' id='word_1_383' title='bbox 2456 1702 2619 1750; x_wconf 90' lang='lat' dir='ltr'>maris</span> <span class='ocrx_word' id='word_1_384' title='bbox 2645 1717 2713 1751; x_wconf 79' lang='lat' dir='ltr'>ex</span> 
     </span>
     <span class='ocr_line' id='line_1_71' title="bbox 1623 1770 2712 1824; baseline -0.003 -1"><span class='ocrx_word' id='word_1_385' title='bbox 1623 1773 1890 1824; x_wconf 87' lang='lat' dir='ltr'>Herodoti</span> <span class='ocrx_word' id='word_1_386' title='bbox 1920 1777 2098 1821; x_wconf 89' lang='lat' dir='ltr'>mente</span> <span class='ocrx_word' id='word_1_387' title='bbox 2135 1786 2254 1821; x_wconf 84' lang='lat' dir='ltr'>esse</span> <span class='ocrx_word' id='word_1_388' title='bbox 2289 1770 2380 1823; x_wconf 81' lang='lat'>150</span> <span class='ocrx_word' id='word_1_389' title='bbox 2403 1770 2712 1820; x_wconf 87' lang='lat' dir='ltr'>milliarium</span> 
     </span>
     <span class='ocr_line' id='line_1_72' title="bbox 1625 1840 2713 1908; baseline -0.003 -15"><span class='ocrx_word' id='word_1_390' title='bbox 1625 1842 2110 1908; x_wconf 80' lang='lat' dir='ltr'>geographicorum</span> <span class='ocrx_word' id='word_1_391' title='bbox 2129 1879 2142 1902; x_wconf 95' lang='lat'>,</span> <span class='ocrx_word' id='word_1_392' title='bbox 2178 1840 2527 1890; x_wconf 85' lang='lat' dir='ltr'>latitudinem</span> <span class='ocrx_word' id='word_1_393' title='bbox 2566 1845 2713 1891; x_wconf 88' lang='lat' dir='ltr'>octo-</span> 
     </span>
     <span class='ocr_line' id='line_1_73' title="bbox 1625 1909 2713 1977; baseline -0.002 -16"><span class='ocrx_word' id='word_1_394' title='bbox 1625 1914 1779 1977; x_wconf 83' lang='lat' dir='ltr'>ginta</span> <span class='ocrx_word' id='word_1_395' title='bbox 1814 1910 2152 1970; x_wconf 82' lang='lat' dir='ltr'>milliarium3</span> <span class='ocrx_word' id='word_1_396' title='bbox 2201 1925 2325 1960; x_wconf 88' lang='lat' dir='ltr'>cum</span> <span class='ocrx_word' id='word_1_397' title='bbox 2371 1925 2564 1960; x_wconf 84' lang='lat' dir='ltr'>revera</span> <span class='ocrx_word' id='word_1_398' title='bbox 2594 1909 2713 1960; x_wconf 90' lang='lat' dir='ltr'>lon-</span> 
     </span>
     <span class='ocr_line' id='line_1_74' title="bbox 1626 1979 2708 2046; baseline -0.003 -15"><span class='ocrx_word' id='word_1_399' title='bbox 1626 1982 1816 2046; x_wconf 80' lang='lat' dir='ltr'>gitudo</span> <span class='ocrx_word' id='word_1_400' title='bbox 1841 1981 2004 2030; x_wconf 89' lang='lat' dir='ltr'>istius</span> <span class='ocrx_word' id='word_1_401' title='bbox 2028 1979 2193 2029; x_wconf 86' lang='lat' dir='ltr'>maris</span> <span class='ocrx_word' id='word_1_402' title='bbox 2215 1979 2289 2029; x_wconf 87' lang='lat' dir='ltr'>sit</span> <span class='ocrx_word' id='word_1_403' title='bbox 2315 1984 2532 2030; x_wconf 88' lang='lat' dir='ltr'>centum</span> <span class='ocrx_word' id='word_1_404' title='bbox 2556 1995 2708 2030; x_wconf 81' lang='lat' dir='ltr'>sexa-</span> 
     </span>
     <span class='ocr_line' id='line_1_75' title="bbox 1626 2048 2714 2115; baseline -0.001 -16"><span class='ocrx_word' id='word_1_405' title='bbox 1626 2052 1784 2115; x_wconf 78' lang='lat' dir='ltr'>ginta</span> <span class='ocrx_word' id='word_1_406' title='bbox 1804 2048 2134 2110; x_wconf 88' lang='lat' dir='ltr'>milliarium,</span> <span class='ocrx_word' id='word_1_407' title='bbox 2158 2048 2395 2100; x_wconf 88' lang='lat' dir='ltr'>latitudo</span> <span class='ocrx_word' id='word_1_408' title='bbox 2422 2050 2478 2099; x_wconf 90' lang='lat' dir='ltr'>in</span> <span class='ocrx_word' id='word_1_409' title='bbox 2503 2053 2714 2114; x_wconf 86' lang='lat' dir='ltr'>septen-</span> 
     </span>
     <span class='ocr_line' id='line_1_76' title="bbox 1627 2118 2714 2183; baseline 0 -15"><span class='ocrx_word' id='word_1_410' title='bbox 1627 2119 1846 2169; x_wconf 84' lang='lat' dir='ltr'>trionali</span> <span class='ocrx_word' id='word_1_411' title='bbox 1895 2122 2049 2183; x_wconf 79' lang='lat' dir='ltr'>parte</span> <span class='ocrx_word' id='word_1_412' title='bbox 2101 2119 2330 2182; x_wconf 81' lang='lat' dir='ltr'>triginta</span> <span class='ocrx_word' id='word_1_413' title='bbox 2382 2118 2605 2168; x_wconf 89' lang='lat' dir='ltr'>duorum</span> <span class='ocrx_word' id='word_1_414' title='bbox 2658 2121 2714 2168; x_wconf 84' lang='lat' dir='ltr'>et</span> 
     </span>
     <span class='ocr_line' id='line_1_77' title="bbox 1625 2187 2714 2247; baseline -0.001 -9"><span class='ocrx_word' id='word_1_415' title='bbox 1625 2188 1785 2238; x_wconf 88' lang='lat' dir='ltr'>unius</span> <span class='ocrx_word' id='word_1_416' title='bbox 1834 2187 2129 2247; x_wconf 79' lang='lat' dir='ltr'>dimidiati,</span> <span class='ocrx_word' id='word_1_417' title='bbox 2174 2190 2231 2238; x_wconf 92' lang='lat' dir='ltr'>in</span> <span class='ocrx_word' id='word_1_418' title='bbox 2268 2187 2604 2238; x_wconf 87' lang='lat' dir='ltr'>meridionali</span> <span class='ocrx_word' id='word_1_419' title='bbox 2636 2189 2714 2237; x_wconf 87' lang='lat' dir='ltr'>vi-</span> 
     </span>
     <span class='ocr_line' id='line_1_78' title="bbox 1627 2255 2714 2322; baseline 0.001 -16"><span class='ocrx_word' id='word_1_420' title='bbox 1627 2258 1767 2319; x_wconf 68' lang='lat' dir='ltr'>ginti</span> <span class='ocrx_word' id='word_1_421' title='bbox 1791 2263 2020 2322; x_wconf 80' lang='lat' dir='ltr'>quatuor</span> <span class='ocrx_word' id='word_1_422' title='bbox 2044 2255 2371 2307; x_wconf 76' lang='lat' dir='ltr'>miIIIarium.</span> <span class='ocrx_word' id='word_1_423' title='bbox 2422 2258 2562 2307; x_wconf 85' lang='lat' dir='ltr'>Add.</span> <span class='ocrx_word' id='word_1_424' title='bbox 2585 2259 2714 2308; x_wconf 81' lang='lat' dir='ltr'>Sza-</span> 
     </span>
     <span class='ocr_line' id='line_1_79' title="bbox 1626 2326 2712 2392; baseline 0.002 -16"><span class='ocrx_word' id='word_1_425' title='bbox 1626 2326 1695 2376; x_wconf 92' lang='lat' dir='ltr'>bo</span> <span class='ocrx_word' id='word_1_426' title='bbox 1749 2327 2022 2390; x_wconf 85' lang='lat' dir='ltr'>Descript.</span> <span class='ocrx_word' id='word_1_427' title='bbox 2061 2327 2247 2390; x_wconf 88' lang='lat' dir='ltr'>imper.</span> <span class='ocrx_word' id='word_1_428' title='bbox 2284 2327 2492 2377; x_wconf 85' lang='lat' dir='ltr'>Persic.</span> <span class='ocrx_word' id='word_1_429' title='bbox 2530 2344 2584 2392; x_wconf 87' lang='lat' dir='ltr'>p.</span> <span class='ocrx_word' id='word_1_430' title='bbox 2622 2328 2712 2378; x_wconf 86' lang='lat'>53.</span> 
     </span>
     <span class='ocr_line' id='line_1_80' title="bbox 1630 2395 2714 2460; baseline 0 -14"><span class='ocrx_word' id='word_1_431' title='bbox 1630 2396 1737 2446; x_wconf 88' lang='lat' dir='ltr'>Sed</span> <span class='ocrx_word' id='word_1_432' title='bbox 1769 2411 1905 2445; x_wconf 86' lang='lat' dir='ltr'>cave</span> <span class='ocrx_word' id='word_1_433' title='bbox 1933 2395 2270 2446; x_wconf 87' lang='lat' dir='ltr'>Herodotum</span> <span class='ocrx_word' id='word_1_434' title='bbox 2305 2397 2481 2460; x_wconf 86' lang='lat' dir='ltr'>ipsum</span> <span class='ocrx_word' id='word_1_435' title='bbox 2517 2397 2714 2446; x_wconf 86' lang='lat' dir='ltr'>erroris</span> 
     </span>
     <span class='ocr_line' id='line_1_81' title="bbox 1631 2464 2715 2530; baseline 0 -16"><span class='ocrx_word' id='word_1_436' title='bbox 1631 2466 1864 2527; x_wconf 87' lang='lat' dir='ltr'>incuses,</span> <span class='ocrx_word' id='word_1_437' title='bbox 1879 2480 2037 2529; x_wconf 87' lang='lat' dir='ltr'>quem</span> <span class='ocrx_word' id='word_1_438' title='bbox 2056 2466 2257 2530; x_wconf 87' lang='lat' dir='ltr'>optime</span> <span class='ocrx_word' id='word_1_439' title='bbox 2272 2467 2444 2516; x_wconf 87' lang='lat' dir='ltr'>tuitus</span> <span class='ocrx_word' id='word_1_440' title='bbox 2461 2469 2545 2516; x_wconf 84' lang='lat' dir='ltr'>est</span> <span class='ocrx_word' id='word_1_441' title='bbox 2554 2464 2715 2516; x_wconf 87' lang='lat' dir='ltr'>Eich-</span> 
     </span>
     <span class='ocr_line' id='line_1_82' title="bbox 1628 2532 2716 2598; baseline 0 -13"><span class='ocrx_word' id='word_1_442' title='bbox 1628 2533 1773 2585; x_wconf 81' lang='lat' dir='ltr'>wald</span> <span class='ocrx_word' id='word_1_443' title='bbox 1808 2534 1845 2583; x_wconf 91' lang='lat' dir='ltr'>l.</span> <span class='ocrx_word' id='word_1_444' title='bbox 1868 2532 1904 2584; x_wconf 90' lang='lat'>1.</span> <span class='ocrx_word' id='word_1_445' title='bbox 1946 2549 2070 2598; x_wconf 80' lang='lat' dir='ltr'>pag.</span> <span class='ocrx_word' id='word_1_446' title='bbox 2099 2534 2271 2585; x_wconf 84' lang='lat'>12.13</span> <span class='ocrx_word' id='word_1_447' title='bbox 2314 2541 2368 2584; x_wconf 88' lang='lat' dir='ltr'>et</span> <span class='ocrx_word' id='word_1_448' title='bbox 2397 2536 2614 2584; x_wconf 85' lang='lat' dir='ltr'>Dureau</span> <span class='ocrx_word' id='word_1_449' title='bbox 2647 2535 2716 2585; x_wconf 89' lang='lat' dir='ltr'>de</span> 
     </span>
     <span class='ocr_line' id='line_1_83' title="bbox 1628 2604 2715 2669; baseline 0 -15"><span class='ocrx_word' id='word_1_450' title='bbox 1628 2604 1873 2654; x_wconf 87' lang='lat' dir='ltr'>Lamalle</span> <span class='ocrx_word' id='word_1_451' title='bbox 1896 2604 1953 2652; x_wconf 91' lang='lat' dir='ltr'>in</span> <span class='ocrx_word' id='word_1_452' title='bbox 1979 2604 2320 2669; x_wconf 85' lang='lat' dir='ltr'>Geographie</span> <span class='ocrx_word' id='word_1_453' title='bbox 2359 2604 2621 2669; x_wconf 85' lang='lat' dir='ltr'>physique</span> <span class='ocrx_word' id='word_1_454' title='bbox 2647 2605 2715 2654; x_wconf 92' lang='lat' dir='ltr'>de</span> 
     </span>
     <span class='ocr_line' id='line_1_84' title="bbox 1628 2672 2713 2740; baseline 0.002 -17"><span class='ocrx_word' id='word_1_455' title='bbox 1628 2674 1683 2723; x_wconf 89' lang='lat' dir='ltr'>la</span> <span class='ocrx_word' id='word_1_456' title='bbox 1713 2690 1822 2723; x_wconf 88' lang='lat' dir='ltr'>mer</span> <span class='ocrx_word' id='word_1_457' title='bbox 1848 2672 2000 2723; x_wconf 87' lang='lat' dir='ltr'>noire</span> <span class='ocrx_word' id='word_1_458' title='bbox 2021 2678 2125 2722; x_wconf 87' lang='lat' dir='ltr'>etc.</span> <span class='ocrx_word' id='word_1_459' title='bbox 2153 2674 2336 2740; x_wconf 83' lang='lat' dir='ltr'>(Paris</span> <span class='ocrx_word' id='word_1_460' title='bbox 2361 2672 2523 2735; x_wconf 87' lang='grc'>1807)</span> <span class='ocrx_word' id='word_1_461' title='bbox 2553 2673 2713 2738; x_wconf 87' lang='lat' dir='ltr'>chap.</span> 
     </span>
     <span class='ocr_line' id='line_1_85' title="bbox 1628 2742 2715 2808; baseline -0.001 -15"><span class='ocrx_word' id='word_1_462' title='bbox 1628 2743 1856 2793; x_wconf 86' lang='lat' dir='ltr'>XXVII.</span> <span class='ocrx_word' id='word_1_463' title='bbox 1894 2758 2021 2808; x_wconf 87' lang='lat' dir='ltr'>pag.</span> <span class='ocrx_word' id='word_1_464' title='bbox 2048 2742 2363 2794; x_wconf 72' lang='lat'>184—195.</span> <span class='ocrx_word' id='word_1_465' title='bbox 2429 2744 2534 2792; x_wconf 87' lang='lat' dir='ltr'>Vix</span> <span class='ocrx_word' id='word_1_466' title='bbox 2572 2744 2715 2793; x_wconf 86' lang='lat' dir='ltr'>enim</span> 
     </span>
     <span class='ocr_line' id='line_1_86' title="bbox 1629 2811 2718 2874; baseline 0.003 -14"><span class='ocrx_word' id='word_1_467' title='bbox 1629 2811 1849 2864; x_wconf 88' lang='lat' dir='ltr'>dubium</span> <span class='ocrx_word' id='word_1_468' title='bbox 1886 2828 2006 2862; x_wconf 84' lang='lat' dir='ltr'>esse</span> <span class='ocrx_word' id='word_1_469' title='bbox 2044 2817 2459 2874; x_wconf 87' lang='lat' dir='ltr'>commonstrat,</span> <span class='ocrx_word' id='word_1_470' title='bbox 2498 2812 2718 2863; x_wconf 86' lang='lat' dir='ltr'>deserta</span> 
     </span>
     <span class='ocr_line' id='line_1_87' title="bbox 1627 2881 2712 2947; baseline 0.002 -17"><span class='ocrx_word' id='word_1_471' title='bbox 1627 2882 1737 2930; x_wconf 88' lang='lat' dir='ltr'>ista</span> <span class='ocrx_word' id='word_1_472' title='bbox 1776 2881 1901 2932; x_wconf 89' lang='lat' dir='ltr'>loca</span> <span class='ocrx_word' id='word_1_473' title='bbox 1943 2886 2106 2946; x_wconf 90' lang='lat' dir='ltr'>atque</span> <span class='ocrx_word' id='word_1_474' title='bbox 2148 2881 2401 2947; x_wconf 86' lang='lat' dir='ltr'>planities</span> <span class='ocrx_word' id='word_1_475' title='bbox 2436 2897 2712 2945; x_wconf 73' lang='lat' dir='ltr'>arenosae,</span> 
     </span>
     <span class='ocr_line' id='line_1_88' title="bbox 1628 2951 2712 3017; baseline 0.002 -17"><span class='ocrx_word' id='word_1_476' title='bbox 1628 2966 1767 3016; x_wconf 87' lang='lat' dir='ltr'>quae</span> <span class='ocrx_word' id='word_1_477' title='bbox 1803 2968 1945 3001; x_wconf 90' lang='lat' dir='ltr'>nunc</span> <span class='ocrx_word' id='word_1_478' title='bbox 1983 2951 2254 3001; x_wconf 87' lang='lat' dir='ltr'>intersunt</span> <span class='ocrx_word' id='word_1_479' title='bbox 2291 2953 2432 3002; x_wconf 90' lang='lat' dir='ltr'>inter</span> <span class='ocrx_word' id='word_1_480' title='bbox 2458 2952 2712 3017; x_wconf 84' lang='lat' dir='ltr'>Caspium</span> 
     </span>
     <span class='ocr_line' id='line_1_89' title="bbox 1626 3019 2712 3087; baseline 0.004 -19"><span class='ocrx_word' id='word_1_481' title='bbox 1626 3035 1776 3069; x_wconf 89' lang='lat' dir='ltr'>mare</span> <span class='ocrx_word' id='word_1_482' title='bbox 1812 3025 1866 3069; x_wconf 88' lang='lat' dir='ltr'>et</span> <span class='ocrx_word' id='word_1_483' title='bbox 1903 3019 2080 3070; x_wconf 88' lang='lat' dir='ltr'>lacum</span> <span class='ocrx_word' id='word_1_484' title='bbox 2115 3021 2277 3081; x_wconf 84' lang='lat' dir='ltr'>Aral,</span> <span class='ocrx_word' id='word_1_485' title='bbox 2315 3037 2565 3087; x_wconf 84' lang='lat' dir='ltr'>magnam</span> <span class='ocrx_word' id='word_1_486' title='bbox 2593 3038 2712 3087; x_wconf 90' lang='lat' dir='ltr'>par-</span> 
     </span>
     <span class='ocr_line' id='line_1_90' title="bbox 1626 3090 2711 3156; baseline 0.004 -18"><span class='ocrx_word' id='word_1_487' title='bbox 1626 3094 1737 3138; x_wconf 89' lang='lat' dir='ltr'>tem</span> <span class='ocrx_word' id='word_1_488' title='bbox 1767 3090 1836 3139; x_wconf 92' lang='lat' dir='ltr'>ad</span> <span class='ocrx_word' id='word_1_489' title='bbox 1871 3090 2016 3140; x_wconf 88' lang='lat' dir='ltr'>istud</span> <span class='ocrx_word' id='word_1_490' title='bbox 2047 3091 2220 3154; x_wconf 85' lang='lat' dir='ltr'>ipsum</span> <span class='ocrx_word' id='word_1_491' title='bbox 2252 3107 2400 3140; x_wconf 87' lang='lat' dir='ltr'>mare</span> <span class='ocrx_word' id='word_1_492' title='bbox 2432 3091 2562 3141; x_wconf 85' lang='lat' dir='ltr'>olim</span> <span class='ocrx_word' id='word_1_493' title='bbox 2594 3109 2711 3156; x_wconf 88' lang='lat' dir='ltr'>per-</span> 
     </span>
     <span class='ocr_line' id='line_1_91' title="bbox 1627 3159 2712 3224; baseline 0.006 -18"><span class='ocrx_word' id='word_1_494' title='bbox 1627 3159 1888 3220; x_wconf 86' lang='lat' dir='ltr'>tinuisse,</span> <span class='ocrx_word' id='word_1_495' title='bbox 1948 3163 2246 3224; x_wconf 79' lang='lat' dir='ltr'>temporum</span> <span class='ocrx_word' id='word_1_496' title='bbox 2298 3176 2427 3211; x_wconf 78' lang='lat' dir='ltr'>vero</span> <span class='ocrx_word' id='word_1_497' title='bbox 2482 3161 2712 3212; x_wconf 83' lang='lat' dir='ltr'>decursu</span> 
     </span>
     <span class='ocr_line' id='line_1_92' title="bbox 1623 3230 2716 3294; baseline 0.003 -16"><span class='ocrx_word' id='word_1_498' title='bbox 1623 3234 1769 3278; x_wconf 88' lang='lat' dir='ltr'>terra</span> <span class='ocrx_word' id='word_1_499' title='bbox 1818 3235 1981 3294; x_wconf 87' lang='lat' dir='ltr'>atque</span> <span class='ocrx_word' id='word_1_500' title='bbox 2027 3244 2193 3279; x_wconf 88' lang='lat' dir='ltr'>arena</span> <span class='ocrx_word' id='word_1_501' title='bbox 2244 3230 2425 3279; x_wconf 87' lang='lat' dir='ltr'>fluviis</span> <span class='ocrx_word' id='word_1_502' title='bbox 2480 3230 2716 3281; x_wconf 80' lang='lat' dir='ltr'>advecta</span> 
     </span>
     <span class='ocr_line' id='line_1_93' title="bbox 1624 3299 2714 3363; baseline 0.003 -15"><span class='ocrx_word' id='word_1_503' title='bbox 1624 3313 1744 3348; x_wconf 89' lang='lat' dir='ltr'>cum</span> <span class='ocrx_word' id='word_1_504' title='bbox 1767 3299 1973 3363; x_wconf 85' lang='lat' dir='ltr'>reliqua</span> <span class='ocrx_word' id='word_1_505' title='bbox 1990 3303 2137 3349; x_wconf 88' lang='lat' dir='ltr'>terra</span> <span class='ocrx_word' id='word_1_506' title='bbox 2158 3299 2461 3350; x_wconf 87' lang='lat' dir='ltr'>continenti</span> <span class='ocrx_word' id='word_1_507' title='bbox 2483 3301 2564 3350; x_wconf 88' lang='lat' dir='ltr'>ita</span> <span class='ocrx_word' id='word_1_508' title='bbox 2584 3302 2714 3351; x_wconf 82' lang='lat' dir='ltr'>fuis-</span> 
     </span>
     <span class='ocr_line' id='line_1_94' title="bbox 1624 3369 2711 3430; baseline 0.004 -14"><span class='ocrx_word' id='word_1_509' title='bbox 1624 3383 1684 3417; x_wconf 90' lang='lat' dir='ltr'>se</span> <span class='ocrx_word' id='word_1_510' title='bbox 1721 3370 2039 3430; x_wconf 81' lang='lat' dir='ltr'>coniuncta,</span> <span class='ocrx_word' id='word_1_511' title='bbox 2083 3373 2144 3418; x_wconf 88' lang='lat' dir='ltr'>ut</span> <span class='ocrx_word' id='word_1_512' title='bbox 2175 3385 2297 3420; x_wconf 84' lang='lat' dir='ltr'>mox</span> <span class='ocrx_word' id='word_1_513' title='bbox 2328 3369 2491 3419; x_wconf 87' lang='lat' dir='ltr'>maris</span> <span class='ocrx_word' id='word_1_514' title='bbox 2532 3370 2711 3420; x_wconf 89' lang='lat' dir='ltr'>undae</span> 
     </span>
     <span class='ocr_line' id='line_1_95' title="bbox 1623 3438 2713 3502; baseline 0.003 -16"><span class='ocrx_word' id='word_1_515' title='bbox 1623 3438 1839 3502; x_wconf 87' lang='lat' dir='ltr'>penitus</span> <span class='ocrx_word' id='word_1_516' title='bbox 1876 3439 2218 3488; x_wconf 84' lang='lat' dir='ltr'>recesserint.</span> <span class='ocrx_word' id='word_1_517' title='bbox 2266 3438 2426 3488; x_wconf 88' lang='lat' dir='ltr'>Unde</span> <span class='ocrx_word' id='word_1_518' title='bbox 2460 3439 2599 3489; x_wconf 84' lang='lat' dir='ltr'>alius</span> <span class='ocrx_word' id='word_1_519' title='bbox 2628 3440 2713 3489; x_wconf 81' lang='lat' dir='ltr'>vir</span> 
     </span>
     <span class='ocr_line' id='line_1_96' title="bbox 1624 3506 2709 3571; baseline 0.004 -15"><span class='ocrx_word' id='word_1_520' title='bbox 1624 3507 1816 3556; x_wconf 88' lang='lat' dir='ltr'>doctus</span> <span class='ocrx_word' id='word_1_521' title='bbox 1853 3506 2251 3571; x_wconf 76' lang='lat' dir='ltr'>(Morgenblatt</span> <span class='ocrx_word' id='word_1_522' title='bbox 2289 3507 2442 3559; x_wconf 72' lang='lat'>1834.</span> <span class='ocrx_word' id='word_1_523' title='bbox 2485 3509 2709 3560; x_wconf 81' lang='lat' dir='ltr'>nr.238.</span> 
     </span>
     <span class='ocr_line' id='line_1_97' title="bbox 1621 3576 2757 3642; baseline 0.004 -17"><span class='ocrx_word' id='word_1_524' title='bbox 1621 3593 1672 3641; x_wconf 90' lang='lat' dir='ltr'>p.</span> <span class='ocrx_word' id='word_1_525' title='bbox 1697 3576 1821 3642; x_wconf 75' lang='lat'>952)</span> <span class='ocrx_word' id='word_1_526' title='bbox 1848 3576 2098 3637; x_wconf 87' lang='lat' dir='ltr'>coniecit,</span> <span class='ocrx_word' id='word_1_527' title='bbox 2136 3592 2281 3626; x_wconf 88' lang='lat' dir='ltr'>mare</span> <span class='ocrx_word' id='word_1_528' title='bbox 2308 3578 2561 3642; x_wconf 86' lang='lat' dir='ltr'>Caspium</span> <span class='ocrx_word' id='word_1_529' title='bbox 2583 3577 2710 3629; x_wconf 87' lang='lat' dir='ltr'>olim</span> <span class='ocrx_word' id='word_1_530' title='bbox 2748 3587 2757 3598; x_wconf 86' lang='lat'><strong><em>‘</em></strong></span> 
     </span>
     <span class='ocr_line' id='line_1_98' title="bbox 1623 3645 2710 3698; baseline 0.003 -3"><span class='ocrx_word' id='word_1_531' title='bbox 1623 3646 1970 3695; x_wconf 86' lang='lat' dir='ltr'>coniunctum</span> <span class='ocrx_word' id='word_1_532' title='bbox 2019 3647 2188 3696; x_wconf 82' lang='lat' dir='ltr'>fuisse</span> <span class='ocrx_word' id='word_1_533' title='bbox 2237 3663 2355 3696; x_wconf 85' lang='lat' dir='ltr'>cum</span> <span class='ocrx_word' id='word_1_534' title='bbox 2406 3646 2526 3696; x_wconf 89' lang='lat' dir='ltr'>lacu</span> <span class='ocrx_word' id='word_1_535' title='bbox 2579 3645 2710 3698; x_wconf 79' lang='lat' dir='ltr'>Aral</span> 
     </span>
     <span class='ocr_line' id='line_1_99' title="bbox 1623 3714 2708 3780; baseline 0.005 -18"><span class='ocrx_word' id='word_1_536' title='bbox 1623 3714 1854 3779; x_wconf 85' lang='lat' dir='ltr'>indeque</span> <span class='ocrx_word' id='word_1_537' title='bbox 1891 3715 2054 3764; x_wconf 88' lang='lat' dir='ltr'>etiam</span> <span class='ocrx_word' id='word_1_538' title='bbox 2092 3720 2203 3765; x_wconf 87' lang='lat' dir='ltr'>tam</span> <span class='ocrx_word' id='word_1_539' title='bbox 2236 3714 2459 3780; x_wconf 83' lang='lat' dir='ltr'>longum</span> <span class='ocrx_word' id='word_1_540' title='bbox 2496 3716 2603 3766; x_wconf 88' lang='lat' dir='ltr'>dici</span> <span class='ocrx_word' id='word_1_541' title='bbox 2638 3719 2708 3767; x_wconf 82' lang='lat' dir='ltr'>ab</span> 
     </span>
     <span class='ocr_line' id='line_1_100' title="bbox 1623 3783 2709 3848; baseline 0.004 -16"><span class='ocrx_word' id='word_1_542' title='bbox 1623 3783 1922 3845; x_wconf 80' lang='lat' dir='ltr'>HerodotO,</span> <span class='ocrx_word' id='word_1_543' title='bbox 1942 3784 2225 3848; x_wconf 89' lang='lat' dir='ltr'>postmodo</span> <span class='ocrx_word' id='word_1_544' title='bbox 2248 3790 2430 3835; x_wconf 85' lang='lat' dir='ltr'>autem</span> <span class='ocrx_word' id='word_1_545' title='bbox 2453 3790 2598 3835; x_wconf 87' lang='lat' dir='ltr'>terra</span> <span class='ocrx_word' id='word_1_546' title='bbox 2616 3787 2709 3837; x_wconf 88' lang='lat' dir='ltr'>ad-</span> 
     </span>
     <span class='ocr_line' id='line_1_101' title="bbox 1622 3854 2710 3917; baseline 0.003 -16"><span class='ocrx_word' id='word_1_547' title='bbox 1622 3857 1784 3903; x_wconf 87' lang='lat' dir='ltr'>vecta</span> <span class='ocrx_word' id='word_1_548' title='bbox 1814 3858 2123 3917; x_wconf 88' lang='lat' dir='ltr'>separatum</span> <span class='ocrx_word' id='word_1_549' title='bbox 2157 3870 2294 3905; x_wconf 86' lang='lat' dir='ltr'>esse.</span> <span class='ocrx_word' id='word_1_550' title='bbox 2348 3854 2503 3905; x_wconf 83' lang='lat' dir='ltr'>Conf.</span> <span class='ocrx_word' id='word_1_551' title='bbox 2545 3856 2710 3905; x_wconf 87' lang='lat' dir='ltr'>etiam</span> 
     </span>
     <span class='ocr_line' id='line_1_102' title="bbox 1624 3921 2709 3989; baseline 0.006 -18"><span class='ocrx_word' id='word_1_552' title='bbox 1624 3921 1839 3972; x_wconf 85' lang='lat' dir='ltr'>Annall.</span> <span class='ocrx_word' id='word_1_553' title='bbox 1876 3924 2128 3987; x_wconf 87' lang='lat' dir='ltr'>Dorpatt.</span> <span class='ocrx_word' id='word_1_554' title='bbox 2172 3921 2353 3985; x_wconf 85' lang='lat'>(1834)</span> <span class='ocrx_word' id='word_1_555' title='bbox 2391 3924 2468 3977; x_wconf 88' lang='grc' dir='ltr'>ΙΙ.</span> <span class='ocrx_word' id='word_1_556' title='bbox 2505 3941 2557 3989; x_wconf 88' lang='lat' dir='ltr'>p.</span> <span class='ocrx_word' id='word_1_557' title='bbox 2592 3925 2709 3976; x_wconf 80' lang='lat'>130.</span> 
     </span>
     <span class='ocr_line' id='line_1_103' title="bbox 1628 3991 2710 4056; baseline 0.001 -14"><span class='ocrx_word' id='word_1_558' title='bbox 1628 3991 1745 4042; x_wconf 83' lang='lat'>139.</span> <span class='ocrx_word' id='word_1_559' title='bbox 1804 3993 2035 4056; x_wconf 77' lang='lat' dir='ltr'>Magnas</span> <span class='ocrx_word' id='word_1_560' title='bbox 2073 3992 2289 4042; x_wconf 91' lang='lat' dir='ltr'>omnino</span> <span class='ocrx_word' id='word_1_561' title='bbox 2328 3992 2439 4043; x_wconf 89' lang='lat' dir='ltr'>illic</span> <span class='ocrx_word' id='word_1_562' title='bbox 2475 4009 2710 4043; x_wconf 89' lang='lat' dir='ltr'>commu-</span> 
     </span>
     <span class='ocr_line' id='line_1_104' title="bbox 1622 4060 2708 4127; baseline 0.003 -18"><span class='ocrx_word' id='word_1_563' title='bbox 1622 4060 1860 4110; x_wconf 84' lang='lat' dir='ltr'>tationes</span> <span class='ocrx_word' id='word_1_564' title='bbox 1902 4063 1960 4111; x_wconf 91' lang='lat' dir='ltr'>in</span> <span class='ocrx_word' id='word_1_565' title='bbox 1997 4062 2279 4112; x_wconf 80' lang='lat' dir='ltr'>fluviorum</span> <span class='ocrx_word' id='word_1_566' title='bbox 2316 4078 2477 4112; x_wconf 88' lang='lat' dir='ltr'>cursu</span> <span class='ocrx_word' id='word_1_567' title='bbox 2512 4063 2708 4127; x_wconf 88' lang='lat' dir='ltr'>ipsius-</span> 
     </span>
     <span class='ocr_line' id='line_1_105' title="bbox 1622 4131 2708 4197; baseline 0 -17"><span class='ocrx_word' id='word_1_568' title='bbox 1622 4146 1725 4194; x_wconf 90' lang='lat' dir='ltr'>que</span> <span class='ocrx_word' id='word_1_569' title='bbox 1750 4134 1928 4181; x_wconf 85' lang='lat' dir='ltr'>terrae</span> <span class='ocrx_word' id='word_1_570' title='bbox 1963 4132 2295 4181; x_wconf 88' lang='lat' dir='ltr'>continentis</span> <span class='ocrx_word' id='word_1_571' title='bbox 2333 4131 2514 4182; x_wconf 86' lang='lat' dir='ltr'>indole</span> <span class='ocrx_word' id='word_1_572' title='bbox 2545 4137 2708 4197; x_wconf 88' lang='lat' dir='ltr'>atque</span> 
     </span>
     <span class='ocr_line' id='line_1_106' title="bbox 1622 4199 2707 4252; baseline 0.002 -4"><span class='ocrx_word' id='word_1_573' title='bbox 1622 4199 1935 4249; x_wconf 89' lang='lat' dir='ltr'>conditione</span> <span class='ocrx_word' id='word_1_574' title='bbox 1970 4201 2237 4252; x_wconf 83' lang='lat' dir='ltr'>accidisse</span> <span class='ocrx_word' id='word_1_575' title='bbox 2276 4217 2453 4251; x_wconf 87' lang='lat' dir='ltr'>rerum</span> <span class='ocrx_word' id='word_1_576' title='bbox 2490 4208 2707 4252; x_wconf 86' lang='lat' dir='ltr'>natura-</span> 
     </span>
     <span class='ocr_line' id='line_1_107' title="bbox 1620 4267 2705 4335; baseline 0.002 -19"><span class='ocrx_word' id='word_1_577' title='bbox 1620 4267 1748 4318; x_wconf 86' lang='lat' dir='ltr'>lium</span> <span class='ocrx_word' id='word_1_578' title='bbox 1770 4270 1969 4319; x_wconf 88' lang='lat' dir='ltr'>curiosi</span> <span class='ocrx_word' id='word_1_579' title='bbox 1996 4271 2285 4319; x_wconf 79' lang='lat' dir='ltr'>affirmant.</span> <span class='ocrx_word' id='word_1_580' title='bbox 2319 4270 2541 4335; x_wconf 84' lang='lat' dir='ltr'>Semper</span> <span class='ocrx_word' id='word_1_581' title='bbox 2566 4269 2705 4320; x_wconf 86' lang='lat' dir='ltr'>enim</span> 
     </span>
    </p>
   </div>
   <div class='ocr_carea' id='block_1_10' title="bbox 1618 4336 2706 4407">
    <p class='ocr_par' dir='ltr' id='par_1_15' title="bbox 1618 4336 2706 4407">
     <span class='ocr_line' id='line_1_108' title="bbox 1618 4336 2706 4407; baseline 0.003 -18"><span class='ocrx_word' id='word_1_582' title='bbox 1618 4336 1732 4390; x_wconf 87' lang='lat' dir='ltr'>illic</span> <span class='ocrx_word' id='word_1_583' title='bbox 1779 4345 1957 4394; x_wconf 81' lang='lat' dir='ltr'>terrae</span> <span class='ocrx_word' id='word_1_584' title='bbox 1994 4339 2334 4407; x_wconf 84' lang='lat' dir='ltr'>superficiem</span> <span class='ocrx_word' id='word_1_585' title='bbox 2370 4341 2572 4396; x_wconf 84' lang='lat' dir='ltr'>mutari</span> <span class='ocrx_word' id='word_1_586' title='bbox 2614 4341 2706 4392; x_wconf 76' lang='lat' dir='ltr'>ob-</span> 
     </span>
    </p>
   </div>
  </div>
 </body>
</html>
