3109 5092
1084 367 1582 429 EUTERPE.
1629 370 1711 430 H.
1761 380 1879 431 141.
2462 365 2609 425 ·751

347 551 518 605 τοῖσι
561 539 926 604 ἐναντίοισι
957 534 1219 607 αὐτοῖσι
1263 540 1709 627 ἐπιχυθέντας
1744 535 1988 618 νυκτὸς
2016 542 2144 626 μῦς
2189 534 2617 660 ἀρουραίους,

349 667 518 709 κατα
544 639 670 727 μὲν
697 656 947 727 φαγειν
985 639 1140 721 τοὺς
1181 648 1656 731 φαρετρεῶνας
1693 639 1953 728 αὐτῶν,
1997 667 2166 710 κατα
2206 640 2303 709 δὲ
2318 636 2400 709 τά
2439 639 2615 726 τόξα,

349 740 513 833 πρὸς
544 742 620 810 δὲ
651 748 791 810 τῶν
819 739 1130 813 ἀσπίδων
1155 772 1236 812 τα
1260 773 1500 832 οχανα,
1549 743 1720 816 ωστε
1750 752 1830 835 τῇ
1868 741 2189 833 ὑστεραίῃ
2216 742 2619 832 φευγόντων

348 850 615 934 σφέων,
669 851 953 933 γυμνῶν
1006 843 1269 932 οπλων,
1329 865 1562 918 πεσεῖν
1610 847 1918 929 πολλούς.
2002 848 2116 916 καὶ
2154 851 2289 915 νῦν
2342 837 2537 925 οὗτος
2580 842 2617 914 ὁ

266 964 363 1019 173
380 946 696 1036 βασιλεὺς
722 951 959 1036 ἕστηκε
1007 953 1083 1018 ἐν
1116 956 1209 1043 τῷ
1238 955 1364 1043 ἱρῷ
1402 958 1523 1021 τοῦ
1544 949 1915 1043 Ἡφαίστου
1951 958 2249 1035 λίθινος,
2307 956 2479 1037 ἔχων
2508 951 2618 1018 ἐπὶ

347 1058 461 1139 τῆς
490 1050 709 1141 χειρὸς
736 1056 910 1140 μῦν,
947 1056 1169 1138 λέγων
1196 1051 1310 1121 διὰ
1352 1056 1762 1144 γραμμάτων
1788 1056 1982 1125 τάδε·
2042 1062 2170 1122 ΕΣ
2208 1061 2412 1121 ΕΜΕ
2465 1059 2625 1122 ΤΙΣ

339 1151 410 1221 ‘o
417 1148 671 1224 ΡΕΩΝ
713 1163 1158 1224 ΕΥΣΕΒΗΣ
1185 1165 1317 1225 ΕΣ
1324 1165 1464 1226 Tse.

346 1352 567 1404 παθειν
616 1370 713 1419 pro
771 1353 1016 1405 παθέειν
1074 1361 1129 1407 et
1173 1357 1230 1406 in
1276 1371 1429 1422 seqq.

347 1425 544 1472 πεσεῖν
583 1440 681 1488 pro
717 1423 953 1474 πεσέειν.

416 1485 793 1557 ἐπιχυθέντας
846 1484 1051 1551 νυκτὸς
1105 1491 1215 1558 μῦς
1257 1484 1430 1558 ἀρου-

347 1560 548 1625 ραίους
580 1578 631 1611 κ.
668 1577 716 1610 τ.
754 1562 825 1628 L]
865 1563 1042 1614 Aliam
1073 1578 1296 1629 prorsus
1331 1564 1430 1613 As·

345 1632 612 1696 syriorum
657 1631 832 1682 cladis
885 1648 951 1683 ac
998 1634 1162 1699 fugae
1206 1649 1428 1683 cansam

344 1701 524 1766 prodit
561 1700 798 1751 Iudaeus
841 1702 1106 1767 propheta
1147 1702 1428 1765 XXXVII,

345 1771 440 1831 36;
478 1776 634 1835 peste
670 1773 814 1820 enim
861 1788 925 1821 ac
963 1773 1224 1822 divinitus
1261 1773 1429 1821 misso

345 1840 540 1905 angelo
575 1840 927 1891 interfectore
963 1842 1036 1891 ad
1071 1841 1302 1891 reditum
1330 1841 1430 1890 As-

343 1911 519 1974 syrios
543 1914 764 1960 coactos
790 1926 910 1961 esse
935 1912 1146 1973 scribit,
1175 1925 1428 1976 magnam

341 1986 580 2043 stragem
598 1993 901 2043 perpessos,
917 1996 1025 2046 qua
1043 1987 1263 2030 centum
1282 1987 1430 2029 octo·

342 2049 498 2112 ginta
527 2050 765 2113 quinque
800 2049 969 2100 millia
999 2050 1276 2100 hominum
1312 2065 1429 2114 per-

341 2119 472 2167 iisse
516 2117 789 2168 dicuntur.
868 2120 1077 2181 Quibus
1127 2120 1328 2170 addere
1368 2119 1430 2168 li-

342 2193 455 2249 cet,
502 2201 640 2252 quae
687 2188 1049 2254 Hieronymus
1100 2190 1424 2239 Commentt.

340 2259 397 2306 in
428 2257 593 2307 Iesai.
632 2257 730 2319 XI,
759 2256 844 2308 37.
883 2259 950 2308 Τ.
983 2258 1081 2309 IV.
1110 2274 1163 2323 p.
1199 2260 1296 2309 461
1339 2258 1423 2311 ed.

339 2325 574 2376 Vallars.
624 2327 838 2375 scribit:
889 2343 1202 2393 „pugnasse
1245 2333 1426 2378 autem

340 2396 707 2446 Sennacherib
731 2411 912 2461 regem
932 2398 1278 2462 Assyriorum
1303 2413 1428 2448 con-

340 2470 426 2514 tra
471 2466 772 2530 Aegyptios
829 2473 883 2516 et
934 2467 1214 2517 obsedisse
1270 2467 1427 2517 Pelu-

338 2535 502 2585 sium:
550 2537 765 2600 iamque
809 2538 1100 2586 exstructis
1137 2537 1427 2602 aggeribus

336 2604 458 2653 urbi
504 2605 802 2668 capiendae
852 2608 1069 2656 venisse
1117 2607 1427 2657 Taraehum

336 2689 520 2738 regem
568 2675 894 2738 Aethiopum
949 2675 1006 2724 in
1065 2676 1326 2724 auxilium
1373 2679 1428 2724 et

337 2757 447 2792 una
485 2751 645 2793 nocte
681 2746 835 2793 iuxta
872 2743 1172 2794 Ierusalem
1210 2751 1427 2795 centum

337 2813 621 2878 octoginta
658 2814 894 2879 quinque
942 2813 1114 2863 millia
1154 2815 1427 2864 exercitus

337 2883 552 2946 Assyrii
582 2882 899 2947 pestilentia
936 2885 1208 2934 corruisse
1239 2887 1427 2933 narrat

335 2950 645 3001 Herodotus
704 2959 759 3003 et
810 2952 1126 3017 plenissime
1169 2956 1425 3014 Berosus,

337 3019 666 3072 Chaldaicae
701 3023 936 3087 scriptor
971 3023 1262 3086 historiae,
1297 3038 1426 3088 quo-

335 3104 453 3139 rum
478 3090 613 3141 fides
643 3092 710 3142 de
735 3093 970 3157 propriis
1005 3092 1158 3143 libris
1190 3093 1427 3158 petenda

337 3161 491 3209 est.“
562 3162 647 3211 De
681 3161 888 3212 Beroso
942 3163 1015 3212 cf.
1058 3163 1276 3228 Ioseph.
1319 3164 1426 3213 An-

333 3228 472 3293 tiqq.
512 3231 590 3291 X,
641 3231 699 3292 1,
738 3233 792 3281 4.
879 3232 1036 3294 Quod
1083 3249 1210 3284 vero
1253 3234 1426 3283 Hero-

334 3295 495 3347 dotus
530 3298 596 3347 de
629 3300 872 3349 muribus
907 3307 1114 3364 narrat,
1150 3302 1424 3352 Bocharto

336 3366 715 3430 explicandum
751 3369 1039 3420 videbatur
1076 3386 1142 3420 ex
1176 3371 1425 3421 similitu-

336 3436 462 3484 dine
497 3450 690 3485 vocum
726 3431 904 3500 λαμάς
946 3438 1100 3502 (mus)
1139 3446 1193 3489 et
1228 3434 1427 3503 λοιμὸς

337 3502 571 3567 (pestis),
612 3520 838 3570 quarum
864 3508 1115 3558 confusio
1152 3509 1424 3558 diversam

334 3574 606 3637 pepererit
666 3577 1054 3626 narrationem.
1138 3578 1294 3638 Quae
1343 3581 1425 3626 ta-

335 3658 457 3692 men
495 3643 713 3694 minime
748 3643 1070 3695 satisfacere
1108 3660 1268 3710 posse
1303 3661 1425 3694 cen-

333 3716 419 3762 set
454 3713 747 3775 Gesenius,
795 3729 828 3762 a
877 3714 972 3766 Cr.
1024 3714 1310 3775 laudatus,
1354 3712 1422 3762 ad

332 3782 499 3834 Iesai.
535 3782 572 3833 l.
602 3784 641 3834 l.
667 3798 795 3848 pag.
822 3783 944 3834 974.
1019 3784 1102 3835 Ad
1137 3783 1423 3833 Michaelis

333 3854 659 3903 sententiam
693 3853 784 3903 ille
820 3868 922 3903 nos
948 3854 1230 3904 attendere
1255 3853 1424 3913 iubet,

334 3924 1427 4056 ἓὲζιγῗιῗῗοὶἷἝξὲἓιζὶᾞιῖἓὲἑΐω”“Ξῖ

335 4060 778 4122 destructionem,
820 4065 962 4111 teste
990 4061 1276 4127 Horapoll.
1296 4063 1427 4112 Hie·

335 4129 582 4194 roglyph.
625 4130 682 4190 1¹,
729 4131 824 4192 50,
865 4131 956 4179 ubi
1003 4132 1113 4181 vid.
1155 4132 1425 4181 Leemans

332 4213 385 4262 p.
424 4198 545 4248 273.
631 4200 754 4260 Qua
793 4200 960 4248 muris
1004 4206 1137 4250 nota
1188 4201 1245 4249 in
1279 4201 1426 4265 regis

1533 1354 1656 1405 vult
1704 1355 1898 1421 Hitzig
1955 1352 2048 1420 (ad
2093 1355 2261 1406 Iesai.
2304 1370 2433 1421 pag.
2470 1354 2617 1418 435),

1532 1426 1828 1489 respiciens
1851 1439 2066 1490 puoque
2100 1425 2168 1474 ad
2196 1426 2342 1491 regis
2376 1430 2619 1475 statuam

1532 1510 1737 1544 murem
1776 1510 1938 1544 manu
1972 1495 2229 1545 tenentis.
2311 1494 2453 1545 Add.
2493 1509 2620 1544 eun-

1532 1564 1683 1614 dem:
1735 1563 2130 1629 Urgeschichte
2188 1564 2241 1614 d.
2291 1565 2507 1614 Philist.
2559 1577 2616 1628 p.

1531 1634 1653 1696 201,
1671 1635 1776 1699 -qui
1799 1633 1943 1698 quod
1968 1633 2334 1685 Herodoteam
2358 1633 2516 1683 huius
2540 1634 2621 1682 rei

1529 1704 1895 1753 narrationem
1925 1701 2281 1753 Philistaeam
2320 1702 2469 1766 dicit,
2512 1718 2620 1751 ma·

1529 1772 1625 1821 lim
1659 1773 1985 1836 Aegyptiam
2032 1771 2238 1835 dicere,
2288 1774 2324 1824 i.
2367 1787 2415 1822 e.
2452 1771 2619 1821 tradi—

1531 1846 1644 1890 tam
1678 1840 1960 1890 Herodoto
2000 1841 2069 1890 ab
2107 1842 2499 1906 Aegyptiorum
2533 1857 2619 1890 sa-

1530 1910 1842 1960 cerdotibus
1869 1912 1950 1959 ita
1975 1925 2085 1959 rem
2109 1911 2502 1975 exponentibus
2532 1909 2619 1958 vel

1529 1980 1712 2045 potius
1748 1979 2154 2029 exornantibus.
2208 1982 2291 2029 Tu
2315 1980 2459 2030 conf.
2487 1987 2617 2044 quo·-

1529 2064 1634 2114 que
1678 2049 1919 2115 Schegg:
1968 2050 2081 2098 Der
2116 2049 2355 2114 Prophet
2405 2049 2616 2098 Iesaias

1529 2119 1607 2168 II.
1644 2135 1697 2184 p.
1738 2119 1868 2180 261,
1904 2118 2113 2169 Knebel
2148 2119 2218 2168 ad
2257 2119 2365 2169 Ies.
2403 2136 2458 2184 p.
2494 2117 2614 2180 273,

1528 2188 1874 2238 Friedreich:
1913 2189 2020 2238 Zur
2056 2188 2214 2238 Bibel
2249 2189 2316 2239 T.
2338 2189 2383 2239 1.
2412 2204 2467 2252 p.
2491 2189 2616 2239 202.

1529 2259 1739 2309 Murem
1778 2259 1973 2307 Martis
2014 2257 2267 2322 planetae
2313 2258 2616 2324 symbolum

1532 2343 1655 2378 esse
1687 2330 1883 2378 statuit
1920 2327 2217 2392 Seyffarth:
2270 2327 2525 2392 Beitriige
2564 2343 2615 2377 z.

1529 2398 1830 2447 Kenntniss
1879 2397 1931 2447 d.
1993 2397 2092 2449 alt.
2134 2400 2373 2463 Aegypt.
2428 2399 2506 2448 11.
2559 2413 2612 2461 p.

1534 2469 1653 2517 150.
1727 2467 2045 2532 Opportune
2076 2483 2291 2533 quoqne
2326 2466 2620 2518 Wesselin—

1530 2537 1653 2601 gius
1682 2538 2155 2602 grammaticorum
2177 2538 2520 2586 narrationes
2547 2536 2621 2586 ad

1529 2605 1790 2668 Iliad.1,
1830 2606 1897 2655 39
1935 2605 2123 2654 attulit
2159 2605 2227 2655 de
2266 2605 2498 2656 Troadis
2537 2607 2618 2654 ἰιι-

1529 2675 1665 2723 colis
1701 2690 1879 2724 mures
1918 2675 2336 2736 venerantibus,
2385 2689 2474 2723 οτι
2520 2688 2621 2730 τας

1529 2736 1733 2821 νευρὰς
1796 2740 1912 2792 τῶν
1973 2742 2260 2807 πολεμίων
2311 2741 2618 2806 διέτρωγον

1524 2805 1729 2872 τόξων.
1871 2823 1883 2834 ·

1596 2878 1827 2945 γυμνῶν
1860 2870 2072 2945 όπλων]
2107 2880 2495 2946 Intelliguntur
2530 2896 2619 2930 ar-

1528 2953 1620 3000 mis
1654 2952 1846 3004 nudati.
1924 2950 2007 3001 cf.
2035 2950 2283 3032 Xenoph.
2315 2951 2522 3028 Cyrop.
2551 2951 2619 3012 V,

1527 3026 1587 3083 4,
1632 3022 1726 3071 45:
1792 3013 1978 3084 ’γυμνὰ
2030 3012 2223 3070 ὅπλων
2271 3012 2617 3084 σκευοφόρα,

1524 3090 1663 3153 alia,
1701 3106 1844 3156 quae
1880 3089 2067 3141 attulit
2104 3090 2430 3156 wesseling.
2472 3089 2620 3154 (Dis-

1527 3166 1658 3211 sert.
1694 3161 1961 3211 Herodot.
2002 3162 2157 3212 VIII.
2213 3177 2268 3226 p.
2306 3160 2427 3226 99),
2473 3159 2616 3209 hanc

1524 3229 1817 3282 lectionem
1864 3231 2141 3281 Eustatbii
2193 3245 2408 3309 quoque
2444 3230 2618 3279 Hero·

1525 3300 1690 3351 dotea
1741 3301 1911 3351 verba
1958 3300 2028 3350 ad
2076 3299 2165 3350 Ili.
2212 3315 2280 3349 α.
2327 3316 2379 3363 p.
2435 3298 2529 3359 35,
2584 3298 2617 3348 3

1524 3371 1642 3420 sive
1668 3386 1722 3435 p.
1749 3371 1846 3432 26,
1875 3370 1942 3420 35
1976 3370 2253 3420 afferentis
2288 3368 2620 3418 auctoritate

1524 3440 1808 3502 probatam
1860 3446 2039 3489 tuens.
2127 3437 2435 3496 Mediceus,
2490 3435 2618 3484 Flo

1524 3509 1787 3568 rentinus,
1827 3506 1921 3556 alii
1946 3507 2069 3556 libri
2100 3506 2362 3556 afferrunt
2387 3519 2621 3568 γυμνων

1521 3544 1822 3638 ἀνόπλων,
1873 3575 2017 3624 unde
2052 3573 2450 3653 Wesselingius
2494 3588 2621 3622 con—

1529 3645 1661 3694 iecit
1704 3643 1936 3708 γυμνῶν
1980 3640 2099 3692 καὶ
2143 3635 2414 3693 ἀνόπλων
2456 3642 2619 3706 idque

1525 3713 1808 3763 Plutarchi
1849 3718 1904 3763 et
1936 3713 2174 3777 Appiani
2208 3710 2344 3762 locis
2391 3711 2618 3761 eandem

1528 3782 1859 3833 locutionem
1915 3782 2292 3832 exhibentibus
2347 3781 2484 3830 satis
2530 3780 2619 3830 fir-

1531 3853 1721 3903 mavit.
1764 3852 1919 3914 Quod
1941 3850 2132 3901 lubens
2154 3853 2465 3914 reciperem,
2497 3866 2619 3900 cum

1529 3921 1760 3986 vulgata
1781 3919 2013 3985 γυμνῶν
2048 3910 2242 3968 οπλων
2281 3919 2465 3970 durius
2490 3920 2621 3984 quid

1535 3992 1756 4053 habeat,
1791 3989 1937 4056 quod
1972 3990 2063 4039 vix
2100 4004 2421 4072 quemquam
2457 3990 2623 4054 fugit.

1603 4053 1701 4109 διὰ
1741 4028 2103 4124 γραμμάτων]
2152 4053 2448 4124 γράμματα
2486 4058 2617 4110 h.1.

1527 4130 1719 4180 eadem
1744 4128 2130 4190 intellexerim,
2170 4144 2311 4193 quae
2342 4144 2510 4193 supra
2542 4128 2619 4190 ΙΙ,

1482 4225 1486 4229 ·
1533 4199 1649 4249 125.
1672 4200 1786 4250 136.
1815 4201 2015 4250 Noster
2044 4199 2197 4260 dixit,
2223 4199 2313 4248 ubi
2338 4199 2450 4249 vid.
2478 4201 2619 4248 nott.

333 4267 517 4332 effigie
555 4265 697 4318 falso
735 4267 1015 4319 intellecta
1039 4275 1216 4320 ortam
1250 4270 1430 4320 videri
1530 4299 1600 4309 -—-
1647 4269 1805 4331 Quod
1850 4285 1982 4319 vero
2038 4268 2352 4332 suspicatur
2389 4267 2623 4316 Wilkin-

330 4337 598 4386 Herodoti
644 4340 1033 4390 narrationem.
1102 4339 1292 4404 Neque
1328 4339 1432 4387 ali·

1531 4353 1649 4388 son.
1666 4340 1920 4389 Manners
1946 4338 2117 4396 etc.1.
2143 4353 2200 4401 p.
2218 4338 2342 4400 141,
2370 4340 2497 4399 post
2517 4334 2622 4384 hoc

330 4411 414 4455 ter
454 4422 520 4455 ex
564 4407 729 4456 muris
777 4406 1021 4473 symbolo
1066 4407 1203 4458 haec
1249 4408 1429 4472 repeti
1532 4422 1651 4472 cap.
1693 4408 1869 4458 videri
1915 4406 2094 4460 locum
2136 4421 2295 4470 capp.
2346 4403 2622 4455 164—168
