3109 5092
350 1203 432 1265 93

440 308 567 371 630
1297 304 1840 367 HERODOTI

439 480 565 570 μὲν
593 476 735 548 ἄνω
770 474 976 565 αὐτῆς
1003 474 1500 566 ἀποτάμνοντες
1526 480 1594 556 ἐς
1620 476 1785 546 α”λλο
1814 506 1876 546 τι
1908 478 2238 567 τράπουσι
2257 497 2272 511 ·
2322 475 2398 544 τὸ
2424 476 2498 545 δὲ
2534 477 2715 546 κάτω

441 581 913 671 λελειμμένον,
955 576 1116 650 ὅσον
1151 608 1222 651 τε
1258 583 1368 650 ἐπὶ
1404 586 1661 670 πῆχυν,
1698 578 2033 669 τρώγουσι
2064 582 2177 649 καὶ
2214 581 2572 649 πωλέουσι.
2617 585 2805 651 01:145

442 685 517 755 δὲ
563 680 649 754 ἂν
702 685 812 753 καὶ
860 682 1070 771 κάρτα
1114 681 1508 775 βούλωνται,
1545 690 1794 773 χρηστῇ
1843 689 1925 774 τῇ
1979 683 2213 776 βύβλῳ
2258 688 2549 770 χρᾶσθαι
2569 734 2587 765 ,
2636 685 2715 751 ἐν

438 786 737 880 κλιβάνῳ
772 788 1095 873 διαφανέι·
1118 790 1469 870 πνίξαντες
1509 783 1688 854 οὕτω
1717 785 2070 877 τρώγουσι.
2148 790 2239 854 Οἱ
2265 787 2347 856 δέ
2365 812 2545 864 τινες
2584 782 2708 853 αὐ-

441 896 578 959 τῶν
603 895 760 974 ζῶσι
786 885 919 959 ἀπὸ
945 894 1084 959 τῶν
1114 890 1378 979 ἰχθύων
1405 888 1704 978 μούνων,
1732 887 1888 969 τούς
1918 886 2127 959 ἐπεὰν
2149 888 2402 977 λάβωσι
2430 890 2543 957 καὶ
2572 889 2709 970 ἐξέ-

444 1002 609 1062 λωσι
655 990 780 1081 τὴν
820 1000 1117 1080 κοιλίην,
1169 991 1554 1062 αὐαίνουσι
1579 989 1744 1080 πρὸς
1788 989 2015 1082 ἥλιον,
2073 992 2186 1060 καὶ
2240 996 2469 1060 ἔπειτα
2504 987 2714 1070 αὔους

448 1094 680 1173 ἐόντας
706 1095 1056 1164 σιτέονται.

606 1200 696 1264 Οἱ
724 1196 799 1265 δὲ
835 1195 1072 1283 ἰχθύες
1103 1201 1172 1265 οἰ
1204 1194 1504 1282 ἀγελαῖοι
1544 1198 1621 1263 ἐν
1662 1194 1786 1284 μὲν
1814 1209 1986 1264 τοῖσι
2022 1209 2371 1283 ποταμοῖσι
2411 1190 2496 1263 οὐ
2537 1193 2716 1282 μάλα

448 1305 774 1386 γίνονται,
802 1297 1203 1388 τρεφόμενοι
1231 1299 1307 1368 δὲ
1338 1302 1411 1367 ἐν
1435 1302 1585 1388 τῇσι
1613 1304 1885 1386 λίμνῃσι
1909 1296 2136 1367 τοιάδε
2167 1302 2453 1367 ποιεῦσι.
2511 1297 2729 1387 ἐπεάν,

446 1463 605 1525 terit,
641 1478 762 1515 cum
791 1462 953 1514 huius
975 1461 1199 1527 plantae
1221 1480 1287 1514 ea
1314 1469 1527 1515 tantum

445 1532 649 1583 mentio
683 1531 781 1582 fiat
797 1569 811 1594 ‚
850 1538 1116 1598 quatenus
1153 1533 1227 1583 sit
1252 1532 1531 1584 esculenta

444 1600 722 1666 victuique
759 1601 1049 1663 inserviat,
1101 1601 1189 1651 vel
1223 1602 1406 1667 potius
1444 1602 1529 1663 (ut

443 1672 646 1736 Egger.
695 1670 1021 1720 arbitratur:
1068 1671 1231 1722 Essai
1275 1686 1368 1720 sur
1410 1670 1531 1720 l'hi-

444 1740 614 1791 stoire
657 1738 726 1789 de
763 1739 818 1789 la
852 1739 1083 1805 critique
1127 1755 1180 1803 p.
1218 1739 1342 1797 490)
1385 1739 1529 1805 quod

443 1809 533 1858 hic
567 1807 789 1873 plantae
823 1823 954 1859 usus
1001 1823 1095 1872 per
1131 1807 1413 1859 Graeciam
1449 1809 1534 1859 ita

444 1879 553 1928 iam
591 1877 754 1927 fuerit
787 1877 1064 1943 cognitus,
1101 1881 1160 1925 ut
1189 1877 1413 1927 eundem
1440 1877 1531 1927 de-

445 1946 654 1997 clarare
707 1960 931 1997 necesse
990 1944 1134 1995 haud
1177 1946 1357 1995 fuerit.
1444 1945 1529 1997 Ad

444 2014 555 2065 alia
600 2020 782 2066 autem
829 2029 1045 2080 quoque
1097 2029 1213 2064 eam
1262 2014 1528 2076 adhiberi,

445 2085 563 2149 ipse
589 2085 791 2153 Noster
826 2081 1035 2132 indicat
1067 2082 1275 2133 verbis:
1315 2074 1370 2140 ἐς
1392 2074 1529 2132 ἄλλο

443 2167 498 2200 τι
533 2143 841 2215 τράπουσι,
882 2150 1077 2216 quibus
1105 2155 1161 2201 et
1186 2167 1449 2217 papyrum
1474 2155 1530 2201 et

445 2219 581 2281 alia,
646 2234 786 2285 quae
827 2217 1040 2268 Plinius
1086 2225 1348 2271 memorat
1403 2220 1530 2270 inde

447 2287 752 2350 elaborata,
801 2286 924 2337 vela
957 2286 1092 2346 (vid.
1130 2288 1207 2349 11,
1246 2286 1369 2350 96),
1408 2305 1529 2339 san-

448 2356 594 2407 dalia
631 2356 735 2421 (11,
770 2354 883 2421 37),
921 2371 1072 2405 arma
1108 2354 1257 2419 (VII,
1292 2356 1404 2422 26),
1441 2374 1531 2408 ve-

445 2425 705 2476 stimenta
726 2430 832 2476 etc.
853 2424 1152 2489 significari
1175 2425 1266 2473 vix
1285 2425 1527 2476 dubium.

442 2495 530 2545 De
561 2493 726 2559 byblo
746 2493 853 2545 loci
887 2493 1146 2558 primarii,
1181 2509 1302 2543 cum
1327 2495 1529 2545 Nostro

447 2562 786 2623 conferendi,
825 2566 954 2613 suut
980 2561 1342 2627 Theophrasti
1378 2564 1527 2616 Hist.

447 2631 629 2683 Plant.
684 2632 790 2695 IV,
844 2630 897 2683 9.
962 2646 1017 2695 p.
1065 2633 1135 2682 54
1180 2628 1307 2696 (IV,
1354 2633 1388 2683 8
1441 2633 1525 2685 ed.

449 2701 726 2767 Schneid.)
764 2705 818 2751 et
841 2700 1003 2751 Plinii
1031 2700 1179 2752 Hist.
1219 2702 1350 2752 Nat.
1372 2702 1530 2764 XIII,

450 2771 545 2833 11,
583 2771 678 2837 qui
711 2768 1144 2834 Theophrastum
1181 2771 1533 2835 exscripsisse

445 2838 687 2893 videtur:
750 2838 1068 2903 quibuscum
1118 2839 1264 2891 conf.
1303 2838 1534 2890 wilkin-

447 2922 566 2957 son.
605 2907 862 2957 Manners
897 2911 1002 2956 etc.
1037 2907 1146 2957 111.
1180 2923 1235 2972 p.
1271 2907 1341 2959 60
1377 2923 1529 2974 seqq.

449 2974 552 3024 146
598 2989 780 3039 seqq.,
845 2975 937 3038 qui
983 2980 1198 3037 mouet,
1261 2976 1328 3026 de
1363 2978 1530 3027 variis

444 3041 596 3107 bybli
631 3054 675 3093 s.
713 3046 892 3107 cyperi
917 3045 1112 3108 papyri
1128 3044 1416 3108 generibus
1444 3046 1532 3097 hic

452 3127 574 3161 esse
608 3110 977 3177 cogitandum.

517 3193 736 3262 χρηστῇ
759 3193 830 3261 τῇ
852 3186 1039 3263 βύβλῳ
1073 3193 1348 3260 χρᾶσθαι]
1389 3200 1529 3249 Deli-

446 3274 613 3318 catum
647 3264 906 3316 admodum
924 3265 1117 3329 byblum
1139 3265 1529 3330 interpretatur

446 3334 1009 3401 Schweighaeuserus.
1083 3334 1335 3400 Intelligo
1380 3337 1529 3402 equi-

446 3405 568 3455 dem
599 3403 822 3470 byblum
857 3403 927 3454 ad
958 3404 1166 3454 victum
1190 3404 1351 3455 valde
1385 3421 1527 3455 com-

444 3474 659 3525 modam
682 3473 1007 3540 utilemque,
1042 3488 1204 3539 quam
1230 3474 1454 3525 eandem
1479 3475 1528 3524 si

445 3543 816 3595 delicatiorem
858 3543 985 3593 inde
1036 3542 1340 3608 intelligere
1373 3543 1529 3607 velis,

443 3611 579 3662 nihil
616 3611 918 3663 intercedo.

511 3686 573 3745 ἐν
609 3687 854 3764 κλιβάνῳ
892 3686 1171 3760 ὃιαφανὲϊ
1203 3693 1529 3762 πνίξαντες]

444 3761 711 3829 κλίβανος
755 3765 956 3816 Noster
1008 3764 1146 3815 dixit
1194 3779 1289 3830 pro
1336 3763 1533 3831 κρίβα-

447 3845 574 3895 νος,
612 3837 755 3883 teste
788 3833 1044 3884 Eustath.
1081 3834 1151 3885 ad
1191 3835 1411 3885 Homer.
1439 3834 1528 3887 Ili.

442 3916 500 3966 p.
535 3900 658 3963 075,
696 3901 762 3951 52
801 3917 848 3951 s.
890 3901 1021 3964 963,
1061 3903 1147 3952 32.
1221 3903 1359 3954 Add.
1397 3904 1528 3954 Bre-

444 3969 571 4019 dov-
607 3984 659 4034 p.
686 3968 776 4021 90.
812 3967 1079 4036 κλίβανος
1102 3986 1209 4022 non
1233 3972 1412 4036 quivis
1445 3976 1529 4023 est

441 4037 633 4087 furnus
658 4038 830 4088 maior
848 4075 862 4100 ‚
898 4038 998 4088 sed
1022 4039 1199 4089 minor
1222 4046 1385 4106 atque
1408 4056 1530 4105 por·
1578 4066 1585 4073 ·

440 4104 615 4157 totilis
651 4107 898 4172 adeoque
932 4115 1137 4170 tenuta,
1182 4109 1346 4167 lebes,
1404 4112 1526 4173 olla,

439 4181 623 4238 satago
658 4179 755 4225 aut
786 4177 942 4226 simile
964 4176 1212 4240 quoddam
1242 4192 1333 4227 vas
1357 4182 1528 4243 coqui-

439 4246 651 4295 nat-iuni.
745 4244 892 4294 Hinc
953 4245 1159 4296 lebetem
1218 4244 1526 4311 significare

440 4316 624 4365 monet
669 4312 1005 4383 Hesychius,
1060 4329 1162 4365 nec
1208 4315 1315 4367 alio
1362 4330 1526 4368 sensu

1628 1463 1999 1528 accipiendum
2036 1463 2093 1512 in
2130 1463 2396 1514 Athenaei
2447 1463 2566 1514 loco
2604 1463 2713 1514 111.

1630 1549 1683 1598 p.
1715 1533 1809 1584 101
1847 1534 1912 1593 A,
1950 1537 2176 1583 notante
2201 1532 2715 1596 Schweighaeusero

1630 1604 1686 1652 in
1706 1602 1842 1653 Lex.
1866 1601 2070 1651 Herod.
2088 1616 2134 1653 s.
2156 1618 2209 1652 v,
2233 1599 2475 1665 πνίγειν.
2492 1632 2562 1641 —-
2592 1599 2717 1649 δια-
2818 1612 2824 1617 ·

1631 1668 1789 1735 φανῆ
1825 1670 1959 1721 dicit
2004 1670 2239 1732 furnum,
2275 1670 2313 1722 i.
2353 1685 2402 1719 e.
2441 1670 2717 1727 ardentem,

1629 1743 1856 1804 ignum,
1903 1744 1965 1788 ut
2009 1744 2157 1789 recte
2203 1743 2386 1787 monet
2421 1738 2719 1790 Wesselin-

1632 1809 1782 1875 gius;
1820 1807 1966 1860 conf.
2003 1808 2099 1869 IV,
2136 1807 2223 1859 73.
2262 1808 2346 1858 75.
2376 1834 2439 1843 —
2478 1805 2718 1868 πνίξαν-

1630 1891 1720 1934 τες
1743 1882 1890 1927 recte
1918 1877 1987 1927 ab
2015 1876 2291 1940 Hesychio
2311 1876 2517 1941 ,exponi
2541 1869 2717 1939 ὀπτή-

1633 1959 1858 2008 σαντες,
1907 1947 2051 1996 idem
2079 1950 2262 1996 monet
2293 1945 2718 2011 Wosselingius3

1630 2013 1874 2079 pluribus
1924 2014 1992 2065 de
2038 2029 2102 2065 eo
2148 2015 2396 2078 exposuit
2445 2015 2719 2079 Schweig-

1631 2084 1879 2133 haeuser.
1926 2082 1965 2134 l.
2005 2082 2074 2144 1.‚
2142 2083 2337 2148 quibus
2377 2083 2718 2134 demonstrat

1630 2154 1687 2202 in
1734 2168 1791 2202 re
1828 2151 2094 2202 culinaria
2138 2151 2297 2202 huius
2341 2153 2492 2203 verbi
2536 2168 2717 2204 usum.

1631 2223 1820 2286 Neque
1856 2222 1993 2271 enim
2031 2236 2151 2271 esse
2194 2230 2421 2279 torrere.
2475 2221 2572 2271 sed
2609 2222 2718 2284 suf-

1626 2292 1835 2353 focare,
1873 2290 2087 2355 quando
2123 2289 2359 2352 scilicet,
2399 2296 2462 2340 ut
2499 2291 2578 2340 ait
2615 2291 2718 2341 Ca-

1632 2359 1908 2409 saubonus
1948 2360 2017 2409 ad
2053 2359 2249 2409 Athen.
2292 2360 2379 2421 11,
2416 2361 2503 2410 72.
2552 2376 2604 2425 p.
2647 2361 2718 2411 65

1633 2427 1718 2478 ed.
1764 2427 2096 2492 Schweigh:
2148 2428 2243 2489 „in
2288 2429 2504 2493 proprio
2549 2445 2716 2480 succo

1632 2494 1835 2560 aliquid
1867 2496 2122 2561 coquitur
2149 2496 2292 2546 intra
2317 2497 2478 2548 ollam
2503 2503 2599 2548 aut
2624 2514 2717 2562 pa-

1629 2565 1799 2614 tinam
1832 2564 2143 2615 conclusum
2171 2565 2278 2628 ita,
2314 2571 2377 2616 ut
2410 2565 2591 2617 nullus
2627 2583 2715 2617 ex-

1630 2632 1998 2683 halationibus
2048 2638 2235 2698 pateat
2280 2640 2521 2695 meatus;
2570 2637 2718 2700 quod

1634 2717 1803 2766 genus
1839 2707 2128 2768 paraturae
2163 2705 2335 2753 nostri
2366 2704 2532 2754 etiam
2556 2706 2715 2771 coqui

1635 2772 2009 2836 suffocationem
2030 2773 2290 2823 vocant.“

1702 2838 1834 2899 ζῶσι
1878 2831 1993 2889 ἀπὸ
2029 2838 2144 2890 τῶν
2188 2831 2415 2904 ἰχθύων
2454 2836 2712 2906 μούνων]

1634 2907 1848 2975 Reliqui
1881 2906 2038 2971 ζῶσι,
2077 2909 2221 2973 quod
2258 2924 2444 2959 omnes
2480 2911 2718 2961 retinent

1632 2977 1784 3040 libri,
1823 2994 1857 3028 a
1890 2977 2140 3028 Bekkero
2182 2977 2413 3043 aliisque
2450 2983 2715 3029 mutatum

1633 3048 1690 3096 in
1722 3041 1954 3108 ζώουσι,
1990 3062 2151 3111 quam
2174 3047 2401 3097 formam
2429 3048 2607 3099 ubivis
2636 3063 2717 3099 re-

1633 3117 1760 3180 poni
1797 3114 1917 3179 ‚vult
1938 3115 2172 3166 BredoV.
2200 3132 2255 3180 p.
2289 3117 2406 3167 170.
2468 3117 2580 3167 Nec
2604 3132 2717 3167 ma-

1633 3185 1718 3249 gis
1752 3199 1872 3234 cum
1911 3182 2032 3233 edd.
2069 3189 2297 3235 recentt.
2334 3185 2529 3251 scripsi
2565 3180 2715 3235 ἔπει-

1633 3267 1728 3303 τεν
1757 3269 1852 3319 pro
1879 3246 2088 3315 ἔπειτα,
2126 3253 2269 3319 quod
2306 3269 2491 3305 omnes
2512 3253 2717 3305 habent

1630 3322 1757 3373 libri
1793 3321 2005 3386 scripti.
2059 3322 2264 3373 Eodem
2291 3322 2450 3373 modo
2476 3313 2591 3371 ἀπὸ
2616 3324 2716 3385 1V,

1633 3393 1720 3442 22.
1754 3391 1841 3442 46.
1882 3388 2003 3442 103.
2040 3416 2106 3425 -
2155 3392 2239 3441 De
2278 3396 2440 3457 gente
2481 3392 2717 3457 Babylo-

1632 3459 1783 3521 nica,
1857 3474 1995 3524 quae
2048 3459 2235 3510 itidem
2291 3459 2422 3511 solis
2474 3459 2717 3524 piscibus

1631 3528 1894 3590 nutritur,
1948 3527 2092 3578 conf.
2140 3529 2198 3590 1,
2233 3527 2358 3580 200.
2434 3529 2592 3593 Ipsos
2638 3530 2717 3594 pi-

1632 3612 1752 3648 sces
1786 3600 2129 3647 exenteratos
2170 3613 2205 3648 a
2238 3598 2599 3662 piscatoribus
2638 3613 2718 3649 re-

1630 3670 1946 3730 praesentat
1997 3666 2206 3731 imago,
2267 3681 2429 3731 quam
2477 3666 2720 3716 exhibuit

1630 3735 1960 3785 Wilkinson.
1982 3734 2257 3785 Manners.
2283 3740 2388 3787 etc.
2418 3736 2529 3786 111.
2552 3751 2606 3800 p.
2627 3736 2715 3787 56.

1632 3802 1772 3854 Add.
1806 3802 2073 3854 Rosellini
2108 3804 2348 3856 Menum.
2387 3805 2533 3854 civil.
2576 3804 2623 3854 1.
2662 3821 2717 3870 p.

1631 3872 1735 3924 232
1770 3887 1921 3937 seqq.
1967 3876 2024 3921 et
2057 3873 2199 3936 quod
2237 3872 2305 3922 de
2344 3874 2585 3938 piscibus
2621 3889 2721 3937 per

1631 3944 1941 4006 Aegyptum
2000 3940 2376 4005 frequentibus
2429 3957 2721 4008 eorumque

1632 4015 1797 4075 captu
1833 4009 2065 4059 diximus
2104 4009 2175 4059 ad
2204 4009 2280 4073 11,
2322 4012 2406 4063 15.
2444 4012 2531 4061 77.

1981 4145 2112 4197 Cu‘.
2151 4146 2354 4198 XCIII.

1699 4239 1757 4296 ἐν
1793 4240 1898 4313 μὲν
1934 4249 2080 4297 τοῖσι
2119 4251 2427 4313 ποταμοῖσι
2462 4239 2532 4297 οὖ
2568 4239 2721 4313 μάλα

1630 4314 1903 4384 γίνονται]
1964 4309 2260 4382 ποταμοὺς
2317 4317 2370 4371 h.
2430 4317 2467 4368 l.
2531 4322 2720 4369 monet
