3109 5092
466 382 587 444 104

1328 382 1863 445 HERODOTI

366 572 437 632 51
462 553 759 645 ἀπετάκη
802 554 930 643 γὰρ
966 553 1177 626 αὐτοῦ
1216 560 1530 645 τέταρτον
1573 551 2037 645 ἡμιτάλαντον.
2123 551 2540 635 Ἐπιτελέσας
2579 554 2653 624 δὲ
2696 548 2733 623 ὁ

461 670 749 752 Κροῖσος
774 665 982 731 ταῦτα
1024 657 1371 748 ἀπέπεμπε
1414 657 1481 740 ἐς
1509 657 1827 747 Δελφοὺς
1852 661 1963 729 καὶ
2003 659 2161 727 τάδε
2191 654 2363 729 ἄλλα
2402 655 2537 746 ἅμα
2574 656 2728 727 τού-
2849 740 2860 751 θ

462 785 634 835 τοισι
652 817 670 849 ,
698 766 1031 853 κρητῆρας
1058 764 1184 834 δύο
1212 764 1502 851 μεγάθεϊ
1523 760 1889 851 μεγάλους,
1931 760 2217 850 χρύσεον
2242 764 2354 832 καὶ
2380 758 2737 849 ἀργύρεον,
2754 769 2825 822 24

462 874 599 937 τῶν
632 863 669 936 ὁ
697 867 822 956 μὲν
862 866 1140 955 χρύσεος
1179 862 1399 936 ἐκέετο
1438 864 1548 935 ἐπὶ
1581 863 1764 947 δεξιά
1802 863 2048 935 ἐσιόντι
2095 862 2162 944 ἐς
2201 863 2322 935 τὸν
2357 862 2554 954 νηὸν,
2596 860 2633 935 ὁ
2664 864 2739 932 δὲ

464 969 791 1060 ἀργύρεος
832 966 939 1039 ἐπ’
984 968 1321 1059 ἀριστερά.
1389 970 1929 1059 μετεκινήθησαν
1974 968 2048 1037 δὲ
2089 968 2201 1036 καὶ
2244 959 2430 1038 οὗτοι
2457 963 2592 1037 ὑπὸ
2622 964 2743 1036 τὸν

464 1071 631 1163 νηὸν
670 1076 1116 1143 κατακαέντα·
1174 1075 1285 1142 καὶ
1332 1067 1369 1143 ὁ
1411 1073 1537 1161 μὲν
1576 1073 1855 1161 χρύσεος
1896 1088 2109 1141 κεῖται
2150 1067 2227 1139 ἐν
2270 1077 2362 1164 τῷ
2400 1077 2738 1159 Κλαζομε-

460 1184 634 1246 νίων
679 1181 1041 1269 θησαυρῷ,
1097 1178 1315 1245 ἕλκων
1356 1175 1665 1265 σταθμὸν
1707 1181 1971 1244 εἴνατον
2009 1170 2457 1264 ἡμιτάλαντον
2496 1175 2606 1242 καὶ
2648 1180 2746 1243 ἔτι

466 1279 776 1349 δυώδεκα
814 1283 1050 1366 μνέας·
1106 1275 1143 1349 ὁ
1172 1279 1245 1348 δὲ
1287 1276 1617 1367 ἀργύρεος
1661 1275 1768 1347 ἐπὶ
1811 1283 1932 1346 τοῦ
1959 1285 2289 1366 προνηΐου
2325 1281 2444 1365 τῆς
2472 1271 2744 1365 γωνίὴς,

465 1384 740 1469 χωρέων
782 1378 1121 1469 ἀμφορέας
1165 1384 1565 1464 ἑξακοσίους.
1640 1379 2062 1468 ἐπικίρναται
2102 1378 2229 1468 γάρ
2273 1375 2407 1449 ὑπὸ
2446 1385 2747 1466 Δελφῶν

468 1490 924 1571 Θεοφανίοισι.
992 1487 1159 1571 φασὶ
1204 1488 1285 1554 δέ
1318 1512 1438 1573 μιν
1466 1486 1728 1571 Δελφοὶ
1770 1483 2131 1572 Θεοδώρου
2173 1489 2293 1552 τοῦ
2321 1490 2590 1572 Σαμίου
2634 1489 2743 1569 ἕρ-

869 1651 1002 1702 Cu.
1042 1652 1140 1703 LI.

537 1748 634 1803 καὶ
668 1746 802 1802 τάδε
829 1743 969 1802 ἄλλα
991 1744 1109 1818 ἅμα
1144 1747 1417 1820 τούτοισι]
1446 1757 1554 1806 Pro

467 1826 616 1874 τοῖσι
638 1824 855 1888 reposui
891 1814 1142 1873 τούτοισι
1172 1826 1257 1887 (ιιι
1281 1825 1427 1874 infra
1451 1825 1556 1876 hoc

468 1893 1558 2027 ,gaggpffgguffiffffibffgh3333

468 2032 596 2082 libri
643 2025 877 2096 μεγέθει·
922 2047 968 2081 s.
1017 1980 1262 2096 μεγέιζει,
1302 1980 1458 2097 qnod1
1484 2035 1556 2097 ab

468 2100 748 2151 Herodoto
776 2100 1009 2151 alienum
1039 2117 1161 2152 esse
1194 2101 1335 2151 idem
1374 2103 1562 2153 docuit

469 2169 704 2221 Bredov,
754 2184 809 2234 p.
860 2170 979 2229 14-1,
1029 2171 1123 2233 qui
1171 2187 1356 2221 omnes
1390 2172 1562 2222 Hero-

472 2238 664 2288 doteos
686 2237 837 2288 locos
859 2237 1098 2303 collegit.
1133 2239 1218 2288 Ad
1243 2241 1416 2304 ipsam
1443 2256 1563 2291 ora-

470 2307 636 2357 tionis
675 2306 1064 2356 abundantiam
1089 2308 1145 2357 in
1168 2309 1352 2358 verbis
1390 2302 1560 2373 μεγά-

472 2375 574 2425 θεϊ
607 2367 884 2440 μεγάλους
919 2375 992 2426 cf.
1029 2377 1232 2427 similes
1259 2378 1449 2428 Nostri
1483 2378 1562 2428 lo-

472 2460 568 2496 cos
611 2445 687 2506 1¹,
728 2446 815 2495 74.
855 2444 952 2507 IV,
987 2447 1072 2496 72.
1111 2447 1177 2507 V,
1221 2446 1304 2497 31.
1344 2447 1443 2509 VI,
1473 2449 1561 2499 44.

472 2515 601 2577 VII,
640 2516 734 2574 20;
773 2515 1086 2566 Pausaniae
1118 2514 1270 2567 locos
1297 2517 1564 2581 quosdam

472 2584 847 2649 suppeditabit
904 2585 1134 2636 Siebelis
1193 2586 1264 2636 ad
1317 2588 1561 2639 Pausan.

473 2654 552 2716 ΙΙ,
590 2653 677 2715 34,
718 2655 801 2706 ll.
850 2684 920 2694 —-
962 2656 1046 2706 Ad
1095 2656 1267 2706 dativi
1312 2671 1469 2707 usum
1504 2657 1564 2706 in

473 2725 763 2789 participio
785 2713 993 2773 ἐσιόντι
1025 2726 1171 2776 conf.
1190 2726 1443 2776 Kuehner
1465 2727 1560 2778 Gr.

369 2829 375 2836 -
472 2793 566 2843 Gr.
598 2798 649 2855 §-
690 2793 812 2856 581,
849 2810 902 2844 a.
944 2799 999 2845 et
1036 2795 1146 2845 vid.
1177 2794 1312 2847 Her.
1351 2796 1397 2859 1,
1439 2795 1561 2846 181.

473 2862 553 2913 11.
599 2863 682 2913 ll.
723 2863 809 2913 20.
849 2863 961 2924 ΙΙΙ,
999 2865 1088 2915 00.
1127 2865 1224 2926 IV,
1263 2866 1350 2915 25.

470 2962 638 3065 Ηὲιιῗὶ
648 2962 1095 3067 οιηαῖἒῖίαᾜῐῗίζο
1102 2963 1321 3080 ἒαέἕὸκ
1332 2964 1490 3069 ίίιιεοιιέ.τ
1503 2949 1562 3070 ‘ld

471 3099 598 3148 pag.
642 3083 804 3135 1113:
844 3100 1041 3149 „yeyen
1076 3087 1158 3137 die
1193 3088 1328 3150 Zeit,
1367 3089 1437 3137 da
1473 3088 1568 3138 der

481 3153 684 3215 Tempel
714 3153 1080 3204 verbraunte.“
1136 3155 1296 3208 Conf.
1344 3157 1422 3218 ΙΙ,
1473 3155 1562 3207 36.

471 3223 712 3273 Pausan.
755 3224 801 3284 Ι,
841 3222 926 3274 23.
967 3226 1016 3286 §-
1065 3223 1096 3271 3
1140 3225 1275 3290 ibiq.
1313 3224 1565 3278 Siebelis.

473 3293 539 3341 In
579 3307 730 3357 seqq.
770 3293 951 3340 κεῖται
986 3292 1196 3357 reliqui,
1226 3299 1288 3343 ut
1324 3310 1487 3361 supra
1518 3296 1566 3357 Ι,

473 3361 526 3412 9.
596 3361 679 3414 14.
738 3361 1042 3413 Bredovius
1092 3378 1145 3426 p.
1205 3364 1305 3414 377
1364 3365 1422 3413 in
1480 3365 1566 3414 his

476 3431 727 3481 omnibus
766 3432 932 3481 scribi
975 3430 1096 3482 vult
1131 3428 1341 3491 κέεται,
1401 3434 1567 3498 idque

475 3502 639 3552 etiarn
678 3502 904 3567 praebet
935 3501 991 3552 h.
1039 3501 1079 3553 l.
1127 3503 1375 3554 Dietsch.
1437 3505 1567 3555 Mox

473 3568 705 3620 εἴνατον
742 3571 911 3636 (quod
956 3571 1179 3622 iubente
1223 3573 1459 3623 BredoV.
1511 3590 1564 3639 p.

476 3640 594 3692 151.
635 3640 762 3691 dedi
808 3656 905 3706 pro
955 3633 1198 3690 ἔννατον
1247 3657 1292 3692 s.
1337 3635 1567 3705 ἔνατον)

474 3700 857 3773 ἡμιτάλαντον
899 3710 1091 3774 accipe
1125 3718 1236 3761 octo
1281 3714 1473 3763 talenta
1519 3719 1571 3762 et

473 3779 720 3828 (ὶίηιίιὶίιιηι
755 3783 924 3835 mrim,-
972 3779 1044 3830 cf.
1093 3784 1234 3830 nott.
1282 3782 1355 3831 ad
1393 3783 1439 3833 1.
1478 3783 1566 3831 50.

542 3836 637 3893 ἐπὶ
689 3845 791 3894 τοῦ
837 3843 1127 3910 προνηΐου
1181 3846 1282 3912 τῆς
1332 3848 1563 3913 γωνίης]

475 3913 627 3964 Infra
676 3915 846 3977 VIII,
895 3916 996 3966 122
1051 3917 1119 3966 de
1177 3917 1570 3983 Aeginetarum

474 3983 748 4046 donariis,
796 3999 937 4063 quae
983 4016 1054 4063 7-
1098 3975 1286 4035 ἕστᾶσι
1331 3978 1423 4037 ἐπὶ
1469 3987 1571 4052 τῆς

472 4052 757 4117 γωνίης,
818 4066 1107 4117 αγχοτατω
1162 4052 1264 4103 τοῦ
1311 4055 1570 4119 Κροίσου

473 4119 779 4186 κρητῆρος·

544 4196 901 4270 ἐπικίρναται
963 4197 1071 4271 γὰρ
1138 4196 1254 4257 ὑπὸ
1324 4206 1568 4272 Δελφῶν

474 4273 876 4341 Θεοφανίοισι]
915 4276 1000 4325 De
1046 4276 1166 4340 ipsa
1203 4277 1379 4331 forma
1412 4280 1566 4328 vocis

473 4343 853 4409 Θεοφανίοισι
896 4345 1041 4395 conf.
1070 4346 1303 4397 Bredom
1388 4382 1402 4397 .
1446 4348 1565 4400 181.

474 4416 608 4469 Cum
643 4413 786 4471 alias
825 4415 1028 4471 mentio
1077 4414 1175 4466 fiat
1223 4364 1564 4483 Θεοξενίων,

1658 1667 1799 1716 quae
1832 1650 2058 1717 Delphis
2087 1651 2292 1701 fuerint
2325 1655 2568 1716 peracta,
2604 1649 2750 1699 idem

1657 1722 1760 1772 hoc
1799 1719 1923 1771 loco
1954 1720 2082 1771 olim
2120 1720 2398 1772 exstitisse
2434 1719 2752 1785 suspicaba-

1660 1796 1748 1840 tur
1794 1789 2187 1852 Valckenaer.‚
2234 1794 2502 1839 mutatum
2548 1789 2674 1839 dein
2716 1803 2752 1837 a

1657 1860 1897 1910 librariis
1927 1859 2274 1921 Christianis,
2299 1860 2494 1924 quibus
2533 1860 2752 1909 notiora

1661 1930 1864 1979 suerint
1900 1921 1968 1977 τὰ
2013 1921 2340 1993 Θεοφάνεια
2387 1929 2502 1978 sive
2551 1929 2752 1979 festum

1662 1999 1866 2050 Christi
1901 1997 2105 2050 natale.
2154 2000 2333 2064 Atque
2370 1990 2439 2047 τὰ
2478 1994 2756 2059 Θεοξένια

1663 2085 1772 2119 non
1806 2067 2032 2133 Delphis
2070 2067 2247 2118 solum
2284 2066 2563 2118 celebrata
2608 2067 2753 2133 (vid.

1663 2138 1861 2189 Athen.
1914 2138 2011 2197 IX,
2068 2138 2130 2189 13
2178 2138 2312 2202 ibiq.
2352 2135 2659 2199 Schweigh.
2699 2140 2755 2186 et

1664 2208 1901 2258 Casaub.
1931 2206 2056 2257 coll.
2085 2208 2337 2257 Creuzer.
2361 2205 2604 2271 Symbol.
2640 2205 2752 2256 111.

1665 2293 1717 2342 p.
1760 2276 1823 2327 10
1860 2292 1974 2341 seq.
2028 2277 2113 2327 ed.
2163 2276 2348 2340 tert.),
2392 2292 2579 2326 verum
2626 2275 2755 2326 aliis

1666 2347 1832 2395 etiam
1880 2346 2145 2396 Graeciae
2191 2344 2353 2407 locis,
2398 2351 2459 2395 ut
2506 2345 2755 2407 Athenis,

1665 2415 1951 2477 Agrigenti
1985 2420 2120 2475 etc.;
2159 2430 2266 2479 qua
2307 2416 2371 2464 de
2409 2431 2467 2465 re
2504 2416 2757 2466 videatur

1664 2485 1936 2535 Pindarus
2001 2483 2219 2549 Olymp.
2277 2484 2385 2534 ΙΙΙ.
2449 2485 2568 2534 init.
2632 2500 2758 2535 cum

1663 2555 1968 2617 interprett.
2015 2553 2282 2616 (Boeckh.
2341 2553 2643 2618 Explicatt.
2700 2570 2756 2619 p.

1674 2622 1813 2683 104.)
1855 2623 1994 2672 Add.
2035 2623 2260 2673 Preller.
2287 2623 2363 2678 ad
2386 2622 2667 2673 Polemon.
2702 2639 2756 2687 p.

1665 2695 1753 2742 67.
1797 2693 1985 2757 Neque
2009 2708 2139 2742 vero
2165 2693 2299 2743 haee
2335 2708 2398 2743 eo
2422 2693 2605 2743 valere
2642 2707 2761 2742 cre—

1666 2761 1912 2824 diderim,
1939 2765 2001 2811 ut
2037 2761 2160 2812 loco
2187 2767 2441 2812 moveant
2468 2761 2760 2812 lectionem

1663 2831 1934 2882 Herodoti
1982 2831 2136 2880 libris
2183 2831 2431 2881 omnibus
2477 2831 2762 2883 confirma·

1664 2906 1798 2950 tam.
1868 2901 2008 2950 Nam
2052 2901 2196 2965 apud
2255 2901 2495 2951 Graecos
2544 2917 2760 2966 quoque

1667 2968 2013 3032 Θεοφανίων
2068 2970 2269 3019 festum
2317 2970 2511 3031 fuisse,
2561 2969 2762 3019 intelli-

1669 3040 1818 3104 gitur
1855 3054 1886 3087 e
1915 3037 2125 3089 Polluc.
2175 3039 2459 3089 Onomast.
2507 3039 2554 3101 Ι,
2607 3041 2655 3089 1.
2705 3042 2757 3101 §-

1671 3110 1757 3157 34.
1797 3106 1921 3158 coll.
1963 3108 2284 3158 Philostrat.
2351 3109 2464 3158 Vit.
2504 3108 2757 3172 Apollon.

1671 3178 1768 3239 IV,
1810 3177 1895 3227 31.
1935 3175 2058 3227 Alia
2096 3178 2415 3227 testimonia
2439 3177 2601 3227 huius
2631 3177 2762 3228 festi

1672 3245 1923 3311 Delphici
1978 3246 2126 3296 haud
2171 3251 2489 3312 supersunt:
2546 3247 2617 3297 ad
2673 3247 2762 3296 dei

1672 3317 1854 3366 sedem
1883 3331 2036 3365 suam
2069 3316 2358 3366 invisentis
2396 3317 2759 3381 praesentiam

1670 3390 1950 3450 spectasse
1987 3386 2197 3435 credas.
2250 3385 2407 3435 Cous.
2441 3385 2502 3436 C.
2532 3387 2598 3438 F.
2629 3388 2765 3436 Her-

1669 3470 1850 3504 mann.
1887 3454 2305 3505 Gottesdienstl.
2344 3448 2651 3518 Alterth.'§.
2674 3456 2759 3507 64.

1672 3530 1788 3575 not.
1827 3525 1878 3574 4.

1670 3588 2306 3724 τοὲαὲἓιμῗῖυμὲἶγιξῖιελε
2340 3585 2766 3726 3άι]ΘΙξῗιξτῗρ3ξ

1681 3730 1944 3781 Theodoro
1975 3728 2147 3779 Samio
2173 3729 2385 3779 artifice
2412 3728 2648 3794 produnt
2676 3746 2766 3780 ve-

1673 3803 1846 3861 teres,
1884 3814 2026 3864 quae
2061 3814 2184 3848 cum
2216 3799 2311 3848 vix
2349 3799 2407 3847 in
2444 3813 2608 3849 unum
2639 3815 2766 3850 eun-

1674 3869 1903 3933 demque
1925 3868 2103 3917 virum
2131 3868 2325 3919 cadere
2357 3884 2519 3933 posse
2543 3869 2767 3919 videan-

1673 3942 1780 3999 tur,
1815 3937 1921 3986 viri
1946 3937 2097 3987 docti
2130 3938 2288 3988 binos
2326 3942 2580 3988 statuunt
2604 3937 2766 3988 huius

1673 4007 1907 4056 nominis
1927 4006 2187 4069 artificeS,
2200 4022 2425 4071 quorum
2443 4006 2582 4056 alter
2594 4008 2769 4057 maior

1674 4079 1810 4124 natu
1856 4075 2023 4137 idem,
2074 4077 2167 4141 qui
2203 4077 2408 4127 Rhoeci
2456 4076 2767 4141 appellatur

1673 4143 1817 4193 filius
1850 4150 1906 4195 et
1941 4160 2062 4195 cum
2089 4145 2338 4196 Daedalo
2357 4147 2617 4210 Epeoque
2639 4161 2766 4197 con-

1671 4214 1946 4278 iungitur,
1999 4229 2265 4279 quemque
2309 4213 2582 4279 plasticen
2617 4216 2768 4264 inve-

1673 4282 1822 4332 nisse
1867 4281 2040 4334 mnlto
2094 4287 2224 4333 ante
2265 4283 2612 4335 Bacchiadas
2664 4284 2767 4333 Co-

1672 4351 1851 4401 rintho
1904 4351 2088 4416 pulst
2142 4352 2353 4402 Plinius
2397 4353 2566 4403 refert
2613 4354 2764 4403 Hist.

1670 4420 1799 4472 Nat.
1840 4422 2062 4485 XXXV,
2106 4422 2186 4472 12.
2240 4427 2376 4473 sect.
2416 4422 2504 4473 45.
2576 4421 2768 4473 Archi·
