3109 5092
417 326 542 387 470

1289 322 1819 385 HERODOTI

417 498 549 571 ἀπὸ
578 500 882 590 τροπέων
912 503 1050 566 τῶν
1079 499 1415 587 θερινέων
1443 495 1834 587 ἀρξάμενος,
1865 497 1974 564 ἐπὶ
2007 492 2245 565 ἑκατὸν
2271 490 2539 584 ἡμέρας,
2570 521 2687 563 πε-

419 602 624 684 λάσας
662 600 724 672 δ’
760 605 825 682 ἐς
853 599 971 671 τὸν
998 597 1293 690 ἀριθμὸν
1330 605 1625 672 τουτέων
1658 605 1797 670 τῶν
1831 595 2137 689 ἡμερέων
2165 595 2379 668 ὀπίσω
2408 596 2688 686 ἀπέρχε-

420 736 528 794 τριι
556 705 945 776 ἀπολείπων
985 703 1061 773 τὸ
1093 708 1416 794 ῥέεθρον,
1449 702 1615 775 ὥστε
1654 701 1907 793 βραχὺς
1939 701 2059 773 τὸν
2100 708 2392 791 χειμῶνα
2429 699 2694 771 ἅπαντα

422 922 572 970 rum,
617 919 754 973 quae
799 904 1237 968 frequentissima
1277 920 1372 970 per
1404 906 1506 956 Ae-

422 983 648 1046 gyptum
692 975 1047 1040 reperiuntur.
1117 975 1393 1025 Nonnulla
1426 980 1507 1025 at-

423 1050 551 1113 tigit
596 1047 896 1097 Creuzerus
943 1044 998 1093 in
1047 1044 1287 1109 Symbol.
1337 1046 1412 1096 11.
1451 1062 1506 1109 p.

425 1119 510 1180 29,
550 1117 659 1167 alia
695 1115 837 1165 idern
866 1116 1049 1163 monet
1083 1115 1144 1163 in
1177 1114 1368 1164 insulis
1386 1114 1510 1165 Phi-

423 1189 492 1238 lis
528 1191 582 1236 et
615 1183 978 1250 Elephantine
1012 1183 1258 1248 reperiri,
1299 1184 1366 1234 de
1397 1183 1512 1249 qui-

423 1258 527 1307 bus
562 1254 708 1306 Galli
751 1254 806 1302 in
845 1253 1119 1317 Descript.
1155 1252 1226 1301 de
1263 1254 1509 1318 l'Egypt.

425 1325 649 1390 Antiqq.
685 1323 794 1372 vol.
833 1321 880 1371 1.
918 1337 971 1385 p.
995 1323 1058 1373 57
1081 1337 1197 1387 seq.
1234 1322 1357 1373 coll.
1383 1338 1505 1386 cap.

428 1396 479 1447 3.
511 1391 817 1508 §.4.p.13
819 1405 965 1471 cap.
987 1392 1040 1442 8.
1065 1391 1113 1454 §-
1143 1395 1195 1441 4.
1224 1408 1277 1455 p.
1295 1392 1507 1470 l4seq.

496 1455 811 1518 πελάσαςὸ
819 1449 928 1515 ’ές
961 1453 1063 1508 τὸν
1097 1451 1355 1538 ἀριθμὸν
1380 1475 1509 1509 του-

426 1524 572 1583 τέων
612 1546 725 1579 των
764 1520 1037 1596 ἡμερέων]
1077 1521 1320 1587 πελάσας
1362 1534 1510 1579 recte

1609 907 1724 972 prie
1758 905 1970 957 valeat:
2020 905 2194 970 „quod
2238 905 2312 954 ad
2350 905 2585 969 fluentum
2615 911 2694 953 at-

1613 976 1803 1038 tinet,“
1860 975 1985 1025 aliis
2033 990 2247 1041 quoque
2304 972 2440 1023 locis
2501 973 2694 1023 similis

1612 1051 1919 1096 structurae
1964 1049 2021 1094 et
2056 1048 2326 1110 cognatae
2361 1043 2602 1093 notionis
2640 1043 2695 1091 in

1613 1116 1848 1166 medium
1916 1114 2166 1181 prolatis.
2266 1115 2435 1164 Recte
2513 1119 2695 1161 tamen

1614 1183 2161 1266 Schweighaeuserus
2198 1183 2329 1232 mihi
2364 1198 2582 1231 monere
2620 1182 2697 1228 vi-

1614 1256 1798 1337 detur,
1845 1254 2067 1305 verbum
2113 1244 2484 1328 ἀπέρχεσθαι
2499 1251 2698 1316 opponi

1610 1326 1688 1384 ei,
1736 1323 1880 1388 quod
1927 1339 2093 1388 supra
2128 1327 2308 1374 exstat
2353 1311 2695 1384 κατέρχεται,

1612 1393 1908 1457 eodemque
1959 1394 2119 1443 modo
2165 1383 2495 1440 ἀπολείπων
2533 1390 2699 1455 parti·

1612 1464 1754 1527 cipio
1804 1454 2106 1541 πληθύων.
2178 1462 2425 1524 Namque
2470 1451 2697 1508 ἀπολεί-

1613 1546 1743 1581 πειν
1771 1523 1836 1581 τὸ
1868 1524 2116 1594 ῥέεθρον
2139 1532 2232 1580 vix
2263 1529 2422 1579 aliter
2445 1533 2611 1593 atque
2632 1528 2699 1578 de

428 1616 572 1652 nunc
608 1600 812 1660 editur,
850 1613 972 1648 cum
1009 1603 1172 1649 antea
1207 1615 1235 1649 e
1264 1599 1510 1650 Mediceo
1607 1603 1759 1667 fluvio
1815 1601 2135 1651 decrescente
2180 1599 2409 1663 intelligi
2469 1598 2699 1662 poterit;

430 1669 735 1722 Gronovius
759 1668 1111 1718 substitutum
1129 1668 1398 1719 voluisset
1415 1660 1514 1717 πέ-

429 1741 546 1797 λας.
620 1737 727 1789 Sed
765 1741 912 1787 recte
950 1739 1056 1788 iam
1086 1743 1270 1788 monet
1299 1740 1514 1788 Wesse-

428 1809 656 1875 ling-ius,
702 1798 948 1863 πελάσας
991 1807 1080 1857 hic
1126 1808 1292 1888 paulo
1337 1809 1513 1857 minus

431 1895 552 1930 esse
587 1893 654 1927 ac
689 1867 991 1939 πληρώσας
1027 1868 1082 1933 ἐς
1126 1870 1229 1926 τὸν
1260 1867 1516 1940 ἀριθμὸν

432 1950 516 2012 ΙΙ,
559 1949 623 1997 7:
682 1946 921 2010 „quando
973 1948 1290 2008 compleverit
1331 1960 1517 2010 prope-

430 2018 618 2069 modum
639 2016 823 2065 huncce
846 2015 1038 2064 dierum
1067 2031 1315 2066 nmnernm
1337 2032 1382 2065 s.
1408 2031 1519 2066 ma-

434 2089 517 2153 gis
562 2085 632 2135 ad
680 2084 933 2134 verbum:
993 2086 1192 2150 quando
1246 2086 1520 2136 crescendo

433 2157 706 2207 accesserit
736 2153 809 2202 ad
835 2155 978 2202 istum
998 2154 1188 2203 dieram:
1210 2153 1519 2205 numer-rma.“

434 2227 639 2275 Contra
671 2221 974 2272 Larcherus
1021 2214 1265 2280 πελάσας
1318 2224 1384 2273 de
1433 2239 1516 2272 ac-

433 2309 600 2348 cessu.
636 2291 674 2341 i.
702 2307 748 2342 e.
789 2290 855 2340 de
884 2291 1214 2341 incremento
1250 2293 1402 2342 fluvii
1435 2294 1517 2341 in-

437 2362 610 2442 telligi
645 2360 791 2422 vult,
831 2360 920 2409 cui
955 2376 1082 2410 mox
1112 2367 1416 2427 opponatur
1454 2352 1518 2409 τὸ

377 2473 393 2488 .
433 2424 789 2495 ἀπέρχεσθαι
823 2445 869 2479 s.
909 2445 1140 2480 recessus
1167 2433 1335 2497 fluvii.
1374 2431 1518 2492 defe-

437 2510 545 2552 clus
574 2501 715 2566 fluvii
746 2498 1133 2550 decrescentis.
1202 2501 1406 2551 Verum
1439 2504 1519 2549 ta-

438 2573 544 2622 lem
562 2569 1097 2633 interpretationem·
1081 2584 1258 2634 ipsum
1277 2571 1520 2632 verbum,

438 2657 544 2707 quo
577 2641 778 2689 Noster
811 2639 1011 2702 utitur,
1050 2641 1275 2704 respuit.
1349 2638 1520 2688 Video

440 2717 620 2762 tamen
669 2724 789 2758 eam
843 2709 951 2758 iam
1008 2707 1208 2759 dudum
1255 2708 1522 2774 prolatam

439 2781 610 2830 fuisse
638 2795 672 2828 a
691 2777 961 2829 Salmasio
984 2778 1039 2827 in
1058 2779 1323 2829 Exci-citt.
1342 2777 1523 2829 Plinn.

439 2866 493 2915 p.
534 2846 636 2899 310
671 2849 736 2897 A.
809 2847 1035 2910 Spectat
1069 2847 1142 2896 ad
1175 2847 1319 2898 hunc
1355 2849 1525 2897 Hero-

441 2918 559 2967 doti
598 2915 779 2965 locum
827 2915 1039 2966 Plinius
1085 2917 1230 2967 Hist.
1280 2917 1410 2968 Nat.
1458 2918 1524 2977 V,

445 2986 527 3037 10.
579 2987 631 3045 §-
669 2985 735 3034 57
777 2983 914 3034 haec
963 2984 1233 3034 scribens.
1280 2985 1525 3050 „(Nilus)

443 3053 673 3117 „incipit
707 3066 954 3101 crescere
987 3052 1118 3102 luna
1151 3069 1325 3117 nova,
1366 3070 1528 3120 quae—

444 3135 693 3186 „cunque
742 3125 868 3185 post
900 3120 1194 3171 solstitium
1239 3128 1352 3185 est,
1410 3139 1527 3173 sen-

446 3192 585 3255 „sim
604 3189 923 3254 modiceque
941 3205 1196 3241 cancrum
1216 3193 1331 3242 sole
1353 3197 1527 3242 traus-

444 3263 673 3324 „eunte,
712 3258 1182 3310 abundantissime
1211 3267 1391 3313 autem
1419 3261 1528 3311 leo·

443 3345 634 3395 ‚,nem,
674 3333 729 3378 et
765 3327 957 3378 residit
990 3330 1047 3378 in
1084 3329 1296 3395 virg-ine
1333 3331 1526 3380 iisdem

445 3398 678 3466 „quibus
723 3398 964 3448 accrevit
1004 3398 1204 3461 modis;
1253 3402 1308 3449 in
1349 3405 1525 3449 totum

445 3473 666 3533 „autem
702 3471 988 3518 revocatur
1017 3469 1162 3518 intra
1195 3469 1341 3535 ripas
1378 3470 1434 3519 in
1467 3468 1528 3518 li-

445 3539 612 3603 „bra,
658 3542 721 3588 ut
765 3537 936 3589 tradit
977 3538 1296 3601 Herodotus,
1349 3544 1528 3589 cente-

445 3609 582 3659 simo
623 3608 728 3658 die.
736 3608 770 3634 ‘⁸

516 3668 699 3727 ὀπίσω
740 3666 1043 3741 ἀπέρχεται
1087 3667 1419 3725 ἀπολείπων
1465 3668 1529 3724 τὸ

448 3738 729 3811 ῤ’έεθρον]
795 3745 1081 3796 Molestum
1139 3746 1532 3811 interpunctio-

446 3829 568 3865 nem
602 3814 768 3881 vulgo
802 3821 928 3879 post
960 3806 1262 3880 ἀπέρχεται
1295 3815 1530 3897 positam

447 3898 568 3934 curn
589 3884 902 3934 Gaisfordio
930 3882 1147 3947 sustuli,
1178 3884 1437 3935 iubente
1422 3899 1530 3933 ram

447 3951 649 4002 dudum
683 3952 930 4002 Werfero
968 3954 1024 4003 in
1060 3952 1213 4003 Actis
1243 3952 1397 4036 phill.
1417 3954 1531 4002 Μο-

447 4035 699 4071 nacenss.
746 4021 797 4082 1,
836 4021 888 4072 1.
938 4037 991 4085 p.
1031 4021 1128 4085 85,
1139 4025 1269 4102 qui
1311 4022 1532 4087 partici-

447 4091 595 4155 pium
614 4057 947 4137 ἀπολείπων
971 4106 1092 4141 cum
1115 4060 1428 4155 ἀπέρχεται
1451 4091 1532 4141 ita

448 4157 708 4222 coniungi
743 4156 888 4219 vult,
931 4163 992 4208 ut
1035 4159 1195 4210 huius
1231 4161 1405 4225 ipsius
1440 4176 1532 4224 po-

449 4231 622 4277 testas
659 4225 763 4275 hoc
805 4225 965 4276 modo
1009 4234 1176 4278 aucta
1210 4230 1531 4295 reperiatur,

450 4293 932 4359 accusativumque
970 4288 1035 4346 τὸ
1082 4290 1331 4362 ῥέεθρον
1377 4315 1535 4350 accu-

449 4372 569 4418 rate
602 4367 683 4418 sic
707 4365 1080 4430 exponendum
1116 4368 1295 4431 docet,
1332 4374 1395 4419 ut
1416 4385 1536 4434 pro-

1615 1685 1787 1734 eoque
1841 1671 1960 1735 ipso
1999 1670 2215 1720 adiecto
2265 1669 2574 1718 accuratius
2610 1667 2701 1717 de·

1617 1740 1857 1790 claratur
1892 1746 1946 1790 et
1974 1737 2337 1803 amplificatur
2361 1737 2435 1799 id,
2473 1736 2660 1802 quod
2646 1753 2703 1785 ιιι

1617 1810 1929 1859 universum
1947 1808 2162 1890 quidem
2197 1809 2305 1858 iam
2335 1806 2702 1870 significatum

1619 1884 1737 1930 erat
1774 1880 1940 1929 verbo
1972 1870 2294 1958 ἀπέρχεται.
2379 1878 2575 1941 Itaque
2617 1891 2704 1925 ac-

1621 1948 1928 1999 cusativum
1965 1962 2029 1995 το
2069 1939 2318 2027 ἆεεθρον
2354 1947 2424 1996 ad
2460 1945 2705 1995 transiti-

1621 2035 1747 2068 vam
1782 2019 1893 2068 vim
1938 2017 2091 2066 verbi
2129 2008 2462 2065 ἀπολείπων
2514 2015 2705 2065 referri

1622 2088 1766 2137 vult·
1807 2089 2132 2151 „relinquens
2160 2087 2369 2151 fluenta,
2407 2085 2445 2134 i.
2475 2101 2521 2135 e.
2549 2085 2706 2134 relin-

1621 2173 1790 2223 quens
1826 2172 2071 2218 cursum,
2109 2171 2268 2219 quem
2296 2154 2475 2205 adhuc
2511 2155 2705 2215 tenuit,

1621 2231 1677 2277 et
1715 2226 1854 2287 loca,
1893 2241 2031 2290 quae
2067 2224 2243 2274 adhuc
2283 2224 2704 2274 inundaverat.“

1626 2297 1709 2346 Cf.
1752 2311 1916 2360 supra
1954 2295 2027 2354 11,
2072 2295 2152 2346 14.
2196 2294 2343 2342 infra
2379 2294 2465 2357 ΙΙ,
2501 2296 2589 2342 22.
2618 2292 2705 2356 93,

1623 2366 1716 2416 ubi
1757 2365 2106 2415 accusativus
2143 2363 2375 2413 omissus
2423 2363 2575 2412 facili
2621 2378 2709 2411 ne-

1624 2435 1773 2500 gotio
1814 2433 2052 2498 suppleri
2086 2437 2293 2497 potest,
2333 2434 2425 2496 qui
2460 2433 2578 2497 ipse
2612 2432 2707 2481 ad-

1625 2504 1771 2554 ditur
1809 2506 1863 2564 Ι,
1902 2502 2158 2563 60.V11,
2200 2503 2317 2553 117.
2391 2502 2474 2551 De
2521 2501 2707 2552 eodem

1622 2573 1788 2623 fluvio
1825 2573 2089 2622 diminuto
2121 2587 2186 2620 ac
2219 2571 2411 2621 minori
2444 2587 2709 2649 aquarum

1623 2644 1783 2708 copia
1816 2644 2015 2692 fluente
2051 2639 2463 2704 intelligendum
2499 2632 2714 2726 βραχὺς

1624 2714 1681 2762 ἰιι
1710 2713 1969 2763 continuo
2002 2711 2375 2776 sequentibus.
2419 2711 2505 2760 Ad
2526 2704 2708 2759 ὀπίσω

1624 2773 1928 2860 ἀπέρχεται
1968 2781 2040 2830 cf.
2078 2784 2219 2830 nott.
2259 2780 2328 2830 ad
2367 2780 2479 2842 111,
2522 2781 2603 2832 16
2642 2806 2710 2814 --

1626 2851 1711 2902 Ad
1748 2843 1911 2915 μέχρι
1948 2837 2018 2899 οὖ
2053 2849 2198 2900 conf.
2231 2849 2277 2910 I,
2316 2848 2436 2898 181.
2465 2817 2714 2904 οὐδενὸς

1627 2920 1966 2971 referendum
1987 2919 2059 2969 ad
2085 2914 2437 2982 παραλαβεῖν
2460 2933 2523 2968 eo
2549 2917 2711 2967 modo

1632 3006 1697 3041 ac
1730 3004 1913 3052 sensu,
1949 3004 2054 3053 quo
2083 2988 2225 3038 idem
2255 2988 2526 3050 genitivus
2555 2987 2711 3036 initio

1632 3075 1754 3124 cap.
1789 3058 1917 3108 huic
1963 3058 2130 3107 verbo
2169 3057 2391 3107 additus
2428 3056 2710 3121 reperitur.

1630 3129 1846 3188 Moneo,
1889 3126 2033 3191 quod
2057 3127 2287 3188 exstitit,
2314 3127 2404 3190 qui
2432 3121 2561 3188 περὶ
2582 3125 2715 3174 scri-

1630 3203 1781 3276 ptum
1817 3195 2012 3254 vellet,
2061 3195 2203 3245 unde
2245 3196 2506 3277 penderet
2552 3185 2714 3242 οὐδε-

1633 3258 1749 3322 νός.
1825 3265 1909 3315 cf.
1945 3265 2030 3327 ΙΙ,
2075 3264 2144 3315 29
2193 3264 2314 3313 init.
2376 3258 2712 3326 ἱστορειν,

1632 3351 1737 3400 quo
1773 3335 1860 3384 bis
1898 3336 1954 3384 in
1977 3349 2129 3399 seqq.
2171 3334 2369 3383 Noster
2402 3334 2594 3394 utitur,
2631 3336 2717 3382 est

1629 3407 1905 3466 sciscitari,
1960 3419 2235 3468 quaerere.-
2283 3402 2427 3453 conf.
2468 3407 2607 3451 nott.
2645 3400 2716 3450 ad

1632 3474 1961 3550 prooemium
1984 3472 2109 3523 libri
2141 3473 2318 3537 primi.
2337 3502 2408 3511 —
2431 3471 2648 3521 Paulo'
2633 3487 2717 3520 ιιι-

1633 3544 1720 3593 fra
1765 3534 1833 3590 τὰ
1876 3534 2196 3605 λελεγμένα,
2246 3539 2392 3606 quod
2434 3545 2545 3589 tres
2592 3556 2717 3604 pro-

1630 3612 1749 3662 bati
1787 3610 2020 3661 offerunt
2052 3611 2195 3669 libri,
2233 3615 2459 3660 recentt.
2488 3609 2612 3660 edd.
2635 3624 2715 3658 re·

1634 3684 1894 3745 ceperunt
1952 3695 2048 3745 pro
2105 3647 2254 3745 vulg.
2308 3671 2377 3728 τά
2426 3670 2714 3743 λεγόμενα,

1635 3764 1775 3814 quae
1817 3753 1872 3799 et
1905 3750 2026 3814 ipsa
2055 3750 2213 3799 codd.
2253 3749 2584 3798 auctoritate
2608 3761 2719 3796 non

1634 3819 1900 3869 destituta
1941 3823 2051 3880 est,
2099 3818 2277 3868 locum
2314 3818 2395 3867 ita
2430 3816 2719 3867 reddentes

1635 3888 1859 3937 Latine:
1897 3888 2085 3952 „Haec
2114 3890 2281 3952 igitur,
2317 3902 2447 3951 quae
2467 3888 2598 3944 dixi,
2632 3900 2719 3934 co-

1630 3972 1876 4022 gnoscere
1937 3960 2144 4019 cupiens
2201 3958 2487 4006 sciscitatus
2540 3972 2661 4006 sum.
2681 3954 2719 3982 “

1636 4028 1786 4088 Quos
1822 4031 2041 4077 secutus
2082 4024 2257 4075 Italus
2293 4025 2559 4090 interpres
2605 4040 2723 4074 ver-

1634 4096 1731 4144 tit:
1781 4095 2040 4158 „Volend
2088 4096 2137 4145 ἰο
2183 4109 2452 4144 conoscere
2494 4096 2543 4144 le
2581 4100 2722 4144 ante-

1636 4165 1769 4233 detge
1814 4179 1957 4224 cose,
2001 4166 2072 4228 91⁹
2116 4165 2487 4228 inter-royano.⁴
2474 4162 2513 4189 “
2587 4161 2723 4211 Mihi

1637 4248 1796 4284 secus
1831 4232 2074 4294 videtur,
2115 4234 2347 4298 ideoque
2382 4230 2723 4282 retinendum
2772 4279 2785 4284 ,

1639 4303 1824 4352 censui
1859 4295 1928 4350 τὰ
1955 4296 2227 4366 λεγόμενα
2257 4302 2361 4352 hoc
2391 4299 2504 4350 fere
2529 4314 2722 4351 sensu·

1638 4371 1724 4421 Ea
1750 4374 1927 4436 ἰρίιιιν,
1967 4387 2098 4437 quae
2134 4372 2198 4421 de
2222 4370 2300 4422 leis
2333 4368 2426 4433 (de
2448 4369 2576 4422 Nilo
2603 4366 2722 4419 soil.
