3109 5092
487 358 567 418 78
1358 354 1898 416 HERODOTI

482 527 602 598 τὸν
633 534 860 598 παῖδα.
908 519 1083 617 ἦσαν
1117 527 1192 596 δὲ
1228 533 1320 620 τῷ
1347 534 1620 620 Κροίσῳ
1652 525 1779 596 δύο
1820 533 2090 613 παῖδες,
2139 533 2280 597 τῶν
2323 524 2597 615 οὕτερος
2645 528 2770 616 μὲν

487 634 893 720 διέφθαρτο·
964 622 1048 720 ἦν
1087 628 1217 719 γὰρ
1253 629 1338 720 δὴ
1380 630 1641 718 κωφός·
1704 626 1742 700 ὁ
1783 629 1857 699 δὲ
1893 633 2116 719 ἕτερος
2159 635 2298 699 τῶν
2337 626 2596 719 ἡλίκων
2638 660 2765 720 μα-

484 741 629 829 κρῷ
662 733 744 803 τὰ
771 736 990 803 πάντα
1019 739 1306 822 πρῶτος·
1355 732 1613 821 οὔνομα
1652 736 1733 802 δέ
1776 738 1846 802 οἱ
1874 724 1959 822 ἦν
1985 732 2207 814 ”Ατυς.
2264 741 2506 804 τοῦτον
2547 731 2632 822 δὴ
2671 726 2769 804 ὧν

483 837 602 908 τὸν
621 835 824 908 ”Ατυν
856 845 1168 926 σημαίνει
1195 843 1287 931 τῷ
1313 845 1587 930 Κροίσῳ
1615 832 1650 905 ὁ
1685 834 1981 928 ὄνειρος,
2013 832 2102 917 ὦς
2130 835 2397 907 ἀπολέει
2425 867 2544 927 μιν
2566 842 2770 928 αἰχμῇ

482 943 762 1030 σιδηρέῃ
805 943 1169 1030 βληθέντα.
1224 937 1262 1010 ὁ
1313 942 1391 1009 δὲ
1427 938 1582 1008 ἐπεί
1610 965 1683 1008 τε
1735 937 2101 1030 ἐξηγέρθη,
2148 942 2261 1009 καὶ
2294 943 2524 1036 ἑωυτῷ
2562 941 2767 1028 λόγον

484 1051 735 1131 ἔδωκε,
787 1044 1311 1134 καταρῤωδήσας
1344 1041 1464 1113 τὸν
1496 1041 1803 1134 ὄνειρον,
1841 1039 2075 1130 ἄγεται
2108 1046 2236 1133 μὲν
2275 1050 2369 1139 τῷ
2414 1046 2606 1114 παιδὶ
2641 1072 2764 1132 γυ-

484 1163 721 1234 ναῖκα,
780 1147 1045 1217 ἐωθότα
1096 1148 1171 1215 δὲ
1213 1150 1648 1237 στρατηγέειν
1682 1175 1800 1236 μιν
1852 1152 1991 1217 τῶν
2023 1151 2309 1233 Λυδῶν,
2363 1146 2626 1239 οὐδαμῇ
2674 1155 2768 1216 ἔτι

485 1252 595 1321 ἐπὶ
626 1257 887 1321 τοιοῦτο
926 1254 1197 1341 πρῆγμα
1235 1254 1590 1339 ἐξέπεμπε·
1651 1247 1928 1319 ἀκόντια
1966 1252 2042 1321 δὲ
2078 1254 2189 1322 καὶ
2226 1250 2503 1341 δοράτια
2549 1253 2659 1321 καὶ
2691 1249 2772 1319 τὰ

484 1360 761 1425 τοιαῦτα
801 1354 1051 1440 πάντα,
1090 1370 1261 1424 τοῖσι
1296 1356 1604 1445 χρέονται
1642 1357 1708 1435 ἐς
1749 1353 2042 1444 πόλεμον
2085 1353 2473 1446 ἅνθρωποι,
2523 1359 2596 1425 ἐκ
2634 1360 2773 1425 τῶν

482 1553 647 1620 pauci
664 1559 793 1620 post
817 1555 1147 1619 attigerunt,
1176 1555 1244 1606 ab
1268 1555 1575 1623 interprett.

485 1625 556 1674 ad
588 1624 643 1674 h.
682 1624 719 1675 l.
758 1624 996 1675 laudati:
1051 1626 1328 1683 Diodorus
1372 1626 1431 1676 in
1466 1628 1578 1678 Ex-

484 1699 681 1759 cerptt.
733 1695 799 1745 de
832 1696 1051 1745 virtutt.
1100 1701 1155 1746 et
1202 1696 1354 1745 vitiis
1390 1695 1471 1749 11.
1517 1713 1574 1761 p.

484 1765 587 1815 553
624 1764 708 1815 ed.
748 1765 1107 1831 wesseling„
1164 1765 1425 1816 Nicolaus
1462 1768 1577 1816 Da-

482 1849 770 1885 mascenus
831 1835 888 1884 in
930 1836 1221 1900 Excerptis
1264 1834 1473 1886 Valesii
1519 1852 1573 1900 p.

482 1905 583 1953 457
636 1904 905 1971 (eiusdem
957 1905 1208 1971 fragmm.
1265 1922 1317 1971 p.
1369 1904 1436 1956 58
1488 1907 1575 1956 ed.

486 1973 714 2036 Orell.),
779 1976 887 2024 Dio
954 1975 1374 2040 chrysostomus
1423 1975 1578 2025 Orat.

487 2043 668 2093 LXIV
703 2044 784 2109 (p.
812 2044 915 2094 328
940 2045 1095 2094 Tom.
1137 2045 1197 2095 II
1233 2045 1318 2095 ed.
1342 2045 1577 2108 Reisk.).

483 2128 536 2176 p.
579 2111 681 2162 592
700 2112 915 2162 -MorelL
953 2114 1138 2178 ibique
1163 2114 1343 2164 Schol.
1367 2113 1579 2165 Morell.

483 2188 563 2245 (p.
608 2182 712 2231 708
744 2183 900 2231 Τοιιι.
931 2181 988 2231 11
1024 2183 1108 2232 ed.
1134 2181 1368 2247 Reisk.)‚
1406 2184 1580 2233 Maxi-

483 2264 602 2299 mus
653 2250 854 2314 Tyrius
903 2251 1141 2301 Dissert.
1180 2253 1297 2301 XL.
1353 2268 1407 2315 p.
1455 2253 1576 2314 267,

486 2320 577 2384 qui
610 2323 791 2368 tamen
814 2336 937 2369 cum
963 2325 1170 2370 mutum
1194 2321 1382 2371 Croesi
1407 2321 1578 2370 filiurn

483 2391 633 2467 Atyn
669 2388 935 2453 appellat,
968 2381 1274 2454 ἁμάρτημα
1296 2404 1576 2454 μνημονι-

480 2450 589 2506 κόν
638 2459 937 2521 commisit,
989 2460 1169 2509 iudice
1212 2460 1441 2509 Heinsio
1492 2464 1577 2509 at-

482 2543 587 2593 que
658 2529 918 2590 Davisi03
996 2528 1268 2579 Aristides
1344 2529 1577 2594 denique

483 2601 664 2648 Oratt.
716 2598 890 2649 Platt.
940 2599 985 2648 Ι.
1035 2600 1190 2649 Τοιιι.
1239 2599 1317 2650 ΙΙ.
1368 2616 1420 2664 p.
1477 2601 1576 2650 125

482 2668 638 2718 Iebb.
680 2669 812 2734 ibiq.
852 2668 1067 2734 Schol.‚
1113 2667 1298 2721 Valer.
1348 2670 1573 2720 Maxim.

482 2738 528 2801 1,
571 2740 621 2788 7.
663 2744 773 2789 ext.
813 2741 865 2789 4.

550 2795 626 2871 ἦν
675 2800 782 2873 γὰρ
831 2799 905 2872 δὴ
966 2799 1185 2872 κωφός]
1242 2798 1437 2871 κωφὸς
1492 2812 1579 2857 est

478 2885 670 2938 mutus,
725 2879 819 2941 qui
856 2877 1018 2956 loqui
1060 2893 1169 2927 non
1214 2881 1425 2940 potest,
1482 2878 1580 2942 qui

481 2945 622 2993 idem
655 2914 701 3007 ’1,
742 2949 811 2997 85
845 2936 1082 3025 ἄφωνος
1128 2946 1329 2995 dicitur
1364 2946 1488 2996 coll.
1529 2947 1576 3009 Ι,

480 3016 567 3076 47,
606 3014 700 3063 ubi
737 3008 933 3077 κωφὸς
980 3019 1034 3063 et
1072 3028 1140 3062 ου
1181 3009 1422 3078 φωνέων
1459 3017 1578 3065 ἰιιιι-

481 3051 684 3147 gu’ntur
744 3083 932 3134 eodem
993 3098 1176 3133 sensu.
1246 3084 1426 3147 Atque
1470 3086 1579 3134 Eu-

481 3152 741 3202 stathium
791 3154 840 3203 si
887 3153 1080 3203 audias
1138 3153 1208 3203 ad
1256 3152 1455 3216 Odyss.
1507 3155 1577 3205 V.

480 3238 534 3287 p.
574 3221 695 3285 230,
734 3223 913 3287 Ssqq.
952 3222 1037 3273 ed.
1063 3223 1234 3273 Basil.
1273 3226 1330 3271 et
1361 3222 1578 3273 Ammo-

480 3292 629 3341 nium
672 3308 724 3357 p.
751 3292 820 3343 86
841 3292 1018 3371 (quos
1042 3291 1194 3342 locos
1231 3294 1326 3343 Cr.
1368 3292 1577 3342 adscri-

478 3361 648 3428 psit),
697 3354 895 3427 κωφὸς
946 3366 1192 3413 veterum
1244 3363 1576 3414 Graecorum

478 3433 694 3483 ratione
739 3433 940 3483 dicitur
974 3440 1162 3497 mutue,
1212 3434 1578 3483 recentiorum

480 3518 546 3552 ex
582 3519 686 3553 usu
723 3518 938 3570 quoque
972 3505 1177 3554 surdus·
1238 3502 1360 3564 Qua
1383 3503 1576 3554 Gram-

477 3575 801 3624 maticorum
838 3575 1253 3636 observatione,
1284 3577 1429 3623 teste
1454 3573 1549 3623 Cr.
1539 3609 1573 3636 .‚

481 3644 568 3693 usi
618 3647 745 3694 sunt
781 3644 852 3694 ad
887 3645 1239 3695 Homericum
1271 3643 1476 3707 Hymn.
1516 3642 1574 3691 in

476 3711 807 3763 Mercurium
841 3713 1084 3763 Homero
1131 3708 1573 3774 abiudicandum,

476 3782 681 3861 quippe
719 3784 776 3830 in
812 3797 917 3847 quo
955 3799 1037 3833 vs.
1069 3782 1139 3832 92
1177 3787 1430 3833 occurrat
1464 3795 1573 3829 κω-

478 3863 590 3910 φῦς
626 3841 894 3906 ἄκουσας.
961 3851 1120 3902 Conf.
1158 3853 1378 3902 Ernest.
1416 3854 1575 3901 notu·

476 3917 586 3966 lam
621 3917 691 3966 ad
728 3917 782 3967 h.
819 3917 857 3966 l.
932 3918 1037 3970 Sed
1085 3920 1203 3984 ipse
1236 3920 1572 3999 Herodotus,

477 3987 570 4051 qui
607 3986 796 4036 Croesi
819 3982 1000 4037 filium
1032 3988 1088 4037 h.
1116 3987 1155 4038 l.
1183 3980 1402 4053 κωφὸν,
1442 3990 1481 4039 i.
1519 4004 1566 4039 e.

473 4062 677 4119 mutum,
732 4055 1002 4121 appellat,
1053 4056 1282 4107 eundem
1329 4057 1475 4107 infra
1519 4058 1565 4119 Ι,

477 4125 545 4177 38
568 4130 734 4175 vocat
768 4122 1206 4190 διεφθαρμένον
1226 4116 1334 4189 τὴν
1362 4117 1566 4189 ἀκοὴν,

473 4196 511 4244 i.
552 4210 599 4245 e.
640 4196 876 4252 surdum,-
926 4196 1021 4245 ubi
1068 4195 1139 4245 cf.
1191 4199 1334 4244 nott.
1397 4194 1568 4245 Addit

474 4264 570 4315 Cr.
607 4264 879 4316 Heracliti
904 4265 1099 4331 fragm.
1130 4264 1275 4329 apud
1302 4262 1563 4316 Clement.

471 4332 764 4384 Alexandr.
804 4350 858 4399 p.
895 4334 998 4385 718
1035 4334 1121 4384 ed.
1159 4335 1368 4384 Potter.
1437 4334 1566 4386 Alia

470 4402 629 4469 plura
674 4404 861 4454 inveni
910 4404 968 4455 in
1003 4401 1355 4457 Valckenarii
1396 4403 1561 4457 Obss.

1680 1554 1750 1605 ad
1786 1555 2036 1605 Ammon.
2074 1570 2130 1618 p.
2174 1552 2466 1605 134-138,
2525 1553 2772 1603 Particu-

1678 1626 1787 1675 lam
1824 1617 1924 1688 δὴ,
1966 1638 2105 1689 quae
2140 1619 2306 1673 simili
2340 1624 2454 1673 sere
2491 1623 2649 1673 modo
2678 1638 2775 1687 po-

1680 1696 1790 1745 sita
1826 1695 2103 1744 invenitur
2134 1694 2179 1756 1,
2212 1695 2311 1745 114
2339 1694 2496 1756 init.,
2534 1693 2776 1742 illustrat

1678 1767 1950 1829 Hartung.
1973 1765 2148 1814 Lehre
2167 1731 2460 1814 ’‹1.Partik.
2499 1763 2547 1813 Ι.
2572 1779 2622 1827 p.
2651 1762 2774 1812 287.

1677 1836 1852 1885 —In
1890 1850 2042 1915 seqq.
2083 1834 2152 1883 ad
2186 1848 2381 1884 nomen
2405 1822 2588 1896 ”Ατυς,
2629 1830 2776 1896 quod

1679 1907 1935 1969 frequens
1973 1904 2029 1952 in
2066 1905 2344 1968 Lydorum
2382 1902 2542 1952 rebus
2588 1916 2776 1951 occur-

1683 1976 1783 2037 rit,
1836 1974 2078 2036 cf.1‚7
2120 1978 2175 2023 et
2211 1973 2278 2025 35
2325 1973 2511 2038 ibique
2547 1976 2686 2021 nott.
2727 1970 2775 2032 1,

1684 2043 1772 2096 94.
1811 2044 1944 2106 VII,
1984 2045 2069 2094 75.

1753 2103 1829 2169 ὡς
1865 2079 2093 2162 ἀπολέει
2129 2111 2250 2177 μιν]
2303 2113 2389 2162 Ad
2425 2111 2654 2161 formam
2691 2109 2777 2159 fu-

1683 2183 1792 2232 turi
1822 2173 2050 2232 ἀπολέει
2097 2183 2190 2234 Or.
2233 2183 2446 2232 confert
2491 2180 2775 2231 Maittaire

1683 2252 1751 2301 de
1792 2251 2036 2302 dialectt.
2076 2267 2130 2316 p.
2175 2252 2273 2302 160
2309 2252 2395 2302 ed.
2436 2252 2618 2301 Sturz.
2683 2249 2774 2299 Sic

1681 2321 1826 2369 infra
1861 2322 1907 2383 I,
1946 2320 2015 2371 38
2052 2318 2481 2384 κερδανέεις.
2537 2321 2625 2370 Tu
2658 2319 2770 2368 rid.

1679 2389 1912 2440 Bredov.
1956 2407 2010 2455 p.
2061 2389 2167 2440 356
2201 2406 2316 2457 seq.
2392 2389 2659 2439 Futurum
2695 2389 2776 2437 in-

1681 2459 1910 2509 dicativi
1942 2461 2000 2509 in
2032 2460 2282 2511 oratione
2316 2458 2567 2523 obliqua,
2615 2473 2775 2524 prae-

1679 2530 1868 2578 sertim
1904 2531 1962 2578 in
1996 2529 2485 2580 vaticinationibus
2511 2528 2650 2579 satis
2682 2543 2777 2577 no-

1681 2602 1826 2661 tum,
1863 2603 1927 2648 ut
1960 2614 2128 2663 supra
2165 2599 2211 2661 Ι,
2256 2598 2320 2649 13
2355 2602 2464 2649 etc.
2536 2598 2777 2648 Notatur

1678 2674 1967 2733 praeterea
2003 2668 2266 2719 orationis
2301 2667 2569 2733 quaedam
2605 2668 2773 2716 abun

1681 2739 1873 2789 dantia
1920 2739 1977 2787 in
2023 2754 2116 2800 ee,
2170 2740 2316 2803 quod
2362 2751 2462 2801 μιν
2516 2737 2776 2786 adiicitur

1681 2824 2013 2873 pronomen,
2062 2810 2195 2858 licet
2213 2808 2485 2890 proxime
2530 2811 2776 2857 anteces-

1680 2880 1815 2927 serit
1848 2876 2057 2927 τοῦτον
2091 2870 2193 2926 τὸν
2213 2868 2397 2926 ’.Ατυν
2464 2876 2592 2927 Vid.
2630 2880 2770 2927 nott.

1682 2947 1752 2996 ad
1784 2948 1891 3009 ΠΙ,
1916 2948 2004 2998 85.
2079 2947 2145 2996 Ιιι
2177 2962 2331 3012 seqq.
2368 2947 2628 2996 revocavi
2654 2961 2776 2996 cum

1680 3017 1916 3066 Bredov,
1950 3032 2005 3082 p.
2039 3016 2142 3068 300
2163 3006 2494 3081 vulgatamss
2510 3012 2773 3146 ξηγέριθη,

1681 3100 1713 3135 e
1758 3085 2002 3135 Florent.
2048 3090 2317 3137 mutatam
2375 3085 2433 3134 in
2510 3080 2666 3149 ξεγέρ

1681 3155 1921 3219 itemque
1939 3148 2405 3220 καταρᾆδήσας
2428 3170 2526 3218 Ριο
2550 3168 2656 3204 κατ
2669 3082 2776 3217 Ἵ-

1681 3216 1803 3288 ἆωὸ
1804 3222 1979 3289 η’σας,
2026 3240 2150 3275 οιιιιι
2197 3228 2457 3275 constans
2493 3226 2567 3273 sit
2600 3225 2777 3274 Hero-

1681 3293 1797 3343 doti
1833 3295 2110 3358 scriptura
2131 3285 2633 3358 καταρᾇδήσας,
2671 3295 2776 3344 hoc

1680 3378 1896 3428 quoque
1932 3364 2053 3414 loco
2090 3362 2301 3428 aliquot
2344 3363 2501 3412 libris
2538 3363 2773 3414 firmata.

1678 3433 1805 3482 Vid.
1853 3435 2015 3484 modo
2076 3434 2336 3484 Dindorf.
2399 3448 2453 3496 p.
2503 3433 2773 3483 XXXIII.

1677 3503 1913 3553 Bredov.
1963 3519 2017 3568 p.
2072 3503 2192 3554 161.
2267 3501 2353 3553 Ad
2387 3503 2586 3552 verba:
2637 3494 2774 3553 ἑωυ-

1676 3570 1757 3639 τῷ
1792 3564 1965 3635 λόγον
2002 3567 2178 3622 ἔδωκε
2217 3573 2344 3634 (rem
2366 3573 2656 3636 diligentum
2691 3588 2775 3622 re·

1668 3622 1912 3706 putabat)
1972 3643 2065 3693 Gr.
2114 3642 2308 3709 laudat
2353 3642 2646 3692 Heindorf.
2706 3640 2776 3691 ad

1674 3710 1925 3761 Platonis
1989 3712 2235 3777 Sophist.
2304 3712 2355 3773 5.
2396 3710 2481 3762 34.
2535 3727 2590 3776 p.
2650 3712 2772 3762 320.

1678 3779 1836 3830 Conf.
1875 3781 1946 3831 ad
1985 3781 2060 3844 ΙΙ,
2105 3782 2202 3832 162
2238 3785 2439 3831 notatt.

1746 3863 1986 3913 αγεται
2025 3845 2129 3914 μὲν
2179 3848 2260 3917 τῷ
2300 3844 2468 3897 παιδὶ
2506 3847 2771 3914 γυναῖκα]

1674 3908 1923 3981 αγεσθαι
1979 3920 2037 3969 in
2084 3899 2264 3969 medi‘o
2329 3917 2398 3968 de
2455 3921 2615 4000 patre
2659 3917 2774 3967 filio

1673 4001 1897 4039 uxorem
1956 3988 2176 4039 locante
2239 3989 2297 4038 in
2364 3988 2539 4053 ipsius
2609 3989 2772 4039 aedes

1673 4060 1833 4121 quasi
1869 4058 2245 4109 abducendam
2276 4056 2672 4109 illustravimus
2702 4057 2772 4107 ad

1673 4127 1893 4179 Ctesiae
1927 4129 2169 4179 Persice.
2205 4128 2257 4191 5.
2296 4129 2348 4179 2.
2367 4145 2436 4208 Ρ.
2473 4127 2542 4179 92
2581 4143 2708 4209 seq.

1738 4201 1888 4247 τοῖσι
1923 4193 2188 4263 χρέονται
2218 4190 2274 4255 ἐς
2302 4190 2553 4261 πόλεμον
2590 4187 2708 4246 οἷ”
2669 4211 2769 4244 αν·

1669 4262 1927 4331 θρωποι]
1969 4265 2262 4330 χρέονται,
2300 4268 2446 4332 quod
2481 4265 2666 4330 plures
2702 4265 2767 4312 li-

1666 4334 1751 4383 bri
1785 4336 2063 4399 ferebant,
2102 4352 2225 4387 cum
2247 4304 2464 4399 'Schwgu
2502 4338 2557 4383 et
2586 4333 2764 4384 Gaisf.

1666 4405 1905 4469 reposui.
1964 4374 2091 4457 Vid.
2123 4406 2360 4457 Bredov'.
2398 4418 2455 4469 Ρ.
2488 4401 2612 4454 386.
2596 4435 2631 4467 .,
2671 4401 2765 4467 qui
