3109 5092
1143 355 1647 417 EUTERPE.
1694 356 1778 414 II.
1827 363 1911 419 17.

2544 356 2669 417 465

385 554 504 596 τον
531 523 650 595 τὸν
678 527 900 614 λόγον,
933 522 970 594 ὁ
999 525 1122 615 τὴν
1144 525 1373 617 Ἀσίην
1401 526 1688 619 οὐρίζων
1722 533 1838 618 τῆς
1866 527 2154 617 Λιβύης·
2184 533 2307 598 τοῦ
2332 532 2553 599 Δέλτα
2590 530 2667 600 δὲ

384 630 629 699 τούτου
649 628 818 699 κατὰ
844 627 918 700 τὸ
943 626 1062 712 ὀξυ
1088 631 1617 721 περιρρήγνυται
1641 627 1677 700 ὃ
1704 639 1972 716 Νεῖλος,
2006 628 2175 701 ὥστε
2205 628 2282 700 ἓν
2307 637 2403 725 τῷ
2419 631 2667 720 μεταξὺ

377 731 595 822 Ἀσίης
637 759 708 802 τε
755 735 867 801 καὶ
895 733 1154 822 Λιβύης
1194 731 1432 821 γίνοιτ’
1472 732 1578 804 ἄν.
1638 737 1775 803 Καὶ
1811 733 1937 824 τὴν
1967 736 2092 824 μὲν
2110 732 2354 804 Ἰώνων
2383 734 2661 825 γνώμην
2684 750 2758 809 17

381 833 697 925 ἀπίεμεν·
725 832 915 925 ἡμεῖς
942 837 1018 905 δὲ
1048 828 1180 906 ὦδε
1208 840 1319 906 καὶ
1349 839 1503 928 περὶ
1529 837 1792 907 τούτων
1823 840 2123 926 λέγομεν.
2159 848 2511 925 Αἴγυπτον
2535 838 2663 928 μὲν

384 945 605 1010 πᾶσαν
642 939 814 1009 εἶναι
853 939 1106 1030 ταύτην
1139 938 1262 1030 τὴν
1297 936 1418 1010 ὑπ’
1462 946 1864 1028 Αἰγυπτίων
1899 941 2329 1031 οἰκεομένην,
2367 942 2662 1031 κατάπερ

383 1050 700 1132 Κιλικίην
729 1041 854 1132 τὴν
884 1038 1015 1113 ὑπὸ
1047 1052 1370 1130 Κιλίκων,
1409 1046 1521 1113 καὶ
1550 1041 1913 1132 Ἀσσυρίην
1945 1043 2070 1133 τὴν
2098 1040 2232 1114 ὑπὸ
2263 1041 2661 1133 Ἀσσυρίων.

382 1143 669 1235 οὔρισμα
707 1146 783 1215 δὲ
810 1143 994 1236 Ἀσίῃ
1025 1149 1135 1216 καὶ
1166 1146 1387 1237 Λιβύῃ
1418 1153 1701 1232 οἴδαμεν
1732 1143 1937 1216 οὐδὲν
1974 1144 2088 1217 ἐὰν
2127 1143 2318 1239 ὀρθῷ
2360 1147 2571 1241 λόγῳ,
2604 1154 2668 1216 εἰ

382 1247 471 1338 μὴ
505 1247 660 1329 τούς
703 1254 1102 1336 Αἰγυπτίων
1140 1248 1406 1341 οὔρους.
1476 1255 1539 1318 εἰ
1583 1250 1659 1319 δὲ
1703 1255 1798 1342 τῷ
1834 1245 1955 1319 ὑπ’
2005 1247 2344 1339 Ἑλλήνων
2391 1277 2660 1338 νενομι-

382 1352 605 1445 σμένῳ
633 1351 1041 1441 χρησόμεθα,
1075 1359 1440 1442 νομιοῦμεν
1471 1363 1824 1439 Αἴγυπτον
1851 1358 2094 1439 πᾶσαν,
2123 1351 2501 1442 ἀρξαμένην
2529 1350 2662 1422 ἀπὸ

383 1456 848 1525 Καταδούπων
877 1483 950 1525 τε
981 1459 1091 1525 καὶ
1113 1453 1586 1544 Ἐλεφαντίνης
1614 1455 1864 1542 πόλιος,
1895 1460 2047 1543 δίχα
2076 1454 2518 1546 διαιρέεσθαι,
2548 1460 2659 1525 καὶ

378 1657 691 1740 reliquimus
729 1653 783 1707 εἰ
812 1648 948 1736 μήτε
988 1655 1076 1721 γε,
1116 1657 1184 1707 ab
1223 1655 1316 1707 illo
1353 1672 1465 1706 mu·

378 1733 551 1777 tatum
588 1728 645 1776 in
681 1723 735 1777 εἰ
768 1717 847 1791 μή
881 1742 944 1776 τι
980 1724 1057 1791 γέ.

447 1804 477 1861 ὁ
505 1805 612 1877 τὴν
632 1804 820 1876 Ἀσίην
844 1803 1087 1875 οὐρίζων
1104 1808 1206 1875 τῆς
1223 1802 1461 1888 Λιβύης]

341 1875 534 1945 'Quod
555 1881 686 1932 olim
715 1882 1000 1947 legebatur
1021 1878 1092 1946 τῇ
1118 1870 1320 1946 Λιβύῃ,
1353 1881 1463 1930 iam

377 1953 611 2002 correxit
659 1950 1076 2016 Wesselingius.
1148 1950 1256 1998 Pro
1305 1939 1465 2011 οὐρί-

374 2019 508 2082 ζων,
557 2020 702 2086 quod
750 2035 934 2070 omues
978 2019 1104 2069 libri
1151 2018 1339 2082 scripti
1385 2022 1463 2067 te·

375 2095 530 2154 nent,
571 2090 850 2141 Schaefer.
887 2085 952 2139 in
977 2088 1460 2139 Melett.critt.1.

374 2159 948 2293 Ξῗέυρῗέωνιᾝιὶἰὲἓιξί
988 2156 1464 2290 ῖέθιίωὲξέιιιᾝξ

374 2298 532 2348 huius
579 2298 732 2347 verbi
785 2298 1028 2364 genitivo
1075 2296 1268 2345 iuncti.
1353 2295 1462 2357 Qui

376 2368 532 2418 idem·
550 2372 733 2418 tamen
769 2372 963 2432 postea
1008 2365 1332 2415 sententiam
1374 2379 1459 2413 re-

374 2441 617 2487 tractans
655 2452 807 2487 suam
853 2435 1134 2500 vulgatam
1170 2433 1459 2483 lectionem

373 2512 557 2556 tuetur
595 2507 650 2555 in
692 2505 939 2570 Append.
977 2505 1046 2554 ad
1082 2505 1239 2554 Best.
1276 2503 1454 2567 Epist.

373 2577 547 2626 critic.
573 2591 626 2640 p.
653 2576 741 2626 28.
795 2576 861 2624 In
879 2573 1235 2639 grammatica
1257 2572 1456 2622 Matth.

375 2649 424 2708 §-
450 2646 570 2706 354,
605 2641 659 2711 β.
691 2661 748 2710 p.
778 2643 899 2706 666,
945 2643 1038 2692 ubi
1074 2641 1163 2691 hic
1198 2641 1350 2692 locus
1387 2642 1456 2691 ob

374 2714 603 2780 genitivi
659 2729 815 2764 usum
860 2712 1142 2773 laudatur,
1194 2711 1458 2775 scriptum

372 2783 579 2848 reperio
609 2779 960 2846 ὃουρᾷων,
1007 2780 1102 2831 sed
1135 2780 1192 2829 in
1220 2780 1458 2830 editione

374 2851 642 2903 Herodoti
687 2851 889 2933 legitur
946 2818 1207 2914 οὐρίζων.
1255 2880 1325 2889 -
1371 2848 1456 2900 Ad

373 2923 541 2976 verba
570 2912 739 2986 γεόιτ’
776 2936 850 2970 αν
875 2921 932 2969 ἰιι
955 2919 1063 2969 fine
1089 2917 1286 2982 cepitis
1306 2918 1453 2969 conf.

373 2991 586 3042 Werfer
628 2992 776 3041 Actt.
826 2988 980 3054 phill.
1026 2988 1457 3051 Monacc.1,2.

374 3075 498 3125 pag.
536 3061 660 3111 255.

443 3138 586 3194 κατὰ
615 3136 679 3193 τὸ
718 3134 845 3208 ὀξυ]
893 3142 1052 3205 Quod
1085 3140 1366 3221 {Ierodoto
1404 3147 1459 3192 et

372 3214 517 3265 h.1.
582 3218 638 3263 et
689 3213 764 3276 11,
813 3211 882 3263 97
934 3217 1020 3261 est
1069 3204 1132 3260 τὸ
1180 3202 1284 3271 ὀξὺ
1328 3208 1461 3276 (τοῦ

372 3281 594 3346 Δέλτα),
633 3282 892 3334 Straboni
918 3280 1097 3332 XVII.
1136 3296 1188 3345 p.
1234 3278 1369 3331 1136
1415 3280 1456 3329 C

369 3358 426 3402 et
474 3352 610 3405 1137
656 3353 708 3403 D
748 3367 793 3402 s.
837 3367 892 3416 p.
942 3348 1064 3401 788.
1111 3349 1213 3400 789
1259 3349 1457 3399 dicitur

368 3413 405 3485 ἡ
443 3413 689 3486 κορυφή.
764 3419 923 3471 Conf.
945 3418 1275 3483 Pomponius
1311 3418 1456 3469 Mela

735 3661 867 3711 Cu.
905 3661 1082 3710 XVII.

441 3761 495 3814 εἰ
539 3757 602 3813 δὲ
645 3761 724 3830 τῷ
757 3753 863 3812 ὑπ’
895 3753 1185 3827 Ἑλλήνων
1231 3775 1455 3825 νενομι-

371 3833 554 3900 σμένῳ
591 3814 951 3897 χρησόμεθα]
973 3834 1075 3883 Est
1109 3847 1174 3881 ea
1209 3832 1332 3895 ipss.
1366 3830 1453 3879 Io·

367 3917 494 3951 num
531 3901 713 3966 opinio
747 3901 910 3967 paulo
945 3905 1110 3952 antea
1136 3913 1454 3950 commemo-

365 3975 513 4033 rata,
550 3986 677 4036 qua,
714 3986 837 4020 cum
874 3975 1059 4021 ternae
1089 3974 1272 4020 essent
1305 3967 1451 4019 orbis

365 4046 632 4090 terrarum
662 4044 847 4104 partes
862 4076 876 4102 ,
913 4039 1098 4090 Asiam
1120 4042 1284 4104 atque
1305 4038 1449 4088 Afri-

365 4124 483 4159 cum
502 4107 628 4159 Nilo
667 4109 944 4159 terminari
979 4108 1249 4170 dicerent,
1285 4109 1367 4157 its
1388 4110 1448 4156 ut

363 4179 675 4243 Aegyptus,
725 4179 925 4243 quippe
970 4179 1025 4227 in
1059 4182 1292 4243 utraque
1337 4176 1448 4227 Nili

362 4247 484 4320 ripa
508 4248 634 4308 sita,
662 4248 860 4311 partim
884 4245 1067 4308 Asiae,
1088 4245 1287 4311 partim
1306 4245 1449 4295 Afri-

362 4331 464 4365 cae
508 4315 925 4365 adscriberetur.
1002 4314 1160 4376 Quod
1195 4312 1447 4378 displicet

361 4385 507 4449 patri
531 4384 813 4446 historiae,
840 4383 934 4447 qui
958 4384 1264 4450 Aegyptum
1281 4397 1442 4434 unam

448 4485 788 4528 HERODO'I'·
839 4484 884 4525 1.

1571 1669 1692 1705 esse
1735 1659 1937 1705 terram
1990 1657 2273 1707 contendit
2319 1672 2421 1707 nec
2466 1659 2545 1707 its.
2583 1656 2661 1724 di-

1568 1725 1763 1787 visum,
1800 1730 1861 1774 ut
1893 1724 2067 1774 alters
2100 1741 2227 1790 pers
2262 1727 2446 1788 Asiae,
2484 1726 2659 1776 alters.

1568 1793 1789 1843 Africae
1832 1795 2173 1844 accensenda
2219 1796 2317 1855 sit;
2372 1811 2495 1845 cum
2540 1801 2659 1845 tots

1568 1867 1715 1912 terra
1751 1862 1809 1911 in
1854 1867 2085 1927 utraque
2131 1863 2241 1914 Nili
2292 1865 2412 1928 ripa
2446 1864 2519 1914 sd
2566 1865 2657 1914 Li-

1568 1931 1728 1996 b‘yam
1758 1947 1802 1980 s.
1834 1932 2074 1982 Afri-eam
2100 1933 2389 1997 pertineat.
2459 1934 2525 1984 In
2548 1949 2655 1999 qua

1568 2001 1861 2062 sententia,
1883 2006 1944 2050 ut
1967 2002 2233 2052 Arabicus
2254 2003 2405 2052 sinus
2427 2019 2525 2068 pro
2551 2007 2655 2052 ter·

1567 2071 1712 2119 mino
1764 2070 1985 2120 Africae
2038 2077 2204 2136 atque
2252 2071 2416 2122 Asiae
2471 2073 2654 2137 potius

1566 2138 1854 2202 habeatur,
1882 2139 2130 2190 meliores
2154 2155 2287 2191 snae
2307 2142 2508 2191 aetatis
2529 2157 2656 2206 geo-

1566 2208 1800 2273 graphos
1849 2209 2166 2273 persistere,
2215 2210 2413 2260 Strabo
2460 2215 2655 2261 auctor

1565 2282 1648 2325 est
1682 2277 1727 2327 Ι.
1758 2294 1813 2342 p.
1837 2276 1924 2328 35.
1999 2278 2085 2329 Tu
2112 2278 2221 2328 vid.
2240 2279 2652 2332 Schlichthorst.

1562 2345 1600 2396 l.
1638 2346 1672 2396 l.
1703 2362 1759 2412 p.
1801 2346 1866 2398 16
1902 2347 2030 2399 coll.
2066 2348 2293 2400 Rennel.
2321 2349 2518 2414 Geogr.
2543 2350 2657 2399 He-

1562 2416 1739 2466 rodot.
1776 2432 1830 2481 p.
1876 2415 1990 2467 567.

1629 2510 1959 2582 ἀρξαμένην
2000 2508 2115 2567 ἀπὸ
2156 2511 2558 2569 Καταδούπων
2594 2533 2653 2568 τε

1561 2583 1657 2636 καὶ
1685 2584 2092 2650 ΗΕλεφαντινης
2127 2578 2351 2653 πόλιος]
2396 2588 2507 2637 Vix
2541 2602 2653 2638 mo·

1561 2671 1690 2706 nere
1729 2656 1955 2716 attinet,
2006 2656 2089 2706 his
2127 2656 2293 2706 ferme
2338 2656 2474 2707 locis
2511 2656 2653 2706 indi-

1562 2725 1677 2776 cari
1717 2724 1852 2774 fines
1885 2725 2126 2789 Aegypti
2149 2725 2496 2790 Aethiopiam
2533 2741 2654 2775 ver·

1559 2810 1671 2845 sus.
1745 2794 1884 2843 Nam
1921 2794 2226 2856 Catadupa,
2275 2809 2415 2859 quse
2447 2809 2651 2845 voem-

1561 2869 1678 2925 tur‚
1741 2863 1943 2913 Noster
1997 2861 2256 2927 iutelligit
2311 2871 2650 2914 catarracten·

1561 2936 1797 2984 minorem
1819 2948 1977 2998 quem
2003 2931 2215 2994 dicunt,
2252 2947 2286 2982 a
2312 2933 2490 2998 Syene
2514 2933 2650 2983 urbe

1562 3018 1671 3053 non
1704 3001 1866 3052 valde
1908 3006 2172 3051 remotum
2209 3002 2486 3054 meridiem
2532 3018 2652 3052 ver·

1562 3088 1656 3122 sus
1703 3071 2038 3122 escendenti.
2109 3072 2195 3121 De
2240 3072 2393 3122 cuius
2440 3071 2649 3137 megui-

1561 3141 1751 3191 tudine
1788 3140 2063 3206 nimioque
2098 3140 2309 3202 sonitu,
2348 3157 2456 3207 quo
2492 3156 2648 3191 acco

1559 3210 1646 3260 lae
1682 3210 1937 3261 audiendi
1971 3224 2135 3259 sensu
2172 3211 2483 3273 priventur,
2532 3209 2649 3275 plu·

1560 3281 1698 3330 rimu
1742 3278 2045 3329 retulerunt
2089 3281 2333 3341 veteres,
2393 3292 2532 3344 quae
2581 3293 2645 3328 eo

1560 3350 1737 3400 minus
1755 3349 1846 3398 hic
1865 3348 2067 3397 referre
2095 3351 2285 3408 vacat,
2324 3362 2431 3412 quo
2469 3346 2645 3410 magis

1558 3419 1694 3469 haec
1741 3433 1775 3467 a
1808 3432 1937 3467 vero
1986 3415 2167 3466 aliena
2202 3419 2298 3465 aut
2332 3418 2479 3465 certe
2514 3412 2646 3464 mul-

1556 3494 1673 3539 tum
1711 3490 2045 3552 exaggerato.
2076 3499 2198 3534 esse
2240 3483 2555 3543 videantur,
2597 3483 2643 3532 si

1558 3573 1651 3608 eos
1688 3555 1908 3616 audias,
1958 3554 2053 3621 qui
2099 3556 2288 3603 nostru
2321 3556 2506 3602 aetate
2541 3519 2643 3601 ’lius

1555 3624 2135 3745 ἕῗιίἕιιεεὴνὶεῗατιιιιῒ.
2164 3620 2303 3739 Vitkae
2317 3622 2640 3739 Buttmann·

1606 3711 1632 3744 r
1708 3710 1800 3744 esc
1837 3709 1918 3744 rei
1955 3708 2067 3758 ung
2102 3706 2211 3742 von
2294 3705 2433 3755 egyp
2514 3704 2639 3753 pag.

1558 3765 1626 3813 75
1672 3778 1787 3828 seq.
1874 3762 2025 3812 Inter
2078 3764 2290 3810 veteres
2348 3760 2640 3823 scriptores

1555 3831 1754 3882 Strabo
1789 3835 2020 3882 mutarem
2054 3835 2392 3880 catarractem
2420 3841 2641 3877 accura-

1553 3901 1664 3950 tius
1701 3899 1989 3965 descripsit
2023 3899 2200 3949 XVII.
2240 3914 2293 3963 p.
2332 3898 2464 3948 1172
2502 3895 2544 3944 C
2591 3911 2638 3946 s.

1553 3986 1609 4035 p.
1659 3969 1791 4031 817,
1842 3984 1999 4033 quem
2048 3968 2293 4032 sequitur
2336 3967 2638 4016 Mennert.:

1551 4039 1752 4102 Geogr.
1793 4035 1846 4088 d.
1890 4038 1982 4087 Gr.
2022 4051 2075 4086 u.
2098 4037 2287 4086 Roem.
2317 4035 2386 4096 X,
2426 4035 2474 4084 l.
2509 4048 2637 4099 pag.

1548 4107 1653 4158 237
1692 4104 1814 4156 coll.
1854 4105 1976 4155 226.
2050 4103 2157 4154 Sed
2196 4104 2282 4155 Gr.
2327 4102 2396 4152 sd
2432 4102 2637 4152 Iomarz

1549 4176 1678 4226 dum
1714 4189 1812 4224 nos
1854 4172 2140 4234 amandat,
2182 4173 2274 4237 qui
2306 4171 2373 4220 de
2408 4172 2513 4221 hoc
2547 4185 2637 4221 ce·

1549 4247 1792 4296 tarr-acte
1816 4258 1882 4292 ac
1910 4241 2133 4306 reliquis
2157 4242 2270 4304 egit
2287 4241 2344 4289 in
2360 4240 2632 4303 Descript.

1548 4313 1617 4364 de
1651 4313 1894 4377 l’Egypt.
1933 4310 2154 4374 Antiqq.
2187 4309 2396 4359 limis.
2424 4309 2468 4359 1.
2510 4323 2635 4372 cup.

1549 4383 1627 4437 11.
1668 4384 1802 4433 sect.
1840 4382 1894 4432 2.
1921 4393 2045 4445 ρας.
2074 4377 2140 4429 18
2172 4393 2325 4443 seqq.
2362 4374 2431 4441 (s.
2452 4377 2635 4427 inRe-

2123 4457 2205 4520 30
