3109 5092
1210 260 1709 322 EUTERPE.
1756 261 1839 321 ΙΙ.
1886 273 1975 324 51.
2607 263 2727 324 551

369 429 563 503 1291&
592 427 790 520 ὄργια
818 430 1439 520 παραλαμβάνουσι.
1519 429 1701 522 ὀρθὰ
1737 424 1836 503 ὦν
1877 437 2059 520 ἔχειν
2099 431 2182 503 τὰ
2219 439 2444 505 αἰδοῖα
2483 433 2729 524 ²:0⁹1de-

450 563 627 624 ματα
653 539 777 604 τοῦ
794 529 1045 624 Ἑρμέω
1061 585 1080 620 ,
1121 531 1469 625 Ἀθηναῖοι
1497 542 1750 626 πρῶτοι
1771 533 2144 625 Ἑλλήνων,
2187 538 2522 625 μαθόντες
2550 539 2732 630 παρὰ

449 642 859 725 Πελασγῶν,
905 636 1323 726 ἐποιήσαντο.
1405 644 1474 708 οἱ
1496 640 1573 710 δὲ
1607 641 1945 726 Πελασγοὶ
1986 639 2135 728 ἱρόν
2162 667 2314 710 τινα
2341 641 2546 729 λόγον
2575 646 2729 733 περὶ

451 739 665 811 αὐτοῦ
711 743 980 828 ἔλεξαν,
1032 738 1115 810 τὰ
1163 744 1238 811 ἐν
1271 757 1443 812 τοῖσι
1473 745 1549 811 ἐν
1574 749 2024 832 Σαμοθρηΐκῃ
2051 750 2476 831 μυστηρίοισι
2518 745 2720 836 δεδή-

452 925 579 976 pag.
623 907 767 973 502),
817 899 1100 972 πρότερον
1145 924 1309 960 sensu
1345 909 1540 961 latiore

451 979 579 1045 poni
629 983 782 1029 ratus
835 977 946 1039 ita,
1004 975 1124 1028 vult
1179 977 1363 1029 valeat
1410 982 1537 1031 olim.

452 1048 589 1099 Mihi
658 1046 1074 1112 haudquaquam
1133 1049 1424 1112 persuasit.
1471 1076 1538 1085 —-

453 1120 520 1169 In
555 1132 716 1196 seqq.
750 1116 877 1166 dedi
911 1124 1048 1166 Qum
1086 1116 1261 1168 Gaisf.
1312 1109 1538 1181 μαθόν-

451 1201 542 1243 τες
570 1178 728 1265 παρᾲ
754 1183 1087 1249 Πελασγων,
1123 1202 1242 1237 cum
1268 1186 1431 1252 vulgo
1461 1202 1540 1238 es-

453 1261 539 1308 set
566 1270 647 1304 πα
685 1247 722 1304 ἀ
759 1251 892 1308 Πελ.
933 1248 1237 1339 μαθόντες.

524 1318 586 1374 οἰ
622 1271 685 1374 δῖ
717 1319 998 1387 Πελασγοὶ
1036 1317 1166 1387 ἴρόν
1205 1339 1333 1374 τινα
1368 1316 1541 1389 λόγον

453 1390 584 1457 περὶ
620 1385 801 1443 αὐτοῦ
840 1386 1035 1453 ἔλεξαν
1069 1409 1121 1442 κ.
1159 1409 1207 1443 τ.
1255 1392 1325 1460 λ.]
1363 1396 1540 1459 Expo-

453 1465 563 1517 suit
593 1462 730 1513 haec
767 1462 960 1513 Creuz.
993 1462 1065 1512 ad
1102 1462 1275 1515 Cicer.
1317 1463 1383 1513 de
1419 1469 1535 1515 nat.

454 1535 602 1585 deor.
648 1532 754 1595 111,
814 1533 982 1595 221)
947 1547 1001 1595 p.
1051 1531 1182 1584 605.
1230 1533 1538 1596 „Videlicet

450 1603 751 1654 Mercurius
771 1600 1159 1666 ithyphallicus
1182 1607 1266 1652 est
1294 1603 1434 1654 ratio
1455 1618 1538 1652 se-

451 1671 667 1723 minalis
715 1675 772 1721 et
821 1670 1096 1734 effectrix,
1148 1687 1269 1721 cum
1314 1687 1537 1737 genera·

359 1754 366 1762 ·
453 1743 600 1792 tione
626 1756 828 1800 rerum,
869 1740 1197 1805 plantarum,
1224 1741 1536 1791 animalium

451 1810 568 1874 rel„
605 1815 722 1860 tum
745 1810 1082 1874 cogitatione
1109 1815 1164 1859 et
1198 1810 1432 1876 loquela.
1470 1810 1536 1860 In

451 1880 661 1931 utrovis
699 1879 918 1944 negotio
963 1879 1265 1929 Mercurius
1313 1880 1535 1930 effectas

451 1953 699 2015 praestat
732 1963 996 2014 perennes
1039 1964 1218 1998 rerum
1255 1949 1455 2001 formas
1487 1964 1531 2002 s.

447 2021 621 2070 ideas.
703 2017 822 2068 Iam
866 2016 1003 2067 haec
1054 2018 1195 2069 ratio
1259 2018 1535 2069 seminalis

451 2095 507 2141 et
544 2087 786 2139 effectrix
822 2086 1084 2138 adsciscit
1123 2087 1229 2137 sibi
1270 2090 1535 2139 rationem

449 2157 800 2223 receptricem
845 2162 899 2207 et
942 2157 1353 2221 generatricem.
1437 2157 1537 2208 Ille

450 2233 534 2279 est
564 2243 694 2289 mas,
726 2225 865 2276 haec
894 2226 1109 2288 femiam
1147 2225 1239 2276 ille
1261 2230 1365 2290 sol,
1399 2227 1535 2277 haec

447 2302 586 2350 luna.
657 2298 837 2346 Verno
882 2300 1064 2345 autem
1113 2299 1381 2361 tempore,
1433 2313 1536 2362 quo

447 2373 646 2418 natura
682 2366 857 2417 denuo
890 2369 1179 2430 vegetatur
1212 2370 1266 2415 et
1304 2365 1538 2416 fecunda

449 2437 721 2499 redditur,
774 2434 856 2485 sol
898 2433 1082 2484 lunam
1129 2433 1330 2485 dicitur
1374 2451 1536 2500 vege-

450 2512 569 2557 tare
606 2511 660 2555 et
698 2503 924 2568 implere
969 2504 1270 2554 rationibus
1307 2505 1535 2555 semina-

450 2576 622 2640 libus,
665 2575 858 2639 quibus
888 2588 953 2623 ea
989 2589 1175 2624 rursus
1208 2574 1394 2639 implet
1429 2579 1535 2625 ter-

447 2662 582 2696 ram.
657 2645 881 2707 „‚,Nam
927 2642 1255 2693 Mercurium
1297 2644 1356 2693 in
1404 2643 1535 2693 luna

449 2715 689 2766 locatum
707 2712 1050 2774 fabulantur,
1089 2711 1218 2778 quia
1241 2727 1378 2779 quae
1403 2712 1535 2763 luna

449 2783 638 2846 efficit,
657 2799 723 2833 ea
746 2781 978 2833 rationis
999 2797 1063 2831 ac
1084 2782 1390 2846 sapientiae
1411 2798 1535 2847 ope-

449 2870 565 2905 rum
617 2857 746 2903 sunt
785 2850 1091 2915 similia,““
1142 2850 1275 2902 dicit
1320 2850 1535 2902 Plutar-

449 2923 583 2975 chus
633 2921 699 2972 de
748 2921 884 2973 Isid.
932 2927 988 2971 et
1031 2921 1201 2987 θεὴ..
1219 2938 1274 2987 p.
1311 2921 1415 2974 367
1459 2923 1530 2972 D.

447 2995 534 3044 De
581 2991 724 3042 facie
775 2993 832 3041 in
882 2991 998 3042 orb.
1049 2991 1164 3043 lun.
1212 3008 1267 3057 p.
1315 2990 1419 3042 943
1463 2993 1530 3044 Β.

453 3063 631 3128 Igitur
664 3062 748 3111 vis
783 3065 1047 3126 vegetans
1085 3066 1142 3111 et
1187 3061 1330 3111 ratio
1375 3062 1531 3111 semi-

449 3131 595 3183 nalis
631 3130 760 3181 solis
791 3135 901 3193 est,
940 3135 995 3180 et
1020 3129 1282 3196 quidquid
1309 3131 1423 3181 eius
1449 3145 1532 3180 ra-

449 3201 613 3252 tionis
639 3200 801 3251 lunae
837 3200 1141 3264 impertitur
1157 3236 1171 3261 ,
1205 3200 1261 3249 id
1289 3202 1337 3250 ei
1362 3216 1395 3250 a
1420 3200 1534 3251 sole

450 3270 780 3335 impertitum
824 3284 946 3319 esse
991 3268 1349 3334 significatur.
1424 3270 1533 3334 Igi-

451 3346 538 3391 tur
593 3339 820 3389 rationis
870 3338 1019 3388 facta
1076 3340 1351 3403 particeps
1402 3338 1530 3388 luna

449 3408 841 3476 quodammodo
887 3406 1226 3458 Mercurialis
1267 3406 1531 3471 redditur,

450 3483 715 3545 quatenus
764 3493 904 3542 quae
948 3478 1004 3526 in
1050 3476 1164 3528 sole
1206 3479 1350 3527 inest
1386 3478 1530 3526 ratio

449 3547 744 3609 seminalis,
792 3562 826 3596 a
869 3548 1138 3598 Mercurio
1167 3547 1418 3630 pro-fecta
1455 3545 1531 3595 di-

448 3619 607 3668 citur.
693 3616 811 3666 Iam
857 3616 1135 3679 Plotinae,
1187 3617 1281 3682 qui
1319 3616 1531 3665 Mercu-

449 3688 589 3738 rium
628 3700 848 3766 semper
891 3687 1188 3737 excitatum
1236 3684 1385 3751 (pag.
1423 3685 1524 3737 321

450 3771 593 3841 seqs
628 3745 846 3836 Ερμῆν
880 3749 984 3819 μὲν
1021 3753 1256 3804 ποιοῦσι
1295 3751 1396 3804 τὸν
1430 3744 1528 3816 ἄρ-

448 3829 617 3889 χαιον
651 3818 755 3874 τὸν
787 3821 905 3904 τῆς
930 3821 1245 3889 γεννήσεως
1278 3815 1530 3887 ὄργανον

448 3890 537 3944 ἀεὶ
573 3888 777 3958 ἔχοντα
801 3886 967 3976 πρὸςο
980 3884 1268 3958 ἐργασίαν)
1294 3892 1529 3955 exhibet,

451 3964 654 4031 accipit
704 3978 826 4013 eum
875 3963 1128 4014 universe
1178 3979 1274 4028 pro
1319 3963 1532 4012 ratione

450 4033 698 4084 seminali
733 4032 783 4082 ei
820 4049 888 4083 ue
924 4031 1061 4082 adeo
1103 4032 1332 4110 opponit
1365 4036 1533 4081 mate-

449 4104 587 4152 riam
622 4094 751 4168 (τὴν
819 4097 986 4162 τέραν
1032 4092 1233 4166 φύσιν)
1279 4116 1387 4150 non
1439 4117 1530 4150 ca-

447 4187 636 4237 pacem
656 4173 892 4221 omnium
910 4170 1180 4220 rationum
1205 4186 1250 4220 s,
1267 4169 1528 4232 idearum,

455 4240 551 4291 sed
571 4240 926 4291 reluctantem
954 4244 1120 4305 atque
1140 4233 1393 4290 sterilem.
1443 4239 1529 4289 Ci-

451 4325 576 4361 cero
613 4309 650 4361 1.
691 4309 752 4373 1.,
786 4309 1113 4361 Plutarchus
1153 4308 1192 4361 1.
1226 4309 1265 4359 1.
1305 4312 1360 4359 et
1397 4310 1530 4359 Por·

1642 909 1865 976 phyrius
1890 909 2057 975 (apud
2073 911 2272 962 Euseb.
2299 912 2495 977 Praep.
2513 913 2727 976 Evang.

1642 979 1751 1030 111.
1789 995 1845 1046 p.
1881 979 1979 1029 114
2016 979 2228 1045 Colon.)
2275 981 2552 1046 sigillatim
2588 983 2729 1032 acci·

1642 1049 1800 1115 piunt
1845 1049 1914 1099 de
1944 1051 2050 1100 sole
2069 1089 2073 1093 ,
2090 1057 2350 1115 vegetante
2398 1055 2453 1100 et
2494 1053 2613 1101 luna
2644 1068 2729 1101 ve-

1637 1127 1835 1184 9etata.
1895 1118 1994 1168 Cui
2015 1123 2071 1168 et
2090 1119 2267 1184 ipsum
2290 1124 2566 1185 opponunt
2590 1122 2728 1170 Mer-

1644 1189 1879 1249 curium,
1926 1187 2029 1238 hoc
2072 1192 2262 1254 pacto:
2316 1204 2424 1238 non
2471 1190 2728 1242 continuo

1644 1263 1699 1307 et
1737 1272 2122 1323 usquequaque
2157 1258 2461 1308 rationibus
2497 1260 2727 1308 semina-

1643 1326 1787 1376 libus
1821 1326 2046 1392 implere
2080 1327 2377 1377 Mercurius
2415 1327 2598 1378 lunam
2633 1344 2728 1393 po-

1641 1400 1778 1459 test,
1837 1400 1898 1445 ut
1944 1411 2084 1462 quae
2139 1397 2211 1446 ab
2256 1397 2415 1447 initio
2464 1398 2728 1448 obnititur

1644 1471 1698 1516 et
1745 1481 1899 1516 suam
1944 1466 2065 1530 ipsa
2115 1464 2523 1531 ‘aliquantisper
2564 1467 2729 1518 ratio-

1640 1552 1762 1586 nem
1798 1535 1995 1585 sectari
2032 1535 2271 1595 mavult;
2307 1536 2403 1586 sed
2437 1535 2531 1586 ille
2555 1537 2727 1589 instat

1642 1610 1697 1655 et
1731 1605 1977 1666 molitur,
2027 1604 2200 1655 donec
2236 1620 2302 1655 ea
2342 1605 2627 1669 paullatim
2666 1606 2727 1655 il-

1639 1674 1747 1724 lam
1768 1674 1993 1724 alteram
2011 1674 2444 1739 superioremque
2462 1676 2727 1726 rationem

1637 1743 1833 1807 recipit
1864 1748 2029 1808 atque
2066 1743 2122 1791 in
2159 1758 2218 1793 se
2238 1745 2523 1794 convertit.
2583 1745 2727 1795 Non·

1637 1827 1911 1876 nunquam
1974 1816 2157 1861 tamen
2222 1827 2445 1878 prorsus
2515 1814 2727 1878 respuit

1637 1880 1850 1944 oblata,
1879 1884 1933 1931 et
1958 1880 2223 1930 hactenus
2250 1896 2279 1931 e
2302 1882 2611 1946 generando
2637 1882 2725 1932 de·

1638 1952 1833 2001 sistere
1856 1951 2070 2015 cogitur
2086 1951 2386 2001 Mercurius
2414 1949 2548 2015 (vid.
2591 1952 2726 2001 Tse·

1639 2025 1764 2070 tzae
1794 2019 1962 2071 schol.
2000 2018 2070 2069 ad
2107 2019 2381 2085 Lycophr.
2416 2036 2556 2072 vers.
2596 2020 2721 2071 698.

1640 2089 1777 2141 1176
1814 2095 1869 2140 et
1904 2092 2087 2154 Etym.
2122 2105 2193 2139 m.
2225 2104 2353 2154 pag.
2397 2089 2495 2140 194
2524 2089 2722 2155 Lips.).

1639 2186 1709 2196 —
1745 2160 1892 2210 Hinc
1926 2157 2021 2209 illa
2056 2158 2271 2218 fabula,
2311 2173 2471 2224 quam
2509 2159 2722 2210 Tullius

1638 2230 1851 2294 attigit:
1892 2230 2187 2279 Mercurius
2214 2225 2329 2292 (sol,
2367 2244 2476 2278 mas
2508 2228 2598 2278 vel
2630 2244 2724 2295 po-

1636 2299 1745 2349 tius
1791 2300 1979 2348 solaris
2030 2300 2233 2363 qenins,
2302 2298 2444 2348 ratio
2503 2297 2720 2362 solaris)

1638 2367 1945 2433 adspiciens
1980 2368 2343 2431 Proserpinam
2390 2367 2575 2428 (lunam
2616 2368 2724 2417 vir-

1636 2435 1845 2504 ginem)
1869 2441 2236 2487 commovetur
2257 2441 2314 2487 et
2341 2452 2463 2487 cum
2492 2453 2558 2488 ea
2580 2438 2726 2488 coire

1637 2507 1802 2571 cupit.
1878 2507 1951 2556 At
1997 2505 2120 2567 illa,
2166 2510 2359 2571 utpote
2403 2507 2586 2571 virgo,
2640 2522 2723 2556 re-

1634 2575 1902 2638 luctatur,
1948 2544 2234 2637 irascitur,
2287 2574 2432 2625 ultro
2478 2576 2719 2641 citroque

1636 2649 1903 2695 commeat
1958 2640 2037 2708 (b.
2083 2658 2129 2694 e.
2178 2644 2506 2708 Proserpina
2559 2645 2720 2706 irata,

1635 2713 1894 2764 terribilis
1941 2713 2218 2779 igiturque
2252 2713 2427 2763 Brimo
2463 2713 2578 2762 sive
2611 2714 2722 2765 He-

1635 2791 1775 2845 cate,
1814 2781 2106 2847 eademque
2141 2781 2432 2848 venatrix),
2470 2782 2721 2832 nimirum

1635 2851 1812 2918 quoad
1839 2851 2121 2918 paullatim
2159 2850 2489 2902 exhilaretur
2518 2856 2574 2902 et
2600 2867 2720 2902 cum

1633 2921 1907 2973 Mercurio
1935 2922 2278 2972 concumbat.
2321 2923 2405 2971 Ex
2439 2937 2546 2987 quo
2574 2922 2720 2973 coitu

1634 2991 1881 3043 nonnulli
1946 2991 2288 3042 tradiderunt
2347 2996 2533 3042 natum
2601 3006 2718 3041 esse

1631 3061 1942 3113 Eleusinem
1983 3060 2201 3111 heroem
2250 3060 2508 3126 (Pausan.
2550 3061 2594 3123 Ι,
2631 3060 2718 3123 38,

1634 3131 1709 3197 7),
1738 3132 1777 3181 i.
1801 3147 1849 3181 e.
1878 3147 2016 3194 eum,
2049 3131 2142 3197 qui
2170 3131 2384 3196 frugum
2399 3134 2720 3196 proventum

1633 3202 1894 3251 instituit.
1901 3201 1935 3228 ‘⁴
1957 3232 2025 3240 —
2064 3202 2149 3250 Tu
2172 3200 2312 3250 adde
2345 3199 2647 3251 Gerhardl.
2678 3199 2715 3249 1.

1632 3286 1757 3336 pag.
1794 3270 1897 3322 209
1932 3285 2049 3334 seq.
2085 3269 2206 3320 256.
2279 3270 2345 3319 In
2389 3268 2497 3319 alia
2539 3269 2721 3318 omnia

1635 3339 1787 3389 abire
1836 3339 1997 3388 video
2040 3338 2283 3388 Lobeck.
2334 3335 2716 3413 (Aglaopham.

1633 3407 2097 3473 p.1213-1215),
2124 3407 2211 3455 cui
2240 3399 2391 3468 ἱερὸς
2415 3405 2506 3454 ille
2532 3395 2716 3468 λόγος,

1633 3492 1791 3542 quem
1823 3475 1895 3526 ad
1929 3477 2249 3525 Hermarum
2297 3475 2717 3528 mutoniatorum

1632 3545 2133 3610 interpretationem
2160 3545 2440 3593 inventum
2476 3557 2597 3593 esse
2622 3558 2717 3606 pu-

1632 3619 1732 3676 tat,
1762 3614 1903 3665 idem
1926 3629 2139 3678 quoque
2164 3628 2284 3663 esse
2308 3612 2539 3673 videtur,
2560 3627 2716 3677 quem

1631 3684 1819 3748 attigit
1839 3683 2027 3733 Cicero
2055 3682 2093 3732 1.
2136 3681 2171 3731 1.
2207 3688 2370 3746 atque
2398 3681 2717 3746 Propertius

1630 3752 1708 3816 11,
1748 3755 1798 3814 2,
1842 3752 1922 3814 ll,
1971 3751 2064 3801 ubi
2112 3751 2221 3800 vid.
2265 3751 2567 3800 Burmann:
2618 3751 2717 3801 sed

1634 3839 1701 3873 ex
1738 3822 1986 3872 omnibus
2031 3820 2116 3869 his
2162 3819 2294 3870 nihil
2343 3820 2492 3869 aliud
2529 3818 2717 3886 colligi

1632 3890 1776 3953 vult,
1815 3891 1925 3941 nisi
1943 3890 2324 3940 Samothraces
2353 3890 2718 3954 Lemniosque

1636 3963 1791 4012 deam
1816 3959 2084 4026 quandam
2111 3959 2343 4010 coluisse
2370 3960 2616 4010 Hecatae
2633 3964 2718 4009 at-

1635 4046 1738 4097 que
1781 4031 1995 4081 Dianae
2048 4029 2275 4080 similem
2319 4045 2495 4095 neque
2540 4029 2715 4080 diver-

1634 4115 1749 4150 sam
1779 4116 1812 4150 a
1838 4099 2193 4164 Proserpina,
2236 4100 2390 4150 cuius
2428 4113 2551 4149 cum
2575 4099 2716 4148 Mer-

1634 4171 1782 4220 curio
1819 4169 2025 4219 furtiva
2060 4170 2384 4220 commercia
2426 4169 2483 4218 in
2517 4167 2727 4233 myste·'

1631 4239 1727 4288 riis
1763 4237 2082 4289 Cabirorum
2118 4243 2375 4289 enarrata
2410 4238 2630 4287 fuerint.

1701 4299 1771 4356 τὰ
1804 4338 1875 4350 —-
1910 4300 2245 4374 δεδήλωται]
2279 4300 2349 4356 τὰ
2386 4322 2505 4357 cum
2537 4306 2714 4355 minus
