3109 5092
522 315 646 379 768

1389 318 1925 380 HERODOTI

521 493 634 561 καὶ
660 498 881 580 ἔργων
906 488 1229 572 ἀπόδεξιν
1253 499 1760 578 συλλογίσαιτο,
1800 493 2158 575 ἐλάσσονος
2198 494 2415 566 πόνου
2455 524 2527 565 τε
2562 492 2649 565 ἂν
2682 500 2799 567 καὶ

520 596 827 683 δαπάνης
868 601 1118 684 φανείη
1155 593 1350 664 ἐόντα
1391 601 1514 664 τοῦ
1551 603 1977 685 λαβυρίνθου
2016 599 2295 668 τούτου·
2337 607 2455 668 καί
2478 628 2581 668 τοι
2610 598 2791 683 ἄξιό-

519 700 713 788 λογός
739 728 818 788 γε
857 701 969 768 καὶ
999 694 1036 768 ὁ
1066 700 1142 767 ἐν
1167 696 1424 792 Ἐφέσῳ
1464 701 1605 768 ἐστὶ
1646 698 1808 787 νηὸς
1848 703 1961 769 καὶ
1988 697 2027 770 ὁ
2054 705 2131 771 ἐν
2168 703 2415 796 Σάμῳ·
2454 694 2631 792 ἦσαν
2666 709 2791 792 μέν

517 833 650 875 νυν
703 806 815 874 καὶ
868 807 946 872 αἰ
991 808 1368 892 πυραμίδες
1422 802 1632 889 λόγου
1690 806 1991 892 μέζονες,
2056 808 2169 874 καὶ
2224 812 2497 876 πολλῶν
2552 807 2787 897 ἑκάστη

516 905 779 978 αὐτέων
808 903 1219 995 Ἑλληνικῶν
1259 912 1481 992 ἔργων
1525 908 1637 974 καὶ
1679 908 1994 995 μεγάλων
2021 906 2331 998 ἀνταξίη,
2372 905 2409 978 ὃ
2442 910 2519 979 δὲ
2559 909 2644 998 δὴ
2667 921 2785 980 λα·-

514 1011 847 1102 βύρινθος
885 1012 999 1079 καὶ
1036 1008 1152 1090 τὰς
1193 1016 1576 1099 πυραμίδας
1628 1005 2060 1102 ὑπερβάλλει.
2146 1019 2269 1083 τοῦ
2305 1011 2436 1102 γὰρ
2477 1019 2787 1084 δυοδεκα

513 1119 641 1205 μέν
670 1122 799 1186 εἰσι
831 1112 1035 1184 αὐλαὶ
1070 1113 1495 1201 κατάστεγοι,
1541 1110 1899 1186 ἀντίπυλοι
1940 1113 2329 1210 ἇλλήλῃσι,“,
2367 1119 2435 1199 ἓξ
2464 1118 2593 1206 μὲν
2624 1117 2791 1206 πρὸς

516 1317 668 1379 dias,
726 1319 944 1380 spectat
993 1314 1064 1365 ad
1119 1315 1197 1378 11,
1248 1314 1375 1366 147:
1433 1304 1595 1364 ταῦτ’

513 1377 600 1450 ἥδ
613 1401 646 1449 η
684 1380 903 1447 φράσω·
939 1377 1244 1446 προσέστω
1279 1380 1346 1432 δέ
1377 1399 1430 1433 τι
1461 1399 1513 1432 κ.
1543 1398 1593 1433 τ.

512 1455 562 1504 λ.
636 1454 900 1520 Equidem
925 1453 1108 1514 malim
1131 1454 1188 1502 vi
1209 1454 1484 1504 intensiva
1502 1468 1597 1503 ac·

513 1525 712 1589 cipere,
744 1539 906 1589 quam
924 1524 1003 1573 ita
1026 1525 1295 1588 expressit
1311 1524 1593 1588 Hartung:

513 1594 688 1645 Lehre
712 1594 765 1645 d.
787 1594 994 1644 Partik.
1017 1594 1061 1643 1.
1087 1609 1212 1660 pag.
1247 1593 1374 1645 241:
1409 1594 1597 1655 „fama

512 1669 658 1716 etiam
693 1665 952 1714 maiorem
990 1663 1462 1728 (labyrinthum).“
1508 1662 1596 1712 Tu

512 1735 659 1785 cons.
697 1734 900 1784 Herod.
939 1733 1067 1796 VII,
1105 1734 1172 1784 35
1208 1739 1374 1798 atque
1408 1730 1597 1782 Heller

513 1806 572 1855 in
637 1803 1036 1855 Schneidewiui
1104 1802 1372 1867 Philolog.
1425 1801 1594 1880 yla.

509 1867 1479 2007 {3222324552b222‘123252332
1501 1885 1597 1990 εεε

511 2014 648 2065 lent:
682 2013 918 2076 „Etenim
949 2015 997 2062 si
1029 2015 1141 2078 quis
1173 2014 1366 2062 moenia
1392 2014 1597 2075 aliaque

510 2101 543 2134 a
564 2086 776 2134 Graecis
796 2083 1029 2145 confecta
1050 2096 1209 2144 opera
1230 2089 1522 2145 computare
1545 2095 1590 2130 s.

509 2156 671 2204 animo
687 2153 946 2216 complecti
969 2153 1115 2201 vellet
1139 2152 1370 2208 onmia“,·
1393 2151 1450 2199 in
1474 2150 1592 2213 qui-

508 2224 610 2273 bus
651 2223 873 2271 attende
915 2221 1025 2269 vim
1071 2219 1491 2285 praepositionis
1532 2210 1589 2278 ἐξ

509 2292 751 2357 genitivo
777 2290 997 2341 additae
1015 2290 1201 2340 eadem
1221 2291 1294 2352 vi,
1322 2304 1478 2354 quaa
1516 2286 1591 2337 ud

511 2361 766 2426 Sophocl.
806 2359 943 2411 Phil.
972 2358 1069 2410 106
1091 2351 1189 2425 (τὰ
1211 2351 1267 2419 ἐξ
1296 2350 1466 2420 Ἀτρει
1507 2355 1591 2405 ὦν

508 2428 666 2495 ἔργα)
704 2435 759 2481 et
804 2430 1064 2494 Antigon.
1109 2429 1243 2479 1219
1276 2419 1368 2488 (τὰ
1404 2418 1463 2475 ἐκ
1500 2423 1591 2474 δε-

509 2496 727 2551 σπότου
774 2491 1171 2563 κελεύσματα);
1218 2511 1357 2564 quae
1402 2495 1591 2546 attulit

507 2571 779 2622 Kuehner.
831 2570 925 2621 Gr.
968 2569 1061 2620 Gr.
1099 2566 1149 2630 §-
1198 2568 1319 2619 516.
1366 2572 1480 2616 not.
1531 2570 1585 2627 4,

507 2642 600 2691 ubi
623 2641 734 2692 vid.
769 2640 898 2691 alia.
971 2640 1045 2689 Et
1064 2637 1208 2689 conf.
1232 2652 1445 2703 quoque
1473 2636 1586 2685 He-

506 2711 624 2761 rod.
665 2713 910 2762 Prooem.
951 2713 1007 2759 et
1040 2709 1085 2769 1,
1127 2707 1190 2758 10
1225 2708 1408 2774 ibique
1444 2708 1584 2755 nott.

507 2782 611 2832 Tb.
650 2780 886 2831 Malina:
935 2778 1003 2828 de
1049 2778 1277 2828 diction.
1318 2775 1582 2841 Polyaen.

506 2867 632 2916 pag.
672 2851 759 2901 76.
830 2848 915 2899 Ad
941 2839 1220 2907 ἀπόδεξιν
1247 2846 1318 2897 cf.
1347 2851 1486 2896 nott.
1515 2843 1587 2893 ad

505 2935 744 2984 prooem.
780 2922 835 2967 et
883 2918 929 2979 1,
966 2916 1088 2966 207.
1125 2916 1201 2979 ΙΙ,
1245 2916 1361 2967 101.
1399 2945 1468 2954 -
1501 2914 1587 2963 De

506 2989 717 3038 Dianae
747 2986 947 3050 templo
991 2987 1048 3034 in
1086 2986 1287 3049 Ephesi
1334 2984 1468 3033 urbe
1513 2982 1585 3032 cs.

505 3057 710 3107 Herod.
762 3055 807 3116 Ι,
847 3055 942 3116 26,
993 3054 1061 3104 de
1103 3054 1336 3104 Junonis
1383 3051 1586 3116 templo

504 3125 562 3175 in
597 3126 760 3175 Samo
799 3124 844 3186 1,
875 3123 961 3174 70.
998 3123 1102 3184 111,
1140 3124 1211 3173 60
1237 3123 1419 3187 ibique
1443 3125 1584 3171 nott.

573 3186 740 3246 αὐλαὶ
763 3184 1113 3258 κατάστεγοι]
1141 3191 1319 3257 Vulgo
1341 3194 1586 3240 vertunt:

505 3267 655 3315 aulae
690 3270 819 3314 tecto
852 3271 1090 3326 opertam
1139 3261 1282 3327 quod
1330 3261 1582 3327 quoniam

504 3349 685 3386 secum
707 3334 883 3400 ipsum
908 3336 1142 3399 pugnat,
1184 3331 1311 3397 quia
1335 3322 1479 3395 αὐλὴ
1502 3335 1587 3380 est

503 3406 642 3455 loeus
666 3411 894 3468 apertus,
920 3402 1011 3453 sub
1031 3402 1132 3466 άὶο,
1157 3409 1333 3451 tectum
1353 3407 1586 3464 apertum

501 3466 1588 3606 Zm‘fifss‘sfzssffaffssssssffmffiffg

502 3614 572 3664 ab
609 3613 889 3664 Herodoto
931 3612 1190 3675 scriptum
1238 3610 1411 3661 fuisse
1456 3624 1583 3659 cen·

504 3688 616 3732 set:
669 3674 846 3732 αὖλαί
882 3695 940 3731 τε
988 3676 1084 3730 καὶ
1130 3673 1345 3744 στέγαι,
1393 3680 1473 3728 ita
1522 3681 1586 3727 ut

502 3757 656 3803 aulae
703 3751 903 3802 fuerint
951 3750 1263 3811 duodecim,
1332 3747 1586 3798 totidem-

502 3837 606 3887 que
624 3826 774 3871 tecta
795 3819 1048 3871 aedificia
1069 3820 1188 3869 sive
1214 3811 1426 3882 στέγαις
1464 3831 1585 3881 par-

500 3895 585 3941 tes
620 3905 749 3940 vero
782 3881 960 3953 αὐλῆς
994 3904 1113 3939 esse
1143 3887 1264 3938 vult
1285 3880 1580 3941 παστάδας

499 3965 556 4010 et
587 3947 873 4022 ἑλιγμοὺς,
949 3963 1094 4008 artes
1130 3950 1324 4021 στέγης
1354 3970 1474 4007 esse
1500 3948 1584 4004 οἰ-

500 4018 721 4092 κήματα
744 4031 800 4076 et
824 3974 1142 4086 διεξόδους.
1214 4025 1487 4090 vulgatae
1509 4023 1584 4074 le-

499 4096 667 4148 ctioni
703 4095 885 4161 (quam
911 4095 1029 4144 sine
1062 4094 1214 4144 libris
1247 4098 1458 4145 mutare
1488 4094 1583 4142 vix

499 4163 713 4229 licebit)
735 4165 812 4214 ita
833 4163 1032 4214 dudum
1055 4164 1431 4227 patrocinatus
1461 4167 1583 4213 erat

498 4235 801 4288 Gronovius
815 4271 829 4295 ‚
868 4237 931 4282 ut
951 4230 1277 4296 intelligeret
1299 4236 1448 4282 aulas
1461 4247 1584 4295 por-

496 4306 682 4357 ticibus>
707 4303 1046 4353 eircumclaeas
1064 4315 1160 4351 seu
1184 4300 1338 4351 aulas
1357 4317 1465 4352 non
1494 4316 1582 4351 su·

497 4389 661 4441 perne
698 4376 947 4439 opertas,
995 4370 1090 4423 sed
1125 4385 1159 4421 a
1205 4368 1377 4421 latere
1414 4372 1581 4435 porti·

1700 1317 1854 1367 cibus
1879 1333 1945 1368 ac
1974 1317 2279 1382 parietibus
2306 1318 2519 1368 cinctas
2550 1323 2609 1367 et
2630 1318 2789 1383 qnasi

1699 1391 1898 1438 tectas.
1972 1388 2127 1449 Quae
2162 1385 2483 1452 placuerunt
2518 1387 2791 1453 Schweig-

1696 1455 1989 1520 haeusero‚
2044 1457 2140 1521 qui
2196 1456 2251 1506 id
2304 1456 2483 1521 ipsum
2532 1456 2788 1508 disertius

1698 1526 1846 1576 infra
1877 1527 1949 1576 ab
1983 1525 2265 1576 Herodoto
2312 1526 2581 1576 declarari
2630 1533 2790 1593 putat

1696 1596 1907 1646 verbis:
1963 1587 2110 1660 αὐλὴ
2152 1586 2355 1659 ἑκάστη
2418 1594 2786 1659 περίστυλοςς

1697 1680 1823 1715 nam
1859 1658 2054 1729 στέγας
2089 1680 2213 1715 esse
2244 1666 2486 1730 porticus
2523 1666 2641 1716 sive
2680 1667 2790 1716 for-

1699 1736 1876 1795 nices,
1915 1750 2052 1800 quos
2086 1735 2286 1785 Strabo
2321 1740 2483 1786 vocet
2512 1730 2789 1798 κρυπτάς.

1698 1806 1772 1853 At
1805 1804 2105 1853 fornicibus
2141 1805 2260 1854 sive
2310 1805 2545 1855 arcubus
2579 1805 2790 1855 affabre

1697 1874 1861 1923 factis
1895 1873 2198 1939 Aegyptios
2242 1888 2372 1924 usos
2412 1874 2585 1924 fuisse
2616 1878 2792 1940 negat

1695 1944 1880 2008 zoega
1914 1942 1981 1993 de
2006 1943 2165 1994 obell.
2202 1959 2330 2009 pag.
2358 1944 2463 1994 407
2495 1943 2789 1994 lubricum·

1695 2028 1800 2078 que
1843 2027 1965 2063 esse
2016 2012 2225 2062 iudicat
2275 2028 2398 2063 cum
2442 2013 2623 2064 Plinio
2666 2012 2787 2064 solo

1695 2088 1872 2144 stare,
1928 2082 2021 2146 qui
2068 2081 2437 2147 labyrinthum
2482 2083 2787 2133 fornicibus

1694 2157 1899 2202 tectum
1936 2167 2057 2201 esse
2093 2152 2301 2202 scribat
2320 2153 2393 2202 H.
2420 2153 2491 2203 N.
2526 2152 2785 2215 XXXVI,

1698 2220 1780 2272 13.
1854 2220 1938 2270 Ad
1974 2221 2238 2272 Gronovii
2272 2222 2785 2287 interpretationem

1693 2289 1953 2340 accedere
2012 2291 2229 2341 videtur
2284 2291 2589 2342 Larcherus
2645 2291 2786 2342 haee

1694 2360 1962 2410 scribens:
1987 2351 2198 2422 „adiel
2216 2353 2544 2425 κατάστεγοι
2562 2378 2635 2411 ne
2656 2366 2787 2412 sont

1691 2445 1792 2494 pas
1828 2430 1925 2479 des
1961 2444 2120 2479 cours
2158 2430 2647 2494 convertes,‘mais
2683 2431 2782 2480 des

1693 2515 1852 2549 cours
1890 2498 2121 2548 fermees
2152 2514 2251 2564 par
2286 2498 2382 2549 des
2414 2515 2581 2550 murs.
2655 2501 2783 2550 Cet-

1689 2574 1775 2619 tes
1820 2583 1979 2618 cours
2029 2567 2206 2618 etoint
2260 2567 2479 2632 ornees,
2536 2569 2784 2620 chacune

1689 2638 1819 2688 d’un
1853 2635 2142 2703 pdristyle,
2180 2638 2339 2688 d’une
2375 2638 2678 2689 colonnade
2708 2639 2781 2690 de

1691 2708 1904 2758 marbre
1939 2706 2129 2769 blanc,
2166 2698 2311 2772 αὐλὴ
2335 2701 2399 2757 δὲ
2436 2699 2645 2771 ἑκάστη
2680 2722 2779 2757 πε-

1689 2775 1949 2840 ρίστυλος
1984 2776 2157 2825 λίθου
2179 2768 2384 2825 λευκοῦ
2414 2767 2781 2841 ἀρηρομένον

1687 2838 1758 2895 τὰ
1810 2837 2109 2909 μάλιστα.“
2199 2845 2478 2897 Addamus
2542 2846 2779 2912 denique

1688 2915 1840 2964 hisce
1901 2930 1995 2976 ea,
2061 2930 2201 2980 quae
2255 2915 2448 2965 scribit
2498 2916 2781 2966 Letronne

1692 2983 1931 3048 (Annall.
1952 2984 2006 3033 d.
2034 2997 2235 3050 voyag.
2257 2985 2423 3049 VLp.
2452 2985 2552 3036 140
2571 2984 2777 3051 seqq),

1689 3054 1783 3105 ubi
1818 3053 2099 3118 vulgatam
2137 3052 2423 3104 lectionem
2471 3045 2640 3103 αὐλαὶ
2674 3070 2777 3103 κα-

1687 3116 1941 3186 τάστεγοι
1978 3125 2193 3173 minime
2228 3123 2543 3174 mutandam
2577 3126 2659 3174 ita
2688 3139 2779 3174 ex-

1688 3192 1871 3257 ponit:
1929 3196 2117 3253 „aulae
2170 3201 2429 3244 convertes
2485 3194 2604 3242 dun
2664 3195 2776 3253 lofe,

1687 3278 1795 3312 non
1810 3276 1910 3326 pas
1931 3260 2027 3313 des
2051 3277 2211 3312 cours
2231 3260 2606 3326 ‹leonum-tes,
2635 3264 2777 3313 mais

1686 3332 1781 3382 des
1807 3328 2026 3382 edifices
2054 3330 2317 3396 complete
2332 3347 2399 3384 en
2425 3333 2777 3396 eux-memes,

1686 3397 1940 3451 entoures
1982 3399 2426 3453 interieurement
2479 3401 2547 3452 de
2591 3401 2777 3452 colon-

1687 3484 1784 3520 nes
1822 3475 1879 3520 et
1908 3476 2192 3521 convertes
2228 3469 2358 3520 d’un
2394 3471 2523 3534 toit,
2563 3486 2776 3522 comme

1684 3538 1736 3589 le
1772 3544 1920 3590 reste
1954 3538 2027 3590 du
2059 3540 2430 3604 labyrinthe.“
2501 3540 2773 3606 Equidem

1686 3599 1864 3665 αὐλὰς
1914 3601 2318 3672 καταστέγους,
2382 3611 2577 3674 quibus
2632 3611 2773 3681 bene

1686 3681 1939 3729 monente
1972 3676 2302 3728 Doederlino
2337 3681 2586 3743 (Homer.
2615 3678 2775 3730 Glos-

1687 3763 1798 3798 sar.
1833 3747 1914 3798 ΙΙ.
1950 3762 2079 3814 pag.
2122 3745 2252 3811 350)
2292 3753 2633 3813 opponunter
2669 3740 2774 3797 αὖ-

1684 3812 1776 3866 λαὶ
1811 3806 2123 3878 ὑπαίθριοι
2146 3816 2473 3880 (subdiales),
2509 3816 2771 3867 vixaliud

1685 3885 1815 3951 quid
1843 3885 2150 3952 significare
2175 3900 2337 3950 posse
2358 3886 2575 3936 credam
2601 3892 2772 3952 atque

1685 3955 1867 4020 spatia
1900 3954 2166 4019 ampliora
2208 3969 2439 4018 superne
2486 3960 2663 4020 tecta,
2711 3956 2770 4004 in

1683 4025 1913 4074 introitu
1931 4023 2230 4088 labyrinthi
2257 4024 2329 4072 ab
2357 4030 2589 4090 utraque
2612 4031 2771 4089 parte

1682 4093 1890 4158 posita,
1939 4108 2034 4143 sex
2079 4109 2113 4143 a
2152 4094 2551 4157 septentrione,
2595 4109 2689 4144 sex
2736 4110 2771 4143 a

1682 4163 1933 4224 meridie,
1980 4177 2153 4227 eaque
2196 4163 2479 4228 contigua:
2528 4163 2770 4213 bedec-lete

1683 4247 1729 4285 s.
1756 4232 1997 4282 bedae-lue
2027 4232 2329 4295 Hofrci'ume.
2387 4232 2472 4282 De
2506 4247 2643 4282 voce
2669 4246 2767 4280 κα-

1682 4293 1945 4365 τάστεγος
1978 4301 2125 4350 conf.
2155 4301 2423 4353 Thesaur.
2452 4302 2517 4352 L.
2546 4302 2642 4353 Gr.
2666 4301 2763 4351 IV.

1682 4385 1809 4435 pag.
1853 4372 1981 4421 12⁴4
2019 4369 2104 4420 ed.
2142 4369 2407 4422 Dindorf..
