3109 5092
1139 344 1642 407 EUTERPE.
1685 345 1773 404 H.
1817 353 1905 408 66.

2524 343 2648 403 575

323 573 328 576 .
364 514 762 604 αἰελούρους
789 512 1036 583 τοιάδε.
1089 510 1328 584 Ἐπεὰν
1352 517 1595 584 τέκωσι
1632 520 1710 584 αἰ
1733 513 2011 604 θήλεαι,
2051 510 2276 584 οὐκέτι
2303 519 2648 604 φοιτέουσι

366 616 549 707 παρὰ
593 615 748 698 τούς
802 623 1108 706 ἔρσενας·
1163 622 1234 686 οἱ
1282 618 1356 685 δὲ
1417 619 1755 707 διζήμενοι
1802 625 2160 706 μίσγεσθαι
2225 615 2464 709 αὐτῇσι
2522 615 2647 688 οὐκ

368 729 614 809 ἔχουσι,
688 718 852 809 πρὸς
885 710 982 788 ὦν
1012 725 1220 789 ταῦτα
1253 728 1638 808 σοφίζονται
1664 722 1826 791 τάδε
1845 743 1859 758 ·
1906 717 2307 811 ἁρπάζοντες
2344 719 2476 790 ἀπὸ
2506 727 2646 790 τῶν

365 828 642 912 θηλέων
668 826 780 892 καὶ
810 819 1286 911 ὑπαιρεόμενοι
1314 821 1396 892 τὰ
1420 829 1625 894 τέκνα
1656 833 2014 895 κτείνουσι.
2071 832 2456 906 κτείναντες
2482 828 2641 913 μέν·

365 955 467 997 τοι
498 924 582 996 οὐ
622 930 1002 997 πατέονται.
1085 931 1161 995 αἰ
1183 926 1255 994 δὲ
1285 927 1793 1017 στερισκόμεναι
1824 931 1961 996 τῶν
1986 931 2275 1014 τέκνων,
2314 925 2541 997 ἄλλων
2569 928 2644 997 δὲ

367 1032 894 1118 ἐπιθυμέουσαι,
940 1025 1118 1098 οὕτω
1169 1027 1254 1117 δὴ
1285 1027 1722 1113 ἀπικνέονται
1755 1028 1935 1118 παρὰ
1965 1027 2122 1111 τούς
2158 1037 2464 1121 ἔρσενας·
2525 1059 2640 1117 φι-

367 1133 686 1203 λότεκνον
739 1132 812 1201 δὲ
857 1130 936 1200 τὸ
978 1137 1248 1220 θηρίον.
1335 1139 1670 1223 πυρκαϊῆς
1709 1134 1783 1203 δὲ
1838 1136 2204 1222 γενομένης
2254 1145 2417 1204 θεῖα
2470 1132 2641 1222 κρή-

366 1263 586 1325 γματα
619 1234 1118 1322 καταλαμβάνει
1154 1230 1312 1314 τοὺς
1344 1236 1762 1324 αἰελούρους.
1851 1240 1922 1305 οἱ
1948 1236 2076 1325 μὲν
2115 1235 2243 1327 γὰρ
2279 1234 2643 1323 Αἰγύπτιοι

367 1403 628 1454 sufficiat.
701 1404 805 1453 Est
844 1401 986 1452 enim
1018 1401 1270 1460 incidere,
1321 1403 1456 1451 acc-1·-

368 1475 492 1524 dere
539 1478 594 1522 et
637 1471 981 1539 gravioribus
1027 1472 1083 1520 in
1116 1470 1279 1520 rebus
1316 1470 1454 1520 casi-

369 1545 541 1593 busve
561 1543 856 1607 praecipue
871 1540 1050 1592 locum
1067 1540 1254 1591 habet.
1292 1539 1450 1590 Conf.

368 1613 447 1674 11,
502 1612 618 1663 152.
657 1612 762 1674 111,
812 1610 899 1663 33.
937 1613 1003 1661 42
1041 1611 1227 1674 ibique
1263 1608 1453 1673 allata,

372 1683 470 1743 lx,
506 1681 577 1733 60
616 1687 747 1745 etc.‚
789 1677 1176 1745 Wyttenbach.
1213 1679 1272 1727 in
1308 1676 1452 1729 Bibl.

371 1751 546 1801 critic.
584 1752 649 1801 P.
687 1752 753 1801 X.
798 1765 927 1815 pag.
963 1750 1050 1800 46.
1123 1747 1210 1798 Ad
1246 1748 1454 1797 Pausa-

369 1821 548 1884 niam,
595 1821 688 1885 qui
723 1820 1093 1870 Herodoteam
1126 1816 1458 1868 locutionem

369 1891 617 1939 imitatus
636 1894 738 1951 est,
765 1889 983 1939 notavit
1006 1886 1275 1948 Siebelis„
1296 1901 1457 1951 quem

369 1959 481 2009 vid.
520 1958 590 2008 ad
626 1960 671 2021 1,
711 1961 762 2008 7.
801 1957 851 2020 §-
891 1958 942 2009 3.
1015 1958 1100 2006 De
1134 1954 1333 2005 felibus
1360 1970 1457 2018 per

372 2030 679 2093 Aegyptum
703 2026 866 2078 cultis
886 2025 1116 2091 plurima
1144 2024 1304 2075 affert
1325 2023 1456 2072 Wil-

371 2098 587 2147 kinson.
605 2098 861 2146 Manners
889 2103 997 2147 etc.
1025 2111 1136 2145 sec.
1161 2109 1267 2144 ser.
1294 2093 1370 2144 11.
1395 2110 1452 2158 p.

373 2167 471 2217 161
497 2182 670 2231 seqq„
707 2167 775 2216 de
799 2165 998 2215 felibus
1025 2164 1311 2214 medicatis
1349 2163 1452 2213 fre-

373 2237 726 2300 quentissime
761 2235 940 2285 adhuc
974 2233 1202 2298 repertis
1239 2232 1374 2283 ibid.
1396 2249 1454 2297 p.

376 2304 494 2356 167.
566 2305 830 2370 Nuepiam
877 2319 1006 2354 vero
1049 2302 1196 2367 apud
1240 2307 1454 2353 veteres

371 2390 493 2424 cum
534 2380 897 2425 memorentur
930 2372 1068 2423 feles
1103 2372 1453 2434 domesticae,

372 2458 507 2509 quas
533 2443 709 2494 medio
740 2443 953 2493 demum
981 2457 1118 2492 aevo
1157 2457 1253 2506 per
1283 2443 1455 2491 Euro·-

370 2529 494 2578 pam
536 2514 804 2578 Asiaeque
856 2517 1066 2577 partem
1120 2516 1454 2576 propagatas

370 2597 493 2632 esse
524 2582 738 2644 volunt,
777 2581 1143 2648 quaerendum
1165 2580 1454 2630 videbatur

371 2652 569 2701 Linkio
606 2652 837 2714 (Urwelt
862 2656 967 2704 etc.
1010 2666 1065 2715 p.
1092 2651 1239 2714 ⁶200),
1275 2655 1455 2699 utrum

371 2721 759 2786 Aegyptiorum
821 2720 956 2771 feles
1013 2719 1084 2769 ad
1130 2718 1317 2768 felium
1365 2733 1458 2768 no-

371 2796 603 2839 strarum
627 2805 798 2854 genus
821 2789 1196 2855 pertinuerint,
1221 2802 1290 2838 an
1312 2786 1459 2837 aliud

374 2859 444 2909 ad
480 2871 678 2924 genus,
731 2860 876 2924 quod
908 2860 967 2908 in
1002 2858 1152 2908 hisce
1186 2856 1461 2907 calidiori-

370 2929 472 2978 bus
496 2928 809 2994 regionibus
835 2929 1009 2979 solum
1033 2928 1359 2988 inveniatur,
1379 2941 1460 2975 re-

372 2997 503 3048 ferri
559 2998 811 3048 debeant.
894 2999 1075 3062 Atque
1126 2997 1229 3047 hoc
1279 2996 1459 3060 ipsum

370 3067 705 3132 probabilius
728 3067 946 3116 videtur
978 3068 1096 3117 viro
1123 3066 1459 3117 doctissimo.

372 3136 635 3187 Cuvierus
673 3141 729 3186 et
764 3134 1018 3200 Geoffroy
1062 3134 1197 3185 nihil
1243 3135 1461 3200 quidem

372 3206 718 3272 distinguunt
751 3206 894 3255 inter
929 3219 1050 3255 eam
1085 3203 1272 3266 felem,
1319 3219 1461 3268 quae

371 3274 533 3324 hodie
561 3275 620 3323 in
645 3276 894 3340 Aegypto
929 3274 1191 3338 occurrit,
1231 3278 1286 3323 et
1320 3288 1459 3336 eam,

374 3359 516 3409 quae
553 3342 854 3406 domestica
874 3348 959 3394 est
990 3343 1238 3408 adeoque
1271 3343 1332 3392 in
1368 3342 1460 3393 sil-

372 3414 459 3462 vis
504 3414 759 3478 Europae
803 3413 1066 3464 montosis
1128 3413 1304 3477 degit3
1359 3427 1460 3463 nec

374 3483 604 3532 mumias
652 3481 835 3532 felium
890 3497 1033 3532 nunc
1094 3485 1339 3545 repertas
1388 3481 1459 3531 ab

373 3551 482 3601 illis
537 3551 750 3601 differre
795 3555 1035 3602 monent.
1106 3550 1214 3601 Sed
1261 3550 1460 3600 Linkio

374 3625 502 3685 post
547 3620 836 3686 suffragati
896 3624 1025 3671 sunt
1069 3620 1357 3670 Schubert.
1407 3623 1462 3669 et

375 3689 669 3741 Olivierus.
741 3689 1084 3751 Reinhardt„
1123 3690 1216 3754 qui
1242 3703 1464 3739 accura-

376 3759 640 3810 tissimam
677 3759 1100 3824 disputationem
1135 3757 1376 3807 instituit
1405 3758 1462 3806 in

375 3827 508 3877 dise.
542 3828 690 3879 laud.
730 3844 787 3893 p.
832 3827 1041 3880 39-63
1078 3826 1201 3877 coll.
1252 3827 1335 3877 17.
1378 3826 1461 3888 18,

378 3896 515 3946 nihil
553 3898 691 3948 certi
729 3897 797 3947 de
833 3897 919 3947 his
940 3896 1159 3962 quidem
1190 3897 1310 3961 ipse
1344 3910 1465 3959 pro-

378 3966 620 4026 nuntiat;
652 3982 720 4017 ex
748 3967 815 4016 iis
849 3982 979 4017 vero
993 4003 1007 4028 ,
1057 3980 1198 4031 quae
1236 3964 1465 4029 diligen-

379 4034 592 4084 tissime
638 4035 956 4100 inquisivit,
994 4035 1100 4086 hoc
1136 4038 1317 4099 patet:
1357 4048 1464 4083 me-

380 4103 595 4154 dicatas
632 4105 1027 4169 Aegyptiorum
1073 4103 1209 4154 feles
1252 4118 1355 4153 nec
1391 4101 1464 4152 ad

379 4172 608 4223 formam
642 4188 743 4224 nec
782 4173 852 4223 ad
886 4174 1131 4223 cranium
1165 4171 1326 4222 valde
1365 4171 1467 4221 dif-

377 4239 521 4292 ferre
557 4257 590 4292 a
618 4241 714 4292 feli
745 4242 1061 4305 domestica,
1100 4240 1171 4291 ad
1197 4241 1465 4306 picturam

379 4310 542 4360 modo
577 4316 633 4361 et
650 4312 972 4362 varietatem
1000 4310 1198 4362 eoloris
1219 4309 1314 4360 feli
1337 4314 1464 4359 cato

378 4379 499 4429 fero
543 4378 747 4430 similes
789 4379 990 4431 videri.
1054 4380 1230 4442 Quem
1272 4383 1465 4443 postea

1556 1402 1658 1452 hac
1683 1402 1750 1452 de
1780 1418 1838 1453 re
1870 1402 2119 1453 consului
2142 1403 2531 1466 Leuckartum‚
2567 1403 2647 1452 vi·

1555 1487 1673 1522 rum
1711 1472 2113 1536 doctissimum,
2158 1474 2206 1523 is
2253 1473 2386 1523 mihi
2422 1474 2645 1537 scripsit

1553 1543 1944 1607 Aegyptiorum
1980 1543 2139 1592 felem
2161 1544 2518 1594 domesticam
2542 1545 2645 1592 ori-

1554 1612 1738 1675 ginem
1756 1613 1953 1662 ducere
1979 1626 2013 1661 a
2026 1613 2463 1676 selimaniculaec13
2483 1627 2645 1676 quam

1556 1680 1719 1730 felem
1760 1681 1937 1731 adhuc
1964 1682 2298 1746 incognitam
2341 1697 2375 1731 a
2408 1682 2646 1746 Ruppel-

1552 1749 1656 1812 lio,
1703 1750 2051 1800 celeberrimo
2101 1751 2534 1816 peregrinatore‚
2587 1752 2644 1798 in

1560 1818 1744 1868 Nubis.
1778 1825 2048 1883 repertam
2085 1835 2205 1869 esse
2238 1820 2309 1870 ad
2333 1819 2646 1870 occidenta-

1559 1887 1664 1938 lem
1711 1888 1826 1937 Nili
1877 1888 2052 1952 ripam
2101 1889 2159 1937 in
2212 1889 2351 1939 locis
2403 1888 2643 1948 saxosis;

1559 1959 1814 2007 minorem
1876 1957 2026 2006 illam
2073 1958 2287 2022 quidem
2347 1973 2469 2008 esse
2517 1962 2643 2006 cato

1558 2028 1701 2089 fero,
1744 2026 1840 2077 sed
1868 2027 2044 2076 cauda
2067 2026 2301 2092 longiori
2321 2026 2644 2093 praeditam.

1555 2096 1640 2146 Ab
1678 2110 1745 2145 ea
1779 2101 1962 2146 autem
2010 2096 2105 2145 feli
2148 2097 2237 2146 vel
2283 2106 2509 2147 nostrae
2548 2096 2643 2146 do-

1553 2166 1817 2216 mesticae
1861 2166 1985 2215 felis
2035 2167 2300 2231 quasdam
2346 2167 2644 2217 varietates

1558 2235 1792 2285 derivari
1854 2235 2146 2286 verisimile
2189 2235 2407 2286 videtur
2466 2235 2643 2287 eidem

1555 2304 1899 2368 Leuckarto‚
1950 2305 2042 2370 qui
2080 2306 2148 2356 de
2182 2306 2281 2356 feli
2311 2306 2646 2357 maniculata

1556 2376 1861 2439 comparari
1896 2376 2073 2425 iubetz
2112 2375 2270 2426 Atlas
2306 2393 2374 2427 zu
2399 2376 2452 2426 d.
2481 2376 2647 2426 Reise

1554 2443 1629 2493 im
1667 2444 1843 2495 niirdl.
1879 2444 2068 2494 Africa
2108 2461 2217 2495 von
2249 2445 2355 2497 Ed.
2391 2444 2644 2509 Ruppell.

1553 2514 1692 2563 Heft
1726 2514 1772 2563 Ι.
1826 2513 2148 2563 Frankfurt.
2202 2514 2334 2564 1826
2383 2513 2500 2574 fol..
2549 2514 2641 2563 ubi

1553 2581 1942 2631 Kretzschmar
1974 2597 2104 2646 pag.
2129 2582 2179 2632 3.
2209 2584 2261 2631 4.
2299 2582 2368 2632 de
2404 2581 2508 2632 hac
2544 2581 2641 2630 feli

1556 2650 1922 2710 nauiculam,
1960 2665 1990 2699 e
2028 2665 2135 2714 qua
2158 2651 2513 2701 domesticam
2540 2653 2643 2699 Ae-

1556 2720 1864 2784 gyptiorum
1886 2718 2046 2768 felem
2073 2719 2361 2770 deductam
2385 2734 2507 2769 esse
2524 2719 2641 2782 ipse

1556 2803 1680 2838 cum
1716 2787 1838 2837 aliis
1876 2788 2100 2851 statuit,
2134 2787 2413 2853 disputat,
2452 2788 2644 2839 addita

1560 2858 1814 2923 imagine.
1884 2858 1968 2907 De
2008 2858 2287 2921 primitiva
2307 2858 2433 2908 felis
2467 2859 2648 2923 patria

1562 2926 1821 2977 disseruit
1840 2941 2056 2992 quoque
2072 2929 2297 2978 Dureau
2315 2928 2383 2978 de
2402 2928 2458 2978 la
2480 2926 2647 2978 Malle

1561 2998 1619 3046 in
1658 2996 1876 3067 Anpall.
1934 2997 2030 3047 dee
2088 2998 2332 3065 sciences
2388 2997 2643 3048 naturell.

1566 3066 1716 3117 1829.
1755 3082 1809 3131 p.
1855 3065 1953 3117 165
1988 3082 2159 3133 seqq„
2208 3069 2473 3119 Herodoti
2508 3068 2646 3117 bene

1563 3150 1785 3199 memor,
1804 3138 1898 3202 qui
1919 3141 2032 3187 tam
2062 3143 2318 3190 accurate
2343 3139 2410 3189 de
2435 3138 2542 3188 fele
2565 3153 2646 3187 re-

1555 3205 1765 3257 tulerit.

1632 3274 1955 3333 κτείναντες
2001 3273 2194 3339 μέντοι
2244 3267 2313 3324 οὐ
2362 3270 2647 3324 πατέον-

1559 3342 1693 3408 ται]
1743 3346 1850 3395 Pro
1901 3341 2235 3407 πατέονται,
2280 3343 2426 3408 quod
2470 3342 2647 3391 rarius

1562 3419 1648 3463 est
1672 3413 1893 3463 verbum
1915 3413 2101 3463 edendi
2120 3414 2370 3475 notione,
2402 3410 2647 3460 nonnulli

1561 3473 1878 3531 δατέονται.
1953 3481 2061 3531 Sed
2105 3481 2219 3531 vid.
2269 3480 2345 3541 11,
2394 3481 2460 3531 37
2509 3478 2644 3542 ibiq.

1563 3555 1678 3604 not.
1721 3555 1778 3600 et
1798 3550 1874 3611 11,
1901 3551 1989 3600 47.
2013 3575 2085 3586 —
2108 3549 2175 3598 In
2196 3548 2379 3599 verbis
2405 3547 2648 3613 proxime

1563 3618 2014 3669 antecedentibus
2037 3617 2204 3667 verba
2227 3607 2572 3680 ἁρπάζοντες
2594 3621 2650 3667 et

1560 3678 1971 3750 ὑπαιρεόμενοι
2005 3685 2408 3764 significatione
2444 3686 2524 3735 ita
2547 3685 2651 3735 dif-

1568 3759 1710 3807 ferre
1762 3760 2045 3819 putamus,
2098 3761 2162 3804 ut
2210 3746 2557 3835 ἁρπάζοντες
2608 3756 2649 3805 ii

1566 3825 1847 3886 dicantur,
1891 3824 1984 3889 qui
2018 3825 2068 3873 αι’
2099 3824 2344 3888 rapiunt,
2381 3813 2651 3889 ὑπαιρεό-

1565 3907 1747 3959 μενοι,
1786 3894 1880 3956 qni
1926 3892 2065 3942 clam
2103 3896 2159 3943 et
2195 3897 2341 3945 tecte
2376 3895 2649 3959 auferunt,

1566 3978 1663 4029 per
1697 3961 1881 4012 dolum
1914 3967 2162 4027 agentes.

1633 4021 2656 4111 θειαπρήγματακαταλαμβάνειτούς

1565 4092 1922 4166 αἰελουρους]
1958 4101 2138 4151 Vertit
2177 4101 2653 4166 Schweighaeuse-

1568 4181 1689 4219 rus:
1749 4172 1915 4231 „mira
1951 4184 2039 4220 res
2074 4171 2259 4221 accidit
2288 4172 2546 4235 felibus&
2597 4172 2653 4220 in

1569 4244 1701 4289 nota
1737 4237 2031 4302 adiiciens,
2068 4240 2229 4290 Conr.
2253 4239 2550 4291 Gesnerum
2574 4241 2654 4289 sic

1564 4307 1744 4358 locum
1764 4321 1884 4358 esse
1915 4309 2358 4373 interpretatum=
2398 4310 2567 4373 ‚seles
2604 4312 2657 4358 in

1562 4377 1791 4441 fieret-em
1826 4379 2099 4442 aounmst‘
2170 4379 2244 4428 Et
2286 4381 2483 4428 notant
2516 4375 2655 4426 θεῖα
2703 4372 2711 4378 ’
