3109 5092
327 1282 432 1341 101

454 388 576 449 224

1313 389 1862 453 HERODOTI

450 559 527 631 τὸ
574 568 840 631 δίκαιον
878 560 1249 649 φυλάσσων
1290 563 1596 652 χαλεπός.
1668 565 1781 634 καὶ
1838 564 1953 644 τάς
1995 593 2068 635 τε
2118 572 2310 647 δίκας
2354 567 2730 655 γράφοντες

455 676 613 735 εἴσω
660 662 818 753 παρ’
872 668 1134 736 ἐκεῖνον
1179 669 1673 757 ἐσπέμπεσκον·
1745 669 1857 737 καὶ
1895 671 2150 750 ἐκεῖνος
2197 677 2570 760 διακρίνων
2615 669 2732 751 τὰς

452 772 937 858 ἐσφερομένας,
974 772 1412 859 ἐκπέμπεσκε.
1474 778 1684 842 ταῦτα
1720 771 1846 860 μὲν
1890 770 2057 842 κατὰ
2101 771 2217 855 τὰς
2259 780 2450 855 δίκας
2488 776 2730 860 ἐποίεε,

451 873 612 942 τάδε
661 872 736 940 δὲ
771 869 941 943 ἄλλα
981 874 1419 962 ἐκεκοσμέατό
1455 881 1538 947 οῖ.
1606 885 1676 944 εἷ
1711 903 1863 944 τινα
1897 876 2316 948 πυνθάνοιτο
2352 874 2734 966 ὑβρίζοντα,

449 982 692 1046 τοῦτον
734 971 906 1057 ὅκως
948 981 1482 1067 μεταπέμψαιτο,
1544 974 1691 1048 κατ’
1742 975 1936 1067 ἀξίην
1992 980 2274 1051 ἑκάστου
2329 979 2736 1071 ἀδικήματος

453 1084 786 1150 ἐδικαίευ·
842 1088 962 1150 καί
987 1085 1058 1150 οἱ
1088 1081 1503 1153 κατάσκοποί
1532 1109 1606 1152 τε
1642 1082 1753 1150 καὶ
1787 1082 2101 1171 κατήκοοι
2141 1075 2315 1173 ἦσαν
2344 1081 2475 1154 άνὰ
2512 1090 2735 1154 πᾶσαν

456 1182 582 1274 τὴν
623 1182 883 1271 κόρην,
926 1190 1042 1272 τῆς
1079 1175 1258 1273 ἦρχε·

615 1288 911 1375 Δηῑόκης
952 1290 1078 1376 μέν
1111 1315 1244 1357 νυν
1287 1285 1365 1356 τὸ
1394 1286 1716 1375 Μηδικὸν
1758 1294 1958 1368 ἔθνος
2005 1289 2415 1375 συνέστρεψε
2458 1294 2735 1379 μοῦνον,
2803 1255 2812 1263 ἢ

460 1391 570 1458 καὶ
606 1390 852 1459 τούτου
895 1380 1069 1478 ἦρξε.
1123 1397 1260 1459 ἔστι
1297 1391 1371 1460 δὲ
1403 1390 1673 1480 Μήδων
1716 1390 1956 1462 τοσάδε
1993 1395 2225 1479 γένεα,
2266 1395 2557 1479 Romal,
2590 1402 2729 1462 Πα-
2754 1400 2824 1451 52
2846 1479 2868 1502 ι

885 1591 1018 1641 Car.
1058 1590 1120 1642 C.

529 1688 624 1744 καὶ
668 1683 768 1750 τάς
812 1707 870 1742 τε
918 1689 1083 1750 δίκας
1127 1684 1443 1758 γράφοντες
1478 1721 1548 1730 -

460 1754 868 1828 ἐσπέμπεσκον]
922 1762 1100 1827 Vulgo
1157 1763 1236 1812 sic
1283 1762 1546 1812 reddunt:

456 1835 709 1898 Iitiaantes
754 1848 942 1883 causas
982 1847 1106 1883 suas
1148 1837 1340 1896 εονίριο
1386 1834 1550 1882 consi-

450 1911 640 1969 9natas
675 1904 749 1952 ad
780 1918 886 1952 eum
915 1918 1014 1965 per
1047 1903 1381 1953 internuncios
1412 1903 1550 1950 intro

455 1974 725 2023 mittebant.
765 1973 851 2022 Ad
878 1987 1094 2022 sensum
1127 1972 1344 2022 omnino
1375 1975 1547 2031 recte3

459 2042 528 2092 ad
577 2042 802 2092 verbum
848 2043 1158 2092 accuratius
1208 2042 1286 2092 sic
1331 2045 1546 2090 vertas:

458 2127 644 2162 causas
682 2113 767 2176 qui
811 2114 1004 2174 scripto
1051 2110 1437 2176 conriynabant‚
1480 2109 1553 2160 ad

458 2197 566 2230 eum
596 2178 713 2245 (per
750 2180 1136 2243 internuncios,
1165 2170 1245 2229 δι’
1280 2170 1547 2244 ἀγγέλων,

460 2265 579 2314 cap.
603 2247 722 2314 99.)
754 2251 886 2299 intro
920 2252 1111 2300 mittere
1142 2248 1375 2299 solebant
1411 2252 1551 2313 isque

460 2319 741 2370 diiudicatis
777 2321 965 2369 allatas
1000 2318 1296 2370 remittebat.
1343 2319 1408 2368 ln
1435 2318 1551 2383 qui-

460 2388 562 2438 bus
622 2404 691 2438 ne
744 2389 997 2439 miremur
1057 2389 1337 2438 literarum
1391 2402 1550 2436 usum

461 2463 573 2508 tam
610 2458 790 2524 prisco
826 2474 964 2508 aevo
1006 2459 1076 2509 ad
1113 2472 1309 2509 causas
1346 2457 1549 2521 scripto

464 2528 869 2592 consignandas
908 2528 1209 2578 adhibitum
1260 2525 1356 2590 (cf.
1405 2525 1552 2575 Clin-

464 2603 561 2648 ton
599 2598 752 2648 Fast.
785 2597 1034 2649 Hellenn.
1068 2598 1116 2649 1.
1158 2614 1209 2663 p.
1248 2596 1404 2659 368):
1441 2596 1551 2645 He-

463 2668 689 2718 rodotus
728 2668 1063 2718 indicaturus
1100 2667 1291 2718 Medos
1327 2665 1550 2731 litigan-

463 2742 547 2787 tes
592 2753 699 2788 non
753 2753 934 2788 coram
985 2752 1114 2801 rege
1171 2738 1291 2802 ipso
1352 2749 1549 2786 causas

463 2822 590 2857 suas
629 2807 826 2871 egisse,
861 2807 956 2857 sed
1006 2822 1200 2856 causas
1248 2805 1319 2855 ad
1367 2820 1549 2869 regem

461 2891 558 2940 per
595 2876 964 2926 internuncios
991 2875 1201 2925 delatas
1232 2890 1353 2924 esse
1381 2875 1550 2924 disce-

462 2944 727 3009 ptandas,
769 2945 1096 2996 Graecorum
1133 2944 1377 3009 adeoque
1411 2943 1552 2993 Atti·

464 3028 648 3063 corum
685 3029 832 3063 more
870 3013 1112 3078 loquitur
1157 3015 1331 3078 iisque
1378 3014 1552 3062 utitur

462 3083 675 3144 verbis,
734 3098 874 3147 quae
928 3083 1156 3133 Athenis
1222 3082 1326 3132 hac
1387 3082 1442 3131 in
1497 3096 1551 3130 re

464 3155 621 3203 erant
643 3151 856 3202 usitata
878 3149 1065 3216 (δίκας
1095 3143 1379 3216 γράφειν).
1418 3150 1553 3200 Cum

462 3225 692 3272 reeentt.
733 3221 852 3273 edd.
891 3222 1016 3271 dedi
1050 3211 1437 3283 ἐσπέμπεσκον
1455 3235 1552 3285 pro

464 3282 898 3355 ἕσεπέμπεσκον,
916 3308 1034 3341 cum
1063 3291 1118 3340 in
1137 3289 1340 3340 talibus
1354 3290 1554 3339 Noster

464 3365 813 3426 augmentum
850 3361 1122 3426 negligat:
1158 3360 1269 3410 vid.
1298 3358 1552 3410 Dindurs.

463 3432 648 3482 Praef.
685 3447 739 3496 p.
768 3432 950 3481 XXIV
984 3436 1039 3482 et
1080 3430 1313 3481 Bredov.
1342 3446 1394 3494 p.
1425 3429 1548 3479 285.

467 3501 533 3552 In
563 3501 804 3567 proxime
841 3517 990 3567 seqq.
1022 3500 1261 3552 Eltzium
1300 3498 1550 3563 (Quaest.

463 3571 707 3622 Herodd.
753 3588 809 3637 p.
844 3572 877 3620 9
926 3578 981 3621 et
1011 3570 1242 3623 Jahrbb.
1282 3569 1321 3619 f.
1353 3568 1550 3619 Philol.

465 3656 520 3691 u.
556 3641 794 3707 Paedag.
838 3641 1027 3706 Suppl.
1063 3641 1163 3692 IX.
1203 3656 1258 3705 p.
1300 3635 1425 3697 115)
1470 3652 1554 3687 se-

466 3711 578 3760 cuti
599 3727 695 3777 pro
734 3702 808 3758 τὰ
847 3706 918 3760 δὲ
954 3702 1039 3774 δὴ
1073 3700 1211 3759 ἄλλα
1234 3708 1551 3772 scripsimus

463 3772 627 3829 τάδε
664 3776 702 3826 δ
713 3773 740 3828 ὲ
772 3769 941 3838 ἄλλα,
981 3784 1044 3830 ut
1078 3778 1390 3830 Herodotus
1425 3775 1550 3826 aliis

370 3882 374 3886 -
464 3860 679 3912 quoque
716 3841 852 3898 locis
903 3853 987 3899 est
1022 3848 1236 3899 locutus
1284 3845 1391 3910 (ΙΙ,
1433 3845 1547 3896 168.

463 3915 563 3978 VI,
584 3915 715 3982 53),
751 3918 916 3981 idque
948 3917 1111 3968 etiam
1145 3916 1400 3982 probavit
1425 3916 1553 3966 Bre-

465 3984 590 4035 dov.
645 4001 697 4050 p.
759 3985 893 4048 334,
950 3986 1044 4036 ubi
1102 3976 1443 4049 ἐκεκόσμητό
1497 3977 1559 4032 οἴ

464 4053 629 4103 scribi
663 4055 815 4106 iubet
851 4071 948 4120 pro
988 4046 1352 4117 ἐκεκοσμέατο
1390 4047 1463 4117 οἵ,
1496 4053 1552 4102 iu

463 4138 572 4188 quo
606 4121 732 4173 libri
768 4124 962 4188 scripti
998 4122 1363 4174 consentiunt.

531 4221 604 4275 εἶ’
640 4240 770 4275 τινα
806 4217 1257 4276 πυνθάνοιτο
1292 4215 1551 4291 ὑβρίζον-

459 4311 529 4345 τα
564 4310 616 4344 κ.
656 4311 702 4345 τ.
741 4294 814 4362 λ.]
851 4291 940 4359 εἰ,
978 4297 1199 4362 quoties,-
1234 4295 1363 4348 inde
1399 4299 1551 4360 opta-

458 4366 630 4416 tivum
686 4364 854 4416 habet
905 4366 1209 4428 adiectum,
1264 4364 1410 4415 conf.
1468 4365 1546 4426 11,

1649 1577 1798 1649 ὅκως
1853 1623 1925 1632 —-
1978 1589 2436 1658 μεταπέμψαιτο,
2505 1591 2571 1642 de
2631 1608 2738 1657 quo

1652 1665 1960 1712 structurae
1994 1675 2193 1728 genere
2240 1663 2386 1713 conf.
2436 1661 2481 1724 1,
2534 1662 2594 1713 11
2641 1662 2742 1712 ibi-

1652 1746 1757 1796 que
1794 1736 1934 1783 nott.

1720 1798 1823 1849 καί
1850 1794 1910 1849 οἴ
1941 1790 2395 1849 κατάσκοποί
2424 1813 2483 1849 τε
2507 1795 2603 1849 καὶ
2629 1814 2738 1849 κα-

1651 1863 1904 1934 τήκοοι
1932 1856 2080 1933 ἦσαν
2117 1860 2230 1918 άνά
2269 1866 2459 1918 πᾶσαν
2498 1862 2603 1934 τὴν
2635 1861 2714 1934 χῶ

1652 1936 1782 2004 ρην]
1817 1939 2103 1990 Laudatur
2137 1939 2244 1988 Dio
2293 1938 2514 1989 Cassius
2561 1939 2740 2000 XLII,

1654 2010 1738 2060 17.
1776 2024 1829 2073 p.
1871 2007 1992 2069 315,
2026 2008 2120 2072 qui
2157 2008 2495 2059 Herodotum
2528 2009 2744 2057 imitan-

1653 2079 1722 2128 do
1760 2077 2048 2144 expressit.
2086 2076 2405 2128 Indicantur
2435 2082 2613 2128 autem
2646 2077 2741 2127 mi-

1650 2149 1812 2197 nistri
1880 2147 2013 2213 regii
2031 2185 2055 2212 „
2119 2148 2212 2211 qui
2279 2147 2417 2198 alias
2488 2147 2744 2197 dicuntur

1651 2208 1949 2282 ὀφθαλμοὶ
2017 2215 2191 2281 (oculi)
2265 2222 2320 2266 et
2391 2208 2744 2266 ὠτακουσταὶ

1657 2287 1874 2352 (aures),
1914 2302 2010 2351 per
2048 2301 2185 2350 quos
2225 2288 2424 2348 omnia,
2453 2302 2591 2352 quae
2626 2286 2745 2336 ubi-

1653 2358 1737 2406 vis
1774 2360 2104 2421 gererentur,
2129 2371 2223 2405 rex
2260 2356 2488 2420 accepit.
2528 2358 2610 2406 De
2629 2355 2745 2420 qui-

1653 2426 1754 2475 bus
1769 2425 2000 2490 plurima
2013 2426 2326 2476 Brissonius
2347 2425 2413 2474 de
2433 2441 2542 2491 reg.
2560 2427 2742 2475 Persa.

1653 2497 1823 2578 princ.
1862 2495 1908 2557 Ι,
1946 2494 2065 2545 190.
2116 2511 2244 2561 pag.
2283 2495 2383 2546 264
2432 2511 2546 2560 seq.
2620 2493 2742 2546 Alia

1653 2565 1799 2615 infra
1833 2564 2082 2615 dabimus
2120 2566 2191 2616 ad
2226 2566 2280 2629 1,
2321 2565 2437 2615 114.

2066 2737 2200 2788 Car.
2238 2737 2328 2787 CI.

1722 2832 1785 2890 τὸ
1837 2832 2115 2904 Μηδικὸν
2172 2834 2349 2897 ἔθνος
2402 2835 2745 2903 συνέστρεψε

1654 2907 1900 2973 μοῦνον,
1946 2905 2042 2958 καὶ
2101 2901 2308 2959 τούτου
2364 2895 2521 2976 ἦρξε]
2584 2905 2741 2958 συνέ-

1656 2987 1879 3041 στρεψε,
1918 2980 2072 3029 cuius
2106 2978 2227 3031 loco
2263 2994 2402 3029 unus
2437 2979 2575 3028 liber
2612 2991 2742 3026 συν-

1655 3044 1994 3111 εστρέψατο,
2038 3048 2179 3099 male
2235 3053 2400 3099 antea
2436 3046 2740 3112 xredditum:

1653 3117 1863 3183 subegit,
1900 3132 2044 3167 nunc
2077 3119 2298 3180 rectius,
2336 3122 2588 3168 monente
2618 3115 2744 3166 Val-

1657 3185 1943 3236 ckenario:
1989 3188 2081 3249 „in
2126 3204 2279 3243 umam,
2309 3194 2506 3253 qentem
2541 3194 2745 3237 contra-

1655 3258 1739 3307 xit
1781 3256 1971 3312 Medos
2011 3257 2170 3321 eique
2216 3257 2564 3322 imperavit.“
2630 3256 2744 3305 Nec

1655 3341 1784 3376 vero
1825 3341 1989 3390 opus,
2027 3331 2090 3376 ut
2124 3342 2246 3378 cum
2294 3326 2479 3376 eodem
2514 3324 2745 3375 Valcke-

1655 3396 1810 3445 nario
1848 3401 2114 3447 mutemus
2160 3397 2339 3461 ipsum
2383 3401 2620 3455 textum,
2662 3410 2745 3443 re-

1655 3463 1946 3530 fingentes:
1973 3496 2043 3504 —
2070 3464 2430 3529 συνέστρεψε,
2465 3480 2548 3529 μο
2566 3457 2743 3514 ύνου

1656 3526 1728 3583 δὲ
1778 3526 1985 3583 τούτου
2039 3521 2195 3598 ἦρξε.
2264 3535 2405 3585 Nam
2450 3537 2634 3585 manet
2687 3532 2745 3581 in

1653 3602 1881 3669 vulgata
1914 3605 2185 3667 scriptura
2208 3604 2348 3654 idem
2373 3619 2585 3655 sensus.
2615 3602 2746 3666 Spe-

1655 3677 1810 3723 ctant
1843 3688 1972 3722 vero
2008 3673 2113 3724 huc
2148 3689 2233 3736 ea,
2266 3688 2406 3738 quae
2442 3674 2497 3722 in
2530 3678 2747 3723 antece-

1656 3741 1909 3791 dentibus
1948 3748 2271 3794 enarrantur
2315 3742 2383 3793 de
2431 3742 2608 3793 Medis
2649 3755 2746 3805 per

1654 3810 1806 3861 vicos
1864 3813 2072 3875 sparsis
2129 3812 2409 3877 multaque
2470 3811 2746 3861 iniustitia

1655 3879 2053 3946 laborantibus,
2082 3882 2291 3933 coactis
2319 3880 2443 3931 dein
2467 3881 2742 3941 aDeioce,

1655 3953 1718 3999 ut
1774 3964 1936 3999 unam
1996 3952 2292 4002 conderent
2339 3951 2555 4011 urbem,
2618 3948 2743 4000 aliis

1655 4019 1815 4138 {ebbus
1862 4023 2028 4086 atque
2085 4019 2535 4086 occupationibus
2598 4022 2747 4084 post—

1695 4103 1728 4138 a
1768 4088 1878 4139 itis.

1726 4151 1841 4206 ἔστι
1890 4152 1954 4206 δὲ
2000 4148 2231 4221 Μήδων
2279 4147 2483 4206 τοσάδε
2519 4148 2742 4219 γένεα]

1653 4223 1819 4291 γένεα
1851 4228 2143 4277 Persarum
2180 4229 2473 4276 occurrunt
2513 4223 2659 4274 infra
2695 4222 2742 4284 1,

1655 4297 1772 4359 125,
1812 4296 1905 4346 ubi
1935 4305 2131 4360 gentem
2166 4311 2263 4360 pro
2300 4294 2435 4345 tribu
2466 4292 2597 4358 poni
2631 4307 2742 4341 mo-

1650 4369 1745 4416 net
1790 4365 2119 4416 Niebuhrius
2173 4379 2207 4415 a
2266 4365 2352 4414 Cr.
2406 4362 2626 4425 allatus,
2682 4362 2739 4410 in

465 4433 582 4486 179.
650 4434 764 4487 Nec
827 4433 937 4486 alio
1013 4434 1172 4488 modo
1233 4433 1545 4501 explicarim
1647 4434 1798 4486 Hist.
1820 4434 2051 4486 Roman.
2077 4434 2125 4485 1.
2152 4448 2282 4499 pag.
2317 4432 2437 4484 308.
2476 4431 2556 4483 Ac
2583 4429 2741 4496 primi
