3109 5092
511 328 634 393 864
1300 331 1844 395 EXOURSUS
1892 332 1993 392 IX

1235 585 1877 664 EXOURSUS
1916 585 2055 701 ‘IX

950 717 1125 782 AD
1213 718 2354 802 HERODOT.11‚102.

1343 948 1444 1005 De
1501 949 1934 1006 Sesostride.

678 1067 762 1119 De
797 1068 1089 1123 Saum-iae
1131 1084 1274 1137 quae
1310 1075 1560 1120 veterum
1602 1068 1932 1137 scriptorum
1967 1086 1997 1120 e
2030 1066 2166 1120 locis
2196 1072 2364 1137 atque
2406 1065 2659 1118 virorum
2699 1065 2813 1118 do-

508 1158 717 1204 ctorum
766 1151 1241 1221 disputationibus
1281 1159 1570 1220 constant,
1640 1152 1832 1205 retulit
1872 1153 2052 1205 Beck:
2098 1151 2327 1219 Allgem.
2358 1149 2711 1217 Weltgesch.
2752 1151 2805 1202 I.

506 1255 562 1306 p.
598 1240 703 1295 699
733 1236 855 1288 coll.
886 1237 1140 1290 Heeren:
1174 1237 1340 1289 Ideen
1378 1238 1517 1305 11‚2.
1549 1242 1726 1306 p.316
1757 1244 1813 1289 et
1838 1237 2026 1305 Zoega
2057 1237 2126 1289 de
2158 1237 2411 1289 obeliscc.
2449 1254 2505 1304 p.
2529 1239 2656 1298 557,
2695 1235 2806 1305 qui

505 1321 649 1372 idem
680 1327 923 1373 veterum
959 1320 1106 1373 locos
1139 1321 1206 1373 de
1239 1322 1339 1373 hoc
1367 1340 1499 1390 rege
1528 1321 1786 1374 collectos
1815 1322 2050 1374 exhibet.
2120 1323 2276 1375 Inter
2313 1337 2456 1391 quos
2487 1318 2801 1389 primarius

507 1410 594 1456 est
624 1404 855 1456 Diodori
884 1404 1038 1457 locus
1070 1405 1115 1473 Ι,
1149 1410 1216 1463 53
1239 1423 1419 1475 seqq.,
1451 1405 1546 1476 qui
1582 1407 1650 1458 de
1688 1406 1790 1458 hoc
1826 1425 1976 1476 rege,
2026 1423 2212 1459 omnes
2246 1406 2460 1475 priores
2494 1421 2661 1471 reges
2700 1422 2797 1456 re-

505 1489 614 1540 bus
667 1489 843 1555 gestis
903 1488 1068 1558 longe
1116 1496 1446 1559 superante,
1501 1507 1622 1543 cum
1670 1491 1893 1544 diversa
1935 1496 2164 1544 narrent
2216 1498 2274 1543 et
2314 1488 2516 1541 Graeci
2568 1497 2625 1540 et
2675 1488 2797 1557 ipsi

510 1570 800 1642 Aegyptii,
851 1592 912 1626 se
944 1574 1336 1627 verisimillima
1375 1580 1432 1626 et
1457 1592 1578 1627 cum
1609 1575 1709 1643 iis,
1761 1593 1903 1645 quae
1934 1575 1989 1627 in
2026 1575 2279 1645 Aegypto
2311 1573 2630 1642 supersint,
2670 1592 2795 1625 mo-

509 1658 785 1711 numentis
829 1659 1053 1711 maxime
1090 1659 1452 1728 congruentia
1495 1667 1878 1712 enarraturum
1922 1678 2048 1713 esse
2091 1660 2389 1729 profitetur
2425 1675 2488 1708 ac
2517 1657 2793 1726 deinceps

508 1741 762 1810 singulas
795 1762 885 1796 res
921 1745 989 1796 ab
1022 1746 1122 1796 hoc
1153 1762 1283 1812 rege
1314 1752 1536 1812 gestas,
1588 1744 1967 1814 expeditiones
2001 1743 2254 1810 bellicas,
2302 1742 2507 1812 quibus
2536 1741 2631 1793 ille
2660 1750 2792 1793 tan-

507 1835 701 1895 topere
732 1827 1006 1897 inclaruit,
1045 1829 1169 1895 alia,
1200 1838 1453 1881 accurate
1484 1829 1861 1898 persequitur.
1924 1827 2469 1896 AttigitSesostridis
2503 1844 2613 1891 res,
2644 1826 2791 1877 alios

511 1918 574 1963 ut
617 1917 822 1965 taceam
865 1931 896 1965 a
939 1913 1313 1982 Wesselingio
1364 1914 1430 1964 ad
1477 1913 1705 1965 Diodori
1756 1912 1791 1964 l.
1840 1912 2124 1980 laudatos,
2180 1910 2506 1982 Apollonius
2562 1927 2791 1980 quoquc

508 1994 687 2048 Rhod.
723 1998 933 2065 Argon.
970 1998 1064 2065 IV,
1092 2002 1225 2065 272,
1278 1998 1372 2050 ubi
1415 1997 1528 2050 vid.
1564 1998 1817 2064 Scholia,
1874 1998 1928 2050 in
1962 1998 2167 2068 quibus
2208 2004 2264 2048 et
2293 1996 2685 2064 Theopompus
2733 2002 2791 2047 et

510 2081 882 2134 Dicaearchus
912 2082 1236 2151 laudantur,
1282 2082 1376 2152 qui
1409 2082 1478 2134 de
1508 2082 1825 2134 Sesostride
1858 2089 1913 2134 et
1952 2082 2060 2152 ipsi
2096 2090 2489 2151 exposuerant.
2557 2079 2789 2132 Accedit

510 2164 743 2217 Tacitus
787 2167 932 2219 Ann.
980 2167 1067 2234 11,
1110 2172 1181 2225 60
1237 2184 1302 2220 ea
1341 2169 1628 2235 referens,
1690 2184 1832 2237 quae
1881 2167 2207 2219 Germanico
2253 2165 2479 2218 Thebas
2521 2162 2787 2216 invisenti

511 2258 846 2301 enarrarunt
874 2251 1192 2303 sacerdotes
1224 2251 1483 2320 Aegyptii
1522 2250 1954 2319 interpretantes
1985 2269 2079 2319 ea,
2125 2268 2267 2321 quae
2312 2250 2461 2302 notis
2504 2248 2784 2316 hierogly-

514 2333 690 2401 phicis
739 2333 795 2385 in
845 2342 1309 2387 monumentorum
1354 2335 1661 2404 parietibus
1707 2336 1775 2388 de
1820 2336 1920 2387 hoc
1951 2353 2082 2404 rege
2114 2336 2317 2388 tradita
2356 2342 2518 2387 erant
2539 2332 2618 2401 *).
2697 2331 2783 2384 Ad

513 2417 901 2471 Manethonem
946 2419 993 2471 si
1034 2419 1370 2485 accedimus,
1420 2429 1867 2472 commemoratur
1909 2420 2102 2490 utique
2142 2420 2197 2471 in
2244 2419 2543 2489 Excerptis
2588 2417 2780 2468 Mane-

515 2502 796 2555 thonianis
852 2504 998 2573 apud
1046 2504 1357 2573 Syncellum
1414 2524 1470 2575 p.
1518 2510 1589 2564 60
1638 2505 1757 2557 sive
1800 2523 1853 2574 p.
1902 2511 2004 2563 112
2062 2505 2146 2557 ed.
2199 2505 2380 2556 Bonn.
2431 2502 2783 2556 duodecimae

513 2588 908 2657 Aegyptiorum
954 2589 1245 2657 dynastiae
1289 2607 1415 2657 rex,
1469 2590 1684 2641 nomine
1716 2590 1991 2656 Sesostris,
2035 2590 2130 2659 qui
2167 2606 2376 2641 omnem
2406 2588 2586 2640 Asiam
2630 2587 2783 2639 item-

516 2689 624 2741 que
659 2672 918 2744 Europae
959 2682 1145 2743 partes
1190 2675 1479 2743 subegisse
1511 2674 1678 2744 inque
1708 2674 1876 2726 terris
1913 2675 2158 2726 subactis
2203 2673 2293 2725 sui
2336 2672 2548 2742 imperii
2591 2689 2781 2724 monu-

513 2764 694 2811 menta
738 2760 1096 2812 constituisse
1139 2759 1341 2811 dicitur
1382 2776 1475 2826 ea,
1530 2757 1715 2827 qualia
1760 2758 1828 2809 ab
1874 2758 2156 2810 Herodoto
2208 2775 2430 2828 quoque
2474 2755 2780 2809 Sesostridi

515 2842 689 2895 tribui
742 2843 988 2911 legimus.
1069 2846 1268 2915 Neque
1308 2861 1441 2895 vero
1494 2845 1640 2895 hunc
1682 2842 2032 2895 duodecimae
2089 2842 2379 2910 dynastiae
2419 2859 2632 2910 regem,
2684 2840 2781 2910 qui

515 2926 662 2994 apud
705 2927 1088 2980 Manethonem
1140 2929 1329 2998 utique
1371 2927 1677 2994 Sesostris,
1739 2927 1837 2979 sed
1876 2927 2083 2979 rectius
2130 2945 2193 2978 ac
2238 2944 2371 2979 vero
2420 2942 2523 2979 suo
2566 2926 2783 2978 nomine

515 3013 823 3064 Sexus-tenen
855 3030 901 3063 s.
933 3014 1216 3066 Senot-tosio
1247 3015 1306 3065 11
1338 3011 1676 3080 appellatur,
1725 3011 1830 3063 huc
1860 3011 2058 3063 referri
2098 3029 2265 3080 posse
2309 3027 2454 3062 nunc
2495 3013 2612 3063 fere
2652 3029 2781 3062 con·

515 3093 672 3144 venit
700 3094 846 3147 inter
879 3095 1030 3147 viros
1060 3096 1252 3147 doctos
1270 3093 1392 3163 **),
1440 3095 1536 3165 qui
1566 3096 1711 3148 hunc
1741 3095 2107 3148 Sesostridem
2140 3095 2628 3148 Manethonianum
2659 3096 2779 3147 sive

516 3175 950 3245 Syncellianum,
991 3179 1044 3232 in
1080 3197 1238 3248 quem
1266 3179 1585 3232 Herodotea
1613 3179 1748 3261 mgle
1778 3179 2045 3232 translata
2075 3185 2211 3233 sunt
2251 3197 2284 3232 a
2314 3177 2539 3231 librario
2584 3180 2784 3249 opinor

517 3261 639 3314 sive
683 3279 716 3314 a
756 3263 1104 3335 compilatore
1148 3270 1204 3316 et
1245 3263 1638 3317 concinnatore
1680 3264 1868 3318 harum
1914 3264 2320 3333 dynastiarum,
2364 3264 2433 3317 ab
2462 3264 2781 3317 Herodoteo

655 3445 709 3513 *)
757 3448 937 3500 Verba
982 3448 1168 3499 Taciti
1204 3448 1284 3498 ita
1334 3463 1391 3498 se
1427 3447 1659 3500 habent.
1715 3487 1750 3513 ‚,
1738 3464 1885 3512 ,mox
1925 3446 2328 3513 (Germanicus)
2367 3447 2502 3498 visit
2535 3452 2788 3500 veterum

517 3512 830 3569 Thebarum
867 3534 1066 3584 magna
1102 3517 1367 3583 vestigia.
1406 3524 1460 3569 et
1497 3518 1794 3570 manebant
1831 3519 2058 3569 structis
2096 3518 2329 3569 molibus
2366 3517 2585 3567 litterae
2606 3518 2783 3583 Aegy·

516 3589 668 3651 ptiae
704 3590 938 3653 priorem
977 3588 1314 3653 opulentiam
1361 3588 1706 3653 complexam
1759 3590 2053 3652 iussusque
2106 3606 2135 3639 e
2175 3587 2479 3638 senioribus
2526 3588 2780 3637 sacerdo·

515 3661 633 3706 tum
658 3659 897 3723 patrium
923 3674 1220 3710 sermonem
1257 3658 1608 3724 interpretari
1646 3658 1951 3709 referebat·
2046 3657 2383 3720 „habitasse
2401 3657 2672 3722 quondam
2697 3672 2779 3705 se·

517 3728 806 3793 ptingenta
842 3729 1015 3779 millia
1052 3734 1238 3779 aetate
1273 3728 1531 3787 militari,
1570 3732 1736 3791 atque
1772 3743 1838 3778 eo
1864 3743 1985 3776 cum
2021 3729 2267 3779 exercitu
2294 3742 2475 3792 regem
2502 3725 2781 3776 Rhamsen

515 3796 723 3861 Libya,
761 3799 1079 3865 Aethiopia,
1115 3798 1399 3864 Medisque
1435 3802 1491 3849 et
1523 3798 1710 3849 Persis
1742 3803 1797 3847 et
1832 3797 2130 3848 Bactriano
2165 3814 2232 3848 ac
2268 3796 2474 3863 Scytha
2508 3798 2779 3861 potitum;

518 3880 763 3930 quasque
811 3873 990 3919 terras
1041 3870 1165 3932 Syri
1201 3869 1549 3932 Armeniique
1599 3872 1653 3917 et
1703 3865 1947 3931 contigui
1985 3866 2345 3932 Cappadoces
2392 3866 2607 3929 colunt,
2650 3866 2781 3914 inde

515 3933 842 3999 Bithynum,
882 3935 1270 4003 hinc’Lycium
1308 3938 1378 3986 ad
1415 3952 1563 3986 mare
1602 3937 1829 4001 imperio
1867 3936 2216 3987 ten11isse.““

659 4006 1059 4069 „Legebantur
1096 4013 1152 4058 et
1189 4007 1398 4057 indicta
1439 4006 1695 4071 gentibus
1731 4006 1970 4066 tributa,
2021 4006 2233 4071 pondus
2279 4005 2492 4069 argenti
2539 4008 2596 4054 et
2637 4003 2782 4065 auri,

517 4087 772 4125 numerus
825 4090 1096 4127 armorum
1146 4092 1545 4141 equorumque,
1595 4080 1649 4125 et
1685 4075 1829 4125 dona
1866 4075 2120 4139 templis,
2169 4075 2303 4126 ebur
2350 4080 2515 4138 atque
2561 4073 2780 4132 odores,

516 4159 759 4209 quasque
796 4145 989 4210 copias
1025 4146 1285 4196 frumenti
1319 4149 1373 4195 et
1412 4147 1652 4196 omnium
1687 4145 1999 4196 utensilium
2035 4160 2282 4210 quaeque
2308 4144 2461 4193 natio
2498 4141 2782 4207 penderet,

513 4211 663 4264 haud
698 4215 876 4265 minus
912 4216 1230 4281 magnifica,
1270 4230 1430 4278 quam
1465 4230 1608 4265 nunc
1646 4216 1705 4265 vi
1740 4215 2066 4265 Parthorum
2105 4220 2203 4266 aut
2239 4213 2489 4280 potentia
2526 4211 2778 4262 Romana

511 4283 822 4334 iubentur.“

652 4352 739 4418 **)
780 4351 936 4402 Cous.
978 4368 1191 4418 quoque
1212 4352 1399 4403 Birch:
1439 4354 1758 4403 Transactt.
1802 4352 1861 4402 of
1892 4351 1984 4404 the
2020 4353 2177 4420 royal
2210 4354 2422 4417 society
2458 4351 2519 4402 of
2534 4352 2775 4402 Literat.

510 4438 619 4473 sec.
658 4439 760 4473 ser.
797 4423 856 4473 11
889 4438 944 4487 p.
982 4422 1102 4474 370.
