3109 5092
361 541 443 604 26

461 359 542 421 56

1331 336 1872 434 HERQDOTI

622 494 1155 620 Τελευτήσαντος
1203 526 1280 597 δὲ
1337 524 1709 598 Ἀλυάττεω
1776 522 2115 611 ἐξεδέξατο
2186 526 2310 617 τὴν
2380 536 2743 619 βασιληΐην

452 645 743 725 Κροῖσος
776 630 812 704 ὁ
839 630 1211 702 Ἀλυάττεω
1229 682 1248 717 ,
1289 626 1495 703 ἐτέων
1522 628 1656 701 ἐῶν
1681 626 1952 720 ἡλικίην
1979 635 2177 702 πέντε
2208 634 2321 703 καὶ
2349 632 2740 723 τριήκοντα·

450 735 524 821 ὃς
571 735 652 827 δὴ
696 734 1035 826 Ἑλλήνων
1084 733 1404 825 πρώτοισι
1455 731 1834 825 ἐπεθήκατο
1874 733 2259 825 Ἐφεσίοισι.
2331 742 2503 806 ἔνθα
2550 734 2637 825 δὴ
2675 740 2745 806 οἱ

441 839 732 929 Ἐφέσιοι
785 838 1329 929 πολιορκεόμενοι
1372 835 1492 907 ὑπ’
1541 835 1784 925 αὐτοῦ,
1846 836 2189 909 ἀνέθεσαν
2233 836 2358 928 τὴν
2413 839 2613 909 πόλιν
2657 844 2738 928 τῇ

439 941 808 1033 Ἀρτέμιδι,
856 940 1218 1026 ἐξάψαντες
1254 938 1329 1010 ἐκ
1365 947 1486 1012 τοῦ
1528 947 1700 1030 νηοῦ
1739 949 2039 1029 σχοινίον
2077 939 2145 1022 ἐς
2180 940 2254 1011 τὸ
2290 958 2524 1029 τεῖχος.
2597 948 2739 1011 ἔστι

451 1046 528 1118 δὲ
563 1044 810 1135 μεταξὺ
853 1051 969 1135 τῆς
1017 1072 1091 1114 τε
1140 1050 1425 1134 παλαιῆς
1460 1044 1724 1131 πόλιος,
1785 1041 1829 1133 ἢ
1874 1044 2026 1115 τότε
2073 1041 2571 1136 ἐπολιορκέετο,
2624 1047 2738 1116 καὶ

455 1213 604 1266 fecta
633 1229 755 1264 esse
787 1213 1063 1277 dicuntur,
1085 1215 1408 1279 praesertim
1428 1229 1551 1264 cum

455 1285 677 1347 ferrum,
704 1299 1029 1349 quamquam
1066 1282 1237 1333 multo
1276 1288 1408 1333 ante
1440 1285 1549 1333 iam

458 1354 735 1405 detectum
782 1352 907 1413 (577
964 1352 1125 1402 annis
1184 1356 1315 1402 ante
1359 1351 1551 1417 Alyat-

457 1431 588 1485 tem,
624 1424 674 1473 si
709 1419 927 1486 quidem
972 1426 1125 1472 recte
1171 1421 1368 1471 statuit
1415 1423 1549 1472 Lar-

456 1493 695 1555 cherus),
744 1490 848 1540 hoc
893 1495 1079 1542 tamen
1132 1493 1403 1556 tempore,
1441 1507 1547 1555 quo

459 1561 698 1614 Glaucus
752 1559 893 1609 vixit
941 1560 1303 1625 Alyattesque
1356 1576 1551 1625 regna-

454 1631 556 1693 vit,
593 1630 651 1679 in
697 1628 937 1679 metallis
982 1630 1399 1695 pretiosioribus
1436 1628 1554 1693 plu-

455 1701 640 1765 risque
696 1698 1006 1749 aestimatis
1060 1698 1307 1749 habitum
1358 1699 1549 1760 fuerit3

455 1770 604 1834 quod
640 1768 710 1817 iis
746 1769 943 1832 etiam,
982 1784 1122 1834 quae
1158 1769 1306 1833 apud
1341 1769 1548 1821 Herod.

456 1839 504 1901 1,
544 1837 631 1889 68.
665 1836 953 1904 leguntur,
995 1839 1131 1889 satis
1168 1838 1391 1904 probari
1428 1853 1551 1888 cen-

456 1912 542 1959 set
580 1907 914 1960 Larcherus.

523 1965 588 2033 ὃς
631 1974 898 2040 μοῦνος
934 1967 1007 2039 δὴ
1045 1966 1282 2024 πάντων
1317 1964 1550 2039 ἀνθρώ-

447 2059 576 2113 πων
619 2059 672 2095 κ.
710 2059 758 2094 τ.
810 2043 881 2110 λ.]
932 2044 1116 2094 Codex
1162 2044 1454 2095 Palatinus
1491 2044 1550 2093 in

450 2113 742 2177 Excerptis
789 2114 1121 2163 Herodoteis
1179 2129 1278 2178 pro
1333 2110 1550 2177 μοῦνος

450 2182 555 2232 hoc
590 2181 712 2231 loco
754 2181 851 2230 dat
890 2180 1133 2245 πρῶτος,
1163 2187 1224 2231 ut
1242 2182 1548 2232 Pausanias

452 2265 669 2316 quoque
715 2249 752 2300 1.
790 2249 828 2301 l.
877 2251 950 2300 Et
995 2250 1201 2300 variari
1245 2251 1436 2316 utique
1470 2251 1549 2301 vi·

453 2320 612 2370 detur
679 2317 824 2368 inter
894 2315 1113 2382 μοῦνος
1186 2322 1240 2368 et
1302 2317 1570 2383 πρῶτος,4

452 2388 519 2437 de
558 2403 664 2452 quo
701 2387 796 2437 Cr.
842 2384 1037 2436 laudat
1071 2387 1436 2452 Havercamp.
1473 2389 1547 2438 ad

452 2456 671 2521 Ioseph.
700 2456 926 2521 Antiqq.
956 2457 1003 2519 1,
1033 2458 1082 2505 7.
1111 2472 1237 2521 pag.
1271 2455 1355 2519 28,
1387 2457 1543 2507 cuius

448 2531 636 2576 tamen
694 2525 959 2576 iudicium
1017 2541 1126 2575 non
1180 2525 1381 2590 placet.
1457 2526 1544 2577 Ad

445 2597 695 2646 Ionicam
719 2594 954 2645 formam
989 2592 1211 2658 μοῦνος
1240 2595 1422 2646 omnia
1449 2596 1543 2651 da-

450 2665 535 2718 bit
558 2665 795 2717 Bredovn
835 2681 889 2731 p.
929 2664 1048 2717 163.

800 2836 933 2886 Car.
972 2836 1175 2887 XXVI.

510 2929 964 3001 Τελευτήσαντος
994 2932 1057 2986 δὲ
1086 2926 1385 2986 Ἀλυάττεω
1417 2926 1530 2998 ἐξε-

435 2999 638 3066 δέξατο
698 2999 806 3068 τὴν
852 3001 1157 3071 βασιληΐην
1203 3004 1454 3068 Κροῖσος
1497 2996 1527 3054 ὁ

425 3065 741 3123 Ἀλυάττεω-
762 3088 814 3122 κ.
853 3089 901 3123 τ.
950 3071 1023 3138 λ.]
1057 3075 1143 3122 De
1191 3072 1528 3139 chronologi-

434 3144 514 3195 cis
561 3143 867 3192 rationibus
914 3142 1041 3192 vide
1093 3142 1321 3206 disputt.
1371 3144 1443 3193 ad
1478 3144 1526 3206 1,

432 3214 503 3263 45
536 3210 627 3262 fin.
656 3209 756 3276 (al.
778 3210 889 3276 46).
925 3210 1203 3275 Regnavit
1231 3212 1373 3261 enim
1398 3211 1526 3277 Aly-

431 3284 580 3333 attes
625 3281 753 3331 inde
789 3280 861 3330 ab
919 3295 1046 3330 ann.
1086 3279 1188 3330 617
1233 3295 1406 3345 usque
1452 3282 1525 3332 ad

433 3350 560 3411 56ος
600 3365 707 3414 quo
740 3363 885 3400 anno
932 3349 1193 3411 Croesus,
1243 3350 1335 3414 qui
1379 3366 1522 3401 anno

432 3419 535 3472 595
574 3422 706 3469 ante
754 3418 878 3469 Chr.
931 3434 985 3473 n.
1033 3422 1199 3469 natus
1258 3423 1395 3483 erat,
1443 3436 1524 3471 re-

430 3504 597 3555 gnum
632 3489 896 3553 suscepit.

499 3547 814 3621 ἐξάψαντες
839 3547 899 3607 ἐκ
933 3554 1036 3606 τοῦ
1075 3553 1223 3621 νηοῦ
1262 3556 1521 3620 σχοινίον

422 3615 478 3683 ἐς
516 3619 582 3675 τὸ
615 3626 819 3693 τεῖχος]
848 3628 883 3679 i.
914 3643 961 3678 e.
990 3626 1117 3689 sune
1139 3642 1210 3675 ex
1233 3628 1339 3676 eius
1367 3626 1520 3689 (Dia-

420 3695 548 3758 nae)
585 3699 763 3759 templo
798 3700 849 3747 in
885 3712 1075 3746 mamm
1117 3695 1345 3745 deducto.
1406 3695 1512 3761 Ap·

418 3765 590 3827 prime
621 3765 726 3814 huc
762 3765 975 3815 faciunt
1020 3765 1186 3814 verba
1229 3764 1514 3814 Plutarchi

422 3831 564 3895 (vit.
628 3831 812 3882 Solon.
882 3832 995 3897 12.)
1051 3834 1107 3881 in
1168 3847 1227 3882 re
1282 3832 1512 3897 Cylonia

419 3900 725 3950 enarranda
749 3901 1067 3951 scribentis:
1104 3890 1420 3963 ἐξάψαντες
1449 3896 1513 3951 δὲ

418 3965 523 4017 τοῦ
580 3962 748 4026 ἕδους
803 3960 1021 4033 κρόκην
1075 3962 1357 4032 κλωστήν,
1414 3972 1511 4022 nbi

417 4033 523 4085 τοῦ
555 4031 724 4094 ἕδους
761 4038 829 4088 de
862 4038 982 4101 ipso
1034 4035 1169 4086 deae
1218 4037 1508 4090 simulacro

418 4109 568 4156 recte
599 4105 870 4157 intellexit
905 4105 1163 4157 Schaefer
1193 4104 1287 4170 (Τ.
1328 4107 1422 4157 IV.
1449 4125 1501 4173 p.

418 4175 521 4227 315
566 4174 1021 4241 Animadverss.).
1081 4174 1329 4225 Pertinet
1376 4192 1502 4228 vero

415 4243 522 4293 hoc
558 4243 632 4293 ad
661 4245 890 4297 eandem
927 4246 1039 4297 fere
1061 4244 1503 4308 superstitionem

416 4315 687 4375 veterum,
748 4329 860 4379 qua
929 4312 1150 4365 deorum
1210 4313 1501 4366 simulacra

415 4380 765 4452 compedibus
820 4384 1007 4438 vincta
1074 4396 1194 4437 esse
1247 4382 1497 4452 legimus,

1653 1212 1893 1278 periculo
1929 1212 2144 1264 scilicet
2167 1214 2484 1265 imminente
2510 1218 2609 1265 aut
2630 1214 2744 1266 ino-

1652 1284 1745 1348 pia
1807 1282 2155 1335 vehementer
2213 1290 2508 1349 premente.
2584 1285 2742 1335 Conf.

1656 1352 1907 1404 Creuzer.
1947 1352 2186 1418 Symbol.
2239 1354 2337 1407 IV.
2380 1371 2433 1419 p.
2483 1355 2605 1407 640.
2656 1356 2741 1405 ed.

1653 1426 1782 1472 tert.
1835 1428 1889 1472 et
1935 1423 2112 1475 Raoul
2144 1423 2414 1474 Rochette
2463 1425 2626 1474 Mem.
2675 1425 2744 1474 de

1653 1490 1865 1543 l'Acad.
1908 1492 1961 1543 d.
2011 1493 2297 1558 Inscriptt.
2346 1494 2528 1544 XVII.
2577 1494 2641 1545 P.
2689 1496 2742 1545 2.

1652 1577 1705 1625 p.
1751 1562 1838 1623 20,
1884 1562 1979 1625 qui
2019 1561 2107 1611 vel
2155 1578 2352 1624 verua,
2413 1563 2608 1627 quibus
2652 1579 2747 1615 au-

1657 1635 1810 1680 ctore
1853 1631 2095 1681 Minucio
2152 1627 2337 1682 Felice
2399 1631 2595 1683 octav,
2655 1635 2741 1685 22.

1657 1700 1837 1749 Diana
1873 1699 2114 1764 Ephesia
2149 1705 2269 1751 erat
2302 1702 2595 1764 instructa,
2633 1718 2744 1753 non

1658 1769 1725 1818 de
1740 1768 1947 1830 fulcris,
1963 1770 2058 1819 sed
2076 1770 2142 1823 de
2162 1771 2374 1821 catenis
2402 1772 2582 1836 accipi
2605 1772 2741 1824 vult.

1657 1837 1800 1888 Illud
1839 1838 1982 1888 enim
2017 1838 2103 1888 his
2136 1844 2192 1889 et
2227 1840 2496 1891 similibus
2531 1845 2744 1892 veteres

1655 1907 2010 1971 spectabant,
2057 1912 2121 1958 ut
2164 1909 2296 1963 urbs
2344 1911 2466 1975 ipsa
2521 1911 2743 1975 eiusque

1655 1976 1870 2027 incolae
1928 1978 2123 2027 maiori
2177 1984 2361 2029 essent
2416 1996 2583 2030 curae
2639 1981 2743 2030 diis

1656 2045 2000 2110 tutelaribus,
2042 2047 2136 2111 qui
2169 2048 2371 2111 vincti,
2418 2064 2487 2099 ne
2533 2049 2746 2100 scilicet

1656 2117 1888 2166 evadere
1923 2120 2149 2180 possent
2180 2117 2364 2168 aliove
2412 2132 2471 2168 se
2521 2134 2744 2169 conver-

1654 2189 1797 2249 tere,
1834 2185 2030 2235 incolis
2055 2188 2260 2251 pressis
2287 2203 2350 2237 eo
2385 2187 2562 2253 magis
2588 2204 2742 2239 omne

1652 2260 1998 2319 praestarent
2042 2255 2333 2319 auxilium,
2387 2272 2553 2321 quum
2601 2258 2745 2323 ipso-

1651 2339 1770 2373 rum
1824 2323 1975 2373 salus
2031 2340 2152 2375 cum
2209 2324 2510 2376 incolarum
2565 2328 2743 2379 salute

1651 2392 1810 2456 quasi
1846 2394 2054 2443 arctius
2092 2400 2239 2445 esset
2284 2396 2595 2447 coniuncta.
2653 2399 2744 2449 Sic

1644 2461 1894 2524 Ephesii,
1932 2477 2055 2512 cum
2083 2463 2298 2515 Dianae
2334 2465 2594 2530 templum
2619 2482 2744 2517 san-

1645 2530 1949 2580 ctissimum
2005 2532 2240 2597 indeque
2286 2535 2622 2585 tutissimum
2670 2537 2742 2587 ab

1645 2600 1791 2649 omni
1821 2599 2095 2649 hominum
2136 2602 2438 2666 irruptione
2464 2609 2741 2669 putarent,

1643 2667 1778 2718 illud
1827 2668 1957 2718 fune
2000 2669 2124 2719 urbi
2169 2670 2494 2737 alligarunt,
2542 2675 2742 2739 quippe

1643 2738 1799 2789 cuius
1836 2738 2010 2802 ipsius
2047 2755 2166 2789 sors
2194 2757 2338 2791 nunc
2380 2757 2503 2791 cum
2535 2744 2739 2809 templo

1642 2806 1936 2858 coniuncta
1974 2809 2207 2873 indeque
2253 2826 2521 2876 suspensa
2570 2817 2733 2865 esset.

1639 2876 1759 2938 Quo
1820 2876 1981 2928 simul
2047 2878 2186 2928 facit
2254 2894 2319 2931 ea
2392 2882 2731 2945 superstitio,

1633 2960 1744 3009 qua
1778 2945 1910 2995 deos
1944 2946 2079 2996 urbe
2114 2951 2281 3012 capta
2324 2950 2587 3001 excedere
2617 2967 2737 3016 per-

1633 3013 1914 3065 hibebant.
1972 3015 2118 3067 Hinc
2166 3018 2312 3081 apud
2363 3019 2616 3085 Aeschyl,
2670 3021 2727 3074 S.

1631 3099 1678 3134 c.
1729 3084 1899 3134 Theb.
1958 3085 2061 3136 203
2113 3084 2213 3153 (al.
2264 3085 2396 3151 219)
2441 3088 2722 3140 Eteocles:

1629 3142 1753 3199 ἀλλ’
1795 3139 1903 3201 οὖν
1941 3145 2122 3210 θεοὺς
2159 3146 2295 3212 τοὺς
2341 3154 2444 3220 τῆς
2479 3148 2729 3222 ἁλούσης

1628 3211 1834 3277 πόλεος
1868 3209 2150 3272 ἐκλείπειν
2195 3215 2391 3287 λόγοςς
2438 3227 2534 3276 ubi
2569 3227 2726 3293 plura

1626 3288 1934 3341 Blomfield.
1970 3292 2029 3341 in
2065 3291 2307 3345 Glossar.

1696 3353 1812 3407 ἔστι
1856 3352 1921 3407 δὲ
1965 3352 2175 3424 μεταξὺ
2223 3359 2327 3425 τῆς
2371 3376 2429 3411 τε
2477 3360 2726 3427 παλαιῆς

1625 3419 1828 3484 πόλιος
1861 3458 1932 3469 —-
1960 3424 2057 3478 καὶ
2093 3425 2200 3478 τοῦ
2234 3429 2385 3494 νηοῦ
2417 3420 2558 3480 ἔπτὰ
2596 3423 2725 3481 στά-

1624 3492 1765 3561 διοι]
1836 3497 2000 3548 Varie
2064 3502 2348 3550 tentarunt
2402 3500 2509 3550 viri
2573 3501 2722 3553 docti

1624 3566 1792 3615 verba
1838 3555 1981 3615 ἔπτὰ
2042 3559 2297 3631 στάδιοι,
2351 3585 2493 3634 quae
2541 3571 2719 3620 minus

1623 3634 1914 3685 convenire
1950 3637 2404 3688 antecedentibus
2444 3639 2722 3690 existima-

1616 3703 1770 3754 bant.
1829 3703 1938 3754 Sed
1979 3703 2105 3754 libri
2142 3705 2281 3756 nihil
2328 3712 2570 3770 mutant,
2618 3724 2719 3759 nec

1616 3771 1753 3824 adeo
1807 3772 2104 3838 quidquam
2161 3776 2508 3827 mutandum:
2575 3777 2720 3842 quod

1616 3841 1705 3891 vel
1751 3842 1860 3893 loci
1909 3844 2108 3908 gemini
2159 3843 2255 3907 IV,
2310 3846 2398 3897 85.
2447 3846 2577 3909 VII,
2625 3844 2712 3909 34,

1617 3910 1729 3971 alii,
1768 3926 1905 3976 quos
1941 3912 2180 3964 Bredov,
2230 3929 2287 3978 p.
2335 3914 2439 3969 335
2477 3930 2593 3980 seq.
2634 3920 2714 3965 at-

1614 3978 1761 4042 tulit,
1785 3981 2070 4031 ostendere
2099 3987 2415 4046 potuerunt.
2450 3984 2567 4034 Nec
2603 4000 2713 4034 mae
2779 3982 2784 3985 ’

1615 4047 1700 4113 gis
1731 4063 1883 4113 opus,
1910 4051 2055 4114 quod
2081 4051 2521 4115 Schweighaeus.
2553 4053 2711 4105 intel-

1606 4116 1705 4182 ligi
1728 4133 1890 4182 posse
1914 4124 2113 4182 monet,
2145 4111 2208 4168 τὸ
2238 4115 2540 4185 διάστημα,
2563 4122 2711 4187 quod

1605 4187 1775 4236 menti
1812 4187 2094 4252 scriptoris
2133 4189 2483 4239 observatum
2520 4188 2704 4241 fuerit.

1605 4254 1765 4306 Conf.
1799 4255 1960 4307 modo
2010 4258 2216 4309 Jacobs
2266 4258 2337 4308 ad
2379 4257 2593 4309 Aelian.
2633 4258 2703 4309 N.
2779 4253 2792 4265 ’

1604 4323 1670 4375 A.
1695 4325 1821 4387 VII,
1850 4324 1935 4376 38.
1973 4327 2165 4391 Neque
2198 4328 2365 4377 etiam
2390 4326 2458 4377 ad
2486 4325 2706 4376 schema

1596 4392 1971 4458 Pindaricum,
2008 4394 2154 4461 quod
2191 4395 2400 4459 dieunt,
2437 4395 2542 4446 erit
2578 4408 2706 4446 con·
