3109 5092
485 288 605 351 804
1292 348 1306 360 ,
1351 286 1885 350 HERODOTI

486 469 701 532 πτίων
730 461 1019 530 τοσαῦτά
1047 463 1182 530 ἐστι
1201 513 1218 547 ,
1248 458 1590 550 οὐνόματα
1615 464 1696 530 δέ
1718 482 1840 549 σφι
1869 463 2090 530 κέεται
2119 457 2252 529 ἀπὸ
2278 463 2417 528 τῶν
2444 460 2767 546 τεχνέων.

486 571 556 633 οἰ
577 565 650 634 δὲ
680 565 949 654 μάχιμοι
979 561 1206 633 αὐτῶν
1232 567 1584 634 καλέονται
1620 564 1747 654 μὲν
1772 566 2178 652 Καλασίριές
2203 590 2274 632 τε
2308 564 2421 631 καὶ
2441 559 2767 650 Ἑρμοτύ-

486 676 662 756 βιες,
701 671 774 736 ἐκ
803 673 1034 756 νομῶν
1063 668 1136 737 δὲ
1165 673 1382 736 ταῖνδε
1426 672 1575 736 εἰσί.
1652 664 1818 735 κατὰ
1854 665 1982 757 γὰρ
2014 664 2097 755 δὴ
2138 664 2387 755 νομοὺς
2415 676 2769 751 Αἴγυπτος

485 868 912 919 werbtreibenden
947 867 1193 932 Bitryer)‚
1231 872 1287 917 et
1329 867 1436 931 ipsi
1472 882 1570 932 pro

487 938 725 999 artibus,
778 952 912 1001 quas
959 937 1163 1002 singuli
1198 936 1572 1002 profiteantur,

489 1009 543 1056 in
580 1006 808 1056 totidem
844 1005 1048 1056 classes
1080 1006 1271 1068 divisi,
1310 1021 1430 1056 cum
1458 1003 1571 1054 filio

488 1076 704 1125 nonnisi
740 1080 910 1125 artem
938 1075 1110 1139 patris
1138 1080 1377 1125 tractare
1408 1074 1573 1123 licue-

487 1146 576 1195 rit.
653 1145 808 1195 Conf.
857 1143 1062 1194 Herod.
1099 1144 1176 1203 ΙΙ,
1235 1145 1325 1196 141
1374 1148 1429 1193 et
1465 1144 1573 1193 Ro-

488 1213 667 1265 sellini
693 1214 933 1262 Monum.
959 1212 1104 1262 civil.
1141 1213 1250 1263 111.
1287 1229 1411 1277 pag.
1452 1213 1570 1272 108,

489 1282 730 1333 Boeckh.
795 1282 877 1330 in:
940 1281 1211 1333 Abbandl.
1265 1281 1318 1330 d.
1365 1281 1569 1331 Berlin.

489 1351 669 1401 Alead.
709 1351 763 1400 d.
811 1350 1143 1400 Wissensch.
1190 1365 1281 1401 an.
1339 1351 1470 1400 1820
1517 1355 1574 1399 et

494 1419 644 1470 1821.
684 1433 810 1482 pag.
845 1421 914 1468 24
948 1433 1062 1482 seq.
1136 1419 1214 1468 Ac
1243 1419 1423 1468 mirari
1449 1419 1575 1468 sub-

492 1493 612 1549 eat,
660 1488 730 1536 ab
769 1487 1048 1537 Herodoto
1095 1503 1204 1537 non
1256 1503 1574 1538 commemo-

490 1558 598 1606 rari
625 1558 959 1620 agricolarum
995 1555 1252 1618 classem,
1293 1571 1452 1621 qnam
1478 1572 1573 1606 vo-

492 1631 584 1675 cat
613 1625 955 1675 Diodorusl.
996 1625 1034 1674 l.
1107 1625 1251 1675 Hinc
1299 1623 1572 1690 agricolas

491 1694 658 1745 classi
715 1687 986 1759 καπήλων
1045 1694 1351 1758 adscriptos
1406 1694 1575 1743 fuisse

492 1764 709 1828 quidam
749 1779 1037 1824 censuere,
1086 1763 1223 1825 nisi,
1267 1779 1373 1827 quo
1424 1762 1576 1812 ducit

487 1834 605 1896 ipse
624 1834 952 1892 Herodotus,
986 1848 1107 1882 eum
1140 1837 1340 1882 terram
1364 1847 1573 1882 omnem

492 1904 681 1966 aequis
717 1902 1058 1966 portionibus
1094 1902 1236 1952 inter
1271 1901 1574 1966 Aegyptios

493 1971 724 2021 divisam
774 1986 894 2021 esse
939 1972 1132 2020 scribit
1178 1971 1252 2032 11,
1303 1970 1419 2032 109,
1461 1970 1576 2035 plu-

491 2041 630 2089 rium
676 2040 903 2090 aliarum
961 2038 1217 2089 classium
1275 2040 1575 2089 communis

493 2108 659 2159 fuerit
677 2108 1030 2172 agricultura,
1058 2123 1158 2157 nee
1182 2112 1387 2157 certum
1407 2109 1575 2172 quod-

493 2177 616 2227 dam
645 2177 916 2226 hominum
949 2192 1118 2240 genus
1149 2177 1514 2226 constituerit.

565 2238 633 2293 oi*
667 2239 730 2293 δὲ
777 2236 1062 2309 ἑρμηνέες]
1100 2247 1184 2295 De
1220 2248 1577 2308 interpretibus

493 2313 727 2362 vidimus
765 2312 833 2362 ad
872 2314 953 2375 ΙΙ,
995 2315 1111 2364 154.

565 2374 624 2430 οἷ
671 2376 734 2430 δὲ
777 2397 848 2431 xv
852 2379 1136 2447 βερνῆται]
1179 2383 1576 2432 Gubernator-um

493 2449 670 2500 classe
714 2449 858 2500 haud
899 2450 940 2500 ii
991 2452 1256 2500 contineri
1302 2451 1577 2514 videntur,

494 2520 540 2568 si
575 2520 667 2584 qui
714 2520 945 2569 navibus
989 2535 1083 2584 per
1129 2535 1276 2571 mare
1318 2520 1578 2571 veheren-

494 2592 612 2650 tur,
662 2605 781 2639 cnm
829 2604 977 2639 mare
1024 2604 1243 2640 exosum
1290 2596 1435 2640 esset
1470 2591 1577 2640 Ae-

493 2657 728 2722 gyptiis,
779 2659 872 2708 sed
920 2658 1174 2723 frequens
1221 2659 1445 2709 istorum
1486 2659 1581 2709 ho-

492 2729 695 2777 minum
737 2743 937 2792 genus,
986 2729 1075 2792 qui
1121 2729 1176 2776 in
1225 2728 1376 2789 Nilo,
1426 2729 1580 2777 inun-

494 2795 735 2846 dationis
769 2798 1087 2861 praesertim
1123 2803 1389 2861 tempore,
1428 2797 1581 2847 navi-

496 2867 773 2928 gationem
819 2865 1200 2915 instituebant.
1288 2865 1446 2916 Cous.
1499 2866 1577 2927 ΙΙ,

495 2933 565 2982 96
613 2933 743 2996 ibiq.
791 2938 905 2982 not.
957 2938 1011 2982 et
1051 2934 1296 2998 inprimis
1343 2934 1577 2984 Heeren.

497 3000 533 3049 l.
572 3000 608 3049 1.
647 3015 776 3063 pag.
816 3000 1109 3062 143-145,
1147 3002 1414 3052 Rosellini
1463 3002 1498 3052 1.
1538 3003 1575 3053 l.

494 3083 622 3134 pag.
677 3069 795 3130 122,
845 3070 1119 3132 Brugsch:
1166 3070 1352 3119 Lettre
1398 3071 1430 3119 a
1472 3072 1577 3121 Mr.

496 3137 563 3186 de
588 3139 779 3200 Rouge
827 3142 932 3187 etc.
981 3153 1108 3202 pag.
1155 3139 1218 3190 51
1274 3139 1398 3189 coll.
1448 3155 1574 3204 pag.

501 3206 582 3257 18.
623 3205 838 3256 Etenim
865 3207 923 3256 in
943 3221 1148 3271 papyro
1176 3207 1406 3273 bilingui
1437 3224 1582 3257 com-

495 3279 859 3325 memorantur
904 3275 1092 3340 utique
1138 3276 1446 3327 huiusmodi
1480 3293 1578 3325 κυ-

493 3340 777 3409 βερνῆται.
848 3345 927 3395 Ac
973 3346 1208 3409 pertinet
1254 3346 1358 3395 huc
1394 3361 1577 3411 quam-

493 3413 727 3463 maxime
783 3413 1065 3479 inscriptio
1125 3414 1358 3479 sepulcri
1407 3430 1579 3479 prope

493 3488 732 3532 veterem
776 3482 1057 3548 Ilithyiam
1109 3483 1274 3547 (nunc
1321 3484 1388 3532 Et
1434 3483 1576 3548 Kab)

497 3552 721 3601 inventa
767 3556 821 3600 et
866 3553 924 3601 in
978 3558 1222 3603 nostrum
1277 3567 1577 3604 sermonem

495 3636 761 3671 conversa
781 3635 815 3669 a
837 3622 1136 3686 Brugschio
1162 3621 1578 3686 (Reisebericht.

494 3704 592 3739 aus
617 3690 850 3755 Aegypt.
877 3705 1003 3755 pag.
1031 3691 1133 3742 216
1152 3707 1325 3756 seqq„
1361 3692 1479 3741 Em.
1509 3691 1579 3741 de

494 3757 685 3823 Rouge
713 3759 873 3808 Mem.
901 3775 992 3810 sur
1016 3760 1303 3824 l'inscript.
1343 3759 1414 3810 du
1442 3764 1579 3810 tom-

495 3826 634 3875 beau
668 3826 941 3891 d’Ahmes,
981 3829 1108 3879 chef
1140 3830 1206 3879 de
1239 3831 1575 3880 nantoniers.

493 3895 668 3944 Paris.
722 3896 909 3961 1851);
954 3898 1300 3961 praedicatur
1345 3898 1486 3948 enim
1523 3899 1581 3948 in

494 3979 561 4012 ea
590 3964 789 4026 Alimes,
812 3972 1096 4016 nautarum
1117 3968 1366 4032 princeps
1394 3982 1427 4016 a
1450 3983 1577 4032 rege

493 4033 726 4083 donatus
772 4039 938 4099 atque
972 4035 1297 4097 honoratus,
1338 4037 1577 4102 itemque

492 4101 659 4152 classi
691 4104 1029 4168 praefectae,
1076 4119 1183 4169 qua
1229 4120 1324 4154 rex
1357 4107 1577 4171 expedi-

490 4172 667 4222 tiones
712 4172 952 4222 instituit
993 4173 1356 4238 victoriasque
1393 4190 1575 4238 repor-

490 4242 649 4291 tavit.
727 4242 861 4291 Inde
899 4247 1149 4291 monente
1192 4242 1278 4292 Cr.
1329 4243 1399 4292 ad
1437 4245 1490 4294 h.
1529 4243 1569 4294 l.

487 4303 833 4376 κυβερνήτας
869 4309 1032 4361 hosce
1062 4327 1159 4376 pro
1194 4312 1571 4377 gubernatori-

1673 867 1774 916 bus
1801 866 2084 917 maritimis
2121 866 2325 917 habent
2361 871 2614 916 auctores
2634 880 2770 928 ope-

1672 937 1747 984 ris
1765 937 2042 1000 Descript.
2063 935 2292 1001 delQEg
2312 935 2423 985 vol.
2441 936 2518 984 11.
2535 933 2765 998 (Theb.)

1709 1020 1743 1054 a
1837 1005 1925 1057 63.

1670 1020 1704 1069 p
1741 1021 2079 1134 {miadvig
2121 1086 2180 1121 τε
2226 1066 2321 1121 καὶ
2368 1063 2765 1137 Ἑρμοτύβιες]

1664 1132 2092 1207 Ερμοτυμβιεῖς
2136 1147 2402 1191 vocantur
2447 1140 2593 1206 apud
2640 1141 2768 1190 Ste-

1670 1212 1834 1275 phau.
1863 1212 2097 1276 Byzant.
2137 1227 2183 1260 s.
2209 1226 2266 1261 v.
2340 1211 2424 1260 Tu
2450 1210 2574 1259 add.
2598 1209 2768 1258 Hem-

1673 1280 1906 1330 sterhus.
1941 1279 2009 1329 ad
2031 1279 2307 1344 Aristoph.
2340 1279 2487 1329 Plut.
2517 1277 2636 1338 729,
2666 1279 2765 1341 qui

1675 1350 1948 1399 diversum
2003 1348 2289 1413 utriusque
2336 1350 2517 1413 gentis
2564 1362 2767 1396 nomen

1673 1434 1708 1469 a
1745 1420 1962 1468 diverso
2007 1417 2240 1467 vestitus
2288 1432 2489 1481 genere
2524 1420 2763 1466 tractum

1676 1503 1797 1537 esse
1830 1490 2036 1537 censet.
2108 1486 2217 1536 Sed
2249 1485 2569 1535 lablonskio
2598 1486 2769 1535 inter-

1674 1562 1855 1622 prete,
1894 1558 2064 1606 Vocc.
2115 1557 2287 1620 Aegg.
2338 1569 2465 1620 pag.
2502 1555 2571 1605 69
2606 1569 2784 1619 seqq.·

1679 1627 1767 1676 101
1813 1641 1985 1690 seqq„
2022 1623 2360 1686 Καλασίριες
2379 1631 2507 1673 sunt
2544 1626 2765 1678 iuvenes,

1678 1663 2027 1744 adolescentes
2059 1693 2213 1757 (inde
2260 1694 2493 1743 maxime
2538 1693 2655 1757 apti
2691 1692 2767 1741 ad

1677 1762 2048 1827 expeditiones
2085 1762 2310 1812 bellicas
2335 1769 2490 1812 extra
2523 1763 2768 1827 Aegypti

1676 1831 1811 1881 fines
1831 1831 2243 1893 instituendas),
2258 1824 2767 1896 Ερμοτυβιεςνοιο

1675 1901 1945 1962 bellantes,
1982 1902 2261 1963 militantes,
2298 1901 2496 1964 quibus
2521 1900 2767 1950 seniores

1676 1969 1908 2034 intelligi
1946 1970 2271 2032 arbitratur,
2311 1969 2381 2019 ad
2409 1969 2644 2034 patriam
2675 1969 2767 2018 de-

1677 2037 2001 2088 fendendam
2039 2042 2222 2103 potius
2258 2039 2563 2089 destinatos
2601 2053 2766 2102 quam

1676 2106 1747 2156 ad
1784 2107 1984 2156 bellum
2024 2113 2178 2156 extra
2210 2108 2447 2172 Aegypti
2478 2106 2612 2156 fines
2642 2123 2768 2172 pro-

1678 2175 1976 2228 ferendum.
2065 2175 2335 2239 Seyffarth
2384 2178 2665 2241 (Beitrage
2714 2193 2765 2227 a.

1676 2245 1958 2294 Keutniss.
1998 2245 2050 2295 d.
2101 2244 2199 2294 alt.
2244 2246 2479 2310 Aegypt.
2517 2246 2595 2296 11.
2633 2261 2765 2310 pag.

1677 2315 1745 2363 94
1770 2329 1886 2377 seq.
1927 2313 2047 2379 147)
2083 2314 2471 2379 Hermotybios
2506 2316 2768 2379 interpre-

1678 2388 1827 2432 tatur
1857 2392 2170 2446 puynatores
2188 2383 2274 2433 vel
2292 2385 2648 2445 interfectores
2665 2398 2767 2445 pu-

1673 2453 1923 2516 ‚quantiam
1956 2460 2132 2502 contra
2168 2467 2264 2502 seu
2297 2453 2522 2530 hostium,
2560 2452 2769 2502 Calasi-

1680 2521 1791 2570 rios
1829 2522 2051 2584 exponit
2086 2513 2578 2586 μαχαιροφόρους,
2627 2524 2765 2570 scal-

1671 2604 1773 2652 pro
1809 2591 2138 2653 perforantes
2192 2606 2236 2640 s.
2292 2592 2594 2640 occidentes.
2678 2590 2765 2640 Ad

1679 2656 1983 2709 Iablonskii
2028 2658 2270 2709 rationes
2321 2659 2493 2723 magis
2548 2659 2768 2709 accedit

1678 2727 1982 2777 Uhlemann
2022 2726 2310 2792 (Philolog.
2360 2729 2597 2792 Aegypt.
2632 2744 2762 2792 pag.

1685 2798 1747 2847 15
1762 2803 1816 2845 et
1842 2797 1941 2862 18),
1956 2798 2041 2845 cui
2055 2796 2308 2847 Calasirii
2325 2802 2451 2846 sunt
2471 2799 2763 2847 adolescen-

1680 2873 1784 2927 tes,
1836 2866 2179 2930 Hermotybii
2236 2867 2568 2916 custodientes
2622 2869 2763 2914 clau-

1681 2942 1810 2997 stra,
1843 2935 1881 2985 i.
1919 2951 1968 2985 e.
2007 2951 2110 2997 „ea
2138 2936 2405 2985 exercitus
2441 2950 2584 2999 pars,
2622 2950 2764 2998 quae

1682 3002 1908 3052 castella
1951 3005 2162 3067 patriae
2208 3005 2555 3054 custodiebat
2596 3009 2763 3067 atque

1683 3071 2036 3134 defendebat,
2073 3073 2201 3122 dum
2233 3075 2453 3123 iuvenes
2479 3073 2764 3122 fortissimi

1681 3146 1847 3205 atque
1893 3141 2220 3191 validissimi
2266 3140 2655 3207 (Καλασίριες)
2706 3143 2759 3190 in

1679 3224 1900 3273 campos
1938 3211 2338 3261 descendebant
2383 3217 2438 3260 et
2485 3212 2539 3259 in
2588 3225 2762 3273 aequo

1678 3294 1917 3342 pugnam
1946 3280 2090 3329 ciere
2111 3279 2420 3330 solebant.“
2482 3279 2583 3328 His
2603 3278 2762 3339 adde,

1680 3362 1817 3411 quae
1852 3347 2019 3396 habet
2051 3349 2316 3398 Rosellini
2349 3349 2386 3398 l.
2419 3348 2455 3397 1.
2492 3363 2618 3412 pag.
2657 3348 2762 3398 ‘203

1679 3432 1795 3480 seq.
1867 3417 2137 3467 Heerenio
2187 3417 2225 3468 1.
2275 3417 2310 3468 l.
2360 3433 2486 3482 pag.
2540 3418 2638 3468 136
2684 3416 2763 3465 di-

1679 3499 1871 3535 versae
1892 3486 2142 3550 primitus
2164 3486 2334 3536 fuisse
2351 3487 2606 3537 videntur
2630 3500 2763 3549 gen-

1679 3559 1763 3604 tes
1815 3571 1859 3605 s.
1909 3556 2115 3616 tribus,
2165 3571 2307 3620 quae
2354 3555 2582 3604 diversis
2632 3569 2763 3619 quo-

1683 3639 1785 3688 que
1826 3623 1962 3674 locis
1993 3623 2294 3675 habitarint
2330 3625 2459 3674 etin
2477 3639 2641 3673 unam
2666 3623 2764 3672 mi-

1678 3691 1833 3741 litum
1872 3692 2102 3743 classem
2134 3693 2262 3743 dein
2298 3693 2618 3744 coaluerint.
2691 3692 2763 3741 At

1676 3766 1846 3826 negat
1871 3761 2180 3812 Thierbach
2214 3760 2252 3810 l.
2279 3761 2339 3824 1.,
2379 3761 2581 3812 milites
2619 3759 2763 3810 alius

1678 3831 1865 3894 stirpis
1885 3831 2217 3896 originisque
2239 3831 2409 3881 fuisse
2428 3836 2592 3896 atque
2613 3831 2763 3895 ipsos

1678 3899 1990 3950 Pharaones
2021 3900 2117 3949 reli
2157 3915 2365 3965 uosque
2387 3901 2466 3951 Ae
2582 3900 2709 3950 tios.

1749 3958 1808 4017 ἔτι
1855 3966 2047 4028 νομῶν
2102 3966 2138 4016 δ
2210 3966 2393 4019 τωνδε
2451 3983 2477 4019 ε
2506 3967 2588 4034 σί]
2637 3969 2765 4018 Iure

1674 4041 1833 4087 notat
1872 4038 2105 4089 Heeren.
2149 4038 2187 4088 l.
2238 4037 2273 4087 1.
2322 4054 2448 4103 pag.
2506 4037 2621 4088 136.
2663 4036 2762 4087 137

1675 4104 1801 4156 coll.
1847 4107 2111 4157 Rosellini
2157 4107 2193 4156 l.
2236 4107 2273 4156 1.
2322 4122 2449 4172 pag.
2491 4108 2613 4167 200,
2654 4122 2766 4156 ma-

1673 4176 1872 4225 ximam
1909 4176 2138 4226 militum
2177 4181 2388 4240 partem
2425 4177 2480 4226 iu
2518 4175 2765 4225 inferiori

1671 4245 1924 4310 Aegypto
1973 4251 2146 4295 terras
2191 4260 2319 4294 suas
2379 4260 2445 4295 ac
2492 4246 2763 4294 stationes

1670 4314 1929 4365 habuisse
1954 4316 2293 4380 assignatas,
2331 4329 2454 4365 cum
2480 4329 2621 4365 unus
2646 4319 2767 4364 tan-
