3109 5092
1110 378 1603 439 EUTERPE.
1646 380 1731 439 II.
1779 387 1900 442 122.

2517 372 2659 442 699.

368 560 531 618 σθαι
561 544 925 637 ὑπἀὐτῆς
946 571 960 584 ·
1011 557 1129 618 καί
1165 578 1283 639 μιν
1314 551 1519 621 πάλιν
1545 550 1688 622 ἅνω
1715 550 2112 635 ἀπικέσθαι,
2155 557 2377 639 δῶρον
2404 559 2638 639 ἔχοντα

372 650 532 740 παρ’
566 650 773 741 αὐτῆς
800 652 1281 741 χειρόμακτρον
1312 655 1618 744 χρύσεον.
1665 653 1798 724 ἀπὸ
1827 657 1901 725 δὲ
1928 661 2045 744 τῆς
2061 652 2488 744 Ῥαμψινίτου
2517 684 2633 724 κα-

371 755 719 843 ταβάσιος,
778 751 867 835 ὦς
905 757 1111 825 πάλιν
1161 754 1473 843 ἀπίκετο,
1529 755 1736 847 ὁρτὴν
1774 758 1858 848 δὴ
1901 756 2181 846 ἀνάγειν
2226 764 2641 844 Αἰγυπτίους

372 865 667 946 ἔφασαν,
707 857 833 947 τὴν
860 862 971 928 καὶ
1003 857 1133 946 ἐγώ
1175 860 1329 931 οἶδα
1359 868 1454 932 ἔτι
1484 864 1596 931 καὶ
1639 866 1703 942 ἐς
1734 864 1846 952 ἐμὲ
1875 865 2331 941 ἐπιτελέοντας
2357 858 2637 942 αὐτούς·

372 959 455 1031 οὐ
494 964 757 1050 μέντοι,
809 973 942 1032 εἴτε
974 961 1065 1032 δι’
1101 961 1265 1033 ἄλλο
1294 992 1356 1034 τι
1390 977 1520 1036 εἴτε
1552 964 1665 1035 διὰ
1692 973 1901 1035 ταῦτα
1930 961 2278 1054 ὁρτάζουσι
2299 1017 2317 1045 ,
2364 971 2490 1052 ἔχω
2528 968 2634 1035 λε’-

371 1093 539 1152 γειν.
607 1071 820 1153 φᾶρος
856 1067 929 1135 δὲ
961 1063 1343 1155 αὐτημερὸν
1371 1069 1826 1158 ἐξυφήναντες
1852 1074 1920 1138 οἰ
1936 1073 2140 1158 ίρεές,
2170 1064 2320 1136 κατ’
2355 1060 2453 1137 ὧν
2480 1075 2635 1158 ἔδη-

372 1189 500 1237 σαν
532 1165 681 1247 ἑνὸς
701 1165 929 1237 αὐτῶν
948 1177 1146 1259 μίτρῃ
1176 1169 1329 1251 τούς
1348 1170 1747 1261 ὀφθαλμούς
1770 1194 1784 1208 ·
1824 1169 2189 1259 ἀγαγόντες
2211 1175 2290 1241 δέ
2306 1200 2423 1259 μιν
2449 1178 2635 1260 ἔχον-

370 1300 451 1340 τα
478 1269 553 1340 τὸ
585 1276 798 1360 φᾶρος
828 1274 893 1352 ἐς
919 1268 1085 1342 ὁδὸν
1111 1275 1460 1362 φέρουσαν
1489 1279 1555 1355 ἐς
1595 1274 1746 1363 ἱρὸν
1772 1275 2158 1364 Δήμητρος,
2203 1271 2393 1343 αὐτοὶ
2421 1273 2634 1344 ἀπαλ-

372 1374 732 1444 λάσσονται
776 1371 989 1445 ὀπίσω
1008 1398 1022 1412 ·

1102 1375 1222 1445 τὸν
1267 1378 1341 1448 δὲ
1390 1381 1535 1467 ἱρέα
1577 1385 1853 1463 τοῦτον,
1912 1380 2446 1465 καταδεδεμένον
2484 1376 2671 1458 tofis·

371 1474 807 1585 ᾆφθαλμούς,
852 1480 1122 1566 λέγουσι
1162 1475 1296 1550 ὑπὸ
1331 1482 1457 1552 δύο
1496 1480 1726 1551 λύκων
1765 1479 2050 1569 ἄγεσθαι
2104 1485 2170 1561 ἐς
2209 1478 2284 1549 τὸ
2334 1478 2485 1570 ἱρὸν
2522 1488 2638 1570 τῆς

369 1647 514 1696 nuit:
550 1644 673 1696 alea
711 1661 832 1696 cum
858 1646 1051 1697 Cerere
1085 1646 1269 1698 ludere
1308 1664 1450 1700 eam·

368 1731 471 1781 que
506 1715 751 1779 vincere,
787 1715 875 1766 vel
906 1718 974 1767 ab
995 1716 1091 1766 illa
1125 1717 1289 1779 vinci,
1319 1719 1451 1769 nihil

368 1785 519 1836 aliud
555 1800 706 1847 esse,
744 1801 908 1850 quam
929 1786 1162 1837 Cererem
1192 1789 1367 1838 almam
1400 1798 1452 1840 et

365 1857 659 1918 sauir-icem,
693 1854 781 1904 vel
817 1856 1057 1905 vicissim
1083 1859 1323 1907 infinie-mn
1358 1874 1452 1908 eae-

366 1926 548 1987 periri.
631 1925 770 1974 Nam
822 1926 1026 1989 poterit
1070 1926 1261 1976 referri
1314 1927 1452 1977 haec

367 2009 583 2059 quoque
616 1995 858 2045 narratio
880 1994 949 2045 ad
984 1994 1376 2059 agriculturam
1399 2002 1453 2047 et

370 2063 584 2114 felicem
621 2078 872 2125 agrorum
908 2070 1254 2129 proventum,
1291 2067 1385 2131 qui
1420 2081 1454 2115 a

366 2149 425 2183 re
462 2133 773 2184 calendaria
818 2139 966 2184 recte
1001 2135 1256 2185 instituta
1301 2136 1455 2185 anni-

368 2218 473 2267 que
507 2202 926 2267 tempestatibus
973 2202 1100 2254 inde
1146 2209 1295 2255 certo
1329 2220 1454 2255 con-

367 2272 574 2322 stitutis
592 2271 817 2322 multum
846 2273 1061 2337 pendet,
1098 2290 1270 2339 eoque
1290 2275 1454 2325 etiam

367 2341 571 2392 ducunt
619 2341 754 2392 ritus
807 2342 864 2391 in
923 2342 1125 2408 templo
1172 2343 1382 2394 Cereris
1420 2360 1454 2394 a

368 2411 745 2462 sacerdotibus
800 2411 1078 2462 observari
1137 2413 1305 2465 soliti.
1352 2416 1455 2464 Re-

368 2481 618 2544 spicitur,
656 2480 835 2539 credo.
875 2497 1030 2547 seges
1067 2482 1324 2533 frumenti
1340 2500 1451 2534 cer-

369 2551 441 2600 tis
480 2551 610 2600 anni
655 2550 893 2615 periodis
936 2552 1245 2616 reponenda
1292 2557 1348 2603 et
1393 2554 1450 2603 in

367 2623 514 2670 terra
577 2618 887 2682 condenda,
942 2636 1067 2671 mox
1122 2637 1283 2682 vero,
1356 2623 1451 2672 ubi

369 2689 569 2740 educta
603 2703 633 2739 e
668 2693 815 2739 terra
848 2690 903 2740 in
935 2688 1105 2740 altum
1140 2692 1375 2741 creverit
1398 2697 1453 2741 et

368 2758 437 2808 ad
473 2759 842 2809 maturitatem
880 2761 1216 2823 pervenerit,
1256 2776 1453 2811 consu-

367 2829 590 2887 menda3
637 2844 777 2892 quae
812 2844 898 2879 res
933 2845 1030 2893 per
1062 2827 1215 2880 lusus
1252 2830 1454 2894 allego·

365 2897 500 2948 riam
523 2898 879 2963 significatur,
900 2898 956 2947 in
979 2914 1085 2963 quo
1108 2899 1271 2950 Ceres
1289 2899 1454 2966 (quae

367 2967 614 3033 frugibus
649 2972 828 3017 terrae
866 2967 1108 3032 praeest)
1145 2968 1305 3019 modo
1336 2970 1451 3019 vin-

366 3038 457 3099 cit,
482 3036 638 3086 modo
658 3037 909 3088 vincitur.
983 3038 1173 3103 Neque
1191 3039 1247 3087 in
1267 3038 1454 3088 istius·

367 3107 510 3158 modi
532 3105 733 3156 fabulis
754 3105 884 3156 illud
910 3107 1448 3172 praetermittendum

367 3182 479 3239 est,
531 3190 652 3226 cum
689 3176 792 3225 hac
828 3178 1121 3227 tesseraria
1156 3177 1451 3241 agricultu-

366 3260 460 3295 rae
495 3244 894 3307 significatione
926 3247 1269 3297 coniunctam
1292 3246 1453 3297 simul

367 3328 488 3363 esse
537 3314 841 3364 doctrinam
888 3314 956 3364 de
1001 3316 1302 3366 animarum
1357 3318 1454 3366 im-

366 3383 730 3445 mortalitate,
775 3383 1010 3448 indeque
1056 3384 1452 3449 explicandum,

367 3451 510 3518 quod
565 3452 728 3503 Ceres
787 3454 931 3516 apud
983 3453 1186 3503 inferos
1241 3470 1456 3519 quoque

365 3522 631 3584 imperare
667 3520 865 3571 dicitur
899 3521 1037 3583 (vid.
1074 3523 1147 3581 11,
1189 3523 1288 3574 123
1318 3524 1451 3587 ibiq.

364 3592 526 3653 not.).
602 3591 725 3653 Qua
761 3590 828 3641 de
865 3606 922 3640 re
957 3607 1101 3641 nunc
1126 3591 1307 3641 dicere
1342 3591 1456 3641 lon-

364 3675 490 3721 gum
537 3664 640 3709 est.
714 3658 859 3709 mud
905 3675 1034 3711 vero
1086 3659 1350 3710 addamus
1398 3660 1451 3710 h.

364 3728 424 3790 l.,
462 3729 608 3794 quod
628 3728 855 3794 protulit
872 3728 1188 3780 Grotefend.
1217 3730 1274 3779 in
1293 3731 1454 3780 Boet-

364 3798 526 3863 tiger.
575 3798 815 3849 Amalth.
853 3798 934 3849 11.
971 3814 1095 3863 pag.
1144 3796 1232 3861 92,
1269 3799 1325 3848 in
1360 3812 1454 3848 va-

365 3868 440 3918 sis
471 3867 703 3933 aliisque
747 3867 883 3917 artis
921 3868 1201 3932 operibus,
1244 3869 1339 3918 ubi
1368 3884 1451 3918 re-

362 3940 785 3999 praesentantur
824 3952 909 3987 res
935 3937 1004 3987 ad
1025 3938 1324 3988 animarum
1342 3942 1451 3987 sta·

363 4010 481 4055 tum
526 4010 655 4069 post
698 4006 868 4056 vitam
928 4006 1070 4056 hanc
1115 4011 1448 4070 spectantes,

362 4074 516 4124 cubos
549 4074 694 4124 baud
740 4090 862 4125 raro
914 4076 1159 4126 adiectos
1214 4077 1448 4126 inveniri

364 4158 476 4192 una
510 4158 631 4192 cum
678 4146 975 4208 quincunee3
1031 4144 1101 4194 ad
1146 4143 1271 4195 illos
1317 4160 1445 4195 vero

363 4210 479 4259 dies
514 4212 776 4277 quinque,
785 4220 965 4278 Oquos
1004 4215 1304 4264 MercurIus
1352 4230 1448 4279 per

360 4278 538 4329 lusum
554 4281 917 4344 acquisivisse
941 4281 1171 4361 dicatur,
1200 4288 1447 4361 spectare

362 4346 748 4406 πεπαλίθους
784 4354 838 4400 et
882 4343 1062 4400 πεσσά
1093 4365 1446 4430 πενταγραμ-

360 4430 457 4480 μα.
494 4447 565 4456 -
598 4418 666 4468 In
701 4433 853 4484 seqq.
891 4413 1011 4469 ἄνω
1049 4418 1197 4485 (post
1228 4413 1445 4485 natm),

1555 1649 1696 1715 quod
1745 1650 1815 1699 ab
1850 1649 2128 1700 Athenaeo
2173 1649 2357 1713 abest,
2406 1650 2639 1716 indeque

1556 1734 1591 1768 a
1644 1718 2007 1784 Wesselingio
2058 1719 2341 1778 omissum,
2402 1735 2436 1770 a
2487 1720 2639 1769 Diet-

1555 1788 1707 1838 schio
1744 1789 1899 1839 uncis
1943 1787 2237 1849 inclusum,
2284 1790 2481 1839 retinui
2518 1805 2637 1838 cum

1556 1862 1689 1908 cett.
1737 1857 1858 1907 edd.
1906 1857 2168 1937 librisque
2221 1858 2462 1922 scriptis.
2545 1856 2639 1909 Sic

1552 1927 1703 1977 infra
1736 1915 1897 1983 αὖτις
1932 1917 2144 1989 ὀπίσω,
2198 1943 2264 1977 ne
2297 1927 2455 1993 plura
2490 1928 2547 1977 in
2579 1943 2640 1978 re

1555 1998 1693 2047 satis
1724 1996 1966 2077 cognita.

1629 2065 1814 2127 φᾶρος
1854 2059 1915 2114 δε
1962 2054 2285 2127 αυτημερὸν
2319 2055 2640 2129 ἐξυφήναν-

1553 2134 1663 2202 τες]
1699 2136 2024 2186 Creuzerum
2072 2134 2315 2198 Symbol.
2363 2134 2462 2185 IV.
2509 2150 2635 2199 pag.

1555 2207 1660 2256 229
1694 2220 1808 2271 seq.
1846 2205 1932 2255 ed.
1976 2219 2088 2255 sec.
2126 2205 2172 2253 si
2209 2204 2500 2269 sequimur,
2552 2204 2641 2255 hic

1558 2290 1770 2342 quoque
1833 2279 2051 2326 textura
2101 2275 2395 2324 tesseraria
2445 2273 2642 2324 intelli-

1558 2343 1763 2410 genda,
1813 2361 1922 2410 qua
1968 2348 2141 2394 sortes
2185 2343 2452 2394 humanae
2489 2344 2641 2394 vitae

1559 2415 1783 2465 orientis
1846 2420 2014 2478 atque
2078 2414 2429 2471 intereunti3‚
2501 2414 2644 2464 occi-

1554 2484 1734 2534 dentis
1778 2499 1846 2534 ac
1905 2484 2315 2545 reviviscentis,
2375 2484 2525 2533 vitae
2574 2499 2639 2533 ac

1553 2554 1745 2603 mortis
1783 2557 2044 2618 perpetuo
2092 2554 2249 2617 quasi
2293 2552 2449 2613 orbe,
2500 2552 2641 2602 indi-

1553 2625 1777 2679 cantur,
1817 2622 2082 2685 simulque
2111 2621 2488 2686 cogitandum,
2529 2637 2634 2686 quo

1554 2706 1719 2742 sensu
1756 2691 1889 2741 deae
1923 2696 2134 2741 veteres
2170 2695 2353 2740 texere
2390 2694 2485 2739 aut
2519 2695 2635 2739 tex-

1551 2767 1709 2811 turae
1745 2774 1996 2825 praeesse
2033 2760 2301 2810 dicantur.
2375 2760 2455 2809 Ac
2489 2759 2637 2808 deni-

1554 2846 1659 2895 que
1722 2831 1885 2879 etiarn
1949 2829 2181 2893 cogitari
2246 2827 2338 2878 ille
2396 2827 2514 2878 vult
2569 2828 2637 2879 de

1552 2902 1740 2963 segete
1789 2899 2081 2965 quotannis
2133 2898 2247 2949 fere
2287 2898 2639 2963 proveniente

1553 2975 1720 3033 atque
1767 2970 2098 3027 intereunte,
2149 2969 2337 3018 eodem
2375 2972 2638 3032 perpetuo

1554 3039 1714 3102 quasi
1734 3038 1956 3093 circulo.
2031 3038 2168 3088 Inde
2201 3038 2342 3087 enim
2368 3036 2639 3102 explican-

1552 3108 1708 3167 dum,
1755 3124 1852 3158 cur
1882 3110 2082 3159 mantile
2118 3123 2323 3158 aureum
2352 3107 2641 3173 Rhampsi-

1551 3178 1669 3228 nito
1684 3145 2085 3237 dederitCeres,
2107 3178 2303 3242 pignus
2317 3178 2473 3242 quasi
2489 3192 2639 3243 sege-

1550 3248 1625 3297 tis
1654 3262 1873 3309 aureae,
1904 3263 1933 3297 e
1965 3252 2115 3297 terra
2136 3264 2259 3297 mox
2288 3246 2634 3298 emittendae.

1623 3314 1847 3380 λέγουσι
1883 3310 2001 3365 ὑπὸ
2020 3308 2130 3364 δύο
2163 3309 2352 3365 λύκων
2368 3305 2635 3378 αγεσθαι]

1552 3387 1637 3436 De
1685 3401 1790 3450 quo
1833 3385 1954 3436 loco
2006 3385 2140 3434 baec
2183 3385 2439 3434 disseruit
2475 3384 2639 3433 Creu-

1556 3470 1665 3504 zer.
1719 3456 1776 3503 in
1822 3455 2143 3504 Commentt.
2201 3451 2444 3502 Herodd.
2505 3466 2633 3516 pag.

1553 3523 1687 3574 410:
1746 3524 1969 3585 „Zoega
2015 3521 2082 3571 de
2122 3521 2378 3572 obeliscc.
2432 3537 2487 3585 p.
2534 3520 2637 3571 307

1554 3607 1711 3656 seqq.
1749 3592 1819 3641 ad
1854 3590 2118 3641 Herodoti
2160 3590 2335 3640 locum
2378 3589 2515 3640 baec
2550 3604 2644 3655 ap-

1554 3661 1765 3725 posuit:
1824 3661 2030 3721 ,..,Hos
2083 3674 2212 3709 vero
2264 3658 2449 3723 lupos,
2504 3674 2640 3724 quos

1555 3728 1914 3780 sacerdotalis
1952 3728 2170 3789 mytbus
2212 3728 2505 3779 inferorum
2542 3728 2644 3777 mi-

1553 3799 1758 3848 nistros
1796 3802 1852 3848 et
1874 3796 2306 3861 psychopompos
2338 3797 2528 3861 genios
2564 3798 2644 3847 in-

1555 3867 1785 3933 ‹lig-itat,
1822 3867 1878 3916 in
1915 3866 2145 3928 singulis
2183 3866 2298 3917 fere
2321 3867 2534 3916 mumiis
2559 3882 2644 3917 ar-

1554 3938 1741 4055 citsqule
1769 3951 1951 4020 earum
1972 3936 2150 4001 pictos
2173 3935 2637 4054 depreliiiendimus,

1551 4021 1590 4055 u
1661 4022 1694 4069 p
1717 4020 1947 4056 utimum
1995 4020 2294 4055 averrunco
2379 4021 2514 4070 agro
2560 4021 2640 4054 1n-

1552 4079 1793 4125 structos
1812 4074 1883 4124 ad
1908 4073 2075 4125 malos
2100 4074 2391 4124 daemones
2418 4074 2638 4137 abigen-

1550 4143 1650 4194 dos
1699 4143 1983 4194 animabus
2038 4142 2330 4194 inhiantes.
2413 4143 2639 4194 Scilicet

1548 4227 1718 4277 rapax
1754 4211 1982 4274 animal,
2032 4212 2176 4276 quod
2213 4215 2376 4262 noctu
2405 4213 2639 4262 maxime

1549 4282 1769 4331 oberrat
1805 4281 2013 4345 subque
2049 4280 2183 4331 solis
2219 4284 2396 4331 ortum
2422 4281 2492 4331 ad
2517 4296 2637 4344 spe-

1550 4365 1645 4400 cus
1691 4354 1746 4400 et
1794 4350 2012 4400 deserta
2054 4350 2297 4414 aufugit,
2348 4348 2636 4413 Aegyptiis

1546 4432 1722 4484 aeque
1755 4422 1921 4483 atque
1957 4416 2079 4470 aliis
2114 4417 2330 4483 populis
2362 4416 2637 4483 plerisque
