3109 5092
1320 352 1575 443 cmo.
1618 356 1673 416 1.
1717 365 1839 419 ιιι.

2592 354 2710 416 291

442 523 722 613 σάμενοι
764 522 1001 606 πόλιας
1041 526 1318 596 πάντων
1361 523 1788 616 ἀνθρώπων,
1846 532 1986 597 τῶν
2025 522 2214 617 ἡμεῖς
2253 532 2471 615 ἴδμεν.
2559 525 2718 599 οὔτε

444 626 571 717 γὰρ
611 626 695 696 τοὶ
739 625 882 698 ἅνω
909 626 1119 718 αὐτῆς
1147 638 1358 719 χωρία
1384 627 1603 700 τώυτὸ
1633 634 1844 700 ποιέει
1870 637 1952 723 τῇ
1980 626 2198 720 Ἰωνίῃ
2216 683 2234 717 ,
2286 627 2445 701 οὔτε
2473 628 2556 700 τὰ
2593 632 2714 702 κά-

442 759 567 817 τω,
608 729 765 801 οὕτε
793 730 876 803 τὰ
918 730 1085 822 πρὸς
1110 731 1235 823 τὴν
1265 731 1399 822 ἠῶ,
1447 731 1606 803 οὔτε
1633 730 1716 803 τὰ
1756 732 1921 824 πρὸς
1955 731 2081 822 τὴν
2115 736 2437 822 ἕσπέρην,
2480 732 2563 803 τὰ
2591 735 2717 824 μὲν

442 829 574 904 ὑπὸ
613 840 736 904 τοῦ
763 840 1028 924 ψυχροῦ
1070 863 1142 908 τε
1181 837 1295 905 καὶ
1326 832 1543 926 ὑγροῦ
1583 835 1969 925 πιεζόμενα,
2007 835 2089 906 τὰ
2134 837 2210 907 δὲ
2234 832 2369 907 ὑπὸ
2398 842 2519 906 τοῦ
2545 849 2712 928 θερ-

441 942 574 1027 μοῦ
616 965 689 1007 τε
729 940 841 1007 καὶ
880 935 1285 1029 αὐχμώδεος.
1358 945 1688 1010 Γλῶσσαν
1730 940 1807 1008 δὲ
1846 936 1929 1009 οὐ
1967 938 2092 1027 τὴν
2131 936 2347 1029 αὐτὴν
2385 930 2570 1010 οὗτοι
2601 968 2715 1011 νε--
2768 1019 2774 1027 ,

442 1047 785 1129 νομίκασι,
821 1036 993 1112 ἀλλὰ
1028 1042 1317 1133 τρόπους
1350 1046 1667 1134 τέσσερας
1704 1045 2182 1132 παραγωγέων.
2260 1050 2564 1133 Μίλητος
2590 1044 2716 1133 μὲν

447 1208 759 1273 disquisivit
793 1213 849 1260 et
884 1226 1005 1260 cum
1041 1210 1138 1274 iis,
1175 1226 1317 1277 quae
1349 1227 1531 1262 recen-

444 1279 611 1328 tiores
667 1280 959 1345 scriptores
1013 1280 1345 1344 attulerunt,
1408 1295 1532 1331 con—

444 1346 573 1397 tulit
628 1348 850 1399 Soldan.
911 1351 1067 1401 Rerr.
1118 1350 1327 1402 Miless.
1378 1350 1533 1401 Com-

444 1421 610 1468 ment.
655 1418 718 1469 P.
768 1419 813 1468 Ι.
863 1435 919 1484 Ρ.
965 1420 1000 1471 8
1046 1434 1198 1486 seqq.
1248 1418 1374 1472 coll.
1416 1436 1469 1484 p.
1499 1420 1531 1470 3

444 1501 707 1621 sagittati!
724 1587 784 1596 -
813 1546 1128 1623 πιεζόμενα]
1166 1558 1388 1609 Retinui
1408 1572 1532 1608 cum

442 1629 670 1676 recentt.
738 1624 860 1676 edd.
920 1626 1147 1677 formam
1211 1622 1526 1692 πιεζόμενα,

442 1697 756 1762 neutiquam
786 1694 1215 1760 sollicitandam,
1263 1712 1386 1747 cum
1421 1697 1530 1748 No-

445 1767 558 1814 ster
609 1769 925 1815 constanter
982 1766 1086 1816 hac
1142 1767 1293 1816 verbi
1352 1767 1529 1817 forma

443 1849 575 1885 usus
609 1834 684 1884 sit
716 1849 893 1898 neque
914 1827 1272 1899 πιεζεύμενος
1297 1837 1531 1900 scripse-

445 1904 546 1965 rit,
585 1904 730 1968 quod
767 1918 887 1953 eum
923 1904 979 1952 in
1015 1904 1337 1969 quibusdam
1374 1905 1527 1954 libris

444 1971 924 2036 Herodoteis.(111,
951 1973 1067 2023 146.
1098 1974 1194 2035 VI,
1223 1974 1338 2025 108.
1365 1974 1528 2036 VIII,

448 2041 570 2107 142)
626 2042 925 2106 reperiatur
974 2042 1208 2108 indeque
1262 2044 1423 2093 etiam
1472 2044 1529 2093 in

448 2112 715 2162 editiones
750 2111 1056 2176 irrepserit,
1092 2113 1149 2161 in
1173 2111 1400 2162 alteram
1424 2113 1530 2162 for-

446 2196 589 2231 mam
618 2180 1011 2231 restituendam
1036 2196 1157 2232 esse
1192 2181 1379 2232 docuit
1401 2182 1531 2232 Bre-

448 2251 573 2302 dov.
606 2267 658 2316 p.
700 2251 801 2302 367
839 2250 1077 2316 itemque
1102 2250 1344 2302 Dindorf
1367 2252 1531 2301 Prae-

448 2320 547 2370 sat.
586 2336 641 2384 p.
676 2319 888 2369 XXIII.
960 2320 1160 2371 Atticis
1209 2321 1528 2385 posterioris

447 2390 668 2451 aetatis,
693 2388 986 2439 Plutarcho
1009 2390 1347 2454 praesertim,
1384 2389 1530 2440 haud

445 2458 755 2523 infrequens
789 2453 985 2517 πιεζέω
1022 2456 1141 2524 (Ριο
1166 2455 1381 2525 πιέζω)ε
1421 2474 1531 2524 qua

447 2528 514 2577 de
547 2543 604 2576 re
640 2527 753 2578 dixi
788 2527 858 2577 ad
876 2526 1155 2580 Plutarch.
1180 2528 1359 2580 Alcib.
1397 2544 1525 2595 pag.

444 2596 513 2648 82
549 2612 700 2662 seqq.
740 2596 862 2647 coll.
896 2597 981 2648 66.

511 2665 768 2730 γλῶσσαν
804 2660 868 2715 δὲ
903 2679 972 2715 ου
1008 2659 1116 2730 τὴν
1149 2655 1336 2730 αὐτὴν
1368 2651 1530 2716 οὗτοι

384 2732 403 2756 '
444 2733 887 2803 νενομίκασι]
935 2736 972 2785 i.
1014 2751 1063 2785 e.
1110 2737 1165 2785 in
1206 2751 1301 2785 usu
1345 2735 1531 2786 habent

446 2821 490 2855 s.
527 2811 755 2867 utuntur,
791 2807 867 2854 uti
896 2806 1072 2855 solent.
1149 2803 1305 2854 Conf.
1345 2805 1391 2868 I,
1430 2804 1524 2856 131

444 2874 576 2939 ibiq.
612 2877 727 2924 not.
782 2877 837 2923 et
872 2873 997 2923 add.
1036 2872 1338 2924 Blomfield.
1376 2872 1530 2924 Glos-

444 2958 552 2993 sar.
592 2943 648 2993 in
672 2943 926 3008 Aeschyl.
953 2942 1193 3007 Choeph.
1217 2941 1304 2992 95.
1364 2941 1529 2992 Haud

444 3013 606 3062 aliter
641 3012 954 3063 Herodotus
998 3012 1074 3074 11,
1112 3013 1200 3062 42.
1238 3011 1334 3074 IV,
1374 3011 1492 3063 183.

513 3071 651 3130 αλλὰ
684 3072 934 3145 τρόπους
966 3077 1228 3144 τέσσερας
1262 3095 1527 3144 παραγω-

442 3145 611 3216 γέων]
650 3150 688 3200 i.
728 3165 775 3200 e.
815 3158 1031 3214 quatuor
1062 3151 1232 3201 modos
1269 3150 1528 3200 deductio-

441 3236 553 3269 num
583 3217 893 3285 (usurpant)
939 3235 983 3269 s.
1024 3223 1194 3284 linqua
1236 3227 1444 3271 ιιιιιηιιιν
1476 3222 1527 3269 in

442 3296 657 3354 quatuor
691 3289 861 3339 modos
911 3296 960 3338 et
988 3291 1336 3353 proprietates
1371 3289 1528 3339 dedu·

442 3366 552 3420 cta,
602 3362 666 3407 ut
694 3357 874 3408 locum
911 3358 1301 3423 interpretatus
1337 3366 1417 3408 est
1451 3359 1523 3409 H.

443 3426 751 3491 Stephanus
768 3464 782 3488 ‚
820 3428 1088 3491 probante
1113 3427 1528 3493 Schweighaeu-

443 3511 583 3547 sero.
655 3497 853 3561 Agitur
886 3498 1027 3547 enim
1069 3496 1158 3548 hic
1196 3497 1264 3547 de
1295 3502 1528 3562 quatuor

443 3566 630 3616 formis
693 3566 952 3629 diversis,
1023 3567 1079 3616 in
1142 3582 1277 3649 quas
1333 3566 1526 3616 Ionum

440 3636 629 3701 lingua
651 3635 863 3698 abierit,
890 3651 1135 3702 quasque
1155 3637 1212 3686 in
1236 3635 1343 3686 fine
1364 3635 1525 3686 huius

442 3706 641 3770 eapitis
697 3709 862 3755 voeat
915 3703 1274 3771 χαρακτῆρας
1346 3703 1522 3771 (conf.

441 3775 666 3840 Gregor.
697 3774 942 3824 Corinth.
970 3790 1097 3842 pag.
1125 3773 1159 3825 9
1183 3771 1345 3855 seq..)
1392 3776 1527 3824 Eas-

441 3844 561 3894 dem
596 3844 685 3894 hic
720 3844 960 3909 appellat
994 3837 1359 3909 παραγωγὰς,
1399 3844 1435 3893 i.
1474 3858 1523 3894 e.

440 3914 775 3979 defleaeiones,
822 3917 1136 3965 mutationum
1165 3929 1384 3980 yenera,
1434 3928 1525 3962 va-

441 3987 678 4042 rietates,·
714 3982 981 4034 vocabulo
1018 3983 1251 4033 deducto
1289 3997 1323 4032 a
1356 3981 1525 4032 verbo

440 4044 718 4116 παράγειν
755 4052 1047 4116 (seducere,
1082 4055 1133 4102 in
1165 4054 1410 4104 diverswn
1435 4052 1527 4101 du-

440 4137 594 4241 ῗὲζέῑ.
617 4121 1162 4257 §stagnant
1189 4121 1395 4242 3322&
1432 4121 1525 4240 331:

1387 4228 1400 4253 ἲ

440 4258 574 4309 dens
619 4264 930 4324 praeterea,
988 4261 1173 4312 eodem
1223 4277 1383 4311 sensu
1436 4275 1524 4310 ea-

443 4327 565 4377 dem
600 4329 654 4378 in
695 4345 755 4380 re
792 4345 826 4380 a
862 4330 1125 4396 Gregorio
1151 4329 1430 4381 Corinthio
1467 4332 1524 4379 et

439 4396 645 4448 Ioanne
691 4398 1057 4451 Grammatico
1103 4399 1240 4467 (vid.
1293 4399 1521 4465 eroget.

1634 1209 1880 1261 Corinth.
1928 1225 1983 1274 p.
2033 1208 2155 1260 490.
2207 1207 2332 1274 491)
2379 1207 2489 1259 dici
2535 1224 2718 1274 παρα-

1634 1271 1885 1343 τροπὴν,
1930 1278 2075 1343 quod
2106 1293 2276 1358 prave
2305 1278 2420 1328 illic
2449 1284 2717 1329 mutatum

1636 1349 1798 1400 fuerit
1842 1348 1900 1398 in
1958 1339 2330 1426 περιτροπήν.
2415 1347 2609 1427 Itaque
2662 1349 2717 1398 hi

1634 1408 2120 1553 ἓοιῖῗίῒθῗᾶίτξξῖιειῗῖ
2152 1431 2217 1536 (Ie
2250 1415 2721 1538 ῗὲἶέἶιηερῗὲοέῧ·

1632 1559 1734 1608 bus
1784 1572 1830 1607 s.
1882 1555 2210 1639 specialibus
2268 1549 2536 1623 (τοπικὰς
2580 1573 2717 1623 quas

1631 1625 1876 1692 dicunt),
1915 1628 1971 1675 in
1998 1640 2135 1691 quas
2166 1625 2363 1675 abierit
2386 1626 2577 1676 Ionica
2600 1627 2720 1677 dia

1625 1698 1824 1776 lectus,
1851 1709 2002 1776 quae
2021 1700 2078 1744 et
2100 1696 2221 1760 ipsa
2245 1700 2475 1745 vocatur
2497 1694 2721 1759 γλῶσσα

1625 1756 1738 1822 Ἰὰς
1773 1781 1820 1816 s.
1851 1755 2092 1827 Ἰωνική.
2164 1763 2333 1813 Plura
2364 1763 2606 1815 Fischer.
2648 1764 2718 1814 ad

1632 1833 1853 1885 Weller.
1890 1833 2127 1884 Gramm.
2164 1832 2324 1912 Spec.
2360 1832 2407 1882 I.
2445 1848 2499 1912 Ρ.
2533 1833 2620 1885 38.

1701 1902 1963 1983 Μίλητος
1993 1894 2097 1965 μὲν
2134 1895 2327 1950 αὐτῶν
2353 1892 2550 1966 πρώτη
2581 1917 2634 1952 κ.
2667 1918 2716 1953 τ.

1633 1971 1702 2054 L]
1761 1963 1956 2021 αὐτῶν
2010 1969 2100 2020 hic
2155 1969 2412 2034 rescripsi
2459 1985 2556 2035 pro
2613 1962 2721 2020 ‹1²3-

1632 2055 1829 2103 τεων,
1891 2038 2158 2105 probante
2202 2039 2437 2090 Bredov.
2487 2056 2542 2104 p.
2591 2041 2717 2091 241.

1631 2111 1866 2161 Bekker.
1883 2146 1897 2172 ,
1969 2124 2127 2174 quem
2178 2109 2426 2173 sequitur
2470 2109 2717 2172 Dietseh,

1605 2171 1850 2229 ,αὐτέων
1900 2178 2144 2229 retinuit.
2213 2178 2344 2227 Mox
2389 2177 2515 2229 dedi
2558 2176 2720 2229 αιὸε

1632 2243 1707 2297 δὲ
1756 2241 1884 2298 ἑντ
1961 2243 2176 2328 Λυδίῃ,
2231 2247 2326 2297 ubi
2373 2249 2512 2299 male
2551 2248 2719 2314 vulgo

1633 2318 1801 2368 edunt
1834 2262 1922 2366 at?
1942 2312 2035 2365 δέ.
2110 2316 2200 2365 Ita
2235 2332 2451 2397 quoque
2487 2318 2719 2384 Stepha-

1632 2402 1734 2437 nus
1756 2385 2096 2451 Byzantinus
2137 2401 2183 2435 s.
2223 2402 2278 2439 v.
2296 2377 2557 2451 ’.Εφεσος
2617 2388 2719 2438 Mi-

1629 2456 1726 2506 leti
1761 2462 1944 2506 autem
1981 2454 2212 2517 Neleus,
2250 2456 2442 2506 Ionum
2480 2472 2525 2506 s.
2554 2456 2719 2508 Athe-

1631 2525 1901 2576 niensium
1923 2524 2049 2585 dux,
2078 2525 2389 2575 consedisse
2411 2525 2600 2589 fertur,
2630 2541 2720 2575 ex-

1630 2595 1802 2662 pulsis
1848 2594 1918 2643 iis
1955 2592 2210 2659 gentibus
2252 2595 2526 2656 barbaris,
2577 2609 2718 2660 quae

1633 2664 1761 2716 olim
1794 2663 1937 2713 hanc
1971 2662 2248 2726 regionem
2281 2668 2569 2714 tenuerant
2619 2662 2714 2727 (es.

1633 2735 1681 2796 Ι,
1723 2731 1867 2798 149).
1937 2731 2043 2793 Qui
2073 2731 2274 2781 Neleus
2324 2746 2446 2782 cum
2483 2737 2594 2782 tres
2630 2747 2717 2782 ur-

1632 2802 1729 2852 bes
1766 2800 2078 2852 condidisse
2109 2800 2458 2865 perhibeatur
2501 2805 2717 2866 praeter

1631 2870 1907 2931 Miletum,
1981 2869 2076 2918 vix
2101 2879 2108 2885 ·
2135 2868 2358 2920 dubium
2420 2875 2529 2934 est,
2593 2869 2715 2920 illas

1632 2941 1803 2991 fuisse
1840 2939 2096 3002 Myuntem
2143 2943 2198 2988 et
2232 2940 2472 2990 Prienen.
2557 2939 2717 2990 Unde

1633 3011 1801 3061 etiam
1847 3009 1956 3059 illis
2009 3008 2185 3058 tribus
2233 3024 2568 3060 communem
2617 3008 2717 3058 lin-

1632 3094 1795 3145 guam
1843 3079 2013 3129 fuisse
2057 3092 2214 3127 nemo
2259 3078 2561 3129 mirabitur.
2631 3080 2716 3129 De

1631 3149 1729 3216 My
1731 3158 1849 3200 unte
1892 3151 2108 3212 praeter
2142 3147 2414 3200 Herodoti
2458 3148 2609 3199 locos
2645 3150 2713 3211 V,

1630 3169 1729 3269 363!
1735 3221 1789 3269 et
1824 3218 1921 3280 VI,
1961 3216 1994 3266 8
2028 3215 2150 3266 vide
2194 3217 2432 3283 reliquos
2467 3222 2604 3268 vett.
2638 3217 2716 3267 10·

1631 3303 1724 3338 eos
1762 3286 1907 3351 apud
1942 3285 2226 3349 Forbiger.
2261 3286 2485 3338 Handb.
2523 3286 2575 3337 d.
2616 3286 2713 3337 alt.

1632 3359 1829 3422 Geogr.
1868 3356 1944 3405 11.
1994 3371 2046 3419 Ρ.
2094 3354 2198 3406 213
2229 3370 2373 3423 seq.,
2423 3357 2715 3421 praecipue

1628 3427 1867 3476 Pausan.
1904 3424 2041 3484 VII,
2081 3426 2132 3473 2.
2166 3426 2217 3486 ς.
2257 3427 2314 3489 7,
2363 3426 2456 3489 qui
2488 3440 2715 3489 parvum

1631 3496 1686 3545 in
1711 3510 1842 3560 agro
1874 3492 2091 3559 Myusio
2128 3492 2293 3542 maris
2331 3495 2508 3543 sinum
2543 3493 2715 3542 fuisse

1630 3565 1851 3625 scribit,
1897 3577 1930 3611 a
1963 3561 2261 3611 Maeandro
2298 3562 2464 3611 fluvio
2510 3561 2568 3610 in
2604 3565 2715 3612 sta-

1627 3648 1806 3699 gnum
1827 3633 1907 3681 ita
1945 3644 2292 3692 conversum,
2352 3635 2415 3680 ut
2449 3630 2600 3680 urbis
2635 3631 2715 3680 in-

1629 3702 1810 3764 colae,
1850 3700 1918 3750 ob
1955 3699 2231 3764 ingentem
2268 3697 2500 3750 culicum
2538 3699 2648 3749 vim
2683 3715 2713 3749 e

1626 3770 1915 3837 paludibus
1965 3774 2140 3818 ortam
2186 3767 2348 3818 rebus
2398 3768 2513 3818 suis
2548 3770 2714 3819 omni·

1625 3842 1728 3892 bus
1777 3838 2072 3904 asportatis
2113 3835 2361 3888 Miletum
2395 3839 2711 3904 migrarint,

1627 3909 1888 3973 additque
1935 3920 2037 3956 sua
2082 3910 2266 3956 aetate
2312 3906 2445 3957 nihil
2487 3907 2714 3973 Myunte

1628 3979 1906 4031 exstitisse
1927 3975 2036 4026 nisi
2055 3975 2288 4041 Dionysi
2307 3977 2584 4041 templum.
2626 3977 2714 4030 cf.

1626 4050 1793 4100 etiam
1841 4047 1945 4097 hac
2002 4044 2071 4095 de
2115 4060 2175 4096 re
2222 4047 2396 4098 Raoul
2446 4047 2714 4098 Roehette

1625 4119 1775 4169 Hist.
1818 4116 1885 4167 de
1920 4111 2209 4166 Petabliss.
2249 4116 2343 4167 des
2383 4115 2486 4167 col.
2515 4116 2711 4183 Greeq.

1627 4189 1692 4238 T.
1740 4187 1845 4238 111.
1896 4202 1951 4251 p.
2002 4183 2071 4236 85
2117 4201 2233 4251 seq.
2315 4186 2581 4237 Lehnert.
2628 4188 2714 4236 De

1626 4257 1772 4308 foed.
1803 4256 1978 4306 Ionio.
2015 4271 2070 4320 p.
2108 4255 2142 4304 4
2176 4270 2291 4320 seq.
2363 4255 2445 4306 Ac
2479 4258 2599 4305 tota
2632 4270 2714 4304 re-

1625 4328 1786 4393 gione
1819 4325 1948 4376 inde
1984 4339 2018 4374 a
2051 4324 2360 4374 Pausaniae
2407 4328 2592 4374 aetate
2626 4322 2714 4374 vel

1623 4396 1799 4463 magis
1824 4398 2039 4446 mutata
2061 4408 2159 4457 per
2177 4391 2499 4443 Maeandri·
2483 4408 2541 4442 ιιι
2566 4406 2713 4443 mare

2166 4470 2292 4535 19*
