3109 5092
440 321 564 383 306

1308 321 1852 382 HERODOTI

443 497 885 589 Αἰγιρόεσσα,
922 493 1219 586 Πιτάνη,
1263 500 1540 583 Αἰγαῖαι
1561 546 1580 581 ,
1622 494 1938 585 Μύρινα,
1974 493 2304 585 Γρύνεια·
2366 486 2564 565 αὗται
2595 498 2707 565 ἕν-

446 611 610 674 δεκα
658 601 963 670 Αἰολέων
1006 597 1232 681 πόλιες
1271 604 1349 669 αἱ
1376 597 1666 689 ἀρχαῖαι.
1742 605 1862 688 μία
1900 597 2031 689 γάρ
2083 619 2317 687 σφεων
2352 599 2710 690 παρελύθη

443 704 578 777 ὑπὸ
611 703 894 790 ’Ῑωνων,
930 702 1236 794 Σμύρνη.
1324 694 1497 792 ἦσαν
1523 730 1655 792 γαρ
1694 703 1806 771 καὶ
1835 691 2034 771 αὗται
2072 702 2386 773 δυώδεκα
2417 709 2494 773 αἱ
2515 705 2591 773 ἐν
2629 706 2710 791 τῇ

443 808 722 901 ἦπείρω.
767 796 954 876 οὗτοι
983 807 1060 877 δὲ
1088 812 1159 877 οἱ
1179 807 1455 886 Αἰολέες
1481 805 1709 896 χώρην
1732 805 1857 894 μὲν
1883 811 2122 893 ἔτυχον
2148 813 2496 887 κτίσαντες
2524 804 2714 894 ἀμεί-

317 925 436 985 150
452 941 549 983 νω
570 910 854 997 Ἰώνων,
893 904 1125 1003 ὡρίων
1162 911 1238 980 δὲ
1277 931 1581 999 ηκουσαν
1614 905 1740 979 οὐκ
1773 904 2034 996 ὁμοίως.
2104 908 2435 999 Σμύρνην
2472 909 2549 979 δὲ
2584 900 2716 978 ὧδε

447 1014 789 1105 ἀπέβαλον
823 1017 1117 1095 Αἰολέες.
1199 1020 1685 1101 Κολοφωνίους
1725 1009 1977 1102 ανδρας
2024 1012 2251 1082 στάσει
2298 1015 2720 1092 ἑσσωθέντας

447 1121 561 1189 καὶ
592 1114 993 1198 ἐκπεσόντας
1038 1119 1113 1186 ἐκ
1155 1122 1272 1208 τῆς
1308 1121 1628 1206 πατρίδος
1672 1110 2104 1197 ὑπεδέξαντο.
2173 1116 2338 1205 μετὰ
2374 1117 2452 1188 δὲ·
2486 1119 2557 1186 οἰ
2583 1116 2715 1204 ἔρυ-

454 1318 649 1382 refert,
697 1318 925 1384 primam
968 1318 1118 1368 urbis
1153 1318 1415 1384 originem
1450 1318 1537 1368 Io-

451 1389 615 1441 nibus
648 1387 902 1452 Ephesiis
936 1388 1146 1449 deberi3
1181 1404 1316 1454 quos
1352 1393 1537 1438 tamen

454 1462 580 1525 post
616 1458 685 1507 ab
723 1454 984 1507 Aeolibus
1025 1458 1229 1508 eiectos
1273 1457 1538 1522 Colopho-

454 1544 576 1578 nem
607 1543 669 1576 se
693 1528 982 1592 recepisse.
1054 1527 1212 1578 Unde
1242 1528 1349 1578 iam
1381 1526 1539 1577 intel-

454 1598 697 1664 ligimus,
752 1612 848 1646 cur
883 1596 1339 1662 Colophoniorum
1383 1612 1540 1647 exsu-

453 1667 534 1717 les
603 1665 755 1716 urbis
814 1667 1077 1731 Smyrnae
1141 1666 1541 1732 aggrediendae

457 1736 746 1787 consilium
780 1737 1002 1802 capiant
1035 1741 1092 1787 et
1126 1751 1185 1787 re
1222 1741 1446 1801 peraeta
1477 1735 1541 1784 il·

457 1806 566 1856 lam
612 1810 862 1869 teneant,
915 1805 1175 1857 Aeolibus
1224 1806 1540 1870 Smyrnaeis

459 1876 581 1926 loco
616 1874 952 1926 cedentibus.
1022 1876 1182 1926 Conf.
1225 1876 1402 1927 Raoul
1438 1876 1543 1926 Ro-

461 1945 643 1996 chette
688 1943 727 1994 l.
764 1944 801 1995 1.
855 1960 983 2010 pag.
1020 1945 1106 1996 99.
1152 1944 1267 1997 100.
1318 1950 1373 1995 et
1416 1943 1541 1994 add.

459 2014 722 2064 Lehnert:
770 2015 856 2063 De
892 2014 1110 2065 foedere
1147 2014 1336 2064 Ionico
1375 2030 1430 2078 p.
1477 2013 1544 2064 23

461 2099 616 2148 seqq.
690 2081 754 2132 G.
795 2083 872 2133 M.
910 2083 1089 2134 Lane:
1128 2084 1549 2148 Smyrnaeorum

464 2167 550 2202 res
573 2155 760 2216 gestae
774 2155 829 2200 et
847 2153 1056 2217 antiqq.
1074 2150 1341 2218 (Gotting.
1364 2149 1551 2214 1851.)

466 2237 518 2285 p.
560 2221 625 2269 12
661 2235 813 2284 seqq.
882 2220 1141 2271 Veterum
1188 2227 1242 2271 et
1285 2221 1553 2270 recentio-

465 2304 584 2339 rum
629 2289 956 2352 scriptorum
1013 2290 1162 2339 locos
1223 2291 1291 2341 de
1334 2289 1555 2354 Smyrna

466 2358 693 2423 praebet
743 2372 957 2422 quoque
1001 2359 1272 2424 Forbiger
1302 2359 1378 2408 Π.
1423 2374 1552 2424 pag.

472 2426 569 2479 181
604 2442 720 2492 seq.
793 2426 1028 2478 Constat
1059 2444 1189 2478 vero
1220 2443 1426 2494 paucas
1462 2428 1556 2478 ad·

467 2498 574 2547 huc
609 2511 894 2561 superesse
935 2497 1193 2563 reliquias
1229 2498 1432 2549 veteris
1471 2513 1558 2547 ur-

469 2568 584 2630 bis,
637 2567 696 2615 in
742 2566 896 2616 cuius
942 2567 1122 2617 locum
1160 2568 1328 2618 cessit
1366 2568 1559 2618 floren-

469 2637 685 2686 tissima
727 2635 886 2699 urbs,
938 2653 1078 2702 quae
1122 2642 1283 2688 vetus
1330 2637 1558 2687 retinuit

470 2721 685 2756 nomen.
769 2705 856 2755 Tu
906 2707 1053 2758 conf.
1100 2708 1443 2772 potissimum
1490 2705 1559 2756 de

470 2776 674 2826 veteris
710 2775 859 2826 urbis
895 2775 1016 2827 loco
1052 2777 1331 2828 Prokesch
1369 2778 1426 2826 in
1451 2776 1559 2826 Au-

471 2845 602 2895 nall.
637 2844 832 2895 Vienn.
869 2845 1128 2895 LXVIII.
1154 2845 1473 2911 Anzeigebl.
1504 2861 1558 2910 p.

475 2916 543 3033 ξιξ)
579 2929 732 2977 seqq.
783 2913 907 2964 coll.
948 2914 1176 2966 LXVII.
1213 2916 1350 2965 Auz.
1357 2915 1464 2966 -Bl.
1501 2930 1556 2979 p.

580 2997 732 3059 seqq.

544 3043 843 3114 Λήρισσαι]
879 3050 995 3099 Iam
1032 3051 1366 3114 monuimus,
1417 3051 1563 3113 aliis,

473 3125 537 3169 ut
561 3119 845 3180 Straboni,
882 3120 1068 3169 urbem
1098 3120 1205 3170 dici
1240 3112 1558 3184 Ααρισσαν,

476 3205 511 3238 a
548 3204 653 3254 quo
690 3187 989 3238 Herodotei
1023 3188 1151 3238 libri
1185 3190 1404 3254 absunt,
1434 3204 1565 3254 quo-

477 3274 596 3308 rum
646 3261 755 3309 tres
804 3257 1060 3307 exhibent
1103 3251 1370 3322 Λήρισαι,
1423 3274 1563 3323 quae

478 3328 721 3378 varietas
773 3327 1002 3376 recurrit
1043 3327 1141 3389 IX,
1192 3328 1378 3390 1‚ubi
1425 3344 1565 3378 unus

476 3397 614 3448 liber
637 3397 961 3461 Ληρισαῖος.
1001 3396 1157 3447 Conf.
1180 3401 1363 3447 tamen
1382 3397 1565 3448 Schol.

480 3466 730 3532 Apollon.
780 3466 954 3516 Rhod.
999 3466 1046 3529 1,
1091 3467 1181 3519 40.
1254 3467 1418 3518 Numi
1464 3468 1569 3517 fre-

486 3541 712 3602 quenter
746 3533 1185 3585 ΑΑΡΙΣΑΙΩΝ.
1256 3537 1403 3587 Hinc
1438 3538 1574 3587 Bre-

487 3606 612 3656 doV.
649 3623 704 3671 p.
731 3606 799 3656 97
834 3621 955 3655 cum
979 3605 1260 3669 BekkerO,
1295 3622 1454 3684 quem
1490 3621 1574 3656 se-

486 3677 671 3741 quitur
685 3675 929 3738 Dietseh,
958 3676 1146 3740 reponi
1168 3675 1286 3724 vult
1306 3668 1569 3741 Λήρισαι.

488 3776 557 3785 ——-
578 3746 707 3796 Mox
738 3743 968 3810 Τῆμνος
1000 3761 1145 3796 nunc
1183 3749 1330 3795 recte
1366 3745 1570 3795 editum

487 3829 584 3877 pro
626 3813 841 3878 Τῆνος,
891 3814 1343 3879 quemadmodum
1380 3814 1574 3879 Cycla·

487 3881 612 3930 dum
649 3898 759 3932 una
797 3851 1122 3948 a’ppellatur.

559 3943 917 4017 Αἰγιρόεσσα]
952 3953 1131 4003 Huius
1168 3953 1401 4003 nominis
1440 3952 1575 4002 civi-

488 4023 659 4069 tatem
696 4019 975 4070 Aeolicam
1017 4023 1268 4086 nuspiam
1314 4037 1576 4072 memora-

1638 1317 1807 1368 Elaea
1825 1316 1899 1367 sit
1916 1316 2273 1382 intelligenda
2290 1306 2544 1383 (Ἐλαία),
2562 1330 2723 1381 quam

1639 1387 1827 1437 urbem
1864 1386 2168 1451 Aeolicam,
2221 1388 2277 1436 in
2319 1387 2422 1437 hoc
2457 1385 2725 1436 Herodoti

1639 1471 1867 1507 recensu
1897 1457 2177 1520 omissam,
2213 1457 2411 1519 Strabo
2437 1454 2727 1521 aliquoties

1641 1527 1888 1577 nominat
1933 1532 2098 1592 atque
2147 1526 2455 1592 Stephanus
2490 1527 2726 1590 Byzant.

1644 1596 1782 1659 (vid.
1820 1596 2098 1647 Mannert:
2138 1596 2447 1662 Geograph.
2486 1600 2593 1646 etc.
2630 1594 2726 1656 VI,

1643 1666 1693 1718 3.
1740 1682 1794 1731 p.
1845 1664 1991 1730 396),
2038 1670 2187 1716 recte
2220 1666 2506 1716 dubitante
2539 1663 2730 1714 Forbi-

1644 1752 1757 1802 ger.
1803 1734 1912 1786 1.l.
1950 1751 2003 1800 p.
2051 1736 2168 1799 152,
2206 1736 2300 1801 qui
2336 1736 2454 1800 ipse
2489 1734 2730 1799 suspica-

1644 1811 1764 1869 tur,
1809 1804 1876 1855 de
1912 1805 2112 1870 Aegiro
2148 1806 2205 1854 in
2238 1806 2419 1856 Lesbo
2463 1803 2552 1854 hic
2587 1803 2732 1868 cogi-

1648 1875 1755 1925 tari
1791 1889 1970 1939 posse.
2045 1874 2560 1955 Schweighaeuser-0
2604 1872 2732 1922 olim

1647 1945 1857 2010 placuit
1884 1944 2119 1994 scribere
2145 1934 2514 2009 Ἀργινόεσσα,
2539 1948 2602 1992 ut
2623 1956 2735 1991 una

1651 2028 1823 2079 eaque
1845 2014 2210 2078 praestantior
2221 2013 2615 2080 intelligeretur
2631 2011 2680 2060 A
2686 2028 2735 2059 r

1646 2099 1937 2149 mansarum
1993 2083 2199 2146 insula,
2259 2100 2395 2149 quas
2442 2082 2512 2132 ad
2559 2080 2738 2131 Aeoli-

1653 2168 1772 2203 cam
1792 2156 2009 2218 gentem
2026 2154 2356 2218 pertinuisse
2379 2156 2616 2204 constat.
2653 2154 2738 2201 De

1653 2221 1738 2270 his
1788 2223 1934 2272 conf.
1979 2223 2169 2287 Poppo
2209 2222 2279 2272 ad
2328 2221 2634 2286 Thucydid.
2672 2222 2736 2270 P.

1656 2291 1703 2340 Ι.
1740 2289 1862 2340 Vol.
1896 2290 1972 2340 II.
2009 2306 2065 2355 p.
2102 2293 2206 2342 448
2233 2307 2348 2358 seq.
2421 2291 2529 2343 Sed
2565 2291 2741 2355 ipsum

1655 2360 1832 2410 virum
1870 2359 2088 2409 doctum
2121 2376 2231 2410 non
2257 2362 2423 2428 fugit,
2461 2359 2744 2410 adversari

1655 2429 1760 2479 hoc
1796 2428 2064 2478 Herodoti
2098 2431 2306 2494 verbis,
2348 2431 2443 2495 qui
2477 2428 2576 2479 has
2613 2429 2743 2479 civi·

1657 2502 1802 2548 tates
1840 2514 2024 2548 omnes
2059 2499 2117 2548 in
2146 2500 2446 2550 continenti
2480 2499 2742 2562 posuerit.

1659 2568 1832 2617 Cobet
1856 2568 2022 2618 scribi
2050 2568 2169 2619 vult
2196 2560 2582 2633 Αἰγειρόεσσα.
2594 2569 2742 2618 ——In

1659 2653 1811 2702 seqq.
1832 2653 1928 2702 pro
1960 2633 2185 2702 Αἰγαιαι
2207 2654 2346 2688 nnus
2366 2637 2502 2688 liber
2521 2632 2745 2702 Αἰγαία,

1658 2723 1761 2757 nec
1787 2706 1947 2757 aliter
1964 2706 2125 2757 Valla
2147 2709 2478 2774 exprimens.
2513 2707 2745 2788 Aegaea.

1729 2775 1832 2840 μία
1876 2791 1982 2840 γαρ
2040 2789 2234 2840 σφεων
2282 2773 2583 2842 παρελύθη
2629 2768 2746 2825 ὑπὸ

1649 2836 1885 2911 Ἰώνων]
1923 2846 1959 2895 i.
2000 2861 2048 2896 e.
2088 2846 2222 2897 haec
2267 2863 2379 2898 una
2422 2849 2625 2899 ademta
2662 2849 2747 2898 est

1658 2914 1768 2965 illis
1804 2915 2068 2981 (Aeolicis
2109 2915 2453 2980 civitatibus)
2503 2933 2548 2968 s.
2599 2932 2750 2981 sepa-

1665 2992 1810 3064 rata,
1848 2985 2045 3035 divulsa
2081 2986 2150 3036 ab
2189 2987 2437 3038 Ionibus.

1734 3022 1928 3117 ὡρέων
1965 3044 2103 3103 ὃὲ”
2061 3069 2321 3118 ηκουσαν
2361 3046 2468 3106 οὔκ
2516 3046 2746 3120 ὁμοίως]

1663 3123 1700 3173 i.
1737 3139 1784 3175 e.
1808 3121 1969 3188 (quae
2006 3140 2136 3175 vero
2165 3126 2334 3189 terra)
2358 3127 2487 3176 coeli
2517 3126 2752 3189 temperie

1663 3208 1761 3242 non
1806 3193 2062 3258 aequabat
2108 3194 2278 3244 Ionum
2334 3197 2599 3260 regionem.
2669 3195 2754 3243 De

1664 3252 1858 3340 ὡρέων
1889 3261 2126 3313 vidimus
2155 3264 2227 3314 ad
2255 3263 2302 3327 1,
2343 3265 2459 3329 142,
2496 3264 2565 3315 de
2587 3263 2753 3314 verbo

1665 3320 1831 3395 ἥκειν
1868 3331 1937 3382 ad
1974 3332 2020 3396 Ῑ,
2058 3334 2145 3385 30.

2073 3504 2208 3557 Car.
2246 3505 2358 3557 CL.

1742 3597 2020 3670 Σμύρνην
2055 3601 2119 3656 δὲ
2156 3594 2266 3656 ὦδε
2301 3597 2590 3673 ἀπέβαλον
2629 3602 2758 3655 Αἰο-

1673 3673 1811 3741 λέες]
1873 3676 2111 3739 Eadem,
2179 3693 2320 3742 quae
2370 3676 2458 3726 hic
2511 3675 2760 3741 legimuS,

1671 3745 1978 3794 Pausanias
2021 3714 2189 3797 refert
2235 3747 2361 3809 VII,
2401 3747 2451 3808 5,
2489 3746 2578 3795 cui
2612 3746 2761 3795 Stra-

1673 3813 1802 3866 bon.
1835 3815 2000 3880 iunge
2025 3817 2174 3867 XIV.
2199 3832 2253 3881 p.
2274 3815 2378 3865 940
2410 3816 2476 3865 Β.
2495 3808 2562 3864 C.
2601 3813 2760 3864 Conf-

1675 3899 1817 3948 quae
1877 3884 1948 3934 ad
2007 3887 2053 3948 Ι,
2119 3885 2220 3936 149
2276 3883 2633 3934 excitavimus
2697 3882 2763 3932 de

1677 3954 1911 4018 Smyrna
1946 3959 2000 4003 et
2045 3954 2173 4005 add.
2223 3954 2398 4004 Bode:
2455 3952 2655 4003 Gesch.
2708 3953 2763 4002 d.

1675 4021 1876 4073 hellen.
1912 4023 2106 4074 Poesie
2141 4024 2188 4074 1.
2225 4040 2282 4088 p.
2317 4023 2421 4074 250
2452 4038 2567 4088 seq.
2636 4022 2767 4072 Mox

487 4094 601 4137 tam
649 4089 973 4140 invenimus.
1045 4092 1148 4141 Est
1188 4106 1355 4141 unum
1391 4092 1577 4158 Mega-
1679 4092 1874 4171 reliqui
1901 4085 2105 4157 στάσει,
2134 4093 2261 4156 utI,
2296 4093 2386 4156 60,
2422 4092 2515 4142 ubi
2535 4092 2646 4142 vid
2685 4090 2768 4140 Ad

486 4157 632 4207 ricae
699 4160 875 4207 terrae
942 4158 1199 4223 oppidum
1267 4161 1574 4225 obscurum,

375 4247 386 4259 ·
488 4226 632 4292 quod
681 4227 989 4277 nominatur
1034 4222 1371 4294 Αἰγειρούση
1430 4199 1575 4295 apud

489 4296 813 4346 Strabonem
867 4295 966 4347 IX.
1012 4313 1069 4362 p.
1118 4298 1222 4348 304
1269 4313 1314 4348 s.
1361 4298 1465 4349 604
1512 4300 1575 4349 C.

1675 4152 2030 4221 ὑπεδέξαντο
2078 4179 2145 4212 ex
2196 4162 2544 4212 antecedenti
2577 4153 2767 4224 Σμύρ-

1681 4245 1714 4279 ν
1760 4246 1793 4280 ν
1829 4260 1899 4270 —-
1937 4227 2160 4289 Αἰολέες
2199 4235 2379 4282 mente
2418 4229 2769 4308 repetendum

1682 4246 1753 4350 οἵ
1783 4299 2126 4365 Σμυρναῖοι.
2158 4330 2228 4341 --
2264 4301 2330 4350 In
2381 4315 2534 4365 seqq.
2590 4299 2660 4350 ad
2705 4289 2772 4347 τὰ

485 4366 557 4417 D.
633 4367 812 4428 Quare
836 4371 1131 4434 quaerunt,
1170 4383 1241 4418 an
1273 4368 1363 4418 hic
1395 4368 1579 4432 potius
1679 4363 1892 4419 ἔπιπλα
1928 4370 2077 4421 conf.
2115 4370 2161 4433 Ι,
2201 4368 2290 4433 94,
2327 4369 2512 4434 ibique
2549 4373 2690 4419 nott.
