3109 5092
441 368 566 432 666

1313 376 1839 439 HERODOTI

447 547 662 620 πόλον
701 549 826 638 μὲν
867 548 997 640 γὰρ
1033 553 1144 620 καὶ
1173 550 1523 639 γνώμονα,
1571 553 1683 622 καὶ
1709 550 1791 622 τὰ
1820 551 2135 622 δυώδεκα
2176 556 2383 642 μέρεα
2411 557 2528 640 τῆς
2554 547 2717 640 ἡμέ·

440 754 510 805 ad
544 753 707 818 Diog.
758 752 945 807 Laert.
991 755 1126 819 VII,
1177 757 1261 808 11.
1346 758 1524 821 Atque

439 823 660 875 Servius
713 838 928 889 quoque
982 824 1050 875 ad
1087 825 1279 890 Virgil.
1328 824 1521 889 Eclog.

439 894 552 953 111,
590 892 652 943 41
703 890 816 943 Nili
859 894 1269 957 inundationes,
1324 895 1521 959 quibus

437 962 845 1028 possessionum
888 964 1103 1014 termini
1149 965 1352 1015 fuerint
1399 980 1522 1014 con·

439 1030 566 1095 fu‘si,
603 1036 727 1097 post
751 1033 1067 1097 renovandi,
1105 1034 1178 1084 ad
1201 1039 1370 1084 artem
1399 1050 1522 1100 geo-

439 1101 716 1154 metricam
741 1102 1120 1154 inveniendam
1138 1103 1375 1154 valuisse
1394 1103 1524 1153 scri-

437 1174 538 1224 bit.
599 1171 807 1232 Quibus
840 1172 1040 1223 similia
1065 1173 1231 1224 babet
1254 1173 1524 1225 Diodorus

443 1241 588 1306 Ι,81,
607 1241 700 1290 ubi
720 1241 832 1291 vid.
846 1242 1195 1308 Wesseling„
1210 1248 1264 1294 et
1278 1242 1523 1294 Clemens

439 1310 731 1363 Alexandr.
775 1310 973 1361 Strom.
1009 1313 1066 1375 Ι,
1110 1314 1194 1366 16.
1234 1329 1363 1379 pag.
1400 1312 1522 1373 361,

440 1382 508 1431 de
546 1380 834 1463 Aegyptiis
869 1381 1137 1432 scribens:
1186 1380 1526 1447 γεωμετρίας

439 1444 505 1499 δὲ
546 1464 619 1498 av
669 1445 891 1512 ευρεταὶ
937 1443 1215 1515 γεγόνασι.
1299 1452 1407 1515 Qui
1452 1451 1522 1501 ab

438 1519 719 1570 Herodoto
755 1518 1044 1571 dissentire
1070 1521 1343 1583 videntur,
1381 1521 1418 1570 ii
1445 1525 1525 1571 ta·

441 1605 563 1640 men
600 1592 656 1638 et
690 1589 796 1655 ipsi
832 1589 904 1640 ad
927 1591 1234 1656 Aegyptum
1273 1591 1407 1640 artis
1443 1591 1524 1641 in-

437 1657 744 1710 ventionem
762 1659 1022 1723 referunt,
1038 1661 1527 1724 remotioribusque

440 1746 506 1780 ex
525 1729 859 1794 temporibus
882 1744 1001 1779 eam
1020 1735 1289 1796 repetunt.
1314 1730 1524 1792 Quibus

440 1799 735 1850 adnumero
772 1799 1057 1850 Platonem
1105 1801 1161 1850 in
1196 1799 1429 1850 Phaedr.
1479 1804 1522 1851 t.

327 1902 338 1915 .
439 1869 545 1920 m.
571 1884 625 1932 p.
648 1870 752 1919 274
776 1869 818 1919 c
857 1867 933 1934 (p.
958 1870 1060 1920 274
1085 1871 1148 1920 c.
1171 1871 1262 1931 D.,
1289 1869 1384 1919 ubi
1408 1868 1520 1919 vid.

438 1940 561 1989 Ast.
586 1954 642 2003 p.
665 1937 815 2001 383),
850 1938 1134 1991 Iamblich.
1159 1941 1259 1990 vit.
1283 1938 1519 2003 Pythag.

439 2012 492 2071 §-
519 2006 605 2058 29.
629 2023 681 2072 p.
711 2007 807 2058 134
824 2046 837 2069 ,
878 2008 1203 2060 Anticlidem
1226 2008 1370 2074 apud
1391 2009 1522 2058 Dio-

441 2093 566 2141 gen.
603 2078 790 2127 Laert.
822 2077 989 2140 VIII,
1019 2079 1113 2139 ll,
1163 2093 1298 2143 quos
1334 2076 1523 2127 laudat

439 2145 745 2197 Larcberus
771 2146 827 2196 in
860 2152 1004 2210 not.,
1042 2147 1136 2213 qui
1162 2151 1310 2197 recte
1341 2151 1523 2197 monet

440 2215 541 2266 sub
578 2215 796 2280 Iosephi
843 2215 1135 2267 adventum
1181 2218 1238 2266 in
1272 2218 1522 2281 Aegypto

437 2287 548 2335 iam
583 2284 755 2334 fuisse
787 2284 929 2336 banc
959 2301 1213 2350 agrorum
1239 2286 1525 2336 dimensio-

439 2369 561 2404 nem
607 2369 672 2404 ac
718 2355 1091 2418 partitionem,
1139 2359 1282 2405 teste
1323 2356 1521 2407 Genes.

440 2422 664 2486 XLVII,
679 2424 766 2475 20.
799 2423 884 2474 Ad
904 2425 1143 2475 Graecos
1164 2428 1366 2486 autem,
1382 2428 1444 2474 ut
1457 2440 1523 2474 ex

440 2493 629 2544 eadem
655 2492 915 2544 Larcheri
946 2498 1080 2544 nota
1112 2498 1357 2559 apparet,
1383 2493 1525 2544 Tha-

437 2564 516 2614 les
567 2565 919 2628 geometriam
979 2565 1181 2628 primus
1235 2562 1526 2629 pertulisse

439 2638 693 2684 narratur
750 2634 1011 2700 (Diogen.
1063 2634 1248 2684 Laert.
1304 2633 1386 2695 11,
1447 2634 1522 2697 2),

439 2708 502 2755 ut
536 2701 799 2768 Apuleius
845 2703 983 2754 adeo
1030 2708 1358 2769 repertorem
1407 2704 1523 2753 eius

438 2772 584 2838 apud
610 2774 849 2824 Graecos
873 2773 1016 2825 hunc
1040 2772 1419 2838 philosophum
1448 2773 1524 2823 di-

439 2842 579 2893 xerit
636 2840 863 2907 (Florid.
924 2859 979 2907 p.
1027 2839 1178 2907 816).
1262 2842 1341 2892 Ac
1389 2858 1523 2893 sane

441 2912 664 2973 Graeci,
713 2910 844 2962 licet
883 2913 1171 2978 Aegyptiis
1223 2912 1522 2976 practicam

439 2978 712 3044 quandam
763 2982 1093 3044 geometriae
1155 2982 1523 3046 cognitionem

441 3047 827 3109 concedamus,
865 3049 933 3098 ad
969 3066 1129 3114 quam
1156 3055 1367 3100 mature
1400 3051 1524 3115 ipsa

440 3122 620 3167 terrae
653 3122 849 3167 natura
903 3134 1262 3184 agrorumque
1313 3120 1523 3170 ratione

440 3190 637 3251 sponte
661 3186 885 3237 adducti
909 3188 1135 3249 fuerint,
1178 3188 1340 3252 primi
1376 3194 1522 3239 certe

440 3256 612 3306 fuisse
653 3255 931 3319 videntur,
985 3258 1079 3321 qui
1120 3257 1258 3308 artis
1309 3272 1522 3323 geome-

439 3325 612 3376 tricae
652 3327 918 3377 rationem
965 3327 1348 3377 constituerint
1391 3343 1520 3377 ean-

440 3394 669 3461 demque
706 3396 775 3446 ad
812 3396 947 3446 artis
988 3396 1216 3447 formam
1249 3396 1521 3447 habitum-

440 3480 546 3531 que
581 3465 912 3531 redegerint3
961 3466 1107 3517 conf.
1142 3468 1417 3517 Letronne
1463 3467 1521 3517 in

437 3535 686 3587 Journal.
726 3535 779 3587 d.
815 3535 945 3586 Sav.
983 3536 1136 3587 1840.
1176 3551 1228 3600 p.
1269 3537 1373 3587 749
1405 3550 1519 3602 seq.

439 3609 495 3655 et
533 3605 760 3672 Finger:
817 3607 902 3656 De
945 3605 1252 3670 primordiis
1297 3606 1522 3656 Geome-

437 3674 578 3723 triae
642 3675 787 3740 apud
842 3675 1080 3725 Graecos
1142 3673 1519 3740 (Heidelberg.

441 3740 599 3807 1831)
637 3759 691 3808 p.
731 3744 816 3805 12,
860 3744 970 3808 qui,
1011 3757 1150 3808 quae
1187 3744 1257 3794 de
1291 3742 1522 3794 Thalete

437 3809 743 3873 traduntur,
778 3813 835 3861 in
864 3827 1087 3862 examen
1110 3813 1347 3875 vocavit,
1375 3818 1523 3862 recte

439 3893 692 3943 monens,
738 3880 1067 3945 Aegyptios,
1112 3881 1256 3948 quod
1291 3881 1360 3931 ad
1396 3896 1522 3945 geo·

438 3948 664 3998 metriae
708 3954 879 3998 artem
913 3950 1113 3999 attinet
1130 3987 1144 4012 ,
1195 3950 1340 4001 ultra
1374 3951 1521 4000 vitae

437 4017 817 4066 necessitatem
853 4033 1171 4082 progressos
1206 4035 1314 4070 non
1350 4018 1521 4069 videri

438 4084 1149 4218 fiffl¹¹31222¹333²2ffi532225⁸
1191 4086 1518 4218 (ἰῗέἓιῖἳιέἓ

440 4237 580 4288 quae
627 4223 682 4271 in
715 4222 1027 4273 universum
1062 4224 1130 4275 de
1170 4224 1273 4277 hac
1312 4242 1370 4276 re
1414 4224 1521 4276 dis-

438 4295 597 4358 putat
637 4291 873 4342 Ameth.
920 4291 1245 4345 Geschichte
1289 4295 1341 4346 d.
1381 4294 1516 4344 rein.

439 4360 762 4412 Mathemat.
898 4360 966 4412 79
1002 4376 1148 4429 seqq.

508 4420 729 4480 πόλον
748 4376 867 4497 μξν
895 4424 1520 4497 γὰρ,κα1γνῶμονα

1627 772 1677 805 κ.
1726 770 1772 806 τ.
1821 753 1892 822 1.,]
1947 745 2129 805 πόλον
2172 755 2284 805 iam
2318 752 2719 820 Wesselingius

1626 824 1965 889 Scaligernm
2006 821 2098 887 (ad
2117 823 2308 875 Manil.
2335 822 2444 886 ΙΙΙ,
2468 823 2596 887 434)
2634 838 2722 872 se-

1626 900 1785 945 cutus
1846 897 2174 959 exposuerat
2217 894 2548 958 hor-ominata,
2608 908 2719 957 quo

1626 963 1873 1029 singulae
1911 963 2018 1014 diei
2054 963 2220 1013 horae
2257 962 2611 1024 indicantum
2636 977 2721 1011 re-

1625 1036 1878 1099 fragante
1913 1033 2128 1098 quidem
2166 1031 2399 1083 Salmas.
2435 1032 2505 1082 ad
2538 1031 2716 1083 Solin.

1624 1120 1680 1169 p.
1719 1103 1841 1165 448,
1878 1103 1974 1154 sed
2009 1103 2345 1167 suffragante
2379 1101 2588 1152 Polluc.
2615 1102 2719 1164 lx,

1627 1176 1680 1225 5.
1713 1172 1764 1235 §-
1803 1173 1890 1224 46.
1966 1172 2133 1223 Cuius
2170 1178 2354 1223 tamen
2383 1172 2721 1223 auctoritate

1627 1246 1813 1307 spreta
1854 1242 2158 1293 Larcherus
2220 1235 2404 1290 πόλον
2458 1240 2722 1303 intelligit

1627 1312 1793 1391 coeli,
1839 1327 1997 1377 quem
2034 1311 2200 1377 vulgo
2231 1313 2398 1374 polum
2431 1325 2715 1372 vocamus,

1625 1373 1893 1448 γνώμονα
1935 1382 2239 1446 horologium
2282 1385 2453 1432 solare
2490 1381 2721 1446 (cadran

1623 1450 1863 1517 soldre).
1923 1451 2031 1502 Sed
2061 1466 2126 1501 ex
2150 1452 2273 1516 ipso
2295 1449 2559 1501 Herodoti
2592 1448 2719 1499 loco

1627 1521 1765 1571 satis
1801 1525 1992 1587 patere
2025 1520 2269 1583 videtur,
2317 1520 2385 1570 de
2421 1518 2562 1570 coeli
2598 1534 2721 1569 car-

1627 1590 1751 1642 dine
1795 1591 1885 1642 hic
1919 1590 2124 1641 nullum
2162 1606 2285 1640 esse
2317 1604 2479 1655 posse
2513 1604 2721 1638 sermo-
2817 1635 2823 1640 .

1626 1677 1779 1723 nem,
1818 1661 1916 1711 sed
1952 1660 2019 1710 de
2053 1660 2429 1710 instrumentis
2464 1663 2720 1709 astrono-

1626 1731 1810 1794 micis,
1860 1745 2088 1796 quorum
2130 1729 2361 1780 alterum
2402 1727 2718 1779 indicandis

1627 1796 1758 1850 anni
1826 1799 2301 1850 vicissitudinibus
2384 1797 2721 1860 inservierit,

1626 1868 1853 1919 alterum
1930 1869 2038 1919 diei
2110 1868 2359 1933 partibus
2378 1905 2392 1930 ,
2463 1871 2721 1917 monente

1625 1938 2159 2003 Schweighaeusero.
2248 1938 2571 1988 Accuratius
2634 1937 2720 1986 in-

1662 2008 1850 2058 uisivit
1868 2007 2008 2058 alter
2021 2006 2211 2059 Gallus
2232 2008 2516 2072 interpres,
2533 2006 2720 2069 Miot„

1624 2024 1693 2128 He
1730 2082 1961 2143 utroque
1994 2078 2358 2128 astronomico
2390 2076 2719 2126 instrumen-

1625 2152 1711 2209 to,
1760 2150 1881 2210 polo
1927 2150 1982 2197 et
2021 2162 2262 2212 ynomcme
2302 2145 2441 2196 haec
2474 2160 2715 2210 ponens:

1621 2232 1904 2283 gnomonem
1954 2215 2126 2267 fuisse
2180 2214 2483 2266 columnam
2529 2215 2587 2264 in
2637 2214 2717 2265 al·

1625 2292 1741 2336 tum
1767 2286 1891 2336 loco
1925 2285 2088 2350 plano
2113 2290 2374 2347 erectam,
2416 2285 2573 2335 cuius
2597 2300 2716 2335 um-

1624 2356 1777 2405 bram
1826 2355 2055 2405 dimensi
2108 2354 2311 2405 fuerint
2344 2354 2417 2405 ad
2463 2352 2598 2404 solis
2631 2354 2716 2405 lo-

1624 2439 1745 2476 cum
1779 2424 2273 2484 determinandum3
2305 2425 2470 2487 polian
2500 2423 2716 2474 horolo-

1624 2496 1772 2559 gium
1811 2510 2111 2545 concavum
2155 2509 2303 2555 esse,
2354 2508 2463 2558 quo
2500 2492 2574 2543 ad
2604 2493 2717 2543 sin·

1625 2564 1783 2629 gulas
1826 2564 1933 2614 diei
1968 2564 2129 2614 horas
2162 2561 2483 2613 indicandas
2511 2563 2718 2613 fuerint

1623 2635 1737 2696 usi,
1797 2633 2046 2700 quodque
2090 2649 2155 2684 eo
2204 2632 2420 2683 facilius
2458 2633 2572 2696 poli
2620 2648 2718 2682 no-

1623 2703 2349 2835 m¹m022322⁰3¹2.¹;?‘35...¹132
2364 2702 2717 2822 «ἓὲιὶθέἔιῗί

1623 2841 1749 2892 inde
1803 2841 2053 2905 denotet,
2114 2841 2465 2892 instrumenti
2527 2845 2714 2891 autem

1622 2927 1690 2963 ea
1721 2911 1889 2962 fuerit
1920 2912 2094 2962 forma
2131 2927 2197 2961 ac
2233 2910 2436 2975 figura,
2485 2914 2549 2960 ut
2589 2925 2714 2960 coe·

1621 2982 1733 3031 lum
1769 2981 1946 3032 minus
1979 2985 2391 3046 repraesentare
2413 2979 2711 3030 videretur.

1626 3051 1779 3113 Quae
1814 3050 2028 3115 quidem
2055 3050 2349 3115 explicatio
2380 3048 2714 3099 testimoniis

1623 3119 1849 3170 duorum
1892 3121 2133 3170 virorum
2181 3119 2549 3171 astronomiae
2592 3122 2710 3168 tum

1621 3189 1824 3240 veteris
1861 3194 1975 3239 tum
2002 3189 2321 3240 recentioris
2355 3188 2715 3254 peritissimo-

1620 3274 1740 3309 rum
1762 3259 1980 3309 nititur:
2002 3256 2183 3322 Bailly
2203 3258 2351 3309 Hist.
2371 3258 2438 3308 de
2460 3257 2711 3308 l‘astron.

1622 3327 1861 3379 modern.
1897 3333 1938 3378 t.
1966 3328 2010 3378 Ι.
2037 3343 2092 3393 p.
2119 3328 2186 3380 73
2217 3331 2273 3377 et
2292 3327 2584 3392 praecipue
2604 3328 2713 3376 De·

1620 3396 1853 3447 lambre.
1889 3398 2038 3448 Hist.
2073 3396 2141 3447 de
2172 3383 2418 3448 l'astron.
2456 3397 2709 3446 ancienn.

1621 3471 1664 3517 t.
1688 3467 1734 3517 Ι.
1760 3482 1812 3532 p.
1830 3465 1918 3517 48.
1940 3471 1983 3516 t.
2006 3466 2052 3517 I.
2077 3482 2130 3532 p.
2156 3466 2276 3528 512,
2295 3466 2528 3530 indeque
2551 3465 2712 3529 pleti-

1622 3550 1726 3601 que
1760 3535 1865 3584 viri
1917 3534 2066 3585 docti
2116 3503 2299 3584 πόλον
2341 3536 2408 3586 de
2454 3534 2711 3597 lem-01⁰9&

1625 3605 1791 3655 solari
1806 3603 1859 3655 h.
1881 3603 1921 3656 l.
1945 3604 2053 3656 ‹lici
2088 3602 2497 3655 intellexerunt.
2533 3602 2712 3653 Ideler

1622 3673 1910 3724 Lehrbuch
1956 3673 2011 3725 d.
2048 3672 2376 3738 Chronolog.
2412 3689 2465 3738 p.
2491 3671 2560 3723 97
2594 3687 2710 3737 seq.

1623 3747 1680 3793 et
1710 3742 2018 3793 Handbuch
2056 3742 2110 3793 d.
2140 3741 2396 3805 Cbronol.
2432 3742 2480 3793 1.
2504 3757 2561 3806 p.
2586 3741 2710 3804 234,

1621 3813 1826 3877 Finger
1859 3812 1898 3862 l.
1934 3811 1994 3873 1.,
2031 3810 2285 3862 Martinit
2323 3812 2445 3861 Von
2482 3811 2535 3861 d.
2574 3811 2713 3861 Son·

1620 3880 1902 3931 nenuhren
1938 3897 1988 3946 p.
2011 3882 2081 3931 ‘20
2111 3884 2226 3930 not.
2245 3881 2333 3941 47,
2370 3880 2714 3946 Reinganum

1624 3949 1951 4001 Geschichte
1976 3948 2029 4000 d.
2054 3948 2414 4000 Erdabbildd.
2440 3950 2488 4000 Ι.
2509 3965 2565 4014 p.
2590 3947 2711 4011 126,

1624 4018 1931 4082 Gumpach:
1979 4016 2382 4083 Zeitrechnnng
2426 4019 2480 4069 d.
2527 4017 2713 4083 Baby-

1621 4087 1732 4139 lon.
1779 4102 1836 4139 u.
1884 4087 2073 4152 Assyr.
2131 4103 2185 4151 p.
2224 4089 2293 4137 25
2337 4088 2567 4152 ipseque
2609 4087 2714 4136 Le-

1623 4159 1817 4206 tronne
1863 4156 1947 4205 in=
1991 4155 2223 4207 Journal
2270 4154 2324 4206 d.
2372 4156 2505 4206 SaV.
2558 4155 2714 4208 1839.

1619 4241 1674 4290 p.
1715 4224 1819 4276 586
1863 4223 2000 4276 haec
2034 4224 2305 4274 scribens:
2356 4224 2447 4286 „le
2493 4224 2619 4290 pole
2658 4229 2717 4275 et

1621 4293 1672 4344 le
1710 4308 1945 4358 gnomon
1988 4292 2325 4343 d'Herodote
2368 4309 2438 4343 ne
2475 4299 2717 4358 penvent

1623 4362 1739 4412 etro
1775 4366 1942 4426 qu’un
1975 4360 2179 4412 cadran
2217 4377 2353 4412 avec
2386 4378 2486 4412 son
2509 4377 2536 4411 s
2599 4362 2714 4412 le.“

1622 4430 1759 4482 Inde
1782 4431 1950 4482 miror
1980 4432 2156 4481 virum
2185 4431 2405 4482 doctum
2428 4431 2510 4483 in:
2672 4436 2717 4483 t-
