3109 5092
1023 302 1525 385 EUTERPE.
1575 305 1659 363 11.
1706 312 1826 367 165.
1874 313 1995 369 166.

2526 306 2649 367 805

370 474 594 545 ἅπασα
616 480 1063 565 διαραίρηται.
1107 471 1564 564 Ἑρμοτυβίων
1589 477 1715 565 μὲν
1734 482 1879 546 οἵδε
1907 481 2037 546 εἰσὶ
2062 486 2293 567 νομοί·
2322 488 2635 570 Βουσιρί-
2663 486 2781 548 165

371 609 518 669 της,
556 587 843 666 Σαΐτης,
872 585 1241 667 Χεμμίτης,
1272 587 1745 669 Παπρημίτης,
1774 585 1976 668 νῆσος
2001 577 2042 670 ἡ
2071 590 2496 670 Προσωπῖτις
2522 611 2645 652 κα-

373 685 656 773 λεομένη
673 733 690 766 ,
724 679 945 750 Ναθῶ
971 679 1047 749 τὸ
1077 677 1302 769 ἥμισυ.
1358 685 1432 751 ἐκ
1474 682 1601 771 μὲν
1627 681 1886 752 τούτων
1912 690 2051 752 τῶν
2076 691 2304 773 νομῶν
2325 682 2640 774 Ἑρμοτύ-

371 797 513 876 βιες
558 787 715 868 εἰσὶ,
755 783 1142 873 γενόμενοι,
1192 781 1302 852 ὅτε
1351 786 1460 854 ἐπὶ
1501 793 1854 866 πλείστους
1891 794 2198 873 γενοίατο
2217 839 2235 873 ,
2289 791 2646 857 ἑκκαίδεκα

373 889 712 979 μυριάδες.
768 886 1167 955 καὶτούτων
1193 894 1567 976 βαναυσίης
1608 886 1834 969 οὐδεὶς
1874 889 2161 978 δεδάηκε
2197 888 2438 976 οὐδὲν,
2489 889 2637 960 ἀλλ’

374 992 675 1063 ἀνεῖνται
706 993 771 1071 ἐς
800 988 875 1058 τὸ
902 990 1210 1078 μάχιμον.
1265 998 1703 1080 Καλασιρίων
1741 992 1818 1061 δὲ
1861 998 2005 1062 οἵδε
2036 989 2225 1061 ἄλλοι
2253 1000 2456 1081 νομοί
2478 999 2604 1063 είσι
2626 1004 2781 1066 ’166

374 1163 489 1210 tum
514 1175 707 1209 nomus
733 1159 787 1208 in
809 1158 1249 1223 mediaAegypto
1269 1159 1458 1209 Chem-

375 1229 560 1290 midis‚
597 1227 840 1292 alterque
875 1228 1181 1278 Thebaicus
1207 1229 1265 1277 in
1303 1244 1461 1293 snpe-

375 1300 506 1348 riori
539 1299 790 1363 Aegypto
821 1297 1012 1347 iisdem
1038 1297 1353 1362 assignatus
1380 1312 1460 1347 es-

375 1373 487 1429 set,
527 1384 593 1418 ex
630 1382 734 1432 quo
772 1367 935 1415 etiam
971 1365 1327 1432 intelligitur,
1365 1382 1461 1417 cur

376 1437 609 1487 Iudaeos
647 1435 919 1500 fugientes
946 1450 1012 1485 ex
1040 1436 1290 1501 Aegypto
1324 1436 1464 1485 Pha-

374 1522 471 1556 rao
519 1521 640 1556 cum
699 1510 854 1554 tanto
907 1506 1147 1555 exercitu
1212 1505 1464 1570 persequi

374 1575 629 1640 potuerit.
719 1574 854 1624 Cum
899 1589 1027 1624 vero
1078 1589 1108 1624 e
1147 1575 1460 1639 regionibns

373 1644 538 1694 Delta
564 1643 945 1694 adiacentibus
972 1645 1260 1693 maximum
1285 1646 1460 1708 Aegy-

374 1714 503 1778 ptiis
541 1714 843 1763 immineret
875 1713 1174 1778 periculum
1200 1714 1461 1763 Psammi-

373 1783 507 1832 tichi
552 1782 890 1847 potissimum
936 1787 1122 1832 aetate
1161 1787 1329 1847 atque
1373 1798 1460 1832 eo-

376 1868 521 1912 rum,
577 1852 669 1915 qui
709 1852 882 1901 secuti
931 1855 1058 1900 sunt
1112 1867 1298 1917 reges,
1325 1891 1330 1894 .
1356 1852 1460 1901 hoc

374 1923 454 1971 ita
481 1922 793 1969 institutum
822 1921 988 1970 fuisse
1019 1920 1263 1983 videtur,
1302 1925 1363 1971 ut
1394 1920 1460 1969 il-

374 1990 442 2038 lis
475 1991 532 2038 in
578 1990 890 2053 regionibus
936 1990 1228 2054 praecipue
1272 1994 1459 2040 castra

377 2074 479 2108 sua
511 2057 774 2107 haberent
801 2057 1032 2119 milites,
1073 2064 1288 2123 praeter
1323 2074 1458 2124 qnos

376 2128 470 2178 alii
509 2142 721 2191 quoque
756 2127 868 2178 illic
892 2127 1174 2177 habitasse
1205 2129 1458 2178 videntur

374 2197 649 2256 homines,
684 2202 961 2261 pastores,
1008 2196 1308 2262 agricolae,
1347 2199 1456 2262 qui,

375 2281 514 2332 quae
551 2264 814 2315 militibus
834 2267 1147 2316 necessaria
1178 2272 1363 2317 essent
1385 2267 1457 2316 ad

374 2336 605 2396 victum,
642 2339 917 2399 pararent.
992 2335 1149 2399 Ipsos
1187 2337 1327 2385 edim
1364 2338 1458 2385 mi-

372 2404 497 2454 lites
546 2405 693 2468 agris
740 2403 982 2454 colendis
1028 2410 1281 2469 operatos
1338 2421 1460 2455 esse

376 2474 593 2523 vixdum
642 2473 915 2523 affirmare
959 2473 1119 2534 licet,
1178 2489 1300 2523 cum
1348 2474 1461 2524 alia

377 2543 555 2594 desint
580 2544 913 2603 testimonia,
931 2542 998 2591 'si
1024 2558 1056 2592 a
1083 2543 1324 2594 Diodoro
1350 2543 1461 2594 dis-

376 2612 623 2673 cesseris,
662 2613 752 2676 qui
787 2613 1005 2662 tertiam
1039 2613 1276 2662 omnium
1304 2628 1461 2678 agro-

374 2697 492 2732 rum
528 2681 829 2745 portionem
857 2680 1085 2730 militum
1119 2682 1290 2731 fuisse
1311 2697 1464 2731 enar-

376 2754 481 2800 rat.

444 2810 586 2867 κατά
627 2809 733 2881 γὰρ
784 2812 857 2882 δὴ
907 2811 1121 2880 νομοὺς
1171 2814 1456 2881 Αἴγυπτος

370 2877 565 2936 ἅπασα
613 2883 996 2952 διαραίρηται]
1036 2886 1121 2937 cf.
1167 2902 1333 2952 supra
1377 2888 1453 2949 ΙΙ,

378 2957 478 3009 109
515 2957 643 3022 ibiq.
682 2961 799 3008 not.
871 2955 1046 3006 Valde
1089 2962 1270 3007 autem
1313 2957 1457 3006 vari-

375 3031 495 3089 ant,
535 3042 676 3092 quae
711 3025 776 3075 de
804 3041 1024 3076 numero
1060 3042 1339 3077 nemorum
1370 3042 1457 3077 ae·

374 3112 477 3161 que
514 3112 578 3146 ac
614 3096 681 3146 de
701 3096 1040 3161 singulorum
1058 3112 1338 3146 nomorum
1362 3112 1457 3145 no-

372 3166 606 3216 minibus
643 3180 710 3215 ac
733 3165 930 3215 finibus
952 3165 1098 3229 apud
1134 3171 1347 3217 veteres
1376 3167 1458 3215 in-

372 3235 663 3284 veniuntur
686 3234 910 3284 tradita.
971 3235 1160 3299 Neque
1188 3237 1331 3286 enim
1349 3250 1459 3284 una

373 3303 667 3367 eademque
704 3318 985 3353 nomomm
1021 3305 1216 3354 divisio
1250 3319 1460 3369 semper

373 3373 427 3419 in
451 3372 698 3435 Aegypto
724 3372 1025 3422 obtinuisse
1048 3373 1281 3435 videtur,
1308 3373 1460 3438 qnip-

372 3455 438 3504 pe
466 3444 765 3503 temporum
791 3440 1023 3490 decursu
1060 3457 1157 3505 pro
1184 3447 1333 3491 statu
1365 3457 1460 3505 pu-

372 3508 514 3572 plico
552 3509 814 3573 regnique
856 3509 1169 3559 conditione
1216 3511 1456 3560 crebrius

373 3582 601 3628 mutata.
673 3578 883 3627 Nomen
917 3583 1102 3628 autem
1134 3579 1334 3644 singuli
1364 3594 1458 3627 no-

371 3649 442 3696 mi
479 3648 549 3697 ab
584 3647 807 3697 urbibus
843 3647 1152 3711 praecipuis
1180 3648 1459 3712 accepisse

371 3717 645 3767 videntur.
709 3719 795 3767 Tu
809 3716 919 3766 vid.
944 3732 1082 3782 quae
1102 3717 1258 3768 affert
1280 3717 1456 3767 Beck:

372 3786 707 3850 Weltgescb.
758 3786 805 3836 Ι.
851 3802 979 3851 pag.
1030 3785 1133 3837 736
1177 3791 1232 3836 et
1268 3786 1461 3836 Cham-

371 3854 504 3920 poll.
541 3855 684 3919 I‘Eg.
722 3870 849 3905 sous
887 3856 925 3905 l.
955 3855 1118 3906 Phar.
1146 3856 1224 3905 11.
1263 3872 1314 3920 p.
1355 3856 1459 3904 270

372 3939 543 3989 seqq.,
581 3924 784 3975 Ritter:
834 3925 1129 3975 Erdkunde
1167 3926 1214 3975 Ι.
1256 3941 1309 3989 p.
1336 3926 1455 3986 704,

371 3994 607 4043 Heeren.
646 3994 725 4055 11,
763 3996 816 4044 2.
856 4009 981 4059 pag.
1030 3993 1150 4045 111.
1197 3994 1296 4045 113
1341 4009 1457 4059 seq.

720 4162 854 4215 CAP.
899 4164 1110 4216 CLXV.

452 4264 819 4331 Βουσιρίτης]
874 4267 961 4316 De
1017 4268 1150 4318 urbe
1202 4268 1460 4328 Busiride,

373 4334 515 4385 unde
552 4349 749 4387 nomen
799 4334 926 4386 tulit
970 4353 1192 4402 nemus,
1235 4337 1346 4390 vid.
1383 4339 1459 4400 11,

1561 1159 1627 1210 59
1651 1159 1781 1223 ibiq.
1819 1163 1933 1210 not.
1993 1160 2076 1209 De
2094 1159 2285 1212 Saitica
2311 1176 2471 1210 nomo
2496 1161 2641 1212 conf.

1561 1229 1636 1291 11,
1686 1229 1803 1278 152.
1852 1229 1949 1280 172
1995 1234 2050 1279 et
2082 1229 2158 1290 ΙΙ,
2206 1230 2272 1280 62
2322 1230 2451 1295 ibiq.
2499 1235 2641 1280 nott.

1562 1299 1645 1348 De
1681 1297 1890 1348 chemmi
1934 1298 2167 1348 diximus
2213 1300 2282 1349 ad
2319 1299 2396 1360 11,
2435 1298 2529 1359 913
2577 1300 2645 1349 de

1562 1369 1805 1429 Papremi
1837 1366 1906 1415 ad
1935 1367 2010 1428 11,
2048 1366 2145 1427 633
2184 1367 2248 1418 de
2284 1366 2463 1417 insula
2484 1369 2648 1417 Pros-

1565 1435 1879 1556 {ffid‘zsi}
1911 1436 2134 1555 {3:123}
2192 1436 2647 1571 qffiffissmssffi

2120 1544 2133 1568 9

1565 1576 1765 1625 dicitur
1800 1566 2022 1636 Νεούτ,
2074 1579 2128 1623 et
2176 1575 2245 1624 ab
2282 1575 2469 1625 eodem
2506 1576 2649 1625 inter

1564 1644 1917 1695 Busiriticum
1942 1649 1999 1693 et
2021 1643 2375 1698 Bubasticum
2395 1642 2463 1707 (s.
2483 1644 2646 1694 Phat-

1565 1715 1793 1764 niticum
1821 1717 1877 1762 et
1902 1712 2268 1776 Pelusiacum)
2303 1713 2524 1763 fluvium
2554 1729 2647 1778 po-

1564 1784 1730 1832 nitur.
1803 1781 1868 1830 In
1906 1780 2085 1830 insula
2107 1782 2453 1846 Prosopitide
2485 1780 2647 1832 collo·

1567 1856 1657 1903 cat
1703 1849 2040 1911 Danvillius‚
2106 1851 2282 1900 minus
2331 1855 2479 1901 recte
2526 1867 2646 1900 mea

1564 1920 1778 1988 quidem
1792 1919 2081 1970 sententia.
2121 1921 2207 1970 Tu
2224 1920 2367 1971 conf.
2385 1919 2650 1970 Schlicht-

1560 1992 1732 2041 horst.
1772 1989 1811 2038 l.
1851 1989 1887 2038 1.
1926 2004 2055 2053 pag.
2088 1990 2153 2038 72
2183 1993 2238 2038 et
2275 1989 2545 2039 Mannert.
2573 1990 2641 2051 X,

1565 2062 1610 2111 1.
1651 2075 1778 2124 pag.
1828 2058 1950 2119 568,
2000 2059 2092 2122 qui
2135 2058 2317 2108 Natho
2369 2062 2424 2108 et
2470 2059 2646 2123 ipsam

1560 2127 2508 2261 ωέατὶἒῐὲπξῃπιιῗῖἒίέἲέτῗὲοἶζῗδίατο]
2538 2197 2645 2246 Ea-

1560 2268 1681 2317 dem
1718 2267 1993 2315 invenitur
2033 2266 2238 2317 locutio
2276 2266 2353 2329 11,
2394 2266 2510 2328 166,
2548 2266 2645 2314 ubi

1559 2328 1650 2385 ἐπὶ
1672 2337 1967 2401 exprimere
1985 2336 2203 2385 videtur
2215 2337 2535 2386 Latinorum
2554 2335 2642 2385 ad.

1562 2406 1721 2456 Conf.
1770 2404 1964 2454 Matth.
2016 2404 2109 2456 Gr.
2168 2405 2261 2456 Gr.
2310 2420 2435 2470 pag.
2489 2403 2641 2455 1169.

1562 2475 1671 2526 Sed
1708 2476 1881 2538 magis
1919 2489 2002 2523 me
2036 2474 2253 2538 quidem
2289 2474 2342 2525 b.
2379 2473 2419 2525 1.
2455 2474 2646 2523 adver-

1564 2545 1632 2593 tit
1662 2544 1940 2608 optativus
1986 2542 2280 2605 γενοίατο,
2331 2543 2482 2592 cuius
2519 2542 2642 2592 loco

1566 2613 1775 2677 aliquot
1788 2612 1915 2661 libri
1931 2612 2162 2660 offerunt
2181 2604 2472 2674 ἐγένοντος
2498 2611 2642 2675 quod

1564 2684 1741 2746 ipsum
1777 2681 2101 2730 documento
2126 2695 2245 2730 esse
2267 2679 2501 2740 videtur,
2538 2680 2644 2744 pri-

1566 2751 1810 2801 mitivam
1841 2749 2127 2799 lectionem
2162 2749 2335 2798 fnisse
2367 2739 2640 2811 ἐγενέατο,

1559 2836 1699 2886 quae
1735 2820 1910 2869 forma
1944 2818 2219 2867 invenitur
2243 2817 2322 2880 11,
2362 2816 2488 2877 166;
2529 2817 2640 2866 vid.

1558 2894 1698 2940 nott.
1739 2888 1809 2938 ad
1847 2889 1891 2950 1,
1929 2887 2049 2939 214.
2121 2887 2326 2937 Vereor
2367 2886 2535 2948 enim,
2580 2889 2642 2935 ut

1559 2960 1611 3009 h.
1660 2959 1700 3010 l.
1747 2949 1838 3007 ὅτε
1883 2973 2003 3008 cum
2043 2956 2290 3020 optativo
2338 2957 2408 3006 ad
2450 2955 2643 3021 vulga-

1559 3045 1669 3079 rem
1706 3043 1889 3089 usum,
1934 3026 2000 3076 de
2044 3041 2150 3091 quo
2196 3026 2392 3076 Matth.
2431 3025 2481 3087 ἐ.
2518 3026 2640 3076 521.

1559 3099 2648 3230 Paga!⁰323&‘22¹{Eiioiiit‘3223ss2fl-

1562 3253 1631 3302 go
1672 3227 1966 3298 ἇνέονται,
2014 3234 2157 3299 quod
2203 3235 2405 3283 dictum
2450 3231 2646 3282 volunt

1559 3322 1656 3370 pro
1682 3295 1938 3354 ἀνεῖνται
1962 3319 1995 3352 a
2021 3303 2187 3352 verbo
2216 3295 2413 3365 ἀνίημι
2432 3338 2448 3363 ,
2478 3300 2645 3365 qnod-

1561 3390 1664 3441 que
1687 3374 1795 3421 iam
1817 3373 1888 3422 H.
1919 3370 2227 3434 Stephanus
2254 3374 2522 3419 mutatum
2550 3385 2643 3418 vo-

1558 3443 1662 3492 luit
1698 3443 1754 3490 in
1788 3432 2092 3498 ἆνέωνται,
2130 3439 2395 3502 probante
2429 3438 2645 3487 Wesse-

1558 3510 1728 3576 lingio
1775 3514 1938 3573 atque
1989 3508 2321 3556 Buttmanno
2379 3507 2642 3566 (Gramm.

1562 3580 1655 3630 Gr.
1700 3593 1826 3642 pag.
1880 3575 2003 3638 5³1)
2059 3580 2112 3624 et
2163 3574 2444 3625 Dindorfio
2490 3576 2646 3639 (pag.

1560 3646 1866 3706 XXXVII),
1910 3644 2202 3694 accedente
2236 3645 2406 3709 ipsius
2443 3644 2650 3694 codicis

1561 3716 1865 3767 Florentini
1887 3715 2234 3764 auctoritate.
2303 3711 2551 3777 Elmslej.
2579 3714 2649 3763 ad

1561 3786 1804 3850 Euripid.
1825 3782 2046 3833 Heracl.
2081 3783 2112 3833 3
2133 3782 2296 3833 scribi
2319 3781 2494 3832 voluit
2522 3774 2650 3832 ἀνέ-

1562 3869 1711 3905 αται.
1784 3852 2048 3916 Equidem
2076 3867 2197 3901 cum
2224 3851 2491 3902 Bredovio
2517 3868 2647 3917 pag.

1562 3922 1665 3976 395
1737 3925 1995 3972 accurate
2057 3919 2193 3971 haec
2263 3925 2537 3972 tractante
2595 3925 2652 3971 et

1560 3992 1851 4043 Kuebnero
1900 3990 1992 4042 Gr.
2036 3990 2127 4040 Gr.
2168 3989 2216 4052 §-
2256 3991 2376 4052 211,
2424 3992 2456 4040 2
2494 4007 2649 4056 repo-

1564 4062 1648 4112 sui
1687 4053 1967 4122 ἆνεῐνται,
2006 4064 2067 4109 nt
2104 4060 2179 4122 ΙΙ,
2220 4059 2307 4110 65.
2379 4060 2481 4110 Est
2514 4076 2646 4110 vero

1561 4129 1921 4180 reddendum:
1969 4138 2154 4179 vacam
2200 4130 2415 4179 miliciae.
2482 4129 2649 4179 Haud

1563 4200 1724 4250 aliter
1773 4200 1848 4261 ΙΙ,
1907 4198 2035 4250 167:
2094 4189 2230 4254 τούς
2279 4189 2345 4255 ἐς
2397 4190 2649 4262 πόλεμον

1560 4261 2003 4333 ἀνειμένους,
2039 4268 2079 4319 i.
2104 4284 2152 4317 e.
2194 4282 2316 4329 eos,
2352 4268 2438 4331 qui
2460 4270 2541 4317 rei
2561 4271 2648 4317 mi·

1562 4341 1703 4391 litari
1716 4345 1918 4392 vacant.
1991 4338 2130 4390 Add.
2151 4338 2279 4400 VII,
2304 4335 2404 4388 103
2426 4340 2482 4387 et
2500 4337 2647 4388 conf.
