3109 5092
1267 355 1519 419 CLIO.
1569 361 1618 419 Ι.
1665 367 1720 421 8.
2547 365 2627 427 23

343 529 877 615 σπουδαιέστερα
903 532 1042 598 τῶν
1069 530 1482 620 πρηγμάτων
1507 527 1950 622 ὑπερετίθετο
1976 526 2013 603 ὁ
2038 535 2482 626 Κανδαύλης,
2516 542 2631 608 καὶ

344 628 429 719 δὴ
477 632 588 700 καὶ
628 629 704 699 τὸ
760 630 939 712 εἶδος
981 638 1097 721 τῆς
1149 633 1469 720 γυναικὸς
1523 632 2055 727 ὑπερεπαινέων.
2124 638 2372 728 χρόνου
2425 642 2503 711 δὲ
2548 640 2631 711 οὐ

346 739 601 804 πολλοῦ
628 734 1023 816 διελθόντος
1046 742 1243 826 (χρῆν
1270 736 1398 828 γὰρ
1418 740 1792 830 Κανδαύλῃ
1814 744 2138 828 γενέσθαι
2165 749 2410 827 κακῶς)
2438 751 2627 832 ἔλεγε

346 835 513 927 πρὸς
546 836 667 907 τὸν
702 838 940 927 Γύγην
972 840 1235 909 τοιάδε·
1292 840 1561 933 ,,Γύγη,
1602 842 1686 915 οὗ
1728 844 1857 934 γάρ
1893 865 1970 914 σε
2012 849 2224 915 δοκέω
2260 855 2637 919 πείθεσθαί

345 1008 512 1058 verbo
550 1006 703 1057 finito
739 1008 869 1073 poni
915 1008 1226 1059 existiment
1273 1007 1432 1073 (citat

350 1080 445 1129 Cr.
484 1078 671 1159 Poppo
711 1077 875 1127 Obss.
917 1078 1064 1129 critt.
1097 1079 1153 1127 in
1180 1078 1355 1130 Thuc.
1376 1097 1430 1146 p.

352 1147 494 1212 154),
532 1146 623 1196 vix
658 1163 693 1197 a
729 1162 813 1197 me
856 1148 1151 1212 impetrare
1188 1165 1430 1214 possum.

349 1217 511 1266 Conf.
548 1219 706 1267 etiam
729 1217 961 1267 Nitzsch
990 1217 1059 1266 ad
1081 1218 1280 1283 Odyss.
1307 1220 1434 1281 XII,

348 1285 472 1339 353.
510 1304 561 1351 p.
602 1287 723 1339 403.
762 1287 954 1337 Refert
988 1287 1187 1339 Matth.
1222 1292 1274 1351 5.
1311 1289 1434 1352 631,

346 1359 399 1407 4.
424 1373 479 1420 p.
513 1356 648 1421 1300
683 1357 827 1406 hunc
863 1356 1042 1406 locum
1079 1357 1148 1407 ad
1186 1373 1268 1420 ea,
1296 1374 1437 1424 quae

346 1432 653 1477 monstrant
688 1426 981 1476 transitum
1024 1427 1435 1494 participiorum

343 1499 402 1546 in
448 1497 673 1547 verbum
730 1495 944 1546 finitum
998 1501 1053 1546 et
1104 1498 1227 1548 vice
1276 1513 1438 1549 versa

344 1583 576 1633 quoque.
650 1565 774 1616 Alia
822 1581 1042 1631 prorsus
1083 1568 1297 1618 ratione
1344 1584 1439 1618 no-

342 1644 517 1687 strum
564 1637 745 1686 locum
791 1637 1101 1702 intel-pungi
1149 1636 1271 1687 vult
1317 1653 1437 1688 cen-

342 1724 436 1757 sor
472 1706 691 1771 quidam
737 1707 796 1755 in
842 1705 1131 1771 Ephemer.
1188 1707 1436 1758 Ienenss.

346 1778 503 1829 1817.
543 1792 627 1826 nr.
669 1774 790 1826 164.
828 1792 885 1841 p.
917 1776 1038 1828 370.
1079 1775 1439 1827 Commavult

342 1847 473 1913 poni
518 1851 645 1927 post
687 1836 961 1910 γυναικὸς
1005 1851 1059 1896 et
1106 1862 1172 1896 ex
1218 1851 1434 1897 antece-

345 1917 497 1967 denti
550 1906 925 1979 ὑπερετίθετο
977 1917 1151 1981 repeti
1200 1932 1433 1967 commu·

343 1987 562 2038 nicandi
612 1986 750 2047 vim,
800 1986 917 2035 sine
974 1986 1198 2036 notione
1245 2002 1435 2038 secun-

345 2057 502 2107 daria
520 2054 913 2121 interrogandi.
952 2055 1109 2117 Quod
1135 2056 1267 2106 mihi
1287 2060 1436 2107 certe

344 2126 564 2178 videtur
601 2126 788 2176 durius
825 2140 965 2175 esse.

418 2194 595 2260 χρῆν
640 2187 761 2260 γὰρ
810 2186 1121 2258 Κανδαύλῃ
1165 2194 1434 2260 γενέσθαι

347 2264 556 2330 κακῶς]
596 2266 635 2316 i.
674 2282 721 2314 e.
761 2268 813 2315 in
844 2265 974 2327 fatis
1007 2266 1132 2314 enim
1166 2272 1283 2315 erat
1308 2267 1438 2316 Can-

349 2338 545 2387 daulem
558 2336 922 2399 infortunatum
931 2336 1066 2395 fieri.
1086 2334 1168 2384 De
1181 2336 1436 2397 dictione,

348 2422 510 2471 quam
541 2411 755 2469 praeter
780 2404 918 2454 alios
953 2404 1199 2453 imitatus
1223 2410 1306 2455 est
1331 2406 1437 2454 Lu-

348 2477 541 2526 cianus
588 2476 784 2537 Quom.
822 2473 984 2523 scrib.
1036 2473 1164 2523 hist.
1217 2472 1311 2537 18,
1361 2475 1434 2524 cf.

345 2544 555 2595 Herod.
594 2545 668 2601 11,
711 2544 828 2595 161.
872 2543 969 2603 IV,
1017 2542 1101 2593 79.
1148 2543 1213 2607 V,
1255 2543 1341 2603 92,
1381 2546 1433 2594 4.

349 2615 447 2675 IX,
488 2614 609 2665 100.
646 2614 813 2663 Plura
848 2612 1236 2676 Wyttenbach.
1274 2613 1344 2662 ad
1379 2613 1432 2663 h.

348 2683 386 2736 l.
439 2688 493 2734 et
533 2684 592 2734 C.
642 2684 708 2734 F.
754 2683 1052 2733 Hermann.
1103 2681 1173 2732 ad
1208 2683 1438 2732 Luciani

347 2754 529 2803 locum
564 2769 619 2818 p.
661 2753 780 2803 125.
820 2751 1057 2801 Ellendt.
1106 2751 1177 2801 ad
1220 2752 1434 2802 Arrian.

345 2823 558 2887 Exped.
608 2822 681 2881 11,
720 2819 771 2871 3.
824 2824 875 2884 5.
923 2821 1010 2872 11.
1054 2821 1233 2886 Atque
1272 2822 1436 2871 etiam

346 2893 493 2958 apud
533 2891 861 2942 Pausaniam
907 2889 1033 2940 inde
1070 2890 1323 2956 frequens
1358 2892 1438 2940 in-

344 2964 566 3013 venitur
611 2958 819 3025 χρῆναι
871 2960 940 3009 de
989 2960 1299 3010 necessario
1350 2976 1438 3010 eo-

343 3048 467 3083 rum
501 3034 715 3093 eventu,
747 3044 887 3094 quae
923 3028 992 3078 ab
1029 3029 1247 3080 oraculo
1285 3045 1439 3095 prae-

344 3102 500 3152 dicta
534 3116 631 3150 seu
665 3115 698 3149 a
727 3100 846 3149 fato
875 3099 1178 3149 constituta
1213 3099 1322 3149 sint
1349 3099 1437 3150 vel

346 3172 419 3223 de
479 3168 746 3220 faciendis
800 3169 898 3229 iis,
958 3184 1097 3233 quae
1158 3169 1435 3219 oraculum

342 3241 587 3291 iusserit.
627 3238 748 3288 Vid.
789 3237 1017 3289 Siebelis
1055 3238 1125 3288 ad
1161 3238 1205 3300 Ι,
1256 3238 1339 3290 19.
1381 3241 1433 3301 5.

344 3312 400 3361 5.
434 3310 517 3360 Ac
544 3308 755 3359 monuit
774 3307 985 3372 Iaeger.
1024 3304 1291 3372 (Disputt.
1326 3308 1437 3357 He-

344 3379 556 3430 rodott.
597 3378 838 3442 Gotting.
882 3374 1034 3441 1828)
1075 3376 1143 3426 de
1167 3376 1437 3427 Herodoti

347 3451 469 3500 fato
520 3464 565 3498 s.
623 3462 799 3497 rerum
847 3446 1204 3509 necessitate,
1265 3461 1299 3496 a
1340 3462 1436 3495 nu-

344 3520 496 3569 mine
533 3516 717 3567 divino
762 3516 1045 3580 imposita,
1082 3515 1259 3599 quod
1263 3515 1436 3580 expri-

342 3589 519 3639 mitur
561 3586 743 3636 verbis
788 3583 888 3634 δεῖ
922 3590 979 3634 et
1027 3600 1133 3649 χρη
1168 3584 1435 3651 huiusque

344 3657 698 3708 substantivo
744 3646 940 3719 χρεών.
991 3655 1077 3704 Tu
1122 3653 1233 3704 vid.
1271 3671 1327 3720 p.
1366 3654 1433 3706 37

341 3744 462 3793 seq.
512 3725 652 3776 Add.
696 3724 798 3775 Ph.
850 3725 907 3775 J.
940 3724 1161 3788 Ditges·
1201 3723 1267 3773 de
1308 3723 1436 3773 Fati

341 3795 496 3861 apud
559 3792 898 3845 Herodotum
974 3794 1191 3843 ratione
1260 3793 1435 3844 Confl.

344 3865 489 3919 1842
527 3880 581 3929 p.
618 3865 649 3913 2
687 3878 837 3928 seqq.
874 3889 945 3898 —
977 3863 1217 3912 Verbum
1252 3861 1435 3927 γίγνε-

345 3933 493 3987 σθαι
532 3948 653 3984 cum
693 3932 968 3983 adverbiis
1018 3932 1261 3982 iunctum
1298 3932 1437 3997 opti-

340 4002 1264 4126 affitfflsszz‘ffiffiffsszff
1292 4018 1435 4123 „553⁷

1251 4110 1264 4122 ·
1422 4110 1436 4137 ι

340 4147 476 4197 bene
513 4158 625 4194 esse
661 4148 770 4193 etc.
809 4144 962 4205 Quae
986 4143 1085 4198 Cr.
1115 4142 1278 4194 citat:
1316 4144 1438 4193 Ast.

340 4214 421 4266 ad
482 4211 734 4263 Platonis
793 4212 928 4262 Rem
993 4212 1141 4276 publ.
1201 4229 1256 4277 p.
1317 4213 1439 4264 371.

338 4281 652 4346 Goettling.
726 4281 797 4331 ad
864 4282 1093 4332 Aristot.
1167 4280 1335 4334 Polit.
1394 4282 1440 4342 1,

336 4354 399 4406 3.
462 4368 521 4417 p.
577 4350 699 4404 293.
747 4352 1030 4417 Musgrav.
1082 4352 1153 4401 ad
1200 4351 1444 4416 Euripid.

825 4420 895 4470 iis
934 4436 1075 4471 nunc
1110 4421 1250 4471 adde
1284 4420 1446 4473 Stall-

338 4424 537 4475 Orest.
576 4436 661 4472 vs.
699 4421 790 4483 74,

1536 1013 1745 1133 bgum.
1788 1012 1858 1062 ad
1926 1012 2143 1064 Platon.
2207 1014 2512 1080 Euthyphr.
2575 1033 2628 1082 p.

1610 1146 1757 1214 ἔλεγε
1793 1142 1939 1229 πρὸς
1971 1142 2075 1200 τὸν
2121 1143 2344 1218 Γύγην]
2392 1153 2547 1204 Infra
2584 1156 2630 1218 Ι,

1542 1218 1740 1272 10.11
1791 1212 2008 1284 Γύγεα,
2071 1237 2192 1271 cum
2249 1223 2410 1273 Iones
2460 1223 2633 1275 multa

1540 1291 1747 1357 primae
1776 1289 2157 1341 declinationis
2194 1293 2414 1343 nomina
2440 1310 2630 1345 secun-

1528 1361 1668 1410 dum
1696 1360 1914 1410 tertiam
1951 1376 2166 1426 quoque
2191 1363 2434 1415 flectant.
2472 1364 2632 1415 Unde

1540 1430 1790 1493 Dindorf,
1805 1445 1962 1495 quem
1978 1431 2090 1482 vid.
2110 1447 2165 1496 p.
2185 1433 2311 1493 XII,
2329 1438 2384 1482 et
2401 1434 2628 1485 Dietsch

1539 1500 1644 1551 hoc
1669 1498 1792 1549 loco
1814 1500 2100 1550 ediderunt
2123 1470 2332 1565 Γύγεα,
2361 1503 2629 1566 probante

1539 1569 1774 1620 Bredov.
1811 1585 1865 1633 p.
1897 1569 1998 1621 223
2035 1586 2149 1635 seq.
2190 1572 2310 1622 226.
2359 1573 2625 1652 Equidem

1539 1639 1707 1690 libros
1743 1641 1976 1704 scriptos
2025 1644 2244 1691 secutus
2283 1642 2481 1691 retinui
2515 1635 2631 1691 Γύ

1540 1725 1667 1773 γην,
1707 1713 1769 1758 ut
1814 1725 1935 1773 cap.
1988 1710 2054 1761 14
2099 1707 2330 1773 Μίδην,
2372 1713 2630 1776 quoniam

1540 1778 1744 1829 nullam
1764 1778 2017 1830 idoneam
2043 1780 2314 1844 perspicio
2343 1780 2629 1842 rationem,

1536 1865 1633 1900 cur
1675 1848 2012 1899 Herodotum
2062 1852 2296 1914 utraque
2340 1850 2514 1899 forma
2550 1851 2631 1900 uti

1536 1919 1785 1997 potuisse
1818 1933 2030 2001 negem.

1607 1980 1787 2052 Γύγη,
1824 1980 1894 2035 οὐ
1929 1977 2036 2050 γάρ
2076 1999 2136 2035 σε
2170 1981 2351 2035 δοκέω
2387 2001 2439 2036 κ.
2470 2002 2516 2035 τ.
2553 1986 2626 2051 λ.]

1538 2059 1694 2108 Haec
1742 2062 1796 2107 et
1852 2056 2136 2122 sequentia
2186 2055 2254 2106 ob
2303 2056 2629 2106 elocutionis

1539 2128 1887 2189 suavitatem,
1927 2142 2034 2191 qua
2071 2127 2192 2190 ipsa
2229 2141 2314 2175 res
2348 2125 2512 2175 fando
2551 2126 2630 2176 iu-

1540 2197 1768 2248 cundior
1795 2196 1891 2245 fiat
1933 2196 2184 2258 auribus,
2224 2211 2386 2260 quam
2421 2196 2468 2244 si
2505 2212 2632 2247 ocu-

1539 2267 1608 2318 lis
1668 2266 2017 2329 subiiciatur,
2078 2265 2272 2316 laudat
2328 2266 2629 2330 Dionysius

1540 2337 1721 2388 Halic.
1764 2336 1830 2386 de
1865 2352 2105 2399 compos.
2144 2334 2333 2385 verbb.
2363 2341 2497 2386 sect.
2521 2337 2624 2385 111.

1542 2410 1593 2469 5.
1637 2408 1705 2457 24
1740 2422 1859 2471 sqq.
1909 2406 2096 2455 Attica
2132 2405 2367 2455 dialecto
2414 2421 2630 2470 expres·

1540 2492 1620 2526 sa.
1674 2475 1759 2526 Ad
1808 2491 1965 2541 quem
2013 2474 2195 2524 locum
2240 2474 2493 2523 videatur
2545 2491 2631 2525 co-

1538 2546 1698 2610 piosa
1735 2544 2012 2609 Sylburgii
2052 2550 2105 2593 et
2139 2543 2418 2594 Schaeferi
2465 2560 2631 2593 anno-

1541 2615 1698 2675 tatio,
1738 2612 1806 2662 de
1840 2612 2088 2679 singulis,
2123 2614 2181 2662 in
2208 2613 2405 2677 quibus
2432 2612 2632 2662 discre-

1539 2688 1637 2749 pat
1674 2686 1904 2747 uterque
1935 2683 2186 2746 scriptor,
2223 2682 2553 2731 monentium
2575 2697 2630 2745 p.

1540 2753 1611 2805 39
1658 2767 1778 2817 sqq.
1819 2751 1904 2802 ed.
1945 2751 2164 2803 Schaef.
2237 2751 2323 2799 De
2359 2752 2632 2801 sententia

1542 2826 1640 2875 Cr.
1699 2821 1934 2871 conferri
1995 2821 2146 2871 iubet
2196 2820 2515 2871 Suetonium
2565 2820 2632 2870 de

1541 2890 1793 2958 Caligula
1830 2890 2006 2942 simile
2044 2890 2176 2955 quid
2223 2895 2535 2940 narrantem
2573 2890 2630 2939 in

1543 2963 1659 3012 eius
1716 2961 1848 3010 Vita
1903 2977 1948 3010 c.
2007 2960 2094 3011 25.
2167 2959 2448 3010 Particula
2505 2952 2628 3024 γὰρ,

1542 3046 1681 3098 quae
1718 3032 2020 3081 orationem
2058 3030 2354 3110 exorditur,
2387 3034 2449 3079 ut
2485 3029 2633 3079 infra

1538 3102 1584 3163 1,
1633 3101 1727 3151 121
1787 3105 1842 3150 et
1883 3101 2009 3150 124:
2058 3116 2100 3147 ω
2139 3101 2248 3149 παι
2291 3067 2627 3165 Καμβύσεω,

1541 3139 1600 3220 σ’ὲ
1636 3161 1758 3233 γὰρ
1796 3174 1900 3220 etc.
1932 3168 2056 3220 coll.
2082 3170 2177 3229 IV,
2201 3167 2288 3218 97.
2313 3168 2408 3231 VI,
2424 3168 2507 3230 11,
2533 3167 2628 3217 mi-

1540 3241 1682 3289 nime
1713 3238 2035 3304 explicanda
2069 3242 2154 3288 est
2176 3246 2333 3300 certe,
2376 3243 2436 3286 ut
2455 3236 2630 3286 voluit

1538 3308 2012 3372 wyttenbachius,
2051 3307 2151 3357 sed
2186 3308 2285 3369 ita,
2319 3310 2380 3355 ut
2416 3307 2628 3356 ratione

1539 3378 1730 3428 habita
1763 3378 2073 3443 primitivae
2116 3377 2279 3426 huius
2326 3374 2628 3440 particulae
2667 3374 2744 3439 .

1537 3447 1777 3498 notionis
1816 3452 1912 3497 aut
1957 3447 2160 3495 omissa
2206 3458 2326 3494 esse
2363 3442 2630 3507 quaedam

1536 3517 1706 3567 verba
1729 3531 1912 3566 sumas
1938 3512 2100 3563 facile
2141 3529 2169 3563 e
2210 3516 2470 3561 contextu
2508 3527 2630 3575 sup-

1535 3584 1752 3651 plenda,
1778 3583 1974 3648 quibus
1996 3582 2357 3645 subiungatur
2375 3572 2479 3644 γὰρ
2506 3595 2630 3630 cau-

1536 3671 1655 3705 sam
1679 3652 1940 3712 reddens,
1975 3656 2088 3712 aut,
2116 3651 2260 3716 quod
2283 3649 2483 3710 malim,
2511 3665 2630 3714 par-

1536 3722 1709 3774 ticula
1743 3714 1848 3786 γὰρ
1885 3720 2153 3771 referatur
2200 3720 2268 3770 ad
2307 3719 2634 3769 enuntiatio-

1536 3809 1662 3844 nem
1688 3792 2069 3857 postpositam,
2099 3806 2237 3870 quae
2252 3790 2468 3855 proprie
2492 3805 2630 3851 eam,

1536 3865 1598 3914 in
1632 3877 1742 3929 qua
1774 3860 2045 3927 particula
2092 3852 2197 3925 γὰρ
2234 3866 2443 3921 exstat,
2484 3864 2633 3908 ante-

1540 3932 1732 3983 cedere
1782 3931 2043 3994 debebat,
2100 3929 2308 3981 causali
2361 3929 2635 3979 sententia

1541 4007 1604 4053 ut
1652 4002 1911 4068 primaria
1961 4002 2280 4066 praemissa.
2370 4000 2461 4048 Ita
2526 3997 2630 4047 hoc

1539 4073 1664 4124 loco
1695 4071 1869 4137 fingas
1905 4070 2244 4121 Herodotum
2292 4068 2528 4118 scribere
2572 4068 2629 4116 in

1544 4144 1723 4195 animo
1751 4142 2035 4193 babuisse.
2059 4138 2245 4220 ποίεε,
2273 4127 2634 4200 ὅκως-θεή-

1546 4227 1667 4262 σεαι
1708 4203 1957 4276 γυμνήν·
2007 4200 2074 4257 οὐ
2137 4224 2265 4273 γαρ
2324 4220 2384 4259 σε
2428 4201 2630 4256 δοκέω.

1545 4282 1704 4333 Conf.
1743 4281 1787 4343 Ι,
1811 4283 1898 4333 24.
1938 4279 2006 4330 30
2046 4285 2150 4328 etc.
2196 4278 2380 4343 ibique
2418 4276 2631 4326 adnott.

1547 4353 1716 4414 Quem
1764 4349 2032 4402 Herodoti
2074 4364 2232 4398 usum
2281 4364 2346 4397 ex
2394 4348 2632 4396 Homero

1544 4420 1894 4486 repetendum
1936 4419 2122 4469 docuit
2166 4432 2338 4480 nuper
2380 4419 2636 4465 accurate
