3109 5092
1258 343 1512 405 CLIO.
1556 346 1610 405 Ι.
1655 355 1744 410 60.

2515 347 2631 410 127

361 519 765 586 κατεστεῶσι
793 521 987 605 ἔνεμε
1010 514 1136 604 τὴν
1163 514 1392 602 πόλιν,
1432 519 1739 605 κοσμέων
1765 522 1983 599 καλῶς
2008 545 2080 586 τε
2122 520 2233 586 καὶ
2263 509 2360 587 εὖ.
2435 517 2632 588 Μετὰ
2649 532 2730 594 60

364 619 439 686 δὲ
466 614 555 689 οὐ
577 615 829 689 πολλὰν
854 618 1101 709 χρόνον
1127 616 1340 689 τώυτὸ
1370 618 1828 710 φρονήσαντες
1855 625 1926 689 οἵ
1944 648 2017 689 τε
2047 626 2167 689 τοῦ
2193 625 2635 706 Μεγακλέους

361 722 721 790 στασιῶται
765 722 876 790 καὶ
905 727 974 795 οἱ
1012 726 1132 791 τοῦ
1162 721 1567 809 Λυκούργου
1616 723 2051 804 ἐξελαύνουσί
2085 752 2222 812 μιν.
2291 721 2467 793 οὕτω
2509 725 2636 812 μὲν

362 831 845 914 Πεισίστρατος
889 831 1045 912 ἔσχε
1092 823 1168 893 τὸ
1221 828 1489 913 πρῶτον
1546 822 1868 915 Ἀθήνας,
1922 828 2035 895 καὶ
2087 826 2211 915 τὴν
2263 833 2637 915 τυραννίδα

361 924 546 997 οὔκω
598 927 810 1017 κάρτα
852 928 1300 1016 ἐρῤιζωμένην
1352 933 1524 1015 ἔχων
1573 924 1889 1016 ἀπέβαλε.
1971 934 2042 997 οἰ
2080 930 2156 999 δὲ
2213 928 2638 1011 ἐξελάσαντες

280 1150 283 1151 ’
364 1124 647 1179 declarant
692 1125 890 1175 verba:
950 1115 1044 1177 ἀεὶ
1092 1128 1239 1174 τοῖσι
1292 1140 1451 1175 κατε-

371 1193 573 1243 στεῶσι
604 1194 724 1255 (ubi
758 1184 849 1242 ἐπὶ
887 1206 953 1244 eo
986 1208 1168 1256 sensu,
1199 1210 1304 1258 quo
1328 1210 1448 1260 cap.

361 1276 484 1381 εει.
514 1252 1454 1397 sigfssz’rzzfiisszfssssfflzzx

839 1370 853 1397 7
1248 1371 1261 1396 ²

359 1402 469 1450 fuit
505 1402 822 1464 constituta,
859 1418 918 1451 re
953 1402 1174 1467 publica
1207 1417 1308 1452 nec
1342 1409 1451 1452 tur·

361 1471 508 1519 batis
569 1470 781 1536 legibus
856 1475 953 1521 aut
1018 1473 1451 1537 magistratibus.

360 1539 529 1589 Haud
566 1539 726 1589 aliter
767 1530 836 1588 τὰ
878 1536 1242 1589 καθεστεῶτα
1276 1541 1345 1591 de
1377 1540 1450 1590 le-

363 1609 525 1674 gibus
562 1613 619 1659 et
664 1609 933 1659 institutis
980 1609 1262 1678 dicuntur,
1307 1625 1450 1679 quae

360 1678 549 1727 valent
582 1679 639 1727 in
674 1693 733 1728 re
776 1677 1021 1743 publica,
1059 1679 1206 1744 apud
1252 1680 1449 1730 Demo·

359 1747 540 1797 athen.
577 1747 634 1796 in
667 1748 885 1812 Leptin.
938 1750 988 1812 §-
1039 1749 1125 1798 17.
1172 1763 1298 1814 pag.
1345 1748 1448 1800 462

360 1818 428 1867 R.
466 1816 614 1866 Plat.
648 1816 734 1867 De
765 1818 936 1883 Legg.
972 1817 1100 1869 VII.
1137 1832 1192 1881 p.
1241 1817 1345 1869 798
1382 1818 1447 1869 Β.

359 1883 556 1950 Polyb.
603 1885 680 1946 11,
719 1887 803 1948 21,
842 1885 913 1949 3.,
961 1891 1126 1951 atque
1181 1879 1242 1935 οἵ
1282 1878 1452 1950 νόμοι

361 1952 746 2011 καθεστεῶτες
812 1954 870 2003 in
939 1954 1193 2020 Sophocl.
1260 1955 1448 2021 Antig.

366 2023 499 2073 1031
537 2022 699 2073 Both.
734 2022 861 2087 Ipse
881 2023 1081 2074 Noster
1112 2024 1156 2087 1,
1186 2024 1272 2075 65.
1313 2024 1452 2074 dixit

362 2083 466 2141 τὸν
500 2089 609 2141 νῦν
643 2090 988 2142 κατεστεῶτα
1023 2084 1451 2157 κόσμονΣπαρ-

361 2152 602 2226 τιήτῃσι,
642 2162 679 2212 i.
728 2175 777 2211 e.
816 2161 1041 2213 ordinem
1077 2177 1124 2212 s.
1159 2170 1342 2213 station
1374 2164 1456 2211 rei

356 2230 611 2293 publicae,
652 2230 746 2295 qui
789 2245 936 2280 nuuc
968 2229 1114 2296 apud
1149 2230 1449 2295 Spartanos

362 2299 594 2350 obtinet.
630 2300 717 2349 De
749 2299 1043 2350 Pisistrato
1079 2299 1228 2364 leges
1280 2307 1335 2350 et
1371 2299 1449 2347 in-

364 2368 567 2419 stituta
622 2368 889 2418 civitatis·
921 2369 1250 2419 observante
1305 2367 1450 2434 quod

360 2437 678 2488 Herodotus
743 2438 962 2500 scribit,
1020 2437 1163 2488 idem
1215 2442 1453 2487 testatur

360 2506 645 2557 Plutarch.
682 2506 795 2561 vit.
833 2506 1017 2557 Solon.
1062 2522 1184 2571 cap.
1225 2505 1319 2569 31,
1358 2506 1452 2556 ubi

362 2576 718 2626 Pisistratum
738 2576 913 2640 ipsum
937 2577 1123 2626 caedis
1150 2590 1298 2625 reum
1324 2575 1455 2625 scri-

364 2645 449 2694 bit
500 2646 559 2694 in
605 2645 891 2710 Areopago
951 2660 1173 2695 causam
1233 2645 1483 2695 dixisse..

364 2713 507 2764 Add.
548 2713 827 2765 Aristotel.
865 2713 1029 2764 Polit.
1067 2714 1134 2776 V,
1177 2713 1257 2764 12.
1300 2714 1453 2777 Quae

366 2798 491 2834 cum
552 2782 632 2832 ita
688 2783 828 2843 sint,
890 2783 1214 2833 Pisistratus
1268 2782 1456 2834 Soloni

366 2853 562 2917 utique
612 2852 849 2905 scribere
902 2854 1084 2916 potuit
1135 2851 1273 2917 (vid.
1322 2852 1457 2902 Dio-

366 2937 493 2987 gen.
542 2921 729 2972 Laert.
778 2920 824 2983 1,
882 2921 1016 2987 530,
1074 2937 1151 2983 se,
1209 2921 1455 2985 quamvis

368 2996 637 3056 tyrannus
707 2989 1000 3053 habeatur,
1064 2989 1200 3039 nihil
1252 2995 1454 3051 tamen,

363 3068 584 3124 praeter
619 3061 906 3124 dt'onilatem
939 3068 987 3109 et
1020 3058 1269 3121 honorem,
1308 3073 1342 3107 a
1376 3074 1457 3108 re-

365 3130 534 3194 liquis
570 3128 785 3178 civibus
821 3127 1050 3189 differre,
1076 3128 1143 3176 iis
1175 3127 1305 3177 solis
1332 3142 1456 3177 con-

365 3204 598 3259 tentum,
633 3213 775 3263 quae
808 3198 1046 3262 priorum
1070 3197 1236 3247 etiam
1267 3212 1294 3245 r

368 3267 573 3318 suerint
592 3267 779 3317 munia
803 3258 893 3331 (τὰ
930 3257 1075 3329 dm&
1108 3262 1286 3329 γέρα).
1313 3266 1453 3315 Nam

367 3335 515 3402 apud
550 3336 759 3400 priscos
808 3335 1045 3386 Graecos
1063 3371 1077 3396 ,
1126 3339 1269 3384 teste
1310 3333 1455 3383 Thu-

365 3404 565 3471 cydide
610 3405 657 3466 1,
717 3403 799 3466 13,
853 3403 1184 3454 hereditaria
1237 3403 1457 3455 fuerunt

363 3489 540 3540 regua
572 3464 668 3523 ἐπὶ
706 3465 903 3537 ὅητοίς
936 3471 1148 3537 γέρασι,
1187 3472 1223 3521 i.
1256 3487 1304 3521 e.
1343 3486 1454 3521 cer·-

363 3546 434 3595 εἰε
502 3542 863 3592 condicionibus
925 3540 1291 3605 honoribusque
1346 3545 1459 3605 rem·

362 3614 678 3667 comeitutis,·
746 3610 940 3675 quibus
1018 3610 1153 3674 ipsis
1223 3609 1455 3679 legitimi

363 3680 641 3747 principes
706 3679 1172 3744 distinguerentur
1232 3678 1327 3728 ab·
1366 3678 1453 3741 iis,

364 3751 461 3816 qui
496 3764 595 3814 per
638 3748 749 3798 vim
794 3748 1007 3799 civibus
1051 3747 1260 3797 illatam
1307 3746 1455 3796 belli-

364 3834 472 3885 que
495 3819 615 3868 iure
632 3832 860 3883 regnum
884 3815 1292 3881 acquisiverint,
1319 3831 1454 3881 quos

364 3896 631 3953 tyrannos
664 3885 829 3952 vulgo
866 3886 1074 3936 dicunt.
1130 3885 1196 3934 In
1230 3899 1457 3949 quorum

363 3971 591 4006 numero
644 3970 714 4004 ne
767 3955 1061 4004 haberetur
1112 3954 1454 4013 Pisistratus,

364 4026 424 4074 iu
476 4025 704 4088 imperio
754 4021 1184 4073 administrando
1240 4021 1315 4070 nil
1365 4020 1458 4070 ille

364 4093 473 4144 sibi
509 4093 710 4143 sumsit
745 4092 854 4141 nisi
889 4105 1028 4156 quae
1062 4091 1280 4155 regibus
1323 4088 1456 4153 legi-

366 4163 537 4223 timis,
574 4177 633 4211 re
662 4161 884 4226 publica
917 4163 1150 4224 integra,
1188 4158 1315 4208 olim
1334 4173 1458 4207 con-

367 4246 530 4282 cessa
575 4237 632 4281 et
677 4229 888 4280 tributa
932 4228 1168 4279 suerunt.
1238 4227 1460 4289 „Verba

367 4292 460 4349 ἐπὶ
495 4301 649 4349 τοῖσι
684 4294 1019 4347 κατεστεῶσι
1049 4296 1176 4346 hinc
1209 4299 1349 4345 vert.
1375 4296 1459 4343 mie

364 4367 657 4431 Erhalmna
700 4366 807 4416 und
845 4364 1108 4429 Scleonma
1149 4364 1244 4414 der
1291 4363 1457 4413 besee-

1549 1128 1744 1179 ltenden
1787 1128 2124 1193 Ver-fasma.
2160 1128 2327 1179 Plura
2359 1130 2639 1181 Lambert.

1553 1199 1684 1251 Bos.
1733 1197 2001 1248 Observrr.
2047 1198 2194 1247 critt.
2251 1213 2372 1263 cap.
2423 1198 2476 1250 3.
2531 1200 2640 1249 He-

1553 1267 1692 1316 rald.
1730 1267 1790 1316 in
1823 1265 2053 1315 Salmas.
2093 1266 2257 1317 Obss.
2293 1268 2365 1317 ad
2403 1269 2497 1318 Ius
2520 1270 2635 1318 Att.

1555 1342 1610 1387 et
1645 1337 1800 1387 Rom.
1838 1336 1904 1399 V,
1948 1337 2029 1386 14.
2079 1339 2127 1398 g.
2178 1338 2229 1388 9.
2302 1337 2528 1387 Fundus
2564 1337 2640 1386 lo-

1554 1406 1789 1455 cutionis
1837 1404 2234 1469 quodammodo
2292 1406 2639 1456 Homericum

1553 1470 1687 1524 illud
1719 1473 1945 1539 (Odyss.
1995 1474 2123 1537 VII,
2176 1475 2295 1527 150.
2348 1476 2480 1540 ibiq.
2531 1477 2640 1526 Eu·

1551 1543 1718 1594 stath.
1757 1559 1884 1613 pag.
1927 1543 2029 1594 278
2065 1544 2248 1609 Bas.):

1881 1642 1953 1654 —-
1989 1610 2155 1676 γέρας
2197 1602 2257 1661 δ’
2297 1602 2333 1661 ὅ
2369 1628 2420 1661 τι
2457 1610 2640 1677 δῆμος

1943 1676 1950 1685 “
2063 1675 2336 1730 ἔδωκεν.“

1552 1748 1639 1799 Gr.
1707 1748 1774 1797 In
1833 1749 2028 1812 quibus
2086 1748 2269 1799 verbis
2324 1748 2513 1799 Ulixes
2571 1749 2638 1799 de

1549 1816 1859 1867 Phaeacum
1891 1818 2207 1882 proceribus
2245 1813 2410 1882 γέρας
2455 1817 2640 1867 fundis

1551 1887 1668 1950 regi
1717 1902 1766 1948 a.⁸
1797 1887 1997 1951 populo
2056 1887 2331 1938 concessis
2383 1886 2642 1951 intelligit

1555 1956 1857 2009 Tittmann.
1939 1954 2220 2020 (Darstell.
2288 1957 2342 2007 d.
2423 1955 2638 2007 Griech.

1555 2025 1884 2075 Staatsverf.
1942 2040 2071 2091 pag.
2134 2022 2309 2094 73.)‚‚
2344 2026 2438 2091 qui
2497 2025 2640 2076 idem

1543 2093 1900 2156 Thucydidis
1962 2094 2129 2145 verba
2198 2109 2365 2159 supra
2424 2093 2638 2160 prolata

1554 2153 1646 2211 ἐπὶ
1685 2156 1910 2228 (ςητοίσι
1956 2163 2150 2229 γέρασι
2187 2164 2258 2215 ad
2300 2179 2526 2230 regnum
2559 2179 2641 2213 re-

1539 2232 1719 2303 ·ditus,
1758 2232 1979 2283 minime
2029 2248 2185 2296 vero,
2233 2239 2296 2283 ut
2344 2234 2509 2298 vulgo
2597 2238 2638 2296 t,

1553 2301 1624 2352 ad
1669 2304 1792 2352 iura
1847 2317 2179 2368 muneraque
2234 2319 2419 2354 eorum
2473 2318 2533 2352 re
2589 2308 2642 2351 rt

1551 2376 1632 2437 (p.
1670 2372 1756 2423 68.
1796 2376 1911 2422 not.
1949 2371 2035 2423 69.
2073 2373 2110 2423 l.
2156 2368 2245 2436 1.).
2319 2374 2472 2435 Quae
2509 2372 2641 2421 mihi

1555 2446 1704 2493 certe
1737 2455 1846 2491 nou
1881 2442 2176 2507 persuasit.

1627 2502 1822 2573 ἔνεμε
1881 2503 1988 2572 τὴν
2049 2502 2241 2572 πόλιν]
2305 2509 2372 2558 In
2439 2506 2640 2557 Aldina

1555 2571 1733 2641 ἔμενε,
1772 2578 1915 2642 quod
1950 2578 2205 2627 Reiskius
2251 2576 2522 2641 praefert,
2574 2576 2641 2625 de

1552 2645 1768 2713 legibus
1805 2645 2134 2711 intelligens,
2171 2645 2365 2709 quibus
2381 2645 2638 2695 Pisistra-

1558 2721 1647 2764 tus
1667 2716 1899 2777 steterit,
1923 2715 2070 2765 haud
2090 2715 2333 2764 mutatis.
2359 2712 2640 2764 Plutarch.

1556 2784 1596 2835 l.
1643 2783 1683 2836 l.
1732 2783 1799 2834 de
1845 2784 2168 2834 Pisistrato:
2228 2774 2499 2846 ἐφύλαττε
2537 2773 2642 2847 γὰρ

1558 2844 1695 2909 τοὺς
1749 2850 2046 2910 πλείστους
2107 2843 2322 2916 νόμους
2378 2850 2482 2900 τοῦ
2529 2843 2642 2900 Σό-

1556 2921 1764 2985 λωνος,
1817 2911 2131 2986 ἐμμένων
2182 2918 2407 2985 πρῶτος
2468 2911 2643 2976 αὐτὸς

1555 2986 1654 3039 καὶ
1693 2980 1830 3048 τοὺς
1873 2989 2078 3054 φίλους
2122 2981 2471 3055 ἀναγκάζων.
2517 2989 2642 3040 Plu·

1555 3076 1616 3109 ra
1653 3060 1721 3110 de
1759 3060 1861 3110 hoc
1905 3061 2071 3110 verbo
2118 3061 2316 3125 collegi
2356 3060 2426 3110 ad
2463 3058 2643 3110 Philo·

1554 3144 1799 3193 poemen.
1836 3145 1963 3195 pag.
2007 3130 2091 3181 10.
2133 3129 2215 3181 11.
2274 3131 2427 3192 Quae
2460 3134 2643 3179 tamen

1556 3197 1774 3248 minime
1809 3214 1873 3250 eo
1907 3198 2120 3261 valent,
2166 3205 2232 3249 ut
2273 3198 2642 3249 Herodoteam

1558 3267 1847 3318 lectionem
1883 3266 2163 3333 vulgatam
2207 3268 2328 3318 loco
2365 3270 2641 3329 moveant,

1555 3337 1613 3385 in
1652 3352 1761 3401 qna
1816 3333 2006 3401 νέμειν
2066 3336 2134 3385 de
2184 3336 2447 3401 regimine
2492 3335 2640 3385 urbis

1556 3405 1777 3468 dictum,
1816 3411 1879 3455 ut
1920 3407 1988 3467 V,
2040 3403 2128 3455 29.
2179 3403 2393 3455 71.·92.
2436 3408 2543 3452 etc.
2572 3432 2642 3440 —

1554 3474 1640 3524 Ad
1696 3475 1807 3523 vim
1872 3472 2026 3523 verbi
2086 3469 2342 3536 κοσμέων
2412 3472 2639 3533 faciunt,

1556 3558 1698 3608 quae
1732 3541 1804 3592 ad
1840 3543 1887 3604 1,
1928 3542 2014 3593 65.
2035 3540 2105 3591 de
2128 3555 2262 3591 voce
2298 3531 2512 3603 κόσμος
2548 3554 2641 3589 an-

1553 3616 1748 3662 notata
1780 3611 2053 3676 leguntur.

1960 3738 2090 3829 cn.
2130 3776 2248 3827 Lx,

1629 3870 1999 3941 ἐξελαύνουσί
2025 3878 2144 3945 μιν]
2183 3877 2341 3943 Quod
2374 3893 2479 3944 quo
2511 3885 2644 3930 tem-

1559 3965 1690 4015 pore
1723 3948 2078 4014 probabiliter
2110 3950 2184 3998 sit
2218 3949 2443 4012 factum,
2479 3964 2646 4013 supra

1562 4018 1937 4081 indicavimuS.
1974 4019 2155 4069 Eiecti
2183 4018 2463 4069 Pisistrati
2499 4017 2646 4068 bona

1559 4087 1853 4153 publicata,
1893 4103 2079 4138 verum
2117 4104 2151 4137 a
2180 4087 2393 4137 nemine
2427 4091 2644 4149 praeter

1560 4155 1788 4206 Calliam
1822 4162 1967 4206 emta
2004 4171 2124 4206 esse
2173 4162 2360 4205 narrat
2403 4154 2645 4204 Herodo-

1559 4230 1647 4274 tus
1682 4226 1779 4287 VI,
1820 4226 1937 4276 121.
1974 4224 2100 4274 Alia
2132 4228 2375 4287 veterum
2401 4221 2642 4272 testimo-

1558 4294 1651 4343 nia
1687 4293 1909 4358 collegit
1941 4292 2214 4343 Meursius
2258 4293 2316 4340 in
2361 4292 2638 4341 Pisistrat.

1561 4377 1681 4426 cap.
1708 4365 1762 4412 4.
1791 4361 1912 4413 coll.
1936 4361 2097 4412 Plass
2122 4360 2160 4410 l.
2185 4358 2221 4409 1.
2248 4360 2294 4411 1.
2321 4375 2377 4425 p.
2406 4358 2505 4409 192
2524 4373 2639 4422 seq.
