3109 5092
510 367 630 430 3Ἡ

1375 362 1914 426 HERODOTI

509 541 586 611 δὲ
607 546 971 629 τηνικαῦτα
1005 535 1136 629 ἤδη
1172 536 1662 627 τετελευτήκεε.
1734 532 2167 623 στελλόμενοι
2197 535 2274 605 δὲ
2306 529 2417 604 ἐπὶ
2442 531 2572 623 τὴν
2598 533 2785 623 Κύρ-

507 673 663 731 νον,
716 649 947 733 πρῶτα
984 642 1568 721 καταπλεύσαντες
1609 638 1677 721 ἐς
1706 637 1830 728 τὴν
1879 645 2236 727 Φωκαίην,
2281 637 2790 726 κατεφόνευσαν

507 754 646 818 τῶν
676 746 999 838 Περσέων
1038 745 1165 836 τὴν
1208 743 1558 836 φυλακὴν,
1601 740 1644 833 ἢ
1686 740 2017 833 ἐφρούρεε
2058 745 2569 832 παραδεξαμένη
2609 739 2788 831 παρὰ

498 847 842 939 Ἀρπάγου
870 848 995 939 τὴν
1022 850 1242 921 πόλιν.
1296 846 1462 939 μετὰ
1493 848 1568 918 δὲ
1586 899 1605 934 ,
1635 843 1727 926 ὡς
1755 845 1954 917 τοῦτό
1981 866 2103 934 σφι
2133 843 2522 936 ἐξέργαστο,
2558 841 2784 934 ἐποιή-

507 975 711 1023 σαντο
748 953 1022 1043 ἰσχυρὰς
1065 954 1355 1042 κατάρας
1395 957 1489 1045 τῷ
1513 946 2028 1042 ὑπολειπομένῳ
2076 952 2349 1020 ἑωυτῶν
2373 954 2495 1019 τοῦ
2523 949 2784 1022 στόλου.

507 1057 674 1145 πρὸς
705 1057 780 1126 δὲ
815 1055 1096 1146 ταύτῃσι
1122 1057 1236 1125 καὶ
1262 1055 1529 1145 μύδρον
1553 1052 1873 1142 σιδήρεον
1903 1051 2440 1139 κατεπόντωσαν,
2471 1054 2584 1123 καὶ
2610 1050 2787 1142 ὤμο-
2808 1053 2884 1109 79

507 1180 639 1230 σαν
677 1158 767 1249 μὴ
809 1161 972 1248 πρὶν
1014 1157 1081 1240 ἐς
1132 1166 1456 1247 Φωκαίην
1499 1153 1723 1247 ἥξειν,
1792 1158 1956 1246 πρὶν
2000 1150 2042 1244 ἢ
2080 1153 2202 1227 τόν
2246 1156 2531 1246 μύδρον
2550 1162 2791 1227 τοῦτον

509 1261 875 1353 ἀναφῆναι.
924 1265 1411 1352 Στελλομένων
1442 1260 1518 1330 δὲ
1548 1258 1778 1330 αὐτῶν
1806 1256 1915 1329 ἐπὶ
1942 1256 2065 1347 τὴν
2091 1260 2390 1348 Κύρνον,
2427 1255 2603 1350 ὑπὲρ
2631 1256 2786 1350 ἡμί-

509 1387 667 1446 σεας
704 1369 842 1435 τῶν
878 1362 1101 1435 ἀστῶν
1131 1372 1332 1455 ἔλαβε
1375 1363 1589 1445 πόθος
1616 1392 1688 1433 τε
1731 1365 1844 1433 καὶ
1870 1362 2087 1443 οἶκτος
2112 1368 2227 1453 τῆς
2256 1366 2486 1445 πόλιος
2516 1365 2628 1434 καὶ
2654 1370 2794 1434 τῶν

510 1466 741 1558 ἠθέων
778 1473 893 1557 τῆς
932 1468 1181 1562 χώρης·
1242 1467 1643 1559 ψευδόρκιοι
1683 1468 1760 1537 δὲ
1799 1464 2152 1555 γενόμενοι
2201 1463 2540 1538 ἀπέπλεον
2577 1464 2791 1538 ὀπίσω

511 1635 633 1686 cide
668 1635 956 1686 confundit
986 1636 1097 1686 ille.
1171 1637 1371 1688 Strabo
1408 1637 1504 1701 VI,
1547 1638 1596 1688 l.

510 1721 569 1770 p.
616 1706 718 1756 252
771 1721 839 1756 ex
880 1705 1151 1757 Antiocho
1202 1708 1401 1772 tradit,
1459 1708 1599 1757 Pho-

511 1790 769 1825 caeenses
792 1776 1022 1840 primum
1045 1777 1101 1826 in
1120 1777 1357 1842 Cyrnum
1380 1783 1435 1827 et
1452 1777 1600 1827 Mas-

512 1845 691 1896 siliam
716 1846 994 1912 profectos
1018 1861 1158 1910 esse,
1192 1846 1386 1897 deinde
1408 1845 1600 1898 Eleam

511 1915 843 1967 condidisse.
895 1918 1014 1979 Quo
1037 1931 1168 1967 vero
1199 1919 1439 1982 tempore
1458 1916 1600 1967 Pho-

512 2000 771 2036 caeenses
807 1985 1078 2037 coloniam
1114 1987 1170 2037 in
1197 1987 1377 2053 Cyrno
1415 1986 1600 2037 condi—

514 2055 711 2105 derunt
749 2053 915 2118 (anno
954 2057 1058 2107 562
1095 2061 1223 2107 ante
1255 2057 1383 2108 Chr.
1421 2072 1509 2118 n.,
1549 2056 1599 2104 si

513 2124 880 2189 Schultsium,
933 2140 1075 2174 anno
1121 2125 1251 2189 564,
1300 2127 1347 2175 si
1395 2126 1601 2177 Clinto·

513 2209 636 2243 nem
666 2194 940 2259 sequimur
971 2194 1042 2244 ad
1075 2194 1122 2257 Ι,
1153 2195 1272 2257 164,
1308 2211 1450 2245 anno
1478 2194 1600 2257 560,

511 2267 576 2313 ut
597 2264 753 2329 ponit
769 2263 1008 2328 Rospatt
1036 2262 1141 2327 (De
1168 2264 1395 2315 Corsica
1422 2263 1601 2314 insula

513 2347 549 2383 a
589 2333 850 2383 Romanis
898 2337 1064 2398 capta
1103 2333 1402 2385 Monaster.
1445 2334 1598 2385 1850.

512 2418 568 2467 p.
607 2402 715 2467 7.),
753 2417 816 2452 eo
851 2418 1104 2469 magnam
1138 2403 1353 2454 insulae
1390 2408 1602 2470 partem

511 2473 777 2523 Etruscos
813 2473 921 2523 iam
950 2472 1251 2524 obtinuisse
1276 2474 1474 2525 statuit
1499 2474 1602 2523 Mi-

514 2540 623 2591 cali
656 2541 842 2592 Storia
869 2546 974 2593 etc.
1015 2543 1091 2593 11.
1118 2559 1171 2608 p.
1200 2544 1287 2595 53.
1355 2544 1476 2606 Quo
1514 2559 1602 2594 eo-

513 2610 634 2661 dem
681 2615 925 2678 tempore
961 2628 1083 2663 cum
1120 2613 1601 2681 Carthaginienses

511 2682 621 2731 iam
662 2681 970 2733 Sardiniam
1014 2688 1290 2749 tenerent,
1340 2683 1601 2749 explicari

513 2750 639 2801 inde
675 2767 838 2818 posse
875 2752 1016 2803 idem
1052 2758 1265 2816 censet,
1304 2754 1449 2819 quod
1470 2753 1602 2804 utri-

512 2836 646 2886 que,
697 2827 754 2871 et
776 2823 999 2873 Etrusci
1034 2828 1090 2873 et
1121 2791 1601 2889 Carthaginienses

512 2858 733 2940 foed'ere
764 2891 937 2942 iuncti
957 2893 1195 2943 Graecos
1219 2892 1460 2944 advenas
1490 2892 1602 2944 bel-

511 2955 566 3007 lo
602 2960 828 3023 petiisse
857 2976 983 3010 mox
1013 2968 1332 3012 narrantur.
1367 2967 1602 3027 utraque

514 3027 659 3077 enim
695 3043 829 3093 gens
868 3030 1091 3081 Graecis
1129 3030 1313 3081 invida
1349 3031 1417 3082 ob
1457 3048 1602 3082 com·

512 3096 701 3147 mercii
734 3097 1005 3159 rationes;
1045 3099 1117 3150 cf.
1158 3115 1277 3164 cap.
1319 3101 1436 3151 166.
1516 3103 1601 3152 De

512 3165 761 3215 Etruscis
798 3168 1005 3218 consul.
1043 3168 1209 3219 etiam
1241 3169 1304 3220 C.
1336 3168 1404 3221 Ο.
1431 3170 1604 3221 Muel-

510 3233 608 3286 ler.
633 3235 885 3286 Etruscc.
912 3237 958 3286 Ι.
997 3237 1199 3301 p.181.
1221 3269 1291 3277 —
1324 3239 1411 3290 Ad
1433 3242 1603 3291 verba

513 3319 627 3385 seq.
658 3252 1075 3384 Ἀργανθώνιος
1109 3302 1174 3356 δὲ
1208 3307 1605 3371 τηνικαῦτα

512 3364 635 3495 ἥέἒ
666 3367 1043 3440 τετελευτήκεε
1076 3375 1222 3426 conf.
1261 3380 1399 3428 nott.
1448 3378 1517 3429 ad
1556 3381 1603 3443 Ι,

582 3507 679 3562 καὶ
724 3504 949 3593 μύδρον
1008 3504 1277 3581 σιδήρεον
1326 3507 1605 3566 κατεπόν-

511 3581 721 3647 τωσαν]
774 3575 993 3647 μύδρος
1047 3589 1132 3634 est
1183 3600 1353 3635 massa
1400 3589 1606 3650 quaevis

509 3654 701 3718 ignita,
752 3652 896 3704 unde
939 3644 1159 3718 μύδρος
1194 3646 1459 3720 σιδήρεος
1489 3656 1604 3719 fer-

512 3738 621 3771 rum
664 3723 889 3773 candens
924 3738 970 3772 s.
1003 3723 1143 3786 fer-ri
1174 3739 1346 3775 massa
1392 3725 1601 3790 ardens,

513 3781 545 3839 ὁ
594 3789 1004 3857 πεπυρωμένος
1049 3790 1310 3858 σίδηρος,
1360 3798 1422 3844 ut
1466 3792 1603 3860 legi-

511 3863 603 3908 tur
638 3860 693 3908 in
715 3861 1001 3943 Ercerptis
1037 3877 1103 3911 ex
1141 3867 1451 3914 oommentt.
1481 3864 1603 3915 Ale·

512 3928 704 3979 xandr.
760 3930 818 3979 in
865 3930 1144 3982 Aristotel.
1205 3932 1488 3983 Meteorol.
1551 3933 1600 3984 Ι.

516 4013 572 4063 Ρ.
622 3996 742 4049 136.
789 3997 911 4049 Vol.
958 3998 1008 4050 Ι.
1057 3999 1141 4050 ed.
1188 4001 1384 4053 Ideler.
1472 4003 1601 4054 Vid.

512 4065 712 4117 Blomf.
783 4067 840 4116 in
911 4067 1154 4121 Glossar.
1221 4072 1291 4121 ad
1345 4072 1600 4138 Aeschyl.

512 4135 790 4187 Prometh.
856 4137 1028 4187 vinct.
1096 4154 1180 4188 vs.
1242 4140 1364 4193 374.
1455 4143 1604 4194 Hine

513 4205 667 4257 reddi
709 4205 831 4255 vult
872 4206 1142 4257 Dederich
1187 4205 1224 4257 l.
1272 4209 1312 4262 l.
1363 4227 1416 4275 p.
1469 4212 1599 4262 100·

514 4278 624 4326 eine
667 4274 889 4327 schwere
932 4276 1253 4329 Eisenstein-
1267 4279 1472 4337 Massa-,-
1521 4282 1603 4332 af·

513 4345 621 4396 fert
672 4346 813 4396 idem
861 4345 1251 4398 Callimachum
1318 4349 1377 4398 in
1437 4350 1603 4402 Scho-

511 4415 600 4465 liis
652 4416 722 4466 ad
758 4415 1016 4482 Sophocl.
1055 4418 1241 4484 Antig.
1276 4419 1406 4483 264,
1454 4421 1599 4486 apud

1703 1650 1864 1701 quem
1900 1633 2224 1701 simpliciter
2267 1638 2448 1686 exstat
2480 1632 2653 1700 μέγας
2688 1625 2794 1699 μύ-

1701 1704 1858 1769 δρος.
1946 1705 2127 1770 Atque
2178 1696 2397 1770 μύδρος
2453 1719 2666 1770 quoque
2725 1703 2795 1753 de

1699 1790 1868 1825 massa
1893 1776 2101 1841 lapidea
2132 1775 2396 1835 occurrit;
2434 1789 2597 1840 quam
2629 1774 2796 1824 etiam

1701 1844 1805 1894 hoc
1841 1844 1896 1893 in
1933 1844 2054 1894 loco
2081 1844 2417 1895 intellexisse
2439 1844 2658 1894 videtur
2681 1845 2794 1893 Ho-

1701 1914 1874 1963 ratius
1912 1913 2088 1978 Epod.
2125 1915 2284 1978 XVI,
2333 1916 2421 1965 25.
2494 1913 2670 1965 Simili
2715 1915 2795 1962 iu-

1702 1982 1992 2033 risiurandi
2042 1999 2240 2048 genere
2296 1999 2429 2034 usus
2474 1988 2560 2034 est
2602 1983 2796 2034 Aristi-

1706 2053 1830 2115 des,
1876 2055 1940 2101 ut
1978 2053 2035 2103 in
2072 2055 2190 2104 eius
2227 2054 2345 2104 vita
2379 2054 2546 2104 refert
2577 2053 2796 2105 Plutar-

1705 2122 1838 2173 chus
1874 2137 1995 2186 cap.
2032 2124 2202 2174 XXV.
2238 2140 2366 2189 pag.
2402 2123 2505 2175 334
2541 2123 2588 2173 A
2626 2129 2794 2188 atque

1705 2192 1880 2242 Cinna
1903 2192 2092 2242 eodem
2119 2192 2416 2244 Plutarcho
2443 2198 2586 2244 teste
2609 2194 2665 2243 in
2688 2193 2791 2242 vit.

1706 2260 1840 2326 Syll.
1897 2262 1962 2312 10
2015 2264 2146 2314 circ.
2191 2263 2284 2313 fin.
2361 2263 2550 2314 Simile
2593 2263 2796 2328 Epida-

1705 2331 1973 2382 mniorum
1998 2332 2359 2383 iuramentum
2385 2334 2649 2398 praebent
2664 2334 2796 2383 Dio-

1707 2400 1824 2450 dori
1846 2403 2123 2466 Excerpta
2146 2403 2420 2453 Vaticana
2438 2404 2685 2466 VII—X,
2706 2404 2793 2453 20.

1706 2471 1790 2520 De
1837 2470 2146 2522 huiusmodi
2188 2473 2507 2524 iuramentis
2554 2489 2619 2523 ac
2664 2473 2796 2522 diris

1704 2540 1920 2605 publice
1963 2543 2268 2592 enunciatis
2313 2543 2558 2607 inprimis
2605 2557 2799 2594 consu·

1704 2610 1849 2659 latur
1884 2611 2151 2662 Lasaulx:
2193 2612 2377 2663 Ueber
2414 2612 2467 2664 d.
2497 2611 2670 2663 Fluch
2705 2613 2797 2662 bei

1706 2680 1975 2731 Griechen
2012 2697 2066 2732 u.
2105 2683 2342 2733 Βὸιιιοτιι
2376 2698 2503 2748 pag.
2547 2683 2610 2734 14
2648 2681 2798 2746 (Stu-

1706 2749 1833 2800 dien
1857 2750 1953 2800 des
1989 2750 2154 2802 class.
2180 2752 2515 2803 Alterthums
2543 2767 2670 2818 pag.
2694 2753 2796 2804 168

1707 2820 1904 2885 seqq).
1989 2820 2151 2872 Unde
2184 2821 2291 2873 -vel
2345 2822 2402 2872 in
2448 2822 2795 2888 proverbium

1706 2890 1844 2940 abiit
1909 2887 2194 2941 Φωκαέων
2258 2882 2385 2956 ἀρά.
2491 2892 2617 2944 vid.
2675 2892 2796 2943 Sui·

1708 2960 1832 3010 dam
1871 2974 1917 3011 s.
1955 2976 2009 3010 v.

1775 3023 1914 3094 πρὶν
1953 3021 1994 3093 ἢ
2023 3020 2126 3078 τὸν
2154 3021 2378 3094 μύδρον
2413 3028 2623 3080 τοῦτον
2656 3020 2795 3079 ἀνα-

1706 3095 1909 3163 φῆναι]
1958 3100 2239 3149 Pertinere
2283 3099 2389 3150 huc
2433 3100 2651 3151 videtur
2686 3101 2794 3151 He·

1704 3166 1883 3233 sychii
1926 3167 2135 3234 glossa.
2191 3161 2512 3234 ἀναφῆναι·
2569 3162 2794 3234 ἀναφα-

1709 3235 1880 3302 νῆναι
1935 3236 1994 3303 (i.
2045 3255 2092 3289 e.
2148 3254 2432 3304 apparere,
2496 3240 2791 3306 waeeryere),

1706 3307 1814 3357 nisi
1860 3314 2115 3374 corrupto
2152 3308 2262 3358 iam
2305 3308 2444 3360 libro
2478 3310 2794 3361 Herodoteo

1703 3391 1837 3428 usus
1876 3383 1962 3429 est
1995 3377 2327 3443 Hesychius.
2403 3380 2651 3446 Namque
2691 3379 2791 3430 hac

1701 3447 1928 3498 notione
1974 3447 2328 3498 intransitiva
2361 3449 2656 3499 inusitatus
2709 3454 2794 3500 est

1704 3516 1943 3568 aoristus
2000 3521 2231 3582 primus,
2307 3517 2445 3569 adeo
2506 3524 2568 3570 ut
2619 3520 2795 3584 ipsum

1703 3577 2107 3652 ἀναφανῆναι,
2145 3586 2292 3652 quod
2330 3588 2439 3639 iam
2475 3589 2702 3640 Reiskio
2740 3590 2795 3638 in

1705 3660 1941 3706 mentem
1975 3662 2231 3721 venerat,
2267 3658 2470 3709 Noster
2506 3659 2797 3725 scripsisse

1704 3725 1983 3787 videatur;
2041 3727 2165 3777 vide
2217 3732 2473 3779 accurate
2531 3728 2598 3779 de
2651 3729 2706 3779 h.
2754 3728 2794 3779 l.

1707 3795 2107 3876 disputantem
2127 3796 2362 3848 Bredov.
2400 3813 2454 3862 p.
2495 3796 2618 3849 357.
2692 3799 2797 3849 Co·

1704 3864 1799 3915 bet
1836 3881 2052 3931 quoque
2076 3857 2445 3948 ἀναφανῆναι
2478 3866 2587 3932 legi
2622 3866 2793 3918 iubet.

1704 3934 1887 3986 Minus
1924 3935 2106 4000 placet
2148 3927 2458 4003 ἀναβῆναι,
2504 3935 2650 4002 quod
2684 3938 2796 3989 He-

1708 4002 1827 4054 rold
1904 4007 2192 4071 proposuit
2233 4006 2519 4087 quodque
2590 4007 2796 4057 arridet

1704 4073 1991 4126 Dietschio
2045 4075 2160 4142 (qui
2212 4067 2510 4142 ἀναφῆναι
2566 4077 2795 4128 retinuit
2904 4093 2910 4098 ·

1706 4158 1829 4194 cum
1876 4149 2104 4197 recentt.
2145 4145 2292 4212 edd.)
2348 4147 2431 4197 in:
2483 4145 2711 4198 Jahrbb.
2752 4146 2791 4197 f.

1704 4213 1904 4266 Philol.
1940 4230 1993 4267 u.
2029 4215 2274 4295 Paedag'.
2297 4216 2445 4267 LXI.
2525 4217 2685 4268 .102.
2728 4215 2792 4266 In

1704 4299 1857 4350 seqq.
1897 4285 2107 4337 verbis.
2145 4276 2450 4348 ἀερθέντες
2556 4284 2671 4336 τῶν
2694 4280 2794 4335 Ot-

1705 4353 1994 4404 νουσσέων
2029 4349 2233 4404 ἔπλεον
2258 4355 2544 4407 Benedict.
2568 4356 2625 4405 in
2644 4355 2794 4405 Actt.

1702 4423 1894 4474 semin.
1943 4439 2057 4490 reg.
2095 4425 2251 4490 Lips.
2289 4425 2365 4478 ΙΙ.
2411 4441 2469 4491 Ρ.
2508 4426 2610 4477 283
2658 4425 2799 4475 iniu-
