3109 5092
423 346 548 407 442

1296 349 1829 412 HERODOTI

422 527 489 603 ἐς
527 521 650 612 τὴν
677 518 909 591 “Ηλιόυ
948 520 1148 591 πόλιν
1174 519 1305 591 ἀπὸ
1344 523 1692 612 θαλάσσης
1731 521 1871 593 ἄνω
1916 524 2120 607 ἰόντι,
2155 531 2586 612 παραπλησίη
2622 523 2697 592 τὸ

421 632 627 715 μῆκος
657 632 738 714 τῇ
772 629 836 709 ἐξ
859 623 1205 713 Ἀθηνέων
1231 622 1390 719 ὁδῷ,
1420 633 1500 716 τῇ
1532 624 1827 697 ἆπό·τώ’ν
1856 627 2164 696 δυώδεκα
2191 632 2377 696 θεῶν
2408 633 2530 695 τοῦ
2557 634 2691 714 βω-

421 734 552 818 μοῦ
579 730 880 820 φερούσῃ
910 735 975 808 ἔς
1004 738 1327 798 τε’Πϊσαν
1353 733 1464 799 καὶ
1494 732 1603 799 ἐπὶ
1630 728 1749 800 τὸν
1775 728 1941 819 νηὸν
1967 735 2088 799 τοῦ
2113 727 2276 809 Διὸς
2306 736 2428 798 τοῦ
2452 727 2692 818 Ὀλυμ-
2718 771 2731 788 .

420 931 508 993 61,
552 915 695 980 unde
742 930 949 993 recepit
993 930 1222 980 Dietsch
1272 930 1511 996 itemque

420 1000 673 1050 Dindors.
777 1000 1198 1049 Larcherianam
1261 1000 1511 1050 emenda-

422 1071 656 1132 tionem,
709 1069 852 1133 quod
904 1070 1093 1130 miror,
1149 1075 1370 1118 secutus
1427 1075 1512 1118 est

422 1139 967 1204 Schweighaeuserus
988 1143 1044 1188 et
1073 1143 1264 1201 postea
1286 1140 1510 1203 Negris;

422 1225 523 1262 nos
543 1210 822 1273 vulgatam
847 1208 1194 1269 retinuimus,
1234 1209 1406 1257 secuti
1433 1211 1511 1258 iu-

422 1280 622 1330 dicium
645 1277 971 1329 Gaisfordii:
999 1278 1345 1341 „Aegyptum
1370 1277 1509 1328 enim

423 1347 1509 1468 §3352:253303122‘2'1221‘3113'1323'{3023ss

425 1488 643 1538 detur.“
716 1486 850 1535 Inde
888 1485 957 1535 ad
995 1485 1228 1535 sontium
1268 1486 1506 1551 inopiam

424 1561 571 1607 recte
625 1556 792 1604 refert
839 1555 1045 1604 Bobrik
1096 1553 1134 1605 l.
1181 1554 1217 1604 1.
1265 1579 1336 1588 —
1380 1557 1508 1605 Mox

424 1619 548 1684 ἰλὺς
582 1626 809 1686 retinui,
848 1624 1001 1673 cuius
1039 1624 1157 1673 loco
1188 1625 1244 1673 in
1271 1625 1508 1675 Dindor-

423 1697 482 1746 fii
532 1695 771 1744 editione
814 1694 1076 1770 scriptum
1125 1694 1286 1743 video
1335 1688 1506 1757 εἰλὺς,

424 1767 661 1830 itemque
695 1755 815 1812 ἅνω
836 1756 986 1811 ἰόντι
1010 1764 1229 1825 retinui,
1267 1764 1322 1811 in
1354 1765 1509 1814 cuius

421 1835 600 1885 locum
656 1833 901 1883 Iacobitz
960 1833 1057 1898 (ad
1119 1834 1346 1883 Lucian.
1397 1835 1507 1883 vit.

422 1907 580 1955 Auct.
605 1904 691 1954 23.
722 1919 776 1967 p.
808 1903 926 1967 132)
958 1903 1148 1966 reponi
1183 1902 1358 1952 voluit
1390 1893 1508 1950 ἅνω

421 1966 665 2035 ἀνιόντι,
707 1973 854 2037 quod
890 1973 944 2021 in
979 1972 1180 2021 Aldina
1214 1974 1346 2021 etin
1377 1973 1511 2022 San·

423 2043 585 2094 crofti
629 2043 766 2090 libro
812 2042 1095 2107 alteroque
1143 2043 1394 2092 Parisino
1438 2042 1510 2090 le-

425 2114 589 2178 gitur.
663 2112 943 2160 Benedict.
982 2111 1151 2174 (Actt.
1175 2113 1365 2161 semin.
1391 2127 1507 2174 reg.

424 2183 578 2245 Lips.
619 2180 698 2230 11.
745 2195 798 2243 p.
838 2175 970 2240 284)
1007 2196 1105 2244 pro
1151 2173 1276 2236 ἰλὺς
1321 2179 1509 2243 reponi

427 2251 579 2300 iubet
639 2245 927 2308 ἰλυόεσσα,
989 2264 1095 2312 quo
1145 2264 1317 2312 aeque
1371 2250 1508 2299 bene

426 2333 610 2369 carere
651 2317 981 2396 poterimus
995 2322 1159 2381 atque
1196 2333 1328 2366 voce
1368 2309 1508 2380 ὕμν-

425 2387 581 2452 δρος,
622 2402 782 2450 quam
809 2402 905 2450 pro
943 2377 1195 2450 ανυδρος
1229 2386 1356 2451 poni
1394 2386 1511 2436 vult

427 2457 738 2508 Heilmann.

497 2523 566 2593 τῇ
608 2518 663 2587 ἐξ
699 2514 987 2588 Ἀθηνέων
1022 2512 1164 2590 ὁδῷ]
1203 2525 1309 2574 Pro
1343 2514 1510 2586 Ἀθη-

428 2596 622 2656 ναι’,ων
647 2595 792 2659 quod
813 2594 939 2643 olim
959 2594 1262 2673 legebatur,
1289 2608 1411 2642 cnm
1432 2608 1513 2641 re-

427 2670 593 2716 centt.
641 2665 763 2714 edd.
813 2664 1150 2729 reposuimus
1198 2654 1508 2726 Ἀθηνέων,

425 2737 506 2787 uti
529 2734 778 2784 voluerat
795 2734 1154 2794 Valckenar„
1189 2732 1280 2797 qui
1320 2731 1423 2781 hac
1447 2731 1513 2780 de

428 2807 602 2855 forma
625 2804 858 2869 genitivi
875 2802 1066 2851 laudat
1095 2803 1139 2864 1,
1162 2802 1250 2852 98.
1278 2801 1373 2862 VI,
1392 2802 1510 2850 127.

427 2874 555 2934 VII,
595 2873 645 2922 6.
678 2874 764 2923 62.
793 2871 880 2923 00.
913 2872 1070 2932 VIII,
1099 2871 1213 2921 100.
1247 2870 1362 2921 118.
1393 2870 1512 2920 120.

429 2944 526 3002 IX,
549 2943 601 2990 7.
640 2942 758 2990 106.
796 2941 881 2989 Cr.
908 2940 1119 2989 consuli
1142 2939 1260 2989 vult
1285 2941 1512 3002 Gregor.

432 3009 676 3060 Corinth.
725 3025 853 3072 pag.
908 3007 1007 3058 381
1057 3008 1140 3058 ed.
1187 3009 1404 3059 Schaes.
1459 3013 1515 3057 et

429 3082 656 3130 Porsen.
695 3078 765 3127 ad
800 3076 997 3140 odyss.
1036 3077 1142 3139 111,
1177 3079 1299 3127 278.
1371 3077 1512 3128 Add.

430 3147 665 3199 Bredov.
705 3162 758 3211 p.
802 3147 923 3195 217.

499 3214 570 3281 τῇ
603 3207 717 3265 ἀπὸ
767 3212 881 3262 τῶν
917 3205 1177 3261 δυωδεκα
1212 3211 1373 3262 θεῶν
1408 3211 1514 3262 τοῦ

430 3282 625 3352 βωμοῦ
651 3275 925 3349 φερούσῃ]
947 3284 1056 3332 Ara
1082 3282 1365 3333 duodecim
1391 3283 1515 3332 deo-

430 3371 574 3416 rum,
624 3355 777 3404 cuius
821 3352 967 3402 infra
1014 3368 1230 3417 quoque
1272 3353 1370 3414 VI,
1411 3351 1513 3402 108

430 3426 631 3474 mentio
670 3424 761 3486 fit,
799 3422 1132 3472 Athenarum
1177 3423 1232 3471 in
1270 3423 1408 3472 foro·
1424 3438 1512 3470 ex-

431 3499 641 3544 structa
679 3497 796 3542 erat
830 3506 864 3540 a
903 3492 1227 3552 PisistratO,
1271 3491 1514 3555 Hippiae

430 3564 567 3624 filio,
608 3567 669 3613 ut
700 3565 892 3611 auctor
929 3566 1012 3610 est
1034 3557 1380 3625 Thucydides
1416 3562 1513 3622 VI,

436 3634 521 3696 54,
561 3638 616 3682 et
653 3632 869 3696 Olymp.
896 3631 1061 3692 LXV,
1101 3631 1123 3680 l
1163 3646 1208 3679 s.
1249 3630 1352 3680 510
1389 3635 1512 3679 ante

433 3701 559 3752 Chr.
580 3717 635 3752 n.
657 3701 762 3750 iam
784 3699 1059 3749 exstitisse
1082 3699 1313 3750 videtur.
1348 3699 1515 3748 Cuius

428 3772 601 3835 ipsius
639 3785 759 3819 cum
801 3770 1056 3832 frequens
1102 3769 1190 3818 vel
1235 3769 1290 3816 in
1328 3767 1515 3816 inscri-

430 3840 705 3904 ptionibus
752 3838 851 3887 fiat
895 3838 1126 3900 menti0‚
1175 3838 1267 3886 ubi
1303 3837 1512 3885 viarum

429 3907 713 3973 longitudo
757 3906 1059 3969 indicatur,
1112 3905 1370 3955 credibile
1408 3911 1510 3966 est,

426 3977 632 4027 hancce
654 3990 805 4026 aram
827 3974 1244 4025 Atheniensibus
1271 3990 1336 4024 ea
1361 3990 1514 4038 prae-

428 4046 664 4106 stitisse,
712 4058 850 4107 quae
895 4045 1155 4094 Romanis
1203 4044 1510 4093 milliarium

426 4129 680 4174 aureum,
721 4112 950 4176 indeque
987 4128 1171 4162 omnes
1195 4115 1405 4162 viarum
1435 4114 1510 4162 di-

429 4184 665 4235 stantias
704 4196 801 4245 per
828 4183 1066 4231 Atticam
1106 4179 1312 4232 aliasve
1350 4184 1514 4233 Grae-

431 4255 549 4303 ciae
584 4251 834 4315 regiones
867 4250 1120 4299 definitas
1144 4251 1334 4300 fuisse.
1385 4252 1513 4302 vid.

431 4323 493 4373 C.
535 4321 600 4372 Ο.
642 4320 886 4369 Mueller.
933 4321 988 4367 in
1027 4320 1241 4368 Erschii
1287 4327 1340 4369 et
1380 4321 1515 4370 Gru-

430 4389 861 4460 beriEncyclop.
886 4389 982 4440 vl.
1004 4404 1057 4458 p.
1091 4388 1192 4440 237
1221 4388 1343 4440 coll.
1369 4391 1515 4444 Rose

1614 933 1893 996 Inscriptt.
1944 931 2060 980 tab.
2109 930 2342 981 XXXII.
2392 946 2520 994 pag.
2572 932 2695 981 251.

1612 1002 1852 1052 Boeckh.
1902 1000 2063 1063 Corp.
2115 1000 2491 1064 Inscriptt.1,
2542 999 2587 1049 1.
2642 1016 2695 1063 p.

1613 1070 1698 1121 32³.
1771 1070 1945 1121 Raoul
1989 1068 2256 1119 Rochette
2294 1071 2348 1118 in
2384 1069 2604 1119 Iournal
2641 1069 2694 1118 d.

1614 1142 1827 1191 Savans
1875 1139 2021 1189 1851.
2060 1154 2189 1202 pag.
2231 1140 2333 1190 614
2368 1154 2483 1203 seq.

1683 1201 1938 1286 φερούσῃ
1969 1202 2024 1263 ἔς
2062 1221 2117 1256 τε
2148 1206 2337 1256 Πῖσαν
2361 1204 2455 1256 καὶ
2481 1199 2571 1256 ἐπὶ
2596 1201 2699 1256 τὸν

1616 1276 1760 1343 νηὸν
1798 1274 1900 1327 τοῦ
1928 1269 2067 1333 Διὸς
2089 1274 2193 1324 τοῦ
2222 1269 2566 1341 Ὀλυμπίου]
2596 1278 2697 1327 Co-

1612 1349 1821 1431 pios-ius
1870 1347 1935 1396 de
1980 1346 2065 1394 his
2104 1346 2345 1410 disputat
2382 1347 2468 1396 vir
2501 1347 2694 1396 doctus

1612 1419 1667 1467 in
1715 1417 1878 1467 Mem.
1926 1416 1993 1464 de
2036 1415 2248 1467 l'Acad.
2296 1416 2391 1465 des
2438 1416 2693 1481 Inscript.

1612 1493 1653 1538 t.
1693 1488 1797 1537 VII
1848 1485 2047 1550 (Paris.
2092 1484 2273 1542 1824).
2312 1502 2365 1549 p.
2409 1485 2475 1536 313
2521 1502 2693 1550 seqq.3

1613 1560 2039 1607 commonstrare
2060 1556 2202 1604 enim
2230 1556 2431 1615 studet,
2466 1555 2550 1604 his
2579 1572 2697 1604 ver-

1611 1627 1696 1676 bis
1725 1625 1956 1675 indicari
1990 1624 2122 1684 iter,
2170 1624 2314 1689 quod
2358 1625 2427 1674 ab
2464 1625 2694 1675 Athenis

1613 1705 1661 1746 el
1696 1696 1887 1760 quidem
1925 1708 1959 1742 a
2006 1693 2291 1742 duodecim
2338 1693 2557 1743 deorum
2597 1710 2697 1744 ara

1613 1765 1778 1814 ducat
1835 1765 2018 1813 Pisam
2082 1771 2131 1811 et
2176 1763 2368 1827 quidem
2425 1764 2493 1812 ad
2548 1764 2697 1813 Iovis

1614 1834 1849 1898 Olympii
1890 1831 2167 1896 templum,
2219 1834 2298 1880 ita
2345 1836 2407 1880 ut
2453 1847 2562 1881 una
2608 1849 2699 1882 ea-

1613 1904 1840 1967 demque
1868 1901 2207 1962 intellig-atur
2223 1902 2341 1960 via,
2385 1903 2697 1952 accuratius

1610 1973 1769 2022 modo
1807 1970 2059 2020 indicatis
2104 1971 2387 2035 utriusque
2422 1972 2571 2020 urbis
2623 1972 2699 2021 lo-

1611 2043 1691 2091 cis
1740 2039 1999 2104 singulis,
2057 2055 2197 2103 quae
2254 2042 2309 2088 in
2368 2041 2695 2090 dimetiendo

1609 2115 1802 2161 auctor
1848 2110 1920 2160 sit
1965 2115 2205 2160 secutus.
2254 2140 2326 2149 -—
2364 2107 2553 2158 Πῖσαν
2600 2127 2697 2175 pro

1615 2179 1839 2229 Πίσσαν
1878 2179 2079 2228 dudum
2127 2179 2449 2228 restituerat
2483 2180 2698 2229 Wesse-

1610 2250 1840 2313 lingins3
1882 2254 1935 2298 et
1973 2249 2109 2297 satis
2150 2249 2531 2298 commendant
2559 2250 2699 2298 hanc

1612 2319 1937 2382 scripturam
1968 2333 2001 2367 a
2029 2317 2293 2367 Creuzero
2324 2319 2606 2381 disputata
2644 2320 2697 2367 in

1612 2387 1824 2437 Melett.
1864 2388 1911 2436 1.
1968 2403 2097 2452 pag.
2138 2386 2202 2436 10
2239 2392 2355 2437 not..
2402 2389 2480 2438 13.
2556 2387 2697 2439 Add.

1612 2456 1892 2522 Lozynski
1929 2457 1997 2506 ad
2045 2456 2326 2519 Hermippi
2361 2457 2613 2522 fragmm.
2642 2473 2696 2522 p.

1612 2526 1700 2576 68.
1775 2527 2013 2574 Doctum
2052 2524 2265 2575 Gallum
2301 2524 2341 2575 l.
2381 2524 2417 2574 l.
2453 2543 2578 2591 pag.
2611 2526 2696 2577 36.

1615 2595 1679 2646 37
1730 2597 1780 2643 si
1827 2595 2011 2654 audis,
2058 2594 2369 2642 Herodotus
2419 2597 2697 2660 antiquum

1616 2669 1671 2713 et
1693 2663 1851 2729 quasi
1881 2668 2156 2712 sacratum
2175 2664 2334 2713 Pisae
2351 2679 2545 2713 nomen
2577 2680 2701 2714 cou-

1615 2733 1759 2784 sulto
1808 2734 2059 2792 retinuit,
2109 2747 2258 2792 cum,
2308 2749 2413 2797 quo
2460 2739 2699 2797 tempore

1614 2803 1706 2852 ille
1752 2802 1888 2851 haec
1936 2801 2023 2850 vel
2064 2802 2340 2850 scribebat
2384 2802 2470 2851 vel
2518 2804 2700 2866 Olym-

1614 2872 1754 2936 pii-is
1788 2871 1932 2920 ludis
1967 2871 2264 2932 recitabat,
2302 2871 2433 2920 Pisa
2456 2872 2524 2921 ab
2550 2871 2700 2922 Eleis

1618 2942 1800 2990 diruta
1853 2956 1962 2989 non
2010 2940 2241 3005 amplius
2292 2942 2583 2991 exstiterit.
2632 2968 2697 2976 —

1618 3003 1761 3073 νηὸν
1797 3010 1995 3060 Noster
2051 3010 2215 3070 dixit,
2278 3026 2384 3060 non
2441 3002 2602 3072 ἱερὸν
2649 3025 2695 3061 s.

1616 3078 1874 3142 τέμενος,
1913 3081 2088 3143 ipsam
2126 3079 2273 3128 Iovis
2311 3079 2495 3129 aedem
2535 3078 2697 3142 sig-ui-

1614 3148 1895 3198 ficaturus.
1967 3149 2053 3197 Tu
2098 3148 2171 3198 cf.
2214 3148 2292 3211 ΙΙ,
2331 3148 2416 3200 63.
2459 3149 2557 3199 138
2596 3149 2697 3197 ibi-

1616 3233 1719 3283 que
1757 3217 1946 3266 allata.

1686 3278 1777 3335 ἐπὶ
1803 3278 1904 3334 τὸν
1930 3276 2075 3349 νηὸν
2095 3282 2198 3333 τοῦ
2222 3278 2362 3342 Διὸς
2382 3276 2633 3334 1013'2021
2622 3300 2701 3348 μ-

1616 3353 1779 3421 πίου]
1828 3356 2121 3416 Quaeritur
2163 3355 2217 3403 h.
2269 3354 2326 3417 l,
2374 3356 2523 3405 Iovis
2569 3359 2702 3403 tem·

1614 3424 1758 3488 plum
1809 3424 2085 3488 antiquius
2132 3423 2363 3488 intelligi
2399 3425 2595 3473 debeat
2628 3440 2702 3472 an

1616 3494 1886 3543 recentius
1914 3509 1947 3542 a
1981 3493 2191 3542 Libone
2219 3494 2424 3543 exstrui
2449 3499 2701 3557 coeptum

1616 3568 1740 3626 post
1780 3561 2087 3626 olympiad.
2132 3562 2379 3623 LXXXI,
2426 3578 2534 3627 qua
2582 3563 2703 3625 ipsa

1620 3631 1927 3680 Herodotus
1973 3631 2253 3680 historiam
2290 3646 2441 3680 suam
2480 3632 2702 3682 Graecis

1617 3701 1879 3749 recitasse
1912 3700 2100 3749 fertur.
2175 3701 2261 3752 Cr.
2293 3700 2527 3749 conferri
2553 3701 2703 3749 iubet

1616 3769 1889 3819 Voelkel.:
1950 3769 2132 3818 Ueber
2186 3770 2289 3818 den
2335 3768 2557 3832 Tempe!
2604 3769 2700 3818 des

1616 3838 1824 3902 Iupiter
1858 3853 1924 3886 zu
1954 3838 2172 3903 Olymp.
2196 3854 2323 3902 pag.
2365 3838 2444 3888 15.
2483 3839 2541 3888 21
2584 3854 2698 3902 seq.

1616 3905 1879 3971 Equidem
1929 3907 2112 3956 malim
2169 3908 2444 3958 recentius
2504 3906 2703 3956 intelli·

1615 3991 1741 4037 gere
1763 3975 2039 4039 templum,
2074 3978 2391 4039 praesertim
2411 3992 2531 4027 cum
2555 3975 2701 4040 apud

1614 4045 1954 4094 Herodotum
2006 4045 2145 4094 talia
2190 4046 2538 4095 inveniantur
2580 4060 2703 4109 pro·

1615 4114 1754 4175 dita,
1795 4129 1936 4178 quae
1969 4113 2057 4166 vel
2084 4113 2253 4163 multo
2279 4121 2404 4178 post
2432 4115 2537 4164 boc
2571 4119 2701 4164 tem-

1614 4183 1761 4246 plum
1810 4189 2143 4232 exstructum
2188 4183 2491 4233 acciderint
2541 4189 2596 4232 et
2631 4182 2702 4232 ad

1615 4252 2024 4314 nonagesimam
2082 4253 2368 4316 septimam
2427 4251 2705 4316 Olympia-

1618 4320 1738 4370 dem
1776 4336 1949 4385 usque
1987 4321 2320 4380 referantur3
2369 4322 2480 4371 vid.
2519 4323 2704 4384 Heyse

1618 4391 1845 4458 Quaest.
1882 4389 2085 4443 Herod.
2122 4407 2249 4460 pag.
2290 4392 2358 4441 74
2395 4405 2545 4458 seqq.
2608 4391 2705 4442 At-
