3109 5092
450 335 569 400 148
1313 338 1855 400 HERODOTI

443 516 735 589 ἀέθλεον
761 515 927 605 πρὸς
963 515 1120 597 τούς
1158 516 1518 606 Τεγεήτας,
1561 513 1729 584 κατὰ
1776 515 1853 585 δὲ
1882 513 2001 583 τὸν
2039 512 2206 583 κατὰ
2233 522 2533 602 Κροῖσον
2572 511 2725 600 χρό-
2791 567 2796 572 .

447 649 572 693 νον
617 621 731 690 καὶ
772 620 898 711 τὴν
940 618 1476 712 Ἀναξανδρίδεω
1510 648 1583 689 τε
1624 621 1737 689 καὶ
1783 616 2182 705 Ἀρίστωνος
2239 625 2603 705 βασιληΐην
2654 619 2730 684 έν

446 731 904 813 Λακεδαίμονι
929 722 1060 814 ἤδη
1088 731 1159 795 οἱ
1179 729 1602 816 Σπαρτιῆται
1635 725 2114 811 κατυπέρτεροι
2156 725 2251 814 τῷ
2278 723 2545 813 πολέμῳ
2578 723 2725 806 έγε-

446 829 768 919 γόνεσαν,
798 827 1025 922 τρόπῳ
1049 834 1288 923 τοιῷδε
1317 827 1690 917 γενόμενοι.
1747 824 1982 914 ἐπειδὴ
2020 827 2153 894 αίεὶ
2180 829 2273 918 τῷ
2317 826 2585 916 πολέμῳ
2615 826 2721 892 ἕσ-

445 939 690 1004 σοῦντο
727 928 861 1004 ὑπὸ
914 937 1334 1022 Τεγεητέων,
1392 936 1773 1021 πέμψαντες
1813 927 2242 1018 θεοπρόπους
2281 929 2348 1007 ές
2392 925 2728 1016 Δελφοὺς,

446 1034 888 1128 ἐπειρώτεον,
934 1044 1086 1106 τίνα
1129 1033 1215 1107 ἂν
1254 1042 1443 1106 θεῶν
1481 1035 1868 1124 ἱλασάμενοι
1911 1031 2298 1121 κατύπερθε
2327 1036 2420 1123 τῷ
2462 1034 2727 1124 πολέμῳ

457 1144 840 1231 Τεγεητέων
866 1148 1192 1226 γενοίατο.
1235 1136 1275 1228 ἡ
1304 1140 1381 1209 ’δὲ
1411 1146 1649 1227 Πυθίη
1679 1160 1801 1227 σφι
1834 1143 2068 1226 ἔχρησε
2088 1188 2106 1219 ,
2147 1133 2227 1203 τοὶ
2251 1132 2572 1223 Ὀρέστεω
2601 1139 2725 1202 τοῦ

438 1242 926 1332 Ἀγαμέμνονος
967 1239 1163 1313 ὀστέα
1207 1246 1770 1331 ἐπαγαγομένους.
1836 1235 1925 1320 ὥς
1966 1240 2040 1308 δὲ
2081 1235 2398 1327 ἀνευρεῖν
2439 1234 2564 1306 οὐκ
2597 1231 2734 1306 οἷοί

445 1373 517 1434 τε
563 1348 863 1434 έγινέατο
898 1343 1025 1433 τὴν
1063 1346 1288 1437 θήκην
1329 1352 1452 1417 τοῦ
1486 1343 1841 1435 Ὀρέστεω,
1897 1350 2198 1431 ἔπεμπον
2248 1331 2438 1420 αὖτις
2489 1338 2613 1429 τὴν
2662 1337 2729 1420 ἐς

445 1447 617 1518 θεὸν
656 1446 1217 1538 ἐπειρησομένους
1251 1448 1370 1520 τὸν
1394 1455 1650 1538 χῶρον,
1700 1445 1775 1517 ἐν
1800 1450 1893 1539 τῷ
1934 1451 2151 1517 κέοιτο
2178 1440 2214 1515 ὅ
2243 1442 2570 1534 Ὀρέστης.
2629 1450 2722 1513 εί-

447 1557 710 1641 ρωτῶσι
739 1552 815 1621 δὲ
841 1557 1052 1621 ταῦτα
1080 1569 1251 1623 τοῖσι
1282 1553 1729 1642 θεοπρόποισι
1761 1554 1938 1638 λέγει
1969 1546 2009 1638 ἡ
2039 1557 2277 1637 Πυθίη
2304 1546 2464 1617 τάδε
2483 1569 2497 1583 ·

597 1675 770 1742 ’Ἐστι
811 1707 902 1755 τις
937 1677 1255 1761 Ἀρκαδίης
1303 1683 1486 1761 Τεγέη
1526 1684 1717 1768 λευρῷ
1763 1679 1853 1741 ἐνὶ
1896 1676 2104 1766 χώρῳ,

1638 1875 1885 1951 γενοίατ’
1926 1874 2018 1935 ἄν.
2073 1887 2196 1949 Qua
2240 1866 2427 1935 tamen
2458 1881 2731 1948 particula

1637 1956 1839 2006 iterata
1885 1970 2060 2020 neque
2102 1955 2210 2017 hic,
2261 1969 2437 2019 neque
2483 1953 2628 2003 infra
2660 1953 2727 2015 V,

1637 2026 1725 2089 92,
1771 2026 1806 2076 6
1853 2023 1968 2089 (ubi
2015 2040 2110 2088 pro
2166 2016 2432 2073 κάλλιστα
2474 2022 2728 2088 proponit

1637 2086 1889 2144 κάλλιστ’
1937 2083 2040 2160 ἂν)
2093 2094 2251 2144 nobis
2300 2108 2436 2158 opus
2482 2107 2604 2143 esse
2649 2092 2728 2141 vi-

1640 2165 1819 2216 detur.

444 1893 590 1944 Piali
625 1891 859 1943 cessisse
889 1891 1127 1942 videtur.
1173 1892 1313 1942 Vide
1349 1891 1536 1942 Leake

446 1962 484 2014 l.
521 1964 559 2014 1.
600 1968 655 2013 et
689 1961 851 2014 Ross.
888 1961 927 2014 l.
965 1961 1003 2012 1.

791 2132 926 2182 Cn».
961 2132 1169 2182 LXVII
1175 2168 1189 2183 .

517 2230 613 2285 καὶ
662 2226 769 2299 τὴν
819 2224 1266 2298 Ἀναξανδρίδεώ
1324 2249 1383 2283 τε
1438 2230 1535 2285 καὶ

437 2294 771 2369 Ἀρίστωνος
805 2299 1110 2367 βασιληίην
1160 2293 1220 2352 έν
1256 2300 1536 2352 Λακεδαί-

444 2372 599 2439 μονι]
638 2375 722 2424 De
756 2372 1140 2423 Anaoeandm’de
1177 2374 1326 2424 conf.
1362 2374 1427 2435 V,
1467 2372 1535 2425 39

446 2460 598 2509 seqq.
645 2442 878 2507 Regium
930 2441 1214 2506 imperium
1258 2443 1537 2508 accepisse

444 2513 663 2564 videtur
695 2512 800 2565 570
826 2528 878 2562 a.
915 2511 1041 2563 Chr.
1080 2527 1155 2574 n.,
1184 2516 1245 2562 ut
1262 2514 1534 2564 Larchero

444 2583 628 2649 placet
672 2588 838 2648 atque
894 2581 1174 2632 Schultzio
1234 2581 1314 2647 (in
1357 2584 1537 2648 Appa-

444 2660 550 2705 rat.
609 2658 716 2703 etc.
766 2667 893 2718 pag.
945 2650 1068 2715 22);
1119 2652 1201 2704 ita
1238 2658 1301 2703 ut
1348 2653 1536 2704 Croesi

444 2724 514 2774 ad
558 2722 1024 2773 Lacedaemonios
1069 2721 1274 2787 legatio
1324 2723 1535 2773 incidat

444 2794 501 2842 in
536 2808 664 2843 ann.
702 2793 800 2843 561
854 2807 906 2843 a.
945 2791 1070 2842 Chr.
1121 2808 1176 2842 n.
1224 2793 1426 2855 Am‘sw,
1466 2792 1533 2842 de

441 2877 549 2927 quo
584 2861 741 2925 plura
774 2863 976 2912 Noster
1010 2861 1106 2923 VI,
1144 2862 1208 2912 61
1241 2878 1415 2927 seqq„
1452 2877 1534 2913 re-

442 2945 607 2995 gnum
649 2946 791 2980 anno
837 2932 940 2981 574
990 2931 1203 2995 accepit
1249 2932 1533 2997 tenuitque

441 3013 538 3062 per
590 2999 991 3063 quinquaginta
1046 3004 1280 3064 quatuor
1336 3016 1529 3051 annos.

442 3066 605 3117 Conf.
640 3067 884 3118 Schultz.
921 3067 960 3118 l.
997 3068 1035 3118 l.
1085 3084 1211 3134 pag.
1259 3071 1341 3120 15.
1389 3070 1529 3121 A‘dd.

442 3136 682 3187 Clinton.
729 3137 887 3188 Fast.
932 3137 1149 3188 Hellen.
1200 3154 1447 3189 convers.
1497 3156 1531 3190 a

440 3206 707 3270 Krueger.
745 3222 872 3272 pag.
915 3208 1035 3267 224,
1073 3207 1169 3258 ubi
1189 3212 1419 3274 uterque
1436 3225 1532 3260 rex

441 3275 512 3325 ad
546 3289 750 3326 annum
780 3277 910 3340 560,
949 3292 1056 3341 quo
1103 3271 1293 3328 Cioesi
1326 3277 1531 3343 legatio

438 3346 608 3395 missa
640 3345 881 3410 videtur,
914 3348 1163 3397 refertur.
1201 3348 1284 3398 Ad
1321 3347 1533 3414 reliqua

439 3416 585 3465 conf.
626 3416 881 3468 Creuzer.
921 3417 1249 3469 Commentt.
1283 3419 1528 3471 Herodd.

436 3501 565 3551 pag.
604 3485 708 3537 298
744 3502 918 3552 seqq„
955 3487 1097 3537 unde
1129 3488 1390 3539 nonnulla
1424 3488 1530 3538 huc

437 3555 715 3634 transtuli.
795 3558 881 3607 De
942 3572 1046 3607 usu
1103 3558 1527 3640 praepositionis

437 3639 612 3673 κατα
648 3625 705 3673 in
740 3626 921 3676 verbis
961 3620 1527 3679 κατα-τὸν-πό-

436 3692 607 3757 λεμον
628 3697 793 3770 atque
813 3688 981 3744 κατὰ
1018 3688 1119 3747 τὸν
1155 3690 1326 3748 κατὰ
1353 3697 1527 3761 Κροῖ-

438 3773 542 3879 ἒον
571 3776 787 3891 geza?
825 3764 1105 3817 admonuit
1138 3768 1393 3819 Kuehner
1430 3768 1524 3819 Gr.

488 3845 534 3879 r.
609 3866 622 3879 .
769 3868 782 3882 .

507 3895 834 3974 πέμψαντες
877 3894 1251 3964 θεοπρόπους
1297 3897 1352 3963 ἐς
1389 3906 1524 3955 Δελ-

439 3964 611 4030 φους]
651 3960 1029 4030 θεοπρόπους
1062 3970 1262 4023 Noster
1300 3991 1392 4026 eos
1431 3992 1523 4025 vo-

436 4040 545 4096 cat,
584 4036 677 4099 qui
714 4035 991 4087 oraculum
1028 4039 1365 4092 sciscitatum
1402 4045 1523 4094 mit·

436 4108 643 4167 tantur,
693 4111 754 4155 ut
800 4106 845 4166 1,
895 4105 983 4156 48.
1036 4108 1103 4170 v,
1152 4111 1239 4161 79.
1288 4112 1384 4175 VI,
1434 4116 1520 4164 57.

434 4173 561 4235 VII,
602 4174 719 4224 140.
768 4174 905 4225 Aliis
943 4175 1197 4227 dicuntur
1232 4177 1468 4244 θεωροί.

498 4240 634 4290 τίνα
667 4232 740 4292 ἄν
776 4241 934 4292 θεῶν
970 4238 1300 4311 ἱλασάμενοι
1336 4280 1406 4290 --
1434 4265 1520 4314 γε-

436 4308 656 4377 νοίατο]
720 4312 1000 4363 Werferus
1056 4316 1112 4365 in
1168 4318 1318 4369 Actt.
1366 4320 1517 4384 phill.

1710 2226 1877 2284 ὀστέα
1925 2225 2404 2297 ἐπαγαγομένους]
2446 2231 2727 2282 Accusati-

1637 2319 1738 2354 vus
1776 2319 1886 2353 non
1922 2301 2178 2366 offendit,
2227 2303 2475 2367 quamvis
2509 2317 2727 2366 praece-

1638 2373 1735 2423 dat
1771 2372 1989 2423 dativus
2028 2385 2184 2436 σφιν.
2224 2370 2385 2422 Conf.
2421 2377 2538 2421 not.
2576 2370 2647 2420 ad
2677 2370 2725 2433 1,

1637 2444 1689 2494 3.
1737 2444 1821 2492 Ex
1870 2441 2156 2492 antecedd.
2212 2440 2318 2491 huc
2362 2445 2542 2491 mente
2590 2440 2724 2491 adii-

1637 2512 1889 2563 ciendum
1934 2504 2264 2576 κατύπερθε
2320 2508 2607 2575 γενέσθαι.
2657 2539 2728 2550 --

1636 2574 1799 2647 θήκη
1836 2584 2045 2632 loculum
2078 2581 2306 2631 indicat.
2344 2579 2469 2630 Vid.
2491 2584 2632 2631 nott.
2655 2579 2726 2629 ad

1635 2652 1711 2716 11,
1749 2652 1835 2703 67.
1877 2652 1984 2703 Pro
2016 2639 2285 2715 ἔγινέατο,
2313 2650 2460 2715 quod
2495 2651 2728 2700 retinen-

1637 2721 1763 2771 dum
1811 2721 1998 2772 censui
2053 2720 2153 2788 (cf.
2207 2719 2441 2771 Bredov.
2495 2736 2550 2786 p.
2601 2718 2724 2772 329.

1636 2789 1810 2854 33⁰),
1849 2793 2077 2842 recentt.
2114 2789 2237 2841 edd.
2269 2795 2590 2854 receperunt
2618 2778 2726 2853 ἐγί-

1635 2875 1836 2924 νοντο,
1900 2859 2046 2926 quod
2109 2865 2220 2910 tres
2279 2860 2542 2925 praebent
2598 2858 2726 2908 libri

1636 2946 1801 2981 manu
1836 2931 2048 2996 scripti.

1706 2995 1960 3079 ἔπεμπον
1980 2988 2141 3056 αὖτις
2177 2989 2280 3063 τὴν
2317 2988 2372 3055 ές
2405 2988 2573 3062 θεὸν]
2598 2988 2725 3061 τὴν

1635 3060 1691 3128 ἐς
1727 3068 1873 3119 θεον
1906 3070 2099 3120 merito
2131 3073 2459 3118 revocarunt
2481 3068 2719 3119 Gronov.

1634 3146 1691 3190 et
1725 3139 2229 3205 Schweighaeuser.
2267 3138 2407 3188 Nam
2445 3136 2722 3187 deleverat

1632 3208 1922 3259 articulum
1945 3201 2047 3273 τὴν
2071 3207 2486 3273 Wesselingius.
2523 3205 2722 3257 Aldina

1633 3270 1700 3337 ές
1736 3270 1862 3327 τὸν
1896 3272 2069 3341 θεὸν,
2108 3292 2408 3342 perperam.
2484 3277 2570 3326 Tu
2606 3275 2719 3328 vid.

1631 3347 1676 3410 Ι,
1716 3348 1818 3400 109
1844 3349 1975 3413 ibiq.
2017 3353 2130 3398 not.
2166 3347 2444 3397 Lambert.
2483 3348 2613 3398 Bos,
2652 3345 2719 3396 de

1630 3416 1856 3482 Enipea.
1894 3418 1960 3468 L.
2000 3418 2093 3469 Gr.
2133 3433 2188 3482 p.
2231 3416 2329 3468 331
2370 3433 2484 3482 seq.
2525 3416 2627 3469 335
2665 3420 2721 3466 et

1629 3487 1877 3551 inprimis
1914 3502 2055 3552 quae
2101 3487 2170 3536 ad
2213 3492 2485 3552 receptam
2530 3484 2720 3537 lectio-

1628 3572 1750 3608 nem
1787 3555 2105 3607 firmandam
2139 3556 2371 3607 contulit
2408 3556 2638 3607 Werfer.
2674 3555 2713 3608 l.

1626 3625 1665 3678 1.
1710 3642 1838 3693 pag.
1877 3626 1964 3677 75.
2014 3625 2282 3690 Supplent
2324 3632 2507 3676 autem
2549 3624 2715 3692 vulgo

1627 3686 1789 3759 ὁδὸν,
1852 3695 1995 3763 quod
2051 3711 2173 3746 cum
2220 3711 2496 3762 nunquam
2555 3697 2637 3747 sic
2681 3711 2716 3746 a

1626 3767 1830 3819 Nostro
1867 3766 2170 3827 omittatur,
2205 3765 2455 3816 voculam
2491 3758 2613 3831 τὴν,
2654 3770 2716 3815 ut

1627 3852 1694 3886 ex
1747 3836 2166 3901 interpolatione
2230 3835 2464 3899 quadam
2520 3841 2714 3897 ortem,

1627 3906 1818 3957 melius
1839 3904 2196 3956 omittendam
2221 3920 2342 3954 esse
2377 3911 2565 3955 censet
2587 3906 2714 3954 Bre-

1626 3976 1750 4027 doV.
1788 3991 1842 4041 p.
1883 3974 1969 4026 28.
2009 4005 2078 4013 ——
2113 3976 2255 4024 Ante
2299 3964 2563 4038 Ὀρέστης
2597 3974 2712 4039 qui-

1624 4045 1747 4096 dam
1801 4045 1926 4096 libri
1986 4045 2245 4095 omittunt
2302 4043 2592 4094 articulum
2661 4033 2710 4092 ὁ.

1625 4114 1790 4166 Male.

1693 4180 1913 4250 λευρῷ
1953 4173 2036 4231 ἑνὶ
2071 4172 2257 4249 χοίρῳ]
2310 4181 2519 4232 Eadem
2565 4181 2711 4232 locu-

1622 4253 1700 4302 tio
1737 4254 1794 4303 in
1829 4252 2054 4303 Homeri
2074 4250 2275 4316 odyss.
2311 4250 2436 4314 VH,
2468 4253 2585 4313 121,
2615 4252 2710 4301 ubi

1619 4320 1799 4389 λευρῷ
1836 4323 2266 4386 interpretantur
2300 4318 2462 4386 λείῳ,
2514 4310 2708 4387 ὁμαλῷ

430 4379 684 4432 Menace.
743 4382 790 4432 1.
840 4399 967 4450 pag.
1017 4387 1121 4437 255
1177 4389 1345 4439 scribi
1400 4390 1519 4441 vult
1617 4379 1658 4455 ἦ
1717 4390 1930 4456 πλατεῖ,
1983 4392 2022 4443 i.
2077 4406 2125 4442 e.
2166 4394 2217 4442 in
2258 4397 2493 4453 patente,
2545 4405 2709 4455 aequo
