3109 5092
1128 410 1623 472 EUTERPE.
1671 410 1756 470 11.
1801 419 1886 473 12.

2519 411 2645 475 453

364 580 448 670 δὴ
479 579 790 669 ἐθελήσει
829 582 1144 671 ἐκτρέψαι
1180 580 1254 653 τὸ
1282 586 1570 672 ῥέεθρον
1600 580 1636 653 ὅ
1666 592 1911 665 Νεῖλος
1939 588 2006 666 ές
2042 592 2282 657 τοῦτον
2309 587 2428 660 τὸν
2446 586 2639 679 Ἀρά-

363 694 519 775 βιον
545 685 832 769 κόλπον,
873 693 944 754 τί
973 714 1093 773 μιν
1136 686 1384 756 κωλύει
1424 690 1691 776 ῥέοντος
1729 688 1975 759 τούτου
2002 693 2427 779 ἐκχωσθῆναι
2454 692 2641 773 ἐντός

345 816 440 877 ,γε
468 794 846 878 δισμυρίων
874 791 1112 868 ἐτέων;
1145 788 1277 876 ἐγώ
1303 790 1427 878 μὲν
1455 787 1584 878 γὰρ
1613 797 1903 881 ἔλπομαί
1928 821 2003 879 γε
2028 797 2138 862 καὶ
2165 803 2432 884 μυρίων
2457 793 2642 876 ἐντὸς

362 898 713 981 χωσθῆναι
741 888 846 961 ἄν.
907 898 1033 961 κοῦ
1060 919 1137 979 γε
1163 891 1246 981 δὴ
1275 897 1349 962 ἐν
1379 900 1473 986 τῷ
1502 900 2148 989 προαναισιμωμένῳ
2176 896 2430 990 χρόνῳ,
2473 897 2637 987 πρό-

363 1022 561 1083 τερον
585 990 626 1084 ἢ
655 995 768 1083 ἐμὲ
795 999 1137 1081 γενέσθαι,
1167 993 1292 1065 οὐκ
1320 991 1408 1065 ἄν
1432 1005 1731 1085 χωσθείη
1763 997 2007 1079 κόλπος
2033 1002 2145 1069 καὶ
2175 1005 2402 1092 πολλῷ
2425 1005 2641 1089 μέζων

366 1105 464 1167 ἔτι
502 1097 782 1182 τούτου,
836 1093 969 1167 ύπό
1018 1097 1340 1168 τοσούτου
1387 1127 1456 1168 τε
1496 1107 1801 1188 ποταμοῦ
1846 1103 1959 1170 καὶ
1996 1099 2208 1181 οὕτως
2247 1106 2638 1191 έργατικοῦς

376 1199 468 1270 Τὰ
487 1203 640 1288 περὶ
654 1211 1008 1287 Αἴγυπτον
1031 1192 1128 1270 ὦν
1146 1204 1256 1270 καὶ
1278 1218 1448 1272 τοῖσι
1468 1206 1737 1289 λέγουσι
1760 1200 1929 1272 αὐτὰ
1949 1213 2292 1294 πείθομαι,
2309 1208 2419 1274 καὶ
2440 1204 2638 1287 αὐτὸς
2663 1215 2733 1275 12

366 1301 544 1373 οὕτω
587 1303 793 1390 κάρτα
838 1307 1050 1373 δοκέω
1092 1303 1299 1389 εἶναι,
1339 1304 1508 1374 ἰδών
1536 1334 1609 1374 τε
1643 1304 1770 1394 τὴν
1798 1317 2150 1393 Αἴγυπτον
2190 1311 2639 1398 προκειμένην

366 1413 481 1495 τῆς
513 1409 825 1498 ἐχομένης
854 1412 1007 1496 γῆς,
1039 1406 1361 1495 κογχύλιά
1395 1436 1467 1478 τε
1509 1409 1885 1497 φαινόμενα
1928 1412 2037 1480 ἐπὶ
2063 1427 2234 1481 τοῖσι
2270 1410 2500 1503 οὔρεσι
2527 1413 2641 1480 καὶ

366 1600 614 1671 ἆέεθρον
653 1598 683 1657 ὂ
716 1606 926 1664 Νεῖλος
954 1623 1004 1657 κ.
1036 1623 1083 1657 τ.
1112 1607 1184 1674 λ.]
1221 1600 1295 1674 δὴ
1333 1625 1456 1660 cum
1555 1618 1821 1677 antequam
1863 1615 1973 1675 ipse
2031 1619 2182 1661 natus
2229 1627 2360 1672 swa,
2360 1570 2371 1580 ε
2423 1612 2641 1676 effluxit,

364 1678 666 1744 Schweigh.
703 1681 757 1727 et
782 1676 958 1729 Gaisf.
993 1676 1244 1728 lubenter
1279 1679 1455 1729 adsci-

365 1748 569 1810 vimus,
633 1763 756 1797 cum
808 1745 974 1811 vulgo
1021 1747 1262 1799 abesset.
1329 1748 1452 1799 Ele·

363 1822 582 1897 gantem
627 1816 968 1881 periphrasin
1010 1817 1066 1865 in
1113 1818 1278 1867 verbo
1325 1808 1451 1867 ἐθε-

366 1880 520 1951 λήσει
552 1891 606 1936 et
637 1886 742 1936 hoc
776 1885 897 1936 loco
927 1891 981 1935 et
1009 1886 1235 1947 V11,49
1259 1887 1450 1937 Iacob·

364 1956 479 2007 sins
504 1959 662 2006 notat
689 1955 758 2005 ad
781 1955 1031 2005 Platonis
1067 1954 1236 2006 Laeh.
1267 1972 1320 2020 p.
1347 1955 1448 2007 190

365 2028 411 2077 E
437 2023 516 2088 (in
543 2025 757 2075 Socrat.
784 2041 838 2089 p.
863 2023 1009 2090 220).
1056 2025 1144 2074 Tu
1169 2025 1313 2074 conf.
1343 2026 1453 2076 He·

364 2095 482 2145 rod.
519 2096 576 2156 I,
601 2094 689 2145 32.
721 2092 972 2160 10970011.
1009 2095 1077 2143 74
1103 2094 1285 2158 ibique
1308 2099 1452 2146 nott.

364 2166 467 2215 Est
495 2168 674 2214 autem
710 2163 814 2213 hoe
851 2163 963 2212 fere
993 2163 1262 2213 Herodoti
1296 2179 1454 2228 argu-

365 2238 628 2284 mentum:
675 2233 722 2282 si
758 2232 918 2282 'Nilus
954 2233 1012 2281 in
1046 2232 1340 2283 Arabicum
1382 2234 1452 2282 si-

365 2320 492 2354 num
546 2318 605 2353 se
661 2301 988 2363 effunderet,
1049 2316 1210 2366 posse
1261 2303 1450 2367 utique

364 2373 508 2423 hunc
549 2373 727 2421 sinum
765 2372 912 2420 intra
957 2370 1159 2435 viginti
1203 2371 1349 2422 mille
1385 2387 1450 2422 ac

365 2442 454 2492 vel
489 2442 675 2492 decem
712 2440 857 2490 mille
899 2453 1164 2489 annorum
1212 2442 1449 2506 spatium

366 2513 444 2562 ita
474 2510 677 2577 expleri
711 2509 822 2559 Nili
854 2509 1156 2572 alluvione,
1206 2515 1265 2560 ut
1304 2515 1451 2561 terra

365 2582 518 2632 fieret
579 2580 895 2638 continens;
964 2578 1105 2629 unde
1164 2585 1450 2630 consenta-

366 2666 524 2702 neum
577 2665 698 2700 esse
750 2664 846 2713 per
893 2648 949 2697 id
1003 2652 1244 2714 tempus,
1303 2650 1447 2714 quod

365 2725 491 2771 ante
538 2719 839 2780 effluxerit,
894 2719 1071 2768 sinum
1118 2719 1446 2783 Aegyptium

366 2791 547 2855 (quem
573 2786 853 2853 supponit)
878 2803 1050 2852 eoque
1075 2787 1164 2837 vel
1191 2789 1448 2840 maiorem

367 2861 543 2909 sinum
574 2857 820 2923 potuisse
845 2857 1106 2921 compleri
1130 2856 1270 2919 Nili,
1310 2859 1456 2909 tanti

365 2929 543 2988 fluvii,
594 2926 993 2988 alluvionibus,
1042 2931 1104 2977 ut
1146 2928 1201 2975 in
1251 2931 1449 2978 terram

366 2998 733 3049 continentem
769 3000 1013 3046 mutatus
1050 2996 1234 3047 fuerit.

433 3066 494 3117 τί
534 3082 634 3129 μιν
680 3057 878 3114 κωλύει
902 3057 1159 3145 όέοντος
1205 3081 1255 3115 κ.
1286 3080 1332 3114 τ.
1373 3063 1446 3130 λ.]

365 3152 469 3215 μιν
511 3136 583 3186 ad
636 3126 857 3184 κόλπον
902 3124 1160 3198 Ἀράβιον
1214 3139 1447 3198 spectat,

365 3197 572 3256 τούτου
609 3203 677 3253 ad
704 3204 886 3253 Nilum
923 3203 1166 3253 fluvium.
1213 3204 1385 3265 Quid·
1365 3221 1451 3254 mz-

357 3276 525 3340 ρεᾱίι,
562 3274 776 3338 quaerit
811 3271 1150 3335 Herodotus,
1199 3276 1453 3338 quominus

366 3345 482 3394 Nilo
516 3345 700 3408 fluente
752 3343 895 3392 sinus
944 3343 1030 3392 ille
1082 3344 1320 3405 compleri
1358 3359 1451 3406 po-

362 3418 517 3465 tuisse
550 3412 829 3463 censendus
861 3415 928 3461 sit
947 3414 1086 3461 intra
1118 3414 1301 3475 viffl‘nti
1323 3415 1453 3463 mille

364 3484 557 3549 quidem
586 3496 829 3531 annorum
860 3482 1112 3543 spatium?
1160 3482 1288 3530 Nam
1318 3485 1454 3546 equi-

364 3555 473 3603 dem
502 3560 624 3614 puto
650 3554 729 3600 vel
756 3553 896 3601 intra
934 3550 1098 3600 decem
1133 3552 1262 3600 mille
1298 3567 1452 3601 armo-

364 3640 473 3673 rum
504 3622 720 3683 spatium
745 3618 835 3669 hoc
854 3621 977 3681 fieri
997 3623 1237 3681 potuisse.
1266 3649 1337 3659 —
1367 3613 1449 3669 ε”λ-

360 3705 537 3755 πομαι
592 3689 781 3739 eodem
832 3689 1072 3750 putandi,
1129 3691 1454 3739 eaee'stimandi

360 3775 549 3818 sensu,
597 3773 702 3824 quo
755 3773 918 3821 supra
956 3758 1015 3818 Ι,
1044 3758 1113 3808 65
1161 3759 1216 3806 ἰιι
1262 3763 1446 3808 vetere

361 3827 612 3890 oraculo,
650 3831 706 3877 et
739 3827 817 3887 ΙΙ,
843 3827 928 3876 26.
959 3827 1048 3878 43.
1077 3827 1180 3877 120
1213 3830 1318 3877 etc.

428 3895 538 3947 κοῦ
555 3911 616 3959 γε
643 3888 717 3960 δὴ
737 3924 803 3932 -
825 3885 930 3944 οὐκ
952 3884 1025 3943 ἄν
1049 3893 1304 3973 χωσθείη
1326 3886 1449 3943 κόλ-

360 3966 492 4031 πος]
537 3966 722 4017 Verba
746 3965 1060 4015 interiecta:
1098 3956 1382 4028 πρότερον
1411 3979 1445 4027 η

358 4029 452 4098 ἐμὲ
491 4027 764 4099 γενέσθαι
811 4034 998 4098 spuria
1033 4034 1287 4083 videntur
1319 4033 1449 4083 Val-

363 4105 652 4165 ckenariO,
709 4104 803 4168 qui
849 4103 991 4152 idem
1038 4103 1203 4152 scribi
1250 4102 1369 4152 vult
1413 4089 1449 4165 ἦ

360 4190 467 4224 κου
507 4172 566 4233 (i.
597 4189 651 4238 q.
689 4163 726 4237 ἦ
765 4171 931 4237 που),
979 4172 1122 4221 unde
1172 4172 1270 4222 alii
1303 4176 1451 4236 post-

213 4298 221 4305 ,
315 4305 324 4310 ⁵
360 4246 465 4295 hac
497 4239 534 4311 ἦ
560 4240 696 4304 κοῦ,
736 4241 889 4292 libris
915 4257 1024 4291 non
1047 4240 1449 4302 addicentibus,

363 4315 481 4363 sine
530 4311 728 4376 quibus
775 4310 1072 4376 quidquam
1117 4310 1205 4360 hic
1241 4315 1453 4360 mutan-

363 4383 490 4433 dum
525 4396 686 4446 nego.
743 4381 849 4430 Est
893 4381 1035 4430 enim
1083 4379 1191 4430 loci
1227 4395 1449 4431 sensus·

362 4453 459 4516 Qui
497 4453 666 4516 utique
711 4453 849 4500 intra
887 4450 1013 4499 illud
1043 4457 1254 4512 tempus,
1305 4450 1452 4512 quod.

1555 1697 1653 1731 non
1680 1684 1902 1744 potuerit
1931 1683 2170 1744 compleri
2189 1682 2364 1730 sinus?
2396 1681 2433 1730 i.
2462 1695 2509 1730 e.
2543 1695 2639 1730 om-

1553 1754 1670 1800 uino
1707 1751 1875 1801 debuit
1904 1751 2164 1811 compleri,
2206 1754 2270 1799 ut
2298 1754 2446 1800 recte
2483 1748 2641 1798 iutel-

1550 1819 1675 1884 ligit
1702 1819 1899 1869 Mattb.
1908 1822 1982 1898 5.
2005 1818 2126 1880 611,
2153 1817 2204 1868 3.
2263 1820 2452 1883 Neque
2482 1818 2640 1867 aliter

1552 1889 1666 1938 fere
1705 1886 1822 1946 κοῖς
1857 1879 1926 1936 ού
1974 1886 2177 1952 legitur
2214 1888 2472 1950 111,155
2519 1888 2639 1936 sine

1549 1957 1750 2008 vocula
1784 1949 1885 2021 δὴ,
1941 1971 2079 2021 quae
2115 1956 2219 2006 hoe
2254 1956 2376 2006 loeo
2413 1955 2481 2005 ad
2519 1971 2640 2005 sen·

1551 2028 1780 2076 tentiam
1841 2025 2147 2090 augendam
2205 2030 2259 2075 et
2319 2023 2638 2074 firmandam

1553 2095 1743 2145 addita
1772 2094 2007 2144 videtur.
2052 2094 2422 2144 Benedictus·
2408 2109 2463 2143 ιιι
2487 2094 2636 2144 Actt.

1551 2166 1742 2215 semin.
1759 2163 1945 2229 philol.
1969 2164 2122 2243 Lips.
2149 2163 2224 2227 11,
2251 2166 2299 2212 2.
2325 2179 2378 2228 p.
2401 2162 2505 2214 285
2525 2178 2639 2213 cor-

1551 2235 1685 2299 rigit
1709 2232 1812 2282 καί
1832 2246 1891 2297 γε
1925 2202 2327 2298 6⁷⁸1,Stegerus
2363 2231 2636 2310 (Praefat.

1553 2303 1683 2354 edit.
1709 2318 1835 2369 pag.
1856 2302 1960 2366 XI)
1997 2301 2206 2352 mavult
2240 2299 2350 2351 κοῦ
2375 2315 2433 2350 τε
2461 2294 2552 2366 δή.
2566 2331 2638 2341 —-
2744 2376 2753 2386 Ι

1550 2366 1764 2429 κόλπος
1811 2367 1906 2420 καὶ
1940 2368 2133 2436 πολλῷ
2164 2362 2345 2436 μέζων
2384 2363 2464 2419 ἔτι
2510 2360 2640 2420 τού-

1549 2457 1652 2491 του
1690 2445 1839 2492 reete
1862 2440 2188 2504 intelligitur
2209 2442 2350 2489 sinus
2384 2443 2463 2489 vel
2490 2441 2638 2489 multo

1550 2514 1713 2562 maior
1743 2512 1836 2560 hoc
1873 2510 2126 2574 Aegyptio
2160 2513 2296 2567 sium
2331 2524 2489 2573 quem
2526 2506 2639 2559 Nili

1551 2579 1918 2632 alluvionibus
1957 2577 2283 2642 completum
2328 2593 2448 2628 esse
2492 2578 2641 2627 intra

1550 2650 1841 2701 multorum
1904 2663 2167 2697 annorum
2217 2648 2453 2712 spatium
2511 2650 2641 2695 ante

1550 2720 2021 2770 indicaverat.,—-
2068 2716 2151 2766 Ad
2202 2716 2434 2766 sormam
2484 2715 2637 2765 vocis

1551 2779 1843 2853 ἐργατικὸς
1875 2787 2022 2836 conf.
2062 2785 2292 2835 Bredov.
2332 2801 2385 2849 p.
2422 2783 2542 2835 348.

1938 2957 2071 3008 Car.
2105 2957 2236 3007 XII.

1621 3057 1716 3111 καὶ
1745 3064 1891 3111 τοῖσι
1921 3052 2147 3125 λέγουσι
2178 3051 2324 3110 αὐτὰ
2352 3059 2637 3126 πείθομαι

1551 3149 1603 3182 κ.
1629 3149 1675 3181 τ.
1703 3130 1777 3197 λ.]
1824 3130 2093 3182 Herodoti
2130 3132 2265 3182 haec
2304 3135 2389 3181 est
2421 3137 2637 3182 senten-

1550 3203 1657 3252 tia:
1698 3218 1754 3252 se
1779 3215 1888 3250 non
1920 3200 2095 3251 solum
2129 3200 2288 3251 fidem
2316 3200 2518 3251 habere
2546 3201 2635 3262 iis,

1555 3272 1604 3321 si
1648 3272 1741 3335 qui
1788 3271 1925 3320 talia
1978 3271 2042 3319 de
2092 3271 2343 3335 Aegypto
2392 3275 2635 3333 narrent,

1551 3357 1740 3391 verum
1762 3339 1937 3404 ipsum
1976 3339 2082 3389 sibi
2110 3339 2177 3388 de
2213 3339 2296 3388 his
2316 3338 2484 3388 warde
2518 3354 2638 3402 per·

1553 3411 1826 3469 suasisse,
1876 3408 2097 3458 ductum
2133 3412 2311 3456 terrae
2346 3408 2520 3470 ipsius
2558 3407 2637 3455 in-

1553 3479 1672 3530 dole
1708 3478 1940 3542 aliisque
1975 3477 2252 3541 vestigiis,
2291 3477 2434 3525 uude
2469 3476 2635 3525 maris

1550 3549 1711 3599 undis
1748 3547 1888 3596 hanc
1934 3545 2209 3609 regionem
2257 3544 2384 3593 olim
2433 3549 2636 3594 tectam

1550 3618 1719 3668 fuisse
1759 3620 2042 3692 appareat.

1607 3681 1681 3763 .ίὸ
1684 3699 1765 3733 ων
1807 3698 1865 3733 τε
1915 3676 2020 3746 τὴν
2056 3679 2362 3757 Αἴγυπτον
2408 3693 2635 3743 προκει-

1548 3749 1731 3819 μένην
1768 3750 1867 3817 τῆς
1905 3741 2178 3815 ἐχομένης
2215 3746 2338 3815 γῆς]
2377 3749 2417 3799 i.
2448 3765 2495 3798 e.
2535 3749 2638 3797 Ae-

1545 3832 1747 3888 yfficum
1796 3823 2153 3886 prominentem
2205 3837 2238 3869 α
2287 3826 2433 3867 terra
2484 3820 2641 3868 conti-

1548 3897 1714 3954 nenti,
1752 3906 1892 3956 quae
1915 3889 2128 3939 scilicet
2147 3889 2324 3953 Libya
2354 3888 2471 3938 sive
2496 3887 2641 3936 Afri-

1552 3978 1618 4012 ca
1652 3965 1737 4011 est
1779 3958 2053 4025 putanda,
2102 3975 2169 4009 ex
2206 3972 2315 4023 qua
2352 3959 2636 4022 Aegyptus

1549 4032 1711 4097 quasi
1758 4029 2061 4094 promineat
2115 4029 2171 4078 in
2215 4042 2391 4089 mare,
2452 4028 2532 4076 ita
2575 4031 2638 4077 ut

1550 4102 1671 4166 ipsa
1718 4105 1864 4149 terra
1907 4098 2035 4148 olim
2080 4099 2247 4149 maris
2291 4064 2452 4146 um’iis
2488 4102 2639 4147 tecta

1550 4170 1728 4220 videri
1761 4172 1947 4252 queat.

1601 4229 1894 4320 κογχύλιά
1923 4251 1981 4287 τε
2018 4226 2341 4302 φαινόμενα
2366 4226 2460 4283 ἐπὶ
2486 4236 2637 4283 τοισι

1554 4299 1773 4374 οὔρεσι]
1818 4321 2012 4389 ουρεσι
2052 4322 2173 4356 cum
2210 4307 2440 4355 recentt.
2477 4304 2637 4355 editt.

1554 4377 1800 4429 dedimus
1834 4392 1932 4442 pro
1969 4368 2144 4439 ὄρεσι.
2214 4374 2298 4425 Ad
2352 4388 2638 4437 argumen-

1552 4454 1668 4498 tum
1699 4448 1845 4498 conf.
1866 4445 2143 4498 Plutarch.
2170 4444 2236 4494 de
2264 4441 2396 4493 Isid.
2435 4447 2490 4493 et
2516 4441 2639 4492 Osi-
