3109 5092
1298 354 1549 417 CLIO.
1598 359 1648 416 I.
1694 367 1813 422 126.
2568 357 2691 420 263

421 530 556 612 κοὶ,
587 527 973 616 Σαγάρτιοι.
1049 523 1163 608 Ὡς
1191 529 1266 598 δὲ
1312 536 1621 619 παρῆσαν
1657 527 1946 610 ἅπαντες
1975 537 2239 619 ἔχοντες
2264 529 2340 600 τὰ
2367 557 2682 622 προειρη-
2711 540 2829 602 126

420 634 661 721 μένον,
717 634 1017 700 ἐνθαῦτα
1070 626 1106 698 ὁ
1157 638 1384 719 Κῦρος
1434 625 1549 721 (ἦν
1601 634 1730 724 γάρ
1783 662 1883 714 τις
1935 639 2146 721 χῶρος
2184 639 2301 722 τῆς
2344 642 2682 725 Περσικῆς

419 732 828 822 ἀκανθώδης
872 730 1033 803 ὅσον
1067 762 1140 804 τε
1179 737 1289 805 ἐπὶ
1328 733 1786 806 ὀκτωκαίδεκα
1821 741 2136 816 σταδίους
2178 731 2220 825 ἦ
2263 747 2474 806 εἴκοσι
2516 739 2687 807 πάν-

419 845 540 927 τη)
569 837 810 907 τοῦτόν
849 859 970 925 σφι
1006 836 1125 907 τὸν
1152 844 1372 929 χῶρον
1402 855 1682 928 προεῖπε
1707 843 2115 928 ἐξημερῶσαι
2144 842 2219 908 ἐν
2254 834 2485 928 ἡμέρῃ.
2542 843 2689 910 ἐπι-

419 940 842 1011 τελεσάντων
882 940 958 1009 ὃὲ
1000 947 1137 1010 τῶν
1182 943 1505 1027 Περσέων
1548 940 1667 1011 τὸν
1706 948 2150 1030 προκείμενον
2190 938 2484 1026 ἄεθλον,
2529 942 2687 1012 δεύ-

419 1044 579 1134 τερά
600 1064 726 1131 σφι
758 1058 1068 1130 προεῖπε,
1111 1046 1177 1122 ἐς
1202 1041 1326 1131 τὴν
1352 1038 1717 1132 ὑστεραίην
1744 1060 2059 1134 παρεῖναι
2087 1046 2557 1132 λελουμένους.
2617 1049 2693 1115 ἐν

423 1150 498 1219 δὲ
543 1147 758 1240 τούτῳ
798 1144 881 1214 τά
920 1172 992 1214 τε
1050 1143 1321 1214 αἰπόλια
1359 1146 1470 1214 καὶ
1516 1144 1634 1227 τὰς
1673 1155 1957 1236 ποίμνας
1997 1148 2109 1215 καὶ
2163 1144 2245 1215 τὰ
2288 1146 2614 1234 βουκόλια
2654 1142 2691 1216 ὁ

421 1257 646 1341 Κῦρος
686 1247 900 1319 πάντα
940 1252 1060 1316 τοῦ
1099 1244 1346 1336 πατρὸς
1384 1257 1750 1331 συναλίσας
1794 1253 1859 1331 ἐς
1886 1247 2102 1320 τώυτὸ
2121 1301 2141 1336 ,
2180 1255 2347 1318 ἔθυε
2377 1253 2488 1319 καὶ
2518 1278 2688 1339 παρ-

417 1419 599 1475 hastan,
639 1430 778 1480 quae
800 1412 985 1462 eadem
1005 1411 1298 1462 Alexandri
1321 1415 1504 1479 magni

419 1495 657 1551 tempore
694 1480 1070 1534 aDerbicibus
1107 1497 1358 1547 magnam
1383 1499 1503 1547 par-

419 1562 528 1606 tem
565 1557 685 1603 erat
708 1555 994 1614 occupata,
1030 1550 1174 1601 Daos
1193 1551 1360 1601 refert
1380 1554 1501 1603 Van

419 1625 514 1674 der
562 1621 706 1687 Chys
753 1621 810 1669 in
852 1619 1152 1670 Ο).0110001
1195 1635 1381 1686 geogr.
1431 1624 1501 1672 ad

416 1693 631 1744 Arrian.
669 1688 899 1754 (Exped.
931 1688 1084 1739 Alex.
1112 1689 1221 1749 111,
1251 1692 1342 1748 11)
1369 1708 1479 1757 pga
1444 1709 1497 1757 g.

416 1763 501 1814 62.
574 1759 713 1811 Add.
751 1760 930 1809 Ritter
954 1758 1254 1807 Erdlmnde
1279 1708 1406 1811 VHp.
1443 1777 1496 1826 p.

415 1832 540 1881 627.
577 1829 729 1890 670.,
772 1826 1036 1891 Forbiger
1067 1827 1103 1876 l.
1141 1828 1176 1877 l.
1217 1844 1270 1892 p.
1308 1832 1408 1880 567
1448 1836 1503 1881 et

416 1897 985 1952 571.1a0.Grimm
1043 1895 1356 1959 (Abhandll.
1409 1899 1502 1950 der

418 1969 619 2020 Berlin.
659 1967 835 2016 Akad.
876 1966 930 2015 d.
967 1966 1303 2018 Wissensch.
1344 1967 1497 2020 1846.

420 2033 875 2103 [Βο10110.18-18.]
901 2050 953 2099 p.
982 2034 1050 2086 28
1064 2051 1213 2100 seqq.
1237 2037 1306 2086 40
1326 2037 1501 2104 seqq.)

416 2108 515 2157 1100
527 2108 678 2157 Daos
705 2104 923 2155 eosdem
946 2120 1066 2155 esse
1084 2105 1219 2167 vult,
1243 2108 1334 2171 qui
1356 2112 1505 2172 post-

417 2192 484 2227 ea
516 2177 652 2226 Daci
682 2180 978 2237 vocantur,
1021 2175 1346 2239 eosdemque
1377 2177 1503 2227 inde

417 2245 691 2310 componit
728 2259 848 2294 cum
888 2244 1029 2293 Getis
1061 2260 1502 2310 communemque

414 2316 484 2363 iis
522 2315 713 2364 tribuit
746 2312 1035 2376 originem,
1076 2329 1184 2377 qua
1208 2313 1505 2365 Germano-

415 2400 535 2434 rum
585 2383 721 2432 adeo
763 2383 954 2446 proavi
999 2381 1317 2433 habeantur.
1412 2384 1498 2434 Cf.

417 2450 898 2587 000200οΡΗο1131031
940 2451 1135 2502 Gesch.
1162 2452 1497 2504 (1.1)0010011.

453 2538 791 2656 Μάρδοι]
816 2588 881 2638 10
911 2590 1186 2639 montibus
1220 2590 1359 2639 inter
1389 2591 1501 2640 Me-

417 2662 560 2710 diam
608 2664 663 2709 et
697 2658 975 2710 Persidem
1021 2658 1302 2709 collocatis
1348 2660 1502 2709 habi-

416 2735 565 2780 tasse
599 2728 853 2779 videntur
887 2728 987 2794 (cf.
1012 2727 1225 2779 Arrian.
1260 2728 1383 2782 Ind.
1409 2730 1498 2782 40.

417 2800 570 2850 Curt.
606 2799 685 2858 V,
720 2798 771 2848 6.
811 2800 860 2860 5.
905 2796 1019 2863 17),
1072 2798 1141 2847 ab
1187 2798 1254 2846 iis
1293 2797 1501 2848 Mardis

416 2870 541 2918 inde
588 2866 986 2932 distinguendi,
1036 2866 1130 2931 qui
1173 2867 1242 2916 ad
1288 2872 1500 2917 austra·

416 2938 520 2987 lem
558 2936 746 3000 Caspii
794 2936 959 2986 maris
999 2936 1173 2999 ripam
1210 2936 1368 2986 sedes
1405 2936 1498 2986 ha-

414 3008 664 3056 buerunt.
743 3007 828 3056 De
873 3005 957 3055 his
1007 3008 1134 3069 post
1183 3005 1497 3070 Danquetil,

417 3077 498 3126 St.
544 3075 733 3133 Croix,
793 3074 930 3125 alios
977 3075 1187 3124 monuit
1235 3076 1355 3125 Van
1403 3076 1498 3125 der

416 3145 560 3210 Chys
596 3143 634 3195 1.
671 3144 707 3194 1.
746 3144 815 3194 ad
849 3144 954 3205 ΙΙΙ,
997 3144 1081 3193 11.
1120 3144 1228 3206 IV,
1271 3145 1334 3195 18
1371 3144 1495 3195 0011.

417 3214 530 3274 ΙΙΙ,
569 3214 656 3263 24.
694 3213 798 3272 IV,
837 3212 898 3272 6,
948 3213 1064 3262 sive
1108 3228 1235 3278 pag.
1275 3213 1363 3264 62.
1410 3215 1496 3266 76.

414 3285 501 3333 87.
536 3283 622 3334 90.
695 3281 925 3332 Videtur
979 3283 1141 3332 etiam
1182 3282 1318 3332 haec
1365 3299 1497 3347 gens

415 3368 512 3416 pro
550 3351 841 3400 nomadum
876 3351 1088 3401 ratione
1113 3351 1290 3401 nullas
1315 3351 1498 3402 firmas

415 3421 656 3471 tenuisse
681 3419 856 3469 sedes.
893 3419 1052 3470 Conf.
1081 3420 1336 3471 Larcher.
1357 3423 1497 3472 Tab.

416 3506 603 3555 geogr.
652 3505 696 3539 s.
733 3504 789 3539 ν.
828 3488 955 3539 0011.
991 3490 1218 3540 Rennel.
1259 3489 1296 3540 l.
1335 3505 1500 3555 supra

416 3560 453 3609 1.
493 3565 548 3609 01
577 3573 742 3623 supra
777 3559 909 3608 Her.
947 3559 1001 3620 Ι,
1040 3561 1128 3610 84.
1192 3559 1332 3612 Adri.
1369 3561 1502 3610 For-

414 3621 569 3690 biger
603 3627 715 3677 1.1.
763 3642 874 3693 pag
909 3626 1011 3678 595
1063 3626 1186 3677 coll.
1237 3629 1357 3679 567.
1431 3630 1498 3678 In

415 3697 630 3747 Nicolai
686 3696 1016 3746 Damasceni
1067 3698 1355 3762 Excerptis
1412 3713 1499 3747 su-

416 3782 515 3831 pra
572 3764 811 3816 laudatis
880 3765 1000 3830 ipse
1059 3764 1231 3843 Cyrus
1301 3766 1500 3816 dicitur

419 3836 641 3885 Mardus
692 3849 889 3898 genere
955 3825 1231 3900 (Μάρδος
1286 3831 1497 3899 γένος),

418 3903 571 3953 cuius
610 3908 766 3967 pater
800 3902 1119 3967 (Atradates
1157 3919 1201 3953 s.
1242 3904 1500 3954 Tosatra-

417 3972 594 4037 dates)
630 3972 978 4022 latrocinium
1008 3972 1324 4035 exercebat,
1365 3989 1498 4037 pau-

413 4046 625 4106 pertate
660 4040 957 4104 adductus,
1007 4046 1181 4091 mater
1217 4039 1494 4108 (Argeste)

415 4126 605 4174 capras
639 4110 911 4174 pascendo
948 4111 1118 4159 vitam
1150 4111 1499 4161 sustentabat

415 4179 503 4242 (Τ.
527 4180 633 4229 111.
660 4195 713 4244 p.
742 4178 846 4230 398
872 4178 957 4230 ed.
981 4179 1277 4244 Mueller.).
1345 4182 1498 4243 Quae

411 4250 533 4312 ipsa
566 4252 782 4313 gentem
819 4248 1159 4299 nomadicam
1195 4245 1366 4299 fuisse
1401 4255 1497 4299 aut

412 4318 753 4381 postoritiam
790 4317 1091 4381 opibusque
1112 4334 1221 4368 non
1245 4318 1395 4368 laute
1419 4319 1496 4368 in-

412 4390 675 4437 structam
704 4385 984 4438 declarare
1016 4386 1147 4437 mihi
1181 4386 1449 4439 videntur.

1679 1411 1990 1480 Δροπικοὶ,
2038 1406 2369 1481 Σαγάρτιοι]
2427 1419 2511 1468 De
2556 1419 2693 1469 Dro-

1603 1488 1734 1549 picis
1757 1485 1890 1536 nihil
1925 1485 2156 1535 relatum
2179 1486 2408 1550 reperio.
2463 1486 2697 1553 Saqartii

1605 1560 1969 1605 memorantur
2010 1555 2155 1605 infra
2176 1555 2314 1619 VII,
2346 1554 2443 1617 853
2493 1559 2690 1623 quippe
2769 1571 2775 1578 ’

1607 1640 1833 1689 quorum
1880 1630 2004 1675 0010
2051 1623 2196 1673 101110
2241 1625 2451 1690 equites
2496 1627 2689 1676 Xerxis

1607 1696 1901 1744 exercitum
1973 1693 2358 1757 sequebantur.
2472 1695 2690 1746 Incolas

1605 1779 1725 1813 esse
1768 1762 2007 1826 regionis
2042 1763 2302 1827 Zagatai,
2348 1764 2440 1826 qui
2486 1778 2521 1812 a
2559 1765 2691 1828 Scy-

1606 1833 1716 1882 this
1752 1848 1795 1884 s.
1820 1831 2068 1882 Tartaris
2104 1832 2365 1894 originem
2404 1831 2607 1882 ducant
2635 1838 2689 1883 et

1604 1903 1660 1952 in
1696 1902 1933 1952 Persicis
1975 1900 2223 1965 partibus
2257 1902 2692 1964 septentrionali-

1604 1972 1706 2021 bus
1744 1975 1908 2036 atque
1945 1967 2298 2019 orientalibus
2351 1983 2496 2019 nunc
2539 1970 2690 2020 habi-

1604 2045 1741 2104 tent,
1753 2038 2048 2091 Rennelius
2071 2038 2379 2102 suspicatur
2392 2036 2430 2090 l.
2445 2038 2483 2089 1.
2497 2055 2549 2104 p.
2567 2042 2688 2092 510.

1939 2212 2072 2262 Cu.
2113 2209 2358 2261 CXXVI.

1676 2311 1855 2364 εἴκοσι
1894 2305 2143 2381 πάντη]
2192 2318 2362 2367 Recte
2401 2314 2559 2364 nobis
2609 2315 2721 2364 sic'

1604 2398 1726 2433 eum
1765 2383 2067 2450 Schweigh.
2124 2385 2410 2450 scripsisse
2443 2383 2689 2433 videmur

1604 2469 1633 2502 0
1671 2453 1825 2502 libris
1864 2456 2106 2518 probatis
2144 2470 2241 2518 pro
2282 2453 2509 2518 vulgata
2543 2445 2685 2500 πάν-

1694 2537 1911 2599 ,quam
1948 2540 2138 2574 vocem
2175 2521 2525 2587 sequentibus
2567 2537 2688 2571 ver-

1603 2591 1689 2641 bis
1726 2583 1936 2639 τοῦτόν
1973 2605 2072 2655 σφι
2105 2607 2156 2640 ιι.
2192 2607 2239 2640 τ.
2277 2591 2324 2640 λ.
2375 2590 2685 2640 adstruunt.

1604 2661 1694 2710 Ita
1737 2651 1921 2722 πάντη
1978 2658 2413 2725 (quaquaversum)
2461 2658 2514 2719 Ι,
2567 2657 2683 2708 181.

1604 2730 1680 2792 ΙΙ,
1720 2727 1833 2778 168.
1872 2733 1929 2778 01
1963 2729 2059 2791 IV,
2092 2729 2209 2779 101.
2277 2728 2560 2776 Caeterum
2595 2726 2684 2775 hic

1600 2798 1753 2849 locus
1788 2813 1831 2848 s.
1870 2813 2092 2862 campus
2127 2797 2174 2845 is
2211 2811 2328 2845 esse
2355 2795 2684 2859 perhibetur,

1600 2869 1658 2917 in
1695 2882 1800 2932 quo
1836 2871 2027 2930 postea
2064 2865 2372 2930 Persepolis
2409 2869 2690 2914 exstructa

1601 2937 1725 2987 fnit.
1810 2936 1895 2986 Cf.
1936 2936 2115 2986 Ritter
2154 2933 2450 2985 Erdkunde
2491 2934 2598 2997 VI,
2635 2934 2685 2983 1.

1601 3005 1782 3071 (VIII)
1821 3021 1874 3071 p.
1902 3006 2024 3056 771.
2057 3006 2177 3057 805.
2241 3007 2568 3054 Accuratam
2600 3002 2688 3052 de-

1600 3075 1951 3127 lineationem
1983 3075 2144 3125 huius
2181 3073 2443 3139 regionis,
2482 3074 2540 3122 in
2579 3087 2688 3137 qua

1600 3144 1911 3210 Persepolis
1965 3150 2020 3195 01
2064 3143 2415 3209 Pasargadae
2470 3143 2686 3193 fuerunt

1602 3219 1940 3277 exstructae,
2003 3215 2290 3279 ipsumque
2338 3212 2467 3275 Cyri
2508 3209 2686 3275 sepul-

1601 3299 1752 3333 crum
1804 3288 1994 3347 postea
2055 3287 2292 3333 erectum
2349 3285 2461 3343 est,
2533 3293 2688 3344 prae-

1601 3354 1695 3403 bet
1762 3352 2020 3402 Flandin.
2093 3352 2176 3402 Vo
2179 3365 2321 3416 yage
2389 3364 2456 3399 00
2518 3350 2686 3398 Perse

1602 3423 1797 3487 (Perse
1842 3418 2157 3484 ancienne),
2179 3369 2409 3468 yTabul.
2470 3418 2556 3466 57.
2613 3445 2685 3454 -—-

1601 3492 1668 3541 In
1708 3505 1859 3553 seqq.
1909 3489 2128 3552 longius
2185 3486 2494 3551 quaesitum
2537 3484 2685 3533 vide·

1600 3566 1719 3620 tur,
1766 3558 1910 3621 quod
1946 3556 2139 3607 Schott
2177 3556 2430 3620 (Ermant
2481 3552 2684 3602 Archiv

1602 3629 1643 3679 f.
1669 3596 1960 3677 R’ussland.
2002 3624 2152 3674 1841.
2180 3624 2258 3673 ΙΙ.
2287 3639 2339 3687 p.
2366 3621 2511 3687 385.)
2547 3636 2684 3671 voce

1599 3690 1971 3759 ἐξημερῶσαι,
2022 3709 2185 3759 quam
2231 3691 2544 3742 Herodotus
2589 3705 2683 3739 na-

1599 3767 1714 3815 tivo
1750 3777 1849 3813 000
1894 3777 1960 3812 ac
1995 3762 2212 3828 proprio
2266 3775 2430 3810 sensu
2464 3759 2685 3809 adhibet

1601 3835 1665 3884 de
1712 3841 1885 3883 terrae
1927 3838 2097 3881 tractu
2142 3832 2300 3894 spinis
2343 3829 2502 3879 obsito
2533 3843 2685 3878 erua-

1599 3903 1788 3964 cand0‚
1826 3899 1992 3950 altius
2027 3900 2155 3966 quid
2191 3897 2351 3949 simul
2387 3896 2685 3963 significari

1603 3970 1912 4030 contendit3
1959 3971 2007 4020 si
2045 3969 2260 4035 quidem
2307 3967 2451 4033 apud
2487 3969 2684 4017 Persas

1600 4056 1665 4092 ac
1688 4041 1895 4090 Turcas
1933 4056 2108 4106 aarum
2138 4041 2295 4103 spinis
2329 4038 2535 4088 hostium
2559 4053 2686 4100 pur-

1594 4125 1725 4177 gare
1760 4109 1975 4160 dicatur
2010 4110 2089 4172 is,
2140 4109 2235 4174 qui
2269 4112 2364 4158 aut
2412 4106 2681 4156 seditione

1598 4194 1845 4244 repressa
1889 4184 1988 4230 aut
2023 4178 2179 4229 clade
2222 4177 2471 4228 hostibus
2511 4180 2683 4226 exter-

1598 4250 1684 4299 nis
1735 4249 1946 4299 inflicta
1989 4263 2215 4314 regnum
2252 4250 2542 4311 componat
2586 4247 2683 4294 aut

1598 4318 1921 4369 constituat.

1673 4380 1811 4438 ἔθυε
1854 4381 1952 4437 καὶ
1987 4374 2360 4451 παρεσκεύαζε
2405 4372 2482 4439 ὡς
2524 4373 2683 4445 δεξό-
