3109 5092
395 930 467 989 3¹

485 334 611 396 492

1289 395 1300 402 .
1357 335 1890 399 HERODOTI

484 536 612 582 ται.
666 500 839 599 ἦσάν
867 514 938 578 οἱ
962 508 1283 599 διάφοροί
1302 538 1479 592 τινες
1506 510 1856 598 γεγονότες
1883 515 2022 580 τῶν
2050 507 2413 579 Αἰθιόπων
2431 531 2446 544 ·
2480 509 2760 589 τούτους

486 616 752 684 ἐκέλευε
782 611 1145 699 ἐξελόντας,
1175 611 1299 703 τὴν
1327 617 1610 684 ἐκείνων
1637 620 1766 703 γῆν
1789 616 2058 684 οἰκέειν.
2114 611 2375 682 τούτων
2404 612 2479 682 δὲ
2511 615 2753 682 ἐσοικι-

486 720 798 787 σθέντων
849 718 916 797 ές
968 714 1126 796 τούς
1168 724 1510 801 Αἰθίοπας
1561 713 1969 807 ἡμερώτεροι
2026 715 2343 804 γεγόνασι
2403 723 2758 800 Αἰθίοπες,

488 818 664 909 ἤθεα
683 818 1018 909 μαθόντες
1047 820 1405 908 Αἰγύπτια.

638 926 859 1010 Μέχρι
885 927 1012 1012 μέν
1035 953 1168 994 νυν
1194 930 1530 1014 τεσσέρων
1554 923 2031 1015 μηνῶνπλόον
2073 925 2186 992 καὶ
2228 918 2399 994 ὁδοῦ
2431 921 2757 1009 γινώσκε-

491 1055 597 1096 ται
628 1022 664 1096 ὁ
695 1034 974 1112 Νεῖλος,
1006 1027 1213 1115 πάρεξ
1249 1035 1369 1100 τοῦ
1409 1031 1485 1098 έν
1514 1028 1839 1120 Αἰγύπτῳ
1881 1026 2227 1117 ῥεύματος.
2284 1030 2590 1096 τοσοῦτοι
2633 1023 2762 1115 γὰρ

492 1132 1021 1223 συμβαλλομένῳ
1058 1138 1264 1221 μῆνες
1306 1116 1731 1219 εὖρίσκόνται
1761 1128 2311 1220 ἀναισιμούμενοι
2353 1131 2420 1211 ἐξ
2440 1125 2759 1217 Ἐλεφαν-

491 1241 678 1321 τίνης
726 1236 1160 1326 πορευομένῳ
1201 1232 1267 1316 ἐς
1309 1233 1465 1316 τούς
1497 1233 1929 1324 Αὐτομόλους
1967 1233 2266 1312 τούτους.
2337 1234 2476 1320 ῥέει
2519 1232 2595 1302 δὲ
2634 1229 2764 1301 ἀπὸ

495 1338 773 1424 ἑσπέρης
813 1363 885 1405 τε
924 1339 1036 1405 καὶ
1076 1332 1273 1426 ἡλίου
1317 1342 1652 1428 δυσμέων.
1721 1335 1810 1407 Τὸ
1846 1337 1922 1406 δὲ
1960 1334 2091 1407 ἀπὸ
2126 1341 2325 1406 τοῦδε
2367 1332 2593 1415 οὐδεὶς
2631 1341 2765 1422 ἔχει

495 1441 761 1526 σαφέως
805 1438 1087 1527 φράσαι·
1136 1437 1376 1531 ἐρῆμος
1406 1444 1534 1530 γάρ
1568 1440 1708 1511 ἐστι
1740 1438 1780 1531 ἡ
1811 1439 1991 1528 χώρη
2020 1436 2190 1528 αὕτη
2233 1434 2368 1507 ὑπὸ
2410 1438 2762 1524 καύματος.

399 1539 688 1611 32211.λᾶ
721 1541 882 1611 τάδε
918 1542 1045 1631 μὲν
1083 1540 1339 1633 ἥκουσα
1376 1543 1652 1633 ἀνδρῶν
1678 1550 2128 1633 Κυρηναίων,
2171 1544 2496 1631 φαμένων
2536 1538 2767 1639 ἐλθεῖν

494 1672 566 1715 τε
597 1642 704 1716 ἐπὶ
734 1642 1168 1735 τὸ”Αμμωνος
1197 1647 1636 1738 χρηστήριον,
1690 1650 1801 1718 καὶ
1826 1645 2189 1716 ἀπικέσθαι
2221 1642 2287 1725 ἐς
2316 1642 2556 1732 λόγους
2590 1642 2763 1714 ’Ets-

563 1805 804 1870 τούτους
836 1803 1049 1863 ἐκέλευε
1093 1804 1404 1885 ἐξελόντας]
1452 1809 1582 1867 τού-

493 1899 628 1941 τους
687 1884 758 1934 ad
815 1883 1108 1949 Aethiopes
1165 1892 1380 1951 spectat
1435 1893 1490 1938 et
1551 1903 1586 1937 a

495 1954 662 2005 verbo
688 1943 979 2013 ἐξελόντας
995 1954 1213 2019 pendet,
1242 1957 1382 2022 quod
1406 1958 1583 2023 ipsum

497 2024 568 2075 sd
614 2023 918 2087 Aegyptios
968 2040 1159 2074 recens
1208 2032 1457 2092 receptos
1501 2044 1582 2078 re-

497 2093 629 2144 ferri
665 2091 855 2154 debet,
900 2092 1005 2142 hoc
1039 2094 1151 2144 fere
1195 2112 1383 2146 sensu:
1424 2098 1585 2147 Iussit

497 2179 598 2212 rex
622 2161 904 2225 Aeqyptios
935 2163 1188 2227 advenas,
1222 2167 1322 2216 illis
1341 2165 1582 2229 (Aethio-

498 2228 679 2296 pibus)
727 2231 926 2294 eiectis,
972 2240 1162 2282 terram
1209 2234 1466 2292 habitare,
1520 2234 1585 2284 ab

500 2303 598 2352 iuis
657 2300 768 2350 olim
818 2308 1127 2364 occupatam.
1220 2303 1329 2353 Ubi
1372 2295 1588 2364 ἐξελόν-

501 2385 601 2425 τας
666 2368 885 2418 minime
945 2368 1382 2435 sollicitandum,
1444 2373 1586 2439 quod

502 2438 805 2503 Schweigh.
843 2443 1025 2489 tuetur
1058 2439 1145 2490 his
1179 2441 1343 2492 locis:
1383 2443 1429 2504 I,
1468 2441 1584 2493 103.

501 2511 604 2562 159
631 2511 737 2559 etc.
1484 2517 1489 2523 “

860 2682 993 2734 Cu.
1031 2683 1231 2733 XXXI.

571 2782 837 2836 τοσοῦτοι
875 2778 980 2850 γὰρ
1012 2801 1063 2836 κ.
1093 2801 1139 2836 τ.
1167 2784 1239 2852 λ.]
1276 2785 1455 2847 Vulgo
1493 2771 1591 2834 οὖ-

501 2869 619 2912 τοι,
673 2856 826 2906 cuius
870 2856 994 2907 loco
1030 2872 1150 2906 cum
1199 2855 1314 2906 bini
1348 2854 1474 2905 libri
1511 2854 1591 2904 of-

503 2926 708 2975 ferrent
751 2917 1032 2990 τοσούτῳ,
1079 2925 1285 2989 priores
1333 2925 1589 2984 editores,

503 3009 639 3060 quos
692 2999 907 3044 secutus
957 3008 1101 3055 sum,
1163 2994 1289 3044 inde
1340 3009 1591 3058 reposue-

504 3067 630 3112 runt
669 3059 950 3112 τοσοῦτοι.
1022 3063 1263 3113 Adnotat
1297 3062 1590 3113 Wesselin-

505 3132 654 3196 gius,
690 3134 745 3181 in
782 3132 1042 3181 mensium
1075 3148 1314 3192 numero,
1355 3148 1488 3197 quos
1516 3131 1586 3181 ab

502 3200 866 3264 Elephantine
901 3201 1139 3251 Meroiim
1177 3217 1365 3252 versus
1403 3205 1457 3250 et
1483 3201 1590 3251 Au-

503 3269 735 3321 tomoles
802 3270 1207 3334 proficiscentes
1283 3275 1588 3333 conterant,

505 3340 793 3390 dissentire
848 3340 918 3390 ab
964 3340 1244 3391 Herodoto
1295 3340 1589 3390 Aristidem

507 3409 662 3461 Oret.
701 3411 933 3474 Aegypt.
981 3425 1107 3475 pag.
1147 3410 1267 3460 346.
1318 3425 1363 3459 s.
1405 3412 1469 3461 T.
1509 3410 1588 3460 ΙΙ.

505 3497 557 3546 p.
597 3479 694 3531 461
735 3480 819 3530 ed.
846 3480 1099 3531 Dindorf.
1146 3479 1252 3531 Sed
1289 3479 1443 3530 hicce
1466 3480 1591 3529 aliis

508 3566 572 3600 ex
597 3549 840 3600 fontibus
865 3565 964 3599 sua
995 3549 1243 3600 hausisse
1267 3550 1476 3599 censeri
1500 3566 1593 3614 po-

507 3624 636 3670 test.
711 3621 774 3669 In
811 3617 1259 3670 antecedentibus
1283 3611 1464 3668 πλόου
1496 3613 1593 3667 καὶ

505 3679 652 3738 ὁδοῦ
688 3686 778 3752 (de
814 3688 1034 3748 itinere,
1086 3705 1224 3752 quae
1263 3703 1359 3753 per
1393 3704 1592 3753 aquam

505 3757 816 3824 navigando
866 3757 928 3808 fit
977 3763 1033 3809 et
1079 3760 1146 3809 de
1191 3759 1384 3808 itinere
1426 3762 1594 3807 terre-

507 3828 629 3889 stri)
673 3828 860 3879 eodem
905 3829 1064 3879 modo
1109 3830 1434 3893 iunguntur,
1488 3842 1593 3892 quo

505 3897 653 3961 apud
697 3899 950 3948 Strabon.
988 3897 1114 3947 VII.
1162 3913 1216 3961 p.
1268 3895 1401 3947 307:
1453 3886 1593 3944 ὥστε

507 3961 603 4013 καὶ
635 3962 819 4014 πλοῦν
847 3958 992 4014 εἶναι
1030 3961 1126 4014 καὶ
1166 3956 1324 4015 ὁδόν.

856 4133 988 4184 Cu».
1028 4136 1259 4187 XXXII.

575 4225 727 4284 Ἀλλά
772 4226 906 4284 τάδε
961 4228 1066 4297 μὲν
1099 4226 1319 4299 ἥκουσα
1363 4226 1597 4299 ἀνδρῶν

513 4302 879 4371 Κυρηναίων]
932 4304 1033 4354 Vel
1078 4320 1143 4353 ex
1185 4304 1289 4356 hoc
1326 4305 1447 4356 loco
1485 4321 1598 4355 cer-

512 4374 661 4424 nitur
698 4374 948 4424 eximium
974 4374 1161 4425 Nostri
1186 4374 1451 4437 studium,
1491 4390 1598 4441 quo

1628 1875 1637 1884 ,
1688 1831 1899 1877 eornm,
1936 1830 2074 1879 quse
2107 1818 2321 1875 narrat,
2367 1814 2683 1878 praesertim
2720 1813 2767 1862 si

1686 1886 1822 1935 mira
1871 1889 1967 1934 aut
2015 1900 2049 1934 a
2098 1883 2339 1948 vulgatis
2387 1887 2443 1933 et
2491 1883 2769 1933 consuetis

1684 1955 1865 2004 aliena
1899 1953 2240 2013 viderentur,
2293 1958 2541 2003 suctores
2576 1952 2770 2002 afferre

1685 2039 1959 2090 nunquam
1996 2022 2329 2088 supersedit,
2369 2026 2627 2072 accurate
2663 2022 2769 2071 dis-

1686 2109 1912 2144 cernens
1963 2094 2103 2142 inter
2150 2107 2239 2153 ea,
2287 2106 2430 2156 quae
2474 2092 2591 2156 ipse
2633 2090 2773 2142 vidit

1687 2168 1741 2212 et
1784 2178 1924 2227 quse
1981 2163 2049 2211 ab
2100 2161 2225 2211 aliis
2279 2161 2486 2211 tradita
2538 2161 2768 2225 accepit.

1686 2232 1852 2281 Plura
1896 2232 1953 2281 in
1989 2230 2288 2281 Comment.
2326 2230 2588 2281 Herodot.
2629 2229 2681 2292 §-
2717 2229 2769 2280 Os

1690 2302 1969 2365 Cyrenaei,
2019 2300 2090 2349 ad
2139 2315 2275 2364 quos
2323 2305 2377 2349 et
2411 2299 2514 2350 hoc
2560 2300 2682 2350 loco
2717 2305 2773 2350 et

1688 2370 1763 2430 11,
1801 2369 1867 2419 33
1902 2375 2161 2433 provocat
2194 2369 2534 2429 Herodotus,
2572 2385 2774 2420 merca-

1688 2444 1835 2489 tores
1890 2438 2061 2489 fuisse
2116 2438 2394 2499 videntur,
2452 2438 2771 2503 quibuscum

1690 2510 1745 2558 in
1785 2506 2109 2573 colloquium
2157 2508 2332 2569 venit,
2383 2523 2504 2558 cum
2540 2508 2595 2556 in
2642 2509 2775 2558 urbe

1690 2578 1900 2641 Cyrene
1934 2583 2269 2651 versaretun
2310 2576 2375 2626 dc
2416 2592 2521 2641 qna
2558 2593 2616 2627 re
2661 2577 2773 2628 vid.

1694 2647 1991 2698 Comment.
2031 2646 2293 2698 Herodot.
2341 2649 2390 2709 5.
2431 2646 2483 2696 7.
2514 2702 2523 2710 .
2555 2647 2773 2698 Etenim

1691 2717 1747 2766 hi
1772 2721 2118 2777 mercatores,
2142 2717 2232 2781 qui
2253 2716 2630 2766 commercium
2655 2732 2775 2768 cum

1693 2786 2044 2836 interioribus
2089 2785 2310 2836 Africae
2358 2786 2606 2850 partibus
2653 2801 2777 2851 age-

1692 2855 1855 2916 bant,
1913 2856 2039 2905 inde
2082 2856 2189 2920 ipsi
2233 2856 2334 2905 has
2382 2855 2634 2919 regiones
2685 2856 2779 2905 ob·

1691 2926 1887 2984 ierant,
1918 2926 2111 2975 itinere
2133 2940 2231 2988 per
2257 2924 2471 2974 deserta
2496 2925 2552 2974 in
2579 2939 2777 2989 magno

1694 2994 1982 3056 comitatu,
2019 2999 2081 3044 nt
2115 2993 2231 3045 fieri
2266 2994 2435 3051 solet,
2472 2993 2639 3044 facto.

1761 3058 2033 3126 φαμένων
2071 3054 2265 3112 ἐλθεῖν
2308 3077 2366 3111 τε
2412 3054 2505 3113 ἐπὶ
2552 3054 2614 3111 τὸ
2652 3051 2775 3120 Ἀμ-

1688 3146 1879 3196 μωνος
1923 3124 2292 3197 χρηστήριον]
2346 3133 2432 3183 De
2481 3131 2783 3182 Ammoniis

1690 3201 1835 3251 conf.
1857 3201 2120 3253 Herodot.
2162 3201 2240 3258 11,
2265 3204 2351 3251 42.
2388 3201 2485 3262 IV,
2516 3201 2609 3252 181
2652 3199 2778 3251 coll.

1691 3270 1793 3330 111,
1816 3271 1882 3321 25
1904 3286 2017 3335 seq.
2057 3270 2517 3321 Schmitthenner:
2546 3271 2630 3321 De
2649 3270 2780 3321 Iove

1690 3341 1991 3391 Hammone
2026 3341 2309 3405 syntagm.
2348 3341 2392 3390 1.
2428 3357 2480 3404 p.
2512 3340 2581 3391 28
2606 3351 2779 3406 seqq„

1696 3408 1784 3474 qui
1821 3408 2059 3474 reliquos
2096 3414 2231 3460 vett.
2270 3409 2591 3472 scriptorum
2628 3409 2780 3459 locos

1696 3478 2029 3542 suppeditat.
2086 3478 2325 3540 Intelligi
2353 3477 2515 3528 debet
2542 3478 2598 3528 h.
2628 3478 2668 3528 l.
2694 3477 2780 3527 Io·

1696 3548 1781 3597 vis
1809 3548 2075 3600 Ammonii
2113 3548 2369 3612 templum
2406 3553 2571 3612 atque
2594 3562 2782 3597 oracu-

1693 3616 1803 3666 lum
1848 3618 1984 3667 satis
2018 3621 2205 3667 notum
2242 3622 2356 3667 tum
2400 3623 2619 3681 propter
2660 3616 2782 3666 reli-

1697 3686 1912 3751 gionem
1946 3691 2002 3736 et
2037 3702 2222 3748 sacra,
2259 3692 2375 3736 tum
2396 3691 2615 3751 propter
2641 3701 2782 3736 com-

1695 3756 1881 3805 mercii
1934 3755 2324 3806 celebritatem.
2408 3755 2598 3820 Neque
2640 3755 2782 3805 enim

1696 3824 1951 3887 templum
2001 3824 2173 3875 solum
2218 3824 2332 3874 illic
2380 3823 2553 3874 fuisse
2602 3824 2784 3875 existi·

1697 3894 1949 3944 mendum
1988 3899 2096 3955 est,
2144 3909 2328 3944 verum
2378 3909 2603 3958 regnum
2638 3894 2784 3942 inco-

1695 3961 1765 4010 lis
1804 3962 2083 4027 frequens,
2121 3969 2183 4013 ut
2214 3966 2440 4027 cryptae
2478 3962 2785 4013 hominibus

1697 4031 1982 4082 medicatis
2019 4033 2136 4081 sive
2171 4032 2384 4082 mumiis
2420 4031 2659 4097 repletae
2692 4031 2789 4081 ho-

1700 4100 1893 4166 dieque
1931 4107 2255 4152 monstrant.
2328 4102 2487 4152 Nunc
2531 4100 2653 4151 loco
2690 4116 2790 4152 no·

1700 4186 1819 4220 men
1836 4170 2021 4220 Simalt.
2068 4170 2233 4222 Cuius
2255 4171 2334 4220 rei
2358 4170 2604 4234 inprimis
2628 4169 2787 4220 fidem

1696 4239 1856 4290 nobis
1885 4240 2017 4291 fecit
2050 4239 2454 4290 recentissimus
2480 4239 2790 4303 peregrina-

1697 4313 1786 4358 tor
1821 4309 1887 4358 de
1926 4307 2206 4369 Minutoli,
2247 4309 2340 4373 qui
2375 4309 2790 4359 accuratissime

1698 4378 1842 4427 hunc
1877 4377 2053 4429 locum
2092 4377 2380 4444 descripsit
2415 4378 2470 4427 in
2506 4378 2788 4428 itinerario
