3109 5092
454 288 579 355 826

1327 289 1871 352 HERODOTI

457 472 700 537 τοῦτον
724 463 844 536 τὸν
871 462 1084 554 νόμον
1109 460 1528 553 Ἀθηναίοισι
1556 471 1787 551 ἔθετο,
1814 469 1908 557 τῷ
1934 466 2182 534 ἐκεῖνοι
2218 464 2285 543 ἐς
2309 463 2445 531 αἰεὶ
2473 463 2737 551 χρέων-

329 579 445 643 178
460 599 602 656 ται,
654 568 831 640 ἐόντι
874 566 1127 662 ἀμώμῳ
1170 568 1376 662 νόμῳ.
1449 572 1788 657 Φιλέλλην
1847 568 1924 639 δὲ
1973 567 2332 656 γενόμενος
2378 562 2415 636 ὁ
2448 563 2745 656 Ἀμασις

456 675 628 745 ἄλλα
651 701 724 744 τε
752 676 820 754 ἐς
832 668 1170 762 Ἑλλήνων
1194 674 1659 763 μετεξετέρους
1696 668 2092 758 ἀπεδέξατο,
2133 673 2246 740 καὶ
2285 667 2371 758 δὴ
2405 672 2520 740 καὶ
2556 684 2741 738 τοῖσι

456 778 1007 866 ἀπικνευμένοισι
1047 778 1115 855 ἐς
1145 786 1491 864 Αἴγυπτον
1532 782 1746 846 ἔδωκε
1782 774 2183 865 Ναύκρατιν
2221 773 2423 845 πόλιν
2463 777 2737 861 ἐνοικῆ-

457 904 568 953 σαι
585 905 599 919 ·
631 897 803 951 τοῖσι
823 880 908 950 ’δὲ
936 877 1025 970 μὴ
1055 883 1526 969 βουλομένοισι
1553 877 1782 950 αὐτῶν
1808 882 2079 964 οἰκέειν,
2109 874 2322 948 αὐτοῦ
2350 878 2427 947 δὲ
2452 885 2737 947 ναυτιλ-
2786 910 2813 925 ·

458 988 838 1076 λομένοισι,
889 988 1103 1054 ἔδωκε
1143 982 1401 1074 χώρους
1443 981 1933 1072 ἐνιδρύσασθαι
1979 979 2250 1072 βωμοὺς
2304 983 2417 1051 καὶ
2452 982 2742 1070 τεμένεα

459 1101 704 1160 θεοῖσι.
758 1086 835 1156 τὸ
863 1088 989 1175 μέν
1015 1114 1147 1159 νυν
1173 1088 1488 1176 μέγιστον
1515 1084 1744 1157 αὐτῶν
1767 1088 2062 1176 τέμενος,
2093 1088 2207 1155 καὶ
2234 1082 2735 1173 ούνομαστότα-

459 1222 578 1263 τον
607 1190 718 1263 ἑὸν
751 1192 865 1260 καὶ
894 1189 1416 1280 χρησιμώτατον,
1447 1190 1867 1279 καλεύμενον
1896 1191 1973 1261 δὲ
1993 1186 2363 1279 Ἑλλήνιον,
2395 1193 2547 1258 αἵδε
2573 1187 2700 1259 πό·
2722 1202 2841 1257 191

461 1299 599 1376 λιι-’ς
630 1301 760 1365 εἰσι
799 1298 872 1363 ac
915 1296 1270 1382 ἱδρυμέναι
1309 1299 1539 1383 κοινῇ,
1574 1290 1822 1365 Ἰώνων
1857 1294 1983 1384 μὲν
2014 1300 2178 1374 Χίος
2216 1294 2330 1362 καὶ
2372 1294 2582 1378 Τέως,
2619 1292 2739 1360 καὶ

737 1462 872 1514 Car.
910 1461 1268 1514 CLXXVIII.

529 1560 704 1617 ἔδωκε
724 1598 795 1609 --
821 1557 848 1616 ἕ
856 1582 889 1615 ν
900 1579 993 1617 om
1011 1563 1153 1631 σαι]
1182 1564 1358 1617 Simili
1384 1564 1545 1616 modo

461 1637 606 1688 infra
660 1631 834 1687 ἔδωκε
881 1663 950 1673 -
1040 1627 1438 1713 νιδρύσασθαι
1490 1640 1547 1686 et

462 1722 627 1772 supra
659 1707 866 1768 11,154
896 1702 1101 1755 δίδωσι
1135 1697 1357 1771 χώρους
1391 1693 1546 1753 ἔνοι-

461 1776 659 1842 κῆσαι,
696 1777 753 1826 in
785 1776 981 1841 quibus
1009 1774 1231 1826 verbum
1256 1764 1549 1838 ἐνοικῆσαι

461 1847 685 1898 notione
719 1846 1071 1896 intransitiva
1106 1844 1235 1910 poni
1267 1858 1440 1908 aeque
1470 1848 1550 1894 at·

462 1932 568 1981 que
592 1931 718 1966 mox
742 1908 951 1965 οἰκέειν
973 1914 1224 1980 (coll.11,
1259 1913 1376 1979 166)
1401 1919 1550 1964 recte

462 1990 646 2036 monet
680 1984 913 2036 Bredov.
942 2001 998 2049 p.
1027 1986 1115 2035 74.
1187 1983 1404 2048 Atque
1390 1998 1445 2031 ιιι
1468 1988 1550 2033 ta-

459 2054 604 2105 libus
664 2054 777 2105 fere
820 2055 1019 2104 Noster
1072 2053 1332 2117 praetulit
1385 2052 1551 2103 verba

463 2140 587 2175 cum
621 2124 683 2173 53
719 2123 1050 2187 composita,
1087 2122 1199 2172 vid.
1236 2122 1305 2182 V,
1342 2121 1411 2171 23
1449 2122 1550 2173 ibi-

466 2208 569 2258 que
606 2197 743 2244 nott.
780 2192 912 2253 VII,
947 2191 1037 2242 29.
1074 2192 1180 2252 IX,
1209 2192 1260 2241 7.
1300 2191 1353 2253 §-
1391 2194 1443 2242 2.
1480 2220 1549 2230 —

467 2262 773 2324 Naucratis,
830 2275 971 2325 quae
1018 2259 1091 2311 ad
1141 2259 1408 2311 Saiticum
1460 2276 1553 2311 no-

466 2346 609 2381 mum
660 2330 957 2394 pertinuit,
1022 2330 1079 2379 in
1131 2329 1384 2380 orientali
1432 2331 1552 2394 ripa

467 2400 726 2464 Canopici
774 2399 956 2463 fluvii,
1019 2400 1113 2464 qui
1165 2398 1310 2450 haud
1364 2398 1551 2463 procul

465 2469 593 2520 inde
627 2470 766 2520 mari
790 2469 1061 2534 iungitur,
1100 2473 1220 2520 erat
1254 2470 1382 2520 sita.
1436 2469 1552 2519 Nec

467 2538 695 2591 multum
718 2544 955 2590 remotus
987 2538 1079 2589 ille
1099 2538 1272 2603 locus,
1311 2539 1407 2589 ubi
1429 2542 1554 2604 post

466 2610 573 2661 fuit
622 2610 843 2660 condita
876 2608 1228 2662 Alexandria.
1312 2611 1554 2660 Naucra-

464 2680 538 2730 tis
586 2680 706 2745 ipsa
754 2679 826 2730 ad
877 2679 1258 2730 commercium
1306 2693 1554 2730 exercen-

467 2749 594 2800 dum
629 2749 792 2800 valde
834 2747 1246 2800 accommodata
1290 2752 1442 2809 erat,
1492 2751 1555 2798 ut

464 2818 555 2868 vel
588 2834 655 2868 ex
690 2819 759 2869 iis
796 2823 982 2883 patet,
1019 2833 1160 2883 quae
1189 2818 1265 2881 11,
1297 2817 1365 2869 97
1404 2832 1555 2868 enar-

463 2892 674 2938 rantur.
778 2888 1015 2938 Condita
1083 2887 1359 2938 ferebatur
1423 2886 1554 2936 urbs

469 2958 641 3019 (teste
687 2955 955 3007 Strabone
995 2956 1179 3008 XVII.
1227 2972 1283 3021 p.
1321 2954 1456 3007 1153
1506 2971 1553 3006 s.

465 3025 565 3075 801
620 3023 744 3075 coll.
792 3025 1053 3089 Stephan.
1105 3026 1243 3089 Byz.
1295 3040 1339 3074 s.
1388 3024 1468 3089 v.)
1519 3039 1555 3074 a

465 3093 725 3156 Milesiis,
785 3094 880 3157 qui
938 3093 1158 3144 Inarum
1219 3093 1554 3146 devicerant.

469 3163 575 3225 Qui
598 3178 720 3213 cum
739 3162 1056 3213 Artaxerxis
1076 3163 1400 3229 Longimani
1423 3169 1556 3215 tem-

466 3249 597 3299 pore
636 3233 862 3295 vixerit,
913 3231 1080 3283 aliurn
1128 3233 1347 3284 Inarum
1396 3233 1554 3284 nobis

467 3319 576 3353 non
611 3302 845 3368 amplius
875 3303 1155 3369 cognitum
1181 3301 1415 3368 intelligi
1437 3301 1555 3353 vult

467 3372 713 3424 Schultz.
741 3372 901 3438 Spec.
938 3376 1187 3438 apparat.
1215 3374 1339 3424 crit.
1363 3372 1432 3422 ad
1463 3387 1559 3423 an-

469 3442 577 3493 nal.
628 3458 681 3507 p.
730 3444 799 3493 25
835 3458 953 3507 seq.
1034 3442 1173 3493 Nam
1219 3442 1391 3494 multo
1427 3446 1558 3493 ante

465 3512 782 3563 Artaxerxis
821 3517 1066 3577 tempora
1099 3513 1400 3564 Naucratin
1431 3527 1559 3563 con-

465 3583 631 3632 ditam
681 3581 853 3632 fuisse
900 3597 1122 3633 necesse
1159 3587 1272 3646 est,
1332 3583 1399 3634 de
1445 3597 1555 3647 qua

465 3651 611 3717 quod
663 3651 808 3715 apud
853 3652 1241 3717 Hieronymum
1296 3652 1558 3716 legimus·

467 3736 650 3783 „anno
691 3721 828 3772 1264
866 3720 1083 3785 Olymp.
1120 3721 1296 3783 V1‚4
1343 3720 1469 3786 [253
1518 3737 1552 3772 a

466 3790 593 3840 Chr.
616 3785 697 3854 n.]
732 3804 879 3840 mare
916 3790 1165 3841 obtinent
1192 3790 1394 3840 Milesii
1429 3804 1555 3840 con-

466 3863 886 3924 struxeruntque
936 3859 1122 3909 urbem
1176 3860 1232 3911 in
1284 3861 1555 3925 Aegypto,

467 3928 816 3990 Naucratim,
821 3927 857 3954 “
919 3928 979 3979 id
1033 3945 1220 3979 verum
1271 3945 1392 3980 esse
1443 3943 1554 3979 non

467 4012 631 4062 posse
697 4001 964 4047 monstrat
1025 3999 1250 4050 Fischer
1312 3997 1552 4063 (Griech.

467 4065 763 4119 Zeittafeln
792 4082 919 4132 pag.
949 4067 1098 4133 109),
1134 4068 1379 4119 Milesios
1413 4071 1559 4118 teste

469 4137 740 4189 Strabone
776 4137 1096 4187 Naucratim
1144 4138 1442 4188 condentes
1486 4137 1560 4188 ad

469 4206 848 4259 Psammitichi
871 4210 1134 4271 tempora,
1170 4207 1316 4256 circa
1341 4206 1558 4272 Olymp.

469 4277 755 4339 XXXVII,
788 4275 820 4326 3
857 4275 975 4325 sive
1010 4274 1114 4326 630
1150 4290 1201 4325 a.
1228 4274 1353 4325 Chr.
1384 4291 1439 4327 n.
1474 4292 1561 4326 re-

469 4362 694 4398 vocans.
767 4345 834 4396 Id
870 4359 998 4394 vero
1037 4359 1104 4392 ex
1138 4344 1406 4395 Herodoti
1440 4361 1562 4396 ver-

471 4416 556 4467 bis
602 4416 740 4467 satis
793 4418 915 4465 tuto
964 4411 1147 4479 colligi
1195 4429 1357 4481 posse
1411 4416 1563 4466 vide-

1647 1468 1767 1528 tur,
1804 1461 2079 1513 Amasidis
2119 1462 2454 1526 temporibus
2493 1460 2739 1511 Naucra-

1648 1535 1747 1583 tim
1784 1534 1892 1584 iam
1928 1532 2238 1593 exstitisse,
2277 1531 2477 1609 quippe
2511 1531 2605 1596 qui
2638 1544 2741 1579 rex

1651 1603 1874 1654 Graecis
1897 1618 2006 1653 non
2027 1600 2207 1653 locum
2223 1568 2524 1682 (χώρους),
2544 1599 2600 1649 in
2623 1615 2734 1663 quo

1648 1672 1837 1723 urbem
1877 1672 2202 1734 conderent,
2248 1669 2567 1748 assignasse
2602 1668 2737 1718 dici-

1650 1748 1764 1805 tur,
1813 1740 1908 1792 sed
1942 1742 2129 1801 urbem
2160 1708 2375 1805 (ἒόλιν)
2424 1737 2737 1799 tradidisse,

1648 1812 1706 1862 in
1743 1828 1848 1878 qua
1885 1810 2041 1862 sedes
2086 1825 2214 1860 suas
2255 1809 2503 1875 figerent.
2574 1809 2739 1859 Hanc

1649 1882 1819 1947 igitur
1864 1881 1975 1931 iam
2021 1880 2297 1931 conditam
2346 1879 2517 1929 fnisse
2561 1882 2737 1942 patet.

1650 1952 1724 2002 Et
1759 1966 2082 2029 quamquam
2130 1951 2306 2015 ipsum
2342 1949 2493 1998 urhis
2541 1962 2737 1997 nomen

1684 2012 2043 2083 Ναύκρατις)
2076 2034 2295 2084 prorsus
2331 2019 2597 2069 Graecum
2634 2022 2740 2079 est,

1691 2090 1945 2140 eductum
1978 2105 2012 2139 a
2049 2086 2217 2139 ναῦσι
2254 2089 2502 2151 κρατεῖν,
2538 2087 2577 2137 i.
2616 2103 2662 2138 e.
2704 2103 2742 2136 a

1650 2160 1886 2209 victoria
1935 2157 2123 2210 navali
2181 2158 2271 2209 hic
2328 2161 2610 2222 reportata
2674 2155 2742 2220 (a

1653 2228 1905 2292 Graecis,
1960 2227 2206 2294 opinor),
2269 2232 2451 2277 tamen
2501 2227 2559 2275 in
2616 2226 2744 2290 ipsa

1655 2298 1868 2350 Graeca
1890 2314 2026 2349 voce
2051 2298 2223 2348 latere
2245 2312 2441 2347 nomen
2466 2294 2743 2360 quoddam

1654 2367 1981 2434 Aegyptium
2016 2368 2165 2418 urbis
2205 2365 2367 2431 longe
2401 2370 2564 2416 antea
2607 2381 2743 2415 con-

1656 2437 1807 2488 ditae
1863 2441 2051 2489 censet
2098 2437 2371 2487 Letronne
2423 2433 2610 2500 (Mem.
2670 2433 2742 2485 de

1653 2506 1865 2559 l'.Acad
1909 2508 2096 2568 XVII,
2136 2507 2186 2558 l.
2239 2523 2292 2571 p.
2344 2505 2410 2556 10
2465 2510 2522 2556 et
2552 2504 2743 2555 Rcvne

1657 2576 1710 2627 d.
1751 2578 1802 2628 d.
1843 2576 2020 2629 mond.
2073 2545 2228 2627 1'845.
2276 2577 2342 2626 Τ.
2387 2575 2485 2624 ΙΧ.
2534 2590 2589 2639 p.
2636 2575 2743 2625 522

1659 2646 1856 2712 seqq..)
1956 2645 2094 2697 Add.
2152 2644 2357 2696 Soldan
2404 2645 2489 2694 in·
2544 2643 2739 2695 Rhein.

1655 2717 1799 2768 Mus,
1838 2716 1933 2780 IV,
1972 2718 2021 2767 l.
2062 2731 2114 2780 p.
2143 2715 2238 2766 126
2261 2728 2412 2779 seqq.
2457 2713 2556 2765 138
2583 2729 2741 2780 seqq.

1656 2789 1712 2835 et
1760 2785 1904 2837 conf.
1953 2800 1987 2835 a
2031 2786 2125 2835 Cr.
2165 2784 2443 2834 laudatum
2490 2784 2743 2848 Wytten-

1654 2855 1812 2906 bach.
1860 2854 1930 2905 ad
1963 2853 2109 2905 Plnt.
2158 2852 2472 2915 Morall.1,
2509 2854 2562 2903 2.
2609 2869 2739 2918 pag.

1656 2925 1780 2977 907.
1861 2925 1945 2975 De
1989 2924 2186 2989 quibus
2235 2923 2471 2974 certiora
2519 2922 2745 2972 habere-

1656 3008 1803 3056 mus,
1851 2994 1898 3044 si
1947 2993 2016 3044 ad
2061 3009 2160 3043 nos
2208 2992 2549 3058 pervenisset
2582 2991 2744 3056 Apol-

1657 3062 1791 3114 lonii
1821 3061 2017 3113 Rhodii
2052 3062 2190 3112 liber
2229 3077 2372 3112 nunc
2407 3061 2744 3140 deperditus,

1657 3133 1748 3199 qui
1791 3132 2190 3183 inscribebatur
2238 3129 2420 3187 κτίσις
2476 3122 2741 3194 Ναυκρά-

1655 3216 1809 3258 τεως.
1882 3201 1966 3251 De
2000 3200 2221 3266 reliquis
2257 3200 2446 3250 confer
2466 3201 2743 3252 Mannert.

1658 3272 1852 3337 Geogr.
1902 3269 1955 3320 d.
2004 3272 2096 3322 Gr.
2146 3286 2200 3321 ιι.
2247 3271 2434 3320 Roem.
2482 3270 2560 3331 X,
2601 3270 2647 3319 1.
2688 3286 2742 3333 p.

1659 3340 1761 3392 503
1806 3356 1919 3406 seq.
2003 3341 2143 3390 Nam
2193 3338 2511 3390 commercio
2558 3340 2744 3390 floruit

1656 3411 1814 3472 urbs,
1850 3410 2002 3460 cuius
2038 3410 2126 3460 vel
2162 3409 2471 3460 meretrices
2497 3409 2745 3459 Herodo-

1658 3486 1747 3530 tus
1782 3484 2165 3530 commemorat
2198 3480 2273 3540 II,
2318 3477 2415 3529 135
2450 3477 2571 3541 fin„
2610 3476 2744 3527 mul-

1658 3554 1878 3614 tumque
1921 3549 2048 3598 hinc
2092 3547 2269 3599 valuit
2316 3547 2384 3598 ad
2431 3549 2743 3597 universum

1654 3619 1891 3685 Aegypti
1941 3622 2165 3669 statum.
2237 3618 2321 3668 De
2364 3632 2471 3683 quo
2506 3617 2741 3670 Heeren.

1655 3688 1821 3739 Ideen
1859 3689 1935 3751 II,
1972 3692 2024 3741 2.
2061 3704 2116 3753 p.
2160 3686 2266 3740 388
2303 3702 2417 3754 seq.

1726 3785 1947 3869 χώρους
1965 3780 2404 3856 ἐνιδρύσασθαι]
2419 3789 2553 3842 Cum
2567 3790 2743 3843 Gaist'.

1657 3859 1781 3910 dedi
1815 3852 2053 3926 χώρους.
2121 3859 2451 3925 wesseling.
2491 3864 2748 3911 tenuerat

1657 3921 1881 3993 χαίροις.
1942 3929 2025 3980 Ad
2060 3922 2289 3992 τεμένεα
2325 3930 2471 3981 conf.
2504 3934 2646 3980 nott.
2674 3930 2745 3980 ad

1657 3999 1746 4060 11,
1797 4000 1917 4050 112.
2001 3999 2064 4049 In
2111 4013 2264 4063 seqq.
2313 3991 2746 4064 χρησιμώτατον

1661 4068 1796 4118 dicit
1829 4067 2117 4133 templum,
2155 4083 2250 4132 quo
2271 4070 2484 4120 maxime
2518 4076 2746 4131 utuntur,

1660 4142 1722 4188 ut
1758 4138 2018 4202 explicuit
2041 4137 2581 4203 Schweighaeuser.
2565 4154 2623 4188 ιιι
2644 4140 2747 4191 Le-

1661 4208 1768 4259 xic.
1825 4209 2028 4259 Herod.
2083 4207 2159 4258 11.
2217 4223 2271 4272 p.
2329 4207 2432 4259 376
2481 4208 2748 4272 probante

1663 4278 1956 4328 Schaesero
1993 4277 2063 4328 ad
2098 4276 2376 4327 Plutarch.
2413 4277 2529 4328 Vit.
2553 4278 2621 4327 Τ.
2647 4277 2745 4329 IV.

1663 4362 1719 4412 p.
1756 4347 1876 4398 361.
1912 4374 1984 4384 --
2026 4346 2154 4397 Mox
2189 4346 2385 4410 scripsi
2418 4338 2611 4402 πόλιες
2648 4362 2750 4432 pro

1662 4415 1812 4482 vulg.
1852 4407 2043 4481 πόλις,
2077 4414 2190 4468 vid.
2230 4420 2369 4467 nott.
2408 4415 2478 4467 ad
2512 4416 2588 4480 11,
2621 4415 2750 4481 97
