3109 5092
1065 367 1565 426 EU'PERPE.
1614 368 1698 426 II.
1743 377 1832 431 82.
1876 377 1965 430 83.
2528 364 2653 424 607

380 571 498 622 νος
541 537 785 611 ὁτέοισι
827 539 1221 629 ἐγκυρήσει,
1269 535 1467 608 '‘al‘'
1431 566 1605 619 οκως
1648 540 2062 631 τελευτήσει,
2123 542 2233 611 καὶ
2284 532 2507 662 ὁκοῖος
2556 564 2656 616 τις

384 654 589 715 ἔσται.
675 646 786 713 καὶ
835 643 1126 741 τούτοισι
1179 648 1317 711 τῶν
1360 639 1700 732 Ἑλλήνων
1755 648 1826 712 οἰ
1866 648 1939 713 ἐν
1987 644 2249 733 ποιήσει
2304 641 2655 729 γενόμενοι

384 749 768 838 ἐχρήσαντο.
883 745 1138 833 Τέρατά
1172 773 1244 814 τε
1282 749 1463 814 πλέω
1499 767 1623 833 σφι
1674 744 2039 837 ἀνεύρηται
2092 743 2135 835 ἢ
2176 762 2347 815 τοῖσι
2395 743 2654 814 αλλοισι

383 850 589 922 ἅπασι
616 848 1064 938 ἀνθρώποισι.
1130 852 1501 936 γενομένου
1532 847 1663 937 γὰρ
1717 854 1986 939 τέρατος
2028 851 2450 939 φυλάσσουσι
2487 876 2652 937 γρα-

384 955 667 1044 φόμενοι
697 951 1122 1042 τώποβαῖνον
1139 974 1153 988 ·
1198 954 1308 1022 καὶ
1337 949 1424 1041 ἦν
1451 979 1603 1021 κοτε
1631 949 1915 1041 ὕστερον
1950 954 2416 1043 παραπλήσιον
2443 950 2656 1043 τούτῳ

385 1063 689 1146 γένηται,
749 1054 914 1125 κατὰ
961 1052 1175 1125 τώυτὸ
1230 1061 1571 1143 νομίζουσι
1624 1054 2108 1145 ἀποβήσεσθαι.
2200 1052 2519 1142 Μαντικὴ
2573 1054 2646 1123 δὲ
2668 1061 2747 1123 83

388 1160 647 1231 αὐτοῖσι
691 1150 825 1230 ὦδε
862 1162 1215 1228 διακέεται.
1297 1155 1690 1247 ἀνθρώπων
1737 1160 1863 1249 μὲν
1908 1157 2143 1231 οὐδενὶ
2180 1160 2571 1247 προσκέεται
2614 1153 2656 1245 ἡ

389 1367 495 1411 etc.
540 1361 616 1423 11,
655 1363 705 1410 2.
746 1375 872 1424 pag.
915 1358 1031 1421 158,
1082 1359 1349 1410 Gesenius
1399 1357 1470 1408 ad
1574 1375 1625 1424 p.
1663 1360 1786 1411 234.
1859 1360 1991 1411 Mox
2027 1354 2090 1410 οἴ
2130 1352 2191 1411 ἐν
2235 1352 2462 1425 ποιήσει
2501 1350 2659 1424 ysvo‘-

391 1431 551 1481 Iesai.
599 1430 747 1491 XIX,
799 1430 877 1478 12.
917 1445 970 1494 p.
1007 1429 1128 1491 621,
1165 1430 1466 1479 Letronne:
1571 1442 1732 1493 μενοι
1758 1434 1885 1479 sunt
1908 1432 1993 1495 qui
2018 1433 2193 1495 poesin
2222 1437 2469 1491 tractant,
2507 1430 2659 1494 quiin

389 1502 705 1550 Observatt.
740 1515 831 1548 sur
866 1499 945 1548 les
984 1498 1198 1563 zodiaq.
1238 1513 1365 1562 pag.
1400 1498 1469 1546 58
1568 1502 1714 1562 ροὲἶςι·
1755 1503 2053 1620 occupati,G
2057 1505 2265 1618 1‘mer-sati
2308 1508 2442 1551 sunt.
2528 1498 2655 1549 Vid.

389 1586 574 1634 seqqq
613 1571 696 1619 De
732 1569 786 1617 la
821 1569 1011 1618 Nauze
1053 1567 1111 1617 in
1147 1569 1363 1617 Memm.
1402 1567 1469 1616 de
1571 1569 1826 1618 Kuehner
1863 1570 1956 1620 Gr.
2152 1572 2204 1632 5.
2245 1570 2367 1621 600.
2440 1568 2658 1632 Reliqui

389 1606 598 1689 l’Acad.
637 1639 731 1687 des
772 1637 944 1687 Inscr.
993 1637 1142 1687 XIV.
1191 1654 1317 1701 pag.
1364 1635 1466 1687 334
1571 1630 1825 1701 ποιήσει,
1863 1654 1897 1688 a
1933 1570 2161 1689 recGentt.
2203 1638 2326 1690 edd.
2364 1642 2659 1715 praeeunte

386 1724 537 1774 seqq.
554 1713 608 1757 et
629 1707 775 1757 xv1.
793 1723 845 1771 p.
867 1707 968 1757 170
987 1721 1137 1771 seqq.
1170 1707 1267 1757 193
1294 1721 1465 1770 seqq„

383 1779 623 1827 Bohlen:
674 1777 789 1826 Das
839 1776 950 1825 alte
990 1776 1183 1825 Indien
1227 1777 1303 1826 11.
1340 1791 1467 1840 pag.

387 1846 844 1910 249,'·Seyffarth:
883 1846 1139 1910 Beitriige
1176 1862 1225 1897 z.
1269 1847 1472 1895 Kennt·

387 1919 503 1965 niss
539 1921 645 1967 etc.
694 1916 769 1965 11.
815 1930 943 1980 pag.
997 1916 1077 1965 10.
1120 1915 1188 1966 40
1238 1930 1353 1979 seq.
1404 1928 1472 1964 ao

387 1987 678 2051 praecipue
708 1983 907 2035 Roeth:
949 1983 1143 2034 Gescb.
1176 1984 1227 2034 d.
1263 1984 1472 2034 Philos.

389 2056 437 2105 Ι.
477 2060 707 2118 nott.·p.
747 2054 850 2104 216
897 2068 1032 2117 seq„
1081 2054 1172 2119 qni
1207 2052 1476 2104 Herodoti

391 2124 610 2174 effatum
668 2125 800 2189 ipsis
850 2128 1317 2173 monumentorum
1373 2123 1476 2172 Ae-

389 2195 706 2259 gyptiorum
761 2192 982 2242 indiciis
1030 2193 1249 2258 probari
1299 2193 1379 2243 ait
1418 2196 1472 2241 et

389 2263 516 2313 inde
573 2278 638 2312 ex
701 2262 834 2327 ipsis
905 2264 1050 2311 notis
1109 2261 1474 2327 hieroglyphi-

391 2334 471 2382 cis
524 2331 711 2382 attulit
772 2332 988 2381 deorum
1051 2333 1300 2394 nomina,
1377 2331 1473 2395 qui

393 2402 624 2467 singulis
669 2400 948 2450 mensibus
989 2416 1244 2466 praeesse
1282 2405 1474 2464 putan-

391 2479 505 2531 tur-3
550 2470 793 2535 singulos
845 2475 1051 2534 septem
1098 2471 1343 2521 cuiusvis
1382 2470 1475 2519 he-

390 2541 677 2591 bdomadis
716 2540 831 2590 dies
864 2537 1102 2604 planetis
1134 2541 1305 2590 fuisse
1329 2539 1475 2589 dedi-

392 2616 547 2661 catos
586 2610 726 2659 idem
775 2607 959 2671 addit,
1007 2624 1139 2659 usus
1185 2610 1476 2673 praecipue

395 2681 588 2729 Dionis
633 2679 811 2729 Cassii
849 2679 1160 2728 testimonio
1190 2678 1474 2739 XXXVII,

398 2750 480 2810 18,
523 2749 604 2799 19.
677 2749 760 2797 De
798 2748 1031 2813 quinque
1076 2747 1265 2797 diebus
1312 2748 1478 2797 inter-

395 2818 591 2867 calatis
632 2817 700 2867 ad
737 2817 961 2867 totidem
1015 2817 1144 2866 deos
1188 2815 1352 2867 simili
1395 2831 1479 2865 ra-

394 2888 545 2937 tione
589 2887 776 2937 relatis
826 2887 938 2937 vid.
987 2892 1126 2936 nott.
1180 2885 1251 2934 ad
1296 2885 1372 2947 ΙΙ,
1422 2888 1476 2936 4.

394 2956 629 3007 Nomina
670 2955 888 3007 deorum
929 2956 1341 3021 Aegyptiorum,
1387 2953 1482 3019 qni

397 3025 624 3090 singulis
647 3031 906 3089 praesunt
930 3025 1221 3087 mensibus,
1261 3039 1326 3074 ex
1349 3024 1482 3088 ipsis

395 3094 1479 3160 monumentisprotulitquoqueLepsius:

400 3164 729 3228 Chronolog.
756 3164 807 3214 d.
828 3166 1061 3228 Aegypt.
1094 3180 1147 3228 p.
1178 3162 1276 3214 183
1304 3178 1478 3227 seqq„

401 3233 497 3283 sed
533 3233 793 3283 Planetas
830 3234 1107 3297 praesides
1155 3233 1362 3282 dierum
1402 3247 1484 3282 se·

398 3308 544 3368 ptem
570 3304 628 3352 in
665 3304 1023 3352 monumentis
1047 3303 1279 3351 inveniri
1309 3316 1483 3366 aeque

399 3376 566 3437 negat
614 3370 691 3436 (p.
735 3371 855 3434 132)
892 3377 1058 3436 atque
1093 3372 1483 3421 hebdomadem

399 3445 606 3506 septem
645 3441 878 3501 dierum3
922 3457 1014 3505 per
1050 3441 1280 3491 decades
1303 3442 1485 3505 singu-

399 3509 483 3561 los
520 3524 734 3560 menses
771 3524 891 3559 esse
926 3510 1132 3561 divisos
1166 3510 1303 3561 vult.

472 3569 706 3644 ὁτέοισι]
742 3579 876 3629 Tres
921 3579 1048 3629 libri
1083 3578 1287 3635 τέοισι,
1339 3579 1482 3643 quod

402 3663 498 3714 per
563 3663 622 3697 se
682 3663 788 3697 non
858 3649 1218 3699 damnandum
1275 3617 1484 3698 iudicat

403 3720 601 3768 Struve
637 3718 794 3781 Spec.
834 3724 1045 3799 quaest.
1096 3719 1163 3768 de
1207 3716 1336 3768 dial.
1376 3719 1484 3768 He·

403 3788 520 3837 rod.
563 3804 616 3851 p.
651 3787 740 3839 49.
814 3788 921 3838 Sed
960 3780 1195 3851 ὁτέοισι,
1248 3792 1310 3836 ut
1343 3787 1485 3836 idem

404 3856 542 3906 bene
581 3856 766 3918 addit,
806 3857 996 3907 maiori
1043 3872 1138 3907 sex
1187 3856 1344 3907 codd.
1389 3871 1486 3905 nu-

399 3940 549 3975 mero
585 3894 908 3977 defenditur.

469 3984 680 4044 ὁτέοισι
719 3985 1037 4059 ἐγκυρήσει]
1083 3994 1121 4043 ἰ.
1167 4009 1216 4044 e.
1263 3996 1312 4043 in
1359 4008 1488 4058 quae

401 4064 620 4125 incidat,
653 4079 786 4129 quae
817 4066 867 4113 ei
897 4065 1135 4114 accidant
1167 4078 1211 4112 s.
1251 4078 1380 4129 quae
1403 4063 1488 4125 su·

404 4138 522 4182 tura
547 4135 656 4183 cius
675 4136 779 4183 sint
807 4133 943 4195 sata.
1008 4133 1090 4183 Ad
1114 4137 1490 4197 argumentum

404 4201 550 4253 conf.
597 4203 823 4252 Diodor.
885 4202 995 4252 Sic.
1044 4202 1091 4265 Ι,
1136 4202 1222 4251 81.
1306 4201 1490 4265 Ipsam

401 4270 730 4321 locutionem
759 4270 882 4320 aliis
903 4270 1039 4321 locis
1077 4270 1343 4321 similibus
1367 4270 1489 4320 illu-

404 4340 604 4389 stravit
639 4339 965 4391 Valckenar.
1024 4339 1094 4389 sd
1144 4338 1196 4389 h.
1249 4338 1285 4389 l.
1337 4339 1490 4388 item·

405 4422 510 4472 que
556 4409 801 4474 Lennep.
849 4408 918 4459 ad
975 4405 1254 4458 Phalarid.
1306 4407 1485 4472 Epist.

1572 1708 1842 1758 Bredovio
1866 1724 1919 1772 p.
1946 1710 2050 1759 266
2081 1714 2348 1759 mutatum
2378 1709 2435 1758 in
2460 1698 2657 1771 ποιήσι

1577 1777 1766 1826 invitis
1804 1783 1953 1827 certe
1996 1777 2149 1827 libris
2201 1779 2476 1841 omnibus,
2529 1791 2660 1842 quo-

1576 1861 1696 1895 rnm
1725 1848 2112 1897 anctoritatem
2160 1847 2248 1897 hic
2293 1848 2447 1912 sequi
2483 1848 2658 1896 satius

1576 1915 1882 1966 videbatur.
1956 1916 2114 1966 Conf.
2156 1917 2231 1978 11,
2272 1917 2389 1967 173.
2428 1916 2502 1979 11,
2539 1914 2656 1966 143.

1581 1985 1689 2047 ΙΙΙ,
1731 1986 1849 2035 109.
1923 1986 2053 2050 Ipsa
2074 2001 2182 2035 vox
2204 1985 2434 2050 ποίησις
2452 1985 2519 2034 de
2545 2001 2661 2035 car·

1578 2055 1813 2104 minibus
1834 2055 2130 2105 condendis
2154 2054 2299 2105 baud
2328 2056 2441 2105 seio
2463 2071 2532 2104 an
2555 2055 2658 2105 hoc

1578 2125 1700 2173 loco
1737 2126 1964 2189 primum
2010 2125 2205 2188 obvia,
2255 2125 2323 2175 de
2367 2140 2474 2190 qua
2512 2125 2658 2174 cons.

1576 2193 1748 2243 allata
1795 2210 1829 2245 a
1875 2195 2051 2245 Bode:
2113 2194 2307 2246 Geseh.
2357 2195 2411 2247 d.
2459 2193 2657 2245 hellen.

1575 2263 1910 2314 Dichtkunst
1945 2265 1992 2315 1.
2030 2280 2084 2328 p.
2124 2267 2225 2315 222
2261 2269 2378 2316 not.
2416 2264 2466 2315 3.
2525 2264 2658 2314 Cae-

1575 2338 1749 2383 terum
1786 2334 2108 2384 documento
2143 2341 2317 2396 esset,
2366 2338 2428 2383 nt
2475 2338 2662 2384 censet

1574 2404 1851 2454 Letronne
1884 2402 1922 2454 l.
1972 2403 2009 2452 l.
2061 2419 2188 2468 pag.
2237 2404 2304 2454 58
2354 2419 2466 2468 seq.
2522 2407 2659 2465 not„

1576 2471 1665 2521 hic
1698 2473 1878 2536 locus,
1918 2475 2110 2538 poEtas
2136 2473 2416 2523 Herodoto
2452 2474 2658 2537 priores

1576 2542 1844 2592 similibus
1905 2543 2269 2606 prognosticis
2333 2557 2461 2591 usos
2522 2557 2661 2602 esse,

1578 2611 1685 2660 nisi
1725 2610 1893 2660 multo
1912 2612 2054 2661 foret
2080 2610 2456 2671 verisimilius,
2492 2611 2664 2659 histo-

1578 2681 1749 2729 ricum
1798 2680 2099 2729 doctrinam
2141 2680 2498 2743 Aegyptiam,
2554 2693 2660 2742 qna

1580 2748 1756 2798 obiter
1789 2752 2003 2798 tantum
2040 2748 2205 2797 suerit
2233 2749 2500 2810 imbutus,
2539 2763 2665 2797 con-

1583 2817 1788 2867 fudisse
1824 2833 1944 2867 cum
1987 2818 2354 2883 prognosticis
2404 2833 2470 2867 ex
2504 2817 2665 2866 lunae

1581 2887 1635 2935 vi
1660 2887 1854 2952 captis,
1896 2902 2034 2952 quae
2058 2887 2165 2937 iam
2193 2887 2339 2952 apud
2364 2887 2664 2938 Hesiodum

1578 2957 1949 3007 inveniantur.
1997 2956 2135 3005 Mihi
2162 2962 2308 3008 recte
2329 2957 2542 3006 videtur
2574 2956 2667 3005 ad-

1578 3041 1800 3076 monere
1836 3025 2072 3076 Lobeck.
2124 3025 2499 3093 (Aglaopham.
2538 3041 2664 3091 pag.

1584 3096 1731 3158 ²127),
1771 3096 1838 3145 de
1877 3096 2121 3146 Hesiodo
2172 3113 2237 3147 ae
2274 3097 2415 3163 siqui
2463 3095 2667 3146 fuerint

1584 3164 1787 3215 similes
1837 3170 2059 3228 poetae,
2128 3165 2216 3217 hie
2275 3167 2508 3232 cogitari
2556 3179 2667 3214 non

1585 3250 1773 3299 posse;
1821 3235 1891 3284 ad
1928 3240 2145 3299 poetas·
2169 3236 2441 3300 Orphicae
2477 3239 2532 3285 et
2563 3235 2668 3298 Py-

1583 3304 1897 3369 thagoricae
1917 3309 2098 3354 sectae
2130 3305 2407 3365 addictoS,
2444 3318 2580 3369 quos
2610 3304 2667 3350 in

1585 3373 1689 3424 hoc
1732 3389 1943 3438 qnoque
1989 3373 2273 3423 doctrinae
2322 3388 2517 3437 genere
2566 3371 2669 3420 Ae·

1585 3444 1894 3507 gyptiorum
1929 3442 2151 3492 decreta
2194 3441 2495 3493 aemulatos
2547 3454 2668 3489 esse
2752 3470 2763 3479 ·

1584 3510 1871 3561 admodum
1909 3512 2166 3561 credibile
2206 3512 2296 3572 sit,
2331 3511 2467 3559 baec
2500 3509 2669 3558 verba

1583 3586 1736 3698 Spelc'ae}
1741 3596 1885 3697 a(¹2:201¹
1870 3581 2274 3698 ᾱὲεωπῖἲέιωσι
2234 3586 2274 3631 t
2272 3646 2316 3711 ι]
2352 3646 2526 3697 Gaisf.
2562 3646 2670 3695 edi-

1587 3718 1668 3767 dit
1703 3666 1872 3779 πῖέα,
1921 3718 2065 3769 haud
2101 3665 2414 3768 scio‘punde.
2488 3717 2668 3779 Quare

1587 3786 1786 3852 reliqui
1821 3784 1985 3836 πλέω.

1889 3959 2022 4010 Cu.
2059 3959 2370 4009 LXXXIII.

1660 4052 1990 4125 ἀνθρώπων
2031 4054 2136 4125 μὲν
2172 4051 2369 4110 οὐδενὶ
2405 4059 2672 4125 προσκέε-

1592 4145 1682 4178 ται
1719 4146 1770 4179 κ.
1818 4145 1868 4179 τ.
1907 4128 1977 4197 λη]
2025 4130 2348 4181 Sacerdotes
2392 4146 2515 4180 cum
2565 4130 2670 4179 diis

1592 4199 1920 4263 quibusdam
1956 4197 2088 4249 solis
2140 4198 2361 4250 oracula
2398 4194 2674 4248 adscribe-

1592 4273 1738 4329 rent,
1779 4283 1843 4317 eo
1885 4270 2002 4332 ipso
2037 4282 2191 4318 suam
2236 4269 2346 4316 vim
2399 4273 2455 4318 et
2490 4272 2676 4317 aucto·

1590 4338 1809 4388 ritatem
1862 4337 2078 4402 egregie
2126 4336 2372 4386 firmasse
2415 4335 2676 4387 consendi

1592 4411 1740 4458 sunt.
1764 4404 1777 4407 ὲ
1812 4406 1887 4458 Et
1932 4406 2149 4457 omnino
2195 4404 2463 4457 neminem
2512 4404 2675 4469 fugit,
