3109 5092
469 358 590 419 192
764 345 769 351 ⁵
1329 354 1674 416 HEROD
1696 354 1869 417 ΟΤΙ

371 581 378 586 -
465 530 683 602 πάντα
729 526 1175 620 ἀποβεβήκοι,
1233 534 1444 621 τῇπερ
1498 532 1752 609 ἐκεῖνος
1796 527 1981 616 εἷπε,
2010 526 2245 606 ,οὐδέν
2279 557 2342 598 τι
2382 534 2638 617 μᾶλλον
2679 530 2746 608 ἐς

467 632 722 705 ἑωυτὸν
762 637 1011 722 λέγων,
1059 628 1100 723 ἦ
1138 637 1203 714 ἐς
1242 630 1425 703 ἅπαν
1469 630 1544 702 τὰ
1593 629 2067 720 ἀνθρώπινον,
2113 635 2224 702 καὶ
2259 633 2544 722 μάλιστα
2588 631 2743 712 τούς

464 737 645 827 παρὰ
680 744 873 824 σφίσι
906 734 1165 807 αὐτοῖσι
1210 740 1568 816 δοκέοντας
1601 733 1874 824 ὀλβίους
1920 736 2113 806 εἶναι.
2207 735 2341 806 Τὸν
2370 737 2498 825 μὲν
2530 744 2739 824 Κροῖ-

462 862 586 911 σον
620 846 829 911 ταῦτα
862 839 1311 930 ἀπηγέεσθαι·
1361 846 1477 929 τῆς
1520 840 1596 908 δὲ
1633 844 1850 930 πυρῆς
1888 837 2018 928 ἤδη
2056 835 2387 929 ἁμμένης,
2426 847 2740 912 καίεσθαι

460 943 543 1013 τὰ
581 947 997 1034 περιέσχατα.
1072 946 1183 1016 καὶ
1217 942 1337 1014 τὸν
1366 949 1604 1030 Κῦρον
1637 939 2020 1013 ἀκούσαντα
2055 948 2192 1012 τῶν
2238 944 2614 1033 ἑρμηνέων,
2658 940 2739 1011 τὰ

465 1048 611 1118 εἷπε
655 1057 977 1135 Κροῖσος,
1031 1045 1445 1138 μεταγνόντα
1488 1074 1562 1115 τε
1608 1048 1719 1114 καὶ
1756 1045 2175 1131 ἐννώσαντα,
2238 1043 2339 1116 ὅτι
2385 1049 2495 1116 καὶ
2542 1044 2743 1125 αὐτὸς

462 1149 826 1240 ἄνθρωπος
871 1149 1004 1221 ἐών
1044 1149 1266 1222 ἄλλον
1311 1146 1715 1237 ἄνθρωπον,
1784 1149 2152 1238 γενόμενον
2205 1150 2463 1219 ἑωυτοῦ
2509 1146 2739 1219 εὐδαι-

463 1263 664 1344 μονίῃ
726 1252 851 1325 οὐκ
901 1254 1191 1342 ἐλασσω,
1257 1251 1508 1336 ζώοντα
1554 1253 1719 1340 πυρὶ
1778 1259 2033 1342 διδοίη*
2111 1254 2277 1342 πρός
2323 1282 2396 1323 τε
2448 1253 2740 1324 τούτοισι

467 1365 782 1427 δείσαντα
825 1356 949 1446 τὴν
989 1365 1166 1427 τίσιν
1211 1359 1323 1426 καὶ
1372 1354 1880 1443 ἐπιλεξαμενον,
1932 1352 2022 1436 ὥς
2074 1354 2283 1426 οὐδεν
2332 1368 2437 1446 εἴη
2485 1384 2623 1438 των
2667 1359 2742 1426 ἐν

464 1459 887 1549 ἀνθρώποισι
934 1457 1286 1548 ἀσφαλέως
1344 1465 1524 1546 ἔχον,
1597 1459 1903 1529 κελεύειν
1958 1437 2326 1548 σβεννύναι
2375 1458 2499 1549 τὴν
2555 1467 2737 1547 ταχί-

464 1586 631 1652 στην
689 1591 764 1632 το
820 1562 1179 1653 καιόμενον
1239 1567 1408 1653 πῦρ,
1469 1564 1587 1631 καὶ
1631 1562 2100 1652 καταβιβάζειν
2146 1563 2446 1653 Κροῖσόν
2499 1590 2572 1632 τε
2631 1564 2742 1632 καὶ

463 1665 621 1748 τοὺς
655 1665 819 1757 μετὰ
855 1675 1188 1758 Κροίσου·
1257 1667 1370 1735 καὶ
1404 1663 1561 1745 τούς
1610 1669 2068 1755 πειρωμένους
2111 1664 2193 1736 ού
2238 1667 2579 1737 δύνασθαι
2642 1671 2738 1734 ἔτι

466 1835 652 1884 Secuti
696 1849 880 1885 sumus
931 1835 985 1882 in
1031 1832 1152 1883 loco
1201 1832 1428 1882 multum
1462 1847 1552 1880 ve-

464 1911 593 1954 xato
622 1920 740 1954 eam
769 1904 1073 1964 lectionem,
1103 1917 1264 1966 quam
1290 1901 1545 1965 Schwgh.

466 1981 522 2023 et
582 1974 926 2025 Gaisfordius
974 1973 1403 2033 constituerunt,
1451 1970 1553 2020 hoc

467 2045 579 2094 fere
625 2059 816 2093 sensu.
860 2080 896 2107 ‚,
884 2046 1082 2108 ‚quippe
1130 2045 1202 2092 ita
1247 2044 1462 2101 loeutus,
1503 2047 1558 2090 ut

464 2116 564 2176 ipsi
594 2118 754 2165 omnia
799 2129 905 2163 eum
951 2115 1000 2161 in
1043 2112 1231 2160 modum
1281 2113 1552 2186 evenerint,

461 2191 620 2246 prout
673 2185 755 2234 ille
816 2183 1121 2234 ediaeissee.⁸·
1197 2181 1260 2229 In
1320 2176 1416 2228 οἶα
1458 2171 1552 2243 δὴ,

467 2251 613 2317 quod
645 2253 846 2317 excipit
880 2263 1046 2313 ωστε,
1096 2265 1252 2300 nemo
1300 2251 1378 2299 ita
1424 2248 1553 2297 hae-

468 2322 626 2384 rebit,
663 2328 726 2371 ιιι
772 2319 1058 2370 emendare
1105 2319 1261 2380 velit,
1311 2319 1367 2368 id
1411 2317 1552 2384 quod

468 2391 793 2456 quibusdam
824 2390 880 2438 in
915 2393 1148 2438 mentem
1196 2389 1376 2465 venit,
1426 2388 1555 2436 scri-

467 2462 752 2512 bentibus.
803 2454 899 2508 οἷα
936 2453 1009 2522 δὴ
1059 2454 1251 2518 εἴπας,
1292 2450 1361 2506 τὰ
1408 2448 1555 2505 αύτα

467 2546 519 2581 κ.
557 2547 604 2581 τ.
641 2530 721 2594 λ.,
768 2529 958 2580 invitis
1011 2533 1158 2578 certe
1218 2495 1403 2589 libris,
1453 2540 1555 2575 nec

468 2601 574 2651 loci
612 2569 888 2651 sententia
922 2598 1225 2663 flagitante.
1293 2598 1408 2648 Nee
1443 2611 1554 2645 ma-

468 2673 552 2736 gis
588 2686 666 2728 ως
697 2685 754 2720 τε
796 2670 868 2720 ad
906 2669 1235 2720 antecedens
1283 2658 1359 2724 ὥς
1405 2655 1552 2730 ἦλθε

467 2741 742 2798 retulerim
790 2745 845 2790 et
895 2754 1016 2789 cum
1061 2754 1124 2788 eo
1167 2737 1555 2798 coniunxerim,

469 2826 591 2860 cum
639 2810 716 2860 'ad
778 2804 874 2858 οἷα
920 2801 994 2873 δὴ
1042 2806 1209 2864 εἴπας
1255 2807 1554 2884 pertineat.

468 2879 719 2945 Denique
731 2879 1007 2943 optativus
1016 2867 1384 2943 ἀποβεβήκοι,
1399 2890 1558 2940 quem

471 2949 713 2998 restituit
747 2946 1048 3024 Schweigb.
1102 2961 1199 3009 pro
1239 2945 1463 3023 vulgata
1497 2943 1560 2992 li-

470 3012 689 3067 brorum
707 3016 964 3066 lectione:
1001 3005 1347 3080 ἆποβεβήκεὲ
1384 3007 1445 3062 οἷ
1466 3011 1555 3062 vel

468 3077 790 3151 ἀποβέβηκέ
816 3078 888 3147 οἱ,
918 3099 982 3134 eo
1010 3083 1182 3148 magis
1216 3097 1274 3132 se
1294 3097 1560 3132 commen·

471 3155 585 3218 dat,
634 3169 740 3220 quo
789 3152 1050 3205 Gronovii
1103 3153 1244 3202 ratio
1298 3143 1452 3219 αύτῷ
1500 3143 1563 3199 οἱ

472 3192 853 3290 coniungentis
909 3227 964 3273 et
1015 3236 1112 3287 pro
1170 3212 1360 3288 ἑωυτῷ
1415 3220 1560 3270 acci-

469 3294 672 3378 pientis
722 3294 937 3343 minime
983 3296 1131 3342 stare
1183 3295 1396 3356 potest,
1457 3305 1559 3339 nec

468 3364 555 3426 iis,
592 3380 732 3430 quae
774 3379 804 3413 e
840 3364 1044 3414 Nostro
1081 3361 1345 3426 scriptore
1375 3364 1560 3425 protu-

465 3434 563 3497 lit,
640 3433 898 3499 exemplis
967 3430 1256 3499 probatur,
1330 3430 1560 3480 docente

469 3504 1001 3571 Schweighaeusero,
1042 3501 1134 3580 qui
1180 3502 1318 3551 bene
1354 3503 1558 3562 monet,

470 3590 530 3624 se
576 3590 678 3625 nec
731 3588 986 3639 spernere
1043 3563 1392 3638 αποβεβήκεε
1438 3585 1560 3634 pro-

468 3648 590 3708 pter
628 3641 1144 3709 plusquamperfecti
1178 3655 1335 3690 usum
1374 3640 1429 3688 in
1465 3654 1560 3688 no-

470 3717 586 3763 stro
636 3715 897 3778 scriptore
941 3711 1086 3762 haud
1143 3710 1558 3775 infrequentem,

471 3783 540 3831 de
583 3797 689 3847 quo
735 3782 846 3833 vid.
897 3781 943 3844 1,
985 3780 1070 3832 79.
1118 3780 1188 3831 84
1233 3779 1368 3843 ibiq.
1415 3782 1555 3828 nott.

467 3842 819 3916 ἀποβεβήκοι
857 3852 1052 3916 probat
1085 3863 1299 3914 quoque
1322 3847 1555 3897 BredoV.

470 3934 525 3983 p.
564 3917 686 3999 33],
725 3920 818 3998 qui
853 3936 907 3985 p.
953 3919 1069 3970 178.
1099 3932 1164 3967 ex
1195 3917 1446 3967 hocloco
1476 3917 1556 3967 af-

471 3988 580 4037 fert
612 3979 1011 4052 ἀνθραὶπινον,
1053 3986 1198 4051 quod
1232 3986 1302 4035 ad
1326 3986 1560 4051 reliquo-

469 4071 587 4106 rum
626 4056 893 4106 Herodoti
939 4056 1177 4105 locorum
1223 4070 1466 4105 normam
1498 4056 1556 4104 in

470 4116 859 4190 ἄνθρωπήϊον
873 4123 1187 4174 mutandum
1204 4129 1410 4174 censet.
1423 4124 1558 4174 Cae-

469 4200 646 4245 terum
681 4194 984 4272 promiscue
1035 4193 1146 4242 dici
1174 4182 1560 4256 ἀνθρώπινον

472 4268 528 4314 et
553 4255 929 4334 ἀνθρώπειον
965 4267 1113 4312 recte
1147 4261 1363 4311 notavit
1394 4261 1558 4312 Stall-

470 4333 636 4384 baum
666 4327 742 4384 ad
778 4332 994 4383 Platon.
1060 4333 1146 4382 De
1183 4329 1552 4396 Republ.V1,

475 4402 559 4453 11.
608 4417 662 4469 p.
708 4399 794 4453 51.
849 4406 904 4453 et
964 4397 1158 4454 Grauff
1208 4399 1280 4451 ad
1323 4398 1558 4451 Luciani

1658 1832 1841 1882 Somn.
1891 1847 1946 1896 p.
1999 1831 2123 1881 207.
2170 1830 2295 1882 coll.
2355 1830 2612 1883 Jacobitz
2671 1828 2743 1879 ad

1657 1902 1888 1952 Lucian.
1927 1901 2038 1951 Vit.
2080 1902 2241 1951 Auct.
2281 1916 2333 1980 p.
2376 1901 2495 1950 114.
2543 1931 2614 1939 ——-
2658 1898 2744 1949 Ad

1657 1972 1825 2021 verba
1865 1963 2021 2034 παρὰ
2059 1968 2219 2034 σφίσι
2254 1963 2479 2020 αὐτοῖσι
2516 1969 2661 2019 conf.
2696 1969 2742 2032 1,

1658 2042 1725 2091 52
1764 2041 1946 2106 ibique
1982 2045 2122 2091 nott.

1730 2134 1904 2193 οὐδέν
1948 2159 1999 2192 τι
2042 2140 2276 2207 μᾶλλον]
2323 2142 2390 2191 Ιιι
2438 2141 2743 2206 Schweigh.

1658 2213 1895 2263 editione
1952 2214 2273 2295 impressum
2330 2211 2488 2261 video
2531 2225 2601 2260 τε
2647 2226 2743 2275 pro

1657 2298 1750 2346 τι,
1790 2282 1940 2332 nulla
1974 2282 2029 2331 in
2058 2283 2187 2333 Var.
2213 2282 2393 2331 Lectt.
2424 2281 2576 2331 facta
2601 2296 2745 2331 men-

1658 2353 1825 2415 tione,
1862 2358 1924 2403 ut
1971 2351 2151 2416 operis
2196 2352 2299 2402 hoc
2352 2350 2587 2400 dandum
2624 2365 2745 2401 esse

1658 2422 1892 2472 credam.
1920 2452 1991 2461 —-
2018 2422 2083 2471 In
2120 2436 2273 2486 seqq.
2310 2411 2377 2468 τὰ
2412 2418 2745 2485 περιέσχατα

1658 2497 1785 2541 sunt
1838 2498 2108 2541 extremae
2166 2491 2286 2556 rogi
2341 2495 2557 2554 partes,
2606 2504 2745 2554 quae

1659 2562 2010 2611 circumcirca
2048 2566 2193 2623 sunt,
2232 2565 2294 2610 ιιι
2328 2559 2393 2620 V,
2423 2559 2541 2611 101.
2566 2590 2635 2599 --
2661 2560 2744 2608 De

1661 2622 2062 2680 ἐννώσαντα
2096 2597 2207 2679 vid’.
2242 2644 2406 2693 supra
2440 2629 2511 2678 ad
2554 2628 2600 2693 1,
2646 2630 2744 2689 68;

1661 2700 1729 2751 de
1768 2692 2171 2765 ἐπιλεξάμενον
2207 2700 2253 2762 1,
2290 2698 2377 2750 78.
2558 2701 2569 2710 ⁰

1727 2795 1979 2854 κελεύειν
2039 2794 2362 2868 σβεννύναι]
2431 2802 2589 2866 Quod
2647 2818 2745 2867 pro

1659 2865 1871 2923 κελεύει
1917 2872 2153 2923 correxit
2195 2874 2267 2922 H.
2314 2872 2621 2937 Stephanus
2657 2885 2747 2921 κε·

1660 2935 1827 2991 λεύει
1846 2958 1907 3004 ν,
1943 2942 2001 2991 id
2038 2941 2255 3007 quidem
2282 2943 2530 2992 omnibus
2557 2942 2747 2993 adver-

1661 3018 1817 3062 satur
1851 3012 2025 3074 libris,
2062 3016 2331 3076 quotquot
2371 3011 2548 3061 adhuc
2583 3011 2747 3061 eolla-

1660 3087 1747 3131 tos
1782 3082 2057 3143 habemus,
2090 3096 2277 3130 verum
2310 3082 2573 3132 orationis
2608 3086 2747 3131 stru-

1660 3156 1869 3201 cturam
1903 3154 1995 3200 vix
2031 3149 2307 3200 serendam
2344 3151 2562 3218 egregie
2598 3150 2748 3201 adiu-

1657 3225 1775 3270 vat.
1812 3222 2073 3271 Miramur
2109 3219 2251 3269 enim
2284 3220 2472 3286 utique
2509 3220 2748 3271 subitum

1658 3291 1823 3340 istum
1873 3290 2164 3341 transitum
2208 3289 2279 3339 ab
2327 3291 2576 3341 oratione
2611 3290 2749 3340 indi-

1659 3365 1810 3410 recta
1845 3360 1900 3409 in
1938 3365 2160 3422 rectam,
2194 3374 2333 3421 cum,
2372 3360 2465 3425 qui
2492 3360 2651 3410 modo
2690 3361 2747 3409 in

1659 3430 1974 3479 accusativo
2039 3428 2254 3479 dixerat
2312 3425 2580 3478 ὃεισαντα
2650 3424 2747 3478 καὶ

1660 3490 2079 3564 ἐπιλεξάμενον,
2112 3498 2368 3548 οοιιιίιιιιο
2404 3499 2629 3562 scribat,
2654 3500 2747 3549 ob-

1659 3567 1790 3618 litus
1828 3568 2085 3632 priorum,
2128 3559 2365 3617 κελεύει
2411 3584 2509 3633 pro
2556 3535 2746 3617 κελεύ-

1660 3652 1779 3687 ειν.
1820 3639 1977 3701 Quod
2013 3641 2160 3688 certe
2196 3642 2409 3687 tantum
2435 3642 2538 3701 est,
2564 3643 2628 3688 ut
2654 3638 2745 3688 vix

1660 3707 2042 3758 anacoluthiae
2087 3707 2335 3772 quamvis
2379 3707 2581 3758 Nostro
2627 3723 2745 3773 per-

1660 3792 1823 3842 quam
1868 3777 2153 3827 familiaris
2213 3776 2426 3827 ratione
2485 3776 2747 3842 explicari

1659 3847 1850 3911 possit.
1891 3848 2072 3910 Quare
2109 3846 2283 3896 satius
2322 3845 2470 3908 duxi,
2507 3862 2630 3896 cum
2665 3862 2745 3896 re-

1661 3919 1829 3966 centt.
1864 3915 1986 3967 edd.
2024 3916 2180 3981 sequi
2203 3915 2538 3980 Stephanum
2570 3931 2744 3981 neque

1659 4000 1882 4035 moveor
1916 3986 2008 4047 iis,
2058 4000 2198 4050 quae
2244 3985 2545 4050 disputavit
2579 3985 2746 4035 Wan-

1657 4054 1871 4104 nowski
1905 4055 1961 4105 in
1996 4054 2224 4120 Syntax.
2269 4055 2465 4105 Anom.
2513 4054 2740 4106 Graece.

1657 4140 1713 4189 p.
1755 4125 1873 4186 175,
1918 4124 2009 4189 qui
2042 4123 2324 4190 vulgatam
2369 4116 2582 4173 κελεύει
2620 4126 2744 4174 reti-

1656 4193 1774 4243 neri
1807 4193 1925 4243 vult
1957 4208 2184 4258 eamque
2217 4209 2283 4243 ex
2308 4193 2459 4244 facili
2487 4194 2743 4256 transitu,
2772 4223 2785 4234 -

1658 4262 1751 4328 qui
1791 4279 1857 4313 ex
1893 4264 2140 4313 oratione
2178 4262 2402 4327 obliqua
2437 4262 2509 4312 ad
2544 4278 2744 4314 sermo-

1655 4347 1779 4382 nem
1816 4331 2114 4397 simplicem
2147 4331 2271 4396 θαι,
2310 4333 2446 4382 satis
2483 4332 2745 4399 explicari

1654 4414 1817 4467 posse
1851 4400 2152 4453 contendit.
