3109 5092
434 234 558 299 808

1297 233 1837 305 HERODOTI

307 415 423 477 167
443 410 740 500 κόμενος.
808 415 899 478 Εἰ
933 410 1058 499 μέν
1094 437 1227 478 νυν
1265 410 1378 478 καὶ
1410 414 1610 478 τοῦτο
1657 405 1816 495 παρ’
1854 413 2254 500 Αἰγυπτίων
2282 406 2763 495 μεμαθήκασι

439 520 509 583 οἱ
523 510 873 601 “Ελληνες,
910 508 1034 581 οὐκ
1064 518 1191 599 ἔχω
1220 508 1548 601 ἀτρεκέως
1576 528 1835 602 κρῖναι,
1870 507 2086 599 ὁρέων
2124 512 2234 579 καὶ
2265 509 2561 601 Θρήϊκας
2600 512 2759 578 καὶ

438 617 724 696 Σκύθας
752 616 864 685 καὶ
892 618 1157 704 Πέρσας
1193 616 1306 683 καὶ
1336 612 1606 695 Λυδοὺς
1652 615 1765 683 καὶ
1794 612 2039 702 σχεδὸν
2070 613 2322 693 πάντας
2348 612 2506 694 τοὺς
2544 621 2753 702 βαρ-

438 720 725 808 βάρους,
752 717 1272 807 ἀποτιμοτέρους
1303 724 1441 786 τῶν
1476 715 1703 786 ἄλλων
1732 713 2111 806 ἡγημένους
2145 721 2520 805 πολιητέων
2558 715 2758 795 τούς

439 821 555 903 τὰς
595 824 830 910 τέχνας
869 819 1343 910 μανθάνοντας
1381 821 1494 888 καὶ
1541 818 1698 900 τοὺς
1739 820 2060 907 ἐκγόνους
2106 819 2398 904 τούτων,
2435 818 2594 900 τοὺς
2648 820 2751 889 δὲ

439 922 992 1012 ἀπηλλαγμένους
1040 930 1180 994 τῶν
1232 927 1760 1012 χειρωναξιέων,
1830 929 2189 1010 γενναίους
2240 925 2755 1011 νομιζομένους

443 1027 650 1111 εἶναι,
692 1030 805 1095 καὶ
832 1025 1115 1116 μάλιστα
1146 1025 1302 1106 τοὺς
1330 1028 1396 1106 ἐς
1423 1024 1542 1096 τὸν
1577 1025 1870 1114 πόλεμον
1905 1024 2321 1113 ἀνειμένους.
2403 1025 2699 1114 μεμαθή
2713 1069 2745 1077 -

444 1150 598 1199 κασι
629 1128 693 1200 δ’
730 1121 826 1197 ὦν
861 1136 1059 1198 τοῦτο
1101 1129 1343 1208 πάντες
1382 1134 1451 1197 οἰ
1468 1126 1787 1217 Ἓλληνες
1825 1133 1937 1198 καὶ
1978 1128 2261 1217 μάλιστα
2291 1128 2746 1216 Λακεδαιμό-

313 1237 429 1299 168
446 1260 580 1302 νιοι
598 1286 615 1316 ,
654 1230 891 1319 ἥκιστα
922 1232 996 1301 δὲ
1025 1239 1386 1319 Κορίνθιοι
1416 1229 1688 1301 ὄνονται
1715 1230 1874 1312 τοὺς
1899 1234 2334 1321 χειροτέχνας.
2398 1234 2611 1319 Γέρεα
2645 1234 2756 1300 δέ

442 1355 564 1421 σφι
613 1326 699 1422 ἦν
743 1334 903 1402 τάδε
957 1335 1441 1421 ἐξαραιρημένα
1486 1335 1795 1423 μούνοισι
1837 1342 2272 1421 Αἰγυπτίων,
2328 1334 2534 1420 πάρεξ
2577 1339 2745 1401 τῶν

444 1439 667 1525 ἱρέων,
702 1433 986 1524 ἄρουραι
1016 1438 1336 1524 ἐξαίρετοι
1368 1437 1681 1507 δυώδεκα
1711 1437 1963 1530 ἑκάστῳ
1986 1435 2266 1517 ἀτελέες.
2304 1433 2440 1525 ἡδὲ
2460 1435 2743 1537 ἄρουρα

443 1637 542 1698 rit,
602 1637 934 1703 singulorum
985 1637 1230 1688 ordinum
1273 1653 1530 1687 commer-

446 1707 530 1755 cio
552 1722 661 1756 non
683 1722 903 1771 prorsus
943 1707 1237 1771 prohibito:
1280 1706 1529 1771 idemque

443 1775 515 1825 ad
568 1776 978 1840 inscriptionum
1030 1776 1189 1827 fidem
1247 1782 1528 1840 provocat,

443 1845 500 1894 in
540 1845 764 1910 quibus,
810 1851 871 1895 ut
918 1845 1067 1907 vult,
1116 1860 1531 1895 commemoren-

444 1918 532 1963 tur
569 1914 666 1963 filii
706 1914 854 1964 aliud
891 1930 1083 1964 munus
1134 1921 1300 1979 atque
1348 1921 1530 1977 patres

446 1988 725 2047 gerentes,
776 1984 1120 2034 matrimonia
1155 1986 1298 2034 inter
1329 1983 1532 2032 diversi

446 2051 649 2101 ordinis
673 2051 914 2101 homines
942 2052 1100 2102 inita.
1151 2053 1302 2113 Quae
1328 2056 1390 2100 ut
1418 2068 1528 2101 om-

445 2122 573 2170 nino
609 2118 769 2169 valde
804 2120 970 2170 dubia
999 2126 1155 2181 sunt,
1191 2122 1272 2169 ita
1307 2121 1526 2170 disertis

443 2194 687 2237 veterum
712 2189 1034 2252 scriptorum
1053 2189 1378 2239 testimoniis
1403 2205 1529 2239 con-

448 2257 644 2317 traria,
692 2272 725 2305 a
765 2271 988 2320 quorum
1039 2257 1145 2306 fide
1188 2257 1435 2321 equidem
1472 2260 1529 2306 in

446 2325 530 2374 hia
563 2329 709 2374 stare
735 2324 920 2374 malui.
994 2325 1296 2375 Oblocutus
1316 2341 1529 2391 quoque

446 2398 530 2443 est
562 2394 645 2441 vir
669 2393 863 2443 doctus
897 2392 1072 2443 Italus
1105 2395 1161 2443 in
1196 2394 1399 2456 libelle,
1436 2396 1532 2460 qui

443 2462 783 2512 inscribitur:
824 2460 956 2513 Suu*
983 2464 1255 2514 esistenza
1281 2463 1420 2513 delle
1439 2480 1532 2513 an·

444 2531 589 2581 tiche
624 2536 775 2581 caste
805 2531 1068 2597 Egiziane
1114 2538 1317 2599 negata
1364 2534 1434 2582 da
1481 2534 1529 2583 1.

447 2601 491 2650 1.
519 2599 768 2666 Ampere,
803 2601 1047 2652 discorso
1064 2602 1118 2651 di
1140 2603 1355 2652 Andrea
1380 2604 1534 2652 Zam-

447 2669 604 2732 belli,
654 2671 860 2721 Milano
895 2669 1047 2731 1850,
1085 2672 1177 2721 ubi
1215 2671 1323 2722 vid.
1364 2673 1533 2736 potis-

447 2741 638 2790 simum
664 2756 788 2805 pag.
809 2740 890 2791 12.
930 2740 1068 2790 Add.
1094 2740 1391 2791 Rosellini:
1416 2741 1534 2791 Mo-

447 2824 596 2860 num.
630 2810 776 2859 civil.
816 2809 922 2858 111.
959 2824 1087 2873 pag.
1125 2810 1229 2860 210
1266 2825 1416 2874 seqq.

772 2976 907 3026 Car.
943 2977 1212 3027 CLXVII.

517 3068 651 3133 τοὺς
698 3070 761 3125 δὲ
799 3067 1268 3141 ἀπηλλαγμένους
1301 3106 1374 3114 --
1409 3092 1533 3141 γεν-

447 3143 647 3202 ναίους
681 3143 1084 3209 νομιζομένους
1115 3140 1284 3210 εἶναι]
1327 3146 1536 3227 Sflpsi

441 3205 907 3279 ἀπηλλαγμένους
971 3231 1069 3280 pro
1129 3215 1281 3281 vulg.
1334 3207 1534 3264 ἀπαλ-

444 3279 780 3349 λαγμένους,
840 3284 907 3333 de
955 3300 1062 3350 quo
1109 3286 1222 3336 vid.
1270 3290 1408 3335 nott.
1463 3283 1531 3335 ad

447 3353 524 3417 ΙΙ,
561 3355 680 3404 144.
754 3353 838 3404 Ad
878 3354 1050 3418 ipsam
1095 3354 1364 3405 Herodoti
1410 3370 1533 3404 sen-

445 3423 673 3473 tentiam
730 3424 1004 3487 pertinent
1053 3423 1365 3473 Aristotelis
1409 3422 1533 3485 (Po-

445 3491 528 3543 lit.
567 3492 673 3553 111,
703 3492 824 3544 353.
844 3493 1003 3555 VIII,
1029 3494 1124 3555 2.),
1147 3492 1394 3543 Platonis
1427 3490 1534 3555 (De

444 3562 616 3627 Legg.
656 3562 815 3612 VIII.
855 3577 981 3627 pag.
1028 3562 1152 3612 840.
1225 3561 1388 3611 Polit.
1434 3560 1531 3610 VI.

444 3646 571 3695 pag.
599 3631 722 3681 495.
762 3632 859 3681 IX.
899 3645 1025 3695 pag.
1052 3630 1171 3681 590.
1247 3630 1532 3680 Theaetet.

444 3715 572 3764 pag.
618 3699 717 3749 176
757 3699 818 3761 C,
858 3700 952 3750 ubi
1001 3699 1112 3749 vid.
1150 3698 1439 3749 Heindorf.
1476 3714 1530 3762 p.

446 3768 544 3818 401
583 3765 784 3832 seqq.),
833 3768 1060 3818 aliorum
1098 3767 1230 3829 loci,
1271 3783 1299 3817 e
1336 3767 1533 3832 quibus

444 3836 797 3900 intelligitur,
835 3837 1011 3886 minus
1050 3838 1239 3901 utique
1274 3836 1532 3886 honestos

446 3906 587 3954 inter
641 3905 878 3954 Graecos
928 3906 1098 3955 fuisse
1151 3906 1369 3955 habitos
1418 3920 1531 3965 eos,

444 3974 539 4039 qui
584 3978 730 4022 artes
768 3973 1101 4035 sellularias,
1144 3989 1279 4037 quas
1325 3974 1530 4034 dicunt,

446 4046 748 4092 tractarent
783 4042 1274 4106 mercenariamque
1313 4058 1532 4107 operam

445 4115 770 4177 peragerent
796 4110 865 4159 ad
888 4111 1059 4160 vitam
1093 4110 1530 4161 sustentandam.

445 4197 582 4246 quos
626 4179 879 4245 indiguos
929 4179 1267 4242 habuerunt,
1323 4180 1412 4244 qui
1462 4181 1533 4230 ad

444 4267 554 4303 rem
600 4249 871 4322 publicam
927 4248 1247 4299 accederent
1300 4247 1534 4318 ullisque

1632 1638 1984 1702 fungerentur
2002 1636 2311 1686 muneribus
2341 1635 2575 1701 publicis
2601 1637 2741 1686 sive.

1629 1706 1954 1756 honoribus:
2016 1721 2123 1769 qua
2171 1705 2237 1754 de
2280 1721 2340 1755 re
2386 1705 2498 1755 vid.
2549 1704 2612 1755 C.
2652 1707 2735 1755 F.

1629 1776 1935 1825 Hermann:
1987 1773 2393 1824 Staatsaltertb.
2429 1773 2482 1835 §-
2527 1775 2559 1824 5
2601 1780 2731 1825 not.

1636 1845 1719 1894 18.
1788 1843 2202 1894 Privatalterth.
2254 1846 2306 1906 ἓ.
2353 1845 2439 1903 42,
2482 1843 2732 1893 Becker:

1634 1911 1867 1963 Charicl.
1906 1913 1955 1963 1.
1993 1928 2120 1976 pag.
2163 1912 2260 1961 155
2296 1928 2447 1977 seqq.
2484 1911 2567 1962 ed.
2605 1927 2729 1962 sec.

1634 1981 1759 2032 coll.
1778 1983 1851 2031 11.
1874 1996 2002 2046 pag.
2031 1983 2114 2044 10,
2138 1982 2234 2031 ubi
2257 1981 2568 2031 Herodoteo
2596 1981 2731 2032 loco

1631 2050 1697 2099 de
1735 2050 2058 2114 Corinthiis,
2108 2052 2198 2115 qui
2235 2051 2510 2115 sequitur,
2546 2051 2732 2100 utitur

1632 2119 1690 2169 C.
1746 2120 1811 2169 F.
1858 2121 2156 2170 Hermann.
2198 2124 2729 2170 commonstraturus

1632 2189 1687 2237 in
1739 2189 2064 2239 Graecorum
2121 2189 2469 2239 democratiis
2533 2190 2729 2253 utique

1633 2256 1853 2320 opificia
1887 2257 2136 2321 vulgaria
2170 2259 2350 2307 minus
2388 2259 2556 2308 fuisse
2596 2274 2731 2308 con·

1632 2330 1821 2375 temta.

1704 2386 1838 2449 τοὺς
1866 2383 1920 2449 ἐς
1953 2385 2057 2442 τὸν
2090 2384 2340 2456 πόλεμον
2363 2385 2663 2458 ἀνειμένου
2669 2394 2728 2459 ς]

1634 2462 1793 2513 Cous.
1828 2466 1942 2511 not.
1982 2463 2053 2512 ad
2088 2462 2302 2523 11,1(55
2340 2463 2433 2515 fin.

1702 2519 1907 2612 ἥκιστα
1931 2524 1993 2580 δε
2008 2524 2374 2611 Κορι’νθίοι”
2340 2546 2573 2580 ονονται
2587 2525 2729 2589 τούς
2822 2566 2829 2571 -

1634 2596 2009 2666 χειροτέχνας]
2067 2590 2307 2651 &wem
2364 2601 2540 2651 valet:
2603 2616 2727 2651 con-

1635 2678 1878 2732 temnere,
1925 2684 2199 2732 spertum,
2248 2669 2388 2719 nihili
2430 2672 2723 2720 aestimare.

1636 2738 1794 2788 Conf.
1821 2753 1985 2801 supra
2008 2739 2083 2800 ΙΙ,
2118 2739 2215 2788 136
2238 2731 2604 2789 κατόνεσθαι.
2652 2741 2732 2790 Et

1632 2808 1772 2857 bene
1823 2806 2079 2857 admonet
2125 2805 2522 2873 Wesselingius
2574 2809 2729 2859 urbis

1638 2876 1883 2926 Corinthi
1896 2881 2202 2925 mercatura
2214 2876 2595 2927 celeberrimae
2609 2879 2728 2942 opi-

1637 2944 1906 3009 ficumque
1950 2945 2147 2994 studiis
2196 2946 2428 2996 maxime
2475 2946 2726 3011 insignis,

1638 3018 1699 3063 ut
1727 3013 1863 3062 adeo
1899 3013 1997 3063 has
2022 3018 2165 3063 artes
2198 3029 2488 3079 earumque
2517 3016 2729 3066 studio-

1638 3098 1729 3133 sos
1767 3081 2037 3132 Corinthii
2072 3099 2267 3147 mag-no
2300 3084 2356 3132 in
2393 3083 2597 3134 honore
2630 3085 2729 3134 ha-

1635 3151 1871 3201 buerint.
1945 3150 2105 3201 Conf.
2153 3152 2336 3203 Strab.
2387 3153 2544 3204 VIII.
2594 3169 2722 3219 pag.

1635 3220 1739 3271 382
1776 3237 1821 3270 s.
1862 3219 1963 3271 586
2001 3226 2064 3270 Α.

1947 3390 2077 3440 Car.
2121 3390 2421 3441 CLXVIII.

1707 3488 1888 3552 Γέρεα
1920 3489 1983 3540 δέ
2021 3507 2121 3557 σφι
2160 3481 2253 3558 ἦν]
2276 3491 2441 3558 γέρεα
2463 3509 2626 3559 agros
2646 3493 2725 3542 di-

1637 3561 1714 3609 cit
1739 3561 1999 3610 militibus
2033 3563 2370 3626 assignatos,
2404 3579 2471 3612 ex
2496 3578 2728 3627 quorum

1638 3629 1903 3680 reditibus
1961 3631 2165 3680 victum
2220 3632 2324 3682 sibi
2376 3638 2722 3695 quaererent.

1637 3698 1795 3748 Conf.
1831 3699 2036 3750 Herod.
2074 3699 2170 3761 IV,
2210 3700 2327 3752 162.
2370 3702 2469 3751 165
2518 3706 2572 3750 et
2606 3707 2721 3752 not.

1639 3767 1708 3816 ad
1744 3767 1820 3828 ΙΙ,
1856 3767 1974 3818 164.
2048 3769 2164 3818 Hos
2211 3785 2340 3819 vero
2379 3785 2542 3834 agros
2579 3773 2729 3821 omni

1636 3836 1896 3899 vectigali
1929 3841 2171 3887 exemtos
2218 3838 2417 3899 fuisse,
2473 3854 2540 3887 ex
2586 3838 2639 3887 h.
2686 3839 2723 3890 l.

1636 3904 2008 3968 intelligimus.
2047 3907 2129 3955 Ad
2149 3896 2563 3985 ἐξαραιρημένα
2579 3909 2723 3957 conf.

1636 3979 1774 4023 nott.
1808 3975 1877 4023 ad
1915 3974 2126 4052 1,148;
2163 3975 2235 4024 ad
2272 3969 2448 4037 πάρεξ
2477 3981 2616 4026 nott.
2654 3978 2726 4027 ad

1637 4044 1680 4103 I,
1719 4043 1805 4122 93,
1842 4043 1912 4091 ad
1950 4036 2135 4107 πάντη
2176 4049 2317 4093 nott.
2342 4044 2413 4094 ad
2449 4045 2496 4107 Ι,
2536 4046 2653 4096 126.

1705 4102 1740 4176 ἡ
1767 4080 1889 4160 ὃὲ”
1853 4127 2074 4176 αρουρα
2091 4143 2161 4151 -
2184 4108 2529 4179 Αἰγυπτίων]
2562 4114 2725 4166 Conf.

1636 4180 1714 4242 ΙΙ,
1755 4180 1854 4230 140
1891 4182 2023 4246 ibiq.
2063 4187 2177 4231 not.
2252 4182 2410 4244 Quod
2438 4198 2567 4233 vero
2606 4184 2727 4234 Sui-

1638 4249 1736 4298 das
1763 4250 1980 4313 scribit,
2020 4250 2218 4317 pletbri
2236 4257 2446 4319 partem
2474 4257 2725 4320 quartam
