3109 5092
1073 337 1569 399 EUTERPE.
1614 338 1698 399 Π.
1744 346 1863 401 138.

2487 332 2609 396 745

339 516 652 599 γλῶσσαν
685 508 1161 599 ἐστὶ”Αρτεμις.
1243 507 1330 579 Τὸ
1371 509 1446 579 δὲ
1480 507 1630 599 ἱρὸν
1657 506 1864 600 αὐτῆς
1905 500 2039 580 ὦδε
2072 517 2226 598 ἔχει.
2278 507 2456 599 πλὴν
2494 515 2747 597 τῆςῙΒΒ

342 614 584 693 ἐσόδου
621 613 697 683 τὰ
724 613 889 682 α”λλο
915 613 1118 702 νῆσός
1150 616 1287 682 ἐστι
1307 636 1320 649 ·
1372 617 1445 682 ἐκ
1475 613 1605 702 γὰρ
1652 619 1774 682 τοῦ
1808 622 2064 684 Νείλου
2110 612 2435 702 διώρυχες
2461 615 2604 682 ἐσέ-

337 737 568 806 χουσι,
609 715 692 786 οὐ
732 725 1224 805 συμμίσγουσαι
1263 713 1619 806 ἀλλήλῃσι,
1670 715 1819 786 ἀλλ’
1867 715 2017 806 ἄχρι
2061 723 2177 807 τῆς
2217 715 2459 787 ἐσόδου
2490 724 2613 787 τοῦ

341 827 492 909 ἱροῦ
534 822 813 909 ἑκατέρη
861 823 1104 908 ἐσέχει,
1147 815 1188 909 ἡ
1231 820 1358 908 μὲν
1399 826 1480 912 τῇ
1522 824 2004 910 περιρῤέουσα,
2048 816 2089 909 ἡ
2132 822 2207 890 δὲ
2248 826 2364 910 τῇ,
2417 810 2613 909 εὖρος

341 927 544 993 ἐοῦσα
574 926 853 1013 ἑκατέρη
882 922 1122 992 ἑκατὸν
1155 928 1421 1007 ποδῶν,
1466 927 1779 1012 δένδρεσι
1807 923 2176 1009 κατάσκιος.
2226 922 2306 993 τὰ
2339 922 2413 992 δὲ
2443 948 2607 1012 προ-

339 1026 592 1096 πύλαια
628 1023 799 1109 ὕψος
835 1027 963 1115 μὲν
1006 1030 1169 1097 δέκα
1210 1023 1542 1115 ὀργυιέων
1597 1029 1767 1113 ἐστὶ,
1823 1028 2091 1097 τύποισι
2133 1028 2209 1098 δὲ
2261 1025 2611 1116 ἑξαπήχεσι

340 1127 782 1200 ἐσκευάδαται
810 1128 1050 1212 ἀξίοισι
1082 1129 1306 1217 λόγου.
1353 1129 1466 1199 ε’ὁν
1494 1128 1560 1198 δ’
1588 1132 1662 1199 ἐν
1687 1134 1854 1220 μέσῃ
1881 1136 1966 1219 τῇ
1993 1129 2147 1200 πόλι
2175 1129 2248 1199 τὰ
2272 1127 2429 1219 ἱρὸν
2449 1157 2606 1199 κατ-

339 1239 572 1323 ορᾶται
614 1234 958 1302 πάντοθεν
997 1233 1357 1323 περιϊόντι·
1410 1230 1525 1303 ἅτε
1566 1231 1692 1322 γὰρ
1736 1239 1851 1322 τῆς
1892 1233 2119 1314 πόλιος
2159 1235 2285 1322 μὲν
2322 1237 2606 1320 ἓκκεχω-

407 1392 443 1463 ἡ
500 1392 564 1448 δὲ
616 1390 927 1465 Βούβαστις
997 1393 1141 1450 κατὰ
1180 1391 1425 1450 Ἑλλάδα

336 1467 597 1533 γλῶσσαν
655 1459 769 1517 ἐστὶ
811 1460 1087 1534 Ἀρτεμις]
1141 1469 1265 1519 Vid.
1313 1471 1423 1520 He-

340 1538 520 1588 rodot.
561 1538 636 1598 11,
681 1538 779 1588 156
817 1543 872 1587 et
915 1539 1103 1589 confer
1137 1538 1417 1589 Iablonsk.

337 1606 538 1657 Panth.
574 1609 745 1672 Aeg-g.
795 1607 904 1668 111,
944 1609 1004 1668 3,
1039 1608 1205 1657 Voce.
1244 1610 1416 1672 Aegg.

336 1692 463 1741 pag.
511 1675 581 1728 53
625 1692 762 1740 seq„
812 1677 1004 1727 Creuz.
1051 1676 1291 1741 Symbol.
1341 1679 1418 1730 11.

336 1762 461 1811 pag.
501 1746 606 1796 568
641 1761 791 1810 seqq.
865 1748 1003 1795 Erat
1035 1750 1216 1796 autem
1243 1747 1418 1796 Buba-

332 1817 428 1864 stis
445 1830 642 1864 numen
669 1816 845 1865 Lunae
865 1831 1024 1864 novae
1041 1817 1121 1864 vel
1146 1832 1416 1865 renaccen-

335 1885 417 1946 tis,
458 1885 570 1934 Dea
609 1886 771 1934 Luna.
850 1886 969 1946 Quo
993 1884 1078 1934 vel
1101 1899 1295 1934 nomen
1320 1885 1417 1934 du-

335 1954 439 2015 cit,
489 1952 634 2018 quod
687 1953 984 2018 interprete
1017 1954 1332 2004 Iablonskio
1380 1954 1416 2004 1.

330 2021 369 2071 l.
410 2022 585 2071 valet:
632 2038 763 2086 quae
796 2026 979 2072 cultram
1023 2023 1183 2072 nudat
1214 2023 1301 2073 vel
1336 2037 1419 2072 re-

333 2095 472 2155 tegit,
509 2096 632 2141 aut:
665 2093 850 2153 faciem
874 2093 1236 2156 multiplic-ann
1277 2091 1420 2157 quod

329 2165 618 2225 utrumque
657 2162 720 2212 de
765 2161 911 2211 Luna
945 2161 1085 2211 bene
1118 2161 1225 2212 dici
1258 2177 1420 2225 posse

332 2245 490 2279 nemo
535 2246 643 2279 non
685 2230 856 2281 videt.
938 2230 1233 2295 Seyffarth:
1296 2232 1417 2281 Bei-

332 2302 488 2364 triige
525 2315 574 2350 z.
611 2300 930 2348 Kenntnim.
964 2299 1017 2351 d.
1048 2299 1147 2351 alt.
1178 2301 1415 2364 Aegypt.

332 2369 409 2417 11.
450 2384 573 2433 pag.
629 2369 728 2420 130
761 2384 954 2418 nomen
996 2370 1413 2433 interpretatur:

334 2439 514 2488 Lunae
568 2453 754 2488 vaccae
800 2438 992 2488 donem.
1075 2439 1414 2489 Herodotum

333 2512 512 2556 autem
558 2507 696 2556 satis
741 2511 895 2571 patet
940 2517 1078 2572 quae
1124 2509 1266 2557 ratio
1305 2525 1413 2558 mo-

332 2576 503 2637 verit,
549 2580 612 2625 ut
661 2576 907 2626 Bubastin
955 2576 1251 2641 explicaret
1287 2579 1414 2626 Dia-

329 2661 459 2696 nam.
514 2645 702 2709 Neque
728 2645 830 2695 hoe
853 2646 1411 2709 praetermittendum,

331 2714 628 2775 Bubastia,
676 2729 816 2779 qnae
870 2715 1039 2764 Isidis
1084 2715 1199 2764 filia
1247 2714 1411 2778 vulgo

329 2781 670 2845 perhibetur,
710 2788 764 2833 et
785 2784 960 2848 ipsam
988 2784 1094 2833 dici
1119 2784 1414 2848 haberique

330 2852 534 2901 Isidem
571 2869 667 2917 pro
705 2869 772 2903 ea
806 2857 1048 2902 veterum
1087 2854 1299 2903 ratione
1328 2869 1417 2903 co-

327 2921 560 2984 gitandi,
594 2938 718 2987 qua,
742 2938 880 2988 quae
906 2921 1124 2987 singula
1146 2924 1204 2971 in
1229 2922 1411 2987 aliqu‘o

327 2991 546 3041 numine
577 2993 759 3041 inesse
791 2997 1080 3056 putentur,
1117 3007 1181 3042 ea
1212 2992 1417 3042 disiun-

328 3063 419 3109 cta
472 3060 715 3111 efficiant
770 3076 913 3111 nova
965 3062 1216 3124 numina,
1277 3077 1417 3126 quae

328 3133 510 3179 tamen
549 3129 944 3194 quodammodo
981 3132 1273 3181 coniuncta
1303 3133 1416 3181 sint

328 3214 450 3247 cum
486 3215 580 3259 eo,
620 3216 686 3249 ex
729 3216 833 3264 quo
871 3201 1194 3251 emanarint.

327 3266 458 3317 illud
491 3268 747 3332 explicari
783 3269 971 3330 debet,
1008 3271 1154 3334 quud
1177 3271 1414 3336 Aeschy-

325 3334 439 3396 lus,
499 3343 560 3385 ut
619 3337 764 3386 infra
826 3338 1099 3401 proditum
1161 3340 1411 3404 legimuS,

327 3405 621 3471 Dianamsi.
642 3420 688 3455 e.
710 3406 997 3470 Bubastia)
1024 3409 1226 3459 Cereris
1245 3408 1412 3458 filiam

326 3473 543 3523 dixerit.
614 3475 755 3523 Nam
783 3475 938 3530 Ceres
969 3475 1156 3526 eadem
1184 3477 1409 3527 Graecis

326 3546 440 3604 est,
478 3556 619 3606 quae
644 3542 747 3593 Isis
767 3543 1072 3606 Aegyptii3‚
1108 3549 1252 3594 teste
1285 3547 1407 3609 ipso

323 3611 586 3662 historiae
617 3616 793 3677 patre.
833 3612 1105 3661 Bubastin
1125 3627 1269 3663 nnnc
1301 3613 1412 3676 ple·

323 3697 551 3746 rumque
606 3685 937 3745 componunt
987 3697 1107 3732 cum
1172 3698 1238 3732 ea
1288 3683 1408 3744 dea,

326 3766 463 3816 quae
507 3752 563 3800 in
608 3749 998 3816 Aegyptiorum
1046 3752 1409 3800 monumentis

322 3823 550 3870 vocatur
585 3820 775 3871 Pascltt
809 3837 854 3870 e.
895 3820 1075 3880 Pet-hu
1112 3820 1223 3870 vid.
1265 3821 1410 3872 Bun-

322 3903 436 3938 sen.
471 3889 506 3938 l.
551 3889 588 3939 l.
638 3887 685 3941 1.
733 3906 861 3954 pag.
901 3889 1003 3939 468
1051 3893 1106 3938 et
1152 3890 1268 3938 tab.
1308 3889 1404 3940 XI.

323 3954 462 4020 (sive
506 3958 582 4021 11,
630 3959 708 4024 a),
761 3959 1087 4008 Wilkinsen.
1150 3959 1407 4008 Manners

321 4030 426 4076 etc.
459 4041 570 4077 sec.
609 4043 715 4079 ser.
753 4028 799 4077 1.
839 4043 966 4092 pag.
995 4027 1095 4078 277
1119 4041 1273 4092 seqq.
1298 4028 1404 4078 111.

320 4096 436 4145 tab.
469 4097 554 4157 27,
581 4098 614 4146 2
634 4096 756 4146 coll.
789 4097 857 4147 35
881 4097 946 4157 A,
969 4095 1063 4144 ubi
1093 4096 1247 4159 deae,
1277 4112 1407 4162 qua-

322 4162 389 4211 lis
431 4164 486 4212 in
522 4164 656 4228 ipsis
695 4165 1055 4214 monumentis
1093 4181 1407 4230 repraesen-

322 4236 492 4296 tatur,
512 4233 692 4299 imago
718 4233 1018 4283 exhibetur.
1091 4234 1267 4285 Aliter
1292 4238 1404 4286 sta-

319 4301 428 4350 tuit
461 4299 665 4352 Roeun
706 4303 902 4353 Geseh.
933 4302 985 4352 d.
1018 4302 1238 4355 abendl.
1276 4287 1449 4354 Phi-‘

317 4369 415 4421 los,
453 4370 500 4420 Ι.
545 4387 674 4438 pag.
723 4371 824 4423 136
872 4388 1023 4437 seqq.
1063 4377 1201 4424 nott.
1239 4389 1293 4439 p.
1332 4374 1403 4426 49

1268 3202 1428 3264 Hinc·

1525 1401 1800 1452 disserens
1824 1401 1891 1452 de
1910 1401 2014 1451 hae
2039 1401 2159 1466 ipsa
2186 1399 2313 1463 dea,
2351 1415 2492 1465 quae
2516 1416 2609 1450 vo-

1522 1477 1681 1522 catur
1708 1472 1914 1534 Pascht,
1953 1486 2113 1536 quam
2142 1470 2210 1520 ad
2232 1470 2500 1521 Bubastia
2529 1485 2608 1519 re-

1523 1541 1654 1590 ferri
1696 1557 1859 1605 posse
1901 1545 2092 1604 negat3
2144 1540 2213 1590 ad
2259 1539 2400 1590 hanc
2442 1540 2609 1604 perti-

1520 1626 1650 1660 nere
1684 1610 1801 1660 vult
1830 1611 1985 1659 deam
2013 1610 2172 1670 Anoe,
2212 1624 2351 1673 quae
2375 1609 2608 1659 Osiridis

1523 1685 1579 1729 et
1613 1679 1782 1728 Isidis
1818 1679 1933 1729 filia
1966 1679 2211 1743 Horique
2244 1694 2396 1728 soror
2432 1678 2609 1742 perhi-

1518 1750 1741 1807 beatur;
1780 1750 1890 1798 vid.
1933 1746 2063 1796 ibid.
2101 1763 2229 1812 pag.
2270 1748 2370 1798 158
2392 1753 2446 1796 et
2468 1750 2605 1797 nott.

1518 1833 1646 1883 pag.
1679 1817 1794 1866 185.
1856 1819 1937 1866 Ac
1960 1816 2191 1880 denique
2217 1817 2451 1865 conferri
2481 1832 2608 1880 quo-

1522 1902 1625 1951 que
1648 1887 1851 1950 poterit
1869 1886 2153 1948 Ungarelli
2183 1887 2240 1934 in
2257 1884 2457 1934 Annali
2483 1885 2603 1933 dell'

1518 1956 1756 2075 institi}i
1797 1954 2118 2018 Archeolog.
2152 1954 2283 2005 1847
2311 1953 2400 2018 (Τ.
2429 1955 2605 2020 XIX.)

1518 2040 1648 2090 pag.
1759 2061 1773 2074 .

1800 2195 1932 2246 CAP.
1970 2195 2325 2246 CXXXVIII.

1590 2290 1865 2362 διώρυχες
1900 2288 2175 2365 ἐσέχουσι]
2213 2300 2352 2350 Sunt
2373 2299 2489 2349 bini
2519 2317 2608 2350 ca-

1519 2369 1671 2419 nales
1710 2385 1740 2418 e
1777 2368 1902 2418 Nilo
1953 2368 2199 2431 deducti,
2249 2370 2329 2419 ita
2374 2374 2462 2430 nt,
2509 2371 2605 2420 ubi

1518 2438 1776 2503 coniungi
1815 2438 1893 2488 illi
1931 2438 2230 2501 debebant,
2269 2443 2417 2489 terra
2445 2440 2606 2488 relin-

1516 2513 1791 2572 queretur,
1828 2522 1935 2572 qua
1960 2507 2217 2571 templum
2252 2509 2606 2558 circumcirca

1516 2578 1673 2641 aquis
1697 2577 1982 2640 utriusque
2010 2575 2218 2625 canalis
2247 2578 2481 2627 cinctum
2517 2594 2604 2627 co-

1514 2645 1704 2695 haeret
1730 2661 1850 2695 cum
1875 2646 2191 2695 continenti.
2266 2647 2350 2696 Ad
2383 2647 2605 2696 verbum

1515 2706 1725 2778 ἕσέχειν
1764 2713 1908 2764 conf.
1945 2718 2080 2763 nott.
2120 2714 2187 2762 ad
2227 2716 2300 2777 11,
2342 2715 2425 2764 11.

1585 2775 1869 2831 τύποισι
1913 2774 1976 2829 δὲ
2026 2773 2330 2846 ἑξαπήχεσι
2377 2773 2603 2832 ἐσκευά-

1517 2849 1710 2915 δαται]
1732 2842 1951 2908 τύπους
1972 2850 2221 2917 intelligo
2246 2853 2467 2917 figuras,
2493 2857 2603 2902 sta-

1518 2927 1644 2971 tuas
1701 2920 2005 2982 hominum,
2062 2920 2231 2986 lapidi
2278 2921 2599 2987 insculptae.

1517 2993 1633 3042 Nec
1669 2990 1778 3040 alio
1814 3005 1978 3040 sensu
2012 2991 2071 3040 in
2106 2991 2350 3070 proxime
2376 3007 2601 3057 sequen-

1517 3061 1664 3111 tibus
1719 3061 1857 3110 dixit
1909 3053 2146 3126 αἴμασιη
2193 3054 2600 3126 ἐγγεγλυμμένη

1515 3124 1824 3179 τύποισι.
1898 3130 2024 3180 Vid.
2064 3134 2203 3180 nott.
2244 3130 2313 3181 ad
2360 3131 2435 3193 11,
2477 3132 2598 3182 136.

1516 3201 1713 3266 Itaque
1736 3200 1803 3251 de
1840 3200 1984 3248 notis
2006 3199 2430 3265 hieroglyphicis
2462 3216 2603 3265 quae

1514 3269 1798 3331 dicuntur,
1835 3269 1947 3320 noli
1966 3269 2289 3335 intelligere.
2363 3270 2601 3319 Verbum

1513 3330 1903 3400 ἐσκευάδαται,
1926 3353 2251 3403 quamquam
2274 3353 2339 3387 ex
2357 3337 2602 3386 hocloco

1514 3409 1675 3457 affert
1709 3406 2035 3457 Eustathins
2068 3408 2135 3456 ad
2168 3406 2347 3469 Odyss
2383 3397 2437 3467 η’
2472 3421 2600 3469 pag.

1518 3476 1653 3526 1569
1690 3492 1735 3525 s.
1775 3475 1896 3538 271,
1935 3476 2018 3524 dis
2061 3475 2189 3524 licet
2224 3474 2496 3524 Bredovio
2544 3490 2598 3538 p.

1512 3543 1617 3594 334
1677 3544 1960 3608 reponenti
2049 3534 2349 3592 σκεύασται
2410 3546 2601 3593 contra

1513 3612 1750 3662 omnium
1785 3612 2044 3661 librorum
2082 3612 2487 3662 auctoritatem.
2610 3655 2617 3661 .

1581 3677 1888 3744 κατορᾶται
1943 3672 2241 3728 πάντοθεν
2295 3671 2597 3746 περιϊόντι]

1513 3751 1567 3800 i.-
1589 3766 1636 3799 e.
1677 3763 1781 3798 cnm
1817 3751 2041 3811 templum
2074 3750 2239 3804 media
2270 3750 2321 3798 in
2355 3749 2479 3799 urbe
2512 3753 2598 3809 sit,

1509 3819 1726 3883 undique
1759 3819 2063 3880 conspicetur
2090 3820 2414 3869 circumcirca
2450 3835 2494 3869 s.
2529 3819 2599 3868 ad

1510 3888 1765 3938 verbum:
1800 3890 2025 3951 templum
2060 3915 2124 3925 —
2165 3889 2381 3954 undique
2418 3889 2482 3938 ab
2520 3905 2597 3952 ec,

1509 3960 1597 4023 qui
1612 3958 1895 4018 circumeat,
1931 3960 2157 4020 conspici
2177 3965 2360 4020 polest,
2398 3959 2599 4023 quippe

1509 4025 1781 4078 humiliori
1826 4023 1948 4075 loco
1986 4027 2252 4090 positum,
2297 4041 2419 4077 cum
2466 4028 2596 4079 urbs

1508 4097 1630 4160 ipsa
1701 4095 2055 4145 circumcirca
2111 4096 2167 4144 in
2226 4095 2410 4146 altiori
2475 4097 2592 4146 solo

1507 4163 1800 4214 aedificata
1845 4165 1935 4214 sit.
2021 4164 2179 4214 Conf.
2240 4165 2312 4215 ad
2366 4166 2445 4227 ΙΙ,
2494 4165 2591 4215 137

1506 4237 1644 4284 nott.
1725 4231 1881 4295 Quod
1903 4235 2156 4299 sequitur
2182 4227 2429 4281 ἔσοπτόν
2456 4223 2589 4296 ἔστι,

1505 4302 2016 4367 Schweighaeusero
2043 4303 2330 4353 obscurum
2355 4302 2590 4351 videtur.

1502 4371 1768 4436 Equidem
1803 4388 1868 4423 eo
1899 4372 2105 4435 refer0‚
2147 4372 2318 4436 quod,
2355 4386 2479 4421 cum
2502 4386 2602 4420 so-.
