3109 5092
1106 320 1601 381 EUTERPE.
1648 320 1733 379 Π.
1787 327 1905 381 132.

2519 312 2644 376 729

359 494 905 586 οὐνομαζόμενον
943 493 1117 565 θεὸν
1144 491 1261 564 ὑπ’
1305 497 1466 582 ἐμεῦ
1498 494 1607 563 ἐπὶ
1648 490 1928 585 τοιούτῳ
1957 491 2291 582 πρήγματι
2313 542 2331 576 ,
2370 489 2517 560 τότε
2549 482 2648 560 ὧν

365 697 568 747 bitiosa
592 694 940 748 funeratione
973 697 1119 748 filiae
1141 695 1278 747 nihil
1311 696 1460 747 aliud

362 771 670 832 spectasse,
735 782 896 831 quam
951 768 1241 831 apotheosin
1294 782 1461 831 quan-

363 838 514 897 dam,
584 836 701 885 sive
759 837 977 888 divinos
1031 836 1263 887 honores
1322 835 1459 900 proli

364 922 496 957 suae
535 906 941 970 impertiendos.
1011 907 1262 970 Arguunt
1293 907 1456 956 etiam

362 976 619 1026 lucernae
643 975 788 1038 apud
815 974 1084 1025 buculam-
1101 991 1368 1026 accensae
1404 980 1459 1024 et

365 1044 793 1095 suffimentorum
820 1046 1222 1096 combustorum
1255 1047 1458 1110 impen-

365 1115 530 1164 dium.
605 1116 725 1178 Ego
764 1120 948 1164 tamen
996 1115 1177 1164 malim
1210 1117 1457 1176 festorum

364 1187 604 1235 solemnia
638 1186 896 1248 coyicare,
934 1185 1076 1234 unde
1113 1184 1247 1234 haec
1283 1185 1456 1233 omnis

366 1253 633 1318 Mycerini
656 1252 890 1303 historia
917 1259 1181 1304 exornata
1218 1255 1310 1316 sit,
1345 1270 1455 1304 non

368 1322 528 1373 aliter
567 1338 727 1387 quam
755 1325 956 1374 Minois
995 1323 1226 1373 historia
1264 1329 1320 1373 et
1353 1325 1457 1374 Pa-

366 1392 604 1457 011111οἓ0.
679 1394 793 1442 Hoc
834 1402 985 1456 pacto
1022 1392 1281 1456 Mycerini
1316 1396 1456 1456 filiae

364 1469 619 1511 sumtuosa
662 1466 924 1525 sepultura
967 1461 1140 1525 efficta
1185 1466 1253 1513 sit
1300 1478 1328 1512 e
1373 1480 1457 1513 re-

363 1531 456 1581 bus
492 1532 728 1596 scenicis,
777 1541 1008 1582 autunum
1049 1535 1235 1598 peroyi
1275 1534 1455 1593 solitis,

364 1601 566 1666 quando
592 1593 698 1663 τὴν
723 1593 1015 1665 Ὀσίριδος
1047 1597 1349 1662 κάθειρξιν
1377 1597 1459 1658 εἰς

363 1661 468 1734 τὴν
517 1665 722 1733 σορὸν,
770 1672 809 1721 1.
833 1688 880 1722 0.
906 1670 1154 1734 osiridem
1189 1674 1240 1720 in
1284 1687 1457 1720 arcam

365 1741 601 1788 inclusum
634 1740 992 1790 celebrabant:
1029 1741 1332 1804 Pasipha’eS
1361 1755 1457 1788 au-

368 1813 477 1857 tem
506 1809 783 1872 flagitiosa
813 1809 1000 1859 fabula
1030 1816 1205 1859 ortum
1239 1809 1456 1858 duxerit

365 1893 430 1927 ex
466 1878 617 1926 verni
653 1880 913 1961 temporis
942 1877 1309 1939 solemnitate,
1348 1893 1455 1942 qua

364 1948 419 1995 in
467 1946 685 2011 templis
735 1962 840 2010 την
889 1939 1175 2009 Ὀσίριδος
1222 1943 1457 2013 ἔμβασιν

364 2009 445 2072 εἰς
493 2007 598 2078 τὴν
655 2010 896 2080 σελήνην
938 2023 1058 2067 arte
1109 2018 1328 2067 scenica
1375 2032 1456 2066 re-

364 2085 850 2149 praesentabant.“
916 2087 1198 2136 Hactenus
1226 2086 1455 2136 01011κο-

363 2169 484 2215 1110,
547 2155 866 2218 quibuscum
932 2156 1141 2216 confer,
1206 2171 1346 2219 quae
1397 2156 1454 2203 in

366 2223 660 2288 Symbolic.
701 2225 776 2274 11.
807 2241 934 2291 pag.
962 2225 1064 2274 263
1089 2241 1241 2290 seqq.
1268 2226 1456 2290 legun·

367 2297 473 2342 tur.
549 2294 653 2356 Qui
706 2294 848 2345 idem
887 2310 916 2344 e
954 2296 1316 2344 monumentis
1353 2296 1454 2344 Ae-

365 2361 568 2426 gyptiis
616 2362 834 2414 fabulae
885 2364 1256 2413 testimonium
1294 2379 1456 2428 quae-

364 2448 486 2481 rens
533 2432 674 2482 hunc
710 2433 766 2481 in
811 2433 1027 2482 modum
1063 2434 1269 2496 pergit:
1324 2434 1456 2494 „Di-

363 2501 521 2550 vinos
559 2507 739 2551 autem
766 2502 1000 2553 honores
1026 2517 1231 2552 vaccae
1262 2504 1455 2566 imper-

366 2571 496 2619 titos
533 2570 849 2636 reliquaque
885 2571 1083 2631 omnia,
1124 2588 1261 2637 quae
1283 2572 1458 2621 Hero-

365 2639 556 2689 doteus
608 2640 762 2690 100110
814 2640 882 2690 110
934 2642 1202 2705 Mycerini
1257 2640 1457 2690 bucula

366 2724 525 2758 sacra
569 2709 759 2772 habet,
816 2710 884 2759 ad
922 2709 1197 2760 oculorum
1239 2725 1454 2759 sensum

367 2778 589 2841 exponit
625 2779 844 2844 egregia
880 2780 1033 2842 icon,
1085 2796 1246 2844 quam
1282 2781 1457 2829 Vene-

364 2847 458 2896 tiis
495 2852 797 2898 exstantem
837 2865 903 2898 ex
937 2850 1147 2899 Pricaei
1189 2865 1456 2899 commen-

366 2917 506 2965 tario
552 2917 620 2966 ad
655 2917 943 2982 Apuleium
979 2919 1292 2969 Herodoteo
1332 2918 1454 2968 loco

367 2986 568 3050 primus
607 2986 808 3037 adiecit
841 2988 957 3039 Iac.
998 2990 1336 3050 Gronovius,
1375 3004 1456 3037 re-

366 3055 764 3121 petendamque
817 3059 1034 3108 curavit
1083 3058 1138 3107 in
1192 3073 1292 3108 sua
1347 3057 1457 3108 0111-

365 3125 514 3174 tione
550 3126 908 3192 Wesseling.,
945 3143 1088 3177 nunc
1123 3143 1253 3177 vero
1292 3143 1457 3191 aegre

368 3194 740 3245 desideramus
789 3197 844 3244 in
901 3195 1141 3246 editione
1187 3196 1457 3260 Schweig-

364 3262 633 3313 haeuseri.
708 3265 885 3328 Magis
936 3270 1116 3315 autem
1161 3266 1323 3315 debet
1356 3282 1455 3315 nos

366 3332 651 3382 advertere
684 3332 848 3393 illud,
888 3334 1032 3398 quod
1054 3349 1238 3398 ..nuper
1274 3335 1457 3383 admo-

366 3400 492 3449 dum
546 3402 615 3450 ad
663 3401 1034 3451 Herodoteam
1087 3404 1456 3452 narrationem

366 3468 684 3518 firmandam
719 3468 1203 3535 explicandumque
1232 3486 1298 3520 ex
1320 3472 1459 3522 The-

366 3538 540 3587 baicis
585 3537 888 3602 hypogaeis
936 3544 1195 3588 eruerunt
1231 3543 1456 3604 arteque

365 3606 600 3671 pictoria
634 3606 828 3656 lineari
863 3607 1272 3657 describendum
1307 3623 1460 3658 cura-

365 3677 562 3726 verunt
591 3674 739 3726 docti
769 3677 1204 3740 peregrinatores
1224 3679 1462 3727 Franco-

590 3744 683 3795 Illi
721 3746 862 3796 enim
908 3746 966 3795 in
1004 3761 1191 3811 opere:
1244 3747 1462 3796 Descri-

366 3745 516 3811 galli.

364 3817 520 3879 ption
568 3815 635 3865 de
668 3815 915 3880 l’Egypt.
951 3816 1177 3880 Antiqq.
1229 3816 1338 3865 vol.
1378 3816 1456 3868 11.

365 3901 417 3948 p.
459 3883 562 3934 169
599 3883 802 3934 Thebis
848 3885 1116 3948 reperisse
1160 3900 1219 3936 se
1254 3889 1460 3934 testan-

365 3958 455 4003 tur
497 3953 556 4001 in
591 3959 827 4017 angusto
877 3953 1125 4004 conclavi
1167 3954 1341 4019 quinti
1379 3969 1460 4003 se·

364 4021 539 4085 pulcri
575 4036 764 4086 regum
800 4037 985 4071 arcam
1016 4020 1270 4084 feralem,
1319 4039 1458 4087 quae

370 4089 618 4139 omnibus
665 4091 721 4139 in
759 4090 922 4140 rebus
960 4091 1315 4155 descriptioni
1351 4093 1460 4142 He-

364 4158 627 4208 rodoteae
674 4173 1065 4224 usquequaque
1111 4165 1457 4225 congrueret.

363 4229 439 4277 Et
463 4227 614 4276 sistit
647 4227 840 4277 tabula
860 4228 1080 4279 adiecta
1098 4229 1352 4279 buculam
1375 4230 1459 4279 in-

365 4295 751 4360 geniculatam,
774 4296 1033 4359 velatam,
1061 4298 1331 4362 quomodo
1351 4298 1457 4349 He-

364 4364 589 4415 rodotus
625 4365 887 4416 describit
932 4382 1054 4417 cum
1099 4368 1250 4417 disco
1288 4368 1457 4417 solari

1561 696 1705 747 inter
1754 710 1959 746 cornua
2000 692 2203 743 locato.
2273 693 2436 754 (Sunt
2480 694 2647 743 verba

1562 767 1682 831 ipsa
1702 763 1978 816 Gallorum
2004 763 2163 813 haec:
2204 761 2283 825 „il
2311 761 2478 824 suffit,
2510 778 2648 828 pour

1561 835 1704 885 ainsi
1749 834 1894 896 dire,
1943 834 2011 883 110
2043 832 2213 896 jetter
2249 832 2326 881 103
2367 848 2510 896 yeux
2555 847 2649 882 sur

1560 905 1612 954 la
1634 905 1899 970 peinture,
1935 903 2070 953 dont
2087 917 2224 952 nous
2245 901 2484 966 parlons,
2512 917 2649 967 pour

1561 980 1829 1024 s'assurer
1875 972 1942 1022 de
1987 987 2086 1021 son
2135 968 2369 1021 identitd
2414 986 2547 1020 avec
2596 970 2648 1020 le

1560 1044 1726 1096 coffre
1781 1041 2052 1107 sepulcral
2105 1041 2279 1090 decrit
2331 1056 2433 1105 par
2477 1042 2648 1091 Hero-

1561 1116 1706 1165 dote.
1780 1111 2085 1162 L'attitude
2116 1111 2184 1160 de
2220 1110 2276 1160 la
2311 1110 2555 1176 genisse,
2594 1109 2649 1160 10

1561 1183 1835 1248 draperie,
1885 1181 2019 1231 dont
2054 1196 2154 1230 son
2198 1195 2354 1245 corps
2393 1184 2478 1230 est
2524 1195 2649 1230 cou-

1559 1258 1710 1315 1011,
1745 1251 1797 1301 10
1834 1251 2025 1316 disque
2062 1248 2194 1314 pose
2229 1255 2381 1300 entre
2417 1249 2497 1299 les
2532 1265 2649 1300 cor-

1560 1339 1675 1386 nes,
1715 1326 1837 1372 tout
1861 1321 1997 1371 110110
2024 1325 2180 1369 110110
2204 1320 2388 1369 11000111
2417 1323 2501 1368 est
2524 1335 2651 1369 con-

1562 1394 1733 1442 forme
1798 1406 1869 1441 au
1926 1387 2066 1439 recit
2130 1391 2197 1440 de
2252 1387 2646 1452 l'historien.“)

1559 1464 1712 1512 Haec
1762 1461 1853 1526 qui
1888 1458 2112 1524 legerit,
2159 1459 2206 1506 10
2249 1463 2404 1508 extra
2439 1458 2650 1508 dubita-

1558 1532 1726 1582 tionis
1763 1530 1939 1580 alearn
1985 1530 2093 1579 iam
2130 1529 2367 1593 positum
2413 1528 2651 1593 suspice-

1558 1607 1677 1661 tur,
1726 1601 1890 1650 etiam
1928 1604 2054 1662 post
2104 1599 2311 1647 obitum
2343 1599 2402 1646 in
2436 1597 2649 1647 buculis

1560 1669 1900 1734 sepeliendos
1924 1684 1982 1717 se
2009 1683 2230 1716 curasse
2256 1669 2651 1730 Aegyptiorum

1560 1740 1768 1804 aliquot
1802 1752 1956 1802 reg-es
1987 1736 2195 1785 aliosve
2223 1752 2493 1800 proceres.
2550 1737 2651 1785 Re-

1560 1809 1651 1873 gia
1688 1809 1829 1857 enirn
1865 1806 2172 1856 conditoria
2206 1806 2363 1855 nobis
2394 1805 2647 1853 exhibue-

1556 1881 1685 1926 runt
1730 1875 1879 1925 illam
1917 1874 2174 1924 arculam.
2192 1875 2225 1900 “
2296 1875 2450 1923 Haec
2486 1873 2650 1924 Creu·

1560 1961 1747 2008 00100,
1793 1945 1983 2010 Apidis
2029 1944 2155 1993 dein
2198 1945 2522 1993 mentionem
2571 1945 2651 1992 fa-

1559 2017 1736 2076 ciens,
1775 2030 1929 2080 quem
1968 2014 2132 2063 etiam
2156 2012 2529 2077 sarcophagus
2553 2013 2649 2062 bu-

1558 2086 1714 2135 culae
1752 2085 1976 2133 formam
2010 2097 2143 2146 prae
2190 2097 2249 2132 se
2292 2083 2470 2131 ferens
2510 2082 2649 2132 desi-

1558 2169 1761 2220 gnasse
1790 2154 2051 2218 potuerit.
2094 2151 2251 2214 „Hoc
2288 2152 2337 2200 si
2373 2153 2646 2213 statuas‚“

1558 2226 1737 2290 pergit
1782 2225 2082 2272 Creuzerus
2130 2235 2184 2284 p.
2245 2222 2371 2282 1:30,
2430 2223 2648 2285 „possis

1559 2309 1676 2345 eam
1726 2309 1838 2343 rem
1893 2293 1973 2341 ita
2016 2290 2318 2355 explicare,
2374 2296 2434 2340 ut
2493 2306 2647 2356 reges

1558 2363 1861 2427 Aegyptios
1887 2362 2040 2412 dicas
2066 2364 2193 2425 post
2213 2365 2437 2410 mortem
2464 2376 2649 2411 secum

1558 2433 1815 2482 habuisse
1876 2432 2111 2481 bovinae
2166 2430 2373 2479 formae
2435 2430 2646 2492 cistam,

1558 2519 1664 2566 quo
1700 2505 1884 2552 essent
1920 2501 2085 2549 etiam
2117 2498 2220 2548 1100
2254 2505 2417 2563 pacto
2444 2490 2649 2561 ὁμότα-

1559 2585 1661 2634 φοι
1694 2562 2004 2630 Ὀσίριδος,
2060 2574 2252 2631 utpote
2290 2569 2444 2617 cuius
2484 2570 2649 2617 simu·

1554 2641 1765 2690 lacrum
1812 2639 1946 2701 Apis
1995 2636 2202 2686 esset.“
2284 2637 2367 2685 Ad
2419 2637 2649 2700 Apidem

1561 2722 1772 2774 quoque
1817 2706 2054 2771 pertinet
2093 2704 2227 2755 solis
2275 2705 2459 2754 discus
2506 2705 2649 2756 inter

1560 2792 1764 2828 cornua
1808 2774 1966 2826 bovis
2014 2774 2254 2834 locatus3
2304 2774 2361 2823 id
2413 2774 2556 2839 quod
2590 2775 2649 2823 in

1558 2847 1704 2897 haud
1762 2845 1953 2910 paucis
2018 2844 2222 2894 tabulis
2294 2844 2650 2909 iconibusque

1560 2916 1853 2967 etiamnum
1883 2914 2116 2965 servatis
2142 2913 2330 2964 videre
2352 2914 2508 2974 licet3
2537 2914 2647 2963 vid.

1560 2987 1886 3036 Creuzerum
1923 3001 1978 3050 p.
2017 2984 2134 3037 137.
2174 2989 2287 3034 not.
2331 2983 2448 3034 113.
2512 2984 2650 3034 Inde

1560 3055 1823 3120 Mycerini
1862 3052 2030 3104 filiam
2076 3058 2343 3104 mortuam
2378 3053 2535 3103 bovis
2571 3054 2650 3103 in-

1560 3126 1782 3176 volucro
1808 3123 2084 3176 conditam
2118 3128 2173 3174 et
2200 3124 2373 3174 sacris
2399 3122 2650 3174 solemni-

1561 3196 1661 3245 bus
1698 3194 1897 3244 cultam
1934 3193 2003 3243 ad
2026 3193 2267 3244 lunarem
2299 3193 2453 3244 deam
2482 3193 2651 3242 refert

1556 3264 1993 3328 Furtwaengler:
2032 3263 2136 3313 Die
2171 3262 2300 3313 Idee
2336 3261 2430 3310 des
2464 3263 2645 3311 Todes

1561 3338 1667 3383 etc.
1724 3333 1999 3396 (Friburg.
2053 3332 2230 3395 1855.)
2279 3347 2336 3394 p.
2375 3329 2475 3380 338
2512 3345 2648 3393 seq„

1562 3403 1655 3466 qui
1692 3402 1802 3450 alia
1836 3416 2051 3465 quoque
2094 3402 2148 3449 in
2184 3401 2327 3449 hanc
2359 3413 2470 3447 rem
2508 3402 2651 3447 attu-

1556 3470 1643 3520 lit.
1715 3470 1799 3519 Ad
1838 3484 1998 3519 sacra
2030 3468 2262 3517 Osiridis
2299 3466 2648 3530 pertinuisse,

1561 3553 1701 3603 quae
1749 3538 1816 3587 de
1854 3538 2119 3601 Mycerini
2163 3536 2277 3585 filia
2322 3539 2536 3584 mortua
2580 3536 2649 3584 ab

1562 3607 1845 3656 Herodoto
1896 3610 2216 3665 narrantur,
2277 3604 2474 3653 statuit
2521 3619 2652 3668 quo-

1563 3691 1667 3740 que
1703 3673 2057 3724 Wilkinson.·
2081 3675 2339 3723 Manners
2381 3677 2487 3724 etc.
2537 3688 2647 3724 sec.

1564 3760 1671 3794 ser.
1708 3744 1754 3794 Ῑ.
1802 3759 1854 3807 p.
1892 3743 1994 3794 312
2033 3757 2179 3807 seq.;
2224 3743 2419 3793 bovem
2468 3747 2649 3793 autem

1562 3829 1672 3864 non
1701 3812 1770 3863 ad
1796 3812 2015 3874 Isidem,
2054 3812 2151 3861 sed
2180 3812 2250 3862 ad
2280 3811 2437 3861 deam
2458 3811 2649 3874 Atbor,

1563 3898 1704 3948 quae
1760 3882 1950 3931 inferis
2007 3881 2344 3945 praesideat,
2420 3881 2649 3931 relatam

1563 3951 1708 4001 vult:
1764 3951 1857 4000 vix
1899 3954 2075 4011 recte,
2124 3951 2231 3999 nisi
2280 3949 2482 4000 Isidem
2528 3967 2650 4001 cnm

1565 4020 1667 4070 dea
1691 4018 1864 4070 Athor
1900 4019 2160 4069 confundi
2183 4019 2490 4081 existimes,
2528 4036 2649 4070 cum

1564 4088 1631 4139 de
1666 4088 1814 4138 Iside
1851 4088 1941 4138 hic
1977 4087 2215 4138 dubitari
2266 4093 2530 4153 nequeat,
2578 4089 2650 4139 ad

1562 4174 1724 4223 quam
1768 4158 1944 4222 ipsam
1984 4155 2255 4209 Osiridem
2300 4162 2650 4222 quaerentem

1563 4230 1781 4291 spectat
1813 4227 1915 4277 bos
1950 4227 2242 4290 quotannis
2278 4226 2335 4274 in
2366 4227 2543 4277 lucem
2565 4243 2651 4277 so-

1559 4296 1810 4345 lemniter
1861 4296 2155 4360 productaz
2213 4295 2361 4345 conf.
2417 4296 2649 4359 Lepsius

1561 4364 1924 4430 chronologis
1968 4368 2074 4415 etc.
2113 4366 2161 4415 Ι.
2206 4379 2334 4428 pag.
2374 4363 2478 4416 309
2513 4379 2650 4429 seq„
