3109 5092
475 363 600 425 304

1348 361 1700 428 HEROD
1719 362 1891 425 ΟΤΙ

475 541 676 610 δέωνι
698 534 1097 634 Ἑλικωνίῳ·
1157 534 1199 628 ἡ
1243 539 1319 609 δὲ
1349 537 1826 627 Μυκάλη-ἐστὶ
1853 540 1969 626 τῆς
2004 531 2293 624 ἠπείρου
2328 529 2536 628 ἄκρη,
2582 531 2751 625 πρὸς

473 645 764 732 ζέφυρον
813 639 1064 731 ἄνεμον
1104 642 1491 733 κατήκουσα
1520 641 1773 735 Σάμφ,
1822 643 1889 720 ἐς
1924 636 2050 729 τὴν
2092 636 2575 727 συλλεγόμενοι
2617 635 2749 708 α’πὸ

469 751 609 815 τῶν
643 752 902 816 πολίων
922 744 1147 828 Ἴωνες
1180 743 1470 834 ἄγεσκον
1506 741 1750 835 ὁρτὴν,
1781 748 1864 835 τῇ
1900 750 2142 812 ἔθεντο
2179 738 2437 829 οὕνομα
2469 742 2743 812 Πανιω-

469 877 604 917 νια.
686 848 1071 920 πεπόνθασι
1108 850 1184 920 δὲ
1216 848 1362 920 οὔτι
1402 854 1649 939 μοῦναι
1683 852 1757 917 αἱ
1793 844 2041 917 Ἰώνων
2069 841 2259 936 ὁρταὶ
2297 851 2528 932 τοῦτο,
2572 842 2746 915 ἀλλὰ

470 954 582 1022 καὶ
608 948 948 1043 Ἑλλήνων
989 952 1264 1023 πάντων
1302 950 1546 1042 ὁμοίως
1588 956 1795 1022 πᾶσαι
1828 953 1895 1032 ἐς
1932 946 2151 1019 τώυτὸ
2190 946 2464 1039 γράμμα
2510 958 2740 1018 τελευ-

468 1061 665 1143 τῶσι,
703 1054 1000 1146 κατάπερ
1034 1062 1173 1127 τῶν
1208 1059 1532 1147 Περσέων
1573 1052 1668 1124 τὰ.
1692 1051 2050 1144 οὐνόματα.
2121 1043 2320 1123 αὗται
2359 1052 2485 1141 μὲν
2517 1056 2594 1121 αἱ
2615 1049 2740 1121 Ἰά-

540 1351 685 1423 πρὸς
709 1355 958 1424 ζέφυρον
988 1349 1203 1424 ἄνεμον
1229 1351 1556 1424 κατήκουσα

469 1421 669 1496 Σάμῳ]
708 1429 746 1479 i.
794 1443 842 1479 e.
890 1430 1186 1480 occidentem
1216 1446 1392 1481 versus
1429 1445 1558 1494 por-

469 1500 640 1564 rigens
676 1515 721 1549 s.
754 1500 1063 1562 pertendens
1099 1501 1172 1550 ad
1206 1499 1426 1564 Samum,
1476 1500 1558 1548 ita

469 1573 532 1618 ut
558 1568 894 1619 occidentem
915 1585 1105 1620 versus
1140 1585 1175 1618 a
1197 1569 1413 1634 Mycale
1436 1584 1558 1634 pro-

469 1637 737 1688 ficiscenti
762 1640 1007 1720 proxima
1030 1640 1104 1689 sit
1128 1639 1342 1690 Samus.
1405 1639 1554 1688 Loco

470 1708 645 1758 dativi
671 1707 891 1777 (Σαμφ)
913 1709 1051 1758 alias
1072 1708 1387 1774 plerumque
1409 1708 1558 1773 apud

468 1777 807 1828 Herodotum
859 1778 1154 1843 reperimus
1199 1778 1556 1843 praepositio-

468 1862 592 1897 nem
620 1840 710 1897 ἐπὶ
736 1847 854 1912 (IV,
896 1848 1012 1899 171.
1059 1848 1176 1898 178.
1214 1848 1279 1911 V,
1315 1847 1406 1913 49)
1436 1848 1553 1898 sive

469 1906 525 1973 ἐς
571 1917 731 1980 (VII,
778 1920 865 1968 22.
916 1917 1058 1982 130),
1118 1934 1281 1983 quam
1331 1922 1554 1983 propter

469 1984 714 2036 additum
753 1979 899 2050 πρὸς
932 1982 1182 2052 ζέφυρον
1213 1978 1427 2051 ἄνεμον
1463 1987 1555 2037 hic

469 2055 718 2105 consulto
753 2055 953 2106 Noster
989 2071 1097 2107 non
1133 2056 1383 2121 posuisse
1406 2057 1556 2106 vide-

467 2126 576 2173 tur.
649 2125 734 2174 De
771 2124 956 2175 addito
994 2125 1213 2175 nomine
1246 2115 1461 2190 ἄνεμον
1496 2126 1553 2174 in

467 2191 572 2242 hac
605 2191 881 2243 locutione
919 2194 989 2243 cf.
1027 2194 1073 2256 1,
1121 2194 1154 2245 6
1189 2194 1375 2260 ibique
1409 2198 1551 2245 nott.

468 2290 538 2300 --
559 2262 690 2311 Mox
715 2263 773 2311 in
806 2263 985 2313 verbis
1021 2254 1134 2312 ἀπὸ
1172 2261 1312 2312 ταῖν
1334 2262 1553 2312 πολίων

468 2331 693 2380 attende
747 2331 964 2381 articuli
1011 2333 1150 2381 vim:
1203 2347 1270 2382 ex
1312 2334 1376 2385 iis
1423 2332 1553 2383 duo-

470 2399 645 2451 decim
691 2399 1008 2451 civitatibus
1056 2401 1248 2450 Ionum
1296 2402 1352 2452 in
1398 2402 1550 2465 Asia,

468 2469 537 2520 de
572 2469 769 2535 quibus
803 2474 932 2520 ante
966 2475 1148 2520 actum
1179 2475 1281 2520 est.

536 2531 593 2596 ἐς
627 2530 808 2588 τώυτὸ
842 2530 1069 2604 γράμμα
1110 2535 1422 2606 τελευτῶσι]
1467 2554 1552 2589 τε-

465 2606 699 2659 λευτῶσι
735 2625 857 2660 cum
892 2613 1124 2661 recentt.
1160 2608 1317 2659 editt.
1362 2609 1554 2659 rescri-

467 2679 551 2743 psi
577 2695 675 2744 pro
702 2677 1065 2744 τελευτῶσαι,
1104 2677 1251 2744 quod
1280 2676 1409 2728 olim
1438 2676 1554 2728 vul·

466 2752 654 2813 gatum
690 2755 830 2802 erat.
899 2751 1004 2800 Est
1040 2750 1184 2799 enim
1217 2749 1353 2798 haec
1382 2749 1553 2798 Hero-

466 2816 581 2868 doti
604 2820 895 2882 sententia‚
914 2820 1096 2870 omnia
1110 2819 1373 2869 festorum
1387 2819 1555 2868 Grae-

466 2903 652 2937 corum
684 2888 906 2939 nomina
942 2890 998 2938 in
1036 2889 1261 2939 eandem
1305 2888 1553 2937 desinere

463 2953 703 3018 literam,
764 2958 1214 3022 quemadmodum
1261 2959 1551 3007 Persarum

465 3025 714 3087 nomina,
755 3040 894 3090 qnae
930 3028 1111 3077 omnia
1140 3029 1198 3076 in
1220 3031 1391 3076 'unam
1428 3041 1552 3076 ean-

468 3091 697 3213 ‹llggique
751 3094 963 3146 literam
1006 3099 1043 3145 ὅ
1100 3095 1249 3146 exire
1296 3111 1462 3161 supra
1503 3095 1550 3158 Ι,

608 3163 889 3215 docuerat.

797 3335 929 3386 Cu.
974 3336 1218 3387 CXLIX.

532 3433 669 3487 Αἵδε
704 3433 768 3488 δὲ
802 3432 866 3488 αἰ
898 3434 1155 3497 Αἰολίδες
1190 3456 1241 3490 κ.
1280 3456 1326 3490 τ.
1364 3438 1433 3507 λ.]
1466 3440 1550 3491 De

463 3507 699 3558 Aeolicis
736 3508 993 3572 coloniis,
1028 3525 1165 3576 quas
1201 3510 1439 3560 breviter
1468 3525 1549 3560 re-

462 3583 649 3629 censet
703 3580 1049 3644 Herodotus‚
1122 3580 1385 3632 disserere
1435 3578 1549 3629 lon-

463 3661 591 3711 gum
610 3652 718 3708 est;
754 3649 882 3699 inde
907 3651 1126 3714 paucis,
1165 3665 1304 3716 quae
1334 3649 1403 3700 ad
1438 3650 1549 3698 sin-

462 3715 593 3778 gula
625 3717 815 3767 Nostri
848 3721 1016 3769 verba
1057 3721 1162 3769 rite
1195 3717 1549 3784 intelligenda

462 3784 695 3847 faciant,
747 3803 846 3838 nos
894 3789 1308 3840 continebimuS.
1380 3788 1547 3838 Plura

463 3853 557 3915 qui
589 3856 805 3919 cupiat,
849 3856 999 3922 legat
1041 3858 1316 3923 copiosam
1365 3856 1547 3922 dispu-

462 3921 724 3973 tationem
784 3924 928 3975 Galli
1001 3926 1149 3976 docti
1208 3925 1387 3975 Raoul
1440 3926 1545 3976 Ro-

463 3988 673 4041 chette:
720 3993 965 4043 Histoire
1022 3994 1089 4044 de
1136 3994 1438 4045 l'Etabliss.
1489 3995 1544 4047 d.

462 4056 639 4107 colon.
662 4059 857 4124 Grecq.
893 4063 958 4111 T.
991 4063 1098 4111 111.
1128 4078 1254 4127 pag.
1283 4062 1352 4114 34
1387 4078 1539 4129 seqq.

460 4124 586 4174 coll.
625 4127 885 4178 Lai-cher.
922 4130 980 4178 in
1010 4130 1334 4195 Chronolog.
1371 4133 1544 4182 Hero·

461 4194 575 4244 dot.
606 4209 733 4259 pag.
762 4196 883 4246 449.
946 4198 1086 4249 Add.
1128 4199 1294 4252 Grote
1316 4201 1546 4265 Histoi-y

461 4264 524 4313 of
558 4263 762 4313 Greece
794 4264 903 4315 111.
953 4281 1009 4329 p.
1046 4269 1150 4319 254
1187 4283 1336 4333 seqq.
1378 4268 1440 4319 C.
1478 4270 1545 4321 F.

458 4333 765 4382 Hermanm
801 4333 1015 4385 Griech.
1053 4336 1462 4387 Staatsalterth.
1491 4337 1543 4400 ἓ.

461 4401 528 4452 76
570 4407 684 4453 not.
712 4401 795 4464 Φ
829 4417 983 4470 seqq.
1028 4405 1113 4458 ed.
1157 4411 1335 4472 quart.
1376 4412 1432 4457 et
1477 4406 1543 4457 de

339 1163 458 1224 149
477 1166 590 1240 δες
610 1158 837 1241 πόλιές
867 1166 1016 1229 εἰσι.
1077 1164 1248 1229 Αἵδε
1285 1160 1361 1230 δὲ
1399 1165 1476 1230 αί
1508 1163 1850 1244 Αἰολίδες,
1887 1157 2125 1246 Κύμη,
2166 1151 2208 1246 ἡ
2245 1157 2585 1245 Φρικωνὶς
2621 1182 2739 1224 κα·-

1658 1356 1887 1423 singulis
1924 1356 2149 1408 urbibus
2183 1355 2473 1422 Forbigerz
2522 1356 2743 1410 Handb.

1660 1427 1712 1478 d.
1753 1427 1851 1478 alt.
1890 1427 2088 1492 Geogr.
2126 1426 2204 1477 H.
2245 1442 2299 1490 p.
2340 1425 2441 1478 150
2476 1442 2613 1492 seq.,
2653 1428 2747 1492 qui

1659 1501 1807 1547 recte
1850 1497 2005 1562 (pag.
2060 1497 2160 1547 152
2196 1500 2312 1546 not.
2358 1496 2448 1561 80)
2496 1502 2744 1559 annotat,

1658 1566 1998 1616 Herodotum
2019 1569 2143 1616 tres
2180 1566 2430 1617 omittere
2471 1566 2744 1630 civitates,

1660 1651 1797 1700 quae
1852 1636 2018 1702 vulgo
2066 1634 2304 1686 Aeolicis
2365 1634 2745 1699 accensentur,

1658 1705 1998 1756 Atarnensem
2050 1706 2332 1756 civitatem
2379 1705 2471 1768 (de
2514 1721 2624 1771 qua
2669 1706 2744 1757 cf.

1658 1775 1704 1836 1,
1747 1775 1886 1842 160),
1924 1777 2096 1825 Canas·
2130 1779 2295 1841 atque
2329 1774 2569 1838 Elaeam,
2615 1791 2745 1840 qua-

1657 1859 1777 1894 rum
1819 1846 1876 1894 in
1923 1844 2104 1895 locum
2136 1844 2226 1895 hic
2261 1844 2452 1895 referri
2496 1844 2744 1894 videmus

1660 1914 1860 1979 emam,
1914 1914 2110 1965 Notium
2151 1920 2318 1980 atque
2361 1915 2742 1980 Aeqiroessam.

1659 1983 1738 2033 Ac
1774 1984 2004 2034 similem
2040 1984 2464 2049 discrepantiam
2491 1998 2657 2048 supra
2687 1985 2744 2034 in

1658 2053 1999 2103 Achaeorum
2057 2054 2374 2104 civitatibus
2433 2052 2740 2103 indicandis

1658 2138 1824 2188 supra
1836 2121 1942 2188 (cp.
1968 2124 2086 2186 145,
2103 2124 2198 2173 ubi
2212 2123 2324 2174 vid.
2345 2122 2512 2188 nott.)
2532 2123 2640 2174 iam
2663 2123 2742 2172 in·

1655 2193 1925 2243 venimus.
2010 2193 2169 2254 Quod
2216 2194 2286 2244 ad
2332 2192 2613 2244 Aeolidem
2661 2198 2744 2242 at·

1656 2261 1820 2325 tinet,
1885 2267 1970 2312 est
2016 2263 2361 2325 potissimum
2406 2262 2618 2314 Lesbus
2663 2262 2741 2311 in-

1657 2331 1778 2381 sula
1815 2333 1871 2380 et
1899 2331 2066 2395 Cyme
2103 2348 2147 2381 s.
2187 2332 2358 2383 Cuma
2393 2334 2549 2396 urbs,
2596 2332 2741 2382 unde

1655 2401 1898 2465 reliquae
1944 2401 2105 2451 urbes
2150 2404 2403 2453 conditae
2445 2403 2615 2452 fuisse
2661 2403 2739 2450 vi-

1658 2468 1877 2532 dentur;
1932 2485 2100 2535 quare
2147 2475 2379 2536 utraque
2412 2471 2741 2536 reliquarum

1654 2538 1870 2588 urbium
1914 2539 2229 2604 metropolis
2275 2540 2415 2602 fere,
2469 2544 2525 2590 et
2571 2541 2739 2604 Cyme

1657 2608 1920 2672 omnium,
1976 2613 2245 2673 quotquot
2286 2608 2437 2658 fuere
2481 2608 2736 2657 civitates

1656 2676 1929 2740 Aeolicae‚
1964 2677 2198 2727 maxime
2227 2675 2516 2728 celebrata.
2571 2677 2739 2741 Cyme

1656 2746 1878 2795 condita
1925 2751 2044 2796 erat
2080 2761 2126 2810 a,
2162 2747 2385 2798 Graecis
2443 2745 2578 2796 duce
2620 2747 2741 2796 Ma-

1653 2814 1742 2865 lao
1778 2819 1835 2866 et
1873 2814 2073 2878 Cleva,
2128 2816 2221 2881 qui
2265 2831 2436 2881 genus
2478 2831 2634 2866 suum
2670 2816 2738 2866 ab

1652 2884 2056 2949 Agamemnone
2076 2886 2399 2950 repetebant
2415 2924 2429 2950 ‚
2467 2890 2522 2938 et
2541 2900 2739 2950 magno

1655 2955 1899 3004 exercitu
1950 2959 2265 3019 comparato
2302 2955 2396 3005 ubi
2434 2955 2640 3005 diutius
2681 2956 2738 3004 in

1652 3023 1887 3073 Locride
1917 3029 2063 3074 terra
2094 3023 2164 3074 ad
2194 3024 2469 3074 Plu-icium
2501 3029 2739 3074 montem

1654 3094 1973 3143 commorati
2029 3097 2208 3156 erant,
2263 3095 2321 3143 in
2370 3096 2559 3146 Asiam
2615 3093 2738 3144 dein

1653 3163 1985 3214 traiecerunt
2035 3163 2217 3228 ibique
2265 3164 2446 3228 Cymen
2488 3162 2738 3213 condide-

1652 3236 1805 3295 runt,
1846 3248 1987 3298 quae
2021 3233 2089 3283 ob
2125 3233 2322 3298 prioris
2360 3233 2507 3284 sedis
2543 3247 2739 3282 memo-

1653 3302 1789 3352 riam
1816 3304 1887 3353 ad
1910 3302 2184 3353 Plu-icium
2208 3306 2448 3353 montem
2482 3301 2611 3353 olim
2644 3318 2763 3352 vo·⁴

1654 3372 1884 3422 cabatur
1928 3372 2228 3437 Phr-yconie.
2313 3372 2473 3422 Conf.
2519 3371 2738 3437 potissi-

1653 3456 1799 3491 mum
1843 3441 2099 3494 Strabon.
2152 3442 2312 3493 XIII.
2351 3458 2477 3508 pag.
2534 3441 2638 3492 582
2688 3457 2733 3491 s.

1652 3510 1755 3562 873
1801 3511 1867 3561 A.
1915 3512 1981 3560 Β.
2028 3515 2082 3561 et
2119 3511 2259 3561 adde
2303 3511 2541 3576 reliquos
2585 3511 2736 3561 locos

1651 3580 1795 3644 apud
1831 3580 2096 3647 Forbiger
2131 3580 2164 3631 1.
2210 3581 2246 3631 l.
2285 3597 2338 3646 p.
2378 3581 2498 3632 155.
2574 3580 2735 3645 Corp.

1650 3650 1824 3701 Inscr.
1851 3650 2076 3701 Graece.
2106 3651 2172 3702 Τ.
2205 3650 2281 3700 ΙΙ.
2308 3664 2391 3701 nr.
2420 3649 2556 3702 3523
2582 3665 2738 3715 seqq.

1648 3719 1825 3768 Huius
1856 3719 2008 3769 urbis
2033 3718 2210 3770 nullas
2242 3719 2419 3769 adhuc
2452 3733 2736 3784 superesse

1646 3787 1923 3853 reliquias,
1953 3794 2190 3839 testatur
2211 3789 2407 3841 Texier
2430 3788 2731 3853 (Descript.

1648 3857 1715 3906 de
1749 3857 1919 3907 l'Asie
1951 3858 2083 3909 min.
2123 3858 2200 3909 11.
2239 3874 2294 3923 p.
2332 3856 2486 3921 246);
2523 3856 2618 3906 vix
2654 3860 2737 3906 ta-

1646 3940 1769 3975 men
1804 3926 2025 3976 dubium
2060 3943 2209 3991 esse,
2248 3926 2377 3992 quin
2412 3925 2615 3975 veteris
2649 3939 2735 3975 ur-

1646 3995 1730 4044 bis
1764 3994 1917 4044 locus
1955 3997 2297 4061 quaerendus
2335 3995 2408 4044 sit
2442 4010 2610 4060 prope
2646 3995 2732 4046 vi-

1648 4078 1769 4113 cum
1818 4064 2064 4117 Namourt
2110 4083 2154 4117 s.
2203 4067 2467 4128 Nemourt,
2512 4065 2608 4115 ubi
2656 4065 2736 4114 in-

1650 4133 1974 4197 scriptiones
2015 4135 2085 4185 ad
2123 4135 2352 4187 Cumam
2399 4135 2734 4199 pertinentes

1648 4207 1775 4252 sunt
1802 4202 2065 4254 detectae.
2134 4204 2294 4256 Conf.
2322 4204 2489 4255 etiam
2513 4203 2735 4254 Schnei-

1648 4269 1824 4321 dewin
1874 4271 1947 4321 ad
1997 4273 2279 4326 Heraclid.
2361 4272 2482 4325 Pol.
2538 4289 2594 4338 p.
2645 4272 2732 4324 79.

1644 4340 1852 4404 Eodem
1886 4340 2224 4407 Phrycom'dis
2265 4343 2484 4392 nomine
2527 4342 2734 4392 inveni-

1644 4423 1763 4460 mus
1788 4410 1935 4475 apud
1960 4410 2191 4462 eundem
2215 4409 2543 4462 Strabonem
2568 4411 2727 4462 XIII.
