3109 5092
1250 395 1502 458 OLIO.
1549 399 1602 457 Ι.
1646 403 1734 464 87.
1764 430 1789 438 -

2506 401 2622 465 193

349 572 471 636 τοῦ
504 562 715 656 πυρὸς
751 569 1202 658 ἐπικρατῆσαι.
1275 565 1610 638 Ἐνθαῦτα
1643 573 1901 656 λε’γεται
1930 566 2065 641 ὑπὸ
2091 578 2376 658 Λυδῶν,
2410 582 2615 664 Κροῖ-
2637 584 2715 646 87

351 690 473 739 σον
505 670 815 760 μαθόντα
846 669 973 760 τὴν
1005 671 1242 760 Κύρου
1283 673 1740 762 μετάγνωσιν,
1794 667 1883 752 ὥς
1914 669 2054 762 ὥρα
2088 674 2302 745 πάντα
2335 677 2460 766 μὲν
2497 674 2618 746 ἄν·

351 778 478 862 δρα
524 774 904 862 σβεννύντα
956 773 1033 844 τὸ
1090 781 1260 863 πῦρ,
1322 780 1744 865 δυναμένους
1800 775 1875 844 δὲ
1926 774 2150 848 οὐκέτι
2196 787 2622 869 καταλαβεῖν,

350 875 848 963 ἐπιβώσασθαι,
893 876 1013 948 τὸν
1048 874 1438 949 Ἀπόλλωνα
1486 878 2045 967 ἐπικαλεόμενον,
2096 893 2165 951 εἴ
2203 889 2273 951 τί
2313 889 2386 952 οἰ
2425 910 2621 972 κεχα-

350 982 669 1068 ρισμένον
704 983 770 1063 ἐξ
807 978 1018 1051 αὐτοῦ
1052 982 1404 1074 ἐδωρήθη,
1459 988 1911 1074 παραστῆναι,
1963 985 2076 1052 καὶ
2122 983 2469 1075 ῥύσασθαί
2508 1012 2626 1074 μιν

350 1085 424 1150 ἐκ
475 1089 596 1153 τοῦ
642 1083 1005 1175 παρεόντος
1052 1092 1285 1156 κακοῦ.
1368 1083 1488 1164 τὸν
1545 1085 1672 1174 μὲν
1720 1086 2100 1173 δακρύοντα
2151 1091 2623 1159 ἐπικαλέεσθαι

348 1182 467 1254 τὸν
495 1184 667 1256 θεὸν
680 1238 699 1273 ,
757 1190 831 1257 ἐκ
882 1189 958 1258 δὲ
1002 1194 1274 1279 αἰθρίης
1312 1216 1384 1258 τε
1420 1190 1534 1258 καὶ
1578 1196 1899 1278 νηνεμίης
1931 1196 2350 1280 συνδραμεῖν
2396 1194 2618 1274 ἐξαπί-

348 1316 468 1375 νης
518 1294 764 1376 νέφεα,
830 1293 940 1361 καὶ
985 1294 1278 1381 χειμῶνά
1330 1319 1402 1362 τε
1460 1296 1996 1382 καταρραγῆναι,
2060 1295 2170 1363 καὶ
2218 1284 2378 1364 ὗσαι
2422 1291 2620 1363 ὕδατι

349 1392 770 1486 λαβροτάτῳ,
816 1402 1367 1484 κατασβεσθῆναί
1391 1423 1464 1465 τε
1498 1393 1624 1484 τὴν
1663 1395 1907 1489 πυρήν.
1936 1391 2150 1465 ὀὕτω
2191 1396 2276 1486 δὴ
2314 1397 2622 1485 μαθόντα

346 1491 466 1563 τὸν
499 1500 763 1584 Κῦρον,
812 1493 901 1577 ὥς
936 1508 1040 1587 εἴη
1075 1493 1111 1566 ὁ
1145 1506 1435 1588 Κροῖσος
1468 1500 1580 1567 καὶ
1620 1496 1948 1587 θεοφιλὴς
1984 1500 2097 1567 καὶ
2130 1496 2302 1588 ἀνὴρ
2341 1497 2619 1587 ἀγαθὸς,

346 1598 888 1687 καταβιβάσαντα
922 1598 1131 1671 αὐτὸν
1160 1598 1293 1672 ἀπὸ
1326 1607 1443 1691 τῆς
1485 1607 1703 1690 πυρῆς
1749 1610 2053 1689 εἴρεσθαι
2096 1601 2257 1671 τάδε
2280 1624 2294 1638 ·
2345 1610 2619 1690 Κροῖσε,

346 1705 447 1779 τίς
493 1721 567 1770 σε
600 1699 990 1792 ἀνθρώπων
1032 1699 1409 1791 ἀνέγνωσε,
1455 1705 1565 1774 ἐπὶ
1602 1709 1732 1793 γῆν
1765 1702 1889 1792 τὴν
1924 1701 2092 1791 ἐμὴν
2125 1705 2617 1793 στρατευσάμε-

345 1830 503 1886 νον,
556 1810 872 1893 πολέμιον
918 1804 1063 1876 ἀντὶ
1111 1814 1317 1894 φίλου
1360 1808 1503 1895 ἐμοὶ
1551 1812 1990 1894 καταστῆναι;
2067 1802 2140 1873 Ὁ
2186 1807 2261 1876 δὲ
2303 1805 2481 1876 εἶπε·
2539 1799 2621 1876 Ὦ

349 1911 664 1993 βασιλεῦ,
707 1907 838 1995 ἐγω
872 1914 1080 1978 ταῦτα
1110 1913 1360 1999 ἔπρηξα
1392 1915 1475 1999 τῇ
1507 1915 1596 1997 σῇ
1626 1908 1751 1997 μὲν
1779 1906 2210 1997 εὐδαιμονίῃ,
2246 1914 2329 1997 τῇ
2363 1911 2618 1997 ἐμεωυ-

261 2020 331 2073 45
350 2013 473 2078 τοῦ
521 2009 596 2078 δὲ
642 2018 1161 2101 κακοδαιμονίῃ,
1218 2022 1430 2091 αἴτιος
1474 2012 1550 2081 δὲ
1597 2008 1856 2079 τούτων
1895 2013 2159 2096 ἐγένετο
2200 2006 2236 2081 ὁ
2281 2007 2622 2100 Ἑλλήνων

346 2109 541 2195 θεὸς,
588 2115 900 2205 ἐπαείρας
944 2116 1059 2203 ἐμὲ
1100 2115 1606 2204 στρατεύεσθαι.
1673 2110 1900 2193 οὐδεὶς
1942 2111 2071 2202 γὰρ
2115 2110 2291 2183 οὕτω
2343 2111 2623 2203 ἀνόητός

634 2280 767 2333 Car.
804 2282 1132 2333 LXXXVII.
1237 2330 1242 2335 .

413 2379 768 2450 καταλαβεῖν]
815 2385 854 2436 i.
896 2400 945 2436 e.
990 2400 1255 2446 coercere,
1306 2384 1430 2435 inhi-

347 2448 483 2513 bere,
522 2456 584 2501 ut
619 2451 665 2512 Ι,
702 2453 789 2515 46,
824 2454 920 2504 ubi
951 2447 1062 2505 vid'.
1109 2454 1255 2505 Male
1289 2469 1429 2504 unus

344 2516 482 2569 liber
514 2517 866 2586 καταβαλεῖν.
904 2554 975 2563 —-
1020 2522 1106 2573 Ad
1156 2516 1431 2590 ἐπιβώσα-

348 2586 486 2637 σθαι
526 2591 672 2641 conf.
710 2591 754 2654 1,
797 2593 862 2643 10
895 2592 1028 2657 ibiq.
1065 2597 1205 2643 nott.
1242 2592 1432 2644 Plura-

343 2655 447 2707 lem
481 2675 760 2709 numerum
788 2658 1160 2725 δυναμένους,
1194 2678 1314 2713 cum
1339 2678 1432 2712 an-

343 2728 561 2778 tecedat
588 2721 777 2779 πάντα
800 2720 1004 2794 ἄνδρα,
1036 2732 1227 2798 attigit
1255 2732 1436 2782 Kush-

346 2813 461 2848 ner.
501 2798 594 2850 Gr.
634 2798 727 2850 Gr.
766 2802 818 2862 5.
860 2801 981 2864 419,
1020 2815 1071 2850 a.

416 2880 477 2932 εἴ
501 2881 561 2932 τί
607 2876 669 2932 οἱ
709 2883 1116 2951 κεχαρισμένον
1161 2876 1217 2946 ἐξ
1253 2876 1438 2934 αὐτοῦ

346 2941 640 3017 ἐδωρήθη]
690 2954 727 3005 i.
780 2970 829 3007 e.
872 2960 922 3006 εἰ
964 2956 1089 3021 quic}
1123 2956 1200 3005 illi
1234 2961 1436 3019 qratiam

347 3022 412 3070 ab
458 3024 570 3085 ipso
619 3023 837 3074 oblatum
880 3026 948 3075 sit
997 3022 1261 3088 (donum),
1306 3037 1435 3071 nunc

347 3099 402 3139 ut
431 3092 535 3154 ipsi
563 3092 785 3143 adesset.
823 3094 936 3154 Ubi
970 3093 1198 3144 laudant
1227 3091 1433 3142 similes

345 3159 498 3210 locos
533 3161 918 3226 Aristophanis
967 3163 1022 3212 in
1057 3164 1190 3213 Pac.
1237 3159 1341 3213 385
1377 3165 1433 3210 et

345 3229 568 3279 Homeri
603 3230 659 3279 in
678 3230 841 3283 Iliad.
879 3232 925 3294 1,
952 3229 1037 3292 39,
1075 3248 1141 3282 ex
1178 3247 1285 3296 quo
1313 3230 1432 3293 ipso

345 3297 715 3350 Herodoteam
790 3301 1122 3353 locutionem
1210 3300 1431 3349 ductam

346 3373 589 3419 censent.
675 3375 680 3382 ‘

417 3445 476 3502 ἐκ
513 3446 574 3501 δὲ
612 3448 852 3517 αἰθρίης
887 3468 944 3508 τε
990 3448 1086 3504 καὶ
1129 3450 1428 3518 νηνεμίης]

338 3522 429 3573 De
467 3522 887 3586 praepositionis
926 3513 986 3571 ἔτι
1021 3539 1067 3574 s.
1105 3513 1161 3583 ἐξ
1190 3537 1293 3572 usu
1318 3521 1431 3571 suf-

349 3590 498 3640 ficiat
533 3590 789 3642 laudasse
825 3591 1022 3642 Matth.
1075 3592 1146 3641 ad
1180 3589 1426 3655 Euripid.

349 3659 587 3710 Troadd.
630 3661 751 3722 495,
786 3660 1067 3711 Blomfield
1103 3662 1160 3711 in
1185 3660 1428 3713 Glossar.

349 3728 601 3794 Aeschyl.
655 3730 971 3795 Agamemn.
1026 3730 1147 3781 873.
1221 3730 1350 3780 Mox
1402 3743 1432 3778 e

348 3797 506 3848 codd.
578 3800 833 3849 revocavi
912 3797 1260 3865 συνδραμεῖν
1332 3812 1430 3863 pro

347 3863 745 3931 συνδραμέειν,
781 3869 1046 3933 probante
1088 3868 1323 3919 BredOV.
1375 3882 1431 3931 p.

346 3933 469 3986 326.
503 3966 576 3976 --
607 3925 767 3999 ὕδωρ
801 3931 1149 4002 λαβρότατον
1184 3937 1252 3987 de
1285 3936 1432 3987 velze-

344 4006 492 4054 menti
543 4005 753 4069 accipio
806 4006 989 4065 imbre,-
1046 4022 1173 4056 nam
1228 3995 1435 4071 λαβρὸς

344 4078 459 4124 tum
497 4072 564 4122 de
598 4088 759 4138 aqua,
807 4079 921 4125 tum
974 4076 1041 4126 de
1082 4076 1208 4140 igne
1254 4073 1427 4136 (cons.

343 4141 566 4193 Pindar.
603 4142 770 4208 Pyth.
806 4143 914 4204 111,
949 4144 1017 4195 70
1059 4144 1192 4209 ibiq.
1247 4141 1428 4193 Tasel.

341 4209 621 4262 Dilucidd.
669 4227 797 4277 pag.
849 4212 994 4279 593)-
1034 4213 1226 4263 aliisve
1269 4212 1431 4261 rebus

339 4279 424 4329 ita
457 4286 753 4344 usurpatur
768 4317 783 4342 ‚
819 4285 882 4332 ut
923 4281 1205 4344 vehemens,
1261 4280 1434 4331 turbu-

339 4350 521 4398 lentum
559 4347 800 4400 denotet.
839 4348 997 4400 Conf.
1034 4349 1276 4416 Hesych.
1304 4364 1351 4399 s.
1375 4355 1431 4397 V.

340 4415 501 4468 Tem.
538 4415 616 4467 11.
654 4433 709 4482 p.
748 4416 870 4480 406,
916 4416 1211 4469 Homerica
1257 4413 1436 4468 letica

427 4514 766 4560 HERODOT.
815 4516 860 4558 1.

1536 2284 1592 2328 et
1651 2279 1830 2331 Tafel.
1887 2281 1957 2332 ad
2013 2280 2238 2332 Pindar.
2282 2279 2498 2347 Olymp.
2545 2280 2622 2343 11,

1540 2348 1658 2399 156.
1695 2365 1748 2414 p.
1801 2351 1903 2402 124
1942 2350 2219 2401 Dilucidd.
2258 2377 2325 2386 —
2361 2350 2445 2400 Ad
2482 2355 2621 2399 stru-

1536 2422 1749 2468 cturam
1784 2421 1938 2470 verbi
1974 2409 2100 2469 ῧειν
2142 2435 2266 2470 cum
2312 2419 2500 2470 dativo
2537 2423 2622 2469 at-

1536 2503 1642 2553 que
1666 2490 1983 2539 accusativo
2008 2489 2234 2553 faciunt,
2271 2504 2411 2555 quae
2439 2488 2618 2539 Siebe·

1534 2556 1625 2607 lis.
1663 2557 1885 2622 collegit
1920 2573 1987 2608 ex
2019 2559 2298 2608 Pausania
2333 2556 2402 2608 ad
2432 2557 2507 2618 11,
2532 2559 2618 2607 29.

1537 2629 1591 2688 5.
1630 2625 1701 2675 ·6.
1760 2626 2033 2677 Kuehner.
2096 2627 2190 2676 Gr.
2252 2627 2344 2678 Gr.
2392 2629 2444 2688 §-
2496 2626 2619 2675 547.

1538 2698 1652 2744 not.
1691 2696 1743 2744 2.
1798 2695 1923 2745 Alia
1968 2695 2036 2745 de
2080 2695 2239 2744 huius
2284 2694 2437 2744 verbi
2482 2697 2623 2742 stru·

1536 2769 1694 2814 ctura
1726 2762 1973 2814 dabimus
2011 2761 2081 2814 ad
2116 2763 2162 2825 1,
2207 2763 2326 2815 193.
2380 2762 2455 2826 11,
2496 2761 2580 2813 13.

1606 2823 1911 2897 ἀνέγνωσε]
1963 2833 2001 2883 i.
2050 2846 2098 2882 e.
2141 2835 2417 2896 persuasit.
2492 2830 2618 2880 Vid.

1536 2902 1766 2967 Gregor.
1825 2900 2068 2951 Corinth.
2127 2918 2253 2967 pag.
2325 2901 2428 2952 505
2486 2900 2622 2966 ibiq.

1535 2970 1835 3035 Schaefer.,
1871 2975 1927 3021 et
1960 2969 2194 3022 BredoV.
2238 2988 2295 3037 p.
2333 2969 2453 3022 352.

1606 3034 1675 3088 ἔπ
1714 3035 1826 3104 ηξα
1869 3038 1939 3107 τῇ
1991 3037 2062 3106 σῇ
2115 3034 2218 3105 μὲν
2261 3030 2620 3104 εὐδαιμονίῃ,

1535 3105 1606 3173 τῇ
1679 3055 1965 3174 Ξμεωυτοῦ
2036 3103 2100 3158 δὲ
2176 3106 2593 3173 κακοδαιμονίῃ

1533 3178 1699 3228 Haud
1730 3179 1870 3229 male
1903 3178 2174 3229 Matthiae
2191 3177 2241 3240 §-
2269 3177 2390 3240 398,
2416 3193 2468 3229 a.
2491 3192 2620 3241 pag.

1535 3245 1657 3296 728.
1708 3245 1823 3310 (ubi
1873 3247 1940 3297 de
1990 3247 2165 3297 dativi
2206 3263 2309 3298 usu
2352 3248 2407 3295 in
2454 3260 2622 3295 causa

1532 3317 1781 3380 quamvis
1886 3316 2165 3367 remotiori
2274 3313 2618 3379 iudicanda)=

1529 3384 1731 3444 „durch
1767 3386 1945 3436 deinen
1986 3384 2313 3435 Gliieksstern
2352 3384 2458 3432 und
2507 3384 2622 3431 mei-

1528 3469 1627 3503 nen
1669 3454 1889 3504 Unstern
1915 3453 2231 3518 qetrieben.“
2281 3451 2442 3502 Conf.
2473 3449 2631 3500 wel·-

1528 3521 1683 3572 lauer
1695 3528 1750 3572 et
1762 3522 1999 3572 Clausen
2021 3520 2091 3570 ad
2103 3519 2357 3584 Aeschyl.
2378 3517 2618 3582 Choeph.

1535 3591 1869 3721 15ἐπαείρας
1898 3646 1988 3719 ἐμὲ
2026 3645 2458 3719 στρατεύεσθαι]
2487 3644 2621 3703 ἔπα-

1533 3726 1689 3791 είρας
1727 3729 1954 3776 recentt.
1991 3724 2169 3787 editt„
2194 3728 2256 3773 ut
2279 3724 2325 3786 1,
2364 3724 2504 3784 204„
2525 3723 2619 3773 ubi

1533 3797 1651 3847 sine
1685 3794 1799 3845 ulla
1822 3794 2091 3844 varietate
2122 3783 2459 3856 ἐπαείροντα
2490 3792 2622 3842 scri-

1532 3871 1685 3932 ptum
1721 3863 2025 3914 invenimus
2054 3860 2284 3928 aliisque
2305 3861 2461 3922 locis,
2483 3876 2618 3926 quos

1535 3933 1812 4000 congessit
1858 3932 2092 3983 Bredov.
2141 3947 2195 3996 p.
2247 3930 2367 3985 193.
2439 3931 2620 3993 Quare

1533 4003 1816 4069 vulgatam
1851 3992 2068 4071 ἑπᾴρας
2101 4001 2283 4066 (cuius
2318 3999 2441 4049 loco
2477 4014 2618 4050 unus

1528 4072 1668 4123 liber
1710 4062 1986 4135 ἔπαήρας)
2034 4075 2088 4121 et
2130 4070 2187 4122 h.
2234 4069 2272 4120 l.
2322 4073 2379 4118 et
2432 4068 2478 4132 Ι,
2527 4067 2618 4119 90.

1531 4142 1620 4204 ΙΙ,
1666 4141 1765 4192 162
1807 4140 2158 4191 mutavimus.
2219 4137 2304 4189 Ad
2346 4136 2620 4202 significa-

1532 4211 1733 4260 tionem
1771 4210 1922 4260 verbi
1959 4211 2045 4261 Gr.
2086 4208 2377 4272 adscripsit
2409 4206 2621 4256 Timaei

1533 4279 1709 4329 locum
1746 4279 1801 4327 in
1820 4279 1951 4329 Lex.
1977 4278 2194 4329 Platon.
2230 4293 2285 4342 p.
2315 4274 2434 4325 119.
2462 4265 2621 4341 (ἐπᾴ-

1535 4347 1735 4466 oRoettlmik
1789 4363 1843 4410 q.
1904 4338 2267 4409 ἀναπείσας),
2317 4342 2413 4392 ubi
2463 4341 2622 4407 plura

1586 4430 1623 4466 u
1738 4428 1825 4464 en.

2110 4490 2185 4552 13
