3109 5092
1135 355 1633 416 BUTERPE.
1680 357 1765 416 11.
1807 364 1896 421 37.

2523 343 2656 414 ’509

521 528 887 615 Θεοσεβέες
927 526 1003 596 δὲ
1047 532 1381 616 περισσῶς
1431 525 1655 610 ἐόντες
1709 529 1996 619 μάλιστα
2058 528 2332 600 πάντων
2372 525 2645 618 ἀνθρώ·
2667 535 2747 597 37

373 656 524 701 πων
588 628 857 719 νόμοισι
927 636 1246 701 τοιόισίδε
1315 634 1658 720 χρέωνται.

1772 631 1880 703 Ἐκ
1944 637 2247 722 χαλκέων
2317 637 2657 721 ποτηρίων

375 741 683 820 πίνουσι,
755 739 1169 823 διασμῶντες
1226 731 1355 804 ἀνὰ
1409 741 1636 806 πᾶσαν
1692 732 1977 827 ἡμέρην,
2032 734 2157 806 οὐκ
2199 732 2235 805 ὁ
2287 735 2445 825 μὲν,
2502 729 2539 802 ὁ
2583 730 2649 801 δ’

376 830 495 922 οὗ,
547 833 720 906 ἀλλὰ
765 836 1029 918 πάντες.
1120 842 1354 926 εἵματα
1401 837 1476 907 δὲ
1518 847 1710 909 λίνεα
1752 843 2077 932 φορέουσι
2118 841 2251 910 αἰεὶ
2294 837 2655 922 νεόπλυτα,

371 1003 682 1068 quplticam,
715 1005 962 1055 cia-sinam
1002 1002 1213 1069 (lettres
1235 1019 1468 1055 coutan-

377 1075 486 1139 tes)
520 1074 770 1124 alteram.
844 1073 998 1124 Idem
1035 1089 1163 1139 pag.
1201 1073 1305 1126 359
1339 1074 1466 1124 hinc

376 1144 462 1192 ita
485 1144 831 1207 pronuntiat:
878 1143 968 1206 „Il
1003 1148 1087 1194 est
1124 1146 1265 1195 donc
1301 1158 1464 1209 gran-

376 1211 592 1263 dement
631 1212 894 1277 probable
907 1250 920 1276 ,
972 1229 1075 1278 que
1126 1213 1182 1263 la
1219 1213 1466 1264 connois-

381 1296 548 1333 sance
572 1282 645 1332 du
670 1282 910 1348 langage
934 1281 1321 1348 alphabetique
1343 1280 1464 1332 vul-

377 1352 532 1416 gaire
567 1351 830 1402 conduira
862 1351 1096 1417 quelque
1123 1350 1253 1416 jour
1287 1352 1322 1402 a
1342 1350 1464 1401 l'in-

377 1418 738 1486 terpretation
760 1420 1040 1486 partielle,
1077 1422 1125 1471 si
1151 1436 1265 1473 non
1296 1420 1468 1471 totale

378 1491 446 1540 de
481 1490 681 1556 langue
701 1490 1207 1557 hieroglyphique.“
1272 1490 1468 1541 Oreus.

381 1561 468 1625 (in
520 1560 847 1611 Commentt.
893 1560 1139 1613 Herodd.
1190 1575 1245 1625 p.
1291 1560 1469 1612 375-

382 1629 526 1695 378),
572 1628 780 1679 addens
828 1631 1096 1696 insignem
1141 1630 1348 1680 Plotini
1389 1628 1471 1679 lo·

269 1713 285 1727 ·
382 1714 505 1749 cum
538 1699 787 1750 Eunead.
824 1700 892 1762 V,
940 1700 993 1750 6.
1039 1716 1094 1765 p.
1133 1701 1254 1750 547.
1315 1698 1467 1749 Idem

380 1784 525 1820 nunc
541 1773 829 1833 praeterea
862 1770 1096 1819 conferri
1120 1769 1266 1819 vult:
1306 1769 1470 1831 „Am-

381 1840 547 1888 mian.
584 1837 831 1888 Marcell.
877 1839 1054 1901 XVII,
1088 1840 1140 1890 4.
1179 1842 1231 1901 §-
1274 1836 1309 1888 8
1345 1852 1468 1889 cum

382 1907 775 1972 Lindenbrogii
818 1912 935 1958 not.
979 1924 1033 1974 p.
1083 1909 1186 1958 254
1227 1923 1342 1972 seq.
1379 1907 1463 1957 ed.

381 1978 643 2042 Wagner.
673 1982 753 2027 *et
796 1976 986 2043 Bellay
1041 1976 1467 2042 hieroglyphice.

383 2046 561 2113 origg.
622 2047 941 2111 cantabrig.
1012 2046 1149 2098 1816
1208 2046 1469 2113 (Classic.

385 2116 572 2166 Iourn.
611 2116 760 2167 XVI.
802 2131 928 2181 pag.
961 2116 1066 2166 318
1104 2115 1325 2181 seqq.)“
1390 2116 1470 2166 Ac

305 2235 310 2240 .
382 2184 512 2235 mihi
557 2185 771 2251 quidem
814 2187 906 2235 vix
949 2186 1172 2236 dubium
1227 2201 1349 2236 esse
1396 2185 1474 2234 vi-

384 2254 568 2317 detur,
606 2255 738 2320 quin
771 2271 840 2305 ex
873 2254 1047 2305 tribus
1075 2253 1346 2305 scribendi
1378 2268 1470 2317 ge-

384 2319 634 2384 neribus,
683 2339 823 2388 quae
873 2324 1027 2388 ponit
1066 2323 1312 2373 Clemens
1348 2322 1470 2372 Ale-

383 2393 679 2444 xandrinus
715 2391 753 2442 l.
789 2392 847 2454 l.‚
881 2393 1172 2444 lnior-aticum
1215 2397 1271 2443 et
1304 2392 1474 2442 hiero-

380 2461 661 2528 qcyplzicm
676 2462 993 2512 Herodotus
1010 2476 1120 2512 una
1138 2477 1309 2528 eaque
1330 2476 1472 2512 com-

386 2531 534 2582 muni
549 2547 814 2582 sacrarum
833 2534 1092 2600 literqncm
1107 2531 1473 2597 appellatione

387 2600 804 2666 complectatur3
854 2601 1138 2652 demoticwn
1186 2602 1342 2666 quod'
1375 2615 1473 2650 vo-

387 2676 478 2721 cat
493 2707 508 2733 ,
551 2670 698 2721 haud
746 2670 925 2721 differt
961 2671 1030 2720 ab
1073 2673 1357 2733 epistolica,
1407 2673 1470 2719 ut

385 2744 550 2791 vocat
582 2739 858 2803 Clemens,
910 2745 1074 2805 atque
1120 2742 1202 2789 ita
1245 2738 1334 2789 vel
1367 2752 1472 2788 usu

388 2825 486 2860 suo
524 2810 851 2860 discernitur
885 2825 919 2860 a
953 2810 1151 2875 priori,
1201 2809 1344 2874 quod
1379 2821 1473 2872 per-

388 2893 484 2930 nes
515 2893 653 2929 unos
702 2879 1016 2931 sacerdotes
1064 2884 1148 2929 est
1194 2883 1248 2928 et
1296 2879 1366 2928 ab
1403 2877 1471 2927 iis

310 2993 340 3008 ,.
390 2947 521 2998 solis
577 2948 880 3000 adhibetur.
964 2949 1090 2998 Vid.
1145 2947 1473 2999 Uebersicht

389 3017 442 3067 d.
479 3017 757 3068 Versuche
781 3035 829 3069 z.
856 3017 1233 3084 Entzifferung
1263 3017 1317 3069 d.
1342 3018 1475 3067 Hie·

389 3086 637 3153 roglyph.
652 3088 793 3137 nach
803 3088 1001 3138 Brown
1026 3104 1136 3138 von
1145 3089 1222 3138 M.
1232 3086 1471 3137 Fritsch.

389 3172 442 3221 p.
498 3155 552 3208 8.
601 3157 683 3218 11,
732 3157 1008 3208 Letronne
1055 3161 1111 3208 et
1158 3155 1470 3209 Goulianof.

387 3228 474 3275 in:
510 3221 871 3291 Archdologie'
896 3228 1242 3292 Egyptienne
1279 3241 1350 3277 ou
1372 3227 1475 3276 Re·

389 3295 647 3345 cherches
686 3299 791 3347 etc.
831 3310 930 3360 par
965 3295 1012 3346 1.
1048 3297 1116 3347 A.
1154 3296 1219 3346 de
1257 3295 1475 3347 Goulia-

391 3364 505 3414 nof.
541 3380 595 3428 p.
646 3362 871 3426 33-39,
920 3364 1086 3427 alios,
1140 3380 1368 3430 quorum
1413 3365 1477 3415 li-

389 3433 518 3483 bros
557 3434 821 3484 excitavit
849 3433 1147 3499 Seyffarth:
1183 3434 1405 3485 Iabrbb.
1433 3434 1474 3484 f.

390 3500 536 3554 Phil.
585 3518 640 3552 u.
689 3502 857 3553 Paed.
907 3503 978 3553 X.
1014 3518 1143 3568 pag.
1186 3505 1286 3554 182
1324 3518 1473 3568 seqq.

394 3570 577 3632 Quare
600 3586 774 3636 neque
793 3571 991 3621 Ideleri
1009 3573 1335 3622 sententiam
1356 3586 1478 3637 pro-

391 3639 524 3690 bare
533 3656 773 3705 possum,
796 3643 891 3705 qui
909 3641 1205 3692 hieratieam
1215 3639 1480 3706 (Clemen-

393 3707 494 3772 tis)
528 3711 856 3775 scripturam
901 3709 990 3760 vel
1033 3710 1282 3762 consulto
1321 3710 1481 3760 omis·

394 3792 511 3829 sam
557 3784 719 3846 putat
757 3789 799 3829 'a
841 3784 999 3843 patre
1045 3779 1337 3842 historiae,
1387 3780 1480 3844 qui

391 3848 770 3912 compendium
802 3864 847 3898 s.
865 3847 1320 3913 tachygraphiam
1350 3848 1482 3898 scri-

393 3921 586 3980 pturae
618 3917 1057 3983 hieroglyphicas
1079 3918 1331 3968 babuerit
1357 3931 1483 3967 ean-

393 3985 534 4048 dem,
572 3986 662 4036 vel
696 3985 856 4050 plane
904 3986 1238 4050 Incognitam
1284 3985 1366 4035 illi
1401 3986 1484 4034 su·
1529 4021 1536 4026 -

395 4054 507 4105 isse
545 4053 637 4118 (cf.
679 4054 864 4106 Iahrb.
911 4054 949 4103 f.
1000 4055 1317 4105 wissenscb.
1363 4054 1484 4103 Kri-

395 4123 480 4174 tik
517 4123 672 4176 1835.
725 4138 895 4174 mens.
944 4124 1111 4175 Mart.
1158 4139 1242 4174 nr.
1289 4124 1377 4174 41.
1425 4138 1482 4186 p.

395 4191 540 4257 344),
569 4207 744 4258 neque
769 4192 1173 4243 Wilkinsonum
1204 4192 1482 4256 (Manners

394 4264 501 4312 etc.
552 4262 596 4311 I.
648 4276 775 4326 pag.
822 4260 944 4312 268.
981 4262 1057 4311 11.
1098 4277 1154 4325 p.
1196 4261 1281 4326 14)
1339 4265 1485 4311 recte

395 4331 661 4382 statuisse
699 4331 978 4393 existimo,
1017 4332 1111 4395 qui
1144 4329 1485 4381 Herodotum

396 4399 464 4450 de
501 4399 764 4452 hieratico
804 4405 859 4451 et
885 4399 1156 4452 demotico
1181 4399 1487 4465 scripturae

1570 1025 1767 1076 genere
1800 1009 2044 1059 locutum
2080 1023 2202 1059 esse
2238 1006 2383 1069 vult,
2422 1005 2658 1056 exclusis

1569 1081 1716 1129 notis
1750 1078 2200 1145 hieroglyphicis‚
2245 1091 2382 1143 quas
2405 1078 2554 1140 ipsas
2578 1074 2659 1123 in·

1568 1149 1656 1199 fra
1688 1149 1765 1211 11,
1808 1149 1909 1200 106
1953 1145 2193 1198 vocavit*
2224 1139 2321 1211 ἱρὰ
2363 1139 2660 1210 γράμματα

1567 1210 1868 1283 Αἰγύπτια.
1942 1216 2286 1267 Wilkinsono
2357 1212 2657 1279 adstipula-

1566 1292 1656 1338 tur
1700 1286 1950 1337 Wheeler
1998 1286 2327 1353 Geography
2384 1285 2445 1335 of
2485 1284 2658 1333 Hero·

1568 1358 1682 1408 dot.
1729 1372 1857 1423 pag.
1912 1355 2036 1408 499.
2119 1355 2408 1406 Rectiora-
2432 1351 2660 1418 protulit

1573 1427 1819 1478 Osburnz
1850 1427 2188 1476 Monument.
2218 1423 2348 1475 hist.
2370 1423 2431 1473 of
2449 1424 2654 1488 Egypt.

1569 1497 1619 1549 Ι.
1656 1513 1708 1562 p.
1749 1497 1818 1547 23
1853 1510 2004 1561 seqq.

1884 1719 2016 1768 CAP.
2055 1718 2333 1769 XXXVII.

1639 1828 1699 1888 ἐκ
1747 1836 1998 1902 χαλκέων
2051 1836 2345 1902 ποτηρίων
2398 1834 2656 1901 πίνουσι]

1571 1911 1655 1960 De
1679 1908 1888 1973 poculis
1918 1908 2105 1958 aeneis
2134 1908 2527 1972 Aegyptiorum
2550 1906 2661 1956 iam

1572 1984 1701 2029 ante
1734 1976 2072 2028 Herodotum
2117 1977 2380 2026 retulerat
2413 1975 2661 2026 Hellani-

1573 2062 1700 2110 cus,
1738 2051 1880 2098 teste
1915 2047 2112 2098 Athen.
2148 2047 2247 2107 xl,
2274 2047 2329 2097 6.
2360 2062 2416 2110 p.
2448 2045 2552 2095 470
2587 2046 2658 2094 D.

1573 2120 1659 2169 Ex
1694 2118 1828 2181 ipsis
1858 2115 2152 2180 sculpturis
2200 2115 2535 2180 picturisque
2572 2129 2663 2164 ve-

1576 2187 1741 2235 tustis
1777 2186 2048 2235 cernimus
2073 2185 2379 2250 Aegyptios
2399 2185 2541 2235 varii
2572 2200 2664 2250 ge-

1573 2255 1717 2305 neris
1774 2258 1829 2304 et
1882 2255 2089 2305 formae
2143 2254 2355 2320 poculis
2406 2255 2663 2321 vasisque

1576 2340 1696 2375 esse
1742 2338 1871 2374 usos
1904 2327 2019 2375 tam
2055 2325 2236 2374 aureis
2272 2339 2436 2390 quam
2470 2339 2664 2390 argen-

1576 2396 1708 2458 teis,
1756 2398 1921 2458 atque
1965 2394 2149 2444 aeneis
2192 2394 2440 2460 adeoque
2473 2395 2663 2443 vitreis

1576 2465 1694 2514 sive
1748 2462 2163 2527 porcellanicis,
2211 2468 2273 2512 ut
2313 2464 2529 2524 dicunt3
2588 2463 2662 2513 cf.

1575 2531 1906 2582 Wilkinson.
1956 2532 2324 2597 Topography
2374 2533 2434 2582 of
2489 2532 2661 2582 Theb.

1578 2618 1634 2666 p.
1675 2602 1792 2656 147..
1866 2603 2123 2651 Manners
2171 2607 2275 2651 etc.
2327 2601 2406 2651 11.
2455 2617 2506 2666 p.
2562 2601 2660 2651 157

1572 2686 1685 2736 seq.
1727 2670 1831 2720 220
1865 2685 1980 2735 seq.
2016 2670 2119 2721 343
2148 2685 2261 2735 seq.
2298 2669 2419 2720 398.
2457 2669 2567 2719 111.
2605 2685 2660 2734 p.

1575 2741 1696 2792 106.
1769 2740 1927 2790 Nunc
1964 2739 2180 2804 quidem
2210 2737 2471 2789 fictilibus
2499 2754 2529 2788 e
2563 2754 2662 2788 va·

1572 2811 1649 2860 sis
1681 2809 1981 2874 Aegyptios
2018 2809 2206 2859 bibere
2248 2806 2445 2860 solitos
2479 2812 2664 2858 monet

1574 2881 1760 2931 Lane:
1793 2879 2045 2928 Account
2065 2879 2127 2929 of
2151 2878 2244 2928 the
2273 2893 2527 2928 manners
2555 2877 2663 2928 and

1577 2953 1815 3000 customs
1854 2947 1915 2998 of
1951 2947 2045 2998 the
2088 2947 2311 2998 medem
2357 2949 2562 3013 Egypt.
2612 2946 2662 2999 1.

1576 3036 1631 3084 p.
1686 3018 1804 3069 182.
1841 3047 1914 3058 --
1948 3013 2324 3082 διασμῶντες,
2377 3024 2439 3067 ut
2491 3017 2663 3068 Medi-

1578 3103 1705 3140 ceus
1740 3087 1995 3152 praebet,
2040 3088 2225 3152 recepi
2270 3102 2392 3137 cum
2426 3087 2664 3137 Dindor-

1576 3159 1646 3210 fio
1678 3157 1946 3221 (Praefat.
1997 3173 2050 3222 p.
2091 3157 2316 3222 XXIX),
2357 3157 2451 3221 qui
2497 3157 2663 3207 etiam

1575 3228 1648 3279 ad
1683 3226 1789 3288 111,
1831 3228 1928 3277 148
1965 3227 2241 3280 amandat.
2316 3226 2493 3291 Vulgo
2540 3223 2665 3274 δια-

1579 3288 1881 3360 σμεῶντες,
1917 3296 2061 3346 unde
2105 3296 2407 3347 Bredovius
2448 3311 2502 3360 p.
2539 3295 2662 3354 387,

1578 3380 1736 3431 quem
1768 3365 2014 3430 sequitur
2060 3363 2327 3426 Dietscb.,
2372 3364 2537 3413 scribi
2585 3364 2665 3412 iu-

1578 3436 1673 3485 bet
1726 3430 2119 3497 διασμέοντες,
2188 3437 2249 3482 ut
2305 3431 2470 3495 paulo
2535 3435 2665 3481 ante

1580 3500 1840 3568 χρέονται
1880 3507 1936 3552 et
1971 3502 2132 3567 paulo
2169 3505 2297 3566 post
2330 3495 2665 3565 προτιμέον-

1582 3585 1689 3632 τες,
1726 3572 1822 3620 ubi
1857 3586 1956 3622 nos
1995 3570 2274 3636 vulgatam
2319 3569 2662 3619 retinuimus.

1580 3639 1742 3690 Valet
1779 3644 1960 3690 autem
2002 3636 2376 3703 διασμῶντεςε
2425 3640 2665 3694 eluentes,

1583 3710 1904 3772 detergentes
1961 3723 2133 3772 eoque
2182 3716 2483 3770 purgantes.
2579 3705 2665 3757 Ad

1584 3775 1872 3827 formulam
1909 3769 2018 3826 οὐκ
2055 3767 2086 3826 ὃ
2123 3770 2244 3841 μὲν,
2279 3772 2310 3826 ὁ
2339 3767 2393 3823 δ’
2420 3764 2493 3826 οὗ
2515 3776 2665 3825 conf.

1584 3847 1631 3909 Ι,
1672 3845 1774 3897 139
1809 3850 1865 3895 et
1901 3860 2042 3911 quae
2086 3846 2245 3910 plura
2290 3845 2450 3895 affert
2487 3844 2668 3895 Blem-

1584 3915 1727 3966 field.
1780 3916 1850 3965 ad
1892 3914 2146 3980 Aeschyl.
2193 3917 2347 3966 Pers.
2393 3914 2496 3966 807
2601 3913 2668 3963 In

1585 4000 1736 4049 seqq.
1791 3981 2007 4034 εἵνεκεν
2062 3983 2181 4050 (pro
2236 3983 2391 4050 vulg.
2458 3951 2667 4042 ebus)

1585 4054 1782 4118 scripsi
1825 4069 1947 4103 cum
1988 4053 2111 4104 edd.
2147 4058 2399 4115 recentt„
2446 4051 2669 4102 iubente

1583 4121 1816 4173 Bredov.
1842 4138 1897 4187 p.
1928 4121 2031 4173 109
2064 4128 2120 4173 et
2154 4123 2281 4182 11ος
2319 4121 2416 4171 sed
2438 4120 2667 4171 eundem

1585 4208 1640 4256 p.
1680 4191 1748 4243 68
1786 4192 2024 4242 scribere
2071 4192 2345 4241 iubentem
2388 4181 2667 4254 καθάριοι

1585 4275 1683 4326 pro
1718 4260 1870 4326 vulg.
1919 4255 2202 4325 καθαροὶ,
2260 4259 2415 4324 sequi
2462 4272 2569 4308 non
2604 4257 2669 4307 li-

1555 4330 1714 4380 .cuit.
1786 4330 1942 4380 Unus
1961 4328 2225 4390 Dietsch.,
2250 4331 2510 4393 quantum
2535 4327 2667 4390 scio,

1584 4398 1810 4463 recepit.
