3109 5092
455 386 579 448 312

1314 380 1858 443 HERODOTI

455 565 568 632 καὶ
622 556 752 648 ἐγώ
794 561 1047 628 Λυδῶν
1092 555 1211 628 τὸν
1250 556 1375 646 μὲν
1413 559 1621 627 πλέον
1657 585 1722 625 τι
1763 550 1805 643 ἢ
1846 558 2100 642 πατέρα
2142 550 2339 623 ἐόντα
2383 555 2460 624 σε
2487 552 2730 643 -λαβῶν

453 664 630 753 ἄγω,
687 659 950 731 αὐτοῖσι
990 662 1066 730 δὲ
1109 666 1398 732 Λυδοῖσι
1450 659 1576 749 τὴν
1633 659 1832 729 πόλιν
1879 659 2271 747 παρέδωκα·
2338 661 2452 728 καὶ
2499 664 2728 728 ἔπειτα

452 766 824 855 θωυμάζω,
870 775 938 834 εἴ
957 792 1067 852 μοι
1102 762 1448 834 ἀπεστᾶσι.
1495 761 1569 831 Ὁ
1597 763 1723 851 μὲν
1758 760 1841 850 δὴ
1881 761 1963 831 τά
1994 789 2120 848 περ
2162 758 2380 848 ἐνόεε,
2424 770 2644 850 ἔλεγε·
2692 758 2729 832 ὁ

454 869 517 942 δ’
555 868 868 959 ἀμείβετο
894 873 1154 953 τοῖσδε,
1191 873 1418 947 δείσας
1452 865 1542 956 μὴ
1575 864 1986 946 ἀναστάτους
2014 864 2257 954 ποιήσῃ
2285 864 2403 947 τάς
2433 865 2690 955 Σάρδις
2709 888 2724 906 ·

441 967 523 1044 Ὦ
552 977 867 1062 βασιλεῦ,
909 968 991 1040 τά
1017 971 1142 1060 μὲν
1168 969 1395 1040 οἰκότα
1427 981 1730 1058 εἴρηκας·
1777 966 1864 1037 σύ
1910 973 2137 1058 μέντοι
2166 967 2256 1057 μὴ
2286 969 2502 1039 πάντα
2528 975 2729 1063 θυμῷ

453 1083 642 1166 χρέο,
694 1074 863 1165 μηδὲ·
891 1074 1093 1144 πόλιν
1124 1072 1409 1164 ἀρχαίην
1446 1071 1927 1162 ἐξαναστήσῃς,
1972 1068 2440 1162 ἀναμάρτητον
2481 1070 2728 1143 ἐοῦσαν

454 1182 736 1249 καὶτῶν
782 1177 1108 1267 πρότερον
1147 1179 1259 1247 καὶ
1297 1181 1434 1246 τῶν
1459 1181 1595 1247 νῦν
1626 1175 2004 1246 ἑστεώτωνθ
2048 1174 2129 1245 τά
2168 1175 2293 1264 μὲν
2331 1174 2460 1265 γὰρ
2489 1175 2724 1265 πρότε-

456 1312 577 1371 ρον
606 1279 741 1369 ἐγώ
766 1307 839 1349 τε
881 1285 1169 1370 ἔπρηξα,
1210 1282 1323 1348 καὶ
1364 1278 1495 1368 ἐγώ
1526 1278 1650 1370 ἐμῇ
1696 1284 1958 1368 κεφαλῇ
1992 1275 2331 1368 ἀναμάξας
2372 1282 2581 1369 φέρω.
2648 1277 2728 1348 τά

458 1386 531 1455 δὲ
560 1390 690 1455 νῦν
721 1382 1084 1472 παρεόντα,
1114 1381 1432 1473 Πακτύης
1456 1384 1588 1475 γάρ
1617 1381 1753 1452 ἐστι
1793 1379 1828 1451 ὅ
1856 1379 2179 1469 ἀδικέων,
2218 1390 2313 1477 τῷ
2342 1380 2429 1452 σὺ
2458 1379 2727 1471 ἐπέτρε-

454 1503 586 1571 ψας
631 1485 924 1574 Σάρδις,
982 1476 1174 1567 οὗτος
1214 1486 1387 1555 δότω
1426 1515 1528 1557 τοι
1574 1492 1791 1575 δίκην.
1877 1491 2162 1554 Λυδοῖσι
2207 1486 2283 1555 δὲ
2323 1484 2731 1574 συγγνώμην

455 1597 630 1678 ἔχων
668 1588 829 1656 τάδε
857 1585 1118 1658 αὐτοῖσι
1161 1586 1505 1676 ἐπίταξον,
1553 1585 1642 1669 ὥς
1669 1590 1833 1678 μήτε
1871 1585 2280 1676 ἀποστέωσι,
2322 1588 2485 1679 μήτε
2517 1595 2737 1659 δεινοί

452 1791 549 1841 VI.
569 1805 696 1855 pag.
712 1789 811 1839 451
844 1787 995 1854 Sylb.
1011 1788 1293 1839 Aristotel.
1312 1789 1536 1841 Rhetor.

451 1861 498 1924 1,
538 1860 622 1910 16.
661 1859 736 1921 ΙΙ,
790 1858 872 1908 17.
923 1857 1115 1923 Polyb.
1152 1860 1330 1922 XXII,
1376 1860 1427 1910 8.
1468 1889 1541 1898 —

452 1930 519 1980 In
551 1944 704 1994 seqq.
740 1932 876 1978 nota
910 1927 1133 1978 articuli
1160 1929 1542 1994 transpositio-

451 1997 1075 2118 ‘fiffiffi‘fflssff‘issssrbffie
1110 1999 1540 2134 {bisssl'ssimss'ssff

452 2137 652 2186 Dicere
709 2135 850 2184 enim
909 2143 1335 2188 consentaneum
1389 2143 1540 2189 erat:

455 2194 532 2263 ὥς
553 2198 632 2285 ’.δὲ
666 2198 763 2251 καὶ
793 2193 897 2265 ἐγὼ
920 2196 1031 2280 ἀὲ,
1068 2197 1190 2253 τὸν
1223 2200 1327 2269 μὲν
1363 2205 1542 2256 πλέον

453 2290 506 2422 il
521 2262 894 2418 uzzw}ffgssoess
903 2286 1015 2389 (3νᾶ
1025 2287 1109 2404 zu
1122 2332 1159 2389 ά
1170 2338 1201 2400 ζ
1210 2356 1252 2390 ω
1268 2379 1281 2405 ,
1335 2339 1398 2390 εἴ
1443 2357 1541 2406 μοι

452 2407 752 2475 απεστασι]
788 2410 1100 2462 Gaisfordio
1129 2425 1195 2459 ex
1227 2426 1334 2461 uno
1362 2411 1544 2462 Schel-

453 2478 820 2531 tershemiano
885 2479 1069 2529 edenti
1128 2471 1375 2544 θωμάζω
1430 2497 1541 2531 non

455 2549 980 2614 obtemperavimus,
1038 2565 1163 2600 cum
1210 2551 1541 2614 reliquorum

450 2620 712 2670 librorum
734 2619 1033 2669 auctoritas
1059 2625 1288 2670 vetaret.
1339 2621 1413 2670 Et
1429 2620 1541 2672 vid.

453 2706 593 2755 quae
629 2690 696 2739 de
731 2689 818 2739 his
843 2689 1053 2738 monuit
1083 2690 1319 2740 BredoV.
1352 2704 1404 2753 p.
1440 2691 1541 2741 142

455 2765 511 2809 et
540 2760 642 2811 143
660 2796 673 2820 ,
710 2774 816 2823 quo
848 2757 1035 2809 eodem
1056 2769 1309 2810 monente
1335 2774 1388 2823 p.
1417 2759 1537 2810 287.

454 2845 575 2879 cum
611 2832 843 2878 recentt.
870 2827 993 2878 edd.
1019 2829 1239 2879 restitui
1263 2820 1414 2878 ἐνόεε
1443 2845 1540 2895 pro

455 2890 609 3015 Ἅιὲεέ,
632 2896 823 3014 ungd
845 2965 871 3014 f
893 2897 1170 3016 Glgtisfczrd.
1237 2904 1537 3017 ιῖἓῗροτῧι.

583 3002 596 3016 .
685 2980 742 3014 m
783 2981 843 3014 or
872 3001 885 3014 .
972 2981 1065 3015 rae
1094 3002 1107 3016 .
1188 3002 1201 3016 .
1375 3004 1389 3016 .
1510 2984 1540 3017 e

454 3049 558 3085 usu
593 3033 821 3083 voculae
846 3028 900 3082 εἰ
923 3033 1045 3098 (pro
1073 2983 1190 3099 ὅτις
1224 3042 1349 3098 post
1380 3034 1538 3084 θωυ-

453 3095 602 3168 μάζω
636 3117 856 3153 monere
879 3104 971 3152 vix
995 3118 1158 3168 opus;
1188 3104 1333 3155 conf.
1360 3105 1541 3156 Kush-

455 3188 552 3222 ner
589 3172 683 3235 Gr.
724 3171 817 3222 Gr.
856 3175 906 3235 §-
946 3172 1066 3234 771,
1104 3174 1155 3223 7.

526 3233 594 3290 σύ
630 3238 824 3305 μέντοι
856 3233 934 3324 μὴ
966 3233 1153 3290 πάντα
1177 3240 1351 3308 θυμῷ
1389 3240 1539 3324 χρέο,

451 3307 596 3376 μηδὲ
637 3301 807 3358 πόλιν
842 3309 1088 3376 ἀρχαίην
1133 3303 1538 3380 ἐξαναστησῃς]

453 3381 538 3432 Ad
593 3379 761 3432 verba
810 3378 981 3444 θυμοῖ
1023 3377 1154 3445 χρέο
1210 3381 1354 3431 conf.
1403 3398 1543 3448 quae

455 3451 690 3502 diximus
730 3449 799 3498 ad
838 3450 885 3512 Ι,
928 3449 1047 3501 137.
1098 3447 1230 3515 χρέο
1278 3450 1401 3501 dedi
1443 3467 1540 3516 pro

451 3519 598 3586 χρέω
635 3519 858 3569 iubente
890 3520 1126 3571 Bredov.
1176 3536 1230 3585 p.
1279 3520 1398 3572 382.
1438 3520 1541 3571 387

453 3595 509 3640 et
546 3589 800 3641 Dindorf.
839 3606 892 3654 p.
928 3590 1128 3640 XLIV.
1166 3590 1395 3641 Dietsch
1433 3592 1544 3641 edi-

453 3659 535 3709 dit
568 3659 748 3724 χρέεο.
778 3689 850 3699 —-
879 3660 1087 3712 Verba:
1124 3654 1221 3708 καὶ
1253 3657 1367 3709 τῶν
1401 3651 1540 3723 πρό-

451 3743 636 3791 τερον,
670 3723 766 3776 καὶ
792 3726 906 3778 τῶν
928 3726 1035 3778 νῦν
1057 3719 1340 3778 ἑστεώτων
1361 3735 1539 3780 verte:

451 3799 587 3862 quod
617 3801 801 3848 attinet
828 3800 901 3848 ad
935 3815 1023 3861 ea,
1072 3814 1202 3864 quae
1233 3801 1380 3861 prius
1421 3808 1541 3850 acta

451 3874 571 3916 sunt
627 3874 675 3915 et
735 3883 867 3930 quae
901 3883 1034 3917 nunc
1093 3877 1327 3932 ayuntur.
1411 3867 1536 3920 vid.

450 3935 650 3984 Matth.
692 3937 743 3997 ἓ.
781 3935 903 3988 339.
942 3952 1068 4001 pag.
1110 3939 1233 3988 647.

522 3998 619 4052 καὶ
653 3993 758 4067 ἐγώ
789 3997 893 4070 ἐμῇ
928 4005 1149 4073 κεφαλῇ
1183 3998 1538 4073 ἀναμάξας

452 4069 634 4136 φέρω]
669 4073 707 4123 i.
746 4088 792 4122 e.
837 4081 889 4123 et
935 4090 1027 4140 eqo
1070 4091 1176 4126 meo
1219 4082 1390 4141 capite
1432 4078 1535 4125 cul·

446 4157 565 4206 pom
609 4144 708 4190 luo.
781 4143 1036 4194 Imitatus
1080 4147 1280 4196 Noster
1322 4146 1538 4196 videtur

450 4213 746 4263 Homerum
765 4248 778 4274 ,
812 4217 875 4261 ut
897 4213 984 4267 Cr.
1013 4220 1225 4277 monet,
1254 4219 1311 4265 in
1335 4216 1536 4281 Odyss.

450 4281 600 4360 ΧΙΧ,
652 4281 739 4333 92.
792 4281 886 4344 (-
937 4272 970 4332 ὃ
1016 4283 1089 4351 σῇ
1131 4285 1353 4352 κεφαλῇ
1399 4280 1536 4335 ἀνα-

449 4348 687 4417 μαξεις).
747 4351 872 4402 Alia
906 4353 971 4404 de
1003 4356 1168 4405 verbo
1194 4347 1538 4419 ἀναμάττειν

447 4431 638 4484 laudat
682 4428 980 4481 Creuzerus
1039 4427 1109 4477 ad
1154 4426 1337 4480 Procli
1384 4425 1539 4477 Com-

1644 1793 1834 1839 mentt.
1883 1790 1939 1840 in
1974 1790 2222 1841 Platonis
2265 1789 2539 1842 Alcibiad.
2577 1792 2646 1844 T.
2680 1790 2727 1842 1.

1643 1875 1770 1924 pag.
1810 1858 1930 1911 300.

1712 1921 1780 1977 τὰ
1829 1921 1892 1977 δὲ
1941 1925 2050 1979 νῦν
2097 1920 2411 1992 παρεόντα,
2462 1920 2731 1994 Πακτύης

1644 1989 1750 2062 γάρ
1789 1987 1902 2046 ἐστι
1949 1988 1979 2045 ὁ
2027 1988 2300 2062 ἀδικέων,
2348 1995 2429 2059 τῷ
2471 1990 2538 2048 σὺ
2587 2013 2640 2048 κ.
2680 2014 2726 2047 τ.

1644 2064 1718 2131 λ.]
1766 2068 1850 2116 De
1893 2067 2165 2131 particula
2214 2058 2320 2132 γὰρ
2368 2067 2605 2118 vidimus
2661 2066 2730 2117 ad

1647 2137 1694 2198 1,
1731 2138 1784 2186 2.
1860 2137 1962 2186 Est
1998 2137 2138 2186 enim
2183 2152 2403 2187 sensus:
2452 2138 2731 2202 „Pactyas

1644 2220 1847 2269 poenas
1893 2205 1995 2255 tibi
2041 2205 2160 2268 det;
2206 2224 2321 2256 nam
2353 2209 2440 2257 ille
2477 2212 2590 2270 est,
2640 2207 2732 2271 qui

1644 2274 1845 2322 iniuste
1896 2275 2034 2338 egit,
2098 2276 2190 2339 qui
2245 2291 2502 2340 praesens
2553 2275 2731 2345 scelus

1646 2342 1976 2407 commisit.“
2060 2344 2168 2395 Sed
2214 2345 2388 2395 maior
2436 2343 2731 2396 difficultas

1646 2412 1703 2467 in
1743 2428 1806 2461 eo
1842 2413 2024 2476 posita
2049 2418 2157 2476 est,
2196 2414 2341 2478 quod
2364 2415 2605 2479 Pactyas
2629 2415 2732 2464 hoc

1645 2480 1766 2530 loco
1815 2482 2149 2545 nominetur,
2204 2483 2292 2533 cui
2339 2499 2371 2533 a
2419 2484 2561 2548 Cyro
2609 2485 2732 2535 Sar-

1648 2551 1743 2601 des
1781 2551 1986 2601 fuerint
2022 2552 2344 2615 permissae,
2383 2552 2543 2618 plane
2572 2554 2733 2604 aliter

1643 2623 1811 2685 atque
1836 2620 1882 2682 1,
1915 2622 2031 2682 154,
2057 2621 2153 2670 ubi
2174 2622 2416 2672 Tabalus
2446 2629 2548 2684 est,
2573 2639 2731 2689 quem

1646 2690 1909 2740 Sardibus
1969 2705 2062 2740 rex
2130 2691 2423 2755 praefecit,
2489 2694 2732 2756 Pactyae

1644 2775 1776 2810 cura
1801 2759 2179 2810 thesaurorum
2208 2761 2554 2813 demandata.
2621 2764 2734 2814 Ita·
2835 2799 2846 2808 -

1643 2845 1780 2894 que,
1818 2844 1888 2878 ne
1923 2828 2239 2880 Herodotus
2288 2831 2395 2880 sibi
2440 2832 2559 2896 ipse
2604 2848 2733 2883 con-

1644 2899 1814 2948 traria
1849 2899 2203 2963 pronuntiare
2228 2906 2541 2963 censeatur,
2578 2904 2734 2952 Wes-

1644 2967 1908 3032 selingius
1954 2969 2011 3016 in
2059 2984 2177 3019 eam
2222 2968 2417 3019 incidit
2470 2973 2733 3037 suspicio-

1642 3052 1765 3086 nem
1781 3075 1795 3100 ,
1833 3043 1894 3087 ut
1913 3038 1982 3087 ad
2002 3027 2247 3086 ἀδικέων
2265 3039 2585 3091 adsumatur
2603 3038 2732 3090 τοῦ-

1644 3120 1746 3153 τον
1780 3121 1823 3156 s.
1865 3097 2085 3156 ἐκεῖνον
2117 3106 2258 3171 (scil.
2290 3100 2395 3157 τὸν
2424 3103 2729 3177 Τάβαλον),

1643 3175 1747 3224 hoc
1785 3174 1898 3226 fere
1934 3191 2124 3226 sensu:
2167 3179 2392 3243 Pactyas
2426 3181 2472 3229 is
2508 3189 2609 3242 est,
2649 3184 2736 3245 qui

1643 3245 1856 3308 offendit
1901 3261 2006 3296 eum
2054 3244 2154 3308 (sc.
2202 3247 2512 3315 Tabulam),
2555 3254 2639 3299 cui
2678 3257 2732 3299 tu

1642 3313 1842 3363 Sardes
1876 3318 2173 3366 commisisti.
2256 3317 2409 3378 Quae
2457 3319 2733 3368 sententia

1643 3382 1836 3432 merito
1859 3383 2059 3449 frigida
2080 3384 2297 3434 videtur
2320 3386 2732 3454 Schweighaeu-

1645 3468 1793 3514 ser0,
1834 3453 1924 3517 qui
1964 3454 2101 3519 ipse,
2128 3454 2284 3503 malit
2321 3455 2518 3514 fateri,
2554 3458 2732 3508 minus

1646 3528 1903 3572 accurate
1937 3522 2026 3572 hic
2044 3522 2354 3587 loquentem
2376 3525 2634 3577 Croesum
2659 3527 2733 3577 fe-

1645 3591 1788 3641 cisse
1837 3591 2207 3654 Herodotum,
2264 3594 2371 3643 nisi
2418 3597 2557 3646 forte
2609 3613 2734 3647 con·

1645 3660 1790 3710 sulto
1828 3660 1908 3711 ita
1932 3661 2202 3726 dicentem
2236 3663 2495 3715 Croesum
2534 3667 2734 3716 Noster

1642 3729 1935 3781 induxerit.
1976 3760 2042 3768 —
2075 3732 2183 3782 Pro
2220 3725 2367 3781 δότω
2410 3750 2500 3783 τοι
2536 3736 2733 3801 Negris

1644 3799 1817 3850 edidit
1851 3791 2001 3849 δότω
2040 3796 2099 3850 τέ
2135 3794 2210 3850 οἰ.

1710 3860 1844 3918 τάδε
1878 3860 2104 3919 αὐτοῖσι
2141 3862 2439 3931 ἐπίταξον,
2479 3861 2556 3928 ὥς
2594 3863 2730 3934 μήτε

1640 3928 1961 3988 ἀποστέωσι
2018 3954 2069 3988 κ.
2117 3955 2164 3989 τ.
2225 3939 2297 4006 λ.]
2357 3941 2534 3991 Aliter
2595 3941 2730 3991 haec

1643 4012 1862 4058 enarrat
1895 4009 2144 4059 Iustinus
2178 4009 2225 4074 1,
2263 4012 2314 4061 7.
2355 4014 2406 4073 ξ.
2449 4010 2534 4061 11.
2589 4010 2732 4075 Lydi

1643 4077 1785 4128 enim
1829 4083 1955 4144 post
1991 4079 2250 4129 Croesum
2296 4080 2501 4130 victum
2555 4079 2730 4130 denuo

1640 4147 2066 4211 rebellaverunt,
2117 4149 2261 4214 Cyro
2309 4150 2365 4198 in
2411 4149 2535 4199 aliis
2571 4150 2729 4200 bellis

1642 4223 1944 4282 occupato;
1992 4217 2088 4270 sed
2135 4219 2334 4269 iterum
2375 4217 2540 4270 victis
2579 4234 2731 4270 arma

1642 4293 1696 4337 et
1742 4288 1867 4353 equi
1908 4288 2113 4338 ademti
2157 4289 2372 4353 ipsique
2418 4288 2556 4338 iussi
2603 4295 2731 4339 sunt

1641 4373 1918 4422 cauponas
1955 4363 2010 4408 et
2044 4357 2283 4409 ludicras
2313 4362 2463 4408 'artes
2499 4365 2554 4408 et
2585 4358 2732 4409 leno-

1641 4429 1789 4478 cinia
1825 4442 2097 4480 exercere.
2169 4431 2347 4494 Atque
2373 4428 2489 4478 inte
2524 4429 2732 4480 factum
