3109 5092
988 337 1120 397 AD
1164 337 1508 401 HEROD
1529 337 1675 400 OT.
1719 338 1805 412 Π,
1846 346 1968 401 124.
2488 335 2612 397 879

340 510 568 563 mondes
598 514 735 570 1846
774 510 873 580 (T.
905 509 1063 578 XYI)
1102 529 1159 581 p.
1190 516 1296 572 660
1325 529 1482 583 seqq.
1526 511 1768 580 itemque
1811 511 1899 564 vir
1939 511 2137 563 doctus
2178 509 2237 562 in
2277 510 2613 579 Bibliotheq.

344 594 681 648 universelle
721 596 996 665 (Geneve
1039 600 1180 657 1848
1222 596 1493 665 Janvier)
1535 616 1593 666 p.
1625 599 1730 655 498
1761 614 1948 666 seqq.,
1999 613 2101 648 nec
2147 612 2282 647 sane
2325 612 2465 664 opus
2510 595 2617 647 erit

343 680 601 749 pluribus
638 687 1090 748 commonstrare,
1121 698 1284 750 quam
1310 682 1491 734 inanis
1518 681 1596 734 sit
1623 681 1735 733 ista
1765 682 1972 751 opinio.

512 765 666 817 Haec
700 765 984 818 sufficiant
1012 766 1083 817 de
1111 766 1373 835 consilio,
1420 783 1530 837 quo
1562 766 1876 836 pyramides
1909 772 2222 818 exstructas
2259 781 2384 817 esse
2424 763 2616 816 existi-

341 867 577 905 mamus:
626 850 775 902 inter
802 867 941 920 quas
973 868 1115 921 quae
1153 851 1511 921 praecipuum
1540 851 1718 903 locum
1747 857 1942 904 tenent
1969 857 2026 903 et
2052 850 2407 919 amplitudine
2448 855 2505 900 et
2538 847 2615 899 al·

343 935 601 1004 titudine,
637 952 732 987 eas
761 935 973 987 Noster
1002 944 1257 989 accurate
1285 936 1585 1006 descripsit
1614 937 1716 1007 (cf.
1747 936 1822 1005 11,
1847 940 1949 994 124
1978 936 2166 1005 ibique
2196 942 2336 987 nott.
2370 933 2440 985 ad
2467 932 2615 999 fin.),

345 1020 580 1073 caeteris
610 1020 830 1087 missis3
868 1037 988 1072 nam
1023 1024 1397 1093 quadraginta
1424 1023 1593 1074 ferme
1623 1036 1849 1073 numero
1882 1019 1973 1073 vel
2000 1020 2252 1088 integrae
2282 1018 2373 1071 vel
2400 1017 2617 1070 mutila-

345 1112 436 1157 tae
473 1105 651 1157 adhuc
693 1122 795 1174 per
841 1104 1151 1174 Aegyptum
1211 1114 1515 1159 cernuntur
1561 1106 1904 1176 pyramides,
1975 1121 2203 1175 quarum
2244 1102 2510 1174 plurimae
2560 1102 2617 1154 in

347 1189 574 1257 regione
607 1189 957 1259 Memphitica
986 1191 1126 1243 sitae
1166 1209 1199 1243 a
1223 1191 1360 1244 viris
1395 1192 1575 1244 doctis
1606 1191 1744 1244 adeo
1774 1206 1924 1243 nunc
1952 1208 2054 1260 per
2080 1198 2289 1242 turmas
2333 1206 2381 1240 s.
2414 1204 2617 1256 greges

346 1274 801 1342 distinguuntur:
852 1275 965 1327 vid.
995 1276 1181 1344 zoega
1219 1275 1257 1327 l.
1290 1275 1327 1327 l.
1384 1276 1554 1329 Beck.
1593 1276 1626 1327 1.
1659 1275 1695 1327 l.
1743 1295 1798 1345 p.
1830 1280 1954 1336 711.
2005 1274 2183 1327 Raoul
2217 1273 2487 1326 Rochette
2527 1271 2619 1324 in:

346 1358 578 1411 Journal
604 1360 703 1412 des
724 1359 939 1411 Savans
973 1365 1127 1420 1844.
1159 1366 1336 1431 p.330
1364 1379 1520 1431 seqq.
1550 1359 1842 1413 Scheiffele
1864 1359 1901 1411 l.
1930 1376 2101 1429 supra
2122 1358 2158 1410 l.
2191 1362 2384 1428 p.292.
2449 1357 2620 1409 Acce-

346 1443 488 1495 dunt
526 1444 839 1514 pyramides
880 1447 1187 1498 recentiore
1229 1451 1409 1498 aetate
1448 1464 1550 1515 per
1579 1444 1819 1498 Nubiam
1862 1445 1919 1497 in
1964 1444 2036 1496 iis
2076 1444 2434 1512 regionibus,
2479 1458 2620 1511 quae

347 1528 417 1580 ad
451 1535 690 1581 veterem
720 1528 962 1582 Meroem
997 1530 1336 1599 pertinuisse
1367 1535 1697 1596 censentur,
1732 1531 2023 1597 inventae,
2071 1529 2172 1582 sed
2199 1529 2365 1597 longe
2392 1527 2621 1579 inferio·

347 1631 439 1665 res
482 1612 609 1665 illae
654 1613 871 1683 quidem
916 1615 1238 1684 Aegyptiis:
1302 1616 1369 1669 de
1396 1632 1508 1684 qua
1547 1632 1609 1667 re
1654 1615 1960 1667 monuimus
2003 1614 2063 1666 in
2107 1622 2247 1666 nott.
2303 1611 2372 1664 ad
2413 1612 2488 1679 11,
2529 1616 2620 1669 29.

348 1697 502 1760 Quid
535 1697 686 1767 quod
723 1698 780 1749 in
820 1699 1126 1752 Mexicanis
1165 1701 1333 1753 terris
1376 1699 1613 1769 aliisque
1640 1699 1922 1752 Americae
1962 1696 2338 1750 meridionalis
2379 1695 2621 1763 regioni-

347 1784 455 1835 bus
490 1781 757 1835 simillima
790 1782 1084 1853 Aegyptiis
1126 1785 1504 1853 pyramidibus
1545 1789 1894 1836 monumenta
1924 1783 2153 1835 inventa
2193 1788 2356 1848 sunt,
2400 1781 2469 1833 de
2499 1779 2624 1848 qui-

348 1869 455 1921 bus
498 1868 645 1919 conf.
693 1867 926 1920 Clarke=
968 1869 1207 1923 Travels
1251 1870 1324 1938 II,
1356 1877 1409 1928 2.
1458 1887 1515 1939 p.
1553 1873 1674 1927 196.
1741 1866 2100 1921 Thorlacius=
2155 1865 2259 1918 Om
2300 1866 2623 1935 Aegypton·

351 1952 667 2020 symbolske
699 1951 1022 2005 Oldminder
1053 1954 1460 2007 isaerdelesbed
1492 1970 1576 2004 om
1606 1953 2019 2021 Pyramiderne.
2061 1951 2429 2020 Kjobenhavn
2463 1953 2622 2008 1822.

350 2036 643 2089 Minutoli=
687 2037 1006 2105 Nachtrige
1036 2055 1104 2090 zu
1137 2055 1185 2090 s.
1215 2038 1383 2091 Reise
1415 2047 1518 2091 etc.
1549 2043 1728 2108 p.259
1759 2043 1816 2090 et
1842 2037 2263 2105 Beschreibung
2296 2036 2449 2089 einer
2478 2033 2625 2085 alten

349 2122 513 2174 Stadt
548 2122 604 2173 in
639 2122 952 2175 Guatimala
989 2131 1093 2176 etc.
1126 2142 1181 2194 p.
1215 2128 1248 2182 9
1275 2142 1433 2194 seqq.
1480 2130 1535 2175 et
1565 2123 1662 2193 qui
1710 2122 1891 2175 omnia
1918 2123 2025 2174 huc
2055 2120 2368 2192 spectantia
2404 2118 2628 2187 collegit

350 2208 406 2260 J.
440 2207 512 2259 G.
545 2205 778 2259 Miillerz
823 2208 1154 2260 Geschichte
1204 2209 1256 2261 d.
1293 2208 1599 2261 American.
1649 2204 2039 2275 Urreligioneu
2086 2225 2142 2277 p.
2184 2209 2288 2265 457
2332 2223 2490 2275 seqq.
2553 2202 2628 2254 At

351 2304 485 2343 vero
515 2291 831 2343 accuratius
867 2292 1295 2363 inspicientibus
1325 2310 1446 2346 mox
1476 2292 1790 2363 apparebit,
1838 2292 2158 2344 Mexicanas
2189 2290 2522 2361 pyramides,
2567 2287 2626 2339 in

349 2375 635 2428 nonnullis
681 2378 929 2445 quamvis
970 2377 1177 2430 similes
1217 2377 1539 2446 Aegyptiis,
1584 2378 1654 2429 ab
1697 2377 1780 2429 his
1824 2383 2005 2453 tamen
2046 2376 2337 2446 plurimum
2376 2375 2626 2440 differre,

351 2461 405 2513 si
436 2460 798 2530 altitudinem,
833 2468 1148 2515 structurae
1178 2463 1463 2530 rationem,
1497 2463 1721 2516 sormam
1748 2478 1812 2514 ac
1842 2462 2083 2533 denique
2112 2461 2294 2531 ipsum
2323 2477 2500 2525 usum,
2538 2456 2629 2508 cui

349 2545 647 2599 Mexicana
679 2545 812 2598 haec
847 2556 1193 2600 monumenta
1221 2547 1616 2615 inservierint,
1660 2547 2053 2616 respiciamus:
2103 2563 2282 2614 neque
2310 2544 2456 2597 enim
2486 2559 2629 2595 mor-

340 2638 574 2683 tuorum
616 2630 738 2682 sive
782 2648 975 2700 regum
1017 2633 1136 2685 sive
1170 2633 1479 2703 principum
1529 2631 1893 2685 cadaveribus
1938 2629 2276 2700 recipiendis
2305 2628 2629 2681 Mexicanae

341 2715 668 2787 pyramides
700 2717 1128 2769 accommodatae
1161 2724 1351 2785 erant,
1397 2718 1496 2770 sed
1528 2717 1705 2769 sacris
1735 2715 2072 2786 peragendis
2109 2714 2457 2783 victimisque
2488 2710 2627 2764 adeo

345 2801 608 2854 humanis
651 2800 945 2854 caedendis
988 2811 1176 2872 aptae:
1234 2803 1302 2854 de
1342 2818 1453 2872 qua
1495 2821 1552 2855 re
1584 2803 1731 2854 conf.
1768 2800 2004 2870 Ampere
2031 2800 2118 2853 in:
2170 2799 2363 2852 Revue
2397 2798 2452 2849 d.
2486 2797 2632 2849 deux

351 2885 537 2940 mond.
575 2889 733 2944 1853.
765 2885 836 2937 T.
869 2886 967 2938 lv.
1001 2907 1056 2957 p.
1087 2894 1195 2947 210
1224 2906 1343 2957 seq.
1390 2886 1648 2939 Mueller.
1686 2884 1793 2938 l..l.

527 2970 755 3037 Restat,
787 2978 850 3022 ut
881 2971 946 3024 de
978 2972 1102 3040 ipsa
1137 2990 1291 3040 voce,
1323 2989 1434 3042 qua
1459 2971 1664 3024 Graeci
1699 2970 1831 3022 haec
1863 2969 2264 3039 Aegyptiorum
2296 2984 2489 3035 regum
2517 2982 2630 3018 mo-

353 3062 621 3110 numenta
649 3055 980 3124 sepulcralia
1009 3057 1407 3126 designarunt,
1441 3071 1807 3126 exponamus:
1841 3071 2023 3125 neque
2054 3054 2199 3107 enim
2227 3053 2634 3122 adhuc‚.quan-

353 3150 471 3194 tum
503 3141 752 3210 equidem
783 3141 929 3211 scio,
976 3144 1252 3211 cognitum
1284 3129 1399 3209 οέῑ,
1443 3141 1606 3212 quale
1636 3140 1808 3194 fuerit
1838 3157 2033 3194 nomen
2065 3141 2133 3192 ab
2165 3139 2308 3209 ipsis
2342 3136 2635 3206 Aegyptiis

361 3226 684 3278 adhibitum.
737 3227 851 3288 Qui
882 3227 1191 3297 antiquitus
1218 3228 1286 3280 de
1317 3229 1416 3279 hac
1439 3244 1501 3279 re
1525 3226 1942 3297 quaesiverunt,
1982 3243 2079 3277 eos
2109 3224 2422 3276 invenimus
2453 3220 2541 3274 vel
2566 3219 2637 3272 ad

363 3326 554 3361 vocem
588 3303 798 3380 πυρὸς,
832 3312 978 3364 unde
1009 3312 1327 3365 derivarent
1351 3307 1452 3374 τὰς
1485 3310 1830 3381 πυραμίδας,
1861 3326 2155 3377 regressos
2188 3325 2343 3373 esse,
2377 3305 2540 3375 quia,
2575 3307 2641 3353 ut

362 3391 628 3442 Ammiani
660 3390 968 3446 Marcellini
986 3392 1045 3461 *)
1078 3403 1204 3449 utar
1232 3397 1420 3449 verbis
1440 3434 1455 3461 ‚
1488 3396 1556 3447 ad
1586 3396 1731 3466 ignis
1759 3394 1994 3463 speciem
2024 3396 2360 3443 extenuatur
2387 3386 2634 3458 pyramis

362 3474 422 3528 in
455 3491 681 3541 conum,
729 3475 816 3526 vel
860 3476 928 3528 ad
954 3479 1181 3532 triticum
1198 3476 1326 3545 **),
1380 3496 1500 3531 cum
1538 3471 1651 3531 ἀπὸ
1689 3479 1802 3530 τῶν
1845 3477 2038 3543 πυρῶν
2077 3474 2275 3526 deduci
2308 3472 2513 3527 vellent
2539 3465 2640 3531 τὰς

361 3560 708 3629 πυραμίδας;
756 3576 915 3629 quam
947 3561 1273 3614 Iudaeorum
1305 3562 1825 3627 Alexandrinorum,
1861 3560 1955 3630 qui
1989 3558 2303 3628 pyramides
2334 3556 2640 3626 Aegyptio-

364 3662 485 3698 rum
517 3646 716 3698 horrea
743 3646 920 3699 fuisse
952 3646 1216 3713 dicerent,
1259 3647 1570 3716 opinionem
1606 3662 1800 3715 nuper,
1833 3643 1983 3714 quod
2017 3643 2255 3709 mireris,
2296 3642 2478 3695 denuo
2510 3657 2638 3694 sus-

365 3733 514 3801 cepit
555 3731 642 3784 vir
682 3731 878 3783 doctus
919 3733 975 3784 in
1024 3732 1294 3800 Quaterly
1335 3731 1562 3805 Reriew
1605 3729 1728 3783 Vol.
1760 3728 2064 3782 LXXVIII.
2110 3746 2165 3798 p.
2199 3731 2303 3786 164
2343 3745 2459 3797 seq.
2532 3727 2643 3780 Sed

510 3898 564 3964 *)
601 3900 723 3949 Lib.
747 3898 925 3950 XXII.
964 3912 1088 3963 cap.
1116 3898 1195 3949 15.
1232 3901 1282 3961 §-
1307 3898 1405 3949 28:
1446 3924 1563 3959 „—
1600 3912 1740 3963 quse
1775 3895 1947 3961 figura
1984 3893 2131 3960 apud
2166 3897 2478 3959 geometras
2515 3893 2640 3944 ideo

369 3968 453 4018 sic
492 3965 837 4035 appellatur,
877 3968 1022 4034 quod
1060 3968 1132 4017 ad
1169 3968 1314 4033 ignis
1351 3968 1592 4032 speciem
1621 3963 1725 4016 τοῦ
1760 3958 1971 4030 πυρὸς,
2006 3969 2070 4015 ut
2104 3979 2206 4014 nos
2242 3964 2504 4025 dicimus,
2549 3980 2639 4015 ex·

366 4041 632 4090 tenuatur
670 4039 729 4089 in
765 4039 1033 4089 conum“.
1107 4038 1267 4103 Apud
1311 4037 1598 4087 Platonem
1644 4036 1879 4086 in·Tim.
1920 4050 1973 4100 p.
2016 4035 2083 4103 ‚56
2118 4035 2180 4084 B.
2228 4034 2375 4087 inter
2418 4034 2532 4085 alia
2568 4032 2641 4083 le-

365 4113 573 4170 guntur
608 4108 777 4159 haec:
814 4099 878 4157 τὸ
916 4102 1020 4171 μὲν
1055 4104 1156 4171 τῆς
1183 4103 1507 4171 πυραμίδος
1545 4097 1771 4169 στερεὸν
1807 4094 2050 4170 γεγονόξ
2076 4095 2231 4161 εἶδος
2267 4098 2452 4170 πυρὸς
2493 4114 2641 4151 στοι-

366 4178 533 4237 χεῖον
564 4175 661 4228 καὶ.
699 4171 946 4241 σπέρμα;
1000 4191 1138 4241 quae
1175 4176 1324 4227 haud
1360 4176 1476 4227 scio
1515 4191 1588 4225 an
1620 4175 1727 4227 huc
1775 4190 1991 4242 quoque
2035 4178 2305 4239 spectent.
2378 4174 2642 4224 Laurent.

370 4244 513 4307 Lyd.
556 4249 622 4298 de
658 4262 856 4299 menss.
895 4262 949 4311 p.
982 4247 1048 4297 10
1085 4244 1230 4311 (coll.
1269 4262 1323 4311 p.
1363 4243 1518 4311 234):
1556 4236 1593 4309 ἡ
1629 4237 1693 4294 δὲ
1728 4239 1979 4308 πυραμὶς
2005 4233 2230 4308 Ἡλίου,
2273 4243 2371 4292 ubi
2403 4238 2647 4292 Boether

371 4320 527 4367 recte
562 4317 814 4368 Platonis
862 4315 1042 4365 locum
1086 4315 1295 4366 attulit.
1508 4313 1596 4377 ¹⁸²⁸)
1635 4314 1898 4379 Stephan.
1937 4314 2172 4378 Byzant.
2218 4329 2262 4362 s.
2300 4328 2354 4361 v.
2395 4308 2650 4375 Πυραμί-

376 4378 506 4441 δεςε
547 4417 617 4426 --
652 4377 1082 4451 ὠνομάσθησαν
1118 4378 1182 4434 δὲ
1214 4381 1534 4449 πυραμίδες
1566 4375 1683 4433 ἀπὸ
1717 4381 1833 4432 τῶν
1868 4380 2095 4447 πυρῶν,
2134 4371 2237 4437 οὓς
2270 4370 2388 4429 ἐκεῖ
2409 4392 2649 4444 συναγα-

375 4448 498 4515 γὼν
533 4447 562 4505 ὁ
603 4444 869 4522 βασιλεὺς
906 4447 1131 4505 ἔνδειαν
1168 4442 1401 4518 ἐποίησε
1438 4451 1597 4502 σίτου
1634 4443 1778 4502 κατὰ
1808 4444 1916 4516 τὴν
1950 4447 2256 4515 Αἴγυπτον.
