3109 5092
513 335 636 398 860
781 334 1328 399 EXOURSUS
1375 338 1502 398 vn
1545 338 1677 397 AD
1724 338 2248 401 HERODOT.
2293 340 2379 415 11,
2424 348 2516 403 53.

509 511 795 566 veteribus
832 510 1046 562 tradita·
1078 517 1213 563 suut
1251 510 1476 563 maxime
1524 511 1679 563 varia
1712 516 1879 581 atque
1917 511 2322 582 discrepantia,
2369 530 2436 565 ea
2471 513 2648 566 omnia
2695 533 2797 569 ex-

511 599 705 652 hibent
731 595 958 647 Clinton
996 601 1052 646 et
1083 594 1314 647 Fischer
1347 594 1384 646 l.
1423 595 1458 649 Ι.
1499 596 1622 647 coll.
1656 596 1907 649 Nitzsch.
1944 596 1981 647 l.
2015 596 2054 648 Ι.
2087 596 2161 665 11,
2185 601 2240 654 2.
2275 617 2331 667 p.
2355 601 2445 657 84.
2514 600 2794 652 Herodoti

510 680 930 749 iudicationem,
978 698 1044 732 ex
1067 696 1178 750 qua
1196 679 1420 732 Homeri
1454 688 1610 733 aetas
1639 698 1759 733 cum
1784 681 2033 750 Lycurgi
2067 687 2246 735 aetate
2279 682 2445 753 plane
2469 684 2791 751 conveniat,

510 768 709 837 probat
743 765 1022 831 Clinton.;
1069 764 1138 816 ad
1184 764 1503 834 Apoliodori
1552 766 1933 818 auctoritatem
1979 767 2249 820 accedens
2289 767 2524 820 Fischer
2563 768 2793 822 Homeri

506 846 693 922 ἀκμὴν
723 851 870 904 circa
905 867 1035 902 ann.
1060 853 1168 907 900
1188 856 1316 902 ante
1338 849 1470 903 Chr.
1497 869 1554 903 n.
1591 851 1914 903 constituit:
1958 851 2108 921 quod
2137 852 2317 920 ipsum
2354 870 2463 905 non
2501 853 2795 907 admodum

510 938 700 991 differt
723 938 792 990 ab
812 934 1130 988 Herodoteo
1158 950 1401 987 numero.
1454 935 1759 988 Hesiodum
1790 934 2078 989 florentem
2098 937 2259 990 iidem
2288 936 2547 1008 (Clintou
2571 956 2628 1007 p.
2656 944 2791 999 362.

511 1022 759 1076 Fischer.
800 1040 854 1091 p.
891 1019 989 1079 53)
1035 1025 1251 1088 ponunt
1297 1020 1442 1072 circa
1474 1037 1605 1072 ann.
1638 1024 1921 1080 859—-824
1955 1026 2084 1074 aute
2108 1022 2242 1075 Chr.
2275 1041 2363 1088 n.;
2416 1022 2792 1092 Goettlingio,

509 1106 606 1177 qui
651 1107 719 1160 de
752 1104 984 1160 Hesiodi
1031 1110 1212 1157 aetate
1260 1121 1527 1174 quaerere
1573 1104 1949 1158 difficillimum
1992 1124 2119 1159 esne
2154 1113 2303 1160 recte
2348 1107 2587 1173 monuit,
2635 1125 2793 1161 nuuc

508 1195 629 1244 fere
667 1191 723 1245 in
760 1189 1029 1244 Herodoti
1066 1190 1346 1241 sententia
1377 1190 1838 1260 acquiescendum
1886 1208 2013 1244 esee
2052 1192 2306 1245 videtum
2360 1191 2473 1243 vid.
2518 1191 2791 1262 Prolegg.

509 1278 567 1329 in
590 1276 821 1329 Hesiod.
855 1294 912 1346 p.
937 1272 1339 1326 XVI—XVIII.
