3109 5092
453 344 577 405 410
1319 341 1863 403 HERODOTI

316 533 441 593 204
458 518 867 610 προβάτοισι.
963 515 1058 585 Τά
1095 517 1220 605 μὲν
1258 515 1342 606 δὴ
1386 513 1549 605 πρὸς
1603 518 1894 606 ἑσπέρην
1933 523 2050 606 τῆς
2087 517 2435 604 θαλάσσης
2481 514 2727 603 ταύτης

454 630 569 712 τῆς
596 628 900 709 Κασπίης
935 623 1338 710 καλεομένης
1364 616 1401 691 ὁ
1429 618 1785 700 Καύκασος
1824 618 2136 710 ἀπέργει,
2178 620 2258 690 τὰ
2299 620 2374 690 δὲ
2425 615 2590 708 πρὸς
2624 616 2729 706 ἠοῖ

454 756 525 797 τε
550 730 663 796 καὶ
689 721 883 816 ἥλιον
908 721 1359 794 ἀνατέλλοντα
1400 731 1638 794 πεδίον
1668 721 2032 811 ἐκδέκεται,
2062 731 2322 815 πλῆθος
2348 720 2631 813 ἄπειρον
2658 719 2728 804 ἐς

452 830 740 914 ἄποψιν·
800 833 921 897 τοῦ
950 820 1049 897 ὧν
1087 825 1172 918 δὴ
1205 833 1447 898 πεδίου
1473 834 1596 898 τοῦ
1622 828 1920 917 μεγάλου
1946 826 2073 900 οὐκ
2103 825 2457 918 ἐλαχίστην
2482 834 2729 916 μοίρην

454 936 802 1024 μετέχουσι
845 936 916 1001 οἱ
949 935 1422 1020 Μασσαγέται,
1466 929 1573 1001 ἐπ’
1619 927 1739 1012 οὓς
1783 928 1820 1001 ὁ
1868 938 2096 1021 Κῦρος
2135 938 2285 1020 ἔσχε
2333 938 2729 1021 προθυμίην

457 1140 622 1189 tiores
652 1142 840 1202 gentes
871 1135 1059 1186 bacin
1084 1152 1141 1186 re
1172 1140 1448 1201 superent.
1468 1163 1541 1172 —
1643 1151 1782 1200 quse
1827 1135 2027 1186 dicitur
2075 1135 2321 1200 Kipzsk,
2380 1134 2435 1182 in
2479 1131 2730 1183 occiden-

457 1211 521 1260 In
569 1223 716 1272 seqq.
765 1206 1139 1270 rescripsimus
1184 1205 1438 1256 librorum
1474 1221 1538 1255 ex
1642 1204 1742 1253 tali
1765 1211 1921 1270 parte
1947 1211 2126 1255 terrae
2147 1204 2462 1254 Turkestan
2490 1208 2545 1252 et
2574 1203 2630 1252 in
2657 1201 2729 1251 iis

455 1276 786 1328 auctoritate
821 1274 979 1339 μίξιν
1016 1268 1095 1323 δὲ
1130 1292 1227 1340 pro
1263 1275 1414 1340 vulg.
1450 1274 1539 1339 μί-
1643 1275 1878 1339 campis,
1916 1275 2008 1340 qui
2034 1274 2251 1340 proprie
2283 1274 2352 1324 ad
2371 1277 2571 1322 terram
2590 1272 2730 1322 Gete

457 1346 549 1409 ξιν
584 1360 672 1396 τε.
1639 1344 1951 1410 pertineant
1977 1343 2111 1408 („im
2141 1342 2505 1409 cigentlicben
2537 1342 2733 1392 Gebiet

1640 1430 1747 1463 von
1785 1414 2005 1480 Gete“).
2076 1416 2161 1465 De
2189 1412 2519 1478 Massagetis
2559 1412 2732 1461 omni-

1639 1484 1742 1534 bus
1768 1488 2014 1534 veterum
2053 1485 2377 1548 scriptorum
2409 1481 2545 1532 locis
2581 1481 2735 1530 adbi-

821 1534 953 1584 CAP·
986 1533 1172 1584 CCIV·
1644 1553 1775 1604 bitis
1798 1553 2101 1618 disputavit
2129 1569 2345 1619 quoque
2362 1552 2563 1603 Ukert:
2591 1552 2731 1602 Geo-

521 1647 618 1706 ff&
643 1649 746 1720 μὲν
771 1646 843 1734 δὴ
873 1645 1018 1717 πρὸς
1042 1643 1289 1716 ἕσπέρην
1310 1648 1407 1716 τῆς
1432 1650 1538 1700 θα-

454 1719 663 1789 λάσσης
703 1717 933 1789 ταύτης]
975 1723 1240 1788 Intelligit
1273 1723 1539 1786 regioneS,

459 1812 598 1864 quae
623 1811 656 1845 a
677 1795 876 1861 Caspio
900 1794 1036 1844 mari
1061 1793 1395 1845 occidentem
1425 1808 1542 1841 ver-

459 1883 550 1917 sus
582 1866 721 1915 sitae
748 1870 901 1926 sunt,
927 1869 991 1915 ut
1026 1880 1150 1913 mox
1182 1854 1251 1910 τὰ
1282 1852 1428 1925 πρὸς
1463 1852 1542 1925 ἠῶ

457 1951 515 1986 τε
553 1932 649 1985 καὶ
679 1924 845 2000 ηλιον
879 1902 1256 1983 ἀνατέλλοντα
1293 1931 1542 2014 regiones

461 2006 532 2057 ad
554 2006 814 2056 orientem
856 2002 915 2068 (i.
937 2021 985 2054 e.
1019 2005 1075 2053 in
1099 2001 1344 2068 partibus
1372 2002 1544 2050 orien-

457 2074 685 2141 talibus)
725 2077 842 2124 sive
876 2075 1133 2123 orientem
1165 2086 1355 2120 versus
1389 2087 1422 2119 a
1445 2070 1545 2120 Ca-

460 2145 579 2210 spio
615 2144 751 2194 mari
788 2143 945 2195 sitas.
1008 2142 1091 2193 cf.
1130 2140 1546 2204 Schweighaeu-

463 2230 568 2264 ser.
605 2214 676 2264 sd
710 2212 883 2276 1,202
922 2217 976 2261 et
1009 2216 1149 2261 nott.
1187 2209 1254 2259 ad
1280 2209 1376 2270 IV,
1406 2211 1493 2259 44.

534 2314 738 2367 πεδίον
775 2304 1088 2376 ἐκδέκεται,
1125 2309 1355 2376 πλῆθος
1388 2302 1547 2361 ἄπει-

466 2402 570 2452 ρον
617 2377 673 2443 ἐς
710 2375 938 2442 αποψιν
973 2399 1025 2432 κ.
1065 2398 1110 2430 τ.
1150 2379 1224 2447 λ.]
1262 2383 1383 2433 Νοιι
1427 2397 1548 2446 pos-

463 2474 582 2508 sum
621 2456 752 2522 quin
788 2453 1121 2515 adscribam,
1158 2467 1298 2517 quae
1334 2452 1550 2516 egregie

465 2531 533 2579 de
563 2528 668 2577 hoc
699 2527 820 2577 loco
858 2527 1254 2576 commentatus
1292 2526 1376 2572 est
1408 2523 1548 2572 Hee-

462 2614 560 2649 ren
600 2596 793 2664 (Ideen
839 2596 886 2656 I,
926 2597 977 2644 2.
1015 2609 1143 2659 pag.
1193 2587 1352 2655 292):
1405 2592 1549 2656 „DIe

464 2665 885 2719 unermessliche
904 2664 1089 2715 Ebene
1125 2694 1198 2703 —
1232 2662 1418 2712 ‹leutet
1454 2662 1553 2711 suf

465 2740 553 2789 die
584 2737 781 2787 weiten
817 2732 1273 2800 Steppenliinden
1322 2732 1410 2782 die
1458 2731 1550 2781 be-

465 2808 598 2859 reits
626 2807 682 2855 in
709 2806 806 2855 der
832 2819 1058 2869 grossen
1087 2802 1373 2866 Bucharey
1399 2802 1551 2850 ihren

467 2878 688 2940 Anfsng
733 2874 960 2924 nehmen
997 2872 1105 2923 und
1155 2870 1272 2921 sich
1317 2871 1551 2920 alsdsnn

467 2947 526 2996 in
562 2945 656 2994 der
690 2959 918 3008 grossen
952 2944 1223 3006 Tartarey
1266 2945 1424 2991 unter
1459 2939 1554 2989 der

466 3017 804 3076 Benennung
839 3011 934 3061 der
966 3011 1233 3076 Sunqarey
1268 3011 1377 3059 und
1409 3009 1553 3059 Mon-

462 3087 613 3150 yoley
655 3082 830 3131 neben
874 3081 995 3130 dem
1032 3081 1221 3130 Lande
1257 3079 1434 3144 Eyynr
1467 3080 1553 3128 bis

469 3170 537 3204 zu
581 3152 678 3201 der
713 3151 876 3201 Kette
924 3151 1020 3200 des
1057 3148 1204 3199 Altai
1248 3147 1442 3199 binauf
1474 3165 1553 3198 er-

468 3222 762 3275 streckenst
749 3220 783 3246 ‘⁸
863 3220 1067 3270 Aurum
1129 3218 1268 3268 enim
1326 3219 1550 3268 multum

469 3298 635 3358 atque
672 3304 782 3352 nes,
820 3305 926 3354 quo
972 3290 1321 3352 Massagetae
1358 3289 1437 3338 uti
1474 3288 1552 3336 di-

469 3368 667 3415 cuntur
704 3357 771 3422 (Ι,
809 3357 955 3426 215),
993 3374 1102 3409 ιιοιι
1141 3357 1301 3408 aliter
1341 3360 1447 3407 nisi
1486 3373 1549 3407 ex

469 3437 652 3484 monte
669 3430 817 3481 Anat·
831 3429 1082 3494 accipere
1095 3432 1365 3493 poterant.
1396 3427 1552 3479 Unde

471 3501 631 3554 simul
664 3503 819 3566 ipsae
851 3499 1012 3549 huius
1050 3500 1231 3564 gentis
1268 3497 1422 3548 sedes
1457 3497 1554 3547 ali-

471 3578 740 3638 quatenus
762 3569 971 3620 definiri
991 3572 1263 3634 poterunt,
1305 3583 1438 3633 quas
1469 3582 1554 3617 su·

472 3660 571 3708 prs.
616 3641 686 3692 ad
739 3641 786 3704 Ι,
836 3639 930 3690 201
984 3638 1286 3704 attigimus.
1375 3638 1555 3701 Atque

471 3714 578 3764 iam
633 3708 927 3762 Rennelius
981 3709 1036 3758 in
1084 3708 1390 3772 Geogrsph.
1447 3708 1556 3756 He-

470 3782 649 3832 rodot.
684 3796 808 3845 pag.
830 3779 935 3830 473
975 3793 1090 3843 seq.
1129 3781 1372 3827 veterum
1404 3776 1554 3825 locos

472 3852 539 3900 de
582 3849 914 3912 Massagetis
951 3847 1231 3908 (Strabon.
1279 3847 1380 3896 XI.
1426 3861 1552 3911 pag.

472 3919 566 3972 511
614 3933 728 3983 seq.
761 3918 988 3967 Diodor.
1028 3914 1194 3966 Sicul.
1234 3916 1312 3976 ΙΙ,
1351 3916 1403 3966 3.
1459 3915 1554 3965 Ar-

471 3990 610 4040 risn.
634 3987 846 4052 Exped.
867 3985 1020 4035 Alex.
1054 3985 1150 4047 IV,
1177 3985 1261 4036 17.
1296 3983 1552 4049 Ptolem.)

471 4056 720 4120 collegit,
771 4070 877 4119 quo
916 4055 984 4104 de
1019 4054 1165 4103 veris
1206 4053 1427 4104 sedibus
1465 4069 1555 4103 ac-

475 4125 718 4178 curatius
756 4123 928 4173 statui
969 4128 1177 4186 posset.
1248 4123 1554 4188 Scriptores

472 4193 756 4247 Herodoto
776 4192 1104 4257 posteriores
1121 4191 1312 4242 melius
1336 4192 1561 4242 edoctos

476 4280 598 4318 esse
633 4261 938 4321 contendit;
979 4275 1116 4325 quos
1162 4261 1210 4311 si
1252 4277 1560 4326 sequamur,

476 4335 822 4397 Massagetas
875 4330 1117 4380 tenuisse
1169 4333 1345 4380 terras
1390 4347 1564 4396 usque

477 4406 548 4461 sd
567 4404 779 4456 Imaum
806 4398 1093 4456 dicendum
1138 4415 1204 4454 es
1233 4401 1290 4452 in
1322 4402 1563 4470 regione,

1643 1623 1833 1689 graph.
1874 1623 1927 1673 d.
1953 1623 2167 1674 Griech.
2208 1640 2262 1673 ιι.
2300 1624 2485 1673 Roem.
2523 1621 2634 1683 111,
2677 1623 2733 1671 2.

1644 1710 1698 1759 p.
1724 1694 1819 1743 571
1861 1709 2034 1758 seqq.,
2071 1694 2126 1742 id
2160 1708 2325 1743 unum
2359 1692 2426 1741 de
2456 1692 2737 1755 Massage-

1646 1764 1718 1814 tis
1777 1767 1927 1812 certo
1972 1762 2311 1827 pronuntiari
2364 1776 2525 1826 posse
2579 1765 2736 1810 ratus

1647 1833 1729 1897 (p.
1765 1832 1921 1896 575),
1975 1833 2044 1883 ab
2083 1833 2290 1882 oriente
2333 1832 2498 1880 maris
2548 1830 2737 1894 Caspii

1648 1917 1833 1952 esrum
1870 1901 2027 1952 sedes
2062 1901 2402 1966 quaerendas
2443 1915 2589 1961 esse,
2638 1915 2734 1950 ne·

1647 1987 1752 2035 que
1778 1987 1908 2021 vero
1933 1972 2243 2022 accuratius
2270 1970 2530 2021 constitui
2551 1985 2734 2034 posse.

1647 2041 1911 2106 Forbiger
1957 2040 2206 2106 (Handb.
2264 2041 2319 2091 d.
2378 2039 2475 2090 alt.
2533 2040 2735 2104 Geogr.

1648 2112 1723 2162 II.
1762 2127 1816 2175 p.
1859 2110 1960 2161 467
1999 2111 2172 2176 seq.)‚
2212 2111 2305 2175 qui
2342 2113 2396 2159 et
2432 2110 2551 2174 ipse
2587 2114 2736 2159 vete-

1648 2196 1765 2230 rum
1790 2181 1941 2230 locos
1979 2180 2216 2244 collegit,
2256 2181 2603 2244 Massagetas
2637 2194 2734 2243 pro

1649 2250 2045 2300 Turcomannis
2093 2249 2282 2299 haberi
2325 2249 2474 2310 vult,
2524 2249 2619 2314 qui
2664 2248 2735 2297 ad

1649 2321 1874 2369 fluvium
1916 2319 2056 2368 Mina
2103 2319 2274 2382 (unde
2322 2320 2498 2383 ipsum
2540 2333 2738 2368 nomen

1650 2389 1924 2453 duxerint)
1943 2387 2312 2439 habitaverint
2331 2388 2478 2437 intra
2496 2392 2734 2438 montem

1650 2459 1786 2510 Ursi
1824 2463 1879 2508 et
1912 2459 2090 2508 lacum
2124 2458 2251 2508 Arai
2286 2458 2341 2506 in
2369 2458 2592 2523 regione
2614 2457 2736 2507 auri

1652 2528 2010 2579 feracissima.
2070 2529 2158 2578 Its.
2187 2528 2437 2577 nimirum
2466 2530 2739 2577 statuerat

1651 2597 1929 2649 Eichwald
1951 2597 2286 2664 (Geograph.
2304 2597 2398 2646 des
2418 2596 2581 2661 Casp.
2594 2597 2740 2646 Mee-

1652 2684 1740 2718 res
1769 2684 1821 2732 p.
1848 2667 1953 2718 263
1968 2667 2128 2733 seq.)‚
2158 2682 2319 2731 quem
2341 2666 2588 2730 sequitur
2608 2667 2741 2715 For-

1651 2739 1824 2802 biger.
1888 2737 1954 2786 In
1977 2742 2124 2787 terra
2144 2737 2503 2802 Kirgisorum,
2529 2736 2588 2784 in
2606 2736 2741 2785 Son·

1653 2808 1807 2873 garis
1845 2804 2187 2856 meridionin
2231 2811 2396 2871 atque
2434 2804 2742 2856 Bucherius

1654 2876 2068 2941 septentrionali
2096 2880 2253 2941 parte
2279 2877 2626 2940 Massagetas
2651 2890 2743 2938 po-

1653 2947 1735 2995 nit
1783 2946 2037 2996 Gatterer
2089 2947 2146 2995 in
2190 2946 2491 2996 comment.
2547 2944 2739 2995 societ.

1654 3016 1900 3080 Gotting.
1960 3016 2026 3065 T.
2079 3015 2231 3067 XIV.
2288 3031 2415 3081 pag.
2467 3014 2520 3065 9.
2604 3013 2744 3063 Con·

1653 3088 1740 3134 trs.
1777 3084 2026 3149 Halling.
2060 3083 2259 3147 (Wien.
2289 3084 2508 3136 Iahrbb.
2532 3082 2741 3133 LXIII.

1653 3170 1706 3218 p.
1761 3152 1880 3219 131)
1927 3154 2195 3204 Herodoti
2241 3156 2588 3218 Massagetas
2631 3167 2741 3202 non

1654 3222 1791 3273 alios
1829 3238 1950 3273 esse
1985 3224 2104 3273 vult
2138 3230 2303 3288 atque
2334 3225 2537 3274 Alanos
2563 3226 2744 3287 poste·

1654 3308 1746 3343 rae
1808 3293 2037 3355 aetatis,
2096 3293 2377 3344 Ammiano
2420 3291 2742 3343 Marcellino

1656 3361 1900 3427 inprimis
1922 3367 2147 3413 auctore
2173 3363 2378 3424 XXIII,
2427 3363 2508 3412 14.
2537 3361 2742 3421 XXXI,

1655 3434 1707 3494 2,
1755 3433 1847 3496 qui
1886 3447 2029 3497 quse
2065 3433 2132 3482 de
2167 3432 2359 3482 Alanis
2396 3432 2634 3496 scripsit,
2677 3446 2745 3480 ea

1657 3516 1788 3552 sane
1818 3516 1884 3551 ex
1920 3505 2075 3565 parte
2110 3501 2327 3567 quidem
2359 3502 2429 3551 ab
2460 3500 2743 3551 Herodoto

1658 3571 1825 3622 ducta
1868 3570 2042 3621 videri
2087 3574 2341 3637 possunt,
2396 3572 2518 3636 ipso
2564 3568 2746 3620 iudice

1656 3641 1866 3692 Ukerto
1897 3639 1933 3689 l.
1972 3639 2009 3691 l.
2049 3657 2104 3705 p.
2143 3642 2247 3691 554
2281 3656 2427 3705 seq.,
2478 3640 2615 3690 bene
2653 3638 2746 3688 sd-

1656 3714 1937 3770 monente,
1975 3709 2076 3760 hos
2114 3709 2317 3761 Alanos
2352 3726 2412 3760 re
2445 3725 2576 3759 vera
2616 3724 2747 3774 gen-

1656 3780 1793 3829 tium
1832 3777 2197 3830 Asiaticarum
2242 3778 2527 3830 colluviem
2576 3779 2749 3828 fuisse

1657 3849 2017 3912 undecunque
2037 3849 2338 3900 collectam.
2405 3848 2585 3913 Atque
2604 3848 2750 3897 Mss-

1658 3918 1864 3982 sagetis
1890 3918 2093 3969 Alanos
2133 3934 2349 3983 quoque
2375 3918 2641 3969 contineri
2669 3917 2751 3968 iu-

1657 3988 1809 4108 gi20at
1852 3987 2060 4038 Ritter:
2110 3987 2409 4038 Erdkunde
2447 3988 2577 4066 YII:
2618 4002 2749 4052 pag.

1728 4120 1836 4173 τοῦ
1867 4139 1950 4174 ων
1985 4115 2058 4188 δὴ
2088 4121 2292 4174 πεδίου
2342 4138 2395 4172 κ.
2434 4137 2482 4172 τ.
2534 4119 2608 4204 λ]
2642 4123 2752 4172 He·

1660 4193 1866 4244 roldius
1917 4193 2083 4245 scribi
2126 4192 2247 4243 vult
2292 4183 2499 4242 τούτου
2537 4207 2619 4240 ων
2676 4182 2752 4254 δὴ

1662 4262 1767 4313 τοῦ
1816 4261 2053 4325 πεδιᾝου
2113 4263 2456 4327 approbante
2503 4260 2751 4311 Dietsch.

1666 4333 1910 4395 (Iahrbb.
1948 4334 1988 4383 f.
2026 4331 2224 4383 Philol.
2251 4348 2308 4384 u.
2331 4330 2576 4394 Paedsg.
2604 4330 2754 4380 LXI.

1665 4418 1794 4472 pag.
1842 4401 1989 4472 432),
2038 4417 2215 4472 neque
2256 4417 2387 4454 vero
2438 4401 2497 4454 in
2543 4404 2755 4454 textum
