3109 5092
317 1069 434 1129 199

452 356 576 419 398

1319 360 1859 424 HERODOTI

449 563 556 616 κις
583 531 651 604 δ’
707 529 794 603 ἂν
844 538 1057 623 μιχθῇ
1092 538 1366 621 γυναικὶ
1404 540 1487 626 τῇ
1527 538 1786 604 ἑωυτοῦ
1828 530 2002 623 ἀνὴρ
2042 534 2516 623 Βαβυλώνιος,
2572 537 2728 626 περὶ

447 644 761 726 θυμίημα
809 638 1328 727 καταγιζόμενον
1365 646 1520 725 ἵζει,
1567 640 1852 726 ἑτέρωθι
1882 638 1957 706 δὲ
1985 633 2027 726 ἡ
2059 636 2234 726 γυνὴ
2261 636 2480 709 τώυτὸ
2526 646 2727 709 τοῦτο

449 744 681 811 ποιεέι.
739 738 1001 831 ὄρθρου
1030 742 1105 811 δὲ
1136 747 1503 833 γενομένου
1523 768 1554 827 ,·
1588 746 1865 811 λοῦνται
1893 743 2006 810 καὶ
2032 738 2435 832 ἀμφότεροι*
2488 740 2729 830 ἄγγεος

447 843 576 934 γὰρ
604 841 887 925 οὐδενὸς
922 842 1206 926 ἅψονται
1224 900 1241 934 ,
1273 849 1435 937 πρὶν
1461 840 1548 915 ἄν
1586 843 1979 914 λούσωνται.
2039 842 2249 915 ταύτὰ
2277 847 2354 916 δὲ
2380 851 2591 915 ταῦτα
2618 847 2730 915 καὶ

437 946 734 1040 Ἀράβιοι
773 953 1056 1017 ποιεῦσι.

588 1047 659 1119 Ὁ
688 1051 762 1120 δὲ
791 1050 876 1140 δὴ
910 1061 1244 1139 αἴσχιστος
1271 1056 1406 1121 τῶν
1441 1049 1670 1139 νόμων
1697 1051 1836 1118 ἐστὶ
1865 1066 2040 1119 τοῖσι
2066 1058 2562 1140 Βαβυλωνίοισι
2589 1047 2727 1121 ὅδε.

518 1216 736 1284 θρῆνοι
773 1211 837 1268 δὲ
873 1209 1265 1284 παραπλήσιοι
1299 1220 1448 1268 τοῖσι
1480 1208 1540 1267 ἕν

449 1282 739 1355 Αἰγύπτῳ]
785 1290 937 1338 Haec
977 1304 1111 1338 sane
1158 1289 1365 1339 referas
1407 1288 1539 1338 licet

449 1373 571 1407 cum
589 1360 826 1408 Movere.
861 1357 988 1420 (Die
1005 1359 1263 1409 Phoeniz.
1287 1360 1333 1409 Ι.
1347 1361 1534 1424 ρ.244,

448 1426 574 1490 246)
611 1426 682 1476 ad
716 1427 1046 1476 cantilenam
1075 1426 1249 1490 illam,
1291 1430 1380 1478 cui
1411 1429 1540 1479 Lini

449 1511 494 1546 s.
545 1497 844 1546 Manerotis
894 1512 1089 1546 nomen
1136 1499 1424 1561 tribuitur,
1481 1500 1539 1549 in

450 1564 606 1616 luctu
641 1565 728 1616 edi
766 1565 984 1616 solitam
1021 1583 1087 1617 ac
1112 1567 1425 1632 plerumque
1458 1569 1540 1617 ni-

449 1635 526 1685 hil
569 1637 684 1686 sere
726 1635 834 1685 nisi
876 1641 1079 1686 certam
1126 1636 1396 1702 quandam
1443 1653 1538 1687 vo-

452 1722 575 1756 cum
626 1705 838 1770 aliquot
871 1713 1131 1771 perpetuo
1182 1708 1537 1771 repetitarum

449 1777 735 1841 ipsumque
768 1775 972 1826 luctum
1003 1776 1394 1828 declarantium
1428 1777 1539 1826 for-

453 1845 655 1896 mulam
676 1847 1062 1898 continentem.
1135 1848 1220 1897 Tu
1240 1847 1352 1897 vid.
1381 1846 1538 1912 plura

453 1917 526 1974 ad
560 1916 636 1978 ΙΙ,
676 1915 762 1966 79.

523 1981 654 2049 περὶ
677 1983 944 2049 θυμίημα
963 1976 1400 2050 καταγιζόμενον
1414 1981 1537 2050 ἵζει]

452 2053 490 2105 ἰ.
522 2071 570 2105 e.
606 2055 740 2104 thuri
771 2056 971 2104 incenso
1006 2055 1226 2117 adsidet,
1263 2072 1342 2104 sc.
1380 2069 1539 2105 sacra

452 2139 719 2188 peragens
736 2123 1004 2173 lustrandi
1023 2138 1210 2176 causa.
1234 2124 1380 2174 Hinc
1397 2123 1537 2174 male

455 2192 584 2242 olim
610 2187 748 2254 πυρὶ
769 2208 864 2256 pro
885 2187 1032 2254 περὶ,
1061 2193 1214 2242 cuins
1238 2192 1358 2243 loco
1373 2195 1540 2242 Hein-

453 2263 567 2311 sius
604 2262 674 2310 ad
707 2261 917 2311 Polluc.
956 2260 1240 2312 Onomast.
1271 2263 1317 2324 I,
1355 2261 1422 2312 76
1448 2263 1534 2312 ed.

453 2332 728 2395 Iungerm.
765 2331 1079 2380 coniecerat
1103 2323 1276 2396 παρά.
1347 2332 1537 2381 Caete-

454 2416 572 2450 rum
608 2415 807 2450 morem
844 2399 1068 2449 eundem
1107 2400 1304 2450 Strabo
1350 2402 1538 2465 attigit

452 2470 603 2521 XVI.
641 2485 694 2534 p.
730 2468 860 2519 1081
897 2471 941 2520 B
978 2484 1025 2518 s.
1052 2485 1107 2534 p.
1135 2472 1236 2520 745
1260 2471 1387 2520 Cas.
1424 2472 1540 2520 Nec

451 2538 561 2590 alio
598 2539 867 2601 referunt,
922 2540 1067 2604 quod
1111 2540 1167 2589 in
1203 2539 1416 2604 epistol.
1459 2541 1539 2589 Ie-

453 2609 655 2659 remiae
677 2609 939 2674 (Baruch.
964 2610 1029 2671 V,
1063 2607 1153 2674 43)
1182 2609 1431 2659 mulieres
1462 2610 1538 2659 ‹li-

455 2684 652 2729 cuntur
686 2676 976 2742 θυμιῶσαι
1011 2670 1081 2726 τὰ
1105 2677 1317 2742 πίτυρα
1351 2696 1395 2729 s.
1421 2680 1538 2742 fur·

449 2750 598 2812 sures
610 2751 876 2813 fumigare.
916 2747 1074 2798 Conf.
1095 2749 1288 2813 Heyne
1310 2750 1367 2800 in
1386 2750 1537 2798 Com-

455 2823 708 2868 mentatt.
748 2833 864 2867 soc.
904 2817 1149 2882 Gotting.
1191 2819 1337 2869 XVI.
1377 2834 1430 2882 p.
1469 2819 1531 2870 31

456 2902 572 2951 seq.
644 2889 918 2936 Muenter:
965 2886 1070 2935 Die
1113 2887 1290 2952 Relig.
1343 2888 1396 2939 d.
1436 2890 1540 2938 Ba-

454 2954 639 3018 bylon.
683 2971 809 3018 pag.
849 2956 935 3004 74.
989 2959 1105 3005 not.
1151 2957 1198 3006 1.
1272 2958 1319 3007 E
1355 2972 1541 3007 recen-

455 3024 689 3073 tioribus
737 3025 930 3074 Ioann.
985 3023 1288 3086 Speucerus
1338 3027 1536 3091 (Legg.

453 3092 653 3144 Hebrr.
694 3093 740 3154 I,
779 3092 831 3142 8.
873 3107 995 3156 pag.
1036 3092 1161 3152 257)
1199 3094 1425 3143 similem
1461 3096 1539 3144 lu-

455 3162 736 3212 strationis
756 3162 918 3210 ritum
944 3161 1087 3224 apud
1103 3162 1381 3213 Hebraeos
1396 3179 1538 3214 com-

455 3238 719 3282 memorat
765 3237 820 3280 et
853 3236 1140 3294 utrumque
1176 3247 1242 3281 ex
1286 3234 1536 3298 Aegypto

457 3303 705 3353 arcessit.
783 3301 906 3351 vid.
952 3299 1155 3350 Herod.
1207 3301 1282 3362 ΙΙ,
1327 3302 1394 3351 64
1437 3303 1537 3351 ibi·

456 3388 562 3437 que
609 3377 748 3423 nott.
835 3371 1100 3420 Graecum
1149 3371 1206 3419 in
1251 3370 1337 3420 his
1383 3387 1537 3436 prae-

457 3447 669 3506 ceptum
722 3440 1096 3505 suppeditabit
1150 3440 1425 3491 Hesiodus
1481 3442 1538 3491 in

459 3512 599 3575 Opp.
649 3516 703 3560 et
751 3512 820 3561 D.
873 3509 992 3570 734,
1039 3509 1112 3558 ad
1157 3524 1313 3574 quem
1358 3511 1535 3561 locum

454 3579 713 3630 nonnulla
752 3580 862 3630 alia
902 3578 1005 3627 huc
1043 3578 1306 3630 facientia
1334 3581 1539 3630 adscri-

455 3651 566 3712 psit
611 3650 878 3701 Graevius
931 3648 988 3696 in
1042 3649 1221 3697 Lectt.
1271 3650 1534 3700 Hesiodd.

454 3733 576 3782 cap.
616 3719 699 3769 16.
766 3718 1060 3783 Egregium
1103 3717 1384 3781 Theanus,
1434 3721 1539 3782 Py-

454 3787 768 3850 thagoricae
805 3786 1075 3847 mulieris,
1111 3788 1536 3851 responsionem,

455 3870 576 3905 curn
624 3856 691 3906 de
732 3857 816 3905 his
852 3857 1307 3919 interrogaretur,
1357 3872 1538 3906 serva-

455 3925 538 3974 vit
592 3925 860 3975 Stobaeus
918 3923 971 3970 in
1014 3923 1260 3974 Sei-mon.
1307 3926 1537 3976 LXXII.

454 4008 510 4056 p.
559 3994 661 4043 443
705 3993 831 4044 coll.
877 3993 1113 4056 Diogen.
1149 3993 1337 4045 Laert.
1371 3995 1535 4057 VIII,

457 4062 527 4112 43
563 4062 695 4126 ibiq.
733 4064 953 4126 Menag.

785 4230 918 4280 Cn».
963 4229 1201 4280 CXCIX.

514 4326 588 4384 ‘0
623 4326 685 4382 δὲ
734 4324 807 4398 δὴ
848 4331 1137 4396 αἴσχιστος
1177 4329 1291 4380 τῶν
1340 4323 1534 4395 νόμων

455 4394 570 4453 ἐστὶ
605 4417 655 4452 κ.
692 4416 741 4452 τ.
778 4400 853 4466 λ.]
892 4401 1043 4463 Quae
1084 4400 1253 4450 refert
1297 4398 1401 4450 hoc
1447 4413 1534 4449 ca-

1642 1215 1757 1281 pite
1799 1216 2142 1281 Herodotus,
2191 1218 2397 1283 pariter
2438 1223 2731 1268 narrantur

1641 1302 1675 1334 a
1723 1285 1908 1338 Strab.
1956 1288 2105 1338 XVI.
2155 1304 2206 1352 p.
2260 1288 2388 1338 1081
2441 1303 2487 1339 s.
2525 1304 2577 1353 p.
2626 1289 2729 1338 745

1642 1354 1767 1407 coll.
1795 1356 2006 1407 Aelian.
2042 1358 2107 1407 V.
2134 1359 2206 1407 H.
2231 1357 2329 1420 IV,
2366 1358 2411 1407 1.
2469 1358 2729 1422 Inprimis

1642 1441 1771 1474 vero
1820 1426 1925 1476 huc
1972 1426 2108 1476 facit
2153 1427 2417 1477 Ieremiae
2463 1427 2616 1477 locus
2671 1427 2726 1476 in

1640 1495 1876 1558 Epistol.
1908 1496 2168 1558 (Baruch.
2206 1497 2301 1559 VI,
2345 1498 2433 1546 42.
2483 1497 2551 1548 43
2591 1496 2727 1561 ibiq.

1642 1565 2000 1629 iuterprett.).
2046 1567 2250 1617 Nostra
2276 1570 2475 1627 aetate,
2504 1571 2566 1616 ut
2587 1566 2728 1616 alios

1640 1638 1873 1697 taceam,
1896 1636 2206 1686 accuratius
2236 1636 2292 1685 in
2315 1634 2585 1685 Herodoti
2606 1651 2728 1684 nar-

1640 1703 1909 1753 rationem
1925 1704 2211 1770 inquisivit
2227 1705 2475 1769 Heynius
2497 1706 2551 1754 in
2573 1705 2729 1754 Com-

1641 1777 1867 1823 mentat.
1905 1775 2095 1824 societ.
2123 1775 2370 1840 Gotting.
2413 1779 2545 1825 tom.
2574 1774 2723 1824 XVI.

1642 1857 1766 1906 pag.
1816 1843 1883 1894 30
1924 1858 2105 1909 seqq.:
2170 1845 2289 1907 „De
2333 1843 2728 1910 Babyloniorum

1641 1914 1861 1962 instituto
1897 1915 2149 1978 religiose,
2184 1922 2239 1963 ut
2260 1915 2491 1964 mulieres
2525 1914 2598 1963 ad
2623 1915 2675 1962 V
2675 1931 2728 1963 e-

1642 1984 1781 2031 neris
1823 1985 2049 2046 templum
2091 1983 2445 2045 prostarent‚“
2489 1983 2729 2048 itemque

1643 2050 1867 2099 Iacobs:
1904 2051 2245 2107 Vermischte
2268 2052 2493 2104 Schrift.
2531 2053 2628 2101 VI.
2669 2068 2725 2116 p.

1641 2122 1707 2169 25
1748 2136 1897 2185 seqq.
1970 2121 2063 2172 Sic
2105 2137 2234 2172 vero
2277 2123 2464 2186 posuit
2507 2122 2726 2186 Heyne:

1640 2189 1898 2253 antiquos
1957 2191 2322 2255 Babylonios,
2393 2195 2537 2242 teste
2604 2192 2729 2256 ipso

1639 2257 1920 2308 Herodoto
1958 2260 2026 2321 (Ι,
2068 2260 2211 2323 196),
2257 2261 2479 2324 nuptias
2523 2260 2729 2325 puella-

1638 2342 1756 2376 rum
1804 2328 2025 2392 publica
2056 2329 2369 2380 venditione
2412 2345 2607 2394 parare
2642 2347 2727 2380 so-

1638 2395 1769 2444 litos
1806 2412 1953 2458 esse;
2006 2398 2094 2462 qui
2141 2415 2257 2449 mos
2289 2414 2411 2449 cum
2445 2399 2502 2448 in
2537 2399 2729 2449 desue-

1641 2465 1883 2516 tudinem
1920 2467 2177 2530 abiisset‚
2224 2469 2469 2533 coepisse
2512 2468 2634 2518 illos
2668 2468 2727 2518 fi-

1640 2534 1742 2584 lias
1799 2535 1867 2585 ad
1922 2541 2207 2601 quaestum
2251 2553 2477 2603 corpore
2524 2538 2726 2588 facien-

1642 2604 1766 2654 dum
1824 2606 2067 2670 adigere3
2130 2606 2256 2658 inde
2315 2607 2526 2657 demum
2582 2608 2727 2657 hunc

1641 2689 1761 2724 esse
1807 2681 1982 2724 ortum
2020 2691 2250 2738 morem,
2297 2693 2362 2727 ex
2409 2692 2513 2741 quo
2556 2677 2728 2741 pudo-

1638 2744 1714 2792 ris
1749 2745 2016 2807 primitias
2064 2745 2197 2795 deae
2234 2746 2303 2795 ad
2340 2744 2595 2809 templum
2632 2746 2725 2795 ob-

1640 2812 1912 2863 tulissent.
2008 2814 2143 2864 Cum
2187 2815 2329 2865 enim
2370 2815 2563 2879 puellis
2609 2830 2726 2865 cor-

1642 2898 1770 2946 pore
1799 2883 2074 2948 vulgando
2094 2884 2192 2934 dos
2229 2885 2426 2934 fuisset
2460 2885 2722 2948 paranda,

1640 2953 1917 3002 inventam
1957 2967 2078 3002 esse
2123 2955 2612 3018 opportunitatem,
2662 2961 2725 3003 ut

1640 3027 1924 3085 quaestum
1971 3023 2175 3073 maiore
2229 3039 2350 3073 cum
2404 3023 2627 3073 licentia
2669 3030 2724 3073 et

1640 3090 1899 3153 opimiore
1924 3092 2168 3141 mercede
2195 3092 2462 3153 facerent3
2495 3093 2564 3143 ad
2587 3098 2723 3142 tem—

1639 3158 1785 3222 plum
1807 3159 1931 3210 illas
1958 3162 2301 3224 consedisse,
2340 3161 2594 3213 instituto
2618 3161 2723 3212 hoc

1639 3228 1834 3294 quippe
1869 3230 1925 3278 in
1960 3229 2275 3295 religionem
2310 3246 2498 3295 verso,
2536 3237 2596 3281 ut
2620 3232 2726 3281 Ve-

1639 3299 1757 3346 neri
1792 3314 1988 3363 corpus
2020 3314 2176 3349 suum
2222 3315 2540 3351 consecrare
2577 3301 2725 3350 vide·

1640 3372 1826 3418 rentur
1872 3367 2101 3432 puellae.
2170 3370 2328 3419 Cous.
2365 3386 2493 3434 pag.
2530 3371 2614 3421 36.
2653 3370 2720 3420 37

1639 3435 1675 3484 l.
1715 3436 1753 3488 l.
1827 3438 1980 3499 Quae
2017 3444 2242 3487 eatenus
2282 3439 2498 3488 dubitat
2525 3442 2726 3490 Heere-

1639 3506 1761 3554 nius
1796 3505 1982 3568 (Ideen
2006 3507 2051 3568 Ι,
2085 3510 2136 3557 2.
2165 3523 2217 3572 p.
2246 3506 2349 3558 204
2373 3508 2539 3573 seq.),
2578 3507 2726 3573 quod

1642 3574 1711 3623 ad
1743 3576 2070 3625 matrimonii
2118 3591 2184 3626 ac
2218 3578 2531 3640 nuptiarum
2565 3578 2723 3642 quasi

1639 3644 1797 3693 initia
1851 3645 2007 3695 unice
2063 3646 2335 3695 referatur
2388 3647 2561 3710 turpis
2614 3647 2727 3696 iste

1640 3727 1783 3772 mos;
1823 3714 1941 3777 ipse
1976 3714 2153 3779 magis
2191 3714 2261 3763 ad
2299 3715 2608 3765 commercii
2638 3731 2725 3766 ra-

1638 3783 1814 3832 tiones
1875 3787 1930 3831 et
1987 3782 2263 3833 hominum
2318 3784 2725 3850 peregrinorum

1637 3850 2067 3914 multitudinem,
2114 3854 2204 3918 qui
2256 3853 2312 3901 in
2360 3854 2547 3904 urbem
2597 3869 2727 3903 con-

1638 3919 1892 3969 fluxerint
1949 3936 2068 3970 eam
2126 3924 2301 3985 ipsam
2354 3922 2424 3972 ob
2483 3937 2728 3985 causam,

1640 3988 1772 4039 illud
1808 3989 2000 4039 referri
2046 4005 2207 4053 posse
2249 3990 2544 4042 existimat.
2617 3992 2727 4041 Ne-

1639 4072 1746 4122 que
1784 4059 2003 4108 omnino
2049 4074 2079 4108 e
2124 4060 2395 4123 curruptis
2430 4059 2727 4125 Babyloni-

1636 4141 1788 4176 orum
1823 4128 2062 4176 moribus
2085 4143 2380 4192 eorumque
2402 4129 2723 4179 libidinibus

1636 4193 1778 4245 hunc
1829 4212 2032 4246 morem
2092 4196 2354 4261 explicari
2416 4211 2577 4263 posse
2625 4204 2726 4248 aut

1637 4265 1874 4328 origines
1911 4267 2142 4330 cepisse,
2167 4267 2364 4330 quivis,
2395 4282 2480 4316 me
2502 4266 2590 4317 vel
2613 4283 2725 4318 non

1637 4333 2120 4399 animadvertente,
2152 4335 2370 4386 sentiet.
2432 4336 2518 4386 Ad
2546 4336 2725 4400 ipsam

1636 4402 1778 4450 enim
1815 4400 2127 4468 religionem
2166 4403 2476 4469 prava‘sque
2514 4404 2581 4455 de
2616 4405 2724 4455 diis
