3109 5092
1295 371 1546 434 OLIO.
1593 373 1646 433 I.
1689 381 1781 435 85.

2555 367 2673 431 185

549 545 718 620 Κατ’
781 546 992 620 αὐτὸν
1045 548 1120 619 δὲ
1158 558 1456 639 Κροῖσον
1506 548 1667 618 τάδε
1714 542 1996 635 ἐγένετο.
2067 537 2154 637 ἦν
2202 551 2271 616 οἰ
2309 564 2498 633 παῖς,
2552 553 2674 619 τοῦ
2688 557 2769 620 85

394 654 506 723 καὶ
536 654 864 745 πρότερον
893 649 1365 743 ἐπεμνήσθην,
1408 651 1490 721 τὰ
1516 652 1642 740 μὲν
1681 649 1852 721 ἄλλα
1882 647 2213 741 ἐπιεικὴς,
2255 648 2526 740 ἄφωνος
2574 655 2667 724 δέ.

397 753 474 827 ἐν
498 763 581 849 τῇ
613 749 710 829 ὦν
753 755 1188 846 παρελθούσῃ
1234 751 1555 827 εὐεστοϊὸ
1583 764 1872 846 Κροῖσος
1913 753 1988 823 τὸ
2016 761 2154 825 πᾶν
2187 751 2254 834 ἐς
2283 752 2491 826 αὐτὸν
2518 752 2672 827 ἒπε-

298 870 379 924 45
401 861 707 951 ποιήκεε,
752 859 922 931 ἅλλα
963 888 1036 930 τε
1068 857 1623 950 ἐπιφραζόμενος,
1667 862 1778 929 καὶ
1808 856 1891 948 δὴ
1923 860 2034 928 καὶ
2054 856 2141 939 -ἒς
2169 858 2486 948 Δελφοὺς
2522 864 2677 953 περὶ

399 963 612 1036 αὐτοῦ
643 963 1024 1054 ἐπεπόμφεε
1053 966 1529 1054 χρησομένους.
1584 960 1626 1054 ἡ
1658 965 1732 1035 δὲ
1761 970 1996 1053 Πυθίη
2025 968 2095 1033 ol*
2133 962 2280 1033 εἷπε
2315 962 2475 1035 τάδε
2494 986 2508 1000 ·

569 1096 741 1160 Λυδὲ
782 1097 985 1179 γένος,
1029 1099 1269 1159 πολλῶν
1310 1098 1594 1179 βασιλεῦ,
1636 1096 1786 1178 μέγα
1826 1091 2008 1175 νήπιε
2051 1101 2303 1177 Κροῖσε,

395 1308 603 1359 Erotic.
651 1307 739 1358 22.
821 1306 979 1357 Arois
1025 1321 1156 1357 vero
1202 1306 1373 1370 ipsius
1410 1307 1489 1358 hi-

394 1376 676 1428 storiolam
710 1378 868 1441 quasi
903 1377 1186 1427 contexuit
1211 1377 1488 1427 Hemster-

395 1448 584 1498 husius
610 1446 681 1495 ad
700 1447 928 1497 Lucian.
953 1446 1257 1511 contempl.
1281 1448 1346 1498 T.
1375 1448 1484 1498 111.

394 1535 448 1583 p.
475 1516 594 1578 385,
631 1517 718 1576 iis,
756 1532 897 1579 quae
920 1517 1174 1579 diximus,
1199 1532 1309 1566 non
1334 1533 1488 1580 prae-

395 1587 680 1645 termissis,
718 1586 965 1651 aliisque,
1006 1585 1248 1651 quae'ad
1280 1588 1488 1639 seriora

392 1658 669 1723 pertinent
705 1661 983 1722 tempora,
1022 1656 1272 1706 adiectis.

713 1829 844 1881 cir.
887 1828 1155 1882 LXXXV.

459 1930 566 1982 τοῦ
610 1927 706 1982 καὶ
751 1922 1035 1995 πρότερον
1091 1922 1483 1999 ἐπεμνήσθην]

393 2001 519 2053 vid.
555 2004 598 2065 1,
637 2001 722 2053 34.
773 2001 840 2053 38
888 2007 942 2052 et
978 2018 1119 2066 quae
1167 2002 1237 2052 ab
1282 2007 1486 2052 utrum-

396 2087 502 2136 que
538 2073 716 2123 locum
753 2072 1155 2123 adnotavimus.
1179 2103 1251 2112 -—-
1287 2065 1356 2121 τὰ
1382 2069 1486 2133 μὲν

393 2139 534 2193 ἄλλα
579 2132 887 2206 ἔπειεικὴς,
936 2142 1009 2191 ad
1051 2151 1262 2193 caetera
1297 2143 1490 2207 quidem

393 2220 545 2279 aptus
581 2228 626 2263 s.
666 2217 728 2261 ut
758 2210 922 2276 vulgo
968 2211 1229 2262 reddunt:
1278 2221 1489 2263 caetera

394 2283 587 2350 quidem
621 2297 720 2333 non
749 2283 965 2344 ineptus.

436 2343 523 2434 ,ἐν
565 2350 636 2433 τῇ
682 2366 764 2400 ων
807 2341 1180 2415 παρελθούσῃ
1240 2340 1482 2414 εὐεστοῖ]

391 2412 601 2472 ευεστῶ
652 2421 828 2471 rarius
877 2421 1092 2486 quidem
1142 2419 1485 2482 vocabulum,

394 2491 489 2543 sed
522 2491 894 2558 grammaticis
919 2490 1211 2554 aliquoties
1249 2488 1485 2554 expliea-

392 2567 524 2612 tum.
578 2561 835 2613 Occurrit
864 2561 1008 2624 apud
1033 2561 1268 2624 Diogen.
1296 2561 1481 2610 Laert.

394 2633 500 2693 IX,
537 2633 625 2683 45.
684 2631 939 2695 Aeschyl.
993 2631 1308 2694 Agamemn.
1359 2629 1480 2680 649.

390 2700 512 2753 938.
564 2699 632 2766 (s.
679 2700 800 2753 630.
855 2701 960 2752 902
1014 2716 1080 2751 ex
1138 2699 1222 2750 ed.
1262 2699 1483 2761 Blomf„

392 2787 550 2838 quem
573 2772 687 2823 vid.
714 2771 770 2821 in
794 2770 1040 2822 Glossar.
1068 2770 1138 2820 ad
1165 2769 1291 2832 630)
1330 2770 1483 2834 Sept.

392 2858 439 2892 c.
481 2841 581 2893 Th.
625 2842 751 2904 171,
795 2842 892 2890 ubi
941 2840 1161 2892 Scholia
1207 2844 1486 2902 exponunt

391 2879 760 2971 εὐδαιμονία
798 2900 1078 2974 εὖθηνία,
1120 2925 1282 2975 qnam
1308 2909 1486 2993 ipsam

391 2979 645 3031 voculam
688 2980 1041 3030 Herodoteae
1093 2994 1310 3045 quoque
1354 2979 1484 3030 voci

397 3048 753 3114 explicandae
778 3050 947 3100 olim·
932 3066 989 3099 ιιι
1009 3049 1254 3114 margine
1278 3048 1483 3099 adscri-

391 3125 541 3184 ptam
577 3119 834 3202 maleque·
850 3120 975 3170 dein
1012 3121 1068 3169 in
1106 3121 1282 3183 ipsum
1316 3119 1482 3169 libro-

391 3205 510 3239 rum
561 3194 766 3240 textum
817 3189 1105 3252 irrepsisse
1155 3190 1480 3240 invenimus.

391 3260 532 3309 Nam
582 3260 642 3308 in
682 3258 806 3309 Aldi
851 3258 1088 3310 editione
1141 3257 1344 3322 legitur
1395 3258 1484 3309 hic

390 3319 646 3394 εὖθηνίᾳ
679 3328 919 3393 itemque
954 3330 1013 3378 in
1047 3329 1314 3379 Parisinis
1351 3344 1483 3378 non-

391 3397 554 3451 nullis
574 3398 854 3449 codicibus
881 3400 972 3449 et
957 3415 1015 3448 ιιι
1034 3399 1277 3464 margine
1298 3398 1480 3449 Schel-

389 3467 754 3530 lershemiani‚
782 3469 876 3533 qni
897 3474 1080 3518 tamen
1103 3468 1161 3518 in
1181 3469 1301 3533 ipso
1329 3472 1482 3518 textu

391 3537 550 3588 offert
565 3553 749 3588 veram
771 3538 1058 3589 lectionem
1078 3528 1316 3598 εὐεστοῖ,
1338 3538 1484 3600 quod

391 3607 676 3658 descendit
722 3607 791 3656 ab
839 3597 1074 3664 εὐεστὼ,
1140 3610 1480 3670 prosperitas.

391 3679 478 3727 Tu
520 3676 632 3728 vid.
680 3676 983 3728 Blomfield.
1035 3677 1092 3726 in
1127 3675 1371 3727 Glossar.
1412 3676 1485 3725 ad

390 3747 587 3797 Aesch.
623 3747 677 3797 S.
712 3763 761 3797 c.
800 3747 899 3798 Th.
944 3747 1082 3804 171,
1118 3747 1211 3810 qni
1247 3761 1349 3795 nec
1389 3761 1484 3795 no-

390 3820 564 3866 strum
612 3818 893 3879 praeteriit
935 3814 1144 3876 Ιοοιιιιι,
1197 3831 1298 3865 nec
1351 3815 1483 3864 alte-

388 3901 510 3935 rum
527 3886 627 3946 IX,
652 3886 740 3948 85,
776 3887 872 3936 ubi
903 3885 1207 3936 invenimus
1242 3875 1482 3934 eiusdem

388 3955 578 4018 stirpis
611 3969 806 4006 nomen
830 3947 1058 4004 ἅπεστω
1080 3952 1352 4014 (omilium).
1393 3955 1477 4006 Or.

391 4024 547 4075 addit
571 4026 788 4076 Kuster.
817 4025 887 4075 ad
903 4024 1186 4075 Iamblich.
1209 4039 1335 4088 pag.
1363 4022 1479 4075 138.

389 4097 475 4146 De
523 4093 698 4145 dativi
732 4096 907 4145 forma
941 4084 1171 4144 εὐεστοῖ
1199 4093 1310 4144 vid.
1354 4094 1484 4143 Bre-

392 4164 519 4215 dov.
568 4180 624 4226 p.
663 4166 766 4215 272
814 4180 959 4230 seq„
1006 4164 1099 4228 qui
1139 4162 1330 4213 similis
1375 4163 1483 4212 for-

390 4249 511 4284 mae
554 4234 773 4284 dativos
828 4249 894 4284 ex
933 4233 1217 4284 Herodoto
1275 4231 1482 4295 attulit,

392 4308 560 4368 atque
592 4319 648 4367 p.
697 4303 817 4354 146.
888 4305 1112 4364 Restat,
1156 4308 1221 4354 ut
1250 4302 1484 4352 Valcket-

390 4373 654 4423 narianae
701 4373 1100 4424 emendationis
1153 4372 1483 4422 mentionem

392 4442 681 4494 faciamus.
762 4442 897 4494 Cum
944 4444 1089 4493 enim
1132 4442 1189 4493 in
1232 4441 1481 4494 Mediceo

1589 1305 1680 1356 hio
1717 1304 2027 1355 inveniatur
2058 1294 2269 1366 εὖετοῖ,
2306 1304 2678 1356 Herodoteum

1592 1391 1711 1426 esse
1759 1375 2143 1453 suspicabatur
2195 1375 2281 1424 vir
2332 1375 2678 1426 doctissimus

1590 1436 1836 1495 εὖετύϊ
1879 1460 1913 1494 a
1946 1445 2163 1494 nomine
2213 1434 2435 1506 εὖετύς,
2483 1446 2679 1508 forma,

1588 1521 1653 1566 ut
1684 1517 1801 1581 ipse
1846 1514 2158 1596 confitetur,
2215 1513 2444 1564 multum
2488 1516 2680 1581 utique

1587 1588 1793 1636 rariore
1841 1600 2001 1649 quam
2054 1575 2282 1633 εὖεσταί.
2357 1585 2431 1634 Et
2467 1585 2578 1635 alia
2622 1586 2679 1636 in

1587 1656 1823 1706 medium
1863 1653 2090 1718 protulit
2124 1653 2368 1716 exempla
2403 1656 2681 1708 nominum

1587 1726 1642 1775 in
1688 1717 1758 1781 τίς
1794 1723 2132 1784 exeuntium,
2182 1723 2449 1773 rariorum
2483 1725 2680 1791 utique

1588 1809 1653 1844 ao
1714 1794 1889 1859 poetis
1954 1793 2128 1856 magis
2191 1792 2677 1856 frequentator-um.

1585 1864 1902 1914 Herodotea
1938 1861 2184 1927 exempla
2219 1861 2405 1912 attulit
2448 1864 2551 1926 IV,
2592 1867 2676 1916 75.

1586 1935 1663 1996 V,
1703 1933 1753 1984 6.
1805 1933 1913 1994 ῙΧ,
1951 1932 2038 1982 96.
2124 1933 2227 1982 Est
2279 1933 2496 1996 quidem
2544 1934 2680 1986 haec

1591 2002 1875 2053 annotatio
1924 2002 2102 2052 bonae
2147 2002 2322 2067 frugis
2362 2002 2681 2068 plenissima

1591 2074 1691 2134 iis,
1731 2073 1823 2138 qui
1861 2072 2107 2136 singulas
2140 2072 2417 2123 nominum
2450 2074 2684 2127 Graeco-

1590 2158 1709 2193 rum
1750 2143 1950 2193 formas
1998 2158 2320 2206 pernoscere
2362 2143 2561 2208 velint,
2611 2145 2682 2195 ad

1589 2214 1958 2264 Herodoteam
1996 2228 2124 2262 vero
2166 2212 2457 2264 lectionem
2494 2214 2682 2278 vulga·

1590 2290 1700 2334 tam
1740 2282 2145 2334 sollicitandam
2183 2287 2279 2332 aut
2313 2282 2437 2334 loco
2463 2302 2681 2337 moven-

1591 2356 1714 2405 dam
1750 2352 1889 2403 nihil
1921 2353 2107 2403 valere
2142 2355 2359 2417 poterit.

1657 2414 1721 2471 τὸ
1750 2421 1868 2472 πᾶν
1893 2412 1947 2479 ἐς
1978 2413 2160 2471 αὐτὸν
2182 2412 2539 2500 ἐπεποιήκεε]
2577 2426 2681 2474 Lo-

1591 2494 1740 2543 cutio
1802 2489 1944 2541 πᾶν
2003 2507 2047 2542 s.
2110 2506 2337 2541 παντα
2407 2497 2676 2555 ποιεῖν,

1588 2564 1788 2612 omisso
1822 2561 2139 2626 plerumque
2192 2562 2474 2624 articulo,
2465 2579 2531 2613 e
2576 2564 2681 2613 fre-

1586 2632 1958 2696 quentissimis
2024 2630 2239 2694 ipsique
2290 2631 2511 2682 Platoni
2564 2647 2681 2697 per-

1587 2718 1749 2766 quam
1786 2701 2026 2755 nsitatis.
2074 2699 2237 2750 Valet
2266 2706 2476 2751 autem:
2517 2705 2680 2752 omnia

1582 2773 1764 2834 facere
1783 2769 2162 2835 (quaecunque
2187 2770 2369 2821 facere
2394 2770 2541 2832 licet,
2578 2787 2676 2836 pro

1586 2839 1838 2904 viribus),
1877 2856 2061 2890 omnem
2089 2841 2307 2901 lapidem
2348 2843 2571 2900 movere,
2620 2846 2681 2891 ut

1587 2913 1643 2960 in
1692 2911 1980 2975 proverbio
2027 2909 2246 2960 dicitnr.
2322 2911 2449 2962 vid.
2488 2912 2676 2974 Viger.

1588 2981 1859 3031 Idiotism.
1882 2998 1936 3043 p.
1959 2978 2080 3030 287.
2108 2980 2399 3033 Heindorf.
2422 2982 2492 3032 ad
2508 2983 2680 3033 Phae-

1589 3051 1716 3101 don.
1755 3067 1808 3114 p.
1844 3050 1947 3102 249
1975 3065 2088 3114 seq.
2128 3050 2315 3100 Monk.
2314 3052 2410 3132 ‚ad
2429 3053 2677 3116 Euripid.

1586 3120 1810 3184 Hippol.
1848 3121 1969 3172 284.
2009 3150 2081 3159 —-
2139 3111 2205 3177 ἐς
2243 3112 2471 3170 αυτὸν
2524 3122 2683 3185 pleri-

1588 3205 1693 3253 que
1728 3189 1879 3253 libri,
1920 3205 2056 3255 quos
2087 3189 2235 3252 ipsos
2274 3192 2413 3241 citat
2441 3192 2683 3243 Gaisfor-

1588 3258 1742 3338 dius,
1782 3261 1838 3309 in
1874 3264 2029 3311 textu
2058 3262 2304 3322 quamvis
2327 3261 2568 3312 scribens
2608 3255 2674 3318 ἐς

1587 3343 1670 3376 αυ
1687 3344 1840 3390 τον
1895 3330 2030 3392 nisi,
2069 3331 2212 3392 quod
2249 3333 2520 3394 suspicor,
2560 3347 2684 3394 ope-

1587 3413 1769 3448 rarum
1807 3400 1941 3449 vitio
1977 3399 2081 3450 hoc
2125 3400 2492 3450 tribuendum.
2555 3401 2680 3450 Bini

1585 3468 1710 3518 libri
1737 3484 2014 3550 perperam
2033 3459 2087 3524 ἐς
2110 3459 2333 3526 ἑαυτὸν,
2356 3469 2501 3518 unde
2518 3468 2683 3532 vulgo

1586 3529 1692 3593 59⁹
1662 3531 1891 3596 εωντὸν,
1920 3537 2063 3602 qnod
2090 3538 2283 3587 merito
2310 3506 2535 3588 damnat
2556 3539 2685 3588 Bre-

1587 3606 1715 3657 dov,
1748 3621 1804 3670 p.
1842 3605 1963 3657 201.
2038 3606 2325 3656 Caeterum
2362 3598 2425 3664 ἐς
2470 3597 2684 3655 αὐτὸν

1587 3681 1698 3726 est.
1748 3677 1885 3741 quod
1929 3679 2108 3726 attinet
2152 3676 2225 3726 ad
2271 3678 2403 3725 illum
2459 3691 2504 3728 s.
2548 3677 2684 3727 illius

1586 3761 1765 3799 οααεα.
1853 3744 2117 3809 Exempla
2171 3745 2325 3795 dabit
2370 3745 2568 3795 Matth.
2628 3749 2681 3808 §.

1588 3813 1708 3875 578,
1750 3831 1796 3865 c.
1821 3831 1872 3879 p.
1914 3816 2069 3866 1144.
2110 3846 2181 3854 -
2216 3816 2345 3865 Mox
2383 3806 2683 3876 ἐπιφράζε-

1588 3883 1731 3934 σθαι
1766 3884 1929 3934 simili
1958 3886 2073 3935 fere
2100 3900 2262 3935 sensu
2288 3886 2681 3967 accipiendum,

1588 3970 1694 4017 quo
1730 3954 1786 4016 Ῑ,
1832 3954 1901 4005 84
1943 3955 2034 4006 fin.
2084 3954 2312 4019 simplex
2346 3948 2684 4018 φράζεσθαι.

1590 4024 1772 4085 Quare
1809 4040 1919 4074 non
1954 4024 2095 4075 male
2130 4025 2392 4076 reddunt.
2432 4028 2564 4077 inire
2596 4043 2683 4076 ra-

1587 4096 1773 4155 tiones,
1821 4098 1983 4146 animo
2018 4098 2221 4160 ayitare
2261 4098 2498 4158 consilia,
2561 4096 2683 4145 deli-

1585 4164 1790 4214 herm-e.

1654 4227 1793 4298 μέγα
1852 4223 2018 4297 νήπιε
2070 4230 2306 4297 Κροῖσε]
2381 4230 2683 4282 Confer-unt

1584 4302 1913 4363 Hesiodum,
1969 4303 2062 4365 qui
2098 4302 2156 4351 in
2205 4301 2345 4366 Opp.
2397 4302 2501 4352 286
2539 4299 2679 4349 dixit

1585 4368 1725 4436 μέγα
1748 4365 1915 4436 νήπιε
1938 4367 2157 4433 Πέρση,
2194 4371 2287 4420 nbi
2325 4369 2435 4419 alia
2461 4384 2676 4433 quoqne

1585 4440 1867 4505 Goettling
1890 4455 1946 4504 p.
1966 4439 2069 4491 XV
2088 4438 2295 4501 attulit,
2318 4438 2479 4500 unde,
2509 4452 2677 4502 quan-
