3109 5092
1146 358 1641 419 EUTERPE.
1686 360 1773 419 II.
1817 369 1907 423 86.

383 525 516 597 σὺν
561 531 645 599 δέ
687 549 810 616 σφι
851 533 927 597 αι’
965 529 1424 620 προσήκουσαι
1464 536 1691 599 πᾶσαι.

382 631 746 701 τύπτονται
764 683 782 716 ,
844 633 1284 723 ἐπεζωσμένοι
1339 635 1451 704 καὶ
1498 624 1707 703 οὗτοι.

2539 360 2653 423 611

1800 533 2138 621 ἑτέρωθεν
2184 532 2261 602 δὲ
2311 537 2383 601 οἱ
2415 530 2660 624 ἄνδρες

1816 632 2023 704 ἐπεὰν
2073 635 2149 705 δὲ
2195 640 2406 705 ταῦτα
2460 637 2655 726 ποιή-

381 755 584 820 σωσι,
647 731 826 804 οὕτω
884 738 951 816 ἐς
998 734 1125 825 τὴν
1175 745 1567 827 ταρίχευσιν
1614 744 1977 826 κομίζουσι.
2098 740 2254 809 Εἰσὶ
2309 739 2403 808 δὲ’
2431 746 2502 808 οἳ
2541 737 2753 810 ἐπ’86

380 834 564 932 αὐτῷ
593 838 809 932 τούτῳ
835 842 1147 910 κατέαται
1185 843 1297 910 καὶ
1331 844 1576 929 τέχνην
1608 847 1834 929 ἔχουσι
1866 840 2175 931 ταύτην.,“
2209 829 2419 927 οὗτοι,
2453 843 2661 913 ἐπεάν

381 1005 879 1070 peregrinationum
959 1005 1112 1057 libris
1194 1007 1470 1073 congessit

381 1074 629 1139 Heynius
667 1076 722 1124 in
742 1075 1000 1141 Spicileg.
1023 1078 1193 1142 antiq.
1218 1092 1383 1128 mum.
1411 1077 1467 1125 iu

382 1143 706 1197 Commentt.
745 1160 857 1197 soc.
885 1146 1038 1197 Gott.
1079 1146 1189 1198 111.
1227 1162 1355 1213 pag.
1394 1146 1466 1196 80

379 1228 546 1346 2333:
595 1214 746 1349 ἒῖιῖῗ
750 1231 776 1265 ⁸
788 1216 1272 1351 2353.‚3‘¹¹1⁷3;‘.⁰;32
1306 1216 1469 1350 ῗξίἶίἓέ

379 1352 649 1419 geudique
683 1354 820 1405 ritus
857 1354 1123 1420 hodieque
1160 1372 1255 1421 per
1289 1356 1467 1420 Aegy-

376 1426 529 1486 ptum
560 1422 805 1473 obtinere
831 1423 980 1474 docti
1006 1425 1358 1491 Francogalli
1388 1429 1467 1474 te-

379 1495 619 1555 stantur,
670 1492 860 1557 quales
911 1500 966 1543 et
1013 1495 1325 1545 Herodotus
1371 1493 1465 1544 de·

376 1561 599 1626 scripsit
633 1566 689 1611 et
723 1564 971 1627 picturae
1003 1562 1127 1614 illae
1152 1564 1466 1615 Thebaicae

377 1630 434 1679 iu
477 1629 743 1695 sepulcris
800 1637 931 1683 ante
988 1634 1175 1684 oculos
1234 1637 1464 1699 ponunt.

374 1699 501 1748 vid.
549 1701 749 1767 Royer.
799 1708 854 1752 et
901 1703 1139 1755 Iomard.
1177 1703 1234 1753 iu
1268 1705 1464 1754 Descr.

376 1767 444 1818 de
478 1768 623 1835 1⁹23.
670 1769 794 1822 livr.
843 1772 912 1823 X.
947 1788 1002 1837 p.
1041 1773 1110 1826 43
1148 1778 1205 1823 et
1240 1773 1463 1838 Antiqq.

377 1838 454 1888 11.
492 1854 546 1903 p.
579 1838 742 1891 383.“

444 1913 593 1974 οὕτω
616 1916 671 1984 ἐς
682 1918 787 1991 τὴν
800 1924 1124 1992 ταρίχευσιν
1141 1924 1459 1991 κομίζουσι]

374 1993 496 2045 scil.
533 1987 634 2044 τὸν
675 1989 915 2060 νεκρὸν,
962 1998 1000 2048 i.
1043 2012 1091 2047 e.
1130 1997 1203 2046 ad
1230 1998 1464 2047 condien-

374 2064 487 2112 dum
524 2066 747 2129 afferunt
783 2066 1031 2129 cadaver,
1070 2072 1133 2115 ut
1168 2065 1243 2129 ΙΙ,
1276 2064 1345 2116 89
1376 2062 1460 2114 δι-

374 2129 544 2181 δοῦσι
599 2126 937 2199 ταριχεύειν.
1038 2136 1119 2185 Ac
1177 2133 1460 2200 probabile

373 2205 486 2265 est,
532 2203 592 2252 in
627 2203 857 2269 singulis
901 2206 1040 2255 vicis
1074 2205 1340 2270 pagisque
1381 2205 1461 2254 fu·

372 2271 485 2321 isse
521 2272 798 2333 aedificia,
835 2272 930 2322 ubi
968 2274 1239 2325 cadavera
1271 2273 1461 2325 condi·

371 2345 576 2405 rentur,
607 2342 764 2408 plura
784 2343 947 2392 etiam
981 2343 1037 2392 in
1067 2342 1307 2408 qualibet
1327 2344 1461 2394 urbe

373 2412 593 2462 maiore.
654 2411 890 2462 Verbum
921 2404 1267 2477 ταριχεύειν,
1315 2412 1461 2478 quod

374 2480 440 2530 de
474 2481 719 2546 quolibet
744 2481 1059 2532 salsamenti
1086 2497 1283 2547 genere
1307 2497 1461 2532 usur-

371 2554 564 2614 patur,
603 2551 877 2616 proprium
916 2550 1040 2600 dein
1077 2552 1332 2601 universo
1366 2551 1462 2601 hu-

372 2619 485 2668 icce
522 2621 742 2683 negotio
781 2619 1202 2671 condiendorum
1231 2621 1462 2671 cadave-

371 2704 489 2738 rum
552 2689 818 2739 adhaesit.
900 2689 1027 2741 vid.
1075 2690 1339 2741 Herodot.
1383 2690 1458 2751 11,

373 2758 460 2809 88.
499 2758 587 2809 89.
635 2758 742 2819 111,
777 2759 861 2809 16.
897 2758 994 2819 VI,
1044 2758 1138 2819 303
1190 2758 1326 2809 alios
1364 2758 1460 2808 ali-

372 2842 524 2876 orum
563 2829 885 2893 scriptorum
929 2826 1081 2877 locos
1121 2827 1273 2877 dabit
1307 2828 1461 2878 Wes-

371 2895 564 2959 seling.
592 2897 660 2946 ad
687 2897 909 2947 Diodor.
937 2896 1105 2947 Sicul.
1139 2898 1184 2961 1,
1220 2897 1284 2947 91
1311 2898 1462 2947 item-

371 2980 475 3030 que
521 2966 769 3016 Creuzer.
835 2966 1160 3017 Commentt.
1216 2966 1457 3017 Herodd.

368 3051 495 3100 pag.
555 3035 614 3083 10
651 3036 714 3085 de
765 3035 867 3086 hoc
903 3035 1069 3085 verbo
1118 3037 1338 3102 eiusque
1387 3036 1463 3085 si-

369 3104 720 3169 gnificatione
758 3105 1065 3170 disputan&

679 3310 811 3362 Car.
851 3311 1152 3361 Lxxxvl.

440 3423 500 3478 οἳ
523 3418 606 3477 ἐπ’
628 3420 784 3496 αὐτῷ
811 3421 995 3495 τούτῳ
1027 3428 1312 3495 κατέαται]
1328 3445 1458 3480 κατ-

372 3495 525 3547 έαται
564 3498 755 3549 Ionica
802 3499 979 3549 forma
1023 3516 1122 3564 pro
1168 3492 1457 3564 κάθηνται

370 3572 431 3617 ut
468 3568 514 3629 I,
557 3567 673 3619 199.
744 3567 1002 3633 Explicat
1036 3568 1459 3620 Valckenariusz

370 3640 607 3700 occupati
637 3639 688 3687 in
724 3640 894 3702 aliqua
918 3654 1005 3701 re,
1041 3644 1097 3689 et
1130 3638 1459 3690 locutionem

370 3703 678 3771 καθῆσθαι
700 3696 802 3755 ἐπί
830 3721 943 3756 τινι
969 3707 1036 3756 de
1061 3708 1342 3771 artificibus
1358 3711 1458 3758 eel-

368 3777 594 3835 lulan'is,
636 3778 686 3825 in
724 3777 929 3839 officina
961 3793 1056 3826 sua
1093 3777 1379 3828 sedentibus
1412 3784 1462 3827 et

367 3845 698 3909 operantibus
737 3845 1028 3908 usitatam,
1089 3845 1298 3911 aliquot
1339 3844 1462 3895 illu·

369 3918 511 3964 strat
537 3914 816 3979 exemplis.
882 3915 1064 3976 Quare
1083 3914 1187 3965 hoc
1213 3913 1333 3965 loco
1359 3929 1458 3963 κα-

366 3977 743 4048 τατετάχαται,
776 3984 920 4050 quod
947 3983 1140 4035 Vallae
1162 3984 1343 4034 versio
1370 3999 1457 4033 ex-

368 4055 592 4117 pressit,
629 4054 881 4120 quodque
920 4054 976 4102 in
1011 4053 1288 4104 Sancrofti
1319 4051 1459 4103 libro

367 4126 585 4174 vetusto
620 4128 927 4190 comparet,
966 4127 1022 4172 et
1043 4121 1206 4171 simili
1227 4121 1459 4187 denique

367 4191 488 4242 loco
538 4192 582 4255 1,
638 4193 724 4243 191
782 4192 984 4242 firmari
1031 4206 1194 4256 posse
1244 4191 1461 4241 videtur

365 4263 516 4327 (-,‚qui
548 4263 622 4312 ad
658 4262 752 4312 hoc
779 4263 938 4325 ipsum
962 4264 1221 4313 constituti
1242 4258 1458 4324 erant“)

368 4330 692 4394 quibusdam
729 4330 1055 4395 placiturum
1091 4329 1279 4391 videm
1329 4330 1458 4392 uisi,

366 4414 510 4463 quae
544 4414 664 4449 mea
701 4406 786 4449 est
821 4401 1123 4463 sententia,
1161 4399 1332 4464 ipsius
1366 4414 1460 4448 vo·

1573 1006 1650 1055 cis
1687 1006 1994 1071 primitivae
2039 1009 2288 1059 videatur
2334 1009 2659 1075 interpreta-

1572 1081 1809 1126 mentum
1844 1077 1986 1128 male
2022 1079 2148 1129 dein
2182 1079 2239 1127 in
2271 1084 2477 1129 textum
2512 1095 2659 1130 rece·

1569 1149 1741 1210 ptum.
1807 1147 1921 1198 Nec
1944 1147 2174 1214 denique
2198 1147 2541 1199 inhonestum
2568 1165 2662 1199 vo·

1571 1214 1848 1279 nabulum,
1910 1216 1959 1267 si
2005 1217 2340 1269 taricheutas
2385 1218 2533 1282 ipsos
2576 1219 2658 1271 in-

1570 1284 1931 1351 ferioremque
1949 1301 2134 1337 eorum
2155 1287 2520 1337 conditionem
2532 1303 2659 1338 cou-
2711 1316 2723 1327 ·

1570 1352 1773 1403 sideres
1813 1354 1902 1419 (de
1947 1372 2054 1422 qua
2099 1356 2243 1407 conf.
2292 1360 2434 1406 nott.
2473 1356 2543 1406 ad
2578 1357 2655 1420 11,

1568 1422 1659 1488 89)
1682 1424 1949 1490 simulque
1978 1431 2196 1492 reputes
2213 1462 2227 1487 ,
2298 1441 2401 1475 uae
2425 1440 2660 1492 sequun-

1569 1497 1659 1542 tur
1676 1492 1914 1544 hocloco
1938 1496 2106 1547 verba
2121 1492 2216 1545 καὶ
2239 1510 2269 1544 τ
2299 1509 2446 1560 χνην
2464 1489 2656 1560 ἔχουσι

1568 1554 1811 1626 ταύτην,
1859 1564 2034 1614 videri
2071 1563 2320 1615 consulto
2359 1564 2547 1615 addita
2582 1563 2654 1614 ad

1568 1631 1624 1680 id
1646 1631 1823 1696 ipsum
1843 1623 1949 1696 (ἐπ’
1978 1623 2137 1684 αὖτοῖ
2164 1625 2348 1700 τούτῳ
2366 1631 2654 1699 κατέαται)

1567 1685 2653 1836 ffissffssfflwifflfflssssffl

1566 1833 1627 1888 οἱ
1668 1833 1773 1904 μὲν
1821 1830 1931 1889 οὖν
1974 1833 2045 1890 τὰ
2093 1833 2324 1906 σώματα
2367 1833 2653 1905 θεραπεύ-

1564 1922 1723 1966 οντες
1768 1904 1878 1958 εἰσὶ
1910 1911 2158 1975 τεχνῖται
2194 1901 2303 1974 τὴν
2335 1902 2653 1975 ἐπιστήμην

1562 1968 1849 2041 ταύτηνέκ
1869 1976 2069 2043 γένους
2086 1972 2517 2044 παρειληφότες,
2538 1978 2654 2044 plu-

1565 2062 1652 2097 res
1687 2046 1940 2113 deinceps
1970 2048 2161 2099 horum
2180 2049 2421 2113 ipsorum
2443 2048 2651 2099 classes

1564 2117 1720 2183 quasi
1758 2117 2127 2183 distinguens,
2168 2133 2291 2169 cum
2326 2119 2499 2183 primo
2529 2117 2651 2169 loco

1561 2192 1733 2252 ponat
1781 2202 1928 2249 eum,
1985 2189 2078 2253 qui
2133 2187 2316 2238 scriba
2366 2188 2651 2239 dicebatur

1563 2244 1623 2318 (ὁ
1671 2249 2028 2321 γραμματεὺς
2072 2249 2420 2322 λεγόμενος),
2477 2257 2650 2308 altero

1564 2340 1713 2388 eum,
1762 2327 1856 2391 qui
1901 2325 2292 2392 παρασχίστης
2331 2328 2650 2390 vocabatur,

1562 2399 1728 2459 atque
1763 2399 1879 2446 tum
1915 2411 2039 2459 eos,
2078 2397 2170 2462 qui
2205 2393 2528 2462 ταριχευταὶ
2558 2412 2654 2447 vo·

1563 2464 1856 2527 cabantur,
1910 2464 2055 2515 omni
2100 2465 2304 2515 honore
2361 2465 2555 2531 dignos
2595 2470 2651 2516 et

1562 2534 1939 2585 sacerdotibus
1964 2533 2290 2597 familiares,
2328 2539 2390 2584 ut
2423 2536 2515 2599 qui
2542 2535 2651 2599 ipsi

1565 2603 1707 2651 sacri
1753 2602 1864 2652 sint
1914 2603 2191 2668 libereque
2238 2603 2295 2651 in
2332 2603 2535 2667 templa
2570 2605 2650 2652 in-

1563 2669 1899 2735 grediantur.
1974 2672 2124 2732 Quos
2173 2686 2358 2721 omnes
2401 2674 2448 2721 si
2480 2673 2651 2722 Hero·

1565 2740 1725 2789 dotus
1761 2755 1871 2791 nou
1899 2740 2211 2791 accuratius
2248 2740 2516 2804 distinxit,
2553 2741 2650 2791 mi-

1561 2811 1708 2859 nime
1747 2808 1870 2859 inde
1892 2809 2263 2874 paraschistas
2302 2814 2357 2858 et
2385 2810 2654 2860 tarichea-

1563 2883 1651 2927 tas
1688 2878 1819 2944 (quo
1856 2880 2074 2930 nomine
2120 2879 2174 2927 in
2210 2878 2523 2930 uuiversum
2559 2879 2652 2930 de-

1564 2947 1867 3011 clarantur,
1918 2949 2007 3015 qui
2054 2948 2110 2999 iu
2154 2951 2485 3000 mortuorum
2535 2965 2652 3000 cor·

1564 3017 1787 3081 poribus
1834 3033 2017 3068 curam
2066 3017 2292 3083 ponunt)
2334 3019 2649 3071 confudisse

1563 3085 1838 3151 putandus
1885 3088 2015 3138 eritr
2067 3103 2209 3153 quae
2250 3092 2334 3138 est
2372 3090 2649 3140 sententia

1559 3155 1787 3206 Amadei
1823 3158 2038 3223 Peyron
2072 3158 2296 3222 (Papyri
2334 3158 2562 3211 Graece.
2588 3174 2643 3223 p.

1561 3225 1657 3287 79)
1675 3225 1743 3275 de
1776 3227 1860 3276 his
1897 3227 2218 3292 exponentis
2245 3231 2409 3292 atque
2443 3230 2511 3279 de
2530 3228 2650 3278 uni-

1559 3310 1720 3345 verso
1756 3312 1976 3346 munere
2014 3295 2464 3360 Cholchytarum,
2514 3311 2647 3361 quo-

1562 3380 1679 3414 rum
1726 3365 1781 3415 in
1830 3381 2035 3430 papyro
2080 3366 2291 3416 Graeco
2339 3365 2539 3415 mentio
2585 3362 2648 3412 fit

1563 3430 1707 3498 (τῶν
1750 3426 1851 3489 τὰς
1898 3432 2251 3497 λειτουργίας
2292 3423 2354 3480 ἐν
2397 3434 2524 3490 ταῖς
2559 3444 2649 3480 νε-

1560 3499 1749 3565 κρίαις
1793 3502 2221 3566 παρεχομένων,
2281 3498 2648 3564 καλουμένων

1563 3563 1626 3619 δὲ
1675 3569 2007 3635 Χολχυτῶν)
2075 3569 2430 3633 disputantis.
2523 3567 2651 3618 Alia

1562 3638 1827 3703 quaedam
1866 3640 1933 3689 de
1980 3637 2405 3689 taricheatarum
2455 3641 2571 3688 arte
2618 3652 2650 3686 e

1561 3708 1781 3773 papyris
1839 3708 2062 3759 Graecis
2129 3705 2316 3756 attulit
2371 3704 2646 3771 Brugsch:

1562 3779 1750 3826 Lettre
1793 3791 1866 3825 au
1907 3776 2143 3826 vicomte
2191 3774 2258 3824 de
2305 3772 2497 3840 Rougd
2538 3780 2646 3827 etc.

1561 3845 1763 3911 (Berol.
1808 3845 1963 3909 1850)
1998 3859 2126 3909 pag.
2164 3842 2249 3895 37.
2319 3844 2508 3910 Neque
2542 3844 2647 3895 huc

1561 3930 1669 3964 non
1704 3914 1973 3979 pertinere
2005 3913 2288 3974 videntur,
2327 3914 2419 3978 qui
2454 3914 2511 3963 in
2545 3914 2648 3965 Ge-

1561 4000 1678 4034 ues.
1719 3984 1784 4044 L,
1821 3984 1854 4032 2
1891 3988 2157 4033 vocantur
2178 3983 2356 4032 medici
2376 3982 2647 4047 iidemque

1562 4054 1701 4104 servi
1734 4051 1981 4118 Iosephi,
2027 4052 2221 4118 quibus
2256 4051 2446 4103 Iaeobi
2481 4052 2647 4103 cada·

1564 4138 1659 4172 ver
1686 4121 2046 4172 condiendum
2070 4120 2333 4171 traditur:
2372 4137 2478 4185 quo
2507 4122 2646 4186 ipso,

1562 4192 1781 4256 opinor,
1820 4191 2044 4241 inferior
2068 4190 2493 4241 taricheatarum
2523 4205 2649 4239 eon-

1563 4260 1699 4310 ditio
1746 4260 1882 4311 satis
1931 4260 2263 4311 declaratur:
2312 4275 2473 4325 quam
2521 4274 2647 4309 eau-

1563 4329 1683 4380 dem
1710 4328 2028 4382 confirmare
2057 4329 2187 4381 mihi
2209 4328 2479 4393 videntur,
2509 4342 2649 4392 quae

1562 4399 1707 4450 iufra
1741 4399 1821 4462 11,
1857 4399 1927 4450 89
1964 4403 2272 4449 narrantur.

2100 4476 2232 4539 39*
