3109 5092
989 371 1121 431 AD
1167 372 1681 436 HERODOT.
1724 376 1810 451 11,
1855 383 1939 439 17.
2471 374 2588 439 851

329 547 598 613 centium,
642 551 757 598 tum
800 545 980 614 ipsius
1024 544 1184 597 fluvii
1230 553 1462 613 natura3
1507 547 1653 599 unde
1689 550 1892 600 factum
1932 554 2049 614 est,
2092 552 2155 599 ut
2181 548 2303 617 ipse
2334 551 2599 606 ostiorum

329 648 589 685 numerus
618 631 1039 699 haudquaquam
1068 630 1173 681 sibi
1206 649 1419 701 semper
1448 633 1780 700 constiterit,
1820 639 1876 685 et
1906 649 2054 685 nunc
2086 632 2247 702 plane
2278 633 2435 686 aliter
2464 636 2596 690 haec

328 717 444 768 sint
474 717 776 768 constituta
805 721 971 784 atque
1013 713 1136 767 olim
1171 715 1351 768 fuisse
1396 717 1723 786 accepimus.
1786 718 2046 770 Veterum
2077 718 2406 785 scriptorum
2442 719 2595 774 locos

329 802 395 853 de
426 801 543 853 Nili
574 801 732 853 ostiis
764 801 868 853 iam
908 799 1092 851 attulit
1118 801 1455 870 wesseling.
1488 803 1556 853 ad
1588 803 1818 855 Diodor.
1849 802 2017 854 Sicul.
2049 802 2094 870 1,
2127 807 2229 869 333
2275 803 2423 856 inter
2453 822 2595 874 quos

328 885 670 954 potissimum
713 883 927 937 consul.
969 884 1153 937 Strab.
1199 885 1377 938 xvll.
1420 905 1474 955 p.
1515 892 1617 946 801
1663 905 1709 938 s.
1752 906 1809 956 p.
1855 893 1994 946 1153
2034 887 2081 937 B
2123 886 2246 939 coll.
2298 906 2352 957 p.
2402 894 2506 949 788
2545 907 2593 941 s.

330 989 385 1039 p.
417 976 557 1029 1136
588 989 705 1041 seq.
743 969 888 1022 Plin.
921 970 994 1021 H.
1025 970 1099 1021 N.
1133 970 1200 1037 V,
1239 976 1321 1027 10.
1361 976 1412 1036 s.
1438 979 1504 1029 51
1539 989 1696 1041 seqq.
1761 972 2112 1024 Lacunosum
2142 971 2388 1039 Scylacis
2422 973 2596 1026 locum

327 1055 385 1106 in
416 1054 617 1123 Peripl.
654 1074 710 1125 p.
747 1059 817 1113 43
849 1053 1069 1123 explere
1100 1055 1317 1107 studuit
1347 1055 1412 1106 C.
1452 1055 1690 1108 Mueller
1722 1057 1779 1107 in
1813 1058 2022 1124 Geogr.
2054 1058 2157 1108 Gr.
2194 1057 2399 1109 Min.1.
2430 1063 2592 1127 p.80.

330 1140 538 1191 Nostra
568 1147 747 1192 aetate
778 1140 845 1191 de
861 1138 980 1190 Nili
1013 1139 1175 1191 ostiis
1208 1140 1545 1209 conscripsit
1574 1141 1646 1192 du
1677 1140 2010 1207 Bois-Ayme
2041 1141 2224 1211 (‚,Sur
2254 1141 2335 1193 les
2368 1143 2593 1194 anciens

327 1223 599 1276 branches
632 1226 703 1276 du
728 1224 823 1276 Nil
846 1229 902 1275 et
925 1242 1017 1276 ses
1040 1224 1436 1277 embouchures
1464 1224 1602 1277 dans
1627 1224 1681 1276 la
1698 1225 1879 1291 mer“)
1907 1225 1962 1277 in
1978 1226 2254 1293 Descript.
2287 1226 2356 1278 de
2375 1226 2521 1295 l’Eg.
2548 1226 2593 1277 Ι.

331 1308 557 1379 Antiqq.
585 1309 823 1382 (livrais.
851 1309 915 1375 3)
943 1327 998 1377 p.
1013 1311 1114 1367 277
1132 1326 1289 1379 seqq.
1315 1315 1371 1361 et
1390 1310 1470 1361 Le
1483 1308 1627 1361 Pere
1662 1308 1781 1361 loco
1805 1309 1952 1361 infra
1978 1309 2253 1362 laudando
2276 1329 2331 1380 p.
2349 1317 2451 1369 118
2474 1329 2592 1379 seq.

498 1396 604 1447 His
645 1395 700 1446 in
748 1394 1067 1446 universum
1100 1394 1319 1445 monitis
1360 1393 1467 1446 iam
1513 1394 1583 1445 ad
1623 1392 1846 1462 singula
1888 1395 2058 1460 ostia,
2104 1411 2245 1463 quae
2273 1395 2594 1446 Herodotus

326 1485 610 1547 memorat,
655 1479 991 1531 accedamus.
1065 1478 1246 1530 Primo
1289 1477 1410 1531 loco
1451 1478 1695 1530 nominat
1734 1480 2091 1547 Pelusiacam,
2142 1479 2290 1547 quod
2331 1480 2595 1531 orientem

329 1582 527 1618 versus
571 1564 870 1616 deflectens
911 1564 1012 1614 hac
1045 1569 1202 1631 parte
1232 1562 1471 1633 Aegypti
1518 1564 1658 1615 fines
1701 1563 1873 1615 tutari
1917 1562 2309 1633 quodammodo
2346 1563 2586 1630 videtur,

328 1649 464 1701 satis
496 1649 675 1701 valida
706 1664 969 1718 aquarum
998 1647 1155 1716 copia
1185 1646 1399 1700 fluens:
1446 1648 1621 1713 unde,
1664 1648 1713 1700 si
1744 1649 1811 1698 ab
1845 1649 2058 1699 oriente
2094 1647 2359 1717 incipias,
2405 1651 2590 1700 τελευ-

325 1740 487 1786 ταῖον
525 1734 673 1786 inter
702 1733 817 1785 Nili
852 1733 996 1784 ostia
1028 1731 1232 1783 dicitur
1276 1749 1307 1783 a
1336 1732 1609 1784 Strabone
1640 1731 1677 1782 1.
1710 1732 1747 1783 l.
1767 1771 1782 1798 ,
1821 1733 2042 1800 πρῶτον
2071 1748 2205 1783 vero
2251 1751 2284 1785 a
2314 1731 2595 1800 Stephano

328 1819 564 1886 Byzant.
606 1837 652 1870 s.
703 1836 753 1871 v.
790 1812 1128 1885 Πηλούσιον.
1194 1816 1256 1868 In
1300 1816 1423 1885 ipso
1468 1833 1636 1869 cursu
1669 1816 1828 1868 fluvii
1871 1816 2000 1868 inde
2044 1832 2077 1866 a
2111 1816 2416 1867 Cercasoro
2458 1817 2597 1867 urbe

330 1903 578 1954 nonnihil
622 1920 722 1972 per
761 1908 1062 1971 temporum
1103 1902 1392 1953 decursum
1436 1920 1561 1954 esse
1602 1906 1862 1953 mutatum
1905 1899 2189 1970 probabile
2229 1906 2346 1966 est3
2390 1900 2595 1970 alioqui

331 1988 472 2039 enim
503 1986 787 2039 conciliari
816 1992 1117 2056 nequeunt,
1151 2002 1294 2055 quae
1320 1985 1388 2038 de
1419 1987 1540 2038 eius
1578 2002 1745 2038 cursu
1776 2002 1840 2039 ac
1868 1985 1980 2037 situ
2011 1984 2234 2036 diversa
2262 1985 2410 2053 apud
2439 1991 2592 2037 vete-

329 2088 421 2122 res
468 2078 814 2124 enarrantur.
886 2071 1046 2134 Quae
1084 2087 1203 2123 cum
1236 2070 1305 2121 ad
1346 2076 1593 2123 nostrum
1634 2070 1809 2122 locum
1840 2070 2018 2123 minus
2055 2070 2401 2138 pertineant,
2450 2085 2599 2120 nunc

327 2156 494 2207 missa
535 2156 815 2208 faciamus.
873 2156 1056 2208 Hodie
1101 2155 1409 2208 exsiccatus
1449 2156 1569 2207 fere
1603 2161 1691 2207 est
1719 2155 2043 2207 Pelusiacas
2074 2152 2191 2205 Nili
2220 2152 2453 2219 fluvius,
2501 2152 2598 2221 qui

333 2240 456 2292 olim
499 2242 567 2293 ad
607 2240 888 2293 Pelusium
925 2242 1116 2293 urbem
1155 2256 1300 2292 mare
1342 2239 1587 2292 intrabat
1609 2236 1696 2307 ¹⁸¹),
1744 2240 2015 2308 cuiusque
2060 2254 2280 2290 cursum
2323 2253 2469 2288 nunc
2508 2254 2595 2288 se-

332 2325 522 2394 quitur
562 2325 769 2377 canalis
809 2325 968 2376 Abou
988 2324 1342 2393 —Meneggeh
1385 2328 1559 2395 (teste
1588 2325 1661 2377 du
1692 2324 2027 2391 Bois-Ayme
2058 2322 2094 2374 l.
2130 2323 2165 2373 l.
2198 2341 2253 2391 p.
2285 2327 2390 2383 279
2423 2320 2592 2391 seq.)‚

331 2410 428 2479 qui
459 2410 579 2479 ipse
611 2410 834 2462 nonnisi
861 2409 1020 2462 valde
1060 2417 1219 2462 aucto
1250 2409 1379 2461 Nilo
1407 2417 1704 2480 terrasque
1746 2409 2065 2461 adiacentes
2105 2407 2413 2460 inundante
2458 2423 2595 2457 non-

331 2493 465 2546 nihil
517 2512 692 2565 aquae
723 2493 921 2564 recipit
965 2501 1022 2546 et
1047 2500 1205 2546 trans
1240 2494 1444 2561 locum,
1490 2495 1586 2564 qui
1618 2511 1766 2546 nunc
1802 2493 2003 2545 dicitur
2038 2492 2251 2559 Salieh,
2296 2508 2467 2559 prope
2517 2488 2597 2540 la-

330 2596 449 2632 cum
473 2580 762 2632 Menzaleh
790 2578 914 2631 limo
944 2586 1000 2630 et
1028 2594 1198 2631 arena
1227 2579 1438 2631 obiecta
1457 2596 1693 2648 prorsus
1727 2577 2028 2631 evanescit.
2085 2576 2262 2627 Cuius
2288 2574 2368 2625 rei
2397 2589 2595 2626 causas

332 2669 387 2716 et
417 2664 552 2717 alias
583 2665 827 2717 afferunt
856 2669 912 2715 et
941 2662 1180 2715 canalem
1210 2663 1459 2733 inprimis
1494 2662 1675 2730 illum,
1720 2662 1817 2732 qui
1847 2661 2087 2713 Arabum
2118 2665 2297 2710 aetate
2329 2657 2385 2709 in
2418 2658 2597 2709 sinum

332 2748 622 2802 Arabicum
649 2749 820 2801 fuerit
851 2748 1140 2801 deductus.
1203 2747 1366 2799 Cous.
1394 2747 1672 2799 Mannert.
1705 2747 1914 2813 Geogr.
1946 2745 1999 2795 d.
2020 2745 2122 2795 Gr.
2149 2760 2203 2796 u.
2224 2741 2409 2793 Roem.
2444 2741 2511 2805 X,
2545 2746 2595 2798 1.

332 2850 386 2901 p.
421 2841 522 2892 552
562 2852 682 2902 seq.
746 2832 980 2886 Rennel.
1028 2833 1237 2900 Geogr.
1283 2831 1489 2883 Herod.
1535 2849 1591 2900 p.
1624 2834 1725 2889 621
1759 2846 1916 2899 seqq.
1977 2827 2177 2879 Ritter.
2210 2825 2515 2878 Erdkunde
2547 2825 2595 2876 I.

333 2935 388 2985 p.
430 2922 554 2977 826.
615 2917 796 2970 Multa
844 2933 1067 2987 quoque
1109 2915 1324 2967 hac-de
1369 2934 1429 2967 re
1484 2913 1792 2983 disputavit
1836 2910 2134 2981 Champoll.
2182 2910 2328 2978 l'Eg.
2375 2927 2511 2962 sous
2556 2907 2594 2961 l.

331 3001 495 3055 Phar.
525 3004 601 3055 ΙΙ.
654 3021 709 3072 p.
734 3008 769 3062 9
797 3020 952 3071 seqq.
1001 3007 1067 3059 12
1098 3018 1216 3069 seq.
1250 3002 1348 3067 243
1392 2998 1739 3051 Pelusiacum
1783 2997 1924 3050 enim
1969 2995 2246 3049 brachium
2289 2995 2430 3047 idem
2472 3011 2598 3046 esse

330 3088 489 3156 ponit
526 3092 692 3157 atque
725 3086 1122 3152 Damiatinum‚
1176 3084 1325 3153 quod
1366 3100 1514 3137 nunc
1547 3082 1884 3153 appellatur,
1931 3098 2111 3152 usque
2143 3081 2213 3135 ad
2251 3097 2373 3133 eum
2401 3079 2595 3146 locum,

332 3171 427 3224 ubi
470 3173 754 3225 exorditur
783 3171 988 3224 canalis
1018 3171 1211 3236 Moez;
1254 3186 1364 3240 quo
1407 3169 1529 3239 ipso
1561 3168 1906 3221 Pelusiacum
1943 3166 2221 3219 brachium
2266 3164 2598 3230 continuari,

333 3255 481 3308 infra
509 3256 778 3308 Bubastin
814 3257 1002 3308 urbem
1035 3255 1090 3307 in
1130 3255 1238 3306 duo
1272 3254 1569 3307 dissectum
1591 3253 1840 3322 brachia,
1892 3269 2123 3321 quorum
2156 3250 2384 3302 alterum
2415 3248 2597 3300 orien-

330 3346 439 3392 tem
480 3357 679 3392 versus
724 3340 996 3407 dirigatur
1039 3341 1424 3406 (Pelusiacum)
1461 3338 1633 3408 inque
1673 3354 1821 3389 mare
1862 3342 2022 3389 exeat
2065 3352 2237 3404 prope
2280 3332 2499 3384 Thineh
2549 3347 2596 3381 s.

332 3423 642 3489 Pelusium,
702 3422 929 3474 alterum
950 3462 964 3489 ,
1024 3423 1207 3474 Tanin
1259 3422 1664 3490 praeterfluens
1717 3422 2130 3488 (Taniticum),
2197 3414 2599 3468 recentioribus

334 3507 610 3575 cognitum
642 3507 716 3558 sit
745 3500 960 3559 no'mine
987 3505 1194 3557 canalis
1226 3506 1388 3557 Moiiz
1408 3545 1421 3571 ,
1461 3506 1558 3575 qui
1589 3506 1644 3556 in
1670 3504 1844 3556 lacum
1871 3501 2160 3556 Menzaleh
2190 3499 2427 3551 desinat.
2494 3495 2600 3548 Pe—

333 3580 598 3644 lusiacum
625 3590 904 3643 brachium
938 3591 1079 3642 idem
1111 3589 1306 3642 scribit
1335 3604 1483 3639 nunc
1513 3588 1762 3645 relictum
1806 3590 1974 3640 ferme
2014 3592 2070 3638 et
2110 3583 2439 3637 exsiccatum
2474 3598 2600 3632 esse

336 3694 452 3729 eam
483 3678 551 3728 ob
586 3692 831 3743 causam,
876 3674 1023 3745 quod
1053 3672 1319 3740 neglectis
1351 3672 1651 3739 aggeribus
1687 3671 1850 3724 huius
1886 3670 2094 3723 brachii
2134 3684 2310 3737 aquae
2338 3667 2397 3718 in
2427 3664 2599 3718 Tani-

334 3761 501 3814 ticum
529 3759 874 3826 transierint,
910 3766 972 3811 ut
1000 3758 1086 3810 vel
1117 3757 1356 3824 vestigia
1383 3755 1538 3809 fluvii
1563 3756 1838 3807 Pelusiaci
1867 3753 2150 3808 difficilius
2184 3769 2333 3803 nunc
2360 3749 2601 3803 inveniri

335 3852 559 3915 queant.
627 3844 706 3897 Ac
750 3844 932 3896 ventis
973 3848 1260 3912 praeterea
1301 3841 1556 3910 omnique
1602 3840 1848 3908 regionis
1893 3838 2066 3892 indoli
2103 3835 2311 3906 aliquid
2351 3835 2601 3886 tribuen-

332 3931 457 3984 dum
491 3949 616 3983 esse
646 3934 773 3999 apte
802 3927 1193 3981 monetRitter.
1218 3924 1524 3978 Erdkunde
1553 3926 1600 3977 1.
1625 3944 1679 3994 p.
1698 3929 1820 3983 826.
1878 3924 1999 3976 Alia
2027 3923 2169 3974 idern
2202 3919 2385 3987 attigit
2405 3938 2460 3989 p.
2448 3921 2599 3977 ..834

506 4015 828 4093 Canopicum
861 4013 1089 4079 ostium,
1143 4011 1303 4063 cuius
1333 4011 1542 4062 Noster
1571 4008 1811 4062 meminit
1840 4009 2178 4076 11‚15.113.
2214 4008 2315 4064 179
2356 4003 2477 4056 coll.
2512 4006 2600 4067 97,

337 4100 669 4153 occidentem
701 4115 901 4151 versus
929 4098 1152 4150 maxime
1184 4096 1496 4165 spectabat,
1529 4094 1745 4146 nomine
1779 4094 2013 4145 deducto
2046 4093 2114 4144 ab
2146 4091 2300 4157 urbe,
2333 4085 2410 4140 ad
2443 4102 2602 4156 quam

335 4184 590 4237 fluvius
574 4202 631 4237 ιιι
668 4201 814 4237 mare
855 4182 1006 4235 exiit.
1073 4181 1292 4233 Dicitur
1325 4179 1445 4247 illa,
1499 4184 1755 4232 monente
1800 4177 2220 4230 Schlichthorst.
2263 4173 2300 4225 l.
2341 4172 2378 4225 l.
2425 4190 2480 4240 p·
2513 4174 2599 4237 40,

472 4380 528 4449 *)
537 4381 878 4463 Stephanus
911 4380 1280 4446 Byzantinus.
1321 4367 1671 4443 Πηλούσιον,
1710 4371 1875 4433 πόλις
1900 4365 2208 4439 Αἰγύπτου,
2246 4358 2393 4428 εἰς“
2354 4384 2428 4435 ην
2452 4357 2610 4431 ἐκρεῖ

334 4445 397 4504 τὸ
433 4448 665 4518 πρῶτον
702 4443 880 4516 στόμα
913 4447 1017 4499 τοῦ
1056 4445 1289 4500 Νείλου.
2052 4525 2133 4585 54
2155 4520 2191 4559 ”e
