3109 5092
1082 351 1333 414 CLIO.
1376 352 1429 411 Ι.
1477 359 1596 415 161.
1649 360 1765 414 162.
1816 363 1931 416 163.

2519 349 2642 412 319

359 552 534 615 ματα
572 529 714 614 χῶν
752 523 918 617 πρὸς
953 525 1036 597 τὰ
1069 534 1290 618 τείχεα
1321 526 1633 618 ἐπόρθεε.
1706 524 1939 616 πρώτῃ
1975 525 2049 595 δὲ
2084 531 2363 615 Φωκαίῃ
2391 522 2645 614 Ἰωνίης

362 633 770 720 ἐπεχείρησε.

516 739 608 802 Oc
645 733 721 802 δὲ
774 737 1116 815 Φωκαιέες
1150 724 1336 804 οὗτοι
1372 738 1754 822 ναυτιλίῃσι
1791 737 2084 823 μακρῇσι
2123 737 2375 822 πρῶτοι
2405 726 2635 820 Ἐλλή-
2661 751 2778 812 163

362 864 505 907 νων
542 836 939 927 ἐχρήσαντο·
997 840 1110 907 καὶ
1163 836 1282 909 τόν
1322 866 1395 907 τε
1434 835 1710 927 Ἀδρίην
1745 839 1857 906 καὶ
1907 835 2033 925 τὴν
2093 843 2480 927 Τυρσηνίην
2528 838 2641 904 καὶ

366 1005 738 1056 morabuntur.
811 1005 969 1067 Quod
1002 1022 1132 1057 vero
1156 1009 1451 1085 Harpagus

367 1074 566 1124 dicitur
600 1075 761 1125 urbes
803 1091 999 1140 capere
1035 1077 1312 1128 studuisse
1348 1069 1455 1142 χαῖ-

365 1157 501 1209 μασι
546 1143 605 1209 (i.
655 1160 703 1194 e.
741 1161 930 1211 aggere
973 1147 1232 1210 adparata
1285 1164 1331 1198 s.
1370 1151 1454 1196 tu-

366 1213 528 1262 mulis
571 1219 721 1264 terra
770 1216 999 1294 adgesta
1044 1217 1102 1266 in
1148 1217 1316 1267 altum
1366 1231 1453 1264 ex-

368 1281 619 1346 structis)
669 1299 715 1333 s.
752 1279 985 1349 χώματα
1027 1284 1173 1351 χῶν,
1229 1288 1453 1338 Dureau

368 1352 434 1402 de
482 1353 536 1402 la
571 1353 737 1403 Malle
786 1353 1091 1416 (111001.ᾱο
1133 1355 1448 1407 1Ἀ00(1.(1.

368 1423 623 1487 Inscript.
665 1424 732 1473 T.
771 1424 983 1477 XVIII.
1032 1441 1087 1490 p.
1145 1425 1273 1490 412)
1317 1427 1451 1476 haec

367 1495 447 1541 ita
483 1492 687 1542 reddit·
731 1492 808 1556 „il
846 1494 1000 1544 eleva
1037 1495 1133 1545 des
1168 1500 1453 1558 terrasses,

369 1577 434 1611 en
451 1560 532 1611 les
555 1566 824 1627 poussant
847 1564 1308 1616 successivement
1331 1579 1454 1616 vers

365 1632 447 1682 les
470 1631 791 1692 0111101110οςι
798 1633 1175 1702 ‘idemque(p.
1193 1637 1297 1687 416
1315 1635 1454 1715 seq.)

369 1700 651 1765 explicuit,
702 1700 833 1768 quid
868 1703 981 1753 sint
1012 1703 1116 1755 1100
1151 1706 1207 1755 in
1242 1720 1301 1756 re
1351 1699 1459 1771 χαί-

367 1786 532 1835 ματα,
570 1787 713 1836 (11100
736 1771 925 1822 eadem
959 1780 1252 1825 occurrunt
1281 1776 1327 1839 Ι,
1360 1776 1457 1826 184

372 1838 494 1891 coll.
530 1840 576 1903 1,
614 1841 683 1891 93
720 1841 890 1904 eth,
914 1843 1011 1906 85,
1048 1844 1141 1893 ubi
1178 1844 1244 1895 (10
1281 1851 1457 1895 tumu-

367 1910 437 1959 lis
500 1909 893 1974 sepulcralibus
961 1881 1234 1964 dicuntur.
1312 1914 1455 1965 Add.

371 1978 618 2041 11‚137.
691 1980 849 2041 Quod
902 1984 1147 2048 sequitur
1193 1977 1456 2049 ἐπόρθεε,

372 2064 480 2098 non
525 2052 610 2098 est
650 2054 955 2114 oppuynavit
1000 2051 1084 2118 (ut
1128 2053 1293 2119 vulgo
1339 2054 1458 2104 red·

374 2118 567 2184 dunt),
607 2118 705 2168 sed
740 2135 1034 2185 oppuynare
1067 2125 1302 2188 insumit,
1349 2133 1457 2173 stu-

374 2188 511 2237 duit.-
545 2203 652 2252 quo
679 2190 868 2239 eodem
904 2206 1067 2241 sensu
1095 2191 1197 2243 1100
1231 2192 1456 2243 verbum

374 2258 594 2310 obvium
629 2259 774 2322 apud
815 2260 1040 2312 Diodor.
1079 2262 1188 2312 Sic.
1235 2263 1363 2325 XV,
1400 2264 1454 2311 4.

373 2326 472 2390 XI,
512 2327 598 2392 32,
635 2328 731 2377 ubi
768 2329 914 2380 conf.
954 2330 1282 2396 wesseling.

690 2500 826 2553 Cu.
863 2501 1117 2555 CLXIH.

448 2613 509 2671 οἱ
562 2616 627 2670 δὲ
679 2620 960 2681 Φωκαιέες
1007 2611 1169 2674 οὖτοι
1218 2635 1459 2671 ναυτι-

378 2688 571 2757 λίῃσι
620 2690 931 2759 μακρῇσι
977 2709 1029 2742 κ.
1074 2708 1121 2742 τ.
1159 2689 1237 2757 2.]
1304 2692 1459 2743 Conf.

379 2760 447 2810 de
481 2760 815 2842 ναυτιλίῃσι
836 2776 1005 2827 μακρ.
1043 2763 1089 2825 Ι,
1136 2762 1183 2812 l.

443 2825 538 2879 καὶ
576 2822 679 2879 τόν
710 2846 769 2880 τε
798 2821 1025 2912 Ἀδρίην
1059 2826 1155 2881 καὶ
1182 2822 1290 2895 τὴν
1317 2831 1463 2893 Τυρ-

380 2896 589 2963 σηνίην
635 2895 731 2949 καὶ
774 2893 882 2966 τὴν
921 2892 1174 2980 Ἰβηρίην
1220 2897 1315 2951 καὶ
1362 2894 1465 2949 τὸν

383 2961 717 3032 Ταρτησσὸν
766 2984 819 3018 κ.
866 2985 915 3018 τ.
963 2969 1037 3036 L]
1102 2962 1203 3020 τὸν
1240 2961 1465 3035 Ἀδρίην

378 3037 504 3088 11100
522 3054 662 3088 mare
681 3037 924 3089 indicare
955 3040 1073 3090 sive
1091 3042 1247 3090 sinum
1269 3041 1464 3091 Adria·

380 3111 524 3158 ticum
558 3113 703 3188 apte
718 3113 904 3158 monet
937 3110 1262 3188 Larchems.
1318 3109 1466 3160 Dici-

382 3183 470 3226 tur
504 3178 645 3227 enim
681 3168 711 3225 ὁ
740 3169 962 3240 Ἀδρίας
997 3180 1177 3241 sinus,
1214 3170 1248 3243 ἡ
1276 3171 1464 3244 Ἀδρία

380 3246 538 3309 urbs,
581 3251 804 3298 auctore
827 3246 1104 3314 Stephano
1135 3249 1460 3326 Byzantinp.

381 3316 494 3366 Nec
564 3316 860 3382 quidquam
932 3318 1119 3381 viden,
1204 3333 1300 3368 cur
1362 3311 1464 3367 τὸν

375 3375 600 3450 Ἀδρίην
662 3386 751 3436 1110
803 3387 980 3437 minus
1041 3387 1109 3437 de
1156 3387 1274 3453 ipso
1329 3387 1465 3437 mari

383 3469 544 3518 quam
599 3454 667 3505 de
714 3456 1026 3521 regionibus
1085 3457 1465 3507 adiacentibus

381 3523 506 3574 huic
585 3525 725 3574 mari
798 3540 842 3575 s.
915 3526 980 3577 (10
1060 3525 1222 3577 litore
1301 3532 1467 3591 atque

384 3608 478 3643 ora
534 3593 610 3643 sit
667 3593 1095 3660 intelligendum.
1189 3594 1317 3648 Vid.
1362 3597 1468 3646 Le-

384 3666 597 3713 tronne:
653 3664 994 3715 Recherches
1049 3681 1143 3715 sur
1192 3665 1376 3715 Dicuil
1413 3681 1468 3729 p.

388 3732 482 3782 175
518 3748 633 3798 seq.
708 3733 1002 3785 Contendit
1047 3734 1263 3801 quidem
1300 3735 1360 3786 C.
1400 3735 1468 3784 Ο.

384 3800 626 3851 Mueller.
678 3800 950 3867 (Etruscc.
986 3804 1033 3854 Ι.
1072 3820 1124 3868 p.
1166 3803 1319 3869 140),
1375 3817 1469 3854 eas

382 3871 633 3934 regiones
693 3870 988 3936 paludosus
1047 3889 1114 3923 00
1178 3879 1471 3940 stagnosas

386 3939 643 4005 intelligi,
682 3956 819 4005 quas
844 3943 1030 3993 Padus
1065 3948 1120 3993 et
1142 3943 1320 4008 Adigo
1353 3958 1471 4008 per·

385 4015 566 4058 meant
636 4026 786 4061 mare
841 4015 1120 4077 petentes,
1190 4016 1472 4079 ipsamque

386 4093 572 4128 vocem
622 4080 856 4131 Etrusco
912 4097 1161 4134 sermone
1213 4082 1333 4133 vult
1383 4084 1473 4133 de-

386 4146 596 4198 clarare
620 4165 866 4214 aquarum
886 4167 1195 4207 concursum.
1222 4183 1292 4191 —
1319 4153 1473 4214 Quae

386 4218 633 4281 sequitur
679 4225 826 4270 terra
848 4220 1192 4286 Τυρσηνίη,
1248 4237 1357 4272 non
1405 4221 1473 4271 de

386 4286 608 4337 Etruria
642 4303 781 4353 una,
827 4306 1014 4341 verum
1063 4291 1131 4341 de
1179 4292 1325 4341 omni
1362 4291 1475 4341 Ita-

383 4353 488 4418 lia,
542 4372 707 4421 quam
754 4374 854 4409 nos
892 4359 1149 4423 dicimus,
1202 4360 1475 4424 accipien-

388 4422 530 4489 dum,
558 4428 704 4491 quod
731 4427 975 4492 pluribus
1002 4431 1328 4480 monstravit
1346 4431 1478 4536 lire·

1559 1004 1684 1055 dev,
1726 1004 1783 1053 in
1821 1004 2162 1068 Uranologia
2180 1020 2251 1088 p.
2289 1004 2489 1055 XXIV.
2562 1004 2643 1053 Ac

1555 1075 1846 1138 praecipue
1902 1073 1991 1123 hic
2049 1075 2249 1139 respici
2299 1075 2519 1124 videtur
2578 1088 2645 1123 ea

1554 1144 1874 1208 peninsulae
1892 1142 2121 1193 Italicae
2141 1159 2268 1208 pars
2291 1143 2483 1207 altera,
2502 1158 2643 1208 quae

1556 1213 1891 1264 occidentem
1911 1228 2100 1263 versus
2122 1215 2359 1279 pertinet
2379 1213 2447 1263 ad
2468 1215 2645 1278 ipsum

1555 1297 1731 1346 mare,
1769 1282 1912 1348 quod
1946 1283 2072 1333 binc
2106 1289 2335 1334 vocatur
2355 1284 2645 1348 Tyrrheni-

1556 1367 1697 1402 cum.
1766 1354 1944 1403 1ῠοήο
1968 1351 2035 1402 (10
2065 1369 2131 1403 00
2151 1355 2492 1418 potissimum
2518 1351 2644 1403 Gal-

1554 1422 1663 1471 liae
1708 1425 1764 1471 et
1807 1423 2110 1488 Hispaniae
2157 1428 2339 1489 parte,
2397 1438 2537 1488 qnae
2571 1422 2644 1471 ad

1554 1492 1699 1541 idem
1741 1491 1843 1541 hoc
1891 1507 2040 1542 mare
2083 1494 2286 1544 attinet
2331 1493 2644 1543 mediterra-

1556 1576 1752 1623 neum,
1787 1562 1974 1626 itaque
2007 1563 2074 1612 de
2100 1578 2198 1613 ora
2227 1564 2511 1629 utriusque
2537 1566 2644 1612 ter·

1559 1646 1653 1681 rae
1698 1631 1970 1680 maritima
2012 1632 2138 1683 inde
2182 1648 2217 1683 a
2249 1634 2484 1698 Ligyum
2525 1631 2644 1681 fini·

1560 1701 1661 1750 bus
1696 1715 1868 1765 usque
1905 1699 1974 1749 ad
2011 1701 2289 1752 columnas
2319 1701 2641 1762 Herculeas,

1561 1768 1794 1834 intelligi
1839 1784 2001 1834 posse
2044 1770 2287 1832 videtum
2334 1787 2444 1821 11011
2486 1763 2645 1820 ahter

1561 1840 1730 1890 ferme
1766 1838 1869 1888 hoc
1907 1839 2050 1889 idem
2086 1856 2281 1891 nomen
2317 1840 2462 1905 apud
2500 1840 2644 1889 Thu·

1560 1908 1807 1974 eydidem
1833 1909 1928 1971 VI,
1953 1911 1985 1958 2
2023 1909 2139 1973 (ubi
2172 1910 2283 1959 vid.
2309 1910 2643 1974 interprett.)

1560 1977 1772 2029 Galliae
1808 1983 2017 2042 partem
2051 1979 2313 2031 declarat.
2369 1978 2644 2042 Quidquid

1559 2062 1691 2097 vero
1713 2050 1868 2097 extra
1901 2047 2201 2114 columnas,
2237 2064 2372 2115 quas
2410 2047 2541 2109 dixi,
2576 2047 2645 2096 si-

1559 2123 1674 2167 tnm
1722 2122 1837 2179 est,
1891 2116 2225 2183 Graecisque
2273 2117 2538 2179 innotuit,
2589 2115 2646 2164 id

1560 2191 1751 2251 opinor
1782 2186 2076 2251 pertinebit
2108 2188 2179 2237 ad
2209 2187 2518 2250 Tartessum,
2556 2200 2646 2236 011-

1559 2256 1646 2305 100
1679 2257 1788 2304 iam
1822 2256 1877 2303 in
1902 2270 2061 2306 sacra
2094 2257 2365 2323 scriptura
2399 2257 2478 2306 ita
2500 2270 2646 2305 men·

1560 2342 1762 2392 tionem
1810 2340 1927 2391 fieri
1965 2326 2252 2405 (ῧῆύῆῃ)
2291 2347 2537 2405 constat,
2583 2346 2646 2391 ut

1470 2450 1479 2460 .
1563 2411 1632 2461 ad
1668 2411 1915 2477 regiones
1951 2409 2184 2462 maxime
2231 2420 2468 2465 remotas
2507 2411 2647 2462 ocei-

1562 2481 1777 2531 dentem
1811 2496 2001 2531 versus
2027 2482 2218 2532 referri
2249 2483 2448 2534 debere
2482 2496 2648 2546 appa-

1562 2557 1700 2601 reat.
1761 2550 2125 2601 Phoenicibus
2158 2551 2527 2602 meridionalis
2553 2551 2649 2599 Hi-

1563 2619 1789 2686 spaniae
1825 2637 1951 2687 pars
1989 2620 2210 2670 subdita
2257 2621 2524 2671 communi
2562 2634 2648 2668 00-

1564 2689 1818 2757 gnomine
1880 2690 1983 2739 hoc
2051 2690 2357 2740 innotuisse
2414 2688 2648 2748 videtur,

1565 2760 1706 2810 unde
1751 2759 1986 2824 intelligi
2035 2764 2244 2824 potest,
2302 2760 2396 2825 qui
2443 2759 2650 2808 factum

1566 2830 1668 2892 sit,
1718 2833 1780 2878 ut
1814 2834 1869 2879 et
1905 2829 2099 2878 fluvius
2132 2833 2189 2878 et
2223 2828 2403 2879 insula
2436 2832 2492 2878 et
2527 2828 2648 2892 ipsa

1565 2899 1714 2964 regio
1745 2898 1857 2948 tale
1891 2914 2086 2948 nomen
2122 2899 2368 2963 accipere
2390 2896 2647 2964 potuerit.

1568 2968 1778 3032 Quodsi
1815 2968 1958 3018 enim
2006 2967 2072 3017 de
2109 2968 2273 3018 fluvio
2312 2985 2517 3031 sermo,
2573 2967 2652 3016 in-

1568 3038 1833 3103 telligitur
1864 3038 2052 3089 Baetis
2089 3038 2206 3088 sive
2230 3037 2650 3103 Guadalquivir3

1568 3109 1660 3172 qui
1682 3108 1779 3157 ubi
1810 3108 1867 3156 in
1898 3123 2045 3157 mare
2079 3108 2256 3157 influit
2290 3105 2432 3158 binis
2473 3106 2651 3168 ostiis,

1567 3176 1745 3228 insula
1794 3176 1918 3227 inde
1962 3177 2227 3240 efficitur,
2275 3178 2332 3225 in
2378 3193 2487 3243 qua
2521 3178 2654 3226 Tar-

1567 3247 1702 3297 tessi
1738 3246 1926 3296 urbem
1965 3245 2161 3297 Strabo
2202 3247 2373 3311 ponit.
2454 3248 2528 3296 Et
2575 3244 2654 3294 sic

1567 3317 1784 3366 nomine
1819 3315 1923 3365 hoc
1955 3313 2121 3365 latius
2157 3321 2409 3380 serpente
2437 3320 2551 3364 tum
2575 3329 2656 3363 re-

1568 3387 1783 3451 gionem
1819 3385 2012 3448 istam,
2050 3388 2165 3433 tum
2200 3383 2290 3434 vel
2325 3384 2568 3434 colonias
2598 3383 2655 3430 in

1569 3470 1636 3505 ea
1680 3456 1817 3504 sitas
1863 3455 1944 3503 ita
1990 3453 2300 3503 nominatas
2348 3468 2468 3503 esse
2508 3450 2657 3500 vide—

1570 3539 1709 3574 mus.
1792 3524 1972 3583 Quare
2037 3522 2084 3570 si
2141 3537 2200 3570 re
2262 3537 2391 3572 vera
2445 3519 2656 3571 exstitit

1569 3593 1699 3643 urbs
1739 3593 2061 3654 Tartessus,
2098 3605 2200 3640 nec
2235 3591 2386 3655 regio
2424 3594 2656 3650 tantum,

1570 3678 1689 3713 eam
1744 3676 1778 3711 a
1819 3659 2185 3711 Phoenicibus
2246 3660 2303 3707 in
2350 3659 2515 3709 maris
2563 3672 2658 3707 ora

1573 3729 1850 3782 conditam
1910 3729 2081 3779 fuisse
2139 3728 2327 3793 utique
2376 3725 2659 3793 probabile

1573 3805 1676 3853 est.
1747 3800 1864 3850 Nec
1916 3799 2093 3848 minus
2139 3797 2422 3862 probabile
2469 3796 2558 3846 vel
2593 3811 2660 3845 ex

1572 3871 1676 3921 hoc
1699 3868 1889 3921 Nostri
1911 3867 2031 3919 1000
2067 3865 2158 3931 fit,
2195 3867 2336 3917 hanc
2371 3866 2659 3928 coloniam,

1573 3955 1716 4007 quae
1749 3940 1898 4004 prius
1927 3937 2262 3988 Phoenicum
2298 3937 2497 3999 fuerat,
2535 3939 2661 4000 post

1575 4011 1662 4061 sui
1711 4009 1882 4059 fuisse
1929 4007 2094 4070 iuris,
2142 4006 2360 4071 regibus
2410 4005 2526 4056 suis
2568 4020 2662 4070 pa-

1573 4085 1801 4142 rentem,
1838 4093 1940 4129 nec
1959 4076 2290 4128 Phoenicum
2319 4075 2550 4141 imperia
2569 4089 2662 4139 pa-

1576 4151 1820 4199 11001001.
1894 4148 1979 4198 Tu
2017 4147 2163 4197 conf.
2202 4144 2270 4196 de
2302 4146 2388 4195 his
2423 4146 2659 4195 Heeren.

1576 4221 1634 4268 in
1663 4219 1832 4269 Ideen
1875 4217 1935 4281 1,
1973 4217 2025 4268 2.
2078 4232 2132 4281 p.
2172 4215 2240 4266 46
2291 4231 2444 4281 seqq.
2494 4215 2558 4265 52
2609 4216 2664 4260 et

1576 4287 2024 4353 Hengstenberg:
2070 4286 2155 4334 De
2200 4285 2357 4350 Tyrr.
2407 4282 2556 4333 rebb.
2607 4296 2663 4346 p.

1579 4357 1646 4408 73
1683 4373 1800 4423 seq.
1831 4383 1898 4392 —
1942 4353 2255 4406 Herodotus
2308 4369 2416 4402 uno
2453 4355 2665 4401 tantum

1578 4426 1701 4477 loco
1761 4428 1959 4476 iterum
2020 4421 2461 4474 commemoravit
2519 4419 2663 4483 Ταρ-
