3109 5092
365 1371 482 1431 129
498 1368 636 1430 τῶν
687 1358 954 1448 Μήδων
1007 1356 1322 1446 ἀπέβαλε.

491 357 616 420 266

1361 360 1887 423 HERODOTI
1942 385 1947 390 ·

361 552 477 615 128
494 538 957 616 Διαλυθέυτος
984 535 1060 605 δὲ
1088 541 1210 604 τοῦ
1236 540 1559 623 Μηδικοῦ
1595 533 2085 623 στρατεύματος
2126 541 2412 622 αἰσχρῶς
2429 587 2447 620 ,
2479 531 2567 615 ὥς
2594 534 2756 605 ἐπύ-

489 655 651 713 θετο
679 638 949 727 τάχιστα
977 634 1013 706 ὁ
1033 635 1430 726 Ἀστυάγης,
1478 645 1609 726 ἔφη
1639 634 1972 709 ἀπειλέων
1999 645 2091 731 τῷ
2122 641 2362 730 Κύρῳ·
2403 634 2572 707 Ἀλλ’
2603 637 2753 707 οὐδ’

491 742 579 825 (ὃς
618 740 653 811 6
693 741 919 831 Κῦρός
963 769 1036 830 γε
1095 741 1417 831 χαιρήσει.

1538 746 1841 811 Τοσαῦτα
1894 752 2084 822 εἶπας
2146 747 2414 830 πρῶτον
2453 742 2579 830 μὲν
2622 749 2760 811 τῶν

488 847 724 938 μάγων
779 843 932 924 τοὺς
984 841 1458 933 ὀνειροπόλους
1478 897 1495 930 ,
1548 850 1621 913 οἳ
1665 873 1784 932 μιν
1841 843 2234 931 ἀνέγνωσαν
2287 862 2585 933 μετεῖναι
2642 842 2760 912 τὸν

489 955 759 1039 Κῦρον,
806 946 1083 1028 τούτους
1122 944 1625 1019 ἀνεσκολόπισε.
1692 944 1857 1035 μετὰ
1902 949 1977 1016 δὲ
2008 944 2259 1016 ὥπλισε
2300 945 2457 1028 τούς
2483 943 2755 1016 ὑπολει-

492 1056 793 1143 φθέντας
828 1058 966 1120 τῶν
1007 1049 1274 1139 Μήδων
1312 1054 1388 1120 ἐν
1429 1055 1521 1144 τῷ
1574 1048 1792 1142 ἄστεϊ,
1850 1054 2044 1130 νέους
2092 1078 2164 1119 τε
2216 1052 2327 1121 καὶ
2383 1049 2760 1139 πρεσβύτας

492 1154 765 1245 ἄνδρας.
827 1152 1168 1240 ἐξαγαγών
1211 1153 1285 1222 δὲ
1326 1152 1638 1237 τούτους,
1683 1155 1795 1223 καὶ
1838 1151 2207 1241 συμβαλών
2237 1170 2407 1223 τοῖσι
2434 1157 2760 1242 Πέρσῃσι,

496 1258 764 1345 ἑσσώθη
786 1278 800 1292 ·
858 1259 968 1327 καὶ
997 1253 1196 1335 αὐτός
1234 1283 1306 1324 τε
1330 1254 1692 1344 Ἀστυάγης
1732 1256 2114 1345 ἐζωγρήθη,
2160 1258 2271 1325 καὶ
2299 1255 2455 1337 τοὺς
2483 1255 2761 1345 ἐξήγαγε

1424 1356 1635 1427 Ἐόντι
1693 1359 1769 1427 δὲ
1826 1359 2220 1452 αἰχμαλώτῳ
2274 1364 2366 1452 τῷ
2415 1357 2769 1446 Ἀστυάγεϊ

500 1457 844 1550 προστᾶς’
815 1492 850 1533 ο
859 1458 1229 1550 ”Αρπαγος,
1279 1464 1631 1550 κατέχαιρέ
1651 1489 1722 1530 τε
1756 1463 1867 1531 καὶ
1895 1461 2406 1550 κατεκερτόμεε,
2446 1464 2556 1532 καὶ
2593 1460 2764 1532 αλλα

500 1569 717 1652 λέγων
744 1569 808 1645 ἐς
838 1562 1044 1634 αὐτὸν
1068 1567 1425 1653 θυμαλγέα
1452 1571 1615 1634 ἔπεα
1633 1617 1652 1649 ,
1699 1567 1810 1633 καὶ
1853 1563 1936 1654 δὴ
1966 1568 2078 1634 καὶ
2111 1564 2327 1654 εἴρετό
2352 1594 2472 1653 μιν
2499 1563 2662 1653 πρὸς
2688 1562 2762 1635 τὸ

502 1673 757 1741 ἑωυτοῦ
786 1675 1096 1753 δεῖπνον,
1132 1667 1207 1737 τό
1246 1697 1365 1756 μιν
1406 1670 1658 1748 ἐκεῖνος
1698 1670 1889 1756 σαρξὶ
1915 1674 2035 1737 τοῦ
2062 1665 2301 1748 παιδὸς
2333 1665 2765 1757 ἐθοίνησε,”
2727 1699 2765 1738 ο

802 1853 934 1903 ΟΑΡ.
974 1851 1279 1903 CXXVIII.

570 1966 810 2029 τούτους
844 1964 1270 2037 ἀνεσκολόπισε]
1319 1972 1358 2022 i.
1397 1988 1446 2023 e.
1494 1988 1583 2023 eos

502 2061 529 2094 e
561 2046 684 2107 palo
722 2042 995 2104 suspendit.
1069 2042 1224 2102 Quod
1271 2042 1360 2091 hio
1395 2042 1583 2091 Medo-

500 2129 617 2162 rum
655 2111 891 2161 oecurrit
937 2110 1288 2173 supplicium,
1337 2110 1462 2159 inde
1509 2111 1579 2160 ad

499 2183 651 2246 ipsos
689 2179 909 2229 transiit
943 2180 1166 2242 Persas,
1215 2179 1310 2228 ubi
1345 2179 1578 2244 patibuli

501 2249 590 2300 vel
628 2250 802 2298 crucis
838 2262 1013 2312 poena
1040 2247 1188 2297 haud
1223 2263 1346 2297 raro
1383 2264 1580 2298 memo-

503 2324 675 2369 ratur.
726 2319 873 2381 Lege
903 2317 977 2365 sis
1005 2317 1343 2367 Brissonium
1372 2317 1438 2366 de
1462 2334 1578 2382 reg.

503 2390 657 2439 Pers.
685 2387 858 2451 prino.
894 2386 968 2444 ΙΙ,
992 2386 1113 2436 215.
1151 2402 1204 2450 p.
1231 2388 1333 2437 574
1360 2391 1414 2436 et
1442 2403 1583 2451 quae

504 2473 603 2508 nos
629 2457 698 2507 ad
722 2456 937 2506 Ctesiae
955 2456 1191 2504 Persice.
1216 2454 1264 2517 5.
1292 2455 1376 2506 36.
1400 2473 1453 2521 p.
1481 2456 1582 2506 176

505 2527 758 2576 diximus.
811 2526 896 2576 Cf.
931 2525 1075 2573 infra
1110 2526 1221 2588 ΙΙΙ,
1262 2525 1359 2576 132
1398 2530 1454 2575 et
1488 2527 1585 2576 Ja-

505 2598 689 2648 eobitz
727 2595 797 2645 ad
832 2594 1064 2644 Luciani
1104 2595 1223 2645 Iov.
1261 2595 1483 2645 Confut.
1527 2612 1582 2660 p.

507 2669 596 2718 71.
677 2666 742 2715 In
788 2663 1082 2728 sculpturis
1125 2665 1368 2729 Assyriis
1414 2679 1585 2728 nuper

508 2732 677 2786 erutis
743 2734 926 2784 videre
988 2733 1119 2783 licet
1179 2734 1420 2783 homines
1481 2733 1585 2782 hae

507 2821 684 2871 poena
716 2804 973 2864 affectos,
1012 2804 1176 2866 longo
1209 2802 1335 2867 palo
1363 2807 1585 2866 pectora.

509 2873 832 2924 transfixos:
894 2872 1006 2921 vid.
1053 2872 1290 2936 Layard.
1339 2871 1585 2922 Nineveh

510 2942 618 2992 and
657 2943 727 2991 its
762 2957 895 2992 rem.
932 2940 1012 2990 11.
1052 2956 1107 3004 p.
1143 2939 1264 2991 369.
1304 2938 1426 2992 374.

840 3146 973 3197 CAP.
1012 3144 1257 3195 CXXIX.

591 3262 688 3316 καὶ
730 3257 869 3316 ἄλλα
910 3263 1088 3330 λέγων
1121 3296 1192 3305 -
1227 3260 1322 3314 καὶ
1370 3256 1444 3328 δὴ
1493 3260 1589 3314 καὶ

511 3328 692 3402 εἴρετό
715 3334 836 3402 μιν]
866 3337 1204 3387 Structuram
1228 3335 1336 3385 loci
1360 3335 1406 3383 si
1426 3349 1590 3398 quae-

510 3424 630 3470 ras,
663 3422 771 3458 non
810 3406 995 3471 dispar
1030 3405 1127 3455 illa
1163 3405 1267 3454 erit
1307 3405 1386 3466 ei,
1426 3420 1589 3468 quam

511 3479 582 3528 ad
631 3478 689 3540 Ι,
742 3475 842 3526 116
894 3476 986 3525 fin.
1039 3475 1342 3553 attigimus.
1415 3474 1586 3523 Paulo

510 3551 637 3598 ante
659 3546 972 3611 reliquimus
998 3555 1265 3623 προστας,
1292 3542 1445 3593 cuius
1465 3543 1587 3593 loeo

510 3605 1142 3679 Schweigh.n906⁶tn'19.
1207 3612 1317 3663 Sed
1350 3611 1463 3664 vid.
1501 3626 1589 3661 su-

510 3702 611 3752 pra
642 3687 696 3746 1,
732 3685 819 3736 86.
858 3683 976 3734 119.

590 3797 738 3866 πρὸς
779 3795 844 3852 τὸ
889 3792 1103 3852 ἕωυτοῦ
1149 3798 1414 3866 δεῖπνον]
1459 3800 1497 3852 i.
1537 3815 1586 3849 e.

511 3874 645 3938 quod
679 3875 856 3922 attinet
895 3872 968 3922 ad
1010 3873 1143 3919 illam
1175 3871 1334 3933 ipsius
1367 3885 1587 3931 coenam,

512 3943 576 3991 de
607 3943 694 3991 illa
730 3943 887 4002 ipsius
916 3954 1090 3989 coena.
1141 3939 1264 3988 Non
1285 3937 1446 3987 valde
1482 3938 1590 3987 dis-

511 4025 640 4088 par,
706 4009 864 4087 quod
921 4007 1149 4088 leg-imus
1198 4022 1362 4084 supra
1397 4007 1459 4084 1,
1519 4004 1588 4056 38

509 4070 656 4142 πρὸς
686 4091 768 4124 ων
794 4069 899 4139 τὴν
931 4067 1074 4138 ὄψιν
1108 4067 1321 4138 ταύτην
1355 4067 1456 4123 τὸν
1488 4090 1585 4138 γα·

509 4161 622 4214 μον
656 4158 742 4192 τοι
779 4141 985 4192 τοῦτον
1030 4139 1298 4204 ἔσπευσα,
1345 4143 1438 4192 ubi
1472 4143 1586 4192 vid.

512 4216 761 4268 annotat.
799 4213 945 4262 Hine
980 4213 1120 4263 male
1153 4216 1341 4262 nostro
1376 4212 1434 4261 iu
1464 4211 1585 4262 loco

513 4285 634 4354 quis
670 4281 863 4333 maluit
908 4273 1057 4345 πρὸς
1089 4279 1227 4331 τοῦ
1263 4277 1582 4330 δείπνου.

585 4378 655 4439 τό
700 4401 798 4452 μιν
842 4378 1056 4443 ἐκεῖνος
1108 4378 1270 4448 σαρξὶ
1310 4415 1381 4424 -
1427 4372 1588 4433 ἐθοί-

1682 1834 2585 1988 ΞΒΞΞΞηΞῗ”ῗ,’Ξ..ι”ἷςίοΞΞ.ΞΞΞΞ’ΞΞ
2638 1835 2762 1956 ΞΞΞ.

1679 1975 1931 2040 praebet,
1971 1975 2225 2038 quodque
2260 1976 2366 2024 iam
2401 1975 2763 2025 Valckenario

1680 2044 1979 2109 placuerat.
2037 2043 2216 2108 Vulgo
2256 2034 2538 2106 ἐθοίνισε,
2579 2044 2764 2093 confu-

1681 2114 1833 2163 sione
1858 2112 2001 2161 haud
2023 2112 2371 2177 infrequenti,
2408 2114 2476 2162 de
2504 2128 2611 2178 qua
2636 2113 2764 2162 Bre-

1682 2183 1807 2232 dov.
1862 2182 2107 2261 disputat
2154 2198 2208 2246 p.
2247 2182 2336 2233 73.
2426 2183 2491 2232 In
2540 2197 2765 2231 aecusa-

1682 2252 1798 2301 tivo
1832 2251 1911 2300 rei
1947 2243 2086 2313 (τὸ),
2141 2267 2297 2315 quem
2334 2257 2549 2316 praeter
2582 2266 2764 2315 perso-

1683 2336 1788 2370 nae
1833 2321 2208 2370 accusativum
2254 2319 2402 2384 (μιν)
2448 2320 2537 2370 hie
2576 2320 2763 2369 adiun-

1684 2395 1830 2440 ctum
1858 2390 2023 2440 habet
2042 2390 2265 2439 verbum
2290 2380 2586 2453 ἐθοίνησε,
2616 2390 2764 2452 equi-

1685 2459 1805 2508 dem
1832 2475 1939 2509 non
1978 2459 2243 2518 offendor,
2282 2474 2403 2509 eum
2427 2458 2648 2520 longum
2676 2472 2763 2506 eo·

1684 2544 1801 2578 rum
1837 2529 2122 2592 verberum
2157 2496 2388 2578 indicem
2424 2525 2760 2591 perlustrem‚

1686 2613 1825 2662 qnae
1847 2597 2009 2647 simili
2032 2598 2144 2647 fere
2168 2597 2326 2646 modo
2348 2600 2758 2655 construuntur3

1644 2667 1798 2722 „vid.
1829 2667 2026 2717 Matth.
2069 2668 2160 2717 Gr.
2193 2666 2286 2716 Gr.
2333 2669 2381 2728 5.
2407 2666 2528 2715 421.
2566 2668 2681 2715 not.
2712 2665 2760 2715 1.

1686 2753 1740 2801 p.
1794 2738 1895 2786 772
1942 2752 2086 2800 seq.,
2142 2735 2235 2784 ubi
2288 2734 2461 2784 nostri
2506 2733 2616 2783 loci
2654 2748 2762 2783 non

1688 2804 1889 2856 oblitus
1937 2809 2048 2866 est,
2094 2819 2213 2853 cnm
2263 2803 2491 2852 similem
2527 2807 2768 2853 structu-

1687 2891 1803 2924 ram
1849 2874 2002 2923 verbi
2044 2864 2106 2921 εἰ
2110 2873 2279 2936 ωχεῖν
2313 2872 2599 2922 Platonico
2643 2872 2764 2922 loeo

1688 2945 1852 3007 Gorg.
1892 2959 1944 3007 p.
1985 2943 2087 2992 522
2122 2941 2186 2990 A.
2231 2939 2549 2991 illustraret.
2622 2941 2762 2992 Add.

1688 3011 1941 3062 Kuehner
1987 3010 2081 3060 Gr.
2118 3010 2212 3060 Gr.
2253 3013 2304 3072 5.
2344 3012 2464 3073 558,
2501 3010 2555 3063 b.
2621 3012 2765 3061 Hine

1688 3080 1838 3130 nulla
1874 3079 2194 3129 emendandi
2230 3094 2425 3142 causa,
2462 3094 2635 3143 neque
2670 3080 2765 3128 hu-

1690 3151 1773 3198 ius
1796 3148 2049 3210 voculae,
2087 3163 2259 3212 neque
2292 3149 2621 3214 reliquorum
2648 3164 2765 3200 ver-

1689 3219 1908 3280 borum,
1955 3232 2095 3281 quae
2137 3221 2264 3266 sunt
2308 3218 2598 3268 sanissima
2649 3219 2765 3282 qui—

1692 3287 1840 3349 dem,
1901 3286 1997 3336 sed
2046 3286 2231 3351 pravis
2284 3288 2523 3337 virorum
2580 3286 2767 3337 docto-

1690 3372 1807 3406 rum
1852 3356 2177 3406 conieeturis
2221 3356 2461 3421 agitata,
2512 3371 2649 3420 quas
2697 3358 2766 3406 si-

1689 3425 1856 3476 lentio
1897 3440 2140 3489 premere
2170 3430 2434 3489 praestat.
2459 3425 2766 3506 Iungenda

1689 3500 1870 3544 autem
1908 3498 2036 3544 sunt
2076 3495 2210 3544 haee
2249 3496 2418 3544 verba
2452 3509 2483 3544 ο
2518 3509 2570 3542 τι
2609 3493 2699 3558 εἴη
2730 3486 2765 3558 ἦ

1688 3553 1909 3613 ἐκείνου
1957 3579 2009 3612 ιι.
2058 3578 2105 3611 τ.
2149 3561 2196 3610 λ.
2244 3563 2641 3627 superioribus:
2690 3561 2767 3612 εἴ·

1691 3624 1819 3692 ρετό
1860 3647 1978 3697 μιν.
2062 3631 2148 3682 Ad
2195 3648 2410 3683 sensum
2455 3637 2604 3683 reete
2650 3634 2768 3683 red·

1691 3702 1851 3751 dunt:
1908 3702 2110 3766 Ecquid
2151 3705 2383 3763 placeret
2437 3706 2486 3752 ei
2532 3703 2766 3758 servitus,

1690 3773 1777 3835 qm·
1812 3772 1954 3821 modo
1996 3786 2098 3820 νεα·
2126 3771 2331 3849 sitisset.
2409 3772 2472 3820 In
2509 3786 2661 3835 seqq.
2701 3771 2767 3820 ad

1691 3839 1857 3889 verba
1902 3831 2075 3895 αὐτὸς
2108 3831 2213 3905 γὰρ
2254 3832 2471 3904 γραψαι
2516 3839 2587 3888 ef.
2626 3844 2765 3889 nott.

1691 3907 1761 3957 ad
1799 3909 1856 3970 Ι,
1903 3911 1971 3960 24
2019 3909 2086 3958 de
2130 3909 2438 3959 huiusmodi
2484 3909 2768 3957 sententiis

1691 3992 1788 4041 per
1810 3969 1915 4040 γὰρ
1944 3976 2131 4027 illatis.
2186 3978 2397 4029 Deinde
2426 3977 2619 4057 scripsi
2647 3993 2769 4027 enm

1692 4049 1917 4095 recentt.
1968 4046 2089 4097 edd.
2138 4038 2201 4096 τὸ
2240 4044 2477 4125 πρῆγμα
2513 4038 2598 4110 δὴ
2635 4036 2769 4095 ἕωυ

1690 4112 1821 4176 τοῦ,
1872 4130 1969 4178 pro
2015 4120 2181 4165 antea
2221 4115 2371 4181 vulg.
2422 4107 2485 4165 τὸ
2536 4113 2767 4180 πρῆγμα

1690 4151 1905 4232 ἕωυτοῦ
1957 4177 2058 4247 δή.
2143 4186 2387 4235 Pertinet
2435 4176 2648 4234 ἑωυτοῦ
2698 4183 2767 4233 ad

1690 4244 1871 4301 εἶναιε
1946 4253 2146 4303 etenim
2202 4255 2409 4304 factum
2461 4252 2596 4303 illud
2650 4254 2767 4302 iure

1689 4337 1845 4371 suum
1869 4321 1976 4372 diei
2002 4323 2297 4387 haberique
2326 4323 2607 4374 contendit
2631 4323 2768 4372 Har-

1694 4405 1888 4455 pasus-
