3109 5092
462 320 584 380 242

1327 311 1871 375 HERODOTI

331 502 396 559 11
419 500 443 558 1
465 490 946 581 διαχρήσεσθαι
969 509 983 523 ·
1054 484 1308 575 ἐπορᾶν
1357 488 1432 556 δὲ
1488 485 1881 575 ἐκκείμενον
1919 487 2235 572 τέταγμαι
2278 480 2430 570 ἐγώ.
2520 486 2742 551 Ταῦτα

462 594 750 674 ἀκούσας
792 589 828 661 ὁ
868 590 1224 680 βουκόλος,
1275 593 1388 659 καὶ
1432 587 1794 677 ἀναλαβών
1828 587 1901 659 τὸ
1939 594 2251 671 παιδίον,
2298 584 2403 675 ἤϊε
2448 583 2572 674 τὴν
2616 580 2738 653 αὐ·

464 697 586 786 τὴν
623 695 838 765 ὀπίσω
877 690 1071 778 ὁδὸν,
1132 695 1243 765 καὶ
1289 691 1676 764 ἀπικνέεται
1730 688 1799 771 ἐς
1840 690 1966 779 τὴν
2004 696 2308 760 ἔπαυλιν.
2369 694 2463 783 τῷ
2512 686 2576 760 δ’
2611 685 2741 776 ἄρα

465 803 578 869 καὶ
618 797 800 892 αὐτῷ
835 793 876 886 ἡ
905 795 1115 886 γυνὴ,
1160 794 1379 879 ἐπίτεξ
1412 794 1616 867 ἐοῦσα
1655 801 1877 865 πᾶσαν
1907 789 2201 882 ἡμέρην,
2238 792 2384 862 τότε
2415 819 2549 871 κως
2574 787 2740 859 κατὰ

467 910 754 991 δαίμονα
784 908 1027 984 τίκτει,
1073 902 1424 988 οἰχομένου
1455 903 1578 969 τοῦ
1608 897 1945 987 βουκόλου
1975 893 2043 976 ἐς
2076 895 2294 965 πόλιν.
2341 888 2515 983 ἦσαν
2555 894 2630 963 δὲ
2668 889 2744 961 ἐν

468 1010 782 1094 φροντίδι
822 1000 1186 1091 ἀμφότεροι
1233 1000 1544 1090 ἀλλήλων
1587 1004 1771 1088 πέρι,
1821 995 1856 1069 ὁ
1900 998 2028 1087 μὲν
2066 1004 2186 1068 τοῦ
2226 998 2430 1068 τόκου
2464 1002 2582 1086 τῆς
2614 1024 2739 1083 γυ-

468 1106 699 1186 ναικὸς
738 1104 1137 1194 ἀρρωδέων,
1190 1100 1231 1193 ἡ
1297 1105 1371 1173 δὲ
1425 1102 1635 1193 γυνὴ,
1696 1099 1734 1172 ὅ
1772 1130 1834 1172 τι
1884 1099 2009 1170 οὐκ
2051 1098 2289 1182 §menig
2330 1097 2367 1170 ὁ
2406 1097 2744 1189 ’Ἅρπαγος
2762 1104 2831 1158 56

470 1212 967 1297 μεταπέμψαιτο
1002 1204 1207 1294 αὐτῆς
1240 1205 1360 1275 τὸν
1401 1205 1641 1295 ἄνδρα.
1692 1209 1842 1275 ἐπεί
1873 1232 1944 1273 τε
1978 1204 2051 1273 δὲ
2088 1202 2550 1294 ἀπονοστήσας
2593 1204 2742 1272 ἐπέ-

472 1332 627 1399 στη,
665 1306 774 1378 οἶα
817 1312 883 1391 ἐξ
918 1304 1211 1378 ἀέλπτου
1257 1314 1499 1377 ἰδοῦσα
1540 1304 1818 1397 ἡγυνὴ,
1857 1319 2073 1397 εἴρετο
2110 1310 2432 1396 προτέρη,
2474 1304 2513 1376 ὅ
2540 1334 2602 1375 τι
2631 1333 2749 1393 μιν

473 1410 650 1480 οὕτω
698 1410 1066 1498 προθύμως
1098 1407 1433 1498 ’Ἅρπαγος
1469 1412 1990 1498 μεταπέμψαιτο.
2054 1404 2089 1478 ὁ
2129 1411 2203 1478 δὲ
2255 1409 2439 1480 εἷπε·
2494 1400 2576 1477 Ὦ.
2622 1405 2745 1494 γύ-

473 1542 623 1598 ναι,
670 1512 857 1582 εἶδόν
890 1539 962 1580 τε
993 1515 1059 1592 ἐς
1095 1512 1294 1582 πόλιν
1322 1511 1551 1582 ἐλθών
1586 1515 1697 1581 καὶ
1734 1510 2026 1601 ἥκουσα,
2064 1510 2139 1581 τὸ
2171 1511 2336 1601 μήτε
2372 1517 2550 1581 ἰδεῖν
2584 1507 2745 1597 ὄφε-

477 1713 771 1777 Astyage3‚
810 1712 902 1776 qui
950 1712 1270 1777 Harpagum
1317 1712 1452 1763 haec
1488 1714 1569 1764 di-

477 1797 598 1832 cere
645 1782 806 1831 iussit
853 1780 1122 1842 bubulco,
1166 1797 1222 1831 se
1274 1780 1332 1844 (i.
1390 1799 1436 1832 e.
1485 1799 1568 1832 re-

477 1849 628 1916 gem)
681 1851 748 1900 de
783 1847 1018 1900 bubulco
1066 1850 1389 1914 supplicium
1425 1868 1568 1901 sum-

480 1925 691 1982 turum,
740 1934 796 1968 se
841 1919 1076 1983 pessimo
1131 1920 1322 1968 mortis
1371 1936 1568 1985 genere

483 2004 602 2039 eum
641 1988 1054 2037 interfecturum
1095 1985 1162 2049 (s.
1192 1989 1422 2038 interfici
1459 1990 1570 2039 ius-

482 2055 711 2120 surum).
748 2056 865 2105 Iam
900 2057 981 2104 ita
1015 2057 1062 2104 si
1101 2054 1277 2106 locum
1312 2058 1572 2122 interpre-

485 2125 635 2186 teris,
674 2124 810 2174 nihil
844 2124 1035 2184 videm
1078 2124 1222 2188 quod
1261 2140 1360 2176 nos
1408 2127 1573 2177 offen-

486 2193 600 2243 dat.
663 2195 850 2256 Neque
887 2192 1047 2241 aliter
1084 2207 1203 2241 eum
1237 2196 1414 2258 accipi
1450 2194 1573 2244 vult

488 2263 694 2311 Ianson
736 2263 793 2309 in
838 2260 1060 2310 Iahrbb.
1107 2261 1148 2310 f.
1200 2262 1471 2328 Philolog.
1514 2281 1570 2314 u.

484 2330 802 2394 Paedagog.
840 2328 1027 2393 Suppl.
1069 2330 1218 2379 XIX.
1246 2346 1298 2393 p.
1325 2333 1444 2382 508.
1486 2334 1573 2383 De

483 2415 586 2449 usu
617 2437 634 2452 .
671 2398 822 2448 verbi
903 2395 1255 2462 διαχρᾶσθαι
1323 2400 1574 2451 videatur

488 2468 726 2518 Thomas
762 2467 1028 2530 Magister
1075 2483 1128 2531 p.
1175 2469 1274 2517 222
1319 2484 1434 2534 seq.
1472 2471 1574 2520 ibi-

487 2553 593 2602 que
628 2536 911 2587 adnotata.
952 2536 1215 2587 Herodot.
1253 2537 1299 2601 1,
1344 2539 1461 2590 167.
1495 2540 1574 2602 ΙΙ,

493 2607 575 2658 13.
616 2606 725 2668 ΙΙΙ,
766 2606 884 2656 117.
916 2633 986 2644 —-
1018 2606 1081 2655 In
1120 2621 1272 2670 seqq.
1311 2605 1576 2673 τέταγμαι

486 2675 676 2740 (iussus
711 2676 837 2738 sum)
865 2673 1141 2725 Mediceus
1172 2676 1396 2741 aliique,
1429 2679 1576 2742 quod

488 2760 610 2794 cum
659 2748 890 2794 recentt.
939 2743 1061 2793 edd.
1113 2760 1211 2808 pro
1258 2746 1384 2796 olim
1421 2747 1571 2812 vulg.

484 2810 848 2876 διατέταγμαι
886 2813 1252 2876 recipiendum
1288 2816 1434 2866 duxi.

880 2982 1012 3032 Car.
1053 2982 1196 3033 CXI.

560 3072 596 3144 ἡ
635 3071 796 3143 γυνὴ,
822 3072 1009 3143 ἐπίτεξ
1039 3073 1211 3134 ἐοῦσα
1235 3082 1425 3134 πᾶσαν
1448 3074 1581 3148 ἡμέ-

494 3148 625 3214 ρην]
663 3149 700 3197 i.
736 3164 783 3197 c.
820 3166 974 3216 uxor,
1011 3156 1151 3204 euius
1177 3161 1366 3216 partus
1394 3157 1444 3204 iu
1473 3154 1583 3203 dies

495 3220 563 3282 (s.
614 3218 681 3268 de
733 3218 820 3267 die
859 3222 913 3269 in
962 3220 1127 3284 diem)
1166 3223 1578 3285 empeetabatur.

494 3290 823 3338 Monuerunt
881 3289 1140 3340 Abresch.
1197 3293 1254 3342 in
1300 3290 1578 3341 Dilucidd.

494 3355 838 3420 Thucydidd.
899 3374 952 3422 p.
1007 3359 1108 3410 583
1168 3365 1222 3410 et
1278 3360 1580 3424 Schweigh.

495 3426 567 3477 ad
602 3425 657 3475 h.
692 3424 751 3486 l.,
791 3426 856 3475 de
888 3426 1166 3478 locutione
1214 3426 1407 3477 πᾶσαν
1449 3421 1584 3493 ἡμὲ-

495 3510 606 3558 ρην
643 3493 874 3544 laudans
909 3496 1049 3558 VII,
1089 3498 1191 3549 203
1229 3502 1283 3548 et
1321 3496 1447 3560 198,
1492 3499 1587 3547 ubi

493 3554 607 3612 ἀνὰ
640 3562 883 3614 additum
923 3565 1216 3617 invenitur.
1255 3597 1325 3606 —-
1354 3567 1438 3617 De
1467 3557 1586 3615 ἐπί-

491 3629 584 3692 τεξ
623 3631 734 3681 vid.
773 3634 843 3681 ad
880 3634 926 3696 Ι,
968 3634 1086 3686 108.
1123 3666 1194 3675 -
1232 3636 1299 3686 In
1326 3652 1447 3700 sqq.
1485 3650 1585 3683 κα-

493 3694 562 3749 τὰ
596 3696 865 3762 δαίμονα,
903 3702 941 3751 i.
980 3718 1027 3752 c.
1075 3704 1215 3766 forte
1256 3705 1485 3766 fortuna,
1527 3704 1585 3753 in

497 3784 623 3830 quo,
662 3773 723 3816 ut
761 3770 817 3817 in
854 3775 938 3819 tot
976 3770 1098 3821 aliis
1139 3772 1419 3832 eiusmodi,
1445 3764 1590 3821 κατὰ

497 3835 744 3885 adverbii
806 3838 915 3886 vim
988 3842 1285 3902 exprimere
1349 3842 1587 3901 videtur,

497 3918 619 3952 cum
645 3905 860 3967 proprie
873 3906 1173 3970 significet:
1199 3911 1584 3971 secundnm‚eoe.

502 3970 948 4089 CoritgoFischer.
1000 3974 1069 4024 ad
1103 3976 1325 4027 Weller.
1375 3978 1492 4039 111,
1530 3979 1584 4029 b.

499 4053 533 4103 p
567 4104 673 4154 τοῦ
714 4097 889 4156 τόκου
937 4105 1040 4172 τῆς
1090 4101 1359 4173 γυναικὸς
1403 4102 1587 4176 &6502-

497 4171 668 4239 δέων]
706 4174 742 4223 ἰ.
782 4191 829 4224 e.
877 4179 1049 4226 timens
1094 4178 1153 4226 ob
1198 4181 1421 4228 mulieris
1459 4195 1589 4242 par·

497 4251 614 4294 tum.
660 4243 902 4294 Genitivi
948 4246 1090 4295 ratio
1136 4247 1228 4295 vix
1266 4246 1483 4297 diversa
1517 4249 1587 4298 ab

498 4312 586 4375 iis,
631 4326 770 4377 quae
824 4311 982 4363 affert
1034 4313 1290 4366 Kuehuer
1342 4314 1435 4366 Gr.
1491 4318 1585 4367 Gr.

1671 1716 1724 1774 §-
1763 1711 1865 1762 532
1900 1727 2051 1777 seqq.
2079 1741 2150 1752 —
2173 1713 2239 1762 In
2276 1727 2429 1776 seqq.
2465 1711 2581 1759 iure
2617 1708 2755 1773 opti-

1670 1783 1744 1830 mi
1790 1780 1914 1830 libri
1965 1779 2393 1845 μεταπέμψαιτο
2453 1779 2573 1828 loco
2626 1778 2751 1828 olim

1670 1851 1929 1915 vulgatae
1977 1849 2400 1913 μεταπέμψατο.
2472 1848 2615 1897 Nam
2665 1846 2753 1895 hic

1672 1921 1902 1969 maxime
1946 1920 2385 1969 accommodatus
2428 1921 2513 1966 est
2559 1915 2755 1980 optati-

1669 2003 1793 2038 vus.
1845 1988 1923 2044 Ut
1960 1994 2141 2037 autem
2194 1987 2366 2036 altero
2408 1986 2531 2036 loco
2580 1984 2756 2033 editur

1672 2046 1706 2106 ὅ
1752 2073 1805 2106 τι
1848 2089 1919 2097 -
1963 2052 2423 2120 μεταπέμψαιτο,
2467 2055 2547 2103 ita
2591 2054 2760 2130 etiam,

1671 2127 1841 2189 priori
1888 2125 2007 2174 loco
2058 2125 2323 2175 edendum
2371 2122 2681 2174 curavimus
2724 2134 2756 2169 ο

1673 2209 1725 2241 τι
1751 2185 1859 2242 οὐκ
1883 2185 2080 2251 ἐωθὼς
2116 2186 2146 2243 ὁ
2182 2184 2460 2258 ’Ἅρπαγος
2483 2190 2757 2255 μεταπέμ-

1674 2262 1989 2338 varumnam
2020 2263 2162 2312 male
2200 2263 2344 2327 apud
2370 2260 2755 2318 Gaissordium‚

1675 2330 1812 2380 alios
1859 2345 1946 2379 οτι
1972 2332 2303 2381 coniunctim
2325 2331 2615 2381 invenitur.
2645 2330 2758 2378 Mo-

1675 2399 1796 2447 nuit
1856 2399 2052 2449 Struve
2106 2402 2333 2463 Quaest.
2387 2398 2453 2449 de
2491 2398 2756 2449 Herodot.

1677 2466 1895 2517 dialect.
1934 2468 2164 2531 Specim.
2200 2470 2246 2519 1.
2285 2485 2413 2534 pag.
2444 2468 2533 2517 47.

1746 2563 1841 2617 οἷα
1886 2558 1942 2629 ἐξ
1980 2559 2223 2618 ἀέλπτου
2266 2566 2475 2620 ἰδοῦσα
2522 2561 2557 2634 ἡ
2595 2559 2738 2633 γυνὴ

1676 2639 1759 2687 De
1798 2630 1892 2686 οἷα
1927 2641 2056 2687 ante
2102 2638 2393 2703 participia
2427 2639 2571 2689 conf.
2615 2638 2661 2698 Ι,

1676 2707 1862 2771 ibique
1878 2711 2016 2756 nott.
2054 2707 2409 2756 Locutionem
2434 2698 2489 2766 ἐξ
2519 2698 2761 2754 ἀέλπτου

1679 2774 1770 2838 (ex
1804 2775 2086 2839 insperato)
2108 2775 2501 2840 Wesselingius
2526 2775 2765 2824 illustrat

1674 2845 1812 2895 locis
1865 2845 2102 2909 Appiani
2160 2845 2387 2895 Punice.
2456 2843 2575 2894 104.
2647 2843 2761 2892 116.

1680 2913 1936 2979 Sophocl.
1962 2914 2115 2963 Aiac.
2141 2915 2261 2965 727.
2299 2911 2552 2975 Aeschyl.
2575 2909 2761 2975 Suppl.

1683 2982 1803 3034 362.
1866 2983 2056 3046 Neque
2096 2981 2255 3032 aliter
2298 2973 2354 3043 ἐξ
2400 2971 2767 3043 ἀπροσδοκή-

1680 3066 1783 3100 του
1816 3051 1944 3111 VII,
1966 3052 2086 3102 204.
2129 3042 2189 3099 ἐκ
2213 3048 2318 3100 τοῦ
2352 3044 2631 3114 ἐμφανέος
2658 3048 2765 3109 111,

1684 3120 1787 3172 150
1824 3116 1943 3183 (ubi
1977 3119 2119 3170 conf.
2161 3119 2347 3185 nott.).
2381 3118 2508 3179 VII,
2545 3118 2667 3168 205.
2708 3108 2766 3165 ἔκ

1680 3187 1790 3238 τοῦ
1823 3186 2081 3253 φανεροῦ
2116 3189 2273 3251 VIII,
2315 3188 2430 3239 126.
2472 3187 2568 3249 1x‚
2607 3187 2652 3236 1.
2695 3187 2769 3235 Et

1681 3258 1870 3309 confer
1899 3258 1975 3306 sis
2010 3257 2281 3308 Kuehner.
2310 3259 2401 3309 Gr.
2433 3257 2525 3307 Gr.
2561 3259 2612 3318 ξ.
2648 3253 2768 3315 543,

1686 3330 1738 3376 2.
1776 3327 1906 3375 Mox
1930 3315 1967 3374 δ’
1995 3340 2048 3375 τι
2072 3326 2219 3376 valet
2245 3336 2465 3391 propter
2498 3324 2633 3389 quid,
2660 3337 2769 3371 cur.

1756 3414 1799 3475 a}
1835 3417 2030 3490 γύναι,
2078 3417 2241 3475 εἶδόν
2286 3441 2343 3475 τε
2389 3442 2441 3476 κ.
2480 3441 2528 3476 τ.
2568 3423 2639 3491 λ.]
2675 3415 2772 3487 γύ-

1688 3512 1800 3558 ναι,
1832 3494 2301 3559 compellationem
2334 3494 2771 3545 honestissimam

1688 3564 1832 3628 apud
1861 3569 2073 3612 veteres
2111 3563 2245 3613 dicit
2262 3563 2502 3614 Fischer.
2540 3562 2611 3612 ad
2634 3563 2776 3612 Ana-

1687 3637 1891 3682 creont.
1926 3632 2044 3693 XX,
2085 3631 2170 3681 11.
2224 3633 2290 3682 In
2327 3647 2479 3696 seqq.
2517 3630 2588 3680 ad
2622 3630 2776 3680 verbi

1686 3692 1898 3764 ὄφελον
1936 3715 2054 3750 cum
2090 3699 2360 3750 infinitivo
2405 3715 2560 3749 usum
2601 3700 2670 3748 ils
2718 3700 2775 3747 in

1688 3769 1869 3830 rebus,
1921 3783 2055 3833 quas
2090 3767 2209 3819 fieri
2243 3769 2430 3834 utique
2469 3767 2776 3832 oportuisse

1688 3837 1957 3899 volumus,
1990 3852 2131 3901 quae
2165 3853 2292 3889 vero
2323 3851 2514 3899 reapse
2538 3834 2777 3884 nondum

1688 3906 1870 3957 factae
1917 3911 2063 3967 sunt,
2122 3908 2265 3956 conf.
2315 3902 2617 3956 Blomfield.
2657 3907 2774 3953 not.

1688 3974 1760 4024 ad
1795 3974 2048 4039 Aeschyl.
2075 3975 2229 4026 Pers.
2267 3975 2391 4025 012.
2429 3988 2555 4038 pag.
2593 3972 2659 4024 84
2689 3972 2777 4022 ed.

1691 4043 2007 4108 Cantabrig.
2044 4042 2129 4092 Ad
2150 4046 2377 4095 formam
2409 4038 2644 4107 ὄφελον,
2667 4041 2777 4105 epi-

1691 4112 1769 4161 cis
1813 4112 1990 4177 poetis
2052 4125 2222 4178 aeque
2268 4117 2434 4177 atque
2493 4111 2773 4161 Herodoto

1691 4180 2030 4242 familiarem,
2070 4195 2136 4230 ex
2169 4197 2275 4247 quo
2299 4181 2459 4231 affert
2493 4180 2547 4230 h.
2571 4178 2607 4228 l.
2635 4178 2777 4228 Tho·

1689 4264 1806 4299 mas
1857 4249 2084 4314 Mag-ist.
2143 4264 2189 4301 s.
2247 4263 2324 4312 V„
2379 4246 2588 4299 consul.
2649 4248 2778 4298 Bre-

1691 4316 1816 4369 dov.
1854 4332 1909 4383 p.
1948 4314 2070 4369 308.
