<?xml version="1.0" encoding="UTF-8"?>
<!DOCTYPE html PUBLIC "-//W3C//DTD XHTML 1.0 Transitional//EN"
    "http://www.w3.org/TR/xhtml1/DTD/xhtml1-transitional.dtd">
<html xmlns="http://www.w3.org/1999/xhtml" xml:lang="en" lang="en">
 <head>
  <title>
</title>
<meta http-equiv="Content-Type" content="text/html;charset=utf-8" />
  <meta name='ocr-system' content='tesseract 3.04.00' />
  <meta name='ocr-capabilities' content='ocr_page ocr_carea ocr_par ocr_line ocrx_word'/>
</head>
<body>
  <div class='ocr_page' id='page_1' title='image "./herodotihalicar02unkngoog_0233.png"; bbox 0 0 3109 5092; ppageno 0'>
   <div class='ocr_carea' id='block_1_1' title="bbox 1319 348 2701 415">
    <p class='ocr_par' dir='ltr' id='par_1_1' title="bbox 1319 348 2701 415">
     <span class='ocr_line' id='line_1_1' title="bbox 1319 348 2701 415; baseline 0.004 -6"><span class='ocrx_word' id='word_1_1' title='bbox 1319 348 1573 410; x_wconf 90' lang='lat' dir='ltr'><strong>CLIO.</strong></span> <span class='ocrx_word' id='word_1_2' title='bbox 1620 350 1671 409; x_wconf 93' lang='lat' dir='ltr'><strong>I.</strong></span> <span class='ocrx_word' id='word_1_3' title='bbox 1716 358 1805 413; x_wconf 84' lang='lat'><strong>95.</strong></span> <span class='ocrx_word' id='word_1_4' title='bbox 2581 353 2701 415; x_wconf 83' lang='lat'><strong>213</strong></span> 
     </span>
    </p>
   </div>
   <div class='ocr_carea' id='block_1_2' title="bbox 415 519 2790 1234">
    <p class='ocr_par' dir='ltr' id='par_1_2' title="bbox 416 519 2698 696">
     <span class='ocr_line' id='line_1_2' title="bbox 416 519 2698 616; baseline 0.003 -24"><span class='ocrx_word' id='word_1_5' title='bbox 416 527 668 610; x_wconf 82' lang='grc' dir='ltr'><strong><em>σθῆναι</em></strong></span> <span class='ocrx_word' id='word_1_6' title='bbox 741 524 1146 613; x_wconf 77' lang='grc' dir='ltr'><strong><em>Τυρσηνούς.</em></strong></span> <span class='ocrx_word' id='word_1_7' title='bbox 1260 524 1477 593; x_wconf 75' lang='grc' dir='ltr'><em>Λυδοὶ</em></span> <span class='ocrx_word' id='word_1_8' title='bbox 1552 523 1680 612; x_wconf 73' lang='grc' dir='ltr'><strong>μὲν</strong></span> <span class='ocrx_word' id='word_1_9' title='bbox 1743 521 1828 613; x_wconf 79' lang='grc' dir='ltr'><strong>δὴ</strong></span> <span class='ocrx_word' id='word_1_10' title='bbox 1892 519 2022 594; x_wconf 78' lang='grc' dir='ltr'><strong>ὑπὸ</strong></span> <span class='ocrx_word' id='word_1_11' title='bbox 2083 529 2383 616; x_wconf 76' lang='grc' dir='ltr'><strong>Πέρσῃσι</strong></span> <span class='ocrx_word' id='word_1_12' title='bbox 2456 531 2698 599; x_wconf 78' lang='grc' dir='ltr'><em>δεδού-</em></span> 
     </span>
     <span class='ocr_line' id='line_1_3' title="bbox 417 636 651 696; baseline -0.004 0"><span class='ocrx_word' id='word_1_13' title='bbox 417 636 651 696; x_wconf 80' lang='grc' dir='ltr'><em>λωντο.</em></span> 
     </span>
    </p>

    <p class='ocr_par' dir='ltr' id='par_1_3' title="bbox 415 725 2790 1234">
     <span class='ocr_line' id='line_1_4' title="bbox 560 725 2790 820; baseline 0.004 -22"><span class='ocrx_word' id='word_1_14' title='bbox 560 728 960 819; x_wconf 80' lang='grc' dir='ltr'><em>Ἐπιὸίζηται</em></span> <span class='ocrx_word' id='word_1_15' title='bbox 1001 732 1076 801; x_wconf 74' lang='grc' dir='ltr'><strong>δὲ</strong></span> <span class='ocrx_word' id='word_1_16' title='bbox 1128 729 1214 820; x_wconf 83' lang='grc' dir='ltr'><strong>δὴ</strong></span> <span class='ocrx_word' id='word_1_17' title='bbox 1259 728 1333 801; x_wconf 85' lang='grc' dir='ltr'><strong>τὸ</strong></span> <span class='ocrx_word' id='word_1_18' title='bbox 1384 728 1712 800; x_wconf 79' lang='grc' dir='ltr'><em>ἐνθεῦτεν</em></span> <span class='ocrx_word' id='word_1_19' title='bbox 1750 725 1909 819; x_wconf 82' lang='grc' dir='ltr'><em>ἡμῖν</em></span> <span class='ocrx_word' id='word_1_20' title='bbox 1952 725 1988 799; x_wconf 81' lang='grc' dir='ltr'><em>ὅ</em></span> <span class='ocrx_word' id='word_1_21' title='bbox 2034 731 2226 818; x_wconf 78' lang='grc' dir='ltr'><em>λόγος</em></span> <span class='ocrx_word' id='word_1_22' title='bbox 2271 733 2390 803; x_wconf 86' lang='grc' dir='ltr'><strong>τόν</strong></span> <span class='ocrx_word' id='word_1_23' title='bbox 2436 762 2508 805; x_wconf 82' lang='grc' dir='ltr'><strong>τε</strong></span> <span class='ocrx_word' id='word_1_24' title='bbox 2545 743 2690 806; x_wconf 84' lang='grc' dir='ltr'><strong>Κῦ-</strong></span> <span class='ocrx_word' id='word_1_25' title='bbox 2708 749 2790 812; x_wconf 86' lang='grc'><strong>95</strong></span> 
     </span>
     <span class='ocr_line' id='line_1_5' title="bbox 416 831 2686 930; baseline 0.003 -27"><span class='ocrx_word' id='word_1_26' title='bbox 416 862 572 920; x_wconf 81' lang='grc' dir='ltr'><strong>ρον,</strong></span> <span class='ocrx_word' id='word_1_27' title='bbox 623 831 803 915; x_wconf 79' lang='grc' dir='ltr'><em>ὅστις</em></span> <span class='ocrx_word' id='word_1_28' title='bbox 849 831 983 906; x_wconf 72' lang='grc' dir='ltr'><strong>ἐών</strong></span> <span class='ocrx_word' id='word_1_29' title='bbox 1022 833 1146 924; x_wconf 82' lang='grc' dir='ltr'><strong>τὴν</strong></span> <span class='ocrx_word' id='word_1_30' title='bbox 1187 841 1484 924; x_wconf 81' lang='grc' dir='ltr'><em>Κροίσου</em></span> <span class='ocrx_word' id='word_1_31' title='bbox 1533 832 1748 923; x_wconf 75' lang='grc' dir='ltr'><em>ἀρχὴν</em></span> <span class='ocrx_word' id='word_1_32' title='bbox 1797 843 2092 919; x_wconf 81' lang='grc' dir='ltr'><strong><em>κατεῖλε,</em></strong></span> <span class='ocrx_word' id='word_1_33' title='bbox 2140 837 2252 904; x_wconf 82' lang='grc' dir='ltr'><strong>καὶ</strong></span> <span class='ocrx_word' id='word_1_34' title='bbox 2298 832 2454 917; x_wconf 81' lang='grc' dir='ltr'><strong>τούς</strong></span> <span class='ocrx_word' id='word_1_35' title='bbox 2506 842 2686 930; x_wconf 79' lang='grc' dir='ltr'><strong><em>Πέρ-</em></strong></span> 
     </span>
     <span class='ocr_line' id='line_1_6' title="bbox 415 930 2695 1032; baseline 0.003 -27"><span class='ocrx_word' id='word_1_36' title='bbox 415 960 566 1020; x_wconf 81' lang='grc' dir='ltr'><strong>σας,</strong></span> <span class='ocrx_word' id='word_1_37' title='bbox 635 935 802 1032; x_wconf 75' lang='grc' dir='ltr'><em>ὅτεῳ</em></span> <span class='ocrx_word' id='word_1_38' title='bbox 864 938 1089 1030; x_wconf 74' lang='grc' dir='ltr'><em>τρόπῳ</em></span> <span class='ocrx_word' id='word_1_39' title='bbox 1139 934 1473 1028; x_wconf 76' lang='grc' dir='ltr'><strong>ἡγήσαντο</strong></span> <span class='ocrx_word' id='word_1_40' title='bbox 1535 942 1650 1025; x_wconf 83' lang='grc' dir='ltr'><strong>τῆς</strong></span> <span class='ocrx_word' id='word_1_41' title='bbox 1700 935 1939 1025; x_wconf 73' lang='grc' dir='ltr'><strong>Ἀσίης.</strong></span> <span class='ocrx_word' id='word_1_42' title='bbox 2051 934 2165 1017; x_wconf 79' lang='grc' dir='ltr'><strong>Ὡς</strong></span> <span class='ocrx_word' id='word_1_43' title='bbox 2225 930 2322 1008; x_wconf 75' lang='grc' dir='ltr'><strong>ὦν</strong></span> <span class='ocrx_word' id='word_1_44' title='bbox 2372 946 2695 1030; x_wconf 75' lang='grc' dir='ltr'><em>Περσέων</em></span> 
     </span>
     <span class='ocr_line' id='line_1_7' title="bbox 417 1039 2690 1134; baseline 0.002 -25"><span class='ocrx_word' id='word_1_45' title='bbox 417 1046 822 1129; x_wconf 78' lang='grc' dir='ltr'><em>μετεξέτεροι</em></span> <span class='ocrx_word' id='word_1_46' title='bbox 870 1045 1169 1129; x_wconf 78' lang='grc' dir='ltr'><strong>λέγουσι,</strong></span> <span class='ocrx_word' id='word_1_47' title='bbox 1216 1048 1284 1111; x_wconf 82' lang='grc' dir='ltr'><strong>οἰ</strong></span> <span class='ocrx_word' id='word_1_48' title='bbox 1316 1039 1408 1129; x_wconf 82' lang='grc' dir='ltr'><strong>μὴ</strong></span> <span class='ocrx_word' id='word_1_49' title='bbox 1447 1040 1850 1130; x_wconf 81' lang='grc' dir='ltr'><em>βουλόμενοι</em></span> <span class='ocrx_word' id='word_1_50' title='bbox 1897 1045 2191 1128; x_wconf 81' lang='grc' dir='ltr'><em>σεμνοῦν</em></span> <span class='ocrx_word' id='word_1_51' title='bbox 2234 1040 2315 1111; x_wconf 74' lang='grc' dir='ltr'><strong>τὰ</strong></span> <span class='ocrx_word' id='word_1_52' title='bbox 2360 1046 2514 1134; x_wconf 82' lang='grc' dir='ltr'><em>περὶ</em></span> <span class='ocrx_word' id='word_1_53' title='bbox 2544 1051 2690 1114; x_wconf 84' lang='grc' dir='ltr'><strong>Κῦ-</strong></span> 
     </span>
     <span class='ocr_line' id='line_1_8' title="bbox 418 1141 2691 1234; baseline 0.003 -21"><span class='ocrx_word' id='word_1_54' title='bbox 418 1172 572 1232; x_wconf 80' lang='grc' dir='ltr'><strong>ρον,</strong></span> <span class='ocrx_word' id='word_1_55' title='bbox 612 1142 782 1214; x_wconf 73' lang='grc' dir='ltr'><strong>ἀλλὰ</strong></span> <span class='ocrx_word' id='word_1_56' title='bbox 822 1143 941 1213; x_wconf 81' lang='grc' dir='ltr'><strong>τὸν</strong></span> <span class='ocrx_word' id='word_1_57' title='bbox 977 1141 1171 1215; x_wconf 77' lang='grc' dir='ltr'><em>ἐόντα</em></span> <span class='ocrx_word' id='word_1_58' title='bbox 1214 1148 1438 1233; x_wconf 82' lang='grc' dir='ltr'><strong>λέγειν</strong></span> <span class='ocrx_word' id='word_1_59' title='bbox 1474 1143 1709 1231; x_wconf 78' lang='grc' dir='ltr'><strong>λόγον,</strong></span> <span class='ocrx_word' id='word_1_60' title='bbox 1758 1142 1926 1213; x_wconf 75' lang='grc' dir='ltr'><em>κατὰ</em></span> <span class='ocrx_word' id='word_1_61' title='bbox 1964 1149 2173 1213; x_wconf 88' lang='grc' dir='ltr'><em>ταῦτα</em></span> <span class='ocrx_word' id='word_1_62' title='bbox 2213 1146 2485 1234; x_wconf 74' lang='grc' dir='ltr'><em>γράψω·</em></span> <span class='ocrx_word' id='word_1_63' title='bbox 2544 1144 2691 1218; x_wconf 75' lang='grc' dir='ltr'><strong>ἐπι-</strong></span> 
     </span>
    </p>
   </div>
   <div class='ocr_carea' id='block_1_3' title="bbox 417 1346 1510 2527">
    <p class='ocr_par' dir='ltr' id='par_1_4' title="bbox 417 1346 1510 2527">
     <span class='ocr_line' id='line_1_9' title="bbox 419 1346 1505 1413; baseline 0.001 -18"><span class='ocrx_word' id='word_1_64' title='bbox 419 1351 474 1395; x_wconf 86' lang='lat' dir='ltr'><strong>et</strong></span> <span class='ocrx_word' id='word_1_65' title='bbox 510 1362 648 1411; x_wconf 85' lang='lat' dir='ltr'><strong>quae</strong></span> <span class='ocrx_word' id='word_1_66' title='bbox 685 1347 756 1397; x_wconf 88' lang='lat' dir='ltr'><strong>ad</strong></span> <span class='ocrx_word' id='word_1_67' title='bbox 776 1346 1053 1398; x_wconf 75' lang='lat' dir='ltr'><strong>Plutarch.</strong></span> <span class='ocrx_word' id='word_1_68' title='bbox 1091 1347 1285 1412; x_wconf 86' lang='lat' dir='ltr'>Pyrrh.</span> <span class='ocrx_word' id='word_1_69' title='bbox 1328 1346 1410 1396; x_wconf 82' lang='lat'><strong>14.</strong></span> <span class='ocrx_word' id='word_1_70' title='bbox 1450 1364 1505 1413; x_wconf 85' lang='lat' dir='ltr'><strong>p.</strong></span> 
     </span>
     <span class='ocr_line' id='line_1_10' title="bbox 422 1416 1510 1498; baseline 0.001 -32"><span class='ocrx_word' id='word_1_71' title='bbox 422 1417 518 1467; x_wconf 80' lang='lat'><strong>182</strong></span> <span class='ocrx_word' id='word_1_72' title='bbox 542 1417 723 1467; x_wconf 75' lang='lat' dir='ltr'><strong>attuli.</strong></span> <span class='ocrx_word' id='word_1_73' title='bbox 761 1418 960 1467; x_wconf 78' lang='lat' dir='ltr'>Refero</span> <span class='ocrx_word' id='word_1_74' title='bbox 981 1416 1087 1466; x_wconf 88' lang='lat' dir='ltr'><strong>huc</strong></span> <span class='ocrx_word' id='word_1_75' title='bbox 1106 1433 1338 1498; x_wconf 88' lang='lat' dir='ltr'><strong>quoque,</strong></span> <span class='ocrx_word' id='word_1_76' title='bbox 1363 1417 1510 1482; x_wconf 90' lang='lat' dir='ltr'><strong>quod</strong></span> 
     </span>
     <span class='ocr_line' id='line_1_11' title="bbox 419 1479 1509 1564; baseline 0 -29"><span class='ocrx_word' id='word_1_77' title='bbox 419 1486 465 1564; x_wconf 87' lang='grc'><strong>1,</strong></span> <span class='ocrx_word' id='word_1_78' title='bbox 513 1485 574 1536; x_wconf 83' lang='grc'><strong>91</strong></span> <span class='ocrx_word' id='word_1_79' title='bbox 630 1486 683 1535; x_wconf 89' lang='lat' dir='ltr'><strong>in</strong></span> <span class='ocrx_word' id='word_1_80' title='bbox 743 1486 847 1536; x_wconf 86' lang='lat' dir='ltr'><strong>fine</strong></span> <span class='ocrx_word' id='word_1_81' title='bbox 900 1486 1131 1552; x_wconf 83' lang='lat' dir='ltr'><strong>legitur:</strong></span> <span class='ocrx_word' id='word_1_82' title='bbox 1192 1479 1509 1551; x_wconf 76' lang='grc' dir='ltr'><em>ἀρχόμενος</em></span> 
     </span>
     <span class='ocr_line' id='line_1_12' title="bbox 417 1545 1508 1608; baseline 0.002 -4"><span class='ocrx_word' id='word_1_83' title='bbox 417 1545 528 1604; x_wconf 76' lang='grc' dir='ltr'><strong>ὑπ’</strong></span> <span class='ocrx_word' id='word_1_84' title='bbox 571 1549 942 1605; x_wconf 30' lang='lat' dir='ltr'><strong>sust-homst</strong></span> <span class='ocrx_word' id='word_1_85' title='bbox 980 1555 1121 1607; x_wconf 90' lang='lat' dir='ltr'><strong>Add.</strong></span> <span class='ocrx_word' id='word_1_86' title='bbox 1163 1556 1415 1608; x_wconf 78' lang='lat' dir='ltr'><strong>Siebelis.</strong></span> <span class='ocrx_word' id='word_1_87' title='bbox 1437 1557 1508 1607; x_wconf 89' lang='lat' dir='ltr'><strong>ad</strong></span> 
     </span>
     <span class='ocr_line' id='line_1_13' title="bbox 417 1625 1085 1688; baseline 0 -13"><span class='ocrx_word' id='word_1_88' title='bbox 417 1626 656 1675; x_wconf 84' lang='lat' dir='ltr'><strong>Pausan.</strong></span> <span class='ocrx_word' id='word_1_89' title='bbox 697 1625 796 1686; x_wconf 84' lang='lat' dir='ltr'><strong>IX,</strong></span> <span class='ocrx_word' id='word_1_90' title='bbox 819 1626 901 1676; x_wconf 87' lang='grc'><strong>18.</strong></span> <span class='ocrx_word' id='word_1_91' title='bbox 943 1629 995 1688; x_wconf 84' lang='grc'><strong>5.</strong></span> <span class='ocrx_word' id='word_1_92' title='bbox 1036 1626 1085 1676; x_wconf 88' lang='grc'><strong>1.</strong></span> 
     </span>
     <span class='ocr_line' id='line_1_14' title="bbox 489 1662 1507 1759; baseline 0.004 -17"><span class='ocrx_word' id='word_1_93' title='bbox 489 1662 930 1759; x_wconf 74' lang='grc' dir='ltr'><em>οὖνομασθῆναι</em></span> <span class='ocrx_word' id='word_1_94' title='bbox 957 1686 1314 1759; x_wconf 73' lang='grc' dir='ltr'><em>Τυρσηνούς]</em></span> <span class='ocrx_word' id='word_1_95' title='bbox 1343 1695 1507 1746; x_wconf 88' lang='lat' dir='ltr'><strong>Haud</strong></span> 
     </span>
     <span class='ocr_line' id='line_1_15' title="bbox 417 1765 1509 1816; baseline 0.002 -3"><span class='ocrx_word' id='word_1_96' title='bbox 417 1769 665 1815; x_wconf 84' lang='lat' dir='ltr'><strong>nostrum</strong></span> <span class='ocrx_word' id='word_1_97' title='bbox 700 1770 785 1814; x_wconf 89' lang='lat' dir='ltr'><strong>est</strong></span> <span class='ocrx_word' id='word_1_98' title='bbox 816 1765 970 1815; x_wconf 83' lang='lat' dir='ltr'><strong>varia</strong></span> <span class='ocrx_word' id='word_1_99' title='bbox 1015 1780 1296 1815; x_wconf 87' lang='lat' dir='ltr'><strong>recensere</strong></span> <span class='ocrx_word' id='word_1_100' title='bbox 1331 1769 1385 1815; x_wconf 91' lang='lat' dir='ltr'><strong>et</strong></span> <span class='ocrx_word' id='word_1_101' title='bbox 1419 1782 1509 1816; x_wconf 82' lang='lat' dir='ltr'><strong>ve-</strong></span> 
     </span>
     <span class='ocr_line' id='line_1_16' title="bbox 418 1834 1506 1886; baseline 0.003 -3"><span class='ocrx_word' id='word_1_102' title='bbox 418 1838 592 1884; x_wconf 88' lang='lat' dir='ltr'><strong>terum</strong></span> <span class='ocrx_word' id='word_1_103' title='bbox 634 1839 689 1883; x_wconf 87' lang='lat' dir='ltr'><strong>et</strong></span> <span class='ocrx_word' id='word_1_104' title='bbox 722 1834 1082 1885; x_wconf 80' lang='lat' dir='ltr'><strong>recentiorum</strong></span> <span class='ocrx_word' id='word_1_105' title='bbox 1109 1839 1414 1884; x_wconf 86' lang='lat' dir='ltr'><strong>commenta</strong></span> <span class='ocrx_word' id='word_1_106' title='bbox 1441 1835 1506 1886; x_wconf 91' lang='lat' dir='ltr'><strong>de</strong></span> 
     </span>
     <span class='ocr_line' id='line_1_17' title="bbox 417 1895 1508 1969; baseline 0.002 -16"><span class='ocrx_word' id='word_1_107' title='bbox 417 1904 472 1953; x_wconf 83' lang='lat' dir='ltr'><strong>vi</strong></span> <span class='ocrx_word' id='word_1_108' title='bbox 511 1919 575 1954; x_wconf 89' lang='lat' dir='ltr'><strong>ac</strong></span> <span class='ocrx_word' id='word_1_109' title='bbox 610 1895 835 1954; x_wconf 61' lang='lat' dir='ltr'><strong>notione</strong></span> <span class='ocrx_word' id='word_1_110' title='bbox 885 1904 1163 1969; x_wconf 80' lang='lat' dir='ltr'><strong>primitiva</strong></span> <span class='ocrx_word' id='word_1_111' title='bbox 1207 1903 1367 1955; x_wconf 84' lang='lat' dir='ltr'><strong>huius</strong></span> <span class='ocrx_word' id='word_1_112' title='bbox 1414 1922 1508 1955; x_wconf 84' lang='lat' dir='ltr'><strong>vo·</strong></span> 
     </span>
     <span class='ocr_line' id='line_1_18' title="bbox 419 1974 1506 2037; baseline 0.001 -14"><span class='ocrx_word' id='word_1_113' title='bbox 419 1975 523 2034; x_wconf 85' lang='lat' dir='ltr'><strong>cis;</strong></span> <span class='ocrx_word' id='word_1_114' title='bbox 572 1989 739 2023; x_wconf 87' lang='lat' dir='ltr'><strong>unum</strong></span> <span class='ocrx_word' id='word_1_115' title='bbox 785 1978 965 2024; x_wconf 88' lang='lat' dir='ltr'><strong>tamen</strong></span> <span class='ocrx_word' id='word_1_116' title='bbox 1014 1974 1308 2037; x_wconf 88' lang='lat' dir='ltr'><strong>praeterire</strong></span> <span class='ocrx_word' id='word_1_117' title='bbox 1354 1974 1506 2024; x_wconf 78' lang='lat' dir='ltr'><strong>nolu-</strong></span> 
     </span>
     <span class='ocr_line' id='line_1_19' title="bbox 420 2043 1503 2109; baseline 0.003 -17"><span class='ocrx_word' id='word_1_118' title='bbox 420 2060 569 2104; x_wconf 88' lang='lat' dir='ltr'><strong>mus,</strong></span> <span class='ocrx_word' id='word_1_119' title='bbox 646 2043 788 2109; x_wconf 89' lang='lat' dir='ltr'><strong>quod</strong></span> <span class='ocrx_word' id='word_1_120' title='bbox 859 2044 1130 2108; x_wconf 88' lang='lat' dir='ltr'><strong>prolatum</strong></span> <span class='ocrx_word' id='word_1_121' title='bbox 1199 2048 1285 2093; x_wconf 88' lang='lat' dir='ltr'><strong>est</strong></span> <span class='ocrx_word' id='word_1_122' title='bbox 1346 2058 1380 2094; x_wconf 85' lang='lat' dir='ltr'><strong>a</strong></span> <span class='ocrx_word' id='word_1_123' title='bbox 1441 2044 1503 2096; x_wconf 92' lang='lat' dir='ltr'><strong>C.</strong></span> 
     </span>
     <span class='ocr_line' id='line_1_20' title="bbox 422 2112 1501 2178; baseline 0.001 -16"><span class='ocrx_word' id='word_1_124' title='bbox 422 2113 490 2163; x_wconf 92' lang='lat' dir='ltr'><strong>O.</strong></span> <span class='ocrx_word' id='word_1_125' title='bbox 553 2112 815 2163; x_wconf 85' lang='lat' dir='ltr'><strong>Muellero</strong></span> <span class='ocrx_word' id='word_1_126' title='bbox 876 2112 1150 2178; x_wconf 78' lang='lat' dir='ltr'><strong>(Etrusco.</strong></span> <span class='ocrx_word' id='word_1_127' title='bbox 1210 2114 1254 2163; x_wconf 94' lang='lat'><strong>1.</strong></span> <span class='ocrx_word' id='word_1_128' title='bbox 1308 2130 1362 2178; x_wconf 89' lang='lat' dir='ltr'><strong>p.</strong></span> <span class='ocrx_word' id='word_1_129' title='bbox 1417 2115 1501 2164; x_wconf 82' lang='lat'><strong>79.</strong></span> 
     </span>
     <span class='ocr_line' id='line_1_21' title="bbox 418 2181 1506 2248; baseline 0.001 -14"><span class='ocrx_word' id='word_1_130' title='bbox 418 2181 550 2247; x_wconf 87' lang='lat'>80.),</span> <span class='ocrx_word' id='word_1_131' title='bbox 592 2198 692 2233; x_wconf 89' lang='lat' dir='ltr'><strong>nec</strong></span> <span class='ocrx_word' id='word_1_132' title='bbox 736 2183 855 2231; x_wconf 88' lang='lat' dir='ltr'><strong>sine</strong></span> <span class='ocrx_word' id='word_1_133' title='bbox 900 2199 1096 2248; x_wconf 81' lang='lat' dir='ltr'><strong>magna</strong></span> <span class='ocrx_word' id='word_1_134' title='bbox 1142 2183 1257 2232; x_wconf 79' lang='lat' dir='ltr'><strong>veri</strong></span> <span class='ocrx_word' id='word_1_135' title='bbox 1305 2184 1506 2248; x_wconf 88' lang='lat' dir='ltr'><strong>specie.</strong></span> 
     </span>
     <span class='ocr_line' id='line_1_22' title="bbox 418 2252 1509 2303; baseline 0 -1"><span class='ocrx_word' id='word_1_136' title='bbox 418 2253 497 2302; x_wconf 83' lang='lat' dir='ltr'><strong>Ut</strong></span> <span class='ocrx_word' id='word_1_137' title='bbox 558 2252 700 2302; x_wconf 90' lang='lat' dir='ltr'><strong>euim</strong></span> <span class='ocrx_word' id='word_1_138' title='bbox 763 2252 854 2302; x_wconf 80' lang='lat' dir='ltr'><strong>vix</strong></span> <span class='ocrx_word' id='word_1_139' title='bbox 909 2256 1122 2302; x_wconf 86' lang='lat' dir='ltr'><strong>tantum</strong></span> <span class='ocrx_word' id='word_1_140' title='bbox 1180 2252 1509 2303; x_wconf 89' lang='lat' dir='ltr'><strong>dissentiunt</strong></span> 
     </span>
     <span class='ocr_line' id='line_1_23' title="bbox 419 2320 1506 2387; baseline 0.001 -15"><span class='ocrx_word' id='word_1_141' title='bbox 419 2321 730 2372; x_wconf 85' lang='lat' dir='ltr'><strong>Herodotus</strong></span> <span class='ocrx_word' id='word_1_142' title='bbox 769 2327 932 2387; x_wconf 87' lang='lat' dir='ltr'><strong>atque</strong></span> <span class='ocrx_word' id='word_1_143' title='bbox 966 2322 1218 2372; x_wconf 77' lang='lat' dir='ltr'><strong>Xanthus</strong></span> <span class='ocrx_word' id='word_1_144' title='bbox 1257 2320 1506 2387; x_wconf 90' lang='lat' dir='ltr'><strong>(quorum</strong></span> 
     </span>
     <span class='ocr_line' id='line_1_24' title="bbox 419 2390 1504 2457; baseline 0.002 -17"><span class='ocrx_word' id='word_1_145' title='bbox 419 2390 512 2441; x_wconf 87' lang='lat' dir='ltr'><strong>ille</strong></span> <span class='ocrx_word' id='word_1_146' title='bbox 559 2393 862 2457; x_wconf 82' lang='lat' dir='ltr'><strong>Tyrsenum</strong></span> <span class='ocrx_word' id='word_1_147' title='bbox 918 2397 1084 2442; x_wconf 83' lang='lat' dir='ltr'><strong>vocat</strong></span> <span class='ocrx_word' id='word_1_148' title='bbox 1129 2392 1275 2457; x_wconf 86' lang='lat' dir='ltr'><strong>regis</strong></span> <span class='ocrx_word' id='word_1_149' title='bbox 1336 2391 1504 2442; x_wconf 87' lang='lat' dir='ltr'><strong>filium</strong></span> 
     </span>
     <span class='ocr_line' id='line_1_25' title="bbox 420 2460 1506 2527; baseline 0.001 -16"><span class='ocrx_word' id='word_1_150' title='bbox 420 2462 710 2527; x_wconf 82' lang='lat' dir='ltr'><strong>gentisque</strong></span> <span class='ocrx_word' id='word_1_151' title='bbox 759 2465 1064 2522; x_wconf 80' lang='lat' dir='ltr'>auctorem,</span> <span class='ocrx_word' id='word_1_152' title='bbox 1107 2460 1218 2511; x_wconf 90' lang='lat' dir='ltr'><strong>.hic</strong></span> <span class='ocrx_word' id='word_1_153' title='bbox 1276 2462 1506 2513; x_wconf 86' lang='lat' dir='ltr'><strong>Torrhe-</strong></span> 
     </span>
    </p>
   </div>
   <div class='ocr_carea' id='block_1_4' title="bbox 332 2530 1503 2596">
    <p class='ocr_par' dir='ltr' id='par_1_5' title="bbox 332 2530 1503 2596">
     <span class='ocr_line' id='line_1_26' title="bbox 332 2530 1503 2596; baseline 0.002 -18"><span class='ocrx_word' id='word_1_154' title='bbox 332 2532 346 2546; x_wconf 84' lang='lat'>&#39;</span> <span class='ocrx_word' id='word_1_155' title='bbox 421 2531 599 2594; x_wconf 87' lang='lat' dir='ltr'><strong>bum),</strong></span> <span class='ocrx_word' id='word_1_156' title='bbox 639 2531 732 2596; x_wconf 89' lang='lat' dir='ltr'><strong>qui</strong></span> <span class='ocrx_word' id='word_1_157' title='bbox 765 2532 903 2581; x_wconf 87' lang='lat' dir='ltr'><strong>bene</strong></span> <span class='ocrx_word' id='word_1_158' title='bbox 949 2530 1229 2581; x_wconf 85' lang='lat' dir='ltr'><strong>conciliari</strong></span> <span class='ocrx_word' id='word_1_159' title='bbox 1273 2532 1503 2596; x_wconf 79' lang='lat' dir='ltr'><strong>possint,</strong></span> 
     </span>
    </p>
   </div>
   <div class='ocr_carea' id='block_1_5' title="bbox 417 2600 1509 3069">
    <p class='ocr_par' dir='ltr' id='par_1_6' title="bbox 417 2600 1509 3069">
     <span class='ocr_line' id='line_1_27' title="bbox 419 2600 1509 2665; baseline 0.002 -16"><span class='ocrx_word' id='word_1_160' title='bbox 419 2600 500 2650; x_wconf 84' lang='lat' dir='ltr'><strong>ita</strong></span> <span class='ocrx_word' id='word_1_161' title='bbox 535 2615 722 2651; x_wconf 84' lang='lat' dir='ltr'><strong>vocem</strong></span> <span class='ocrx_word' id='word_1_162' title='bbox 758 2601 1089 2665; x_wconf 80' lang='lat' dir='ltr'><strong>primitivam</strong></span> <span class='ocrx_word' id='word_1_163' title='bbox 1137 2601 1198 2651; x_wconf 90' lang='lat' dir='ltr'><strong>C.</strong></span> <span class='ocrx_word' id='word_1_164' title='bbox 1236 2600 1304 2651; x_wconf 90' lang='grc' dir='ltr'><strong>Ο.</strong></span> <span class='ocrx_word' id='word_1_165' title='bbox 1340 2601 1509 2651; x_wconf 86' lang='lat' dir='ltr'><strong>Muel-</strong></span> 
     </span>
     <span class='ocr_line' id='line_1_28' title="bbox 417 2661 1509 2736; baseline 0.001 -18"><span class='ocrx_word' id='word_1_166' title='bbox 417 2668 563 2719; x_wconf 85' lang='lat' dir='ltr'><strong>lerus</strong></span> <span class='ocrx_word' id='word_1_167' title='bbox 594 2670 870 2720; x_wconf 85' lang='lat' dir='ltr'><strong>existimat</strong></span> <span class='ocrx_word' id='word_1_168' title='bbox 911 2685 1028 2720; x_wconf 86' lang='lat' dir='ltr'><strong>esse</strong></span> <span class='ocrx_word' id='word_1_169' title='bbox 1069 2662 1209 2734; x_wconf 77' lang='grc' dir='ltr'><strong>Τυό</strong></span> <span class='ocrx_word' id='word_1_170' title='bbox 1223 2661 1257 2734; x_wconf 69' lang='grc' dir='ltr'><em>ὁ</em></span> <span class='ocrx_word' id='word_1_171' title='bbox 1269 2685 1372 2732; x_wconf 86' lang='grc' dir='ltr'><strong>αν</strong></span> <span class='ocrx_word' id='word_1_172' title='bbox 1399 2686 1509 2736; x_wconf 89' lang='lat' dir='ltr'><strong>qua</strong></span> 
     </span>
     <span class='ocr_line' id='line_1_29' title="bbox 421 2739 1508 2805; baseline 0 -15"><span class='ocrx_word' id='word_1_173' title='bbox 421 2740 549 2790; x_wconf 88' lang='lat' dir='ltr'><strong>urbs</strong></span> <span class='ocrx_word' id='word_1_174' title='bbox 587 2739 795 2805; x_wconf 78' lang='lat' dir='ltr'><strong>Lydiae</strong></span> <span class='ocrx_word' id='word_1_175' title='bbox 835 2739 904 2790; x_wconf 89' lang='lat' dir='ltr'><strong>ad</strong></span> <span class='ocrx_word' id='word_1_176' title='bbox 943 2740 1230 2804; x_wconf 78' lang='lat' dir='ltr'><strong>Caystrum</strong></span> <span class='ocrx_word' id='word_1_177' title='bbox 1271 2740 1382 2790; x_wconf 80' lang='lat' dir='ltr'><strong>sita</strong></span> <span class='ocrx_word' id='word_1_178' title='bbox 1415 2741 1508 2790; x_wconf 79' lang='lat' dir='ltr'><strong>‹le-</strong></span> 
     </span>
     <span class='ocr_line' id='line_1_30' title="bbox 421 2808 1507 2874; baseline 0.004 -17"><span class='ocrx_word' id='word_1_179' title='bbox 421 2809 684 2874; x_wconf 76' lang='lat' dir='ltr'><strong>signetur,</strong></span> <span class='ocrx_word' id='word_1_180' title='bbox 721 2810 865 2859; x_wconf 84' lang='lat' dir='ltr'><strong>unde</strong></span> <span class='ocrx_word' id='word_1_181' title='bbox 901 2825 1112 2860; x_wconf 89' lang='lat' dir='ltr'><strong>omnem</strong></span> <span class='ocrx_word' id='word_1_182' title='bbox 1152 2808 1363 2872; x_wconf 88' lang='lat' dir='ltr'><strong>Lydiae</strong></span> <span class='ocrx_word' id='word_1_183' title='bbox 1398 2815 1507 2861; x_wconf 88' lang='lat' dir='ltr'><strong>tra-</strong></span> 
     </span>
     <span class='ocr_line' id='line_1_31' title="bbox 422 2877 1506 2929; baseline 0.002 -2"><span class='ocrx_word' id='word_1_184' title='bbox 422 2883 567 2928; x_wconf 86' lang='lat' dir='ltr'><strong>ctum</strong></span> <span class='ocrx_word' id='word_1_185' title='bbox 615 2877 1019 2929; x_wconf 79' lang='lat' dir='ltr'><strong>meridionalem</strong></span> <span class='ocrx_word' id='word_1_186' title='bbox 1070 2877 1394 2929; x_wconf 75' lang='lat' dir='ltr'><strong>Torrleebiam</strong></span> <span class='ocrx_word' id='word_1_187' title='bbox 1430 2881 1506 2929; x_wconf 86' lang='lat' dir='ltr'><strong>di·</strong></span> 
     </span>
     <span class='ocr_line' id='line_1_32' title="bbox 421 2947 1506 3015; baseline 0.004 -18"><span class='ocrx_word' id='word_1_188' title='bbox 421 2949 616 2998; x_wconf 86' lang='lat' dir='ltr'><strong>xerint.</strong></span> <span class='ocrx_word' id='word_1_189' title='bbox 664 2949 804 2999; x_wconf 88' lang='lat' dir='ltr'><strong>Nam</strong></span> <span class='ocrx_word' id='word_1_190' title='bbox 856 2948 1103 3015; x_wconf 73' lang='lat' dir='ltr'><strong>Tyrrhum</strong></span> <span class='ocrx_word' id='word_1_191' title='bbox 1154 2952 1209 2998; x_wconf 91' lang='lat' dir='ltr'><strong>et</strong></span> <span class='ocrx_word' id='word_1_192' title='bbox 1263 2947 1506 3001; x_wconf 73' lang='lat' dir='ltr'><strong>Tor-rhum</strong></span> 
     </span>
     <span class='ocr_line' id='line_1_33' title="bbox 422 3017 1222 3069; baseline 0 -2"><span class='ocrx_word' id='word_1_193' title='bbox 422 3018 610 3068; x_wconf 89' lang='lat' dir='ltr'><strong>eodem</strong></span> <span class='ocrx_word' id='word_1_194' title='bbox 645 3018 824 3069; x_wconf 87' lang='lat' dir='ltr'><strong>redire</strong></span> <span class='ocrx_word' id='word_1_195' title='bbox 856 3019 948 3067; x_wconf 83' lang='lat' dir='ltr'><strong>vix</strong></span> <span class='ocrx_word' id='word_1_196' title='bbox 981 3017 1222 3068; x_wconf 90' lang='lat' dir='ltr'><strong>dubium.</strong></span> 
     </span>
    </p>
   </div>
   <div class='ocr_carea' id='block_1_6' title="bbox 798 3189 1129 3240">
    <p class='ocr_par' dir='ltr' id='par_1_7' title="bbox 798 3189 1129 3240">
     <span class='ocr_line' id='line_1_34' title="bbox 798 3189 1129 3240; baseline 0 -1"><span class='ocrx_word' id='word_1_197' title='bbox 798 3189 931 3240; x_wconf 60' lang='lat' dir='ltr'><strong>Car.</strong></span> <span class='ocrx_word' id='word_1_198' title='bbox 964 3189 1129 3239; x_wconf 84' lang='lat' dir='ltr'><strong>XCV.</strong></span> 
     </span>
    </p>
   </div>
   <div class='ocr_carea' id='block_1_7' title="bbox 419 3280 1520 4470">
    <p class='ocr_par' dir='ltr' id='par_1_8' title="bbox 419 3280 1515 3760">
     <span class='ocr_line' id='line_1_35' title="bbox 495 3280 1505 3361; baseline 0.004 -21"><span class='ocrx_word' id='word_1_199' title='bbox 495 3280 634 3341; x_wconf 76' lang='grc' dir='ltr'><strong>ἀλλὰ</strong></span> <span class='ocrx_word' id='word_1_200' title='bbox 668 3283 769 3341; x_wconf 85' lang='grc' dir='ltr'><strong>τὸν</strong></span> <span class='ocrx_word' id='word_1_201' title='bbox 805 3282 1009 3342; x_wconf 72' lang='grc' dir='ltr'><em>ἐόντα</em></span> <span class='ocrx_word' id='word_1_202' title='bbox 1045 3288 1224 3356; x_wconf 78' lang='grc' dir='ltr'><strong>λέγειν</strong></span> <span class='ocrx_word' id='word_1_203' title='bbox 1269 3284 1505 3361; x_wconf 78' lang='grc' dir='ltr'><em>λόγον]</em></span> 
     </span>
     <span class='ocr_line' id='line_1_36' title="bbox 420 3362 1515 3429; baseline 0.004 -18"><span class='ocrx_word' id='word_1_204' title='bbox 420 3362 460 3414; x_wconf 90' lang='grc'><strong>1.</strong></span> <span class='ocrx_word' id='word_1_205' title='bbox 501 3377 551 3412; x_wconf 88' lang='lat' dir='ltr'><strong>e.</strong></span> <span class='ocrx_word' id='word_1_206' title='bbox 587 3362 782 3425; x_wconf 80' lang='lat' dir='ltr'><strong>dicere,</strong></span> <span class='ocrx_word' id='word_1_207' title='bbox 819 3362 878 3411; x_wconf 77' lang='lat' dir='ltr'><strong>id</strong></span> <span class='ocrx_word' id='word_1_208' title='bbox 916 3362 1053 3427; x_wconf 81' lang='lat' dir='ltr'><strong>quod</strong></span> <span class='ocrx_word' id='word_1_209' title='bbox 1091 3378 1179 3412; x_wconf 79' lang='lat' dir='ltr'><strong>res</strong></span> <span class='ocrx_word' id='word_1_210' title='bbox 1223 3371 1329 3422; x_wconf 80' lang='lat' dir='ltr'><strong>est,</strong></span> <span class='ocrx_word' id='word_1_211' title='bbox 1380 3366 1515 3429; x_wconf 80' lang='lat' dir='ltr'><strong>quod</strong></span> 
     </span>
     <span class='ocr_line' id='line_1_37' title="bbox 419 3430 1510 3496; baseline 0.002 -14"><span class='ocrx_word' id='word_1_212' title='bbox 419 3448 588 3482; x_wconf 77' lang='lat' dir='ltr'><strong>verum</strong></span> <span class='ocrx_word' id='word_1_213' title='bbox 622 3438 714 3480; x_wconf 78' lang='lat' dir='ltr'><strong>esc.</strong></span> <span class='ocrx_word' id='word_1_214' title='bbox 753 3430 912 3481; x_wconf 83' lang='lat' dir='ltr'><strong>Cous.</strong></span> <span class='ocrx_word' id='word_1_215' title='bbox 953 3432 998 3493; x_wconf 85' lang='grc' dir='ltr'><strong>Ι,</strong></span> <span class='ocrx_word' id='word_1_216' title='bbox 1035 3430 1122 3482; x_wconf 88' lang='grc'><strong>30.</strong></span> <span class='ocrx_word' id='word_1_217' title='bbox 1163 3432 1263 3483; x_wconf 83' lang='grc'><strong>116</strong></span> <span class='ocrx_word' id='word_1_218' title='bbox 1300 3434 1423 3484; x_wconf 88' lang='lat' dir='ltr'><strong>coll.</strong></span> <span class='ocrx_word' id='word_1_219' title='bbox 1465 3434 1510 3496; x_wconf 97' lang='grc' dir='ltr'><strong>Ι,</strong></span> 
     </span>
     <span class='ocr_line' id='line_1_38' title="bbox 423 3499 1508 3565; baseline 0.002 -13"><span class='ocrx_word' id='word_1_220' title='bbox 423 3501 515 3552; x_wconf 86' lang='grc'><strong>97.</strong></span> <span class='ocrx_word' id='word_1_221' title='bbox 552 3501 619 3562; x_wconf 91' lang='lat' dir='ltr'><strong>V,</strong></span> <span class='ocrx_word' id='word_1_222' title='bbox 658 3499 743 3550; x_wconf 80' lang='lat'><strong>50.</strong></span> <span class='ocrx_word' id='word_1_223' title='bbox 782 3499 907 3562; x_wconf 86' lang='lat' dir='ltr'>VII,</span> <span class='ocrx_word' id='word_1_224' title='bbox 957 3501 1079 3551; x_wconf 73' lang='lat'><strong>209.</strong></span> <span class='ocrx_word' id='word_1_225' title='bbox 1131 3501 1286 3564; x_wconf 89' lang='lat' dir='ltr'>VIII,</span> <span class='ocrx_word' id='word_1_226' title='bbox 1329 3502 1419 3554; x_wconf 89' lang='lat'><strong>61.</strong></span> <span class='ocrx_word' id='word_1_227' title='bbox 1458 3506 1508 3565; x_wconf 85' lang='grc'><strong>5.</strong></span> 
     </span>
     <span class='ocr_line' id='line_1_39' title="bbox 429 3568 1509 3623; baseline 0.003 -3"><span class='ocrx_word' id='word_1_228' title='bbox 429 3572 478 3622; x_wconf 89' lang='grc'><strong>1.</strong></span> <span class='ocrx_word' id='word_1_229' title='bbox 523 3597 588 3606; x_wconf 89' lang='lat'><strong>·--</strong></span> <span class='ocrx_word' id='word_1_230' title='bbox 638 3568 812 3619; x_wconf 88' lang='lat' dir='ltr'><strong>Paulo</strong></span> <span class='ocrx_word' id='word_1_231' title='bbox 849 3575 976 3620; x_wconf 86' lang='lat' dir='ltr'><strong>ante</strong></span> <span class='ocrx_word' id='word_1_232' title='bbox 1013 3572 1230 3620; x_wconf 79' lang='lat' dir='ltr'><strong>servavi</strong></span> <span class='ocrx_word' id='word_1_233' title='bbox 1264 3573 1509 3623; x_wconf 87' lang='lat' dir='ltr'><strong>Ionicum</strong></span> 
     </span>
     <span class='ocr_line' id='line_1_40' title="bbox 422 3630 1509 3706; baseline 0.004 -18.105"><span class='ocrx_word' id='word_1_234' title='bbox 422 3630 755 3703; x_wconf 70' lang='grc' dir='ltr'><em>ἐπιδίζηται</em></span> <span class='ocrx_word' id='word_1_235' title='bbox 789 3639 910 3690; x_wconf 87' lang='lat' dir='ltr'><strong>loco</strong></span> <span class='ocrx_word' id='word_1_236' title='bbox 957 3639 1216 3706; x_wconf 75' lang='lat' dir='ltr'><strong>vulgatae</strong></span> <span class='ocrx_word' id='word_1_237' title='bbox 1257 3632 1509 3702; x_wconf 75' lang='grc' dir='ltr'><em>ἕπιὸίζε-</em></span> 
     </span>
     <span class='ocr_line' id='line_1_41' title="bbox 423 3707 993 3770; baseline 0.002 -11"><span class='ocrx_word' id='word_1_238' title='bbox 423 3724 535 3759; x_wconf 87' lang='grc' dir='ltr'><strong>ται.</strong></span> <span class='ocrx_word' id='word_1_239' title='bbox 574 3707 659 3758; x_wconf 81' lang='lat' dir='ltr'><strong>Cf.</strong></span> <span class='ocrx_word' id='word_1_240' title='bbox 697 3707 742 3770; x_wconf 90' lang='grc' dir='ltr'><strong>Ι,</strong></span> <span class='ocrx_word' id='word_1_241' title='bbox 779 3708 866 3759; x_wconf 88' lang='grc'><strong>65.</strong></span> <span class='ocrx_word' id='word_1_242' title='bbox 904 3709 993 3760; x_wconf 85' lang='grc'><strong>94.</strong></span> 
     </span>
    </p>

    <p class='ocr_par' dir='ltr' id='par_1_9' title="bbox 423 3745 1516 4398">
     <span class='ocr_line' id='line_1_42' title="bbox 495 3745 1509 3856; baseline 0.001 -30"><span class='ocrx_word' id='word_1_243' title='bbox 495 3745 866 3837; x_wconf 74' lang='grc' dir='ltr'><em>ἐπιστάμενος</em></span> <span class='ocrx_word' id='word_1_244' title='bbox 901 3773 1032 3856; x_wconf 80' lang='grc' dir='ltr'><em>περὶ</em></span> <span class='ocrx_word' id='word_1_245' title='bbox 1046 3768 1136 3827; x_wconf 65' lang='lat' dir='ltr'><strong>Kt&#39;</strong></span> <span class='ocrx_word' id='word_1_246' title='bbox 1124 3793 1244 3856; x_wconf 80' lang='grc' dir='ltr'><strong>ρου</strong></span> <span class='ocrx_word' id='word_1_247' title='bbox 1269 3773 1365 3827; x_wconf 76' lang='grc' dir='ltr'><strong>καὶ</strong></span> <span class='ocrx_word' id='word_1_248' title='bbox 1394 3794 1509 3843; x_wconf 79' lang='grc' dir='ltr'><strong>τρι-</strong></span> 
     </span>
     <span class='ocr_line' id='line_1_43' title="bbox 425 3838 1508 3913; baseline 0.001 -17"><span class='ocrx_word' id='word_1_249' title='bbox 425 3847 640 3912; x_wconf 83' lang='grc' dir='ltr'><em>φασίας</em></span> <span class='ocrx_word' id='word_1_250' title='bbox 674 3842 845 3905; x_wconf 75' lang='grc' dir='ltr'><em>ἄλλας</em></span> <span class='ocrx_word' id='word_1_251' title='bbox 878 3840 1063 3912; x_wconf 79' lang='grc' dir='ltr'><em>λόγων</em></span> <span class='ocrx_word' id='word_1_252' title='bbox 1097 3838 1274 3904; x_wconf 77' lang='grc' dir='ltr'><em>ὁδοὺς</em></span> <span class='ocrx_word' id='word_1_253' title='bbox 1305 3863 1348 3912; x_wconf 86' lang='grc' dir='ltr'>φ</span> <span class='ocrx_word' id='word_1_254' title='bbox 1366 3845 1508 3913; x_wconf 87' lang='grc' dir='ltr'><strong>ναι]</strong></span> 
     </span>
     <span class='ocr_line' id='line_1_44' title="bbox 423 3911 1513 3980; baseline 0 -13"><span class='ocrx_word' id='word_1_255' title='bbox 423 3917 511 3967; x_wconf 86' lang='lat' dir='ltr'><strong>Ad</strong></span> <span class='ocrx_word' id='word_1_256' title='bbox 544 3911 877 3967; x_wconf 90' lang='lat' dir='ltr'><strong>locutionem</strong></span> <span class='ocrx_word' id='word_1_257' title='bbox 912 3918 1057 3968; x_wconf 85' lang='lat' dir='ltr'><strong>conf.</strong></span> <span class='ocrx_word' id='word_1_258' title='bbox 1098 3918 1174 3980; x_wconf 91' lang='grc' dir='ltr'><strong>ΙΙ,</strong></span> <span class='ocrx_word' id='word_1_259' title='bbox 1223 3917 1316 3968; x_wconf 81' lang='lat'><strong>20:</strong></span> <span class='ocrx_word' id='word_1_260' title='bbox 1405 3917 1513 3967; x_wconf 78' lang='grc' dir='ltr'><strong>λε-</strong></span> 
     </span>
     <span class='ocr_line' id='line_1_45' title="bbox 426 3975 1512 4051; baseline -0.001 -16"><span class='ocrx_word' id='word_1_261' title='bbox 426 3984 561 4048; x_wconf 78' lang='grc' dir='ltr'><strong>ξαν</strong></span> <span class='ocrx_word' id='word_1_262' title='bbox 594 3982 725 4051; x_wconf 81' lang='grc' dir='ltr'><em>περὶ</em></span> <span class='ocrx_word' id='word_1_263' title='bbox 759 3984 863 4035; x_wconf 83' lang='grc' dir='ltr'><strong>τοῦ</strong></span> <span class='ocrx_word' id='word_1_264' title='bbox 887 3975 1101 4043; x_wconf 60' lang='lat' dir='ltr'><strong>vom-oe</strong></span> <span class='ocrx_word' id='word_1_265' title='bbox 1135 3978 1342 4035; x_wconf 80' lang='grc' dir='ltr'><em>τούτου</em></span> <span class='ocrx_word' id='word_1_266' title='bbox 1377 4002 1512 4051; x_wconf 81' lang='grc' dir='ltr'><strong>τρι-</strong></span> 
     </span>
     <span class='ocr_line' id='line_1_46' title="bbox 425 4045 1513 4121; baseline 0.002 -17"><span class='ocrx_word' id='word_1_267' title='bbox 425 4053 683 4121; x_wconf 76' lang='grc' dir='ltr'><em>φασίας</em></span> <span class='ocrx_word' id='word_1_268' title='bbox 741 4045 975 4113; x_wconf 73' lang='grc' dir='ltr'><strong>ὁδούς.</strong></span> <span class='ocrx_word' id='word_1_269' title='bbox 1059 4057 1144 4107; x_wconf 92' lang='lat' dir='ltr'><strong>De</strong></span> <span class='ocrx_word' id='word_1_270' title='bbox 1193 4061 1513 4121; x_wconf 86' lang='lat' dir='ltr'><strong>argumento</strong></span> 
     </span>
     <span class='ocr_line' id='line_1_47' title="bbox 425 4123 1512 4190; baseline 0.002 -15"><span class='ocrx_word' id='word_1_271' title='bbox 425 4126 611 4175; x_wconf 88' lang='lat' dir='ltr'><strong>monui</strong></span> <span class='ocrx_word' id='word_1_272' title='bbox 631 4124 705 4175; x_wconf 89' lang='lat' dir='ltr'><strong>ad</strong></span> <span class='ocrx_word' id='word_1_273' title='bbox 728 4123 946 4176; x_wconf 85' lang='lat' dir='ltr'><strong>Ctesiae</strong></span> <span class='ocrx_word' id='word_1_274' title='bbox 965 4127 1251 4190; x_wconf 81' lang='lat' dir='ltr'><strong>Excerptt.</strong></span> <span class='ocrx_word' id='word_1_275' title='bbox 1275 4126 1512 4177; x_wconf 81' lang='lat' dir='ltr'><strong>Persice.</strong></span> 
     </span>
     <span class='ocr_line' id='line_1_48' title="bbox 425 4193 1516 4260; baseline 0.001 -16"><span class='ocrx_word' id='word_1_276' title='bbox 425 4198 478 4257; x_wconf 92' lang='grc'><strong>5.</strong></span> <span class='ocrx_word' id='word_1_277' title='bbox 521 4196 574 4245; x_wconf 81' lang='grc'><strong>2.</strong></span> <span class='ocrx_word' id='word_1_278' title='bbox 621 4210 751 4260; x_wconf 81' lang='lat' dir='ltr'><strong>pag.</strong></span> <span class='ocrx_word' id='word_1_279' title='bbox 797 4193 864 4245; x_wconf 82' lang='lat'><strong>84</strong></span> <span class='ocrx_word' id='word_1_280' title='bbox 907 4210 1062 4260; x_wconf 91' lang='lat' dir='ltr'><strong>seqq.</strong></span> <span class='ocrx_word' id='word_1_281' title='bbox 1125 4195 1205 4245; x_wconf 82' lang='lat' dir='ltr'><strong>Ac</strong></span> <span class='ocrx_word' id='word_1_282' title='bbox 1250 4197 1516 4245; x_wconf 87' lang='lat' dir='ltr'><strong>neminem</strong></span> 
     </span>
     <span class='ocr_line' id='line_1_49' title="bbox 425 4263 1518 4334; baseline -0.001 -19"><span class='ocrx_word' id='word_1_283' title='bbox 425 4263 604 4329; x_wconf 81' lang='lat' dir='ltr'><strong>fugit,</strong></span> <span class='ocrx_word' id='word_1_284' title='bbox 643 4270 975 4334; x_wconf 75' lang='lat' dir='ltr'><strong>quantopere</strong></span> <span class='ocrx_word' id='word_1_285' title='bbox 1009 4263 1145 4314; x_wconf 86' lang='lat' dir='ltr'><strong>haec</strong></span> <span class='ocrx_word' id='word_1_286' title='bbox 1179 4265 1356 4314; x_wconf 86' lang='lat' dir='ltr'><strong>nostri</strong></span> <span class='ocrx_word' id='word_1_287' title='bbox 1390 4265 1518 4314; x_wconf 86' lang='lat' dir='ltr'><strong>scri-</strong></span> 
     </span>
     <span class='ocr_line' id='line_1_50' title="bbox 423 4333 1520 4398; baseline 0.002 -16"><span class='ocrx_word' id='word_1_288' title='bbox 423 4333 601 4398; x_wconf 87' lang='lat' dir='ltr'><strong>ptoris</strong></span> <span class='ocrx_word' id='word_1_289' title='bbox 648 4335 889 4384; x_wconf 86' lang='lat' dir='ltr'><strong>narratio</strong></span> <span class='ocrx_word' id='word_1_290' title='bbox 947 4334 1220 4398; x_wconf 75' lang='lat' dir='ltr'><strong>discrepet</strong></span> <span class='ocrx_word' id='word_1_291' title='bbox 1264 4349 1299 4383; x_wconf 90' lang='lat' dir='ltr'><strong>a</strong></span> <span class='ocrx_word' id='word_1_292' title='bbox 1340 4336 1520 4384; x_wconf 87' lang='lat' dir='ltr'><strong>Xeno-</strong></span> 
     </span>
    </p>

    <p class='ocr_par' dir='ltr' id='par_1_10' title="bbox 425 4402 1520 4470">
     <span class='ocr_line' id='line_1_51' title="bbox 425 4402 1520 4470; baseline 0.002 -18"><span class='ocrx_word' id='word_1_293' title='bbox 425 4402 685 4469; x_wconf 87' lang='lat' dir='ltr'><strong>phontea‚</strong></span> <span class='ocrx_word' id='word_1_294' title='bbox 736 4402 915 4469; x_wconf 86' lang='lat' dir='ltr'><strong>qualis</strong></span> <span class='ocrx_word' id='word_1_295' title='bbox 968 4403 1204 4454; x_wconf 84' lang='lat' dir='ltr'><strong>traditur</strong></span> <span class='ocrx_word' id='word_1_296' title='bbox 1248 4403 1307 4453; x_wconf 88' lang='lat' dir='ltr'><strong>in</strong></span> <span class='ocrx_word' id='word_1_297' title='bbox 1353 4404 1520 4470; x_wconf 83' lang='lat' dir='ltr'><strong>Cyro-</strong></span> 
     </span>
    </p>
   </div>
   <div class='ocr_carea' id='block_1_8' title="bbox 1606 1345 2755 4469">
    <p class='ocr_par' dir='ltr' id='par_1_11' title="bbox 1606 1345 2755 4469">
     <span class='ocr_line' id='line_1_52' title="bbox 1611 1345 2701 1411; baseline 0.004 -16"><span class='ocrx_word' id='word_1_298' title='bbox 1611 1345 1835 1411; x_wconf 80' lang='lat' dir='ltr'><strong>paedia3</strong></span> <span class='ocrx_word' id='word_1_299' title='bbox 1873 1361 1980 1410; x_wconf 87' lang='lat' dir='ltr'><strong>quo</strong></span> <span class='ocrx_word' id='word_1_300' title='bbox 2034 1346 2090 1395; x_wconf 88' lang='lat' dir='ltr'><strong>iu</strong></span> <span class='ocrx_word' id='word_1_301' title='bbox 2124 1345 2265 1397; x_wconf 87' lang='lat' dir='ltr'><strong>libro</strong></span> <span class='ocrx_word' id='word_1_302' title='bbox 2301 1347 2405 1395; x_wconf 84' lang='lat' dir='ltr'><strong>etsi</strong></span> <span class='ocrx_word' id='word_1_303' title='bbox 2438 1348 2701 1400; x_wconf 86' lang='lat' dir='ltr'><strong>nonnulla</strong></span> 
     </span>
     <span class='ocr_line' id='line_1_53' title="bbox 1610 1416 2700 1483; baseline 0.004 -18"><span class='ocrx_word' id='word_1_304' title='bbox 1610 1416 1820 1477; x_wconf 81' lang='lat' dir='ltr'><strong>insunt,</strong></span> <span class='ocrx_word' id='word_1_305' title='bbox 1853 1421 1995 1479; x_wconf 79' lang='lat' dir='ltr'><strong>quae</strong></span> <span class='ocrx_word' id='word_1_306' title='bbox 2031 1430 2162 1465; x_wconf 82' lang='lat' dir='ltr'><strong>vera</strong></span> <span class='ocrx_word' id='word_1_307' title='bbox 2207 1432 2328 1466; x_wconf 89' lang='lat' dir='ltr'><strong>esse</strong></span> <span class='ocrx_word' id='word_1_308' title='bbox 2372 1417 2465 1465; x_wconf 84' lang='lat' dir='ltr'><strong>vix</strong></span> <span class='ocrx_word' id='word_1_309' title='bbox 2507 1420 2700 1483; x_wconf 78' lang='lat' dir='ltr'><strong>negari</strong></span> 
     </span>
     <span class='ocr_line' id='line_1_54' title="bbox 1609 1479 2701 1568; baseline 0.003 -33"><span class='ocrx_word' id='word_1_310' title='bbox 1609 1479 1839 1568; x_wconf 63' lang='lat' dir='ltr'><strong>poterit,</strong></span> <span class='ocrx_word' id='word_1_311' title='bbox 1885 1484 1995 1534; x_wconf 86' lang='lat' dir='ltr'><strong>alia</strong></span> <span class='ocrx_word' id='word_1_312' title='bbox 2042 1490 2222 1535; x_wconf 87' lang='lat' dir='ltr'><strong>tamen</strong></span> <span class='ocrx_word' id='word_1_313' title='bbox 2281 1486 2451 1536; x_wconf 87' lang='lat' dir='ltr'><strong>multa</strong></span> <span class='ocrx_word' id='word_1_314' title='bbox 2511 1488 2701 1539; x_wconf 79' lang='lat' dir='ltr'><strong>addita</strong></span> 
     </span>
     <span class='ocr_line' id='line_1_55' title="bbox 1609 1555 2703 1619; baseline 0.002 -14"><span class='ocrx_word' id='word_1_315' title='bbox 1609 1556 1942 1617; x_wconf 85' lang='lat' dir='ltr'><strong>invenimus,</strong></span> <span class='ocrx_word' id='word_1_316' title='bbox 1993 1570 2134 1619; x_wconf 89' lang='lat' dir='ltr'><strong>quae</strong></span> <span class='ocrx_word' id='word_1_317' title='bbox 2169 1555 2241 1604; x_wconf 86' lang='lat' dir='ltr'><strong>ad</strong></span> <span class='ocrx_word' id='word_1_318' title='bbox 2288 1555 2573 1606; x_wconf 80' lang='lat' dir='ltr'><strong>historiam</strong></span> <span class='ocrx_word' id='word_1_319' title='bbox 2608 1560 2703 1607; x_wconf 89' lang='lat' dir='ltr'><strong>mi-</strong></span> 
     </span>
     <span class='ocr_line' id='line_1_56' title="bbox 1608 1624 2703 1689; baseline 0.002 -14"><span class='ocrx_word' id='word_1_320' title='bbox 1608 1641 1712 1675; x_wconf 87' lang='lat' dir='ltr'><strong>nus</strong></span> <span class='ocrx_word' id='word_1_321' title='bbox 1748 1624 2021 1689; x_wconf 87' lang='lat' dir='ltr'><strong>pertinere</strong></span> <span class='ocrx_word' id='word_1_322' title='bbox 2058 1624 2407 1675; x_wconf 78' lang='lat' dir='ltr'><strong>manifestum</strong></span> <span class='ocrx_word' id='word_1_323' title='bbox 2455 1631 2566 1688; x_wconf 87' lang='lat' dir='ltr'><strong>est,</strong></span> <span class='ocrx_word' id='word_1_324' title='bbox 2606 1628 2703 1677; x_wconf 87' lang='lat' dir='ltr'><strong>sed</strong></span> 
     </span>
     <span class='ocr_line' id='line_1_57' title="bbox 1611 1694 2700 1759; baseline 0.003 -15"><span class='ocrx_word' id='word_1_325' title='bbox 1611 1695 1682 1744; x_wconf 92' lang='lat' dir='ltr'><strong>ad</strong></span> <span class='ocrx_word' id='word_1_326' title='bbox 1731 1694 1920 1755; x_wconf 84' lang='lat' dir='ltr'><strong>finem,</strong></span> <span class='ocrx_word' id='word_1_327' title='bbox 1970 1709 2129 1759; x_wconf 88' lang='lat' dir='ltr'><strong>quem</strong></span> <span class='ocrx_word' id='word_1_328' title='bbox 2174 1699 2365 1744; x_wconf 84' lang='lat' dir='ltr'><strong>auctor</strong></span> <span class='ocrx_word' id='word_1_329' title='bbox 2412 1694 2517 1745; x_wconf 89' lang='lat' dir='ltr'><strong>hoc</strong></span> <span class='ocrx_word' id='word_1_330' title='bbox 2559 1695 2700 1748; x_wconf 92' lang='lat' dir='ltr'><strong>libro</strong></span> 
     </span>
     <span class='ocr_line' id='line_1_58' title="bbox 1611 1763 2703 1828; baseline 0.003 -15"><span class='ocrx_word' id='word_1_331' title='bbox 1611 1763 1717 1813; x_wconf 87' lang='lat' dir='ltr'><strong>sibi</strong></span> <span class='ocrx_word' id='word_1_332' title='bbox 1773 1767 2160 1828; x_wconf 77' lang='lat' dir='ltr'><strong>proposuerat,</strong></span> <span class='ocrx_word' id='word_1_333' title='bbox 2219 1763 2353 1813; x_wconf 86' lang='lat' dir='ltr'><strong>bene</strong></span> <span class='ocrx_word' id='word_1_334' title='bbox 2404 1779 2703 1816; x_wconf 87' lang='lat' dir='ltr'><strong>accommo-</strong></span> 
     </span>
     <span class='ocr_line' id='line_1_59' title="bbox 1611 1832 2701 1898; baseline 0.001 -15"><span class='ocrx_word' id='word_1_335' title='bbox 1611 1833 1763 1883; x_wconf 86' lang='lat' dir='ltr'><strong>data.</strong></span> <span class='ocrx_word' id='word_1_336' title='bbox 1823 1834 1908 1882; x_wconf 92' lang='lat' dir='ltr'><strong>De</strong></span> <span class='ocrx_word' id='word_1_337' title='bbox 1949 1848 2058 1897; x_wconf 86' lang='lat' dir='ltr'><strong>qua</strong></span> <span class='ocrx_word' id='word_1_338' title='bbox 2103 1848 2161 1882; x_wconf 89' lang='lat' dir='ltr'><strong>re</strong></span> <span class='ocrx_word' id='word_1_339' title='bbox 2205 1832 2450 1896; x_wconf 89' lang='lat' dir='ltr'><strong>pluribus</strong></span> <span class='ocrx_word' id='word_1_340' title='bbox 2488 1836 2701 1898; x_wconf 85' lang='lat' dir='ltr'><strong>quaesi-</strong></span> 
     </span>
     <span class='ocr_line' id='line_1_60' title="bbox 1608 1900 2697 1968; baseline 0.003 -16"><span class='ocrx_word' id='word_1_341' title='bbox 1608 1907 1805 1952; x_wconf 83' lang='lat' dir='ltr'><strong>verunt</strong></span> <span class='ocrx_word' id='word_1_342' title='bbox 1827 1900 2178 1952; x_wconf 84' lang='lat' dir='ltr'><strong>Middendorf</strong></span> <span class='ocrx_word' id='word_1_343' title='bbox 2198 1901 2418 1967; x_wconf 86' lang='lat' dir='ltr'><strong>(Rhein.</strong></span> <span class='ocrx_word' id='word_1_344' title='bbox 2446 1903 2697 1968; x_wconf 85' lang='lat' dir='ltr'><strong>Westph.</strong></span> 
     </span>
     <span class='ocr_line' id='line_1_61' title="bbox 1608 1970 2700 2035; baseline 0.002 -14"><span class='ocrx_word' id='word_1_345' title='bbox 1608 1973 1750 2024; x_wconf 83' lang='lat' dir='ltr'><strong>Mus.</strong></span> <span class='ocrx_word' id='word_1_346' title='bbox 1787 1972 1883 2033; x_wconf 90' lang='lat' dir='ltr'><strong>IV,</strong></span> <span class='ocrx_word' id='word_1_347' title='bbox 1919 1973 1970 2020; x_wconf 79' lang='grc'><strong>’2.</strong></span> <span class='ocrx_word' id='word_1_348' title='bbox 2009 1987 2064 2035; x_wconf 89' lang='lat' dir='ltr'><strong>p.</strong></span> <span class='ocrx_word' id='word_1_349' title='bbox 2108 1970 2418 2032; x_wconf 75' lang='lat'>124-150,</span> <span class='ocrx_word' id='word_1_350' title='bbox 2465 1971 2559 2020; x_wconf 89' lang='lat' dir='ltr'><strong>ubi</strong></span> <span class='ocrx_word' id='word_1_351' title='bbox 2594 1975 2700 2023; x_wconf 85' lang='lat' dir='ltr'><strong>Xe-</strong></span> 
     </span>
     <span class='ocr_line' id='line_1_62' title="bbox 1607 2040 2700 2106; baseline 0 -14"><span class='ocrx_word' id='word_1_352' title='bbox 1607 2042 1952 2106; x_wconf 86' lang='lat' dir='ltr'><strong>nophonteae</strong></span> <span class='ocrx_word' id='word_1_353' title='bbox 2007 2040 2338 2090; x_wconf 84' lang='lat' dir='ltr'><strong>narrationis</strong></span> <span class='ocrx_word' id='word_1_354' title='bbox 2400 2056 2519 2090; x_wconf 87' lang='lat' dir='ltr'><strong>cum</strong></span> <span class='ocrx_word' id='word_1_355' title='bbox 2576 2043 2700 2092; x_wconf 85' lang='lat' dir='ltr'><strong>Cte-</strong></span> 
     </span>
     <span class='ocr_line' id='line_1_63' title="bbox 1606 2109 2700 2175; baseline 0.002 -14"><span class='ocrx_word' id='word_1_356' title='bbox 1606 2111 1763 2161; x_wconf 87' lang='lat' dir='ltr'><strong>siana</strong></span> <span class='ocrx_word' id='word_1_357' title='bbox 1799 2115 1964 2175; x_wconf 88' lang='lat' dir='ltr'><strong>atque</strong></span> <span class='ocrx_word' id='word_1_358' title='bbox 1998 2109 2311 2160; x_wconf 84' lang='lat' dir='ltr'><strong>Herodotea</strong></span> <span class='ocrx_word' id='word_1_359' title='bbox 2350 2117 2700 2175; x_wconf 85' lang='lat' dir='ltr'><strong>comparatae</strong></span> 
     </span>
     <span class='ocr_line' id='line_1_64' title="bbox 1610 2179 2697 2244; baseline 0.002 -13"><span class='ocrx_word' id='word_1_360' title='bbox 1610 2180 1770 2231; x_wconf 88' lang='lat' dir='ltr'><strong>fidem</strong></span> <span class='ocrx_word' id='word_1_361' title='bbox 1809 2195 1969 2243; x_wconf 89' lang='lat' dir='ltr'><strong>quam</strong></span> <span class='ocrx_word' id='word_1_362' title='bbox 2000 2179 2229 2230; x_wconf 81' lang='lat' dir='ltr'><strong>maxime</strong></span> <span class='ocrx_word' id='word_1_363' title='bbox 2263 2181 2406 2230; x_wconf 88' lang='lat' dir='ltr'><strong>tueri</strong></span> <span class='ocrx_word' id='word_1_364' title='bbox 2439 2179 2697 2244; x_wconf 78' lang='lat' dir='ltr'><strong>studuit),</strong></span> 
     </span>
     <span class='ocr_line' id='line_1_65' title="bbox 1610 2249 2699 2302; baseline 0.002 -2"><span class='ocrx_word' id='word_1_365' title='bbox 1610 2250 1670 2300; x_wconf 93' lang='lat' dir='ltr'><strong>C.</strong></span> <span class='ocrx_word' id='word_1_366' title='bbox 1726 2249 2078 2300; x_wconf 84' lang='lat' dir='ltr'><strong>Hoffmeister</strong></span> <span class='ocrx_word' id='word_1_367' title='bbox 2142 2250 2196 2299; x_wconf 89' lang='lat' dir='ltr'><strong>in</strong></span> <span class='ocrx_word' id='word_1_368' title='bbox 2263 2250 2564 2301; x_wconf 76' lang='lat' dir='ltr'><strong>Commeat.</strong></span> <span class='ocrx_word' id='word_1_369' title='bbox 2632 2252 2699 2302; x_wconf 88' lang='lat' dir='ltr'><strong>de</strong></span> 
     </span>
     <span class='ocr_line' id='line_1_66' title="bbox 1610 2320 2697 2386; baseline 0.004 -17"><span class='ocrx_word' id='word_1_370' title='bbox 1610 2320 1752 2384; x_wconf 88' lang='lat' dir='ltr'><strong>Cyro</strong></span> <span class='ocrx_word' id='word_1_371' title='bbox 1807 2320 2220 2383; x_wconf 78' lang='lat' dir='ltr'><strong>Xenophonteo,</strong></span> <span class='ocrx_word' id='word_1_372' title='bbox 2290 2321 2469 2370; x_wconf 88' lang='lat' dir='ltr'><strong>Essen</strong></span> <span class='ocrx_word' id='word_1_373' title='bbox 2520 2322 2697 2386; x_wconf 68' lang='lat'><strong>1826„</strong></span> 
     </span>
     <span class='ocr_line' id='line_1_67' title="bbox 1607 2388 2701 2455; baseline 0.003 -16"><span class='ocrx_word' id='word_1_374' title='bbox 1607 2390 1672 2440; x_wconf 83' lang='lat' dir='ltr'><strong>A.</strong></span> <span class='ocrx_word' id='word_1_375' title='bbox 1714 2388 1927 2454; x_wconf 86' lang='lat' dir='ltr'><strong>Gylden</strong></span> <span class='ocrx_word' id='word_1_376' title='bbox 1957 2390 2015 2438; x_wconf 90' lang='lat' dir='ltr'><strong>in</strong></span> <span class='ocrx_word' id='word_1_377' title='bbox 2059 2388 2265 2440; x_wconf 89' lang='lat' dir='ltr'><strong>Comm.</strong></span> <span class='ocrx_word' id='word_1_378' title='bbox 2317 2389 2385 2439; x_wconf 88' lang='lat' dir='ltr'><strong>de</strong></span> <span class='ocrx_word' id='word_1_379' title='bbox 2429 2389 2701 2455; x_wconf 83' lang='lat' dir='ltr'><strong>Cyropae-</strong></span> 
     </span>
     <span class='ocr_line' id='line_1_68' title="bbox 1608 2458 2697 2524; baseline 0.002 -16"><span class='ocrx_word' id='word_1_380' title='bbox 1608 2459 1730 2508; x_wconf 86' lang='lat' dir='ltr'><strong>diae</strong></span> <span class='ocrx_word' id='word_1_381' title='bbox 1775 2458 2201 2523; x_wconf 85' lang='lat' dir='ltr'><strong>Xenophonteae</strong></span> <span class='ocrx_word' id='word_1_382' title='bbox 2258 2458 2363 2508; x_wconf 89' lang='lat' dir='ltr'><strong>fide</strong></span> <span class='ocrx_word' id='word_1_383' title='bbox 2414 2459 2697 2524; x_wconf 87' lang='lat' dir='ltr'><strong>historica,</strong></span> 
     </span>
     <span class='ocr_line' id='line_1_69' title="bbox 1607 2527 2698 2594; baseline 0.002 -16"><span class='ocrx_word' id='word_1_384' title='bbox 1607 2528 1981 2592; x_wconf 85' lang='lat' dir='ltr'><strong>Helsingfors.</strong></span> <span class='ocrx_word' id='word_1_385' title='bbox 2030 2527 2184 2580; x_wconf 85' lang='lat'><strong>1828.</strong></span> <span class='ocrx_word' id='word_1_386' title='bbox 2268 2527 2394 2577; x_wconf 84' lang='lat' dir='ltr'><strong>Alia</strong></span> <span class='ocrx_word' id='word_1_387' title='bbox 2442 2528 2698 2594; x_wconf 86' lang='lat' dir='ltr'><strong>leguntur</strong></span> 
     </span>
     <span class='ocr_line' id='line_1_70' title="bbox 1611 2595 2698 2661; baseline 0.003 -15"><span class='ocrx_word' id='word_1_388' title='bbox 1611 2597 1757 2660; x_wconf 88' lang='lat' dir='ltr'><strong>apud</strong></span> <span class='ocrx_word' id='word_1_389' title='bbox 1789 2595 2115 2660; x_wconf 81' lang='lat' dir='ltr'><strong>Aeschylum</strong></span> <span class='ocrx_word' id='word_1_390' title='bbox 2154 2600 2370 2661; x_wconf 86' lang='lat' dir='ltr'><strong>poetam</strong></span> <span class='ocrx_word' id='word_1_391' title='bbox 2414 2597 2471 2646; x_wconf 88' lang='lat' dir='ltr'><strong>in</strong></span> <span class='ocrx_word' id='word_1_392' title='bbox 2512 2599 2698 2650; x_wconf 86' lang='lat' dir='ltr'><strong>Perss.</strong></span> 
     </span>
     <span class='ocr_line' id='line_1_71' title="bbox 1611 2666 2699 2730; baseline 0.001 -14"><span class='ocrx_word' id='word_1_393' title='bbox 1611 2666 1712 2716; x_wconf 87' lang='grc'><strong>767</strong></span> <span class='ocrx_word' id='word_1_394' title='bbox 1751 2681 1902 2730; x_wconf 89' lang='lat' dir='ltr'><strong>seqq.</strong></span> <span class='ocrx_word' id='word_1_395' title='bbox 1950 2667 2189 2728; x_wconf 78' lang='lat' dir='ltr'><strong>Quorum</strong></span> <span class='ocrx_word' id='word_1_396' title='bbox 2227 2681 2369 2730; x_wconf 89' lang='lat' dir='ltr'><strong>quae</strong></span> <span class='ocrx_word' id='word_1_397' title='bbox 2402 2683 2534 2717; x_wconf 85' lang='lat' dir='ltr'><strong>vera</strong></span> <span class='ocrx_word' id='word_1_398' title='bbox 2569 2669 2699 2730; x_wconf 84' lang='lat' dir='ltr'><strong>sint,</strong></span> 
     </span>
     <span class='ocr_line' id='line_1_72' title="bbox 1610 2734 2704 2802; baseline 0.002 -17"><span class='ocrx_word' id='word_1_399' title='bbox 1610 2750 1751 2802; x_wconf 90' lang='lat' dir='ltr'><strong>quae</strong></span> <span class='ocrx_word' id='word_1_400' title='bbox 1777 2735 1906 2784; x_wconf 87' lang='lat' dir='ltr'><strong>ficta</strong></span> <span class='ocrx_word' id='word_1_401' title='bbox 1941 2750 1976 2784; x_wconf 91' lang='lat' dir='ltr'><strong>a</strong></span> <span class='ocrx_word' id='word_1_402' title='bbox 2012 2739 2194 2798; x_wconf 85' lang='lat' dir='ltr'><strong>poeta,</strong></span> <span class='ocrx_word' id='word_1_403' title='bbox 2231 2734 2454 2784; x_wconf 81' lang='lat' dir='ltr'><strong>vixdum</strong></span> <span class='ocrx_word' id='word_1_404' title='bbox 2501 2735 2704 2787; x_wconf 87' lang='lat' dir='ltr'><strong>discer-</strong></span> 
     </span>
     <span class='ocr_line' id='line_1_73' title="bbox 1610 2804 2702 2871; baseline 0.002 -16"><span class='ocrx_word' id='word_1_405' title='bbox 1610 2821 1739 2856; x_wconf 90' lang='lat' dir='ltr'><strong>nere</strong></span> <span class='ocrx_word' id='word_1_406' title='bbox 1773 2804 1921 2855; x_wconf 84' lang='lat' dir='ltr'><strong>licet.</strong></span> <span class='ocrx_word' id='word_1_407' title='bbox 1958 2805 2043 2854; x_wconf 84' lang='lat' dir='ltr'><strong>Ex</strong></span> <span class='ocrx_word' id='word_1_408' title='bbox 2080 2804 2437 2854; x_wconf 87' lang='lat' dir='ltr'><strong>orientalibus</strong></span> <span class='ocrx_word' id='word_1_409' title='bbox 2472 2807 2702 2871; x_wconf 88' lang='lat' dir='ltr'><strong>scripto·</strong></span> 
     </span>
     <span class='ocr_line' id='line_1_74' title="bbox 1610 2874 2698 2940; baseline 0.003 -16"><span class='ocrx_word' id='word_1_410' title='bbox 1610 2875 1761 2925; x_wconf 86' lang='lat' dir='ltr'><strong>ribus</strong></span> <span class='ocrx_word' id='word_1_411' title='bbox 1799 2890 1937 2940; x_wconf 89' lang='lat' dir='ltr'><strong>quae</strong></span> <span class='ocrx_word' id='word_1_412' title='bbox 1975 2879 2132 2924; x_wconf 86' lang='lat' dir='ltr'><strong>eruta</strong></span> <span class='ocrx_word' id='word_1_413' title='bbox 2180 2878 2334 2938; x_wconf 88' lang='lat' dir='ltr'><strong>sunt,</strong></span> <span class='ocrx_word' id='word_1_414' title='bbox 2380 2874 2518 2926; x_wconf 87' lang='lat' dir='ltr'><strong>talia</strong></span> <span class='ocrx_word' id='word_1_415' title='bbox 2552 2881 2698 2940; x_wconf 87' lang='lat' dir='ltr'><strong>sunt,</strong></span> 
     </span>
     <span class='ocr_line' id='line_1_75' title="bbox 1610 2943 2700 3011; baseline 0.003 -17"><span class='ocrx_word' id='word_1_416' title='bbox 1610 2960 1753 3010; x_wconf 89' lang='lat' dir='ltr'><strong>quae</strong></span> <span class='ocrx_word' id='word_1_417' title='bbox 1812 2944 1882 2994; x_wconf 84' lang='lat' dir='ltr'><strong>ad</strong></span> <span class='ocrx_word' id='word_1_418' title='bbox 1945 2959 2131 2994; x_wconf 81' lang='lat' dir='ltr'><strong>veram</strong></span> <span class='ocrx_word' id='word_1_419' title='bbox 2170 2943 2456 2995; x_wconf 86' lang='lat' dir='ltr'><strong>historiam</strong></span> <span class='ocrx_word' id='word_1_420' title='bbox 2507 2962 2700 3011; x_wconf 85' lang='lat' dir='ltr'><strong>parum</strong></span> 
     </span>
     <span class='ocr_line' id='line_1_76' title="bbox 1611 3013 2700 3079; baseline 0.002 -14"><span class='ocrx_word' id='word_1_421' title='bbox 1611 3013 1857 3065; x_wconf 81' lang='lat' dir='ltr'><strong>conferre</strong></span> <span class='ocrx_word' id='word_1_422' title='bbox 1928 3019 2151 3079; x_wconf 84' lang='lat' dir='ltr'><strong>queant.</strong></span> <span class='ocrx_word' id='word_1_423' title='bbox 2227 3015 2387 3065; x_wconf 89' lang='lat' dir='ltr'><strong>Conf.</strong></span> <span class='ocrx_word' id='word_1_424' title='bbox 2445 3016 2700 3067; x_wconf 82' lang='lat' dir='ltr'><strong>Malcolm</strong></span> 
     </span>
     <span class='ocr_line' id='line_1_77' title="bbox 1610 3083 2701 3153; baseline 0.003 -18"><span class='ocrx_word' id='word_1_425' title='bbox 1610 3084 1759 3135; x_wconf 85' lang='lat' dir='ltr'><strong>Hist.</strong></span> <span class='ocrx_word' id='word_1_426' title='bbox 1806 3085 1962 3135; x_wconf 91' lang='lat' dir='ltr'><strong>Pers.</strong></span> <span class='ocrx_word' id='word_1_427' title='bbox 1998 3085 2046 3135; x_wconf 93' lang='grc' dir='ltr'><strong>Ι.</strong></span> <span class='ocrx_word' id='word_1_428' title='bbox 2085 3100 2141 3149; x_wconf 95' lang='lat' dir='ltr'><strong>p.</strong></span> <span class='ocrx_word' id='word_1_429' title='bbox 2187 3083 2257 3136; x_wconf 82' lang='lat'><strong>32</strong></span> <span class='ocrx_word' id='word_1_430' title='bbox 2300 3099 2442 3136; x_wconf 81' lang='lat' dir='ltr'><strong>vers.</strong></span> <span class='ocrx_word' id='word_1_431' title='bbox 2490 3102 2701 3153; x_wconf 76' lang='lat' dir='ltr'><strong>germa-</strong></span> 
     </span>
     <span class='ocr_line' id='line_1_78' title="bbox 1613 3153 2699 3216; baseline 0.003 -13"><span class='ocrx_word' id='word_1_432' title='bbox 1613 3154 1743 3216; x_wconf 89' lang='lat' dir='ltr'><strong>nic.,</strong></span> <span class='ocrx_word' id='word_1_433' title='bbox 1780 3153 2096 3204; x_wconf 81' lang='lat' dir='ltr'><strong>Rawlinson</strong></span> <span class='ocrx_word' id='word_1_434' title='bbox 2128 3154 2184 3203; x_wconf 88' lang='lat' dir='ltr'><strong>in</strong></span> <span class='ocrx_word' id='word_1_435' title='bbox 2220 3155 2469 3207; x_wconf 86' lang='lat' dir='ltr'><strong>Journal.</strong></span> <span class='ocrx_word' id='word_1_436' title='bbox 2512 3157 2574 3207; x_wconf 83' lang='lat' dir='ltr'><strong>of</strong></span> <span class='ocrx_word' id='word_1_437' title='bbox 2605 3156 2699 3206; x_wconf 87' lang='lat' dir='ltr'><strong>the</strong></span> 
     </span>
     <span class='ocr_line' id='line_1_79' title="bbox 1611 3221 2699 3302; baseline 0.003 -29"><span class='ocrx_word' id='word_1_438' title='bbox 1611 3221 1767 3287; x_wconf 85' lang='lat' dir='ltr'><strong>royal</strong></span> <span class='ocrx_word' id='word_1_439' title='bbox 1815 3223 2203 3302; x_wconf 77' lang='lat' dir='ltr'><strong>geographica]</strong></span> <span class='ocrx_word' id='word_1_440' title='bbox 2260 3225 2472 3290; x_wconf 80' lang='lat' dir='ltr'><strong>society</strong></span> <span class='ocrx_word' id='word_1_441' title='bbox 2514 3227 2583 3276; x_wconf 84' lang='lat' dir='ltr'><strong>X.</strong></span> <span class='ocrx_word' id='word_1_442' title='bbox 2641 3241 2699 3290; x_wconf 89' lang='lat' dir='ltr'><strong>p.</strong></span> 
     </span>
     <span class='ocr_line' id='line_1_80' title="bbox 1615 3287 2705 3359; baseline 0.001 -16"><span class='ocrx_word' id='word_1_443' title='bbox 1615 3292 1718 3344; x_wconf 72' lang='lat'><strong>143</strong></span> <span class='ocrx_word' id='word_1_444' title='bbox 1755 3308 1871 3358; x_wconf 92' lang='lat' dir='ltr'><strong>seq.</strong></span> <span class='ocrx_word' id='word_1_445' title='bbox 1907 3287 2125 3342; x_wconf 90' lang='lat' dir='ltr'><strong>Etenim</strong></span> <span class='ocrx_word' id='word_1_446' title='bbox 2165 3294 2235 3343; x_wconf 86' lang='lat' dir='ltr'><strong>ad</strong></span> <span class='ocrx_word' id='word_1_447' title='bbox 2271 3295 2453 3357; x_wconf 73' lang='lat' dir='ltr'><strong>Cyrum</strong></span> <span class='ocrx_word' id='word_1_448' title='bbox 2485 3294 2705 3359; x_wconf 88' lang='lat' dir='ltr'><strong>potissi·</strong></span> 
     </span>
     <span class='ocr_line' id='line_1_81' title="bbox 1615 3362 2706 3426; baseline 0 -14"><span class='ocrx_word' id='word_1_449' title='bbox 1615 3378 1761 3412; x_wconf 88' lang='lat' dir='ltr'><strong>mum</strong></span> <span class='ocrx_word' id='word_1_450' title='bbox 1799 3378 1862 3412; x_wconf 88' lang='lat' dir='ltr'><strong>ea</strong></span> <span class='ocrx_word' id='word_1_451' title='bbox 1896 3362 2156 3424; x_wconf 84' lang='lat' dir='ltr'><strong>referunt,</strong></span> <span class='ocrx_word' id='word_1_452' title='bbox 2196 3377 2335 3426; x_wconf 85' lang='lat' dir='ltr'><strong>quae</strong></span> <span class='ocrx_word' id='word_1_453' title='bbox 2368 3362 2434 3412; x_wconf 90' lang='lat' dir='ltr'><strong>de</strong></span> <span class='ocrx_word' id='word_1_454' title='bbox 2468 3363 2706 3413; x_wconf 83' lang='lat' dir='ltr'><strong>celeber-</strong></span> 
     </span>
     <span class='ocr_line' id='line_1_82' title="bbox 1614 3430 2703 3496; baseline -0.003 -15"><span class='ocrx_word' id='word_1_455' title='bbox 1614 3432 1751 3481; x_wconf 87' lang='lat' dir='ltr'><strong>rimo</strong></span> <span class='ocrx_word' id='word_1_456' title='bbox 1786 3448 1943 3496; x_wconf 87' lang='lat' dir='ltr'><strong>rege,</strong></span> <span class='ocrx_word' id='word_1_457' title='bbox 1991 3431 2086 3496; x_wconf 90' lang='lat' dir='ltr'><strong>qui</strong></span> <span class='ocrx_word' id='word_1_458' title='bbox 2132 3437 2364 3481; x_wconf 78' lang='lat' dir='ltr'><strong>vocatur</strong></span> <span class='ocrx_word' id='word_1_459' title='bbox 2408 3431 2514 3482; x_wconf 82' lang='lat' dir='ltr'><strong>Kei</strong></span> <span class='ocrx_word' id='word_1_460' title='bbox 2544 3430 2703 3494; x_wconf 84' lang='lat' dir='ltr'><strong>(Kai)</strong></span> 
     </span>
     <span class='ocr_line' id='line_1_83' title="bbox 1614 3499 2705 3562; baseline -0.001 -12"><span class='ocrx_word' id='word_1_461' title='bbox 1614 3500 1851 3551; x_wconf 70' lang='lat' dir='ltr'><strong>Khosroo</strong></span> <span class='ocrx_word' id='word_1_462' title='bbox 1919 3515 1963 3549; x_wconf 88' lang='lat' dir='ltr'><strong>s.</strong></span> <span class='ocrx_word' id='word_1_463' title='bbox 2032 3499 2266 3562; x_wconf 76' lang='lat' dir='ltr'><strong>Khusru,</strong></span> <span class='ocrx_word' id='word_1_464' title='bbox 2340 3499 2398 3548; x_wconf 90' lang='lat' dir='ltr'><strong>in</strong></span> <span class='ocrx_word' id='word_1_465' title='bbox 2467 3500 2705 3549; x_wconf 85' lang='lat' dir='ltr'><strong>carmine</strong></span> 
     </span>
     <span class='ocr_line' id='line_1_84' title="bbox 1614 3568 2702 3621; baseline -0.002 -1"><span class='ocrx_word' id='word_1_466' title='bbox 1614 3568 1991 3621; x_wconf 86' lang='lat' dir='ltr'><strong>Schahnameh</strong></span> <span class='ocrx_word' id='word_1_467' title='bbox 2026 3568 2431 3618; x_wconf 84' lang='lat' dir='ltr'><strong>feruntur.1n</strong></span> <span class='ocrx_word' id='word_1_468' title='bbox 2479 3568 2702 3619; x_wconf 85' lang='lat' dir='ltr'><strong>Graecis</strong></span> 
     </span>
     <span class='ocr_line' id='line_1_85' title="bbox 1612 3637 2755 3703; baseline 0.002 -15"><span class='ocrx_word' id='word_1_469' title='bbox 1612 3639 1783 3703; x_wconf 85' lang='lat' dir='ltr'><strong>igitur</strong></span> <span class='ocrx_word' id='word_1_470' title='bbox 1827 3637 2183 3703; x_wconf 85' lang='lat' dir='ltr'><strong>scriptoribus</strong></span> <span class='ocrx_word' id='word_1_471' title='bbox 2240 3652 2340 3686; x_wconf 89' lang='lat' dir='ltr'><strong>nos</strong></span> <span class='ocrx_word' id='word_1_472' title='bbox 2400 3639 2703 3688; x_wconf 89' lang='lat' dir='ltr'><strong>continebi-</strong></span> <span class='ocrx_word' id='word_1_473' title='bbox 2734 3685 2755 3692; x_wconf 84' lang='lat'><strong>-</strong></span> 
     </span>
     <span class='ocr_line' id='line_1_86' title="bbox 1613 3707 2701 3772; baseline 0 -14"><span class='ocrx_word' id='word_1_474' title='bbox 1613 3723 1752 3770; x_wconf 87' lang='lat' dir='ltr'><strong>mus,</strong></span> <span class='ocrx_word' id='word_1_475' title='bbox 1787 3707 1932 3756; x_wconf 91' lang='lat' dir='ltr'><strong>inter</strong></span> <span class='ocrx_word' id='word_1_476' title='bbox 1973 3722 2108 3772; x_wconf 89' lang='lat' dir='ltr'><strong>quos</strong></span> <span class='ocrx_word' id='word_1_477' title='bbox 2142 3707 2432 3772; x_wconf 87' lang='lat' dir='ltr'><strong>praecipue</strong></span> <span class='ocrx_word' id='word_1_478' title='bbox 2466 3724 2569 3758; x_wconf 87' lang='lat' dir='ltr'><strong>nos</strong></span> <span class='ocrx_word' id='word_1_479' title='bbox 2608 3707 2701 3758; x_wconf 85' lang='lat' dir='ltr'><strong>ad-</strong></span> 
     </span>
     <span class='ocr_line' id='line_1_87' title="bbox 1612 3776 2700 3842; baseline 0.001 -15"><span class='ocrx_word' id='word_1_480' title='bbox 1612 3781 1794 3827; x_wconf 86' lang='lat' dir='ltr'><strong>vertet</strong></span> <span class='ocrx_word' id='word_1_481' title='bbox 1838 3776 2082 3838; x_wconf 89' lang='lat' dir='ltr'><strong>Ctesias,</strong></span> <span class='ocrx_word' id='word_1_482' title='bbox 2129 3777 2222 3841; x_wconf 88' lang='lat' dir='ltr'><strong>qui</strong></span> <span class='ocrx_word' id='word_1_483' title='bbox 2264 3776 2430 3827; x_wconf 87' lang='lat' dir='ltr'><strong>aliam</strong></span> <span class='ocrx_word' id='word_1_484' title='bbox 2478 3792 2700 3842; x_wconf 84' lang='lat' dir='ltr'><strong>prorsus</strong></span> 
     </span>
     <span class='ocr_line' id='line_1_88' title="bbox 1613 3844 2700 3913; baseline 0.002 -16"><span class='ocrx_word' id='word_1_485' title='bbox 1613 3847 1757 3897; x_wconf 86' lang='lat' dir='ltr'><strong>viam</strong></span> <span class='ocrx_word' id='word_1_486' title='bbox 1796 3846 2075 3911; x_wconf 81' lang='lat' dir='ltr'><strong>ingressus</strong></span> <span class='ocrx_word' id='word_1_487' title='bbox 2121 3844 2325 3896; x_wconf 88' lang='lat' dir='ltr'><strong>nullam</strong></span> <span class='ocrx_word' id='word_1_488' title='bbox 2360 3845 2522 3911; x_wconf 90' lang='lat' dir='ltr'><strong>plane</strong></span> <span class='ocrx_word' id='word_1_489' title='bbox 2557 3847 2700 3913; x_wconf 87' lang='lat' dir='ltr'><strong>Cyro</strong></span> 
     </span>
     <span class='ocr_line' id='line_1_89' title="bbox 1615 3915 2703 3981; baseline -0.001 -14"><span class='ocrx_word' id='word_1_490' title='bbox 1615 3933 1736 3967; x_wconf 90' lang='lat' dir='ltr'><strong>cum</strong></span> <span class='ocrx_word' id='word_1_491' title='bbox 1784 3917 2029 3981; x_wconf 83' lang='lat' dir='ltr'><strong>Astyage</strong></span> <span class='ocrx_word' id='word_1_492' title='bbox 2069 3915 2260 3965; x_wconf 87' lang='lat' dir='ltr'><strong>scribit</strong></span> <span class='ocrx_word' id='word_1_493' title='bbox 2308 3916 2480 3967; x_wconf 85' lang='lat' dir='ltr'><strong>fuisse</strong></span> <span class='ocrx_word' id='word_1_494' title='bbox 2524 3917 2703 3968; x_wconf 83' lang='lat' dir='ltr'><strong>affini-</strong></span> 
     </span>
     <span class='ocr_line' id='line_1_90' title="bbox 1616 3985 2702 4050; baseline 0 -13"><span class='ocrx_word' id='word_1_495' title='bbox 1616 3991 1812 4046; x_wconf 89' lang='lat' dir='ltr'><strong>tatem;</strong></span> <span class='ocrx_word' id='word_1_496' title='bbox 1851 3986 2005 4036; x_wconf 89' lang='lat' dir='ltr'><strong>cuius</strong></span> <span class='ocrx_word' id='word_1_497' title='bbox 2025 3985 2309 4050; x_wconf 87' lang='lat' dir='ltr'><strong>scriptoris</strong></span> <span class='ocrx_word' id='word_1_498' title='bbox 2332 3988 2702 4038; x_wconf 87' lang='lat' dir='ltr'><strong>testimonium</strong></span> 
     </span>
     <span class='ocr_line' id='line_1_91' title="bbox 1617 4055 2706 4122; baseline -0.001 -16"><span class='ocrx_word' id='word_1_499' title='bbox 1617 4072 1681 4106; x_wconf 92' lang='lat' dir='ltr'><strong>eo</strong></span> <span class='ocrx_word' id='word_1_500' title='bbox 1719 4055 1942 4120; x_wconf 81' lang='lat' dir='ltr'><strong>gravius</strong></span> <span class='ocrx_word' id='word_1_501' title='bbox 1977 4056 2152 4106; x_wconf 82' lang='lat' dir='ltr'><strong>videri</strong></span> <span class='ocrx_word' id='word_1_502' title='bbox 2188 4055 2367 4118; x_wconf 89' lang='lat' dir='ltr'><strong>debet,</strong></span> <span class='ocrx_word' id='word_1_503' title='bbox 2397 4073 2504 4122; x_wconf 90' lang='lat' dir='ltr'><strong>quo</strong></span> <span class='ocrx_word' id='word_1_504' title='bbox 2539 4057 2706 4122; x_wconf 77' lang='lat' dir='ltr'><strong>reg-iis</strong></span> 
     </span>
     <span class='ocr_line' id='line_1_92' title="bbox 1616 4126 2705 4177; baseline 0 -1"><span class='ocrx_word' id='word_1_505' title='bbox 1616 4127 1905 4176; x_wconf 87' lang='lat' dir='ltr'><strong>Persarum</strong></span> <span class='ocrx_word' id='word_1_506' title='bbox 1931 4143 1961 4176; x_wconf 90' lang='lat' dir='ltr'><strong>e</strong></span> <span class='ocrx_word' id='word_1_507' title='bbox 1992 4126 2318 4176; x_wconf 84' lang='lat' dir='ltr'><strong>membranis</strong></span> <span class='ocrx_word' id='word_1_508' title='bbox 2352 4126 2502 4177; x_wconf 89' lang='lat' dir='ltr'><strong>illum</strong></span> <span class='ocrx_word' id='word_1_509' title='bbox 2537 4128 2705 4177; x_wconf 88' lang='lat' dir='ltr'><strong>histo-</strong></span> 
     </span>
     <span class='ocr_line' id='line_1_93' title="bbox 1617 4195 2704 4261; baseline -0.001 -15"><span class='ocrx_word' id='word_1_510' title='bbox 1617 4195 1754 4246; x_wconf 86' lang='lat' dir='ltr'><strong>riam</strong></span> <span class='ocrx_word' id='word_1_511' title='bbox 1790 4211 1944 4245; x_wconf 87' lang='lat' dir='ltr'><strong>suam</strong></span> <span class='ocrx_word' id='word_1_512' title='bbox 1984 4196 2329 4246; x_wconf 81' lang='lat' dir='ltr'><strong>contexuisse</strong></span> <span class='ocrx_word' id='word_1_513' title='bbox 2377 4199 2704 4261; x_wconf 85' lang='lat' dir='ltr'><strong>accepimus,</strong></span> 
     </span>
     <span class='ocr_line' id='line_1_94' title="bbox 1620 4265 2708 4331; baseline -0.001 -15"><span class='ocrx_word' id='word_1_514' title='bbox 1620 4282 1720 4316; x_wconf 87' lang='lat' dir='ltr'><strong>nec</strong></span> <span class='ocrx_word' id='word_1_515' title='bbox 1756 4266 1933 4315; x_wconf 91' lang='lat' dir='ltr'><strong>minus</strong></span> <span class='ocrx_word' id='word_1_516' title='bbox 1964 4270 2197 4329; x_wconf 87' lang='lat' dir='ltr'><strong>constat,</strong></span> <span class='ocrx_word' id='word_1_517' title='bbox 2244 4265 2487 4331; x_wconf 73' lang='lat' dir='ltr'><strong>singulos</strong></span> <span class='ocrx_word' id='word_1_518' title='bbox 2536 4266 2708 4315; x_wconf 87' lang='lat' dir='ltr'><strong>Hero-</strong></span> 
     </span>
     <span class='ocr_line' id='line_1_95' title="bbox 1622 4333 2704 4385; baseline 0.001 -2"><span class='ocrx_word' id='word_1_519' title='bbox 1622 4334 1737 4385; x_wconf 86' lang='lat' dir='ltr'><strong>doti</strong></span> <span class='ocrx_word' id='word_1_520' title='bbox 1774 4351 1982 4385; x_wconf 87' lang='lat' dir='ltr'><strong>errores</strong></span> <span class='ocrx_word' id='word_1_521' title='bbox 2034 4334 2186 4384; x_wconf 86' lang='lat' dir='ltr'><strong>illum</strong></span> <span class='ocrx_word' id='word_1_522' title='bbox 2236 4335 2341 4383; x_wconf 88' lang='lat' dir='ltr'><strong>sibi</strong></span> <span class='ocrx_word' id='word_1_523' title='bbox 2385 4333 2704 4385; x_wconf 84' lang='lat' dir='ltr'><strong>refutandos</strong></span> 
     </span>
     <span class='ocr_line' id='line_1_96' title="bbox 1621 4403 2706 4469; baseline 0 -14"><span class='ocrx_word' id='word_1_524' title='bbox 1621 4404 1899 4456; x_wconf 85' lang='lat' dir='ltr'><strong>sumsisse.</strong></span> <span class='ocrx_word' id='word_1_525' title='bbox 1964 4403 2091 4454; x_wconf 83' lang='lat' dir='ltr'><strong>vid.</strong></span> <span class='ocrx_word' id='word_1_526' title='bbox 2146 4403 2366 4455; x_wconf 80' lang='lat' dir='ltr'><strong>Ctesias</strong></span> <span class='ocrx_word' id='word_1_527' title='bbox 2419 4403 2706 4469; x_wconf 85' lang='lat' dir='ltr'><strong>Excerptt.</strong></span> 
     </span>
    </p>
   </div>
  </div>
 </body>
</html>
