3109 5092
1256 380 1419 449 CLI
1435 380 1513 445 O.
1554 383 1606 442 I.
1652 390 1704 445 9.
2542 382 2624 444 25

340 554 700 644 ,,εκδύεται
738 558 851 625 καὶ
886 553 1011 645 τὴν
1045 561 1219 625 αι’διὸ
1257 556 1453 646 γυνή.
1510 557 1717 627 πάλαι
1753 554 1829 624 δὲ
1872 552 1955 623 τὰ
1989 553 2158 625 καλὰ
2201 552 2628 648 ἀνθρώποισι

341 662 770 751 ,,ἐξεύρηται,
829 663 905 731 ἐκ
954 665 1092 729 τῶν
1139 659 1525 748 μανθάνειν
1578 668 1716 730 δεῖ·
1785 663 1862 728 ἐν
1911 676 2084 730 τοῖσι
2138 664 2213 729 ἓν
2259 662 2413 733 τόδε
2465 666 2625 751 ἐστὶ,

344 769 707 851 „eumdem
732 761 886 835 τινὰ
919 762 1001 833 τὰ
1036 766 1312 835 ἑωυτοῦ.
1371 762 1502 852 ἐγώ
1528 766 1603 834 δὲ
1632 771 1954 853 πείθομαι
1989 767 2258 852 ἐκείνην
2285 766 2459 838 εἶναι
2495 795 2623 839 ara-⁴

345 874 568 956 ,,σε’ων
598 872 951 959 γυναικοῖν
988 876 1382 956 καλλίστην·
1445 875 1564 938 καί
1591 891 1707 940 σεο
1751 867 1986 957 δέομαι
2027 866 2118 957 μὴ
2153 870 2430 941 δέεσθαι
2467 870 2625 943 ἀνό-

345 978 608 1064 ,,μων.“
672 969 745 1041 ‘0
785 972 911 1061 μὲν
948 970 1031 1062 δὴ
1069 975 1289 1060 λέγων
1321 977 1598 1043 τοιαῦτα
1631 970 2040 1061 ἀπεμάχετο,
2087 969 2485 1062 ἆρῤωδέων,
2532 977 2678 1067 μή9

346 1086 414 1148 τί
450 1083 518 1147 οἱ
558 1081 624 1162 ἐξ
663 1072 891 1146 αὐτῶν
924 1077 1196 1165 γένηται
1234 1076 1461 1147 κακόν.
1528 1072 1602 1146 ‘0
1640 1076 1715 1146 δὲ
1743 1073 2054 1165 ἀμείβετο
2082 1082 2340 1147 τοῖσδε·
2395 1082 2623 1169 „8029-

353 1204 531 1267 ,,σει,
578 1181 802 1269 Γύγη,
843 1182 956 1251 καὶ
991 1178 1081 1270 μὴ
1111 1186 1331 1270 φοβεῦ
1356 1180 1520 1270 μήτε
1549 1182 1700 1271 ἐμὲ,
1736 1177 1827 1261 οἷς
1860 1203 1976 1250 σεο
2005 1180 2417 1270 πειρώμενος
2453 1186 2626 1272 λέγω

350 1284 595 1374 ,,λόγον
634 1283 867 1370 τόνδε,
923 1284 1089 1375 μήτε
1134 1299 1424 1372 γυναῖκα
1470 1283 1598 1374 τὴν
1652 1283 1853 1373 ἐμὴν,
1909 1281 2002 1375 μή
2046 1291 2119 1354 τί
2159 1313 2261 1355 τοι
2310 1290 2377 1369 ἐξ
2422 1285 2631 1378 αὐτῆς

346 1521 392 1557 s.
428 1504 622 1554 tunica
658 1504 953 1554 manicata.
985 1504 1138 1556 Citat
1159 1504 1257 1557 Cr.
1270 1507 1433 1556 Boet-

345 1577 506 1639 tiger.
539 1573 978 1638 Vasengemfflde
1022 1575 1070 1627 1.
1107 1592 1162 1639 p.
1198 1574 1286 1626 92.
1346 1576 1433 1625 Tu

345 1645 459 1695 vid.
493 1648 636 1695 nott.
677 1644 746 1693 ad
780 1643 1048 1722 ῌοιοᾶοῐ.
1084 1645 1152 1707 V,
1186 1644 1274 1696 87.

415 1704 591 1764 πάλαι
643 1706 707 1762 δὲ
760 1706 831 1762 τὰ
887 1706 1030 1762 καλὰ
1079 1745 1148 1754 —
1195 1712 1312 1795 δεῖ]
1347 1716 1432 1766 Ex

343 1784 669 1835 traiectione
702 1783 1036 1846 Herodotea,
1063 1800 1173 1864 qua
1203 1776 1272 1833 τὰ
1291 1777 1438 1834 καλὰ

342 1854 563 1918 proprie
585 1852 858 1917 pertineat
884 1853 953 1903 ad
973 1822 1298 1912 μανθάνειν
1326 1852 1433 1917 δεῖ,

344 1922 734 1987 Wyttenbach.
786 1923 856 1973 dn
910 1921 1134 1974 Selectt.
1191 1924 1322 1975 hist.
1375 1940 1431 1988 p.

344 1994 449 2045 345
484 1993 622 2043 haec
655 1992 824 2043 verba
870 1994 952 2043 sie
989 1993 1308 2059 accipienda
1343 1994 1436 2044 do-

344 2068 460 2113 cet:
504 2066 640 2125 „iam
666 2066 940 2127 antiquitus
968 2065 1102 2114 inter
1119 2064 1338 2115 homines
1373 2080 1436 2114 ea

344 2138 543 2186 inventa
576 2136 938 2198 eonstitzaaque
971 2142 1113 2195 sunt,
1151 2150 1222 2183 ex
1262 2134 1438 2199 quibus

346 2204 470 2268 quid
494 2203 642 2265 sactu
682 2203 939 2253 honestvm»
978 2206 1070 2263 sit,
1116 2204 1315 2254 discere
1350 2204 1436 2254 de-

346 2274 531 2325 bemus
539 2272 575 2299 ‘⁴
644 2271 815 2322 Addit
862 2274 954 2325 Cr.
1007 2272 1199 2323 eodem
1252 2288 1435 2333 sensu,

348 2356 456 2408 quo
500 2341 589 2391 hic
631 2334 699 2390 τὰ
743 2333 888 2391 καλὰ
939 2341 1199 2405 (honesta,
1245 2340 1434 2406 proba)

348 2412 495 2477 apud
514 2411 810 2461 Homerum
840 2411 1043 2490 Odyss.
1078 2413 1286 2476 XVIII,
1313 2412 1435 2463 229.

346 2483 468 2543 XX,
528 2480 632 2532 310
689 2470 896 2544 ἐσθλα,
959 2489 1124 2548 atque
1179 2481 1436 2533 Eustath.

348 2552 421 2602 ad
453 2551 689 2616 priorem
728 2550 983 2616 loeump.
1007 2551 1128 2614 666,
1157 2551 1243 2605 34.
1284 2552 1440 2603 Idem

348 2625 448 2674 Gr.
502 2620 758 2671 admonet
800 2621 1058 2672 Eustath.
1114 2622 1184 2671 ad
1234 2622 1436 2687 Odyss.

346 2692 469 2753 XX,
493 2687 618 2742 293.
656 2706 711 2753 p.
732 2690 852 2771 7353
887 2689 955 2742 36
990 2691 1075 2743 ed.
1112 2691 1306 2751 Basil„
1342 2691 1439 2741 ubi

349 2762 419 2811 de
455 2759 727 2824 particula
769 2728 944 2809 mik-m.
981 2760 1224 2825 disputat
1272 2761 1441 2811 abun-

349 2832 548 2881 danter
580 2829 739 2893 quasi
776 2845 810 2879 a
844 2831 1122 2880 veteribus
1154 2835 1437 2896 usurpata,

350 2898 801 2966 quemadmodum
836 2894 989 2948 ποτέ.
1051 2900 1159 2950 Sed
1195 2903 1441 2964 praestat

348 2972 408 3020 in
468 2968 780 3019 Herodoteo
825 2968 964 3030 loce,
1009 2969 1057 3019 si
1091 2969 1222 3033 quid
1257 2970 1436 3032 video,

349 3031 529 3089 πάλαι
565 3037 861 3103 explicare:
897 3040 995 3087 iam
1016 3038 1213 3097 dudum,
1237 3043 1297 3089 ut
1325 3040 1440 3089 fere

346 3111 409 3160 in
456 3108 725 3159 consimili
765 3107 972 3157 Plotini
1016 3106 1138 3159 loco
1181 3108 1438 3187 Enn.11‚

346 3180 449 3230 lib.
490 3177 545 3229 9.
584 3194 633 3228 c.
662 3179 746 3228 15.
842 3176 1053 3227 21:31³:
1088 3172 1185 3226 καὶ
1221 3170 1441 3233 πάντας

347 3240 579 3327 νόμους
593 3238 729 3304 τοὺς
763 3193 854 3296 {vt
856 3243 1018 3296 αὗθα
1045 3236 1321 3310 ἀτιμάσας
1345 3241 1441 3295 καὶ

345 3310 482 3381 τὴν
545 3306 805 3392 αρετὴν
834 3307 991 3395 τὴν
1045 3307 1112 3364 ἐκ
1172 3307 1440 3372 παντὸς

346 3373 989 3504 ὀσῖοῇἒὲιζρὲνῖνὲἔ
1000 3380 1349 3520 ⁰533&ss
1389 3470 1438 3505 e

341 3542 444 3577 sua
480 3538 715 3589 quemque
750 3523 934 3573 debere
975 3524 1225 3586 inspicere
1276 3540 1321 3575 s.
1358 3538 1442 3573 eu-

342 3610 492 3646 rare.
528 3593 745 3653 Mone0‚
771 3608 839 3642 ne
869 3592 991 3658 quis
1024 3592 1441 3657 praeferendum

345 3666 575 3716 censeat
594 3653 913 3725 σκοπεύειν,
930 3662 1073 3727 quod
1094 3661 1222 3711 olim
1234 3666 1442 3713 textum

349 3737 676 3797 occuparat.

421 3816 548 3867 καί
579 3829 673 3866 σεο
704 3811 906 3880 δέομαι
935 3807 1012 3880 μὴ
1044 3813 1280 3869 δέεσθαι
1307 3805 1443 3864 ανό-

345 3886 494 3953 μων]
518 3886 671 3937 Idem
694 3887 918 3937 verbum
954 3886 1039 3936 bis
1075 3886 1313 3951 positum
1336 3900 1443 3934 non

324 3959 471 4009 sine
508 3955 741 4021 quadam
779 3955 852 4013 vi,
883 3970 1209 4020 quamquam
1242 3954 1446 4021 signifi-

345 4028 572 4078 catione
606 4023 855 4076 nonnihil
889 4023 1128 4076 diversa.
1160 4025 1265 4074 Est
1303 4024 1444 4074 enim

342 4095 519 4163 priori
568 4093 715 4145 loco:
772 4109 988 4158 rogare,
1037 4099 1099 4143 ut
1145 4093 1281 4143 alias
1341 4093 1445 4142 fre·

342 4165 721 4232 quentissime,
762 4162 1020 4213 adiuncto
1058 4163 1329 4229 genitivo3
1369 4160 1444 4212 al-

343 4244 466 4287 tero
512 4234 635 4285 loeo
681 4237 797 4284 est:
843 4248 1126 4298 quaerere,
1174 4248 1444 4283 arcessere

338 4303 563 4371 aliquid
599 4304 812 4354 studere
852 4304 1006 4352 alicui
1055 4306 1148 4353 νει·
1225 4302 1443 4351 Monuit

335 4373 739 4439 WVyttenbach.
787 4369 828 4421 l.
877 4369 915 4422 l.
965 4387 1020 4436 p.
1063 4371 1165 4423 345
1203 4387 1286 4436 sq.
1327 4369 1442 4420 lau·

337 4445 480 4495 dans
544 4442 750 4493 similes
801 4439 952 4492 locos
1012 4439 1279 4493 Herodoti
1330 4440 1439 4502 ΙΙΙ,

1534 1507 1624 1558 44.
1680 1504 2056 1571 Xenophontis
2110 1505 2514 1573 Cyropaed.1,
2573 1512 2625 1573 4,

1537 1578 1623 1628 12.
1650 1578 1796 1627 Hinc
1824 1593 1945 1628 cum
1979 1576 2074 1627 illo
2102 1582 2316 1629 vertere
2350 1584 2624 1644 praestat.

1488 1684 1495 1689 .
1532 1647 1648 1711 „Et
1682 1646 1889 1697 obsecro
1926 1654 2001 1707 te,
2048 1662 2112 1697 ne
2155 1663 2380 1713 quaeras
2427 1648 2628 1700 inhone-

1532 1684 1654 1767 ista!
1660 1717 1882 1781 ‘Diony
1884 1733 1930 1767 e.
1953 1715 2235 1768 Halicarn.
2266 1716 2303 1770 l.
2336 1718 2371 1769 l.
2398 1718 2629 1770 alterum

1534 1782 1774 1835 δέεσθαι
1833 1786 2072 1836 reddidit
2121 1780 2345 1852 χρῄζειν
2404 1789 2630 1853 eiusque

1535 1872 1757 1907 sensum
1824 1856 1964 1906 bene
2020 1862 2308 1907 assecutus
2371 1862 2456 1907 est
2514 1860 2629 1908 eius

1535 1928 1803 1991 interpres
1841 1926 2104 1975 Latinusz
2155 1932 2358 1992 „teque
2405 1943 2526 1991 oro,
2562 1944 2629 1979 ne

1537 1995 1737 2046 illicita
1771 2011 1806 2046 a
1838 2011 1924 2045 me
1960 1995 2212 2060 exigasf‘

1957 2166 2090 2221 CAP.
2127 2169 2225 2220 IX.

1609 2261 1950 2338 αρὅδὲων,
2000 2263 2079 2337 μή
2122 2270 2184 2323 τί
2228 2267 2291 2322 οἷ
2332 2263 2389 2335 ἐξ
2437 2265 2631 2325 αὐτῶν

1538 2338 1769 2406 γένηται
1805 2336 2010 2409 κακόν]
2047 2345 2184 2393 Post
2232 2334 2541 2408 ἆόᾶωδέων
2573 2346 2630 2394 ἰιι

1538 2411 1852 2477 Etymolog.
1887 2429 2071 2478 magn.
2108 2429 2159 2477 p.
2189 2414 2310 2475 633,
2346 2413 2416 2464 43
2453 2420 2508 2464 et
2532 2417 2632 2465 Zo-

1537 2498 1657 2533 nar.
1702 2498 1757 2547 p.
1805 2484 1941 2534 1472
1986 2482 2208 2533 additur
2259 2475 2368 2546 τὴν
2415 2479 2630 2549 ψυχήν,

1541 2552 1687 2618 quod
1744 2568 1778 2601 a
1832 2552 1988 2603 libris
2055 2551 2388 2603 Herodoteis
2451 2555 2629 2604 abest.

1542 2621 1768 2672 Confert
1822 2623 1918 2672 Cr.
1984 2621 2239 2671 Eustath.
2299 2621 2369 2671 ad
2429 2623 2631 2685 Odysm.

1540 2692 1673 2742 XIX
1710 2706 1764 2754 p.
1803 2692 1925 2753 705,
1976 2690 2042 2740 16
2085 2705 2203 2754 sqq.
2253 2694 2419 2754 atque
2466 2692 2632 2741 Hein-

1543 2760 1686 2811 dorf.
1723 2759 1794 2809 ad
1823 2759 2042 2811 Platon.
2063 2761 2288 2825 Protag.
2320 2775 2375 2824 p.
2403 2761 2499 2811 501
2526 2777 2630 2826 sq„

1543 2831 1635 2896 qui
1688 2828 1792 2879 hoe
1838 2828 1958 2880 loeo
2017 2829 2219 2893 utitur,
2280 2844 2386 2895 quo
2443 2834 2634 2881 contra

1540 2899 1786 2950 Dawesii
1872 2914 2136 2950 canonem
2227 2900 2631 2951 coniunctivam

1543 2967 1816 3033 (γένηται)
1863 2970 1920 3019 ἰιι
1955 2969 2039 3019 his
2085 2975 2235 3019 stare
2278 2986 2442 3036 posse
2489 2988 2633 3021 eom-

1541 3044 1827 3090 monstret.
1930 3040 2015 3090 Tu
2089 3040 2215 3088 vide
2284 3056 2428 3090 nunc
2497 3041 2635 3091 haee

1542 3114 1818 3163 accurate.
1834 3113 2163 3159 tractantem
2184 3109 2500 3160 Baeumlein
2522 3111 2635 3162 Un-

1542 3175 1781 3229 tersueh.
1835 3179 1970 3229 iiber
2021 3177 2074 3229 d.
2123 3179 2340 3231 Griech.
2385 3180 2535 3231 Mod.
2575 3196 2631 3245 p.

1542 3247 1647 3299 196
1679 3264 1795 3313 seq.

1616 3321 1693 3388 ὥς
1737 3346 1831 3382 σεο
1878 3323 2228 3396 πειρώμενος
2270 3328 2409 3395 λέγω
2463 3323 2635 3396 λόγον

1542 3394 1732 3467 τόνδε]
1773 3403 1896 3453 Non
1926 3402 2106 3464 video,
2148 3417 2243 3451 cur
2276 3401 2529 3451 recedam
2565 3401 2636 3450 ab

1542 3473 1646 3523 hae
1695 3472 1931 3522 lectione
1984 3470 2257 3521 nonnullis
2309 3470 2464 3520 libris
2516 3485 2638 3533 pro-

1542 3543 1694 3592 bata.
1731 3542 1847 3592 Nee
1883 3541 2025 3591 enim
2060 3539 2268 3617 placet,
2321 3539 2465 3603 qnod
2505 3539 2638 3589 Gro-

1543 3612 1740 3661 novius
1805 3609 1977 3659 edidit
2044 3620 2427 3671 πειρωμενον
2497 3605 2635 3671 λέγω

1543 3672 1736 3743 λόγον,
1777 3694 1878 3729 nee
1923 3676 2067 3743 quod
2115 3676 2322 3740 Gaisf„
2370 3677 2638 3742 probante

1546 3748 1816 3799 Matthiae
1874 3763 1939 3798 ac
1985 3746 2232 3811 Stegem,
2282 3762 2312 3799 e
2360 3746 2639 3798 Sanerofti

1548 3818 1736 3870 codiee
1774 3815 1942 3883 (vulg.
1971 3815 2159 3897 ΑνεΙι.)
2199 3817 2393 3867 edidit:
2435 3832 2513 3874 ως
2543 3830 2637 3867 σεο

1547 3880 1934 3952 πειρώμενον
1990 3879 2163 3951 λόγον
2233 3878 2420 3937 τόνδε.
2497 3888 2639 3938 Nem

1546 3970 1737 4008 vocem
1773 3953 1942 4020 λέγω,
1981 3973 2142 4023 quam
2179 3972 2245 4007 ex
2290 3956 2478 4022 glossa
2510 3958 2640 4008 irre-

1546 4028 1725 4093 psisse
1767 4026 1989 4089 volunt,
2049 4027 2186 4077 satis
2233 4029 2377 4076 tueri
2423 4025 2641 4077 videtur

1547 4098 1773 4162 eopiosa
1831 4096 2102 4148 Herodoti
2158 4097 2334 4146 oratio
2395 4095 2640 4161 adeoque

1546 4167 1888 4217 concinnitas
1941 4165 2208 4231 quaedam
2243 4181 2366 4215 cum
2409 4181 2637 4230 sequen-

1544 4237 1711 4289 tibus„
1745 4238 1818 4286 Et
1847 4236 2132 4287 confirmat
2166 4250 2380 4300 quoque
2407 4235 2639 4299 Dionys.

1545 4304 1671 4357 1.1.
1733 4322 1786 4370 p.
1834 4307 1923 4357 44.
1987 4296 2193 4371 βλαβος
2246 4304 2449 4355 Noster
2503 4304 2641 4353 dixit

1545 4374 1720 4424 forma
1746 4375 1922 4440 magis
1949 4375 2166 4439 poetica
2189 4388 2322 4424 usus
2358 4388 2457 4436 pro
2490 4372 2638 4438 vulg.

1543 4436 1741 4509 βλάβη.
1782 4444 1946 4495 Conf.
1979 4441 2216 4494 BredoV.
2253 4458 2307 4506 p.
2347 4442 2436 4492 54.
