3109 5092
444 329 568 397 348

1318 326 1862 391 HERODOTI

446 504 707 577 στάδιοι
743 510 860 594 τῆς
902 502 1226 593 περιόδου
1270 507 1388 592 τῆς
1427 501 1657 581 πόλιος
1697 504 2000 588 γίνονται
2043 499 2468 585 συνάπαντες
2501 503 2720 594 ὀγδό-

447 637 653 681 κοντα
680 612 793 679 καὶ
820 608 1256 696 τετρακόσιοι.
1323 604 1399 677 τὸ
1436 606 1562 696 μέν
1589 634 1722 675 νυν
1757 602 2060 694 μέγαθος
2085 607 2407 679 τοσοῦτόν
2436 612 2575 681 ἐστι
2600 617 2723 681 τοῦ

445 712 678 794 ἄστεος
720 719 842 782 τοῦ
885 717 1349 801 Βαβυλωνίου.
1433 707 1834 797 ἐκεκόσμητο
1881 709 1956 778 δὲ
2006 705 2097 790 ὥς
2141 706 2348 781 οὐδὲν
2388 709 2552 783 ἄλλο
2595 714 2718 785 πό-

441 924 672 969 trecenta
694 917 972 980 sea-affinia
994 919 1204 965 tantum
1243 914 1399 978 ponit
1423 917 1533 964 sta-

442 987 560 1048 dia,
590 991 734 1037 teste
752 984 997 1040 Diodoro
1027 985 1103 1048 11,
1128 987 1177 1047 7,
1204 983 1531 1045 Clitarchus,

441 1058 643 1122 aliique
695 1062 927 1107 trecenta
974 1058 1251 1120 seaeaffl‘nta
1300 1058 1531 1120 quinque.

362 1120 374 1132 ⁸
446 1134 502 1178 et
543 1126 789 1193 quidem,
843 1129 907 1175 ut
953 1123 1097 1174 idem
1132 1123 1406 1174 Diodorus
1453 1138 1534 1173 re·-

445 1199 579 1259 fert‚
616 1211 682 1246 ea
719 1195 787 1245 de
809 1209 995 1256 causa,
1020 1197 1083 1242 ut
1113 1193 1414 1244 stadiorum
1437 1208 1533 1243 nn-

443 1282 623 1318 merus
666 1265 981 1314 conveniret
1016 1279 1136 1314 cum
1163 1264 1292 1313 anni
1324 1264 1531 1313 dierum

444 1350 685 1386 numero.
708 1334 845 1384 Inde
866 1332 1091 1383 eundem
1110 1348 1388 1383 numerum
1407 1348 1538 1394 quo-

447 1422 577 1539 quep
587 1404 772 1469 prodit
806 1402 1004 1453 Strabo
1035 1403 1185 1452 XVI.
1218 1419 1271 1465 p.
1312 1402 1448 1453 1072
1470 1404 1536 1454 B.

449 1491 495 1526 s.
643 1473 776 1530 738,
834 1472 1008 1521 tribus
1066 1472 1261 1522 stadiis
1314 1477 1535 1523 auctum

449 1491 695 1594 Curtiuse
754 1541 839 1591 De
893 1541 1010 1591 reb.
1070 1546 1214 1607 gest.
1265 1541 1421 1593 Alex.
1467 1542 1535 1604 V,

448 1615 497 1664 1.
559 1612 608 1674 §-
666 1611 760 1668 14
813 1611 984 1661 totius
1046 1613 1222 1676 operis
1275 1613 1537 1663 ambitum

449 1680 827 1734 CCCLXVIII
869 1681 1052 1732 stadia
1087 1680 1374 1744 complecti
1408 1682 1537 1732 scri-

446 1753 603 1804 bens.
675 1753 761 1801 Tu
795 1750 906 1803 vid.
924 1789 938 1814 ‚
993 1766 1133 1816 quae
1169 1752 1433 1803 adnotavi
1469 1751 1535 1802 de

447 1823 532 1873 his
568 1822 639 1874 ad
667 1821 889 1873 Ctesiae
923 1821 1232 1884 fragmenta
1265 1837 1395 1887 pag.
1433 1821 1530 1872 -101

449 1909 563 1957 seq.
603 1892 727 1942 coll.
763 1906 891 1956 pag.
930 1890 1035 1943 396
1068 1907 1204 1955 seq„
1240 1892 1336 1941 nbi
1371 1892 1538 1941 etiam

450 1963 768 2014 recentioris
828 1962 1028 2012 aetatis
1084 1962 1231 2012 viros
1295 1960 1538 2011 indicavi

450 2033 641 2084 doctos
659 2043 690 2094 ‚·
727 2031 818 2095 qui
854 2030 1101 2081 diversas
1137 2034 1383 2082 veterum
1419 2045 1539 2080 sen-

449 2102 654 2151 tentias
685 2114 867 2151 secum
892 2099 1187 2151 conciliare
1209 2099 1535 2149 studuerint.

452 2171 591 2222 Sunt
636 2169 729 2233 qui
778 2184 843 2218 ex
884 2184 1169 2220 mensurae
1218 2168 1541 2219 diversitate

453 2240 725 2290 diversum
769 2253 984 2302 qnoque
1018 2240 1319 2290 stadiorum
1356 2254 1538 2290 nume-

452 2326 570 2360 rum
606 2307 867 2373 explicari
905 2323 1068 2373 posse
1108 2309 1365 2366 credant,
1418 2323 1539 2358 cnm

453 2379 674 2430 Ctesiae
718 2377 904 2428 stadia
948 2378 1277 2428 Herodoteis
1338 2378 1541 2428 fuerint

452 2449 662 2499 maiora
695 2447 928 2512 indeque
960 2448 1126 2498 etiam
1160 2463 1382 2504 numero
1411 2463 1542 2512 pau·

454 2519 630 2581 ciera,
675 2518 940 2583 quamvis
999 2533 1162 2582 unam
1206 2519 1542 2579 eandemque

453 2589 603 2640 urbis
628 2586 1036 2654 amplitudinem
1055 2586 1411 2639 declarantia.
1432 2587 1542 2638 He-

455 2658 705 2709 rodotum
752 2659 893 2708 euim
941 2656 1043 2722 (ita
1085 2663 1211 2717 post
1247 2658 1384 2709 alios
1431 2661 1542 2706 sta-

453 2730 561 2778 tuit
604 2729 690 2778 vir
735 2728 929 2778 doctus
976 2728 1034 2778 in
1076 2727 1374 2779 Recherch.
1409 2742 1544 2776 nou-

454 2796 582 2849 vell.
628 2814 723 2848 sur
756 2796 928 2848 l'hist.
978 2799 1191 2848 ancien.
1237 2798 1344 2847 111.
1380 2812 1434 2860 p.
1475 2796 1542 2846 56

350 2887 353 2892 ·
456 2866 597 2930 seq.)
649 2867 802 2931 loqui
857 2866 922 2916 de
970 2867 1165 2916 stadiis
1211 2866 1540 2927 Chaldaicis,

457 2935 699 2987 Ctesiam
745 2935 812 2985 de
848 2935 1119 2998 Assyriis,
1170 2951 1399 3000 quorum
1433 2935 1543 2985 tria

457 3009 692 3068 aequent
716 3004 1014 3054 chaldaica
1038 3008 1290 3068 quatuor,
1326 3009 1388 3054 ut
1411 3020 1543 3068 qua-

459 3075 748 3138 dringenta
795 3074 1079 3136 octoginta
1138 3073 1435 3124 Chaldaiea
1484 3088 1541 3123 re

455 3159 590 3195 vera
639 3158 748 3193 non
783 3141 1035 3193 differant
1079 3144 1340 3192 trecentis
1385 3158 1542 3198 sexa-

458 3215 611 3279 ginta
647 3211 908 3275 Assyriis.
982 3211 1089 3262 Sed
1113 3212 1375 3261 Rennelio
1412 3210 1471 3271 (l.
1500 3212 1541 3262 l.

456 3299 585 3346 pag.
608 3281 735 3342 534)
763 3281 980 3332 Ctesiae
1001 3286 1057 3332 et
1077 3280 1340 3331 Clitarchi
1362 3282 1545 3345 potior

456 3353 516 3403 in
560 3352 713 3403 hisce
751 3351 967 3402 videtur
1001 3352 1331 3412 auctoritas,
1377 3365 1545 3414 quon-

460 3424 569 3473 iam
588 3422 697 3487 ipsi
725 3421 1063 3485 Babylonem
1092 3421 1379 3472 inviserint
1407 3421 1547 3484 ipse·

458 3507 564 3555 que
597 3506 851 3542 numerus
889 3490 1187 3543 stadiorum
1223 3490 1292 3540 ab
1327 3489 1436 3540 illis
1465 3491 1545 3541 in-

460 3563 675 3613 dicatus
723 3577 846 3612 cum
894 3561 1102 3612 dierum
1149 3561 1275 3610 anni
1323 3576 1543 3611 numero

458 3632 592 3680 mire
638 3631 950 3690 conveniat3
1001 3630 1187 3696 qualia
1230 3646 1290 3680 re
1336 3646 1467 3681 vera
1512 3647 1546 3680 a

459 3701 735 3770 veteribus
779 3701 836 3750 in
879 3700 1223 3751 exstruendis
1259 3699 1542 3762 aedificiis,

460 3770 686 3821 urbibus
720 3769 866 3820 haud
897 3770 1149 3836 neg-lecta
1182 3770 1356 3821 fuisse
1388 3785 1544 3820 nemo

459 3840 655 3889 nescit.
740 3838 901 3890 Cous.
939 3840 994 3900 1,
1045 3840 1164 3890 189.
1208 3838 1326 3890 190.
1403 3840 1544 3888 Tum

460 3923 591 3958 vero
625 3909 897 3958 moenium
929 3908 1212 3972 ipsiusque
1245 3909 1396 3958 urbis
1434 3923 1545 3957 am·

460 3977 609 4027 bitus
647 3977 870 4027 accedet
900 3976 970 4026 ad
1004 3993 1173 4028 novem
1208 3977 1319 4028 fere
1354 3976 1549 4028 millia-

461 4045 544 4095 ria
579 4044 973 4109 geographica,
1026 4047 1162 4108 nisi,
1199 4048 1343 4110 quod
1383 4061 1548 4110 supra

462 4113 603 4168 dixi.
654 4112 804 4163 aliud
838 4114 1137 4165 stadiorum
1172 4130 1342 4176 genus
1376 4116 1549 4166 Hero-

462 4182 638 4233 doteis
676 4182 872 4232 stadiis
908 4183 1083 4234 maius
1118 4183 1207 4232 bic
1243 4184 1548 4244 intelligen-

463 4253 589 4303 dum
628 4253 719 4302 sit.
793 4251 1061 4312 Equidem
1104 4252 1173 4302 ad
1203 4253 1547 4305 Herodoteos

460 4336 714 4372 numeros
759 4321 935 4372 redire
978 4320 1192 4384 malim,
1239 4338 1305 4373 ex
1350 4323 1547 4387 quibus

460 4390 699 4444 ambitus
732 4390 886 4445 urbis
920 4392 1175 4444 duodecim
1210 4391 1324 4445 fere
1356 4391 1551 4446 millia-

774 4507 801 4514 .-

1637 912 1721 961 ria
1757 910 2124 977 geographica
2157 915 2435 976 aequabit.
2504 916 2724 967 Etenim

1640 982 1732 1046 qui
1768 981 2143 1032 recentissimo
2181 986 2420 1049 tempore
2465 983 2607 1036 hanc
2641 991 2722 1036 to-

1637 1056 1750 1120 tam
1805 1052 2080 1115 regionem
2138 1054 2547 1105 accuratissime
2596 1053 2724 1119 'per-

1640 1121 1984 1188 quisiverunt
2016 1122 2274 1186 urbisque
2320 1125 2519 1174 veteris
2553 1127 2725 1176 ambi-

1638 1197 1755 1241 tum
1793 1207 1860 1242 ex
1897 1191 2031 1255 ipsis
2077 1192 2360 1244 ruderibus
2411 1209 2507 1257 per
2550 1193 2726 1257 plani-

1641 1262 1769 1313 tiem
1797 1261 2002 1324 sparsis
2024 1262 2356 1313 constituere
2382 1264 2723 1328 studuerunt,

1637 1333 1696 1381 in
1732 1348 1796 1382 eo
1834 1331 2002 1381 ferme
2037 1333 2412 1392 consentiunt,
2459 1339 2521 1385 ut
2557 1335 2727 1399 quod-

1640 1402 1725 1452 vis
1761 1401 1914 1451 urbis
1949 1400 2252 1464 quadratae
2287 1400 2466 1466 latus,
2507 1410 2725 1455 centum

1637 1472 1835 1537 viginti
1874 1470 2054 1520 stadia
2089 1471 2484 1536 complectens,
2525 1474 2726 1525 duode-

1640 1543 1744 1594 cim
1792 1539 2046 1590 milliaria
2094 1540 2354 1606 Anglica‚
2401 1558 2445 1592 s.
2483 1545 2728 1608 ,quinque

1640 1610 1895 1661 milliaria
1941 1609 2153 1660 Gallica
2211 1611 2437 1672 (vocant
2481 1612 2726 1677 Lieues),

1640 1698 1687 1733 s.
1744 1685 1976 1744 quatuor
2034 1685 2132 1730 aut
2191 1682 2428 1745 quinque
2473 1682 2728 1734 horarum

1642 1750 2086 1803 Germanicarum
2144 1750 2250 1801 iter
2301 1751 2575 1803 habuerit:
2634 1753 2729 1816 qui

1640 1821 1848 1871 numeri
1891 1820 1961 1869 ab
1997 1819 2325 1871 Herodoteis
2382 1837 2493 1871 non
2543 1822 2729 1873 admo-

1641 1890 1768 1941 dum
1807 1889 2094 1950 receduut‚
2144 1892 2463 1954 praesertim
2509 1893 2556 1941 si
2604 1907 2726 1943 cnm

1640 1961 1707 2010 R.
1733 1960 1930 2010 Iacobs
1968 1958 2075 2019 (De
2109 1976 2347 2012 mensur.
2373 1961 2639 2012 Herodot.
2671 1978 2725 2026 p.

1641 2029 1733 2092 20)
1785 2033 2029 2090 statuas,
2088 2045 2275 2080 omnes
2321 2029 2422 2080 has
2478 2047 2729 2082 numero-

1640 2115 1757 2150 rum
1823 2099 2160 2149 diversorum
2229 2100 2543 2151 notationes
2617 2116 2729 2151 non

1641 2185 1708 2220 ex
1744 2173 2006 2220 accurata
2052 2169 2388 2220 dimensione
2432 2170 2612 2221 factas
2648 2170 2730 2220 vi-

1643 2240 1776 2301 deri,
1802 2238 1899 2289 sed
1925 2240 2322 2290 aestumatione
2341 2243 2557 2291 tantum
2584 2255 2729 2291 com-

1640 2312 1883 2368 putatas.
1965 2309 2041 2358 Et
2086 2309 2209 2373 quis
2255 2325 2460 2372 quaeso
2503 2312 2558 2360 in
2606 2310 2730 2360 tali·

1641 2379 1744 2429 bus
1783 2379 1963 2429 omnia
1997 2383 2110 2428 tam
2149 2379 2395 2443 perfecte
2430 2394 2728 2440 congruere

1640 2463 1801 2507 posse
1840 2449 2274 2513 exspectaverit?
2346 2450 2433 2500 Tu
2466 2450 2578 2501 vid.
2616 2451 2729 2500 Ker

1641 2520 1837 2569 Porter
1877 2517 1915 2569 l.
1963 2517 2002 2568 l.
2041 2518 2122 2569 11.
2157 2535 2214 2579 p.
2252 2517 2387 2582 384,
2436 2535 2543 2583 quo
2590 2520 2730 2570 bene

1641 2588 1751 2638 iam
1789 2603 1920 2639 usus
1958 2593 2043 2637 est
2065 2588 2245 2640 Ritter
2267 2587 2306 2638 l.
2330 2587 2370 2638 l.
2406 2604 2461 2650 p.
2485 2589 2582 2639 901
2611 2603 2725 2644 seq.

1644 2658 1767 2709 coll.
1803 2675 1854 2720 p.
1877 2657 1981 2709 875
2005 2673 2141 2721 seq.‚
2179 2656 2405 2708 Fresnel
2429 2657 2466 2708 l.
2488 2657 2524 2709 l.
2552 2660 2619 2709 T.
2647 2658 2728 2709 11.

1641 2743 1697 2791 p.
1745 2727 1812 2780 23
1851 2743 1965 2792 seq.
2015 2729 2081 2776 47
2128 2742 2242 2792 seq.
2330 2727 2540 2789 Quibus
2584 2743 2730 2777 nunc

1642 2796 1769 2847 addi
1803 2797 1965 2847 velim
2002 2796 2244 2848 Boeckh.
2281 2796 2367 2846 iu:
2411 2796 2730 2848 Monatsbe—

1642 2867 1802 2917 richt.
1851 2868 1905 2918 d.
1953 2866 2125 2917 Acad.
2171 2865 2224 2917 d.
2273 2866 2611 2917 Wisseusch.
2662 2881 2729 2916 zu

1641 2936 1826 2987 Berlin
1863 2936 2018 2986 1854.
2057 2936 2218 2987 Febr.
2254 2951 2307 3000 p.
2338 2934 2406 2984 87
2442 2952 2555 3000 seq.
2622 2936 2731 2987 Hic

1642 3021 1771 3055 vero
1820 3009 2008 3055 tantus
2055 3005 2206 3056 urbis
2255 3006 2492 3056 ambitus
2540 3023 2610 3057 ne
2643 3006 2732 3055 cui

1643 3076 1841 3125 nimius
1880 3080 1935 3125 et
1973 3075 2042 3125 ab
2082 3075 2229 3125 omni
2263 3089 2392 3125 vero
2433 3075 2730 3126 abhorrens

1645 3143 1922 3208 videatur,
1968 3145 2016 3194 is
2062 3145 2269 3209 cogitet
2312 3144 2475 3194 velim
2512 3146 2729 3195 omnino

1645 3213 1889 3272 modum,
1940 3229 2045 3277 quo
2098 3214 2242 3277 apud
2280 3215 2503 3265 orientis
2540 3218 2731 3274 oeentes

1646 3284 1808 3333 urbes
1848 3287 1903 3333 et
1947 3283 2076 3333 oriri
2125 3288 2180 3334 et
2213 3283 2454 3334 habitari
2498 3283 2729 3335 soleant.

1621 3354 1731 3404 'Ex
1767 3355 2149 3415 imperatorum
2186 3355 2383 3404 castris
2417 3354 2733 3403 nomadum-

1647 3438 1754 3486 que
1789 3422 2011 3473 sedibus
2045 3423 2154 3472 iam
2180 3422 2348 3472 firmis
2371 3424 2438 3472 'in
2464 3424 2731 3472 victarum

1648 3493 1890 3556 gentium
1935 3492 2096 3543 terris
2144 3493 2393 3543 oriuntur
2425 3493 2587 3542 urbes
2622 3507 2733 3541 am-

1646 3562 1952 3626 plissimae,
2007 3563 2212 3612 nostris
2265 3566 2450 3612 tamen
2503 3562 2732 3612 urbibus

1649 3630 2042 3682 dissimillimae
2085 3632 2142 3680 in
2191 3631 2403 3682 aedium
2452 3635 2732 3681 exstruen-

1647 3700 1836 3752 darnm
1876 3716 2024 3751 more
2059 3700 2339 3765 multoque
2375 3702 2553 3765 spatio
2591 3701 2734 3752 inter

1647 3769 1891 3834 singulas
1957 3771 2120 3821 aedes
2188 3770 2493 3821 interiecto.
2575 3769 2735 3821 Unde

1646 3840 1822 3890 minor
1857 3856 2071 3904 quoque
2101 3840 2406 3891 incolarum
2440 3837 2733 3889 multitudo

1646 3924 1744 3967 pro
1766 3914 1923 3960 tanto
1951 3911 2104 3960 urbis
2137 3910 2364 3960 ambitu.
2419 3908 2620 3959 Forma
2648 3924 2737 3958 ur-

1643 3979 1731 4028 bis
1777 3978 2093 4044 plerumque
2148 3975 2554 4043 quadrangula,
2602 3992 2735 4040 qua-

1645 4047 1753 4098 lem
1772 4049 2042 4113 hodieque
2058 4049 2362 4100 sinensium
2385 4048 2547 4098 urbes
2570 4060 2734 4111 quae-

1651 4117 1775 4168 dam
1810 4124 2243 4183 repraesentant.
2314 4118 2482 4168 Plura
2504 4115 2733 4166 Rennel.

1646 4185 1688 4239 1.
1723 4186 1762 4238 l.
1799 4204 1927 4253 pag.
1963 4187 2067 4240 535
2106 4203 2219 4252 seq.
2291 4183 2750 4254 Heeren.1dee.

1650 4261 1756 4307 etc.
1801 4274 1856 4322 p.
1906 4259 2005 4314 155
2059 4274 2173 4322 seq.
2235 4263 2290 4306 et
2334 4254 2736 4321 Buckinghaffl.

1647 4324 1687 4376 1.
1690 4326 1964 4447 ldopag.
2015 4328 2115 4379 514
2165 4343 2278 4394 seq.
2357 4326 2558 4378 Ritter.
2607 4323 2648 4375 l.
2694 4321 2737 4377 1.
