3109 5092
1252 370 1368 431 CL
1383 368 1504 430 1·0.
1549 371 1601 429 I.
1651 378 1772 434 199.

2520 367 2643 430 399

363 547 471 612 δεῖ
522 546 746 612 πᾶσαν
800 556 1092 628 γυναῖκα
1146 544 1511 631 ἐπιχωρίην
1563 544 1872 631 ἱζομένην
1923 543 1991 621 ἐς
2029 537 2178 630 ἱρὸν
2225 538 2644 632 Ἀφροδίτης,

361 643 536 728 ἅπαξ
563 648 639 714 ἐν
666 650 747 734 τῇ
776 644 887 734 ζόῃ
915 650 1240 733 μιχθῆναι
1268 643 1468 734 ἀνδρὶ
1496 648 1715 740 ξείνῳ.
1786 646 2027 714 πολλαὶ
2069 645 2145 713 δὲ
2184 646 2297 713 καὶ
2335 642 2460 713 οὐκ
2500 641 2640 726 ἀξι-

364 816 659 877 conceptas
719 812 1002 877 opiniones
1060 812 1457 877 respiciendum
1558 817 1734 863 terum
1770 828 1837 862 ex
1873 810 2045 861 altero
2081 811 2201 876 ipso
2242 817 2461 862 enatum
2504 826 2642 873 esse,

366 897 513 944 esse,
551 882 647 932 ubi
679 881 815 932 haec
835 887 891 932 et
926 881 1064 932 talia
1081 881 1331 947 legimus,
1361 884 1454 931 vix

362 950 740 1017 dubitandum,
785 968 933 1014 cum,
973 956 1234 1016 quantum
1266 952 1336 1002 ad
1370 952 1455 1001 fu-

362 1036 540 1070 rorem
574 1022 711 1071 haec
745 1022 867 1087 ipsa
900 1021 1142 1070 homines
1177 1022 1452 1071 Asiaticos

361 1089 676 1156 adegerint,
714 1106 872 1141 nemo
908 1091 1121 1140 nesciat
1150 1092 1351 1141 rituum
1387 1106 1454 1141 ac

364 1161 686 1224 religionum
722 1161 890 1211 Asiae
936 1160 1228 1223 superioris
1274 1167 1329 1210 et
1373 1162 1452 1210 in-

367 1231 583 1279 ferioris
622 1229 807 1296 (quam
853 1230 1111 1279 minorem
1157 1230 1320 1295 vulgo
1373 1231 1452 1280 di-

362 1300 561 1363 cimus)
605 1299 770 1365 paulo
817 1300 1061 1364 peritior.
1145 1300 1454 1350 Occurrunt

363 1371 420 1418 in
453 1369 681 1419 istarum
718 1371 961 1435 gentium
993 1368 1350 1433 religionibus
1387 1386 1452 1419 ac

363 1439 537 1488 sacris
560 1439 673 1489 alia
696 1438 841 1488 haud
865 1440 1041 1488 minus
1067 1440 1263 1504 turpia,
1290 1455 1452 1504 quam

365 1523 504 1572 quae
538 1508 606 1558 de
643 1507 896 1573 Mylittae
931 1506 1083 1558 cultu
1111 1509 1313 1559 Noster
1343 1524 1450 1558 me-

365 1579 570 1627 moriae
588 1578 849 1644 prodidit.
900 1578 1353 1642 Antiquissimum
1371 1580 1452 1628 fu-

364 1648 476 1696 isse
509 1663 604 1712 per
629 1649 816 1698 Asiam
852 1651 1062 1712 turpem
1095 1648 1262 1698 istum
1285 1653 1453 1713 atque

364 1717 694 1781 impudicum
730 1732 957 1781 morem,
998 1718 1157 1766 testis
1195 1723 1280 1767 est
1316 1717 1452 1767 liber

364 1787 538 1836 Mosis
572 1787 677 1848 ΙΙΙ,
723 1787 805 1838 19.
843 1802 929 1838 vs.
969 1787 1056 1836 29.
1127 1789 1211 1836 De
1239 1787 1455 1837 Phoeni-

365 1857 532 1917 cibus,
571 1858 798 1922 Cyprii-9,
838 1856 962 1904 aliis
995 1856 1275 1919 gentihus,
1317 1871 1452 1921 quas

365 1925 626 1989 religione
645 1941 754 1975 non
771 1924 1062 1974 admodum
1077 1925 1309 1990 ⁸diversa
1333 1941 1454 1975 cum

368 1994 592 2059 reliquis
629 1996 796 2045 Asiae
832 1994 1085 2059 gentibus
1130 1995 1453 2044 coniunctas

369 2064 762 2129 quodammodo
801 2064 1135 2126 invenimus,
1180 2063 1456 2113 simillima

367 2135 623 2184 instituta
658 2135 983 2197 scriptorum
1019 2138 1264 2183 veterum
1301 2134 1455 2184 testi-

367 2204 562 2252 moniis
596 2204 812 2253 firmata
840 2204 957 2269 ipse
992 2203 1182 2253 attulit
1209 2204 1454 2268 Heynius

366 2272 403 2322 l.
442 2273 480 2323 l.
500 2288 624 2339 pag.
652 2273 718 2324 37
741 2288 878 2337 seq„
915 2288 1055 2338 quae
1082 2278 1327 2338 repetere
1345 2288 1456 2323 non

365 2344 582 2393 attinet.
675 2343 833 2392 Conf.
887 2343 1146 2393 Creuzer:
1206 2341 1451 2408 Symbol.

365 2412 440 2461 11.
486 2428 542 2476 p.
584 2411 683 2462 331
722 2427 838 2477 seq.
884 2413 988 2463 350
1031 2428 1147 2477 seq.
1185 2412 1269 2462 ed.
1325 2416 1453 2463 tert.

367 2483 606 2531 Movers:
643 2481 751 2531 Die
774 2481 1034 2532 Phoeniz.
1059 2482 1104 2531 Ι.
1129 2498 1183 2546 p.
1211 2482 1316 2532 679
1339 2498 1453 2547 seq.

365 2551 470 2601 685)
495 2561 609 2614 seq.
657 2551 824 2615 Atqui
849 2552 979 2601 inde
999 2551 1130 2600 mihi
1157 2552 1326 2602 totius
1345 2567 1456 2601 mo·

366 2620 440 2667 ris
465 2621 733 2670 rationem
772 2635 802 2669 e
831 2620 1093 2685 religione
1127 2626 1276 2671 recte
1308 2635 1458 2685 repe-

368 2695 476 2737 tere
498 2690 713 2739 videtur
735 2688 955 2739 lacobs.
977 2706 1030 2754 p.
1050 2691 1118 2740 28
1136 2705 1272 2756 seq„
1292 2692 1375 2740 ita
1391 2695 1455 2740 ut

367 2758 502 2807 baec
528 2760 841 2823 prostitutio
878 2775 974 2823 pro
1002 2759 1270 2809 sacrificio
1298 2761 1458 2826 quasi

366 2827 632 2877 habeatur
666 2828 800 2878 deae
833 2829 1096 2894 genetrici
1127 2833 1183 2877 et
1218 2831 1456 2879 omnium

366 2912 541 2946 rerum
573 2899 940 2962 generationis
973 2896 1212 2962 praesidi
1250 2899 1454 2960 oblat03

370 2966 513 3030 quod
568 2967 708 3016 idem
755 2968 869 3018 fere
928 2967 1126 3017 statuit
1173 2967 1453 3033 Ghillany.

366 3036 470 3084 Die
491 3035 945 3101 Menschenopfer
973 3037 1026 3086 d.
1049 3036 1218 3086 Hebr.
1248 3054 1302 3102 p.
1332 3040 1453 3090 174.

366 3105 484 3153 Iam
517 3120 648 3154 vero
671 3105 1004 3171 Babylonios
1042 3121 1105 3155 eo
1130 3109 1302 3172 magis
1332 3122 1455 3171 pro-

366 3173 534 3223 clives
548 3174 718 3225 fuisse
739 3175 810 3225 ad
829 3175 967 3225 hanc
981 3175 1281 3240 lasciviam,
1309 3176 1453 3241 quod

255 3290 272 3305 ,
367 3242 440 3293 ad
477 3259 635 3292 omne
679 3244 1022 3309 voluptatum
1063 3249 1232 3310 atque
1276 3244 1454 3296 libidi-

367 3328 496 3361 num
528 3329 699 3377 genus
737 3313 893 3363 effusi
915 3318 1099 3376 erant,
1144 3315 1307 3364 facile
1343 3330 1456 3365 cre-

368 3381 493 3430 dam
516 3383 798 3433 Muentero
826 3384 884 3432 in
906 3383 1045 3434 libro
1076 3383 1143 3432 de
1168 3383 1323 3450 relig.
1349 3386 1455 3436 Ba-

366 3452 551 3516 bylon.
587 3468 640 3516 p.
687 3451 755 3503 73
792 3468 906 3517 seq.
979 3453 1063 3502 De
1107 3451 1319 3503 luxurie
1351 3456 1456 3504 Ba-

1559 883 1718 933 facile
1752 882 1955 946 poterit
1987 882 2240 947 intelligi.
2315 882 2473 943 Quod
2514 897 2644 930 vero

1555 953 1807 1002 insanam
1830 950 2070 1001 fabulam
2089 952 2255 1002 habet
2278 952 2644 1001 Herodoteam

1555 1023 1924 1072 narrationem
1960 1020 2205 1072 Voltaire
2233 1020 2502 1086 (Oeuvres
2540 1021 2642 1071 VI.

1555 1107 1610 1156 p.
1628 1089 1745 1154 2-1),
1773 1091 1965 1140 merito
1989 1106 2194 1155 poenas
2221 1092 2372 1141 dedit
2391 1090 2642 1141 Gibbono

1556 1160 1807 1226 (Miscell.
1844 1161 2043 1210 Works
2070 1162 2195 1212 vn.
2235 1177 2289 1225 p.
2317 1163 2463 1224 20⁴).
2514 1161 2646 1209 Cae-

1558 1240 1731 1280 terum
1769 1233 1824 1279 in
1861 1230 2066 1280 Arabia
2110 1231 2338 1280 similem
2377 1230 2644 1295 quendam

1556 1316 1759 1351 morem
1795 1314 1855 1349 se
1889 1301 2157 1364 reperisse
2202 1304 2447 1368 testaturx
2475 1301 2644 1348 Katte

1555 1371 1636 1419 in:
1674 1370 1906 1435 Allgem.
1928 1371 2068 1421 Zeit.
2095 1368 2245 1421 1838.
2285 1373 2337 1420 0.
2368 1369 2501 1418 Mai.
2524 1369 2645 1418 Bei-

1555 1438 1667 1504 lag.
1706 1456 1761 1504 p.
1797 1441 1930 1501 9573
1972 1439 2117 1504 apud
2153 1444 2343 1504 gentes
2378 1438 2643 1503 quasdam

1553 1511 1837 1560 Americae
1857 1508 2058 1558 similia
2084 1510 2196 1559 fere
2234 1510 2479 1559 obtinere
2514 1509 2643 1557 scri-

1555 1580 1636 1629 bit
1680 1580 1945 1629 Martius:
2002 1580 2124 1628 Von
2178 1580 2298 1628 dem
2346 1578 2643 1628 Rechtszu-

1556 1649 1747 1699 stand.
1779 1648 1831 1698 d.
1871 1648 2219 1698 Ureinwohn.
2265 1647 2462 1699 Brasil.
2504 1649 2645 1710 (Μο-

1553 1734 1679 1769 nac.
1721 1715 1903 1779 1832.)
1940 1732 1995 1781 Ρ.
2032 1720 2119 1769 61.

1625 1786 1816 1835 πᾶσαν
1850 1789 2112 1868 ργυνιιτιιια
2165 1777 2476 1851 ἐπιχωριην
2529 1777 2641 1842 ἷζο-

1554 1853 1734 1920 μένην
1762 1847 1869 1912 ἐσς’
1845 1847 1978 1918 ιρὸν
1997 1847 2350 1919 Ἀφροδίτης]
2391 1856 2475 1902 De
2501 1859 2643 1902 stru-

1556 1931 1715 1975 ctura
1772 1925 2194 1988 praepositionis
2255 1918 2310 1981 ἐς
2372 1925 2427 1972 in
2492 1923 2643 1971 hisce

1555 1995 1669 2046 vid.
1705 1995 1751 2057 1,
1784 1995 1846 2044 14
1883 1995 2018 2059 ibiq.
2054 1999 2169 2044 not.
2198 2025 2267 2034 —
2317 1992 2474 2070 Quod
2511 1984 2643 2058 ἱρὸν

1558 2065 1646 2115 hic
1684 2068 1937 2126 vocatur,
1985 2064 2130 2113 infra
2163 2065 2363 2113 dicitur
2393 2054 2643 2127 τέμενος,

1558 2139 1619 2184 ιιι
1653 2134 1800 2199 apud
1837 2135 2160 2183 Strabonem
2205 2148 2421 2199 quoque
2455 2131 2645 2182 eadem

1558 2205 1616 2254 in
1666 2220 1725 2254 re
1762 2204 1910 2254 XVI.
1947 2219 2074 2268 pag.
2107 2204 2237 2254 1081
2279 2203 2320 2251 C
2365 2219 2410 2251 s.
2449 2219 2501 2267 p.
2543 2203 2645 2251 745

1558 2273 1860 2335 invenitur,
1893 2289 2015 2323 cum
2041 2278 2255 2338 septum
2292 2274 2465 2337 ipsius
2492 2270 2644 2321 aedis

1559 2344 1633 2393 sit
1656 2343 2087 2408 intelligendum,
2128 2342 2217 2393 vel
2240 2350 2305 2392 ut
2328 2344 2646 2392 Muenterus

1555 2413 1594 2464 l.
1616 2413 1652 2463 l.
1677 2429 1804 2478 pag.
1826 2415 1893 2463 78
1931 2414 2271 2477 suspicatur,
2315 2404 2490 2468 ἄλσος
2527 2412 2644 2460 sive

1556 2483 1713 2533 lucus
1753 2498 1935 2545 sacer,
1983 2482 2076 2545 qui
2116 2481 2373 2546 templum
2420 2481 2646 2529 circum-

1560 2552 1745 2601 dabat.
1803 2552 2051 2615 Namque
2076 2551 2180 2600 hoc
2214 2550 2470 2614 templum
2502 2548 2647 2597 haud

1561 2621 1746 2684 dispar
1770 2621 1939 2669 fuisse
1964 2620 2178 2669 videtur
2205 2621 2291 2682 iis,
2322 2635 2461 2684 quae
2474 2620 2645 2667 Asca-

1558 2689 1682 2739 lone
1719 2695 1774 2739 et
1805 2689 1979 2753 Paphi
2015 2689 2187 2746 eidem
2222 2689 2422 2738 Veneri
2459 2702 2645 2736 conse-

1559 2764 1715 2810 crata
1763 2765 1937 2808 erant.
2017 2757 2140 2807 Illic
2191 2773 2405 2822 quoque
2464 2758 2645 2806 lucum

1558 2844 1772 2879 sacrum
1840 2828 2177 2889 invenimuS,
2250 2843 2356 2891 quo
2435 2826 2644 2890 reliqua

1558 2898 1747 2964 templi
1774 2897 2025 2949 aedificia
2052 2865 2265 2947 inclusa
2294 2899 2462 2948 fuere.
2514 2897 2642 2946 vid.

1559 2969 1831 3018 Muenter.
1872 2967 1912 3020 l.
1937 2968 1973 3018 l.
2001 2984 2067 3048 p.
2089 2969 2173 3018 55.
2261 2967 2435 3019 Simili
2482 2967 2642 3017 modo

1558 3037 1722 3088 simili
1757 3038 1815 3087 in
1851 3054 1910 3088 re
1957 3031 2020 3087 τὸ
2069 3030 2200 3101 ἱρὸν
2252 3042 2418 3103 atque
2456 3028 2522 3085 τὸ
2559 3032 2643 3085 τέ-

1555 3121 1728 3172 μενος
1762 3108 1998 3158 occurrit
2030 3107 2174 3157 infra
2213 3108 2383 3170 11‚64
2413 3106 2537 3157 coll.
2566 3106 2645 3166 ΙΙ,

1561 3178 1674 3229 155.
1711 3177 1826 3229 156.
1865 3179 1982 3228 170.
2021 3177 2137 3227 178.
2174 3175 2364 3226 πᾶσαν
2400 3179 2645 3241 γυναικα

1555 3237 1867 3310 ἐπιχωρίην
1892 3249 2092 3297 Noster
2118 3246 2254 3296 dixit
2276 3263 2517 3312 quamque
2539 3261 2640 3294 mu-

1552 3318 1649 3365 lter
1652 3332 1724 3365 em
1770 3317 2050 3380 indigenam
2089 3316 2211 3365 sive
2257 3321 2485 3396 nuptam
2528 3315 2645 3364 sive

1554 3386 1854 3448 innuptam.
1930 3385 2089 3447 Quod
2122 3401 2345 3442 moneo,
2383 3384 2512 3450 quia
2546 3398 2641 3446 γι-

1556 3457 1729 3503 ναίκα
1756 3455 1847 3504 hic
1882 3453 2199 3518 simpliciter
2230 3457 2508 3512 nmlierem,
2542 3455 2642 3501 vir·

366 3520 708 3584 byloniorum
741 3521 907 3586 vulgo
941 3522 1169 3572 laudant
1207 3523 1452 3573 Curtium
1549 3526 1714 3588 {finem
1760 3524 2045 3585 denotare,
2090 3522 2302 3587 Heynio
2338 3521 2376 3572 l.
2410 3520 2447 3571 l.
2488 3536 2543 3585 p.
2574 3521 2641 3570 32

369 3590 436 3639 de
489 3591 680 3654 exped.
727 3591 1028 3641 Alexandri
1071 3591 1139 3653 V,
1187 3592 1237 3642 1.
1287 3595 1338 3655 §-
1385 3593 1450 3642 21
1554 3593 1730 3642 visum
1779 3597 1893 3653 est,
1949 3606 2273 3656 quamquam
2317 3591 2373 3640 in
2419 3589 2640 3639 dubium

368 3674 483 3724 seq.
517 3660 699 3724 ibique
730 3660 1064 3713 Freinshem.
1136 3660 1276 3711 Add.
1313 3662 1455 3712 Hee-

367 3743 465 3778 ren
495 3727 532 3778 1.
571 3729 607 3779 l.
645 3745 772 3795 pag.
809 3730 911 3780 202
951 3730 1148 3781 Gesen.
1182 3730 1253 3780 ad
1286 3730 1452 3780 Iesai.

368 3798 597 3860 XLVII,
639 3801 685 3850 1.
710 3814 839 3863 pag.
869 3799 968 3851 105
991 3798 1125 3863 ibiq.
1152 3799 1250 3848 hos
1273 3799 1453 3850 locos=

368 3866 477 3917 Ies.
521 3867 603 3928 14,
643 3870 727 3919 11.
768 3869 875 3919 Ier.
909 3869 995 3928 51,
1035 3867 1122 3919 39.
1174 3868 1374 3920 Daniel
1403 3872 1455 3930 5,

372 3937 420 3985 1.
462 3936 619 3985 Conf.
640 3936 947 3988 Palmblad.
980 3935 1018 3986 l.
1049 3937 1086 3987 l.
1124 3953 1176 4002 p.
1213 3939 1278 3987 27
1304 3953 1453 4004 seqq.

369 4005 437 4055 32
473 4019 626 4071 seqq.
694 4007 822 4070 Ipse
857 4007 1102 4071 Heynius
1139 4006 1173 4057 l.
1213 4005 1250 4056 l.
1279 4023 1331 4072 p.
1369 4007 1455 4069 39,

371 4077 433 4123 ut
457 4074 592 4124 haec
627 4076 883 4125 instituta
903 4075 1271 4140 reciperentur
1306 4093 1339 4126 a
1366 4091 1459 4141 po-

372 4141 543 4208 pulis,
574 4144 703 4195 bina
738 4145 909 4194 fuisse
943 4151 1129 4194 censet
1160 4146 1305 4195 inter
1335 4161 1462 4196 cau-

372 4227 465 4262 sas
503 4213 662 4264 huius
711 4214 874 4263 moris
911 4214 1279 4296 respicienda,
1335 4229 1459 4265 con-

371 4285 599 4331 temtum
658 4283 997 4346 virginitatis
1056 4283 1357 4349 puellarum
1404 4288 1460 4333 et

370 4351 650 4414 profectas
696 4351 847 4416 vulgi
882 4367 916 4402 a
965 4353 1150 4417 pravis
1184 4352 1459 4417 religioni-

372 4420 473 4468 bus
511 4419 815 4483 opiniones.
892 4420 1132 4481 Quorum
1163 4425 1343 4472 tamen
1381 4421 1459 4471 al·

1554 3663 1777 3711 vocavit
1797 3663 2026 3711 Hecren.
2049 3660 2141 3709 l.1.
2165 3677 2219 3724 p.
2234 3661 2353 3722 204,
2376 3660 2468 3723 qui
2492 3659 2641 3723 ipsas

1553 3732 1785 3780 feminas
1830 3732 1886 3778 in
1920 3727 2120 3793 templo
2165 3728 2476 3794 prostitisse
2524 3743 2644 3778 cen·

1560 3805 1660 3862 set,
1689 3799 1903 3849 minime
1925 3799 2161 3863 virgines
2188 3799 2463 3863 innuptas,
2493 3798 2645 3863 quip-

1556 3884 1626 3934 pe
1661 3883 1800 3934 quae
1835 3868 2117 3918 Herodoto
2156 3869 2391 3917 fuissent
2426 3866 2644 3931 παρθέ-

1560 3952 1680 4002 νοι,
1720 3943 1781 3987 ιιι
1809 3952 1974 4002 supra
2010 3937 2056 3999 Ι,
2090 3937 2203 3989 196.
2262 3936 2466 3986 Contra
2488 3951 2645 4002 quem

1558 4007 1932 4057 Mueuterusl.
1957 4006 1995 4057 l.
2015 4022 2142 4072 pag
2167 4009 2235 4056 74
2258 4012 2480 4071 propter
2504 4023 2647 4056 com-

1559 4091 1773 4127 munem
1810 4076 2040 4126 aliorum
2078 4090 2291 4142 quoque
2326 4075 2646 4141 populorum

1562 4146 2008 4196 consuetudinem
2034 4149 2235 4208 puellas
2273 4145 2511 4211 intelligi
2540 4160 2650 4195 ma-

1560 4214 1697 4333 ivult.
1740 4242 1809 4252 -
1851 4207 2152 4280 Ἀφροδίτη
2189 4230 2326 4281 quae
2359 4217 2460 4274 sit,
2506 4215 2651 4265 infra

1620 4299 1679 4334 se
1728 4284 1937 4335 indicat
1985 4285 2069 4335 his
2119 4286 2326 4337 verbis:
2381 4251 2649 4334 Μύλιττα

1603 4347 1627 4402 ὲ
1663 4351 1925 4403 καλέουσι
1960 4346 2066 4418 τὴν
2093 4345 2436 4418 Ἀφροδίτην
2462 4344 2649 4402 Ἀσσύ-

1563 4435 1704 4490 ριοι,
1734 4422 1922 4474 eodem
1942 4421 2100 4471 modo
2125 4436 2232 4486 quo
2257 4436 2422 4485 supra
2445 4422 2490 4485 Ι,
2520 4421 2647 4472 131·
2633 4454 2647 4468 .
