3109 5092
1261 387 1515 451 CLIO.
1563 391 1614 451 Ι.
1659 400 1749 454 25.
2561 386 2642 447 55

346 560 789 644 κρητηρίδιον
827 557 1146 648 σιδήρεον
1183 560 1542 650 κολλητὸν,
1593 563 1761 652 θέης
1804 560 1992 646 ἄξιον
2038 561 2153 633 διὰ
2197 561 2472 632 πάντων
2501 564 2642 629 τῶν

347 662 427 729 ἐν
453 665 785 746 Δελφοῖσι
813 656 1305 751 ἀναθημάτων,
1344 664 1663 736 Γλαύκου
1693 671 1815 735 τοῦ
1841 672 2017 736 Χίου
2050 673 2334 757 ποίημα,
2366 659 2439 747 ὃς
2466 667 2634 753 μοῦ-

344 789 464 844 νος
502 759 589 852 δὴ
626 762 902 835 πάντων
934 761 1328 856 ἀνθρώπων
1361 767 1648 859 σιδήρου
1693 770 2015 858 κόλλησιν
2054 772 2304 856 ἐξεῦρε.

343 963 579 1029 Eclogg.
619 963 863 1029 physice.
914 979 966 1029 p.
1003 963 1099 1027 07,
1143 972 1227 1029 et,
1276 970 1369 1033 qui
1408 985 1441 1020 a

345 1038 444 1087 Cr.
483 1032 805 1083 laudantur:
858 1033 918 1084 C.
969 1035 1033 1085 0.
1083 1036 1334 1089 Mueller.
1384 1039 1441 1089 in

348 1103 655 1167 Boettigeri
720 1102 962 1154 Amalth.
1040 1104 1147 1155 111.
1219 1124 1271 1171 p.
1353 1110 1439 1159 25.

349 1177 699 1225 Hausmann:
749 1173 872 1233 „De
914 1176 1035 1223 arte
1095 1174 1223 1225 ferri
1281 1178 1443 1227 confi-

349 1242 533 1294 ciendi
567 1241 853 1303 veterum“
883 1243 939 1291 in
971 1243 1297 1296 Commentt.
1324 1264 1438 1297 soc.

350 1329 467 1377 reg.
524 1311 802 1376 Goetting.
848 1310 998 1363 1815.
1062 1312 1186 1365 0011.
1251 1316 1436 1366 Goett.

348 1381 577 1445 Anzeig.
632 1379 781 1432 1815.
833 1377 1041 1432 01.”68.
1091 1398 1143 1447 p.
1205 1384 1310 1435 678
1354 1401 1437 1451 sq.

350 1452 511 1505 Adde
542 1464 686 1499 nunc
724 1450 953 1500 eundem
1001 1451 1060 1501 Ο.
1102 1451 1168 1504 Ο.
1208 1454 1440 1505 Mueller

350 1519 572 1574 Handb.
624 1518 677 1568 d.
724 1517 1085 1586 Archaeolog.
1137 1526 1187 1587 5.
1234 1523 1320 1575 61.
1383 1541 1435 1590 p.

349 1593 423 1643 40
458 1590 545 1640 ed.
580 1591 708 1637 tert.

420 1656 565 1722 θέης
597 1648 765 1717 ἄξιον
808 1647 1193 1735 Βιάθπᾶυτων
1228 1660 1346 1711 τῶν
1382 1653 1443 1713 ἕν

350 1726 632 1791 Δελφοῖσι
668 1719 1079 1794 mennaei]
1116 1732 1290 1793 Haec,
1330 1749 1441 1783 mo-

350 1803 519 1849 nente
555 1796 673 1857 Cr„
711 1795 903 1846 laudat
938 1797 1192 1851 Eustath.
1239 1802 1311 1852 ad
1350 1802 1437 1854 lli.

352 1869 449 1919 VI.
486 1881 539 1929 p.
582 1863 702 1925 626,
741 1865 809 1915 52
845 1880 888 1913 s.
922 1881 975 1929 p.
1013 1868 1111 1919 481
1153 1869 1347 1934 Basil.,
1373 1889 1440 1923 ex

352 1936 639 1988 Athenaeo
675 1933 867 1998 opinor
901 1932 937 1984 1.
975 1934 1032 1998 1.,
1062 1939 1218 1989 euius
1256 1946 1442 1992 aetate

355 2005 644 2057 donarium
686 2002 837 2053 istud
873 2003 1051 2056 adhuc
1087 2008 1314 2074 Delphis
1353 2028 1442 2061 ex-

352 2074 518 2127 stitit.
600 2073 667 2123 In
723 2070 999 2124 locutione
1052 2068 1151 2125 διὰ
1208 2071 1443 2129 πάντων

353 2135 471 2195 διὰ
503 2142 726 2193 0011000
761 2141 965 2191 Atticis
990 2144 1276 2210 incognita
1309 2150 1441 2200 scri-

356 2211 606 2281 ptoribus
643 2210 921 2276 significat
960 2206 1091 2276 πρὸ,
1120 2230 1274 2278 prae.
1314 2219 1439 2269 vid.

358 2281 612 2335 Kuehner
655 2281 747 2332 Gr.
808 2279 900 2330 Gr.
951 2284 1000 2345 9.
1051 2283 1172 2346 605,
1237 2286 1283 2347 Ι,
1348 2289 1443 2352 qui

358 2351 584 2403 Homeri
615 2349 804 2399 attulit
828 2348 1007 2401 locum
1027 2368 1093 2402 ex
1120 2353 1279 2405 Iliad.
1308 2356 1440 2417 XII,

362 2422 481 2482 104,
516 2418 663 2469 unde
707 2418 975 2469 Herodoti
1017 2436 1181 2486 usus,
1238 2426 1305 2475 de
1336 2441 1443 2491 quo

360 2491 473 2541 vid.
514 2487 871 2538 Valckenaer.
909 2489 980 2539 ad
1014 2492 1220 2543 Herod.
1257 2494 1322 2557 V,
1356 2495 1446 2556 67,

361 2559 586 2611 fluxisse
628 2557 858 2606 videtur.
917 2559 1011 2608 Gr.
1075 2561 1233 2611 addit
1281 2564 1445 2615 Dion.

360 2622 521 2680 Ca'ss.
556 2624 838 2703 mvn,
877 2627 961 2677 20.
1000 2644 1049 2691 p.
1095 2629 1212 2681 125.

434 2694 701 2773 Γλαυκου
758 2690 863 2771 τοῦ
914 2694 1066 2746 Χίου
1106 2700 1347 2764 ποίημα,
1387 2689 1453 2757 ὃς

360 2762 581 2831 μοῦνος
615 2760 692 2841 δΙη
725 2776 958 2812 παντων
999 2757 1332 2830 ἀνθρώπων
1370 2781 1451 2817 σι-

362 2828 554 2899 δήρου
588 2830 856 2895 neuneu
901 2822 1110 2901 ἐξεῦρε]
1144 2838 1452 2888 Pausanias

363 2904 402 2954 l.
464 2903 501 2952 1.
560 2901 702 2951 idem
752 2900 920 2951 refert
975 2902 1061 2953 his
1114 2907 1324 2957 verbis:
1384 2933 1451 2942 -—

362 2969 539 3051 τοιξτο
597 2961 863 3019 Γλαύκου
909 2968 1022 3050 μέν
1076 2964 1228 3025 ἔστιν
1285 2970 1454 3041 ἔργον

364 3056 471 3092 του
522 3037 700 3102 Χίου,
768 3035 1058 3118 σιᾷηρου
1122 3036 1455 3109 κόλλησιν

362 3100 632 3172 ἀνδρὸς
693 3098 1047 3170 supervos.
1116 3113 1232 3164 Nec
1292 3114 1493 3164 aliter'

362 3177 639 3232 Herodoti
673 3177 841 3226 verba
876 3179 1057 3230 reddit
1089 3181 1455 3249 Hieronymus

362 3248 595 3315 (Euseb.
634 3246 884 3297 Chronic.
931 3247 1143 3314 Olymp.
1193 3252 1365 3313 XXV,
1401 3254 1451 3303 4.

362 3337 410 3370 s.
424 3319 529 3369 677
549 3332 601 3365 a.
619 3315 743 3365 Chr.
760 3314 870 3377 n.):
907 3317 1168 3380 „Glaucus
1178 3321 1327 3371 Chius
1347 3324 1457 3383 pri-

363 3403 474 3439 mus
514 3386 654 3448 ferri
697 3385 830 3433 inter
871 3400 928 3434 se
975 3388 1213 3451 ‚qlutinum
1256 3392 1462 3455 excogi-

365 3454 553 3519 mvit,“
588 3455 815 3517 ipseque
860 3455 1131 3507 Eusebius
1178 3456 1459 3522 (Chronic.

366 3527 448 3579 11.
507 3539 559 3587 p.
618 3521 745 3583 324)
792 3522 864 3572 ad
912 3523 1123 3589 Olymp.
1176 3528 1361 3589 XXII,
1410 3531 1462 3579 2.

366 3594 439 3661 [s.
453 3593 555 3644 691
575 3594 707 3640 ante
720 3590 844 3642 Chr.
867 3590 977 3659 n.]=
1012 3594 1274 3656 „Glaucus
1297 3597 1463 3660 cletus,

369 3668 459 3729 qm·
475 3662 616 3725 [επ-ἰ
623 3662 856 3725 alutbucm
870 3665 1191 3729 excogitavit,
1202 3681 1466 3731 comesse·

368 3730 591 3787 batur-“3
624 3729 770 3779 unde
792 3730 953 3781 simul
980 3732 1322 3800 intelligitur,
1356 3751 1463 3801 quo

370 3816 539 3853 sensu
571 3799 943 3850 Herodoteum
971 3791 1163 3865 ἐξεῦρε
1196 3804 1259 3869 (i.
1292 3820 1339 3854 e.
1369 3819 1465 3854 em-

370 3868 637 3935 eoffi'tam't)
675 3869 854 3934 accipi
890 3870 1106 3935 debeat,
1133 3874 1278 3940 quod
1299 3888 1470 3937 nuper

372 3943 556 3992 minus
612 3942 763 3988 recte
822 3940 1063 3991 reddidit
1130 3944 1272 3992 seivit
1330 3940 1470 3992 Mul-

372 4009 525 4085 lai-eh²
560 4006 662 4071 (ad
687 4008 956 4057 Demetrii
980 4011 1112 4059 Zeni
1149 4011 1468 4075 paraphras.

373 4076 729 4132 Batrachom.
770 4092 823 4140 p.
865 4074 977 4139 51),
1022 4080 1093 4129 sd
1129 4081 1475 4144 Neograeco-

378 4165 508 4225 rum!
533 4160 692 4195 usum
729 4161 1062 4211 provocans,
1108 4150 1203 4214 qui
1248 4149 1471 4199 verbum

376 4208 592 4278 ἐξευροῦ
629 4214 820 4265 eodem
854 4231 1017 4267 sensu
1064 4232 1171 4282 quo
1208 4210 1344 4267 οῖδα
1377 4218 1474 4268 ad-

372 4286 625 4337 hibeant.
690 4284 957 4335 Graviora
1001 4291 1156 4349 sunt,
1218 4303 1358 4352 quae
1401 4289 1475 4338 ad

374 4362 689 4419 temporum
738 4354 1008 4406 rationem
1064 4357 1366 4420 pertinent,
1418 4357 1474 4406 in

376 4424 584 4492 quibus
624 4422 936 4474 indicandis
967 4426 1266 4502 Eusebium
1299 4440 1477 4491 neque

1544 986 1670 1022 cum
1704 971 2041 1036 Hieronymo
2083 978 2264 1035 neque
2298 982 2422 1019 cum
2468 967 2641 1017 Hero·

1547 1041 1679 1090 doto
1717 1040 2010 1091 convenire
2033 1040 2300 1100 videmus,
2337 1038 2384 1086 si
2422 1036 2642 1102 quidem

1544 1110 1889 1160 Herodotum
1944 1110 2000 1159 id
2062 1108 2345 1160 declarare
2396 1104 2640 1156 voluisse

1546 1180 1943 1241 existimamus,
1966 1183 2028 1228 ut
2055 1178 2296 1229 Glaucus
2317 1175 2510 1227 eadem
2532 1189 2640 1239 qua

1544 1248 1802 1312 Alyattes
1840 1251 2027 1298 aetate
2063 1247 2328 1298 floruerit.
2370 1244 2529 1306 Quod
2564 1243 2639 1293 ad

1543 1319 1938 1383 Hieronymum
1996 1318 2227 1379 attinet,
2288 1315 2382 1381 qui
2447 1312 2640 1363 eodem

1542 1402 1687 1438 anno
1725 1387 1828 1438 677
1853 1386 2043 1439 Gelam
2079 1387 2363 1437 conditam
2387 1398 2511 1433 esse
2545 1382 2641 1431 mi·

1542 1472 1645 1507 nus
1681 1461 1831 1507 recte
1870 1457 2044 1521 ponit,
2077 1455 2135 1506 id
2175 1454 2320 1523 quod
2358 1468 2504 1503 auno
2536 1449 2644 1502 690

1542 1526 1753 1576 factum
1800 1530 1913 1589 est,
1955 1525 2150 1576 merito
2207 1524 2336 1574 inde
2381 1518 2640 1587 praeferi-

1544 1610 1663 1646 mus
1727 1594 1955 1646 Eusebii
2016 1595 2191 1660 ipsius
2249 1592 2641 1644 auctoritatem

1545 1664 1921 1730 Glaucumque
1981 1664 2175 1715 eodem
2229 1662 2343 1715 fere
2393 1665 2642 1724 tempore

1545 1734 1794 1784 floruisse
1819 1748 2126 1794 censemus,
2160 1732 2321 1797 longe
2361 1730 2644 1793 igitur-re-

1543 1808 1756 1853 motum
1795 1803 1871 1853 ab'
1903 1801 2147 1867 Alyattis
2185 1798 2522 1865 temporibus
2561 1796 2642 1845 in-

1545 1877 1632 1922 tra
1675 1872 1779 1922 617
1805 1871 2001 1922 -560
2044 1886 2171 1920 ann.
2219 1868 2527 1933 regnantist
2570 1864 2642 1914 ad

1547 1957 1693 2007 quae
1713 1941 1986 1992 Glaucum
2020 1938 2265 1989 detrudit
2288 1937 2348 1986 O.
2381 1936 2447 1986 Ο.
2473 1932 2643 1984 Muel-

1544 2011 1625 2060 ler
1665 2009 1888 2060 Handb.
1942 2009 1996 2059 d.
2043 2005 2401 2070 Archaeolog.
2453 2006 2503 2067 ἕ.
2552 2001 2640 2053 61.

1544 2095 1598 2146 p.
1635 2078 1706 2128 40
1732 2079 1818 2129 ed.
1855 2082 1983 2128 tert.
2022 2076 2148 2128 coll.
2171 2074 2348 2140 Sillig.
2387 2071 2643 2135 catalog.

1546 2147 1758 2199 Artific.
1799 2164 1853 2212 p.
1895 2146 1998 2197 219
2035 2151 2090 2197 et
2114 2147 2319 2196 Brunn.
2358 2141 2554 2194 Gesch.
2587 2141 2641 2192 d.

1546 2217 1762 2269 Griech.
1785 2215 2050 2267 Kiiustler
2087 2217 2132 2266 1.
2175 2231 2225 2280 p.
2257 2213 2344 2275 29,
2383 2213 2477 2278 qui
2517 2226 2644 2261 cau·

1546 2287 1659 2336 tius
1705 2287 1762 2335 in
1808 2285 1912 2337 hac
1960 2302 2020 2336 re
2066 2285 2201 2352 agit.
2271 2281 2536 2348 Equidem
2585 2279 2644 2328 in

1547 2356 1818 2407 Herodoti
1870 2356 2053 2405 verbis
2116 2354 2184 2404 de
2239 2352 2448 2404 Glauco
2503 2347 2643 2400 nihil

1549 2426 1788 2489 reperio,
1844 2425 1988 2489 quod
2049 2422 2315 2474 Glaucum
2357 2418 2648 2485 aequalem

1553 2493 1792 2560 Alyattis
1827 2497 2074 2543 statuere
2103 2508 2203 2542 nos
2227 2493 2419 2555 cogat:
2459 2488 2646 2547 immo,

1554 2563 1689 2613 haec
1757 2562 1804 2611 si
1860 2562 2052 2611 Nostri
2109 2574 2259 2609 mens
2311 2558 2536 2618 fuisset,
2591 2554 2649 2604 id

1553 2632 1748 2697 opinor
1795 2629 1978 2694 aliquo
2036 2630 2196 2679 modo
2251 2625 2648 2691 significasset3

1552 2702 1742 2765 itaque
1778 2702 1908 2747 ante
1943 2697 2184 2760 Alyattis
2222 2708 2450 2760 regnum
2485 2691 2650 2743 Glau-

1553 2786 1678 2820 cum
1705 2767 1912 2815 vixisse
1940 2770 2165 2830 arteque
2200 2779 2299 2814 sua
2319 2761 2651 2812 inclaruisse

1555 2837 1847 2889 dicendum
1884 2836 2006 2885 erit.
2084 2834 2245 2884 Conf.
2296 2832 2461 2882 etiam
2506 2829 2652 2880 Clin-

1556 2913 1653 2957 100
1706 2906 1861 2955 Fast.
1917 2903 2061 2954 Hell.
2127 2903 2175 2953 I.
2237 2918 2289 2966 p.
2359 2898 2476 2950 178.
2528 2896 2649 2949 184.

1555 2974 1816 3027 Fischer:
1871 2971 2170 3024 Zeittafeln
2207 2987 2258 3036 p.
2301 2970 2386 3022 80.
2460 2970 2652 3034 Neque

1554 3045 1681 3096 inde
1718 3045 1790 3094 ad
1823 3041 1978 3093 illam
2029 3041 2334 3092 Samiorum
2380 3037 2652 3089 artificum

1558 3112 1829 3175 scholam,
1867 3127 2008 3177 quae
2045 3110 2214 3160 multo
2267 3113 2392 3174 post
2440 3108 2656 3159 demum

1559 3184 1770 3245 floruit,
1809 3181 2004 3232 referri
2039 3180 2242 3245 poterit
2281 3177 2553 3239 Glaucus,
2591 3180 2656 3225 ut

1558 3251 1888 3319 quibusdam
1963 3249 2237 3316 placuisse
2316 3247 2478 3298 video
2554 3242 2652 3307 (cf.

1563 3322 1848 3386 Boettiger
1861 3319 2149 3370 Amalthea
2174 3317 2285 3369 111.
2318 3332 2371 3381 p.
2401 3316 2487 3365 25.
2511 3314 2653 3373 not.)

1566 3392 1634 3442 ob
1682 3389 2045 3455 Stephanum,
2093 3389 2186 3453 qui
2231 3390 2296 3436 s.'
2324 3398 2377 3434 v.
2429 3374 2654 3442 Αἰθάλη

1566 3459 1832 3511 Glaucum
1877 3460 2015 3509 dixit
2062 3456 2297 3507 Samimn.
2367 3451 2516 3502 Satis
2562 3463 2658 3497 au·

1565 3533 1676 3578 tem
1735 3532 1926 3577 notum
1981 3529 2092 3586 est,
2128 3520 2324 3575 Glauci
2367 3522 2542 3568 artem
2599 3516 2658 3564 in

1567 3596 1913 3662 proverbium
1962 3593 2121 3659 quasi
2165 3589 2428 3648 cessisse,
2473 3585 2552 3635 ita
2595 3588 2660 3634 ut

1569 3657 1835 3715 Γλαύκου
1872 3661 2040 3726 τέχνη
2087 3661 2156 3710 de
2190 3658 2352 3708 rebus
2388 3656 2663 3706 diceretur

1569 3733 1799 3784 multum
1856 3728 2060 3796 ingenii
2114 3726 2443 3790 artificiique
2485 3722 2662 3789 requi·

1571 3802 1841 3861 rentibus,
1878 3799 2023 3866 quod
2060 3813 2169 3847 non
2205 3794 2348 3861 fugit
2370 3792 2659 3845 Heindorf.

1573 3872 1645 3924 ad
1688 3869 1834 3921 Plat.
1882 3867 2162 3921 Phaedon.
2223 3882 2274 3931 p.
2325 3865 2446 3917 225.
2520 3863 2661 3913 Nam

1575 3939 1836 4005 imprimis
1897 3938 2039 3989 hanc
2092 3938 2160 3986 ob
2216 3950 2440 3986 causam
2490 3932 2662 3983 hocce

1578 4025 1714 4075 opus
1761 4008 2043 4058 Herodoto
2080 4008 2561 4057 commemoratum
2595 4016 2662 4051 ac

1578 4095 1674 4145 per
1717 4081 1892 4128 totam
1938 4077 2054 4127 fere
2100 4075 2490 4142 antiquitatem
2523 4070 2662 4120 cele-

1577 4150 1813 4199 bratum.
1849 4149 2014 4198 Locis
2050 4161 2213 4210 supra
2258 4143 2403 4193 hanc
2447 4142 2506 4190 in
2548 4150 2662 4188 rem

1575 4217 1818 4268 laudatis
1860 4218 1954 4268 Cr.
1993 4215 2151 4265 addit
2197 4211 2393 4264 Achill.
2441 4208 2664 4260 Tatium

1577 4288 1656 4349 11,
1702 4286 1751 4339 3.
1787 4301 1840 4352 p.
1877 4285 1992 4338 110.
2032 4284 2171 4335 Sunt
2206 4297 2337 4333 vero
2371 4278 2664 4346 praecipue

1577 4355 1881 4422 spectanda
1927 4355 1986 4403 in
2020 4353 2106 4403 his
2147 4355 2395 4415 tempora
2443 4346 2540 4397 illa
2581 4360 2664 4394 re-

1576 4426 1838 4488 motiora,
1888 4423 2084 4489 quibus
2137 4418 2274 4470 talia
2311 4431 2494 4485 -opera
2537 4428 2665 4465 con-
