3109 5092
1242 329 1523 423 omsso„
1544 333 1595 391 1.
1647 342 1734 395 30.
2539 330 2621 390 63

336 503 441 571 τοὶ
468 501 597 591 γὰρ
628 499 755 571 οὐκ
787 498 927 573 οἷοί
947 531 1019 575 τε
1047 494 1221 592 ἦσαν
1250 496 1724 599 αὐτόἰποιῆσαι
1755 498 2106 588 Ἀθηναῖοι
2124 523 2139 537 ·
2186 494 2473 591 ὁρκίοισι
2501 499 2631 590 γὰρ

337 603 686 692 μεγάλοισι
722 612 1143 695 κατείχοντο,
1196 608 1359 675 δέκα
1404 612 1555 674 ἔτεα
1593 603 1964 695 χρήσεσθαι
1997 602 2297 692 νόμοισι,
2354 602 2510 685 τούς
2544 601 2632 672 ἅν

337 728 462 796 σφι
504 706 751 778 Σόλων
787 715 1015 799 θῆται.
1102 706 1350 779 Αὐτῶν
1399 705 1486 796 δὴ
1540 698 1639 778 οἷν
1684 707 1947 776 τούτων
1999 709 2114 775 καὶ
2159 712 2276 796 τῆς
2331 714 2627 797 θεωρίης
2643 718 2724 780 30

339 907 620 960 Demosth.
664 909 884 974 Leptin.
933 925 989 974 p.
1037 907 1265 961 CXXVI
1313 923 1428 974 seq.

339 978 480 1028 Add.
501 978 884 1029 Westermann
1013 977 1295 1029 Plutarch.
1316 979 1431 1028 vit.

343 1048 528 1097 Solon.
560 1048 642 1099 15.
674 1065 727 1113 p.
753 1048 842 1099 37.
925 1048 1301 1099 oniunctivum
1324 1044 1435 1110 θῆ-

343 1131 434 1164 ται
473 1116 660 1167 addita
695 1117 894 1168 voculo
940 1108 1016 1166 ἄν
1057 1118 1196 1166 satis
1246 1118 1436 1182 opinor

343 1190 529 1237 tuetur
586 1187 829 1237 futurum
884 1178 1197 1252 χρήσεσθαι
1214 1224 1229 1249 ,
1293 1185 1439 1251 quod

347 1255 642 1306 antecedit.

720 1427 856 1478 Cu.
895 1427 1066 1478 XXX.

414 1521 613 1580 Αὐτῶν
658 1522 723 1578 «3⁴¹
785 1517 869 1579 ὦν
914 1522 1136 1579 τούτων
1181 1522 1278 1578 καὶ
1334 1523 1437 1592 τῆς

342 1598 601 1663 θεωρίης
635 1546 959 1664 &gaudeas
994 1590 1024 1647 ὁ
1058 1589 1264 1647 Σόλων
1294 1595 1436 1646 εἵνε-

340 1683 445 1719 κεν
490 1658 547 1724 ἐς
580 1665 870 1732 Αἴγυπτον
913 1661 1149 1717 ἀπίκετο
1188 1682 1241 1717 κ.
1278 1663 1436 1731 τ.“λ.]

340 1740 500 1788 Haec
526 1738 720 1799 verba,
757 1753 987 1803 quorum
1026 1752 1245 1786 sensum
1278 1750 1435 1785 nemo

338 1823 454 1858 non
486 1813 773 1858 assecutus
813 1813 923 1869 est,
960 1806 1135 1856 mains
1157 1807 1436 1871 negotium

342 1876 605 1927 exhibent
617 1914 632 1940 ,
688 1882 993 1941 temporum
1010 1904 1021 1914 ·
1038 1877 1306 1926 rationem
1350 1885 1437 1925 ac-

342 1946 589 1997 curatius
624 1946 671 1995 si
702 1960 1109 2011 persequamur.
1168 1945 1325 1995 Unde
1359 1944 1439 1995 fa-

342 2021 495 2065 ctum
533 2018 645 2078 est,
693 2021 755 2065 ut
804 2015 1076 2066 nonnullis
1123 2018 1299 2065 totum
1334 2014 1440 2064 hoc

345 2085 677 2149 colloquium
695 2084 910 2135 Solonis
931 2099 1054 2135 cum
1064 2084 1266 2135 Croeso
1288 2099 1438 2149 pror·
1480 2082 1495 2097 ⁰

344 2170 442 2204 sus
480 2153 667 2204 fictum
712 2154 1013 2216 videretur,
1061 2155 1261 2220 quippe
1308 2159 1439 2204 tem-

344 2238 540 2288 porum
573 2223 788 2274 ratione
820 2224 1162 2289 refragante,
1202 2239 1322 2274 cum
1344 2224 1441 2273 So-

344 2293 529 2342 lonem
554 2292 773 2359 Olymp.
809 2292 1006 2354 XLVI,
1044 2293 1077 2344 3
1113 2308 1158 2343 s.
1185 2293 1288 2344 594
1313 2298 1443 2342 ante

350 2362 478 2412 Chr.
519 2378 574 2411 n.
607 2362 1030 2412 Atheniensibus
1064 2361 1215 2427 leges
1250 2362 1445 2411 tulisse

349 2435 568 2482 constet
612 2432 951 2498 eundemque
998 2432 1307 2495 tyrannidis
1355 2430 1444 2480 Pi-

346 2502 646 2551 sistrateae
707 2517 852 2552 auno
923 2499 1163 2550 secundo
1220 2500 1441 2561 obiisse,

348 2572 385 2621 i.
409 2586 457 2619 e.
483 2569 701 2634 Olymp.
717 2571 830 2633 LV,
856 2571 890 2620 2
926 2585 973 2620 s.
1000 2569 1103 2620 559
1134 2585 1187 2620 a.
1213 2570 1337 2620 Chr.
1364 2585 1440 2631 n.‚

348 2654 460 2704 quo
496 2644 741 2703 tempore
777 2639 1009 2689 Croesus
1027 2675 1041 2701 ,
1093 2640 1187 2703 qui
1223 2637 1444 2703 Alyatte

348 2712 566 2757 mortuo
618 2706 746 2771 (560
777 2724 829 2760 a.
867 2709 992 2759 Chr.
1035 2706 1114 2772 n.)
1168 2707 1445 2772 Lydorum

347 2792 579 2841 regnum
616 2779 884 2842 suscepit,
943 2776 1165 2827 vixdum
1215 2791 1444 2841 regnare

348 2848 609 2909 coeperat
665 2860 840 2910 neque
884 2845 1141 2897 Solonem
1196 2846 1443 2911 excipere

346 2920 599 2979 poterat,
648 2915 769 2979 qui,
806 2930 970 2980 quum
1005 2914 1330 2965 Pisistratus
1362 2931 1443 2965 re-

347 2999 472 3032 rum
502 2984 772 3047 potiretur
817 2983 942 3048 (560
977 2999 1028 3033 a.
1067 2983 1195 3034 Chr.
1234 2984 1335 3050 n.),
1373 2984 1441 3034 ab

346 3052 643 3102 itineribus
677 3053 788 3103 iam
831 3054 889 3103 in
933 3053 1170 3118 patriam
1205 3054 1445 3105 redierat

346 3126 495 3171 teste
509 3121 804 3173 Plutarcho
814 3123 874 3173 in
889 3122 1075 3173 Solon.
1090 3122 1204 3174 Vit.
1217 3139 1337 3188 cap.
1353 3121 1440 3174 29.

344 3192 586 3254 Propter
625 3192 725 3242 has
762 3191 1117 3242 difficultates
1165 3192 1446 3242 chronolo-

346 3262 507 3326 gicas
520 3260 754 3311 Grauert
766 3259 871 3325 (De
881 3262 1100 3326 Aesopo
1113 3277 1168 3325 p.
1182 3264 1251 3313 44
1265 3260 1442 3327 seqq.)

347 3329 517 3394 plane
548 3328 665 3379 fieri
699 3331 945 3394 potuisse
976 3335 1165 3396 negat,
1201 3336 1263 3380 ut
1286 3331 1447 3381 Croe-

348 3414 476 3448 sum
510 3398 772 3450 Sardibus
807 3399 936 3451 Solo
974 3401 1317 3450 convenerit:
1353 3399 1449 3464 qui

349 3467 402 3517 si
441 3482 633 3517 revera
665 3469 896 3519 Athenis
931 3468 1209 3534 profectus
1248 3467 1448 3520 Sardes

350 3538 596 3599 venerit,
642 3537 699 3587 id
734 3538 792 3587 in
828 3553 892 3589 ea
930 3542 1178 3603 tempora
1210 3538 1447 3589 incidere

350 3605 572 3667 debere,
585 3607 782 3671 quibus
800 3622 1027 3673 regnum
1044 3611 1230 3657 tenere
1242 3607 1445 3658 Croeso

348 3691 449 3740 per
495 3680 738 3726 aetatem
783 3675 930 3727 haud
978 3676 1214 3727 licuerit.
1296 3676 1447 3727 Solo-

248 3743 257 3751 '
352 3760 507 3807 nem,
547 3749 798 3809 gemente
834 3746 936 3796 sub
963 3744 1246 3795 Pisistrati
1281 3745 1448 3795 domi-

350 3815 582 3863 natione
616 3812 844 3865 civitate
876 3815 1093 3875 Attica,
1132 3815 1189 3864 iu
1218 3814 1450 3879 Lydiam

351 3883 665 3946 profectum
701 3899 823 3933 csse
857 3883 1141 3934 contendit
1176 3883 1449 3933 Meursius

354 3952 411 4000 iu
448 3951 635 4003 Solon.
666 3953 762 4015 28,
800 3968 909 4003 nou
944 3953 1274 4017 reprobante
1296 3954 1452 4004 Wes-

352 4017 590 4086 selingio
621 4022 693 4071 ad
724 4021 778 4072 h.
806 4020 876 4080 1.;
915 4022 1163 4087 quamvis
1198 4021 1303 4073 hoc
1339 4021 1451 4072 col-

352 4088 601 4154 loquium
636 4094 766 4141 ante
789 4091 1074 4141 Pisistrati
1110 4092 1453 4157 tyrannidem

352 4158 609 4209 habitum
666 4175 787 4209 esse
846 4159 942 4210 alii
996 4159 1252 4211 clament.
1347 4161 1455 4212 Sed

352 4226 647 4278 audiamus
680 4229 1036 4280 Plutarchum
1070 4230 1129 4279 in
1165 4230 1285 4280 vita
1307 4229 1458 4280 Solo-

350 4297 443 4346 nis
482 4313 532 4348 c.
570 4299 639 4348 27
689 4297 761 4361 (Ι.
797 4314 852 4363 p.
891 4297 960 4350 93
995 4298 1065 4365 Β)
1104 4300 1185 4349 ita
1221 4298 1459 4349 scriben-

352 4370 495 4416 tem=
544 4358 656 4431 τὴν
692 4359 758 4414 δὲ
796 4359 944 4431 πρὸς
978 4366 1240 4432 Κροῖσον
1273 4361 1460 4417 ἔντευ-

1538 902 1632 969 ξιν
1666 896 1848 957 αὐτοῦ
1884 902 2164 957 δοκοῦσιν
2184 899 2329 956 ἔνιοι
2359 906 2480 963 τοῖς
2501 897 2632 970 χρό-

1538 991 1664 1034 νοις
1737 966 1814 1033 ὡς
1888 971 2291 1041 πεπλασμένην
2374 968 2632 1040 ἐλέγχειν.

1530 1037 1675 1110 Ἐγὼ
1703 1039 1788 1122 ,δὲ
1833 1037 2006 1123 λόγον
2050 1039 2295 1105 ἔνδοξον
2340 1033 2491 1092 οὕτω
2540 1038 2635 1092 καὶ

1537 1128 1854 1171 τοσουτους
1910 1128 2093 1178 μαρτυ
2131 1129 2201 1172 ας
2262 1108 2466 1178 ἔχοντα
2518 1108 2671 1175 nal„

1540 1175 1574 1234 ὃ
1608 1174 1801 1248 μεῖζόν
1836 1172 1978 1246 ἔστι,
2013 1198 2092 1248 πρ
2123 1197 2309 1232 ποντα
2338 1179 2418 1251 τῷ
2440 1174 2633 1231 Σόλω-

1542 1267 1642 1310 νος
1677 1245 1817 1317 ἤθει
1857 1246 1952 1300 καὶ
1997 1251 2100 1317 τῆς
2139 1244 2360 1302 ἐκείνου
2398 1251 2633 1316 μεγαλο-

1539 1313 1841 1389 φροσύνης
1886 1315 1982 1369 καὶ
2042 1320 2250 1386 σοφίας
2297 1311 2498 1385 ἄξιον,
2560 1308 2634 1369 οὗ

1536 1406 1634 1456 μοι
1690 1388 1857 1440 δοκεῖ
1907 1382 2271 1455 προήσεσθαι
2337 1390 2633 1455 χρονικοῖς

1536 1472 1650 1510 τισι
1693 1453 2018 1523 λεγομένοις
2063 1453 2334 1522 κανόσιν,
2390 1448 2494 1517 οὓς
2528 1473 2632 1523 μυ-

1537 1519 2517 1663 32323s‘25233‘323252332‘332’
2531 1523 2633 1646 ἕξ

1540 1682 1744 1718 νανται
1779 1664 2127 1731 καταστῆσαι
2159 1659 2260 1723 τὰς
2289 1660 2632 1729 α’ντιλογιάς.

1543 1738 1663 1800 Quo
1705 1734 1826 1786 loco
1862 1735 1981 1784 iure
2000 1736 2307 1786 Larcherus
2348 1737 2542 1786 nititur
2577 1735 2635 1783 in

1541 1807 1642 1869 iis,
1700 1820 1840 1871 quae
1885 1804 2058 1855 multa
2103 1810 2220 1855 tum
2274 1806 2330 1855 in
2383 1810 2518 1855 uota
2564 1801 2635 1853 ad

1539 1875 1810 1927 Herodoti
1852 1872 2032 1923 locum
2088 1873 2155 1923 de
2199 1880 2504 1939 temporum
2548 1888 2634 1923 ra·

1540 1946 1691 1996 tione
1726 1943 1974 2005 disserit,
2024 1947 2139 1992 tum
2173 1944 2232 1993 in
2268 1943 2636 2009 chronologia

1541 2012 1809 2064 Herodot.
1867 2028 1989 2077 cap.
2035 2012 2167 2064 VII.
2222 2030 2278 2079 p.
2331 2014 2432 2065 205
2480 2029 2630 2079 seqq.

1540 2083 1707 2135 Ponit
1743 2084 1927 2132 autem
1967 2080 2186 2133 Solonis
2235 2082 2634 2149 legislationem
2695 2090 2703 2095 '

1543 2168 1688 2204 anuo
1720 2152 1827 2203 594
1857 2167 1908 2201 a.
1936 2150 2060 2202 Chr.
2077 2168 2130 2202 n.
2144 2168 2189 2203 s.
2207 2152 2633 2219 Olymp.XLVI,

1543 2224 1605 2284 33
1645 2220 1861 2272 Solonis
1899 2222 2290 2286 profectionem
2328 2223 2399 2273 ad
2434 2221 2633 2274 Sardes

1542 2292 1648 2343 570
1673 2307 1724 2340 a.
1742 2290 1934 2341 Chr.n.
1951 2308 1994 2342 s.
2019 2291 2372 2358 Olymp.L11,
2390 2293 2451 2353 33
2492 2305 2633 2343 mor-

1543 2366 1655 2411 tem
1678 2360 1911 2425 denique
1927 2360 2030 2413 559
2051 2377 2104 2412 a.
2122 2361 2247 2412 Chr.
2261 2378 2317 2413 n.
2343 2379 2389 2413 s.
2415 2361 2630 2427 Olymp.

1545 2430 1660 2492 LV,
1689 2432 1740 2494 2,
1769 2445 1891 2480 cum
1911 2431 2235 2481 Pisistratus
2260 2432 2470 2497 aliquot
2507 2434 2636 2480 ante

1545 2500 1720 2562 annis,
1741 2500 1838 2550 561
1867 2516 1919 2550 a.
1937 2500 2062 2549 Chr.
2075 2515 2130 2550 n.
2146 2516 2192 2549 s.
2207 2499 2423 2565 Olymp.
2439 2500 2584 2562 LIV,
2602 2498 2635 2549 3

1543 2568 1788 2618 Athenas
1836 2583 2105 2633 occupare
2151 2569 2442 2634 coepisset.
2525 2567 2635 2617 Ubi

1544 2637 1891 2702 potissimum
1935 2636 2218 2688 Plutarchi
2276 2637 2396 2688 loco
2441 2637 2634 2697 utitur,

1546 2706 1679 2756 ibid.
1730 2706 1788 2754 in
1827 2704 1920 2755 fin.
1968 2721 2088 2772 cap.
2128 2706 2196 2757 32
2244 2721 2273 2756 e
2308 2707 2522 2758 Phania
2556 2720 2637 2755 re-

1546 2774 1793 2837 ferentis,
1809 2774 2062 2825 Solonem
2089 2775 2291 2825 obiisse
2302 2776 2635 2841 Hegestrato

1546 2844 1825 2896 archonte.
1904 2845 2057 2906 Quae
2107 2843 2325 2909 quidem
2373 2846 2453 2895 sic
2498 2844 2634 2895 satis

1545 2915 1650 2965 sibi
1699 2914 2034 2965 conveniunt
2088 2912 2360 2980 vulgoque
2415 2920 2638 2979 recepta

1543 2983 1877 3045 referuntur,
1916 2999 2242 3050 quamquam
2278 2986 2512 3037 maiores
2548 3000 2638 3033 ex·

1545 3055 1794 3103 oriuntur
1821 3052 2174 3104 difficultates
2200 3052 2635 3121 chronologicae,

1546 3123 1594 3173 si
1636 3122 1849 3185 Croesi,
1901 3138 2135 3190 quocum
2168 3122 2297 3175 Solo
2344 3130 2428 3175 est
2474 3123 2636 3175 collo-

1545 3196 1733 3254 cutus,
1771 3195 2016 3258 tempora
2041 3207 2334 3258 eorumque
2368 3195 2634 3245 rationem

1543 3260 1866 3326 perpendas.
1938 3262 2005 3312 In
2050 3278 2191 3328 quae
2236 3267 2363 3328 post
2398 3263 2635 3314 Larche-

1545 3345 1664 3381 rum
1694 3330 1918 3397 eiusque
1954 3331 2327 3383 adversarium
2350 3332 2635 3382 Volneium

1549 3398 1898 3466 (chronolog.
1937 3400 2258 3451 d'Herodot.
2306 3416 2362 3464 p.
2408 3402 2476 3451 54
2512 3414 2633 3480 sqq.

1549 3468 1674 3519 coll.
1695 3484 1749 3534 p.
1777 3470 1847 3520 30
1883 3466 2034 3534 sqq.)
2076 3469 2391 3532 diligentius
2412 3468 2637 3532 inquisi-

1549 3538 1632 3588 vit
1643 3538 1798 3587 Ioan.
1823 3537 2020 3588 Matth.
2047 3536 2359 3587 Schultzius
2381 3537 2437 3586 in
2458 3537 2638 3601 Appa-

1549 3611 1673 3657 ratu
1698 3605 1768 3655 ad
1788 3605 1991 3655 annall.
2016 3606 2221 3655 critice.
2264 3621 2394 3655 rerr.
2413 3606 2636 3657 Graece.

1550 3675 1734 3726 Kiliae
1755 3673 1891 3725 1826
1913 3690 1967 3739 p.
1997 3674 2062 3725 16
2097 3689 2250 3739 seqq.
2298 3681 2353 3725 et
2375 3675 2531 3740 Spec.
2561 3675 2638 3724 11.

1550 3760 1606 3809 p.
1650 3742 1732 3793 10.
1774 3742 2063 3806 Volusius,
2118 3747 2181 3793 ut
2226 3758 2488 3795 summam
2535 3744 2642 3795 sal-

1551 3820 1662 3862 tem
1699 3811 2086 3883 disputationis
2122 3813 2191 3863 ab
2225 3812 2319 3864 illo
2353 3816 2641 3865 institutae

1552 3881 1871 3943 referamus,
1897 3882 2110 3934 Solonis
2130 3882 2524 3949 legislationem
2545 3900 2640 3949 po-

1552 3951 1638 4001 nit
1656 3966 1797 4001 auno
1833 3950 1937 4002 594
1961 3967 2012 4002 a.
2035 3952 2254 4017 Chr.n.,
2291 3955 2490 4004 itinera
2518 3954 2638 4015 573,

1555 4022 2030 4073 commorationem
2076 4022 2219 4088 apud
2256 4022 2518 4073 Croesum
2563 4024 2641 4073 in-

1556 4090 1732 4157 deque
1782 4091 2017 4143 reditum
2065 4092 2192 4153 563,
2248 4098 2475 4142 mortem
2512 4090 2638 4151 5593

1552 4160 1904 4212 Pisistratum
1953 4177 2084 4211 vero
2136 4161 2367 4225 primum
2402 4160 2641 4211 Athenas

1559 4236 1914 4295 occupantem
1948 4230 2182 4280 collocat
2215 4230 2318 4281 500
2350 4246 2402 4280 a.
2431 4230 2555 4280 Chr.
2585 4246 2639 4279 n.

1560 4298 1902 4361 Schultzius,
1939 4300 2033 4364 qui
2053 4298 2305 4349 Solonem
2341 4299 2459 4348 vult
2493 4298 2642 4363 leges

1559 4366 1982 4420 Atheniensibus
2008 4366 2224 4418 dedisse
2243 4367 2347 4418 594
2360 4382 2409 4417 a.
2427 4366 2551 4417 Chr.
2565 4381 2641 4430 n.‚
