3109 5092
484 362 566 422 80
1358 362 1906 424 HERODOTI

482 533 791 623 ἐχόμενος
822 537 936 603 καὶ
964 531 1047 604 οὐ
1081 533 1381 625 καθαρὸς
1411 552 1637 624 χεῖρας
1672 535 1838 621 ἐῶν,
1880 535 2065 628 Φρὺξ
2099 537 2226 625 μὲν
2255 540 2490 626 γενεῇ,
2534 538 2762 624 γένεος

484 639 559 707 δὲ
602 643 723 708 τοῦ
764 645 1141 726 βασιληΐου.
1211 637 1578 730 παρελθών
1636 639 1712 708 δὲ
1759 630 1953 720 οὗτος
2002 643 2069 720 ἐς
2110 639 2192 709 τὰ
2232 648 2533 730 Κροίσου
2581 646 2762 710 οἰκία

481 739 649 812 κατὰ
671 739 1096 830 νόμους’τούς
1120 744 1516 833 ἐπιχωρίους
1546 751 1926 832 καθαρσίου
1952 746 2175 813 ἐδέετο
2199 749 2487 834 κυρῆσαι
2504 765 2518 779 ·
2549 752 2756 836 Κροῖ-

476 941 663 1009 loquio
700 943 964 1010 benigno,
1005 947 1260 1009 tectoque
1291 948 1347 994 et
1383 946 1566 996 convi-

476 1014 597 1078 vio,
653 1019 715 1064 ut
752 1014 844 1080 qui
881 1012 951 1064 ad
999 1012 1214 1063 domum
1259 1014 1435 1079 ipsam
1486 1016 1567 1065 fa-

404 1086 409 1090 ’
476 1083 789 1149 miliamque
830 1083 1153 1148 pertineret,
1206 1086 1562 1149 exciperetur.

477 1153 752 1203 Pertinuit
797 1168 925 1203 vero
963 1152 1067 1202 hoc
1114 1154 1457 1217 potissimum
1494 1155 1565 1204 ad

479 1238 600 1285 eoa,
658 1224 750 1288 qui
800 1222 966 1273 caede
1017 1227 1237 1286 patrata
1284 1224 1370 1274 vel
1414 1226 1565 1274 invo-

475 1290 717 1341 luntaria
762 1307 859 1356 pro
920 1307 1069 1342 more
1118 1291 1369 1343 heroicae
1416 1298 1567 1343 aeta-

475 1362 548 1409 tis
590 1360 772 1427 patria
808 1366 954 1412 terra
1001 1361 1192 1411 cedere
1245 1362 1568 1427 facinusque

476 1431 824 1480 commissum
886 1429 1105 1493 exsilio,
1177 1431 1265 1481 vel
1320 1432 1567 1498 longiore

476 1499 565 1550 vel
593 1515 803 1564 annuo,
852 1504 914 1549 ut
959 1499 1104 1565 apud
1140 1502 1391 1565 Huripid.
1430 1503 1566 1567 Hip-

476 1569 648 1634 polyt.
686 1585 767 1620 vs.
806 1569 874 1621 35
908 1568 1164 1635 legimus,
1202 1570 1351 1621 luere
1387 1572 1567 1621 coacti

476 1643 657 1702 erant,
739 1654 967 1704 quorum
1046 1643 1107 1689 ut
1177 1640 1565 1691 sceleratorum

476 1724 688 1759 omnem
718 1708 1146 1759 communionem
1172 1714 1269 1759 aut
1303 1726 1563 1762 commer—

475 1778 619 1828 cium
641 1778 1054 1842 aversabantur,
1093 1794 1266 1844 usque
1303 1781 1430 1830 dum
1461 1780 1565 1830 cri-

474 1849 618 1898 mine
654 1848 736 1897 illi
771 1849 976 1913 expiati
1013 1854 1197 1898 essent
1223 1865 1288 1900 eo
1312 1851 1439 1912 ritu,
1469 1850 1563 1914 qui

473 1917 511 1968 l.
552 1918 588 1967 l.
629 1920 903 1983 copiosius
954 1918 1300 1968 describitur.
1382 1920 1564 1984 Atque

473 1986 634 2037 huius
665 1989 856 2051 moris,
896 1988 952 2037 in
988 2004 1094 2053 quo
1133 1989 1415 2053 sanguinis
1448 1990 1564 2037 vin-

475 2056 681 2119 dictae,
721 2072 882 2123 quam
907 2058 1124 2119 dicunt,
1161 2058 1307 2107 haud
1331 2058 1564 2108 obscura

473 2127 710 2192 vestigia
733 2132 1027 2176 cernuntur
1072 2126 1242 2190 (illam
1279 2128 1420 2177 enim
1454 2143 1564 2176 non

471 2196 651 2245 minus
687 2195 833 2261 apud
869 2196 1278 2259 antiquissimos
1303 2196 1562 2259 Graecos,

474 2280 636 2330 quam
682 2265 827 2330 apud
876 2263 1166 2315 orientales
1220 2270 1412 2330 gentes
1468 2280 1564 2315 va-

464 2333 666 2397 ·luisse,
716 2335 809 2383 vix
846 2334 974 2396 erit,
1019 2334 1111 2398 qui
1159 2333 1363 2399 neget),
1401 2335 1562 2384 huius

471 2404 693 2468 inquam
748 2404 914 2453 moris
962 2402 1073 2452 alia
1119 2418 1333 2468 quoque
1389 2404 1560 2454 multo

471 2478 598 2539 post
634 2477 925 2523 occurrunt
962 2472 1201 2538 vestigia
1246 2473 1333 2522 vel
1376 2474 1560 2539 potius

472 2541 734 2608 reliquiae
777 2543 836 2592 in
879 2542 1289 2593 Atheniensium
1346 2541 1563 2608 legisla-

471 2616 621 2663 tione
665 2612 1007 2678 iudiciisque.
1081 2612 1212 2662 Fuit
1258 2612 1399 2662 enim
1435 2628 1560 2663 con-

469 2683 725 2733 stitutum
760 2682 1126 2749 religioneque
1158 2686 1432 2732 sacratum
1467 2697 1562 2731 an-

471 2753 516 2803 ti
556 2753 839 2803 nissimum
905 2752 1163 2801 iudicium
1225 2750 1560 2816 Ephetarum

473 2769 567 2871 ἕσὲὶ
614 2818 948 2888 Παλλαδίῳ,
1001 2820 1147 2885 quod
1188 2824 1406 2885 praeter
1449 2821 1561 2871 alia

474 2890 772 2954 inquireret
793 2891 850 2939 in
869 2889 1065 2939 caedes
1090 2889 1397 2939 inconsulto
1418 2905 1561 2940 com-

472 2959 697 3021 missas,
735 2963 959 3008 auctore
984 2959 1263 3008 Pausania
1295 2959 1342 3020 1,
1379 2959 1465 3021 28,
1503 2959 1556 3009 9.

475 3028 595 3090 Quo
633 3029 691 3075 in
734 3026 938 3077 iudicio
972 3041 1033 3076 re
1064 3026 1371 3091 disceptata
1414 3042 1566 3076 reum

476 3096 719 3161 oportuit
744 3112 840 3160 per
877 3110 1074 3145 annum
1105 3096 1334 3147 Athenis
1371 3096 1566 3146 abesse

477 3170 532 3216 et
567 3166 714 3215 intra
750 3165 853 3215 hoc
891 3168 1104 3228 tempus
1151 3165 1218 3214 de
1253 3165 1435 3215 reditu
1470 3180 1566 3229 pa-

475 3236 609 3285 cisci
647 3250 770 3284 cum
802 3234 1052 3299 cognatis
1089 3234 1234 3299 eius,
1281 3250 1438 3300 quem
1484 3234 1565 3283 in-

476 3303 724 3356 consulto
791 3303 1159 3354 interfecerat.
1261 3305 1377 3355 Nec
1445 3304 1563 3354 eius

472 3375 622 3427 bona
666 3373 947 3440 publicata
993 3378 1149 3436 sunt,
1194 3388 1295 3423 nec
1346 3373 1405 3421 in
1440 3373 1563 3437 ipso

474 3444 666 3495 exsilio
712 3443 1030 3511 propinquis
1088 3442 1365 3493 interfecti
1406 3441 1564 3492 licuit

475 3515 715 3565 exsulem
776 3513 1055 3579 persequi;
1116 3514 1207 3578 qui
1265 3512 1360 3563 ubi
1419 3528 1562 3563 anno

473 3583 848 3650 praeterlapso
886 3599 1006 3633 cum
1039 3580 1147 3632 illis
1171 3586 1365 3647 pactus
1395 3586 1560 3644 esset,

473 3655 701 3718 patebat
736 3654 786 3703 ei
821 3652 1028 3702 reditus
1063 3652 1119 3701 in
1156 3653 1417 3718 patriam,
1467 3652 1562 3701 ubi

474 3727 655 3772 tamen
714 3723 821 3787 ipsi
876 3737 1098 3772 necesse
1157 3726 1275 3772 erat
1333 3720 1559 3786 expiari.

475 3791 634 3841 Conf.
692 3791 871 3841 Schol.
922 3790 994 3840 ad
1036 3791 1224 3855 Eurip.
1274 3789 1558 3855 Hippolyt.

475 3858 563 3910 35.
634 3858 917 3909 Demosth.
954 3874 1051 3923 pro
1085 3860 1283 3910 Neaer.
1320 3875 1375 3923 p.
1405 3857 1556 3920 1348,

474 3927 531 3975 in
579 3926 843 3977 Aristocr.
890 3941 945 3990 p.
992 3925 1113 3977 643.
1154 3926 1253 3979 631
1314 3927 1559 3990 aliosque

476 4001 530 4045 et
579 3997 939 4046 recentiorum
986 3993 1136 4044 locos
1159 4031 1172 4057 ,
1224 3997 1317 4059 qui
1350 3996 1454 4046 hac
1490 3994 1556 4044 de

474 4080 532 4114 re
557 4071 801 4131 egerunt,
827 4062 972 4127 apud
991 4063 1315 4113 Oreuzerum
1332 4066 1389 4114 in
1405 4065 1556 4127 Sym-

471 4132 583 4184 bol.
639 4134 744 4184 III.
808 4148 861 4197 p.
920 4131 1022 4183 356
1072 4146 1225 4195 seqq.
1288 4131 1373 4182 ed.
1426 4136 1553 4181 tert.

471 4202 711 4255 Voemel.
751 4201 817 4251 de
838 4198 1069 4251 Heliaea
1095 4199 1369 4264 (Francos.
1397 4199 1554 4265 1822)

472 4289 526 4338 p.
566 4275 619 4322 4.
657 4275 771 4322 not.
812 4271 860 4324 l.
941 4272 1043 4320 Est
1099 4268 1265 4334 digna
1309 4269 1555 4334 profecto

470 4356 586 4404 res,
623 4354 761 4405 quae
792 4338 896 4389 hoc
931 4337 1273 4404 potissimum
1304 4342 1556 4403 respectu

471 4408 634 4462 altius
672 4408 962 4475 indagetur
989 4422 1022 4458 a
1044 4406 1176 4459 viris
1213 4405 1407 4457 doctis.
1469 4405 1553 4458 De

1667 945 1789 996 aliis
1823 947 2079 1011 gentibus
2114 946 2290 1012 iisque
2312 944 2636 995 nomadibus
2660 960 2756 1011 per

1667 1017 1929 1066 orientem
1971 1017 2207 1080 sparsis,
2254 1016 2398 1082 apud
2446 1030 2581 1080 quos
2631 1015 2757 1064 inde

1668 1085 1735 1134 ab
1808 1086 2185 1150 antiquissimo
2249 1100 2385 1135 aevo
2446 1085 2756 1134 etiamnunc

1665 1154 1912 1204 vindicta
1947 1155 2228 1220 sanguinis
2269 1155 2418 1204 valet
2453 1153 2756 1219 caedesque

1667 1224 1957 1273 commissa
2010 1224 2096 1274 vel
2155 1225 2257 1274 hoc
2311 1224 2397 1273 vel
2447 1223 2542 1273 illo
2597 1222 2755 1273 modo

1666 1293 1867 1343 luenda
1924 1298 2035 1357 est,
2105 1309 2250 1344 nunc
2306 1309 2416 1343 non
2470 1307 2753 1358 quaeram;
2805 1330 2816 1339 .

1672 1364 1873 1428 quippe
1915 1363 2138 1429 longum
2187 1368 2272 1413 est
2332 1367 2386 1413 et
2445 1363 2681 1413 alienum
2723 1377 2757 1410 a

1669 1439 1858 1483 nostro
1908 1433 2190 1494 institut03
2239 1433 2503 1482 maiorum
2545 1436 2757 1482 nostro-

1671 1516 1790 1552 rum
1842 1503 2086 1552 meminit
2141 1504 2257 1566 Gr„
2319 1502 2385 1552 de
2438 1501 2633 1567 quibus
2675 1501 2758 1549 ita

1670 1572 1896 1621 Tacitus
1933 1573 1987 1621 in
2025 1573 2274 1627 German.
2312 1588 2361 1623 c.
2402 1572 2496 1622 21:
2545 1571 2756 1634 „susci-

1667 1657 1795 1705 pere
1829 1646 1942 1692 tam
1976 1642 2292 1692 inimicitias
2329 1656 2426 1691 seu
2458 1643 2630 1704 patris
2659 1654 2756 1689 seu

1665 1712 1983 1776 propinqui,
2029 1726 2192 1775 quam
2224 1710 2494 1760 amicitias
2528 1724 2754 1760 necesse

1667 1785 1776 1843 est,
1832 1797 1934 1830 nec
1965 1779 2336 1845 implacabiles
2382 1779 2597 1830 durant.
2655 1778 2755 1827 lui-

1665 1853 1754 1898 tur
1797 1849 2148 1900 homicidium
2192 1854 2341 1900 certo
2387 1854 2755 1901 armentorum

1667 1934 1732 1968 ac
1768 1920 2035 1984 pecudum
2070 1935 2292 1970 numero
2335 1919 2634 1984 recipitque
2670 1932 2754 1967 sa-

1665 1988 2037 2039 tisfactionem
2057 1990 2313 2039 universa
2331 1988 2580 2038 domus.“
2599 1989 2754 2037 Haec

1667 2059 1975 2108 satisfactio
1996 2059 2173 2109 medio
2197 2073 2331 2109 aevo
2351 2057 2550 2106 dicitur
2582 2058 2754 2107 [Γανί-

1662 2128 1809 2192 gold,
1847 2129 2147 2192 Wereyeld,
2185 2127 2486 2192 W'ehrqelck
2523 2141 2589 2176 ac
2613 2141 2755 2175 com-

1667 2197 1927 2262 probatur
1984 2198 2218 2247 Romani
2276 2196 2555 2260 scriptoris
2617 2194 2754 2244 fides

1666 2267 1899 2331 plurium
1949 2266 2270 2317 Germaniae
2313 2266 2561 2331 gentium·
2598 2264 2755 2314 insti-

1665 2337 1803 2385 tutis
1849 2351 1914 2386 ac
1948 2336 2219 2399 moribus,
2259 2350 2361 2385 nec
2406 2335 2475 2384 ad
2510 2335 2753 2384 homines

1668 2420 1857 2456 caesos
1895 2403 2094 2468 solum,
2143 2420 2331 2455 verum
2368 2404 2437 2453 ad
2495 2403 2754 2453 animalia

1667 2489 1881 2538 quoque
1915 2488 2103 2535 caesa,
2142 2474 2255 2524 alia
2280 2473 2562 2537 pertinuit.
2623 2471 2753 2523 Vid.

1665 2543 2038 2593 doctissimum
2057 2544 2315 2593 Hessium
2342 2558 2519 2592 meum
2552 2540 2622 2591 ad
2647 2542 2755 2591 Ta-

1664 2613 1761 2663 citi
1799 2613 1835 2662 l.
1873 2612 1911 2662 l.
1963 2612 2241 2676 Singulari
2276 2612 2462 2674 mod0‚
2499 2615 2754 2661 monente

1665 2684 1749 2733 Cr.
1767 2720 1780 2744 ,
1853 2681 1995 2731 hunc
2043 2696 2245 2732 morem
2303 2681 2601 2731 illustravit
2637 2680 2751 2730 Iac.

1664 2752 1893 2802 Grimm:
1939 2751 2122 2801 Ueber
2166 2752 2286 2801 eine
2329 2751 2520 2815 eigene
2554 2750 2754 2814 altger-

1663 2820 1938 2870 manische
1973 2820 2157 2869 Weise
2195 2819 2288 2869 der
2311 2818 2657 2881 Mordffihne,
2695 2819 2752 2867 in

1663 2891 1954 2955 Savigny’s
1976 2888 2293 2939 Zeitschrift
2316 2889 2406 2938 fiir
2428 2887 2748 2954 geschichtl.

1661 2957 2179 3010 Rechtswissensch.
2240 2958 2287 3009 1.
2334 2973 2451 3009 nro.
2492 2958 2640 3007 XIV.
2695 2972 2748 3019 p.

1669 3027 1772 3079 323
1797 3043 1917 3092 sqq.
1957 3031 2012 3076 et
2048 3027 2154 3078 111.
2173 3043 2255 3077 nr.
2289 3027 2394 3076 ΙΙΙ.
2437 3028 2753 3090 „Literatur

1667 3095 1764 3146 der
1801 3095 2203 3146 altnordischen
2241 3096 2508 3147 Gesetze“
2556 3110 2610 3159 p.
2650 3092 2751 3143 119

1666 3180 1782 3230 seq.
1855 3165 1995 3215 Vide
2031 3166 2106 3215 sis
2142 3181 2287 3215 nunc
2313 3163 2749 3215 eundem.virum

1665 3235 1885 3284 doctum
1919 3235 1975 3283 in
2010 3234 2176 3284 libro:
2214 3233 2489 3283 Deutsche
2522 3229 2748 3281 Rechts-

1666 3303 1882 3353 alterth.
1911 3304 1985 3354 11.
2022 3320 2076 3369 p.
2117 3302 2215 3353 661
2252 3316 2422 3365 seqq„
2463 3303 2517 3349 et
2553 3298 2646 3363 qui
2681 3297 2748 3346 de

1664 3373 1890 3424 Graecis
1926 3387 2141 3438 quoque
2177 3373 2408 3431 tractat,
2443 3370 2509 3418 E.
2548 3368 2605 3417 S.
2642 3367 2747 3416 To-

1662 3443 1818 3492 bienz
1878 3442 1984 3492 Die
2035 3438 2328 3491 Blutrache
2382 3436 2520 3487 nach
2582 3436 2747 3486 altem

1663 3509 1994 3561 Russischen
2051 3507 2256 3559 Rechte
2317 3511 2423 3557 etc.
2513 3503 2746 3569 (Dorpat

1665 3579 1822 3645 1840)
1862 3593 1987 3643 pag.
2035 3578 2105 3629 46
2142 3591 2294 3640 seqq.
2367 3575 2560 3625 Adhuc
2603 3572 2747 3641 apud

1663 3650 1858 3699 Cretae
1891 3646 2105 3696 insulae
2137 3645 2371 3707 incolas,
2410 3659 2546 3708 quos
2582 3642 2746 3706 Spha-

1657 3722 1825 3783 9t‘ocas
1859 3720 2061 3766 vocant
2106 3719 2162 3764 et
2205 3714 2276 3763 ad
2311 3713 2567 3777 antiquos
2601 3713 2747 3761 insu·

1661 3786 1749 3836 lae
1774 3785 2111 3845 habitatores
2150 3784 2418 3844 referunt,
2458 3780 2623 3843 talem
2656 3795 2746 3830 ne-

1662 3857 1740 3905 cis
1778 3854 2123 3905 ulciscendae
2153 3865 2354 3902 morem
2389 3850 2634 3900 obtinere
2669 3853 2747 3899 te-

1661 3929 1840 3974 statur
1884 3923 2143 3987 Pashley:
2192 3919 2421 3971 Travels
2465 3919 2524 3969 in
2560 3919 2745 3970 Creta.

1659 3994 1737 4044 ΙΙ.
1816 4029 1828 4042 .
1866 3992 1971 4043 246
2006 4008 2121 4056 seq.

1731 4008 1963 4112 ἔὲέετο
2011 4056 2331 4126 κυρῆσαι]
2380 4058 2504 4107 Ηοο
2545 4056 2746 4107 retinui

1659 4131 2084 4195 suffragantibus
2130 4128 2440 4179 melioribus
2496 4125 2650 4177 libris
2693 4129 2747 4174 et

1658 4204 1887 4251 recentt.
1956 4198 2112 4249 editt.
2211 4196 2323 4248 Alii
2389 4187 2742 4259 ἐπικυρῆσαι.

1656 4268 1830 4319 Paulo
1877 4275 2003 4333 post
2056 4268 2122 4317 de
2181 4265 2485 4349 particulae
2539 4276 2638 4312 usu
2688 4262 2745 4309 in

1656 4337 1838 4388 verbis
1873 4333 1969 4389 καὶ
2022 4338 2172 4386 τοῖσι
2218 4333 2427 4398 Ελλησι
2478 4332 2549 4380 cf.
2589 4328 2659 4380 ad
2695 4329 2742 4389 1,

1656 4401 1724 4456 94
1760 4404 1881 4457 init.
