3109 5092
1288 392 1541 455 OLIO.
1586 395 1639 455 Ι.
1684 402 1773 459 69.
2542 388 2664 453 155

553 574 773 640 Ταῦτα
827 565 913 658 δὴ
970 558 1069 639 ὦν
1137 567 1356 639 πάντα
1413 567 1931 656 πυνθανόμενος
1982 561 2019 638 ὁ
2073 575 2359 653 Κροῖσος
2413 573 2665 656 ἔπεμπε
2681 576 2763 638 69

389 681 459 755 ἐς
508 673 834 762 Σπάρτην
881 670 1208 761 ἀγγέλους
1263 671 1451 760 δῶρά
1500 700 1572 742 τε
1627 675 1988 761 φέροντας,
2058 673 2171 739 καὶ
2224 673 2672 760 δεησομένους

391 783 803 868 συμμαχίης,
862 775 1324 866 ἐντειλάμενός
1358 804 1430 845 τε
1468 776 1550 846 τὰ
1591 779 1814 864 λέγειν
1857 781 2047 863 χρῆν.
2129 780 2197 844 οἰ
2232 775 2308 846 δὲ
2355 776 2671 857 ἐλθόντες

393 892 661 970 ἔλεγον·
732 878 1035 970 ’Ἑπεμψε
1090 877 1295 972 ἡμέας
1352 888 1673 968 Κροῖσος,
1739 876 1777 951 ὁ
1827 882 2083 949 Λυδῶν
2141 906 2215 950 τε
2280 881 2394 949 καὶ
2446 878 2672 951 ἄλλων

394 989 659 1058 ἐθνέων
687 982 1004 1074 βασιλεὺς
1023 1038 1040 1070 ,
1083 989 1299 1074 λέγων
1336 985 1498 1055 τάδε
1518 1007 1533 1021 ·
1607 977 1688 1054 Ὦ
1717 980 2268 1072 Λακεδαιμόνιοι,
2309 980 2673 1072 χρήσαντος

394 1094 517 1162 τοῦ
552 1095 723 1159 θεοῦ
759 1086 880 1160 τὸν
901 1085 1194 1178 Ἕλληνα
1238 1095 1442 1177 φίλον
1478 1090 1902 1179 προσθέσθαι
1921 1139 1940 1172 ,
1979 1083 2190 1181 ,ὑμέας
2229 1084 2358 1175 γὰρ
2397 1089 2669 1160 πυνθά-

393 1222 591 1283 νομαι
623 1192 1024 1282 προεστάναι
1054 1199 1169 1283 τῆς
1200 1188 1544 1279 Ἑλλάδος,
1591 1188 1795 1281 ὑμέας
1825 1181 1923 1261 ὧν
1961 1188 2127 1263 κατά
2158 1189 2233 1261 τὸ
2271 1192 2674 1282 χρηστήριον

394 1301 918 1386 προσκαλέομαι,
973 1304 1170 1387 φίλος
1223 1324 1295 1367 τε
1338 1299 1568 1368 θέλων
1606 1299 1927 1384 γενέσθαι
1969 1297 2080 1364 καὶ
2122 1293 2462 1384 σύμμαχος
2504 1294 2672 1367 ἄνευ

392 1431 465 1473 τε
520 1400 722 1473 δόλου
775 1405 887 1471 καὶ
914 1396 1214 1491 ’ἀπάτης
1323 1408 1613 1490 Κροῖσος
1660 1401 1786 1490 μὲν
1843 1397 1925 1488 δὴ
1975 1404 2186 1468 ταῦτα
2226 1395 2320 1469 δι’
2367 1395 2676 1487 ἀγγέλων

394 1505 947 1596 ἐπεκηρυκεύετο.
1000 1503 1523 1593 Λακεδαιμόνιοι
1563 1505 1638 1574 δὲ
1665 1501 2023 1592 ἀκηκοότες
2048 1505 2162 1573 καὶ
2188 1499 2382 1572 αὐτοὶ
2410 1501 2484 1575 τὸ
2510 1516 2671 1575 θεο-

393 1611 684 1697 πρόπιον
722 1607 797 1678 τὸ
824 1616 1093 1703 Κροίσῳ
1135 1608 1503 1699 γενόμενον
1544 1604 1854 1698 ἥσθησάν
1895 1634 1966 1676 τε
1994 1612 2077 1696 τῇ
2113 1604 2337 1695 ἀφίξει
2365 1613 2504 1677 τῶν
2529 1617 2670 1679 Λυ-

392 1719 572 1799 δῶν,
614 1716 728 1784 καὶ
770 1713 1167 1803 ἐποιήσαντο
1211 1709 1407 1799 ὅρκια
1447 1716 1696 1800 ξεινίης
1741 1713 1893 1796 πέρι
1935 1712 2048 1779 καὶ
2091 1715 2499 1798 συμμαχίης·
2562 1714 2676 1782 καὶ

390 1816 522 1906 γάρ
562 1844 740 1898 τινες
788 1814 1035 1897 αὐτοὺς
1078 1814 1457 1907 εὐεργεσίαι
1501 1812 1684 1907 εἶχον
1725 1815 1799 1884 ἐκ
1840 1819 2142 1899 Κροίσου
2196 1812 2528 1901 πρότερον
2578 1821 2674 1894 ἔτι

393 1937 761 2011 γεγονυῖαι.
832 1921 1211 2010 πέμψαντες
1264 1917 1393 2008 γὰρ
1442 1923 1512 1989 οί
1543 1916 2068 2005 Λακεδαιμόνιοι
2111 1919 2179 1997 ἐς
2215 1915 2473 2007 Σάρδις
2510 1946 2672 2006 χρυ-

760 2090 892 2142 Cu.
930 2090 1129 2147 LXIX.

464 2189 676 2257 ἔπεμπε
738 2184 794 2251 ἔς
849 2183 1128 2257 Σπάρτην
1182 2208 1235 2242 κ.
1299 2207 1347 2241 τ.
1408 2189 1480 2254 1.]

394 2263 654 2314 Laudant
712 2262 1046 2314 Pausaniam
1100 2262 1207 2326 IV,
1270 2264 1331 2324 5,
1388 2261 1483 2311 ubi

393 2334 654 2384 Messenii
666 2333 1115 2384 Lacedaemoniis
1136 2331 1482 2398 exprobrant,

393 2402 539 2468 quod
586 2403 823 2452 omnium
860 2404 1020 2468 primi
1065 2419 1186 2454 cum
1234 2401 1483 2452 barbaris

396 2474 589 2523 foedus
623 2473 846 2523 inierint
870 2472 1060 2524 Croesi
1096 2473 1254 2524 donis
1292 2471 1481 2522 illecti.

394 2543 618 2594 Addunt
635 2558 863 2608 quoque,
878 2544 1216 2608 Eurybatum
1238 2559 1271 2593 a
1283 2543 1485 2592 Croeso

394 2614 619 2663 missum
642 2617 769 2677 post
790 2629 912 2663 cum
937 2615 1171 2677 pecunia
1189 2613 1256 2662 ad
1285 2612 1485 2678 Cyrum

394 2682 685 2733 transiisse
720 2684 1008 2748 omniaque
1035 2682 1223 2733 Croesi
1258 2681 1487 2733 consilia

394 2751 599 2818 perfide
638 2753 687 2801 ei
720 2752 1009 2803 detexisse.
1051 2754 1136 2804 Cr.
1175 2752 1485 2803 citationes

396 2838 432 2873 a
492 2822 706 2872 Marxio
773 2828 1064 2888 congestos
1138 2822 1209 2872 ad
1282 2821 1486 2885 Ephori

396 2893 648 2957 fragmm.
677 2908 730 2956 p.
761 2894 884 2944 207.
924 2897 980 2942 et
996 2892 1251 2943 Eustath.
1287 2891 1352 2942 ad
1374 2892 1487 2942 Ho-

396 2978 553 3081 mer.1
568 2960 767 3029 Odyss.
806 2962 970 3026 XIX,
1008 2964 1131 3013 247.
1170 2979 1224 3028 p.
1260 2961 1393 3025 694,
1420 2961 1488 3013 43

394 3033 533 3084 Basi
557 3068 570 3082 .

466 3108 785 3182 χρήσαντος
819 3112 926 3167 τοῦ
960 3114 1113 3167 θεοῦ
1157 3109 1263 3166 τὸν
1289 3104 1489 3180 ’Ἑλλη-

399 3202 473 3236 να
503 3185 679 3250 φίλον
711 3183 1104 3252 προσθέσθαι]
1128 3187 1371 3251 Insignis
1391 3202 1489 3236 nu-

398 3258 536 3308 meri
571 3257 864 3321 singularis
902 3258 1044 3309 'usus
1096 3256 1217 3308 loco
1263 3254 1489 3322 pluralis

398 3318 563 3391 (τοὺς
581 3314 919 3391 Ἕλληνας),
967 3327 1111 3392 quod
1146 3332 1329 3378 tamen
1366 3326 1491 3377 sub-

402 3394 530 3446 inde
565 3396 682 3448 fieri
722 3400 882 3448 notat
926 3398 1125 3449 Matth.
1171 3401 1225 3461 ξ.
1271 3395 1395 3448 293.
1434 3412 1486 3461 p.

476 3540 555 3597 δι’
592 3541 840 3616 ἀγγέλων
874 3543 1341 3616 ἐπεκηρυκεύετο]
1385 3552 1491 3603 Lo-

405 3617 679 3669 cutionem
722 3625 944 3673 tuentur
987 3620 1200 3688 aliquot
1245 3621 1488 3683 exempla

406 3702 441 3736 a
474 3687 706 3739 Wessel.
740 3691 924 3742 allata.
960 3692 1100 3742 Nam
1131 3692 1340 3757 aliquot
1365 3690 1491 3741 libri

405 3757 737 3808 coniunctim
772 3761 1030 3823 seriptum
1065 3763 1355 3826 praebent:
1395 3758 1488 3810 δι-

405 3823 737 3889 αγγέλων.
809 3828 912 3878 Est
955 3834 1134 3881 autem
1190 3823 1305 3881 διὰ
1348 3830 1400 3881 h.
1450 3831 1487 3880 l.

400 3911 516 3958 per,
542 3911 655 3958 ope,
674 3897 849 3955 durch,
872 3900 1177 3957 vermittelst.
1209 3905 1295 3951 mit
1315 3900 1489 3961 Hfilfe.

403 3965 499 4016 Sic
535 3956 624 4014 δι’
662 3956 977 4029 ἀγγέλων
1011 3968 1057 4029 Ῑ,
1084 3966 1171 4017 99.
1214 3969 1332 4020 141.
1361 3969 1489 4029 VII,

404 4034 528 4085 203.
566 4034 671 4085 Sed
707 4034 924 4086 videtur
976 4037 1033 4085 in
1067 4037 1383 4088 Herodotea
1415 4038 1492 4087 lo-

402 4104 624 4154 cutione
646 4104 824 4155 inesse
850 4105 1187 4155 abundantia
1208 4107 1491 4171 quaedam,

400 4174 606 4225 Nostro
618 4174 872 4255 scriptori
885 4173 1030 4225 haud
1045 4175 1327 4226 inusitata.
1354 4177 1494 4226 Nam

400 4233 921 4306 ἐπικηρυκευεσθαι
969 4243 1304 4309 Thucydidis
1341 4244 1496 4295 seho-

399 4312 573 4363 liasta
601 4313 672 4363 ad
707 4313 836 4376 VII,
873 4313 945 4365 48
977 4315 1228 4378 exponit=
1268 4306 1368 4363 διὰ
1393 4328 1493 4376 κη-

399 4371 597 4445 ρύκων
629 4375 887 4446 μηνύειν,
927 4384 1022 4433 ubi
1056 4384 1286 4434 aliorum
1318 4399 1495 4448 gram·

396 4451 724 4503 maticorum
744 4451 896 4504 locos
922 4451 1111 4503 attulit
1131 4454 1339 4504 Duker.
1365 4451 1493 4504 coll.

1585 2086 1755 2148 VIII,
1793 2088 1881 2138 44.
1926 2084 2014 2137 80.
2070 2084 2288 2136 Dicitur
2333 2088 2675 2152 potissimum

1588 2157 1656 2207 de
1690 2155 1910 2219 regibus
1955 2159 2054 2206 aut
2097 2156 2417 2209 civitatibus
2461 2158 2674 2224 legatos

1587 2226 1923 2277 induciarum
1956 2230 2053 2277 aut
2076 2225 2354 2278 foederum
2389 2243 2557 2279 eausa
2583 2246 2675 2294 pu-

1586 2296 1727 2347 blice
1751 2296 2114 2347 mittentibus.
2142 2324 2212 2335 —-
2234 2296 2318 2348 Ad
2339 2300 2506 2349 verba
2524 2305 2676 2350 ante-

1586 2367 1710 2429 ced.
1732 2356 1872 2415 ἄνευ
1905 2380 1964 2415 τε
2001 2358 2177 2416 δόλου
2214 2363 2311 2417 καὶ
2341 2359 2565 2432 ἀπάτης
2599 2371 2672 2423 cf.

1585 2436 1843 2500 Elmsley.
1890 2436 1960 2486 ad
2001 2436 2249 2501 Euripid.
2291 2438 2513 2492 Heracl.
2552 2439 2673 2502 622,

1586 2507 1723 2557 haec
1744 2505 2060 2557 Herodotea
2089 2508 2261 2557 verba
2285 2508 2501 2574 aliaque
2537 2510 2677 2560 eius-

1589 2577 1710 2628 dem
1750 2576 1963 2639 generis
2000 2575 2233 2647 afferens
2269 2578 2340 2627 ob
2375 2579 2676 2642 particulae

1585 2661 1645 2695 τε
1680 2646 1950 2707 rationes,
1989 2660 2130 2710 quae
2164 2647 2351 2697 eodem
2389 2648 2548 2698 modo
2584 2648 2677 2700 ad-

1585 2715 1802 2765 hibetur
1837 2716 1882 2776 1,
1911 2714 2030 2765 106.
2060 2715 2178 2766 154.
2221 2716 2288 2775 V,
2309 2716 2361 2767 5.
2395 2717 2478 2767 Ad
2503 2718 2676 2782 ipsam

1587 2784 1858 2835 Herodoti
1891 2784 2220 2835 locutionem
2256 2787 2531 2850 pertinent
2571 2787 2679 2838 loci

1588 2855 1715 2917 VII,
1755 2854 1874 2905 184.
1920 2853 2076 2917 VIII,
2118 2855 2237 2906 140.
2281 2856 2378 2915 ΙΧ,
2418 2858 2469 2908 7.
2507 2885 2574 2894 —-
2612 2859 2676 2908 In

1592 2940 1837 3046 {3312}ss
1840 2915 2460 3058 '3„5'g{'‘³{3q{2¹¹¹„33¹
2463 2928 2678 3049 ⁸333:

1592 3064 1749 3116 codd.
1785 3031 2063 3129 receptum
2109 3065 2269 3116 video
2318 3083 2352 3117 a
2396 3083 2505 3120 rec.
2555 3068 2676 3119 edd.

1591 3135 1857 3199 probante
1904 3148 2120 3200 quoque
2166 3136 2401 3187 BredoV.
2452 3155 2508 3204 p.
2554 3139 2678 3190 267.

1591 3204 1858 3269 Equidem
1899 3205 1958 3254 in
2006 3204 2168 3255 rebus
2215 3211 2329 3256 tam
2375 3208 2599 3259 incertis
2644 3225 2679 3259 a

1590 3274 1744 3324 libris
1799 3274 2076 3325 discedere
2127 3275 2305 3336 nolui,
2352 3292 2680 3345 quamquam

1593 3345 1648 3393 in
1684 3344 1908 3409 reliquis
1944 3344 2099 3406 loeis,
2146 3345 2241 3394 ubi
2289 3345 2394 3397 hoc
2444 3350 2682 3399 voeabu-

1590 3413 1701 3463 lum
1745 3415 2021 3465 invenitur
2079 3414 2221 3477 apud
2265 3415 2557 3479 Nostrum,
2605 3417 2682 3466 al-

1591 3488 1711 3533 tera
1748 3485 1923 3534 forma
1954 3482 2145 3534 Ionica
2180 3473 2420 3549 (ἄπιξις)
2459 3502 2683 3546 praeva-

1590 3553 1695 3613 let3
1744 3552 1817 3603 cf.
1864 3553 1942 3613 ΙΙ,
1997 3551 2115 3602 116.
2164 3552 2270 3610 ΙΠ,
2321 3552 2407 3603 69.
2460 3557 2579 3605 145.
2615 3557 2683 3617 V,

1592 3623 1680 3674 49.
1720 3620 1808 3683 92,
1845 3622 1897 3671 6.
1936 3620 2065 3681 VII,
2104 3620 2190 3671 58.
2228 3621 2383 3684 VIII,
2437 3625 2523 3675 41.
2565 3626 2683 3676 125.

1595 3692 1694 3753 IX,
1729 3692 1812 3742 17.
1852 3693 1940 3742 77.
1984 3689 2115 3739 Mox
2160 3706 2190 3741 e
2239 3691 2482 3755 pluribus
2523 3695 2683 3746 eodd.

1594 3761 1775 3826 recepi
1821 3759 2140 3823 συμμαχίης
2194 3775 2292 3822 pro
2347 3759 2681 3829 ξυμμαιίης.

1595 3845 1757 3894 quam
1794 3828 2022 3878 formam
2072 3828 2143 3878 ab
2179 3829 2460 3884 Herodoto
2495 3834 2686 3886 abesse

1597 3899 1805 3950 iudicat
1837 3897 2073 3949 Bredov.
2109 3914 2164 3961 p.
2206 3900 2326 3952 124.

1666 3963 1761 4017 καὶ
1806 3959 1912 4031 γάρ
1961 3982 2111 4024 τινες
2159 3960 2422 4026 αὐτοὺς
2465 3961 2685 4035 εὐεργε-

1598 4036 1716 4088 σίαι
1746 4028 1927 4102 εἶχον]
1965 4037 2179 4101 Steger.
2208 4040 2452 4091 Praefat.
2483 4041 2554 4092 ad
2575 4042 2687 4091 He·

1594 4107 1710 4158 rod.
1748 4124 1802 4173 p.
1840 4109 1910 4158 X.
1953 4105 2242 4173 legendum
2276 4107 2448 4175 ’putat
2484 4102 2550 4168 ἐς
2584 4101 2685 4159 αὖ-

1593 4170 1747 4239 τοὺς,
1786 4192 1908 4227 cum
1946 4171 2097 4240 ἔχειν
2130 4178 2485 4230 intransitive
2520 4195 2686 4231 sensu

1595 4248 1671 4297 sit
1687 4245 2064 4311 accipiendum
2102 4245 2381 4313 (exstare),
2405 4254 2469 4299 ut
2493 4250 2537 4311 Ι,
2563 4248 2683 4300 180.

1598 4316 1717 4368 181.
1764 4317 1868 4379 ΙΠ,
1916 4315 1987 4366 48
2032 4320 2138 4367 cet.
2201 4317 2317 4367 Nec
2351 4322 2535 4369 tamen
2567 4318 2682 4368 ulla

1596 4386 1896 4436 mutatione
1940 4400 2096 4449 opus.
2146 4384 2233 4435 Cf.
2289 4387 2451 4439 modo
2502 4388 2549 4450 1,
2594 4388 2682 4437 01.

1593 4454 1720 4517 VII,
1754 4456 1806 4517 5,
1841 4469 1913 4503 ne
1945 4452 2123 4518 plura.
