3109 5092
516 352 634 416 140

1374 355 1922 417 HERODOTI

683 524 822 595 δίζω
866 514 909 600 ἤ
944 541 1009 584 σε
1049 513 1200 583 θεὸν
1244 517 1650 601 μαντεύσομαι
1687 511 1727 599 ἢ
1771 515 2126 604 ἄνθρωπον.

680 616 816 688 ἄλλ’
867 623 954 686 ἔτι
997 621 1098 684 καὶ
1139 625 1367 703 μᾶλλον
1412 616 1567 687 θεὸν
1613 624 1899 704 ἔλπομαι,
1943 609 1991 685 ὦ
2033 619 2369 705 Λυκόοργε.

512 804 569 848 et
598 798 880 863 probatur,
918 801 1169 846 monente
1205 795 1314 857 Cr„
1352 795 1607 860 Apollon.

512 867 692 919 Rhod.
732 868 777 927 Ι,
819 866 938 918 162.
977 867 1200 916 Homer.
1239 864 1328 914 Ili.
1352 865 1446 929 VI,
1487 865 1606 927 130,

515 939 610 989 ubi
647 937 759 987 vid.
809 939 1023 1000 Heyne.
1093 937 1196 985 Est
1241 939 1423 985 autem
1460 940 1609 985 utra-

515 1024 621 1074 que
646 1007 821 1057 forma
841 1007 1065 1067 usitata,
1080 1010 1141 1054 ut
1162 1004 1606 1055 scribitBoeckh.

516 1078 571 1128 in
620 1077 784 1157 Corp.
832 1076 1090 1139 Inscript.
1131 1075 1177 1136 1,
1228 1075 1275 1124 1.
1319 1089 1373 1137 p.
1414 1075 1498 1124 78.
1539 1102 1607 1110 —

511 1139 795 1209 Λινκόεωε
842 1146 1073 1209 praebet
1112 1142 1371 1194 Aristidis
1417 1142 1605 1194 Schol.

514 1234 644 1283 pag.
681 1215 783 1266 108
809 1214 895 1266 ed.
922 1212 1242 1275 Frommel„
1271 1212 1365 1262 ubi
1397 1213 1606 1264 oraculi

516 1301 707 1336 versus
740 1285 1013 1364 leguntur,
1033 1284 1270 1347 itemque
1292 1282 1455 1347 paulo
1483 1287 1608 1347 post

516 1350 648 1404 ποτὶ
679 1346 824 1403 ναὸν
844 1344 1042 1402 ἀνιών.
1082 1351 1426 1402 Exhibeutur
1442 1350 1609 1403 iidem

516 1438 708 1474 versus
746 1425 803 1473 in
838 1422 1066 1473 Diodori
1085 1423 1370 1485 Excerptt.
1400 1437 1435 1471 a
1458 1422 1609 1473 Maio

519 1493 749 1543 detectis
775 1493 944 1555 (Nov.
972 1491 1161 1555 script.
1200 1489 1326 1541 coll.
1346 1492 1422 1541 ΙΙ.
1447 1507 1504 1557 p.
1527 1489 1611 1555 1.)

519 1562 801 1641 additique
834 1561 1091 1644 leguntur
1127 1560 1185 1610 hi
1220 1560 1354 1611 duo:

621 1622 778 1697 ἥκεις
815 1623 872 1680 δ’
921 1622 1200 1712 εὐνομίαν
1244 1621 1607 1694 αἰτεύμενος·

935 1691 1117 1781 αὐτὰρ
1154 1694 1328 1763 ἔγωγε

620 1762 787 1821 δώσω
845 1761 952 1835 τὴν
1011 1760 1119 1819 οὐκ
1173 1763 1312 1851 ἄλλη
1371 1758 1610 1833 ἐπιχθο-

935 1838 1032 1903 νιή
1068 1830 1236 1896 πόλις
1267 1833 1398 1898 ἕξει.

517 1912 704 1975 Ipsum
730 1910 1008 1961 oraculum
1028 1908 1433 1959 celeberrimum
1448 1907 1612 1972 Spar-

518 1980 663 2030 tanis
709 1980 881 2030 fuisse
938 1979 1181 2059 videtur,
1237 1979 1613 2042 insertumque

516 2051 641 2106 ταῖς
677 2040 1085 2105 παλαιοτάταις
1117 2040 1514 2111 ἀναγραφαῖς,
1549 2051 1612 2095 ut

518 2118 687 2168 refert
743 2117 1025 2168 Plutarch.
1089 2117 1243 2166 advs.
1311 2115 1489 2166 Colot.
1551 2131 1607 2180 p.

523 2187 657 2238 1156
702 2188 766 2236 F.
819 2185 943 2237 coll.
991 2185 1388 2250 Vit.Lyeu1-g.
1433 2185 1480 2235 l.
1526 2185 1609 2234 De

519 2256 717 2320 quibus
751 2246 1111 2319 ἀναγραφαῖς
1149 2254 1234 2305 Cr.
1286 2254 1501 2304 confert
1544 2253 1608 2304 C.

520 2326 588 2376 Ο.
613 2323 863 2375 Mueller.
899 2324 936 2373 1.
975 2324 1014 2374 1.
1051 2324 1127 2374 ΙῙ.
1165 2338 1292 2388 pag.
1337 2321 1457 2373 131.
1495 2324 1610 2373 Nec

517 2394 877 2458 improbabile
908 2392 1208 2454 videbitur,
1248 2407 1313 2442 ex
1351 2392 1435 2441 his
1473 2391 1610 2456 ipsis

519 2463 724 2515 oraculi
762 2465 931 2514 verba
950 2462 1287 2513 Herodotum
1324 2462 1608 2512 sumsisse.

517 2534 676 2599 Apud
712 2534 1013 2584 Diodorum
1062 2533 1155 2598 qui
1204 2530 1377 2582 additi
1422 2530 1610 2596 legun-

518 2609 608 2655 tur
641 2604 748 2654 duo
785 2618 995 2665 versus,
1031 2618 1125 2654 eos
1164 2606 1218 2652 et
1255 2601 1610 2665 gravissimos

519 2680 575 2725 et
611 2689 784 2739 aeque
818 2673 1083 2739 genuinos
1118 2672 1285 2723 habet
1309 2670 1610 2735 Goettling,

519 2745 587 2795 de
630 2744 735 2794 hoc
782 2743 1002 2794 oraculo
1046 2742 1334 2807 disputans
1378 2741 1435 2789 in
1480 2741 1611 2791 scri-

519 2815 707 2881 ptione
765 2813 833 2863 de
878 2817 1113 2877 quatuor
1166 2810 1360 2861 rhetris
1408 2810 1614 2874 Lycur-

520 2885 637 2947 geis
674 2880 808 2944 (vid.
855 2881 1111 2932 Berichte
1159 2879 1253 2929 der
1294 2878 1612 2930 Verhandll.

522 2953 578 3003 d.
615 2950 916 3001 Gesellsch.
953 2949 1049 2999 der
1083 2947 1506 2999 wissenschaft.
1544 2964 1613 2998 zu

520 3020 753 3084 Leipzig
779 3018 933 3070 1846.
966 3017 1226 3083 philolog.
1246 3016 1376 3066 hist.
1400 3016 1609 3068 Classe.

523 3106 576 3154 p.
630 3088 753 3139 137
772 3103 924 3152 seqq.
984 3091 1040 3137 et
1088 3084 1452 3138 Gesammelte
1505 3087 1614 3137 Ab·

520 3156 730 3208 handll.
767 3156 812 3206 1.
862 3172 916 3227 p.
967 3154 1070 3208 318
1114 3155 1216 3219 ff..)
1264 3155 1512 3219 Namque
1547 3171 1614 3205 ex

521 3228 607 3278 his
638 3225 770 3292 ipsis
805 3226 1053 3276 versibus
1102 3224 1244 3275 eruit
1289 3239 1476 3274 vocem
1521 3216 1614 3274 εὖ-

523 3297 744 3361 νομίας,
780 3312 888 3363 qua
924 3295 1089 3347 etiam
1126 3299 1256 3345 ante
1296 3293 1612 3345 Herodotus

524 3372 609 3420 est
657 3382 789 3419 usus
841 3381 1057 3432 quaque
1102 3379 1315 3415 omnem
1369 3362 1519 3413 illam
1579 3379 1614 3414 a

523 3440 777 3504 Lycurgo
811 3437 1167 3488 constitutam
1190 3448 1303 3484 rem
1341 3432 1612 3498 publicam

525 3507 802 3572 designari
846 3506 989 3556 idem
1034 3503 1125 3555 ille
1170 3503 1471 3554 arbitratur
1521 3502 1614 3553 ad-

526 3577 716 3641 ditque
750 3577 1068 3641 Tyrtaeum,
1117 3574 1211 3638 qui
1257 3560 1477 3623 carmen
1508 3572 1614 3623 ele-

524 3646 758 3711 giacum,
790 3661 897 3710 quo
930 3660 1018 3695 res
1070 3643 1291 3708 publica
1332 3642 1614 3693 Laconum

525 3729 815 3778 eorumque
850 3729 1026 3764 mores
1062 3712 1390 3773 celebraret,
1429 3702 1614 3760 Εὐνο-

523 3782 662 3845 μίαν
696 3784 1001 3833 vocaverit:
1058 3781 1189 3845 quin
1237 3779 1359 3829 aliis
1395 3779 1617 3844 quibus-

525 3851 649 3900 dam
702 3851 981 3911 versibus,
1041 3850 1136 3914 qui
1188 3848 1332 3912 apud
1384 3849 1614 3899 eundem

523 3918 822 3969 Diodorum
857 3918 1021 3983 paulo
1052 3922 1179 3982 post
1226 3921 1470 3979 exstant,
1520 3916 1615 3966 ad-

524 3988 698 4047 iectis,
740 3991 917 4037 totum
967 3986 1097 4036 inde
1143 4000 1360 4036 carmen
1414 3985 1615 4036 consti-

523 4056 631 4106 tuit
649 4024 949 4120 G’oettlinffi
973 4053 1120 4119 quod
1145 4058 1404 4118 tanquam
1428 4070 1616 4118 prooe-

526 4124 692 4174 mium
725 4123 920 4174 rhetris
951 4123 1058 4173 illis
1084 4120 1380 4186 praefixum
1403 4122 1617 4172 eodem-

527 4208 633 4258 que
686 4183 981 4255 Εὐνομίας
1024 4191 1243 4242 nomine
1296 4191 1618 4256 inscriptum

527 4263 719 4322 fuerit·
773 4261 845 4311 cf.
894 4276 949 4325 p.
995 4258 1097 4310 324
1149 4275 1303 4325 seqq.
1353 4258 1455 4310 350
1498 4275 1614 4325 seq.

527 4332 680 4393 Mihi,
715 4335 778 4380 ut
817 4328 884 4380 de
928 4329 1184 4393 reliquis,
1227 4343 1369 4392 quae
1403 4328 1473 4378 ad
1508 4330 1618 4380 He·

530 4401 782 4453 rodotum
819 4399 998 4450 minus
1046 4398 1339 4465 pertinent,
1384 4401 1615 4462 taceam,

1712 795 1819 846 duo
1855 795 1931 844 illi
1970 812 2191 858 versus,
2230 812 2366 861 quos
2409 795 2684 844 Diodorus
2724 795 2805 845 af—

1714 866 1836 928 fert,
1868 866 2154 930 postmodo
2187 865 2299 915 ficti
2337 865 2642 928 ceterisque
2672 881 2804 929 qua·

1711 940 1837 986 tuor
1872 935 2196 1000 primitivis,
2247 935 2339 1001 qui
2375 934 2520 999 apud
2557 934 2802 985 Herodo-

1711 1010 1825 1055 tum
1892 1004 2174 1069 leguntur,
2247 1004 2448 1055 adiecti
2518 1003 2801 1053 videntur:

1711 1074 1858 1140 quod
1892 1074 2037 1124 idem
2088 1074 2329 1124 sensisse
2374 1073 2666 1138 suspiceris
2701 1075 2804 1124 Ur-

1709 1144 1990 1203 lichsium‚
2050 1145 2144 1209 qui
2195 1144 2251 1193 in
2300 1144 2492 1193 Museo
2553 1142 2803 1194 Rhenan.

1711 1215 1808 1265 VI.
1857 1230 1911 1279 p.
1964 1213 2063 1265 193
2121 1230 2270 1279 seqq.
2327 1212 2652 1281 Goettlingii
2693 1213 2806 1277 opi·

1710 1284 2025 1334 nationibus
2064 1283 2348 1334 oblocutus
2386 1287 2489 1345 est,
2527 1298 2655 1347 pag.
2686 1282 2804 1344 199,

1712 1369 1778 1404 ac
1826 1358 1974 1404 recte
2020 1352 2336 1403 observavit
2389 1350 2464 1416 (p.
2503 1353 2601 1402 201
2642 1352 2803 1417 seq.),

1711 1439 1848 1473 voce
1876 1413 2168 1486 εὐνομίας,
2208 1437 2347 1486 quae
2385 1420 2530 1486 apud
2559 1421 2805 1471 Herodo-

1712 1498 1826 1544 tum
1874 1507 2088 1557 quoque
2131 1491 2357 1557 legitur,
2404 1506 2513 1541 non
2563 1494 2678 1540 tam
2722 1491 2805 1541 rei

1711 1561 1965 1628 publicae
2008 1561 2180 1626 ipsius
2239 1560 2671 1625 designationem
2725 1561 2805 1610 in-

1713 1632 1886 1682 dicari
1921 1646 2082 1697 quam
2120 1630 2320 1696 respici
2347 1629 2419 1680 ad
2452 1631 2527 1692 id,
2565 1629 2709 1694 quod
2747 1630 2804 1679 in

1713 1702 1955 1767 proxime
2028 1699 2478 1750 antecedentibus
2545 1700 2804 1777 Spartani

1713 1772 1950 1823 omnium
1983 1771 2312 1821 Graecorum
2335 1759 2803 1832 κακονομώτατοι

1712 1846 1999 1892 vocantur.
2071 1839 2237 1889 Iovem
2284 1854 2441 1902 vero,
2488 1838 2645 1889 cuius
2690 1853 2803 1888 una

1713 1926 1833 1962 cum
1869 1910 2101 1960 caeteris
2137 1907 2242 1958 diis
2266 1908 2645 1974 Olympicisin
2682 1922 2801 1958 ora-

1714 1981 1835 2031 culo
1859 1980 2061 2030 mentio
2100 1977 2181 2040 fit,
2220 1977 2363 2043 quod
2404 1978 2705 2043 Goettling.
2743 1993 2800 2042 p.

1713 2050 1837 2103 333.
1905 2048 1976 2099 ad
2028 2048 2215 2098 Iovem
2271 2047 2580 2113 Scyllaeum
2642 2063 2804 2113 quem

1713 2120 1871 2170 finxit
1922 2116 2155 2169 relatum
2201 2117 2347 2181 vult,
2397 2118 2599 2168 rectius
2657 2118 2803 2168 idern

1711 2189 1950 2240 Urlichs.
1987 2203 2043 2252 p.
2082 2188 2184 2238 205
2207 2202 2321 2252 seq.
2361 2187 2429 2237 de
2464 2203 2529 2237 eo
2548 2188 2682 2237 Iove
2717 2202 2807 2236 co-

1713 2258 1878 2324 gitari
1912 2256 2058 2319 vult,
2086 2271 2243 2321 quem
2279 2257 2661 2322 antiquissimo
2696 2257 2808 2307 iam

1713 2343 1850 2378 aevo
1876 2341 1909 2375 a
1927 2325 2377 2376 Lacedaemoniis
2403 2324 2606 2377 cultum
2632 2326 2808 2376 fuisse

1712 2395 2610 2529 {gggngggogssffiffffigg'ggg’
2632 2411 2804 2515 {332

1711 2535 2021 2586 sacerdotio
2092 2549 2186 2584 rex
2268 2538 2497 2600 uterque
2580 2535 2804 2585 functus

1713 2606 1898 2656 fuerit.

1783 2689 1940 2757 δίζω]
1989 2691 2079 2740 Ita
2109 2706 2207 2755 pro
2247 2687 2380 2750 ὃιζῶ
2415 2706 2535 2740 cum
2570 2695 2803 2741 recentt.

1714 2761 1837 2813 edd.
1891 2761 2114 2826 scripsi,
2171 2759 2395 2810 iubente
2449 2759 2683 2810 Bredov.
2748 2778 2802 2826 p.

1715 2830 1836 2892 368,
1870 2831 1960 2896 qui
2000 2830 2162 2879 etiam
2201 2829 2257 2877 in
2275 2828 2504 2879 Diodori
2537 2827 2677 2890 loco,
2712 2830 2806 2880 ubi

1715 2901 1901 2951 itidem
1959 2899 2165 2963 legitur
2223 2894 2383 2959 ὃιζῶ,
2445 2899 2632 2962 reponi
2686 2899 2806 2949 vult

1715 2967 1869 3029 δίζω.
1902 2969 1987 3020 cf.
2026 2968 2072 3027 Ι,
2111 2967 2199 3019 91.
2235 2967 2421 3032 Ipsum
2443 2967 2665 3017 verbum
2699 2985 2804 3018 am-

1713 3038 1915 3103 bigendi
1945 3037 2168 3088 notione
2196 3037 2467 3086 invenitur
2501 3038 2558 3086 in
2579 3036 2802 3088 Homer.

1714 3108 1801 3158 Ili.
1839 3108 1987 3168 XVI,
2016 3105 2138 3156 713.
2175 3118 2560 3168 μαντευσομαι
2589 3122 2653 3156 eo
2683 3122 2805 3157 sen-

1714 3193 1780 3228 su
1819 3146 2213 3241 accipiendum,
2251 3190 2358 3239 quo
2392 3175 2634 3225 futurum
2673 3177 2806 3241 poni

1714 3247 1833 3297 vult
1878 3246 2110 3296 Werfer.
2164 3245 2223 3293 in
2280 3245 2428 3295 Actt.
2486 3244 2638 3309 phill.
2687 3246 2806 3295 Mo-

1713 3332 1872 3367 nacc.
1908 3316 1956 3365 1.
1994 3330 2123 3379 pag.
2167 3312 2270 3364 232
2294 3312 2502 3376 -234‚
2549 3314 2644 3364 ubi
2681 3331 2807 3365 con-

1715 3386 1960 3436 iunctivo
1999 3382 2357 3434 deliberativo
2393 3399 2501 3433 non
2539 3399 2706 3447 opus,
2745 3390 2808 3434 ut

1717 3458 1763 3517 Ι,
1803 3456 1887 3506 55.
1928 3453 1995 3503 97
2033 3457 2140 3503 etc.
2180 3451 2305 3502 coll.
2343 3458 2484 3503 nott.
2524 3453 2593 3503 ad
2631 3453 2677 3514 Ι,
2719 3455 2803 3505 11.

1714 3527 1862 3575 Hinc
1913 3527 2124 3572 vertas:
2181 3522 2408 3572 dicturus
2452 3524 2561 3581 εὑη,
2611 3522 2672 3571 ob
2721 3523 2808 3572 ich

1715 3626 1786 3634 —
1820 3595 1935 3645 soll.
1992 3591 2198 3642 Censor
2231 3591 2289 3640 in
2338 3590 2684 3654 Ephemerid.
2722 3593 2807 3643 Ie-

1715 3660 2264 3713 nenss.1817.nro.
2330 3661 2451 3711 162.

1717 3732 1879 3783 scribi
1919 3744 2082 3796 posse
2113 3729 2448 3793 suspicatur.

1822 3812 2044 3880 δίζομαι
2088 3811 2149 3864 εἴ
2198 3826 2257 3863 σε
2304 3804 2451 3862 θεὸν
2496 3804 2804 3878 μαντεύσο-

2129 3899 2229 3948 μαι
2262 3870 2303 3947 ἦ
2333 3872 2676 3946 ἄνθρωπον.

2503 3677 2630 3727 pag.
2680 3661 2802 3714 359.

1785 3974 1825 4049 ἢ
1856 3975 2178 4067 ἄνθρωπον
2242 3985 2333 4036 Ita
2377 3984 2628 4036 meliores
2657 3984 2805 4037 libri.

1716 4053 1825 4104 Alii
1861 4045 1925 4117 ἠὲ
1960 4050 2056 4103 καὶ
2091 4070 2165 4104 αν
2207 4070 2295 4119 ρα.
2333 4054 2493 4134 Apud
2511 4053 2807 4106 Aristidem

1716 4121 1756 4173 1.
1805 4122 1845 4173 1.
1892 4128 2076 4174 exstat
2126 4115 2192 4186 ἠὲ
2255 4116 2465 4189 βροτόν
2509 4138 2598 4184 τες
2659 4123 2806 4189 quod

1718 4192 1998 4242 Werferus
2055 4192 2181 4243 olim
2241 4192 2484 4243 defendit
2542 4208 2606 4243 eo
2659 4191 2806 4256 quod

1718 4261 1862 4325 apud
1900 4265 2093 4325 poetas
2127 4261 2358 4312 subinde
2392 4251 2434 4326 ἢ
2453 4292 2524 4300 -
2543 4274 2601 4309 τε
2635 4261 2694 4310 in
2729 4260 2807 4311 al-

1715 4335 1833 4381 tero
1870 4331 2136 4381 orationis
2164 4331 2403 4381 membro
2440 4332 2692 4394 ponatur,
2715 4330 2808 4380 ubi

1717 4398 1944 4464 simplex
1992 4400 2283 4451 antecedat
2330 4387 2389 4463 ἥ.
2427 4398 2573 4450 Nec
2620 4403 2806 4449 tamen
