3109 5092
1158 356 1409 419 OLIO.
1454 358 1505 418 Ι.
1551 366 1673 420 204.
1720 367 1844 419 205.
2523 355 2641 416 411

368 530 929 620 στρατεύσασθαι.
1005 531 1221 601 πολλά
1259 559 1332 602 τε
1370 532 1498 622 γάρ
1524 562 1643 622 μιν
1680 535 1794 603 καὶ
1834 532 2091 622 μεγάλα
2125 530 2207 602 τὰ
2251 529 2649 621 ἐπαείροντα

368 636 482 705 καὶ
510 632 966 724 ἐποτρύνοντα
993 625 1100 723 ἦν.
1177 641 1447 724 πρῶτον
1483 637 1610 726 μὲν
1642 633 1683 727 ἡ
1722 639 2014 724 γένεσις,
2043 634 2118 706 τὸ
2148 640 2412 706 δοκέειν
2443 638 2648 706 πλέον

365 768 431 808 τι
473 736 647 808 εἶναι
687 735 1097 826 ἀνθρώπου,
1152 740 1437 827 δεύτερα
1482 741 1558 810 δὲ
1600 736 1643 830 ἦ
1675 739 1948 830 εὐτυχίη
1986 736 2223 830 ἡκατὰ
2263 736 2419 819 τοὺς
2448 742 2645 810 πολέ-

367 843 888 967 μουςτγενομένη
906 863 921 878 ·
972 838 1095 931 ὅκη
1121 840 1249 931 γὰρ
1277 843 1542 913 ἰθύσειε
1570 845 2060 935 στρατεύεσθαι
2088 849 2347 934 Κῦρος,
2388 840 2644 933 ἀμήχα-

413 973 495 1015 ον
567 975 609 1014 ν
641 943 861 1015 ἐκεῖνο
888 942 963 1015 τὸ
991 951 1157 1016 ἔθνο
1220 953 1333 1016 δια
1393 976 1436 1016 v
1626 1003 1641 1016 .

374 977 411 1017 ν
512 975 638 1118 ’γΙΙΙν
679 1049 756 1119 δὲ
794 1054 917 1117 τοῦ
959 975 1207 1138 ἆνδρὸἶ·
1246 952 1714 1132 ἆπζθζὶῗὶῗτος
1752 1049 1926 1140 γυνὴ
1965 1055 2102 1120 τῶν
2139 1050 2644 1135 Μασσαγετέων
2657 1062 2781 1124 205

369 1160 680 1242 βασίλεια
701 1205 719 1238 ,
772 1152 1062 1242 Τόμυρίς
1103 1159 1171 1223 οἰ
1215 1146 1304 1242 ἦν
1345 1153 1622 1245 οὕνομα.
1720 1155 1974 1244 ταύτην
2013 1157 2296 1242 πέμπων
2334 1149 2370 1221 ὁ
2423 1158 2646 1244 Κῦρος

369 1355 684 1419 recipiente.
755 1355 946 1419 Neque
977 1369 1113 1406 sane
1141 1354 1240 1406 tali
1278 1371 1455 1408 emen-

371 1426 591 1476 datione
629 1417 764 1506 opus
801 1439 921 1474 esse
955 1425 1189 1475 videtur.

442 1492 848 1556 στρατευεσθαι
885 1490 1101 1559 Κῦρος]
1129 1487 1453 1559 στρατεύειν

366 1579 510 1614 unus
582 1564 749 1628 liber,
821 1563 966 1628 qnod
1032 1580 1141 1614 non
1203 1565 1456 1631 displicet

368 1634 901 1699 Schweighaeusero,
935 1636 1272 1697 comparanti
1299 1637 1343 1698 Ι,
1367 1637 1451 1685 77.

367 1704 463 1765 v1,
501 1705 552 1754 7.
628 1703 837 1764 Quibus
881 1703 1114 1754 Bredov,
1163 1721 1216 1770 p.
1257 1707 1324 1758 24
1360 1705 1456 1755 ad-

369 1775 451 1824 dit
484 1774 580 1836 VI,
610 1773 729 1824 108.
769 1773 865 1836 IX,
900 1772 986 1834 86,
1022 1776 1264 1824 activum
1300 1791 1453 1840 prae-

367 1842 646 1894 ferendum
683 1842 858 1892 videri
890 1848 1074 1906 ratus,
1111 1844 1219 1893 nisi
1252 1846 1372 1910 quis
1397 1845 1452 1895 id

363 1917 522 1978 putet
557 1912 1095 1977 interpretamentum
1131 1929 1252 1965 esse
1276 1929 1342 1964 ex
1367 1914 1451 1964 his

366 1982 500 2048 ipsis
536 1982 673 2032 locis
709 1980 948 2032 ductum.
1021 1982 1216 2047 Itaque
1254 1985 1452 2034 retinui

366 2045 792 2115 στρατεύεσθαι.
889 2052 1027 2102 Ante
1085 2050 1279 2115 Κῦρος
1324 2054 1453 2103 arti-

366 2120 546 2171 culum
591 2112 640 2182 ὃ,
692 2121 843 2170 libris
908 2121 1094 2171 invitis
1144 2122 1310 2188 vulgo
1359 2123 1454 2173 ad-

366 2192 585 2252 iectum,
615 2190 912 2240 omisimus.
965 2191 1057 2241 Sic
1081 2190 1138 2240 in
1161 2193 1448 2244 antecedd.

368 2276 464 2324 pro
513 2252 775 2322 δεύτερα,
833 2259 977 2325 quod
1021 2261 1211 2325 optimi
1264 2266 1452 2313 tenent

363 2329 518 2393 libri,
564 2329 656 2379 alii
688 2321 986 2392 δεύτερον,
1038 2346 1160 2380 cum
1193 2336 1360 2381 antea
1392 2333 1451 2382 in

367 2395 597 2462 πρῶτον
642 2414 828 2448 omnes
864 2401 1197 2464 conspirent.
1272 2403 1451 2466 Atque

366 2469 504 2519 alias
536 2468 682 2532 apud
715 2469 976 2519 Nostrum
1013 2468 1209 2532 πρῶτα
1244 2464 1348 2531 μὲν
1378 2503 1450 2511 ——-

365 2530 602 2601 δεύτερα
639 2531 720 2598 δὲ,
758 2542 821 2588 ut
855 2538 963 2599 ΙΙΙ,
1001 2538 1088 2590 80.
1124 2540 1284 2602 VIII,
1327 2540 1446 2592 106.

365 2607 665 2658 Adnotavit
701 2607 836 2658 baec
861 2608 1184 2674 Schweigh„
1223 2610 1339 2674 ipse
1369 2616 1449 2660 ta-

367 2692 488 2727 men
523 2676 729 2727 addens
765 2678 1102 2728 Herodotum
1147 2680 1204 2728 in
1239 2679 1323 2729 his
1360 2696 1451 2730 va-

365 2748 508 2797 riare
560 2747 823 2796 orationis
869 2747 1091 2798 formas.
1187 2749 1252 2798 Id
1307 2749 1451 2814 quod

367 2816 503 2866 satis
539 2820 845 2866 monstrant
880 2817 1111 2881 plurima
1146 2819 1388 2883 exempla
1419 2834 1453 2868 a

364 2887 612 2936 Werfero
666 2891 928 2952 congesta
983 2889 1040 2937 in
1092 2888 1239 2937 Actt.
1297 2888 1448 2953 phili.

364 2957 613 3006 Monacc.
651 2956 696 3016 Ι,
736 2958 786 3006 2.
825 2972 949 3020 pag.
979 2959 1098 3007 ⁶254.
1176 2958 1261 3009 Cf.
1292 2958 1450 3008 modo

366 3042 432 3075 ex
483 3025 586 3076 boc
631 3040 738 3075 uno
785 3025 1052 3077 Herodoti
1100 3026 1239 3076 libro
1287 3028 1334 3090 1,
1381 3028 1449 3078 59

365 3095 572 3161 (ibique
596 3094 783 3160 nott.)‚
806 3094 892 3158 91,
912 3096 1028 3158 112,
1053 3095 1170 3158 126,
1192 3097 1445 3159 134,138‚

365 3165 484 3227 179,
522 3180 661 3230 quae
685 3165 971 3215 lectionem
994 3170 1268 3230 receptam
1295 3159 1448 3230 (6⁸2³-

361 3233 516 3299 τερα)
571 3236 706 3284 satis
753 3235 894 3284 tueri
941 3240 1216 3299 poterunt.
1290 3237 1449 3298 Quod

364 3304 435 3355 ad
480 3304 658 3368 ipsum
682 3304 790 3353 loci
835 3309 1212 3368 argumentum
1250 3306 1449 3356 attinet

364 3389 667 3438 causasque
707 3372 861 3434 illas,
911 3375 1108 3439 quibus
1143 3375 1341 3439 Cyrum
1376 3377 1447 3426 ad

359 3443 464 3493 hoc
499 3443 699 3508 bellum
747 3442 1042 3493 adductum
1086 3459 1207 3495 esse
1248 3447 1448 3495 Noster

361 3513 578 3575 scribit,
612 3513 758 3578 quod
792 3512 1003 3563 scilicet
1037 3514 1212 3563 maius
1243 3514 1448 3580 aliquid

359 3582 577 3632 homine
623 3598 684 3633 se
741 3598 860 3633 esse
920 3584 1232 3648 opinaretur
1273 3585 1446 3648 Cyrus

361 3657 626 3718 perpetua
662 3650 943 3717 hucusque
990 3654 1049 3702 in
1084 3652 1242 3703 bellis
1278 3654 1448 3703 felici-

361 3726 481 3771 tate
525 3736 682 3782 usus,
729 3721 865 3772 haec
912 3737 1125 3787 quoque
1175 3723 1242 3774 ad
1281 3724 1447 3775 Grae-

363 3807 547 3841 corum
560 3791 828 3841 rationem
853 3792 1003 3843 dicta
1013 3793 1443 3843 existimabimus

363 3876 430 3911 ex
464 3875 530 3911 ea
564 3861 786 3911 fluxisse
823 3863 1122 3923 sententia,
1169 3878 1330 3928 quam
1378 3862 1444 3911 de

364 3929 525 3980 rebus
560 3929 761 3980 divinis
797 3935 963 3995 atque
1000 3931 1069 3981 de
1110 3932 1314 3981 invidia
1348 3930 1445 3980 illa

362 3999 550 4048 diviua
576 4001 779 4050 Noster
812 3999 1033 4062 habuit,
1072 4017 1181 4065 qua
1201 4001 1444 4050 homines

361 4069 582 4132 superbi
633 4069 904 4138 nim-isque
964 4069 1096 4119 elati
1155 4071 1315 4120 rebus
1365 4085 1447 4120 se-

361 4136 571 4200 cundis,
609 4142 670 4188 ut
699 4139 907 4189 maiora
934 4154 1143 4204 semper
1166 4143 1447 4204 appetant,

362 4223 396 4256 a
416 4207 520 4256 diis
556 4208 638 4257 ita
671 4207 1009 4271 plectuntur,
1049 4214 1113 4258 ut
1141 4209 1197 4259 in
1222 4210 1447 4260 exitium

361 4280 556 4341 sponte
591 4281 785 4337 ruant3
826 4279 896 4329 cf.
923 4281 1062 4329 nott.
1096 4279 1164 4329 ad
1191 4278 1236 4341 Ι,
1274 4278 1358 4338 32,
1393 4283 1448 4328 et

360 4346 538 4396 resero
574 4346 680 4396 hue
722 4362 963 4427 quoque,
1011 4363 1149 4411 quae
1193 4347 1450 4413 leguntur

361 4415 508 4470 infra
543 4416 591 4483 Ι,
629 4416 758 4470 210:
792 4432 869 4488 τῳ
897 4411 960 4467 δὲ
985 4407 1016 4470 ὁ
1041 4413 1263 4484 δαίμων
1281 4413 1451 4483 προέ-

1558 1373 1746 1423 φαινε,
1797 1347 1875 1416 ὦς
1916 1348 2092 1415 αὐτὸς
2141 1349 2246 1421 μὲν
2295 1348 2645 1422 τελευτήσειν

1553 1420 1738 1479 αὐτοῦ
1780 1419 1959 1496 ταύτῃ
1998 1424 2187 1493 μέλλοι
2237 1442 2287 1475 κ.
2325 1442 2371 1475 τ.
2410 1426 2457 1474 λ.
2514 1428 2641 1480 Vid.

1555 1500 1779 1565 Ditges:
1816 1500 1900 1548 De
1938 1497 2042 1548 fati
2076 1496 2222 1563 apud
2246 1496 2513 1548 Herodot.
2550 1514 2645 1548 no-

1560 1570 1709 1620 tione
1744 1586 1798 1634 p.
1816 1567 1883 1626 ,8.

1934 1703 2067 1790 ωἰι.
2106 1738 2262 1789 ccv.

1629 1836 1881 1907 Τόμυρίς
1918 1836 1978 1892 οἱ
2008 1827 2083 1906 ἦν
2120 1832 2365 1905 οὕνομα]
2408 1841 2470 1890 In
2507 1858 2643 1893 voce

1561 1906 1812 1977 Τόμυρις
1857 1910 2144 1962 scribenda
2179 1909 2479 1960 Herodotei
2516 1912 2643 1961 libri

1553 1982 1927 2044 consentiunt,
1971 1996 2296 2047 quamquam
2333 1980 2464 2029 alibi
2498 1982 2643 2047 apud

1554 2052 1694 2104 alios
1730 2056 1980 2102 auctores
2019 2050 2179 2100 valde
2223 2049 2461 2100 variant.
2533 2049 2641 2102 Sed

1551 2124 1656 2173 hac
1693 2121 1761 2171 de
1794 2138 1853 2172 re
1889 2121 2108 2172 uberius
2147 2119 2450 2184 disputavit
2479 2121 2642 2171 Hem·

1553 2192 1788 2244 sterhus.
1837 2191 1909 2242 ad
1957 2191 2187 2241 Lucian.
2236 2189 2542 2255 Contempl.
2584 2194 2634 2254 ς.

1558 2262 1620 2312 13
1661 2276 1705 2312 s.
1746 2277 1801 2326 p.
1836 2260 1940 2314 393
1993 2275 2108 2326 seq.
2156 2265 2200 2311 t.
2250 2260 2343 2310 111
2388 2259 2473 2310 ed.
2511 2261 2633 2325 Bip.

1553 2330 1678 2382 coll.
1716 2331 2066 2395 Oudendorp.
2091 2329 2161 2380 ad
2196 2329 2441 2379 Frontin.
2484 2331 2560 2392 11,
2588 2333 2638 2394 5,

1551 2405 1603 2453 5.
1625 2432 1696 2441 —-
1714 2401 1928 2452 Ctesias
1944 2440 1956 2463 ,
1996 2400 2139 2465 quod
2164 2401 2301 2449 satis
2326 2403 2514 2449 notum
2536 2405 2638 2462 est,

1550 2487 1652 2521 nec
1686 2472 2121 2536 Massagetarum
2155 2484 2255 2518 nec
2279 2469 2529 2533 Tomyris
2558 2486 2639 2519 re-

1550 2542 1713 2606 ginae
1733 2539 1897 2590 ullam
1927 2540 2059 2589 fecit
2092 2537 2437 2600 mentionem,
2472 2554 2639 2603 quan-

1555 2616 1669 2660 tum
1695 2609 1907 2673 quidem
1944 2625 2010 2658 ex
2041 2609 2157 2657 eius
2184 2608 2505 2671 fragmentis
2531 2607 2639 2657 col-

1553 2680 1723 2744 ligere
1756 2678 1914 2739 licet,
1956 2677 2129 2728 sedin
2161 2691 2344 2741 pugna
2363 2692 2485 2727 cum
2505 2678 2638 2727 Der-

1552 2748 1766 2799 bicibus
1807 2748 2005 2813 Cyrum
2040 2746 2381 2795 vulneratum
2413 2762 2480 2796 ac
2511 2748 2637 2797 dein

1554 2822 1825 2868 mortuum
1873 2832 1990 2867 esse
2038 2816 2206 2866 refert
2244 2819 2294 2878 §-
2332 2816 2384 2866 6.
2422 2817 2455 2867 8
2504 2816 2634 2866 Per-

1553 2888 1705 2949 sice„
1741 2888 1835 2937 ubi
1863 2887 1975 2937 vid.
2010 2901 2151 2952 quae
2172 2885 2482 2935 notavimus
2508 2902 2634 2952 pag.

1560 2958 1657 3008 110
1694 2973 1847 3022 seqq.
1914 2958 1979 3007 In
2002 2955 2172 3022 priori
2197 2961 2377 3006 autem
2402 2956 2636 3022 quadam

1551 3027 1681 3092 Cyri
1718 3026 2061 3092 expeditione
2083 3027 2349 3076 adversus
2373 3027 2542 3078 Sacas
2565 3057 2635 3067 —-

1550 3113 1714 3164 quam
1746 3106 1961 3162 gentem
1987 3096 2280 3162 Scythicae
2314 3098 2499 3162 stirpis
2525 3113 2635 3147 non

1550 3167 1839 3218 admodum
1876 3172 2136 3217 remotam
2174 3182 2293 3216 esse
2331 3167 2399 3217 ab
2428 3167 2638 3217 Massa-

1549 3238 1691 3304 getis
1749 3238 1929 3303 quivis
1975 3237 2238 3287 concedet
2284 3266 2354 3276 —-
2406 3235 2637 3287 similem

1550 3306 1822 3371 quandam
1856 3307 2130 3372 reginam,
2179 3309 2343 3370 atque
2378 3307 2481 3357 hoc
2514 3306 2637 3356 loco

1551 3378 1841 3441 Tomyrin‚
1888 3380 2055 3425 vocat
2092 3374 2452 3438 Spar-emma,
2495 3390 2634 3439 quae

1551 3447 1845 3496 fortissime
1914 3461 2033 3494 cum
2095 3444 2236 3509 Cyro
2308 3443 2637 3509 pugnaverit

1549 3515 1886 3579 eundemque
1918 3514 2138 3576 vicerit,
2174 3511 2223 3574 ἐ.
2262 3511 2311 3563 3.
2385 3514 2505 3575 Quo
2540 3513 2635 3562 iti-

1550 3587 1672 3635 dem
1708 3584 1947 3644 saciunt,
1987 3598 2124 3647 quae
2163 3581 2230 3630 de
2266 3582 2489 3632 Zur-ina.
2526 3582 2630 3631 for-

1547 3653 1764 3703 tissima
1819 3653 2032 3717 regina,
2094 3651 2284 3700 scribit
2339 3650 2632 3714 Diodorus,

1548 3724 1684 3784 alia,
1724 3736 1864 3785 quae
1893 3721 1963 3770 ad
1989 3719 2203 3769 fabulas
2228 3719 2483 3769 traducta
2512 3737 2635 3770 nar-

1546 3792 1959 3856 rationibusque
1975 3790 2307 3840 Amazonum
2335 3789 2524 3839 addita
2537 3793 2634 3840 aut

1548 3878 1669 3912 cum
1706 3860 1772 3910 iis
1811 3861 2106 3910 coniuncta
2152 3858 2322 3908 fuisse
2356 3858 2629 3910 videntur.

1548 3930 1656 3982 Sed
1693 3929 1760 3979 de
1792 3930 1860 3979 iis
1895 3945 2061 3995 penes
2089 3943 2523 3993 unumquemque
2554 3930 2634 3981 iu-

1548 4001 1747 4051 dicium
1793 4007 1940 4062 esto,
1989 3998 2234 4064 equidem
2280 4000 2635 4064 pronuntiare

1548 4069 1742 4129 nolim3
1802 4070 2047 4119 curiosos
2104 4068 2295 4118 harum
2339 4083 2517 4119 rerum
2562 4069 2633 4119 le·

1549 4145 1726 4191 ctores
1774 4138 1844 4189 ad
1889 4138 2131 4189 Ctesiam
2174 4138 2407 4189 amando
2458 4143 2513 4189 et
2562 4139 2633 4188 ad

1550 4225 1640 4269 ea,
1681 4223 1822 4274 quae
1856 4208 1935 4258 ibi
1964 4208 2231 4258 adnotavi
2265 4223 2390 4273 pag.
2419 4207 2489 4258 98
2515 4223 2631 4273 seq.

1547 4278 1651 4328 His
1688 4277 1855 4340 adde,
1907 4294 2047 4342 quae
2093 4277 2159 4327 de
2200 4277 2447 4343 Tomyri,
2502 4278 2633 4342 Scy-

1547 4347 1765 4397 tharum
1795 4349 2000 4412 regina,
2026 4346 2317 4396 traduntur
2340 4347 2483 4409 apud
2504 4347 2632 4396 Vin-

1551 4417 1788 4472 centium
1869 4416 2231 4481 Cadlubonis‚
2301 4414 2631 4472 Polonorum
