3109 5092
468 321 593 384 682

1327 319 1875 383 HERODOTI

687 488 877 575 ἤγαγε
916 493 1314 570 Σιδονίηθεν,
1360 482 1622 565 ἐπιπλὼς
1663 482 1839 569 εὐρέα
1879 484 2122 564 πόντον,

680 586 790 675 τὴν
833 586 1011 672 ὁδὸν,
1057 586 1140 672 ἢν
1160 586 1414 670 Ἑλένην
1457 616 1567 673 περ
1610 583 1913 674 ἀνήγαγεν
1954 583 2359 670 εὐπατέρειαν.

463 701 934 792 Ἐπιμέμνηται
964 701 1040 771 δὲ
1069 703 1182 770 καὶ
1215 704 1290 770 ἐν
1308 698 1663 789 Ὀδυσσείῃ
1681 751 1700 784 ,
1739 701 1816 766 ἐν
1840 703 2095 767 τοιοίδε
2122 713 2294 767 τοῖσι
2325 704 2511 767 ἔπεσι
2533 718 2546 731 ·

685 824 838 879 Τοῖα
885 808 1033 891 Διὸς
1075 812 1355 898 θυγάτηρ
1387 814 1480 894 ἔχε
1525 808 1817 893 φάρμακα
1857 808 2196 891 μητιόεντα,

682 909 899 993 ἐσθλὰ,
943 913 1015 979 τά
1059 918 1125 978 οἱ
1158 911 1530 997 Πολύδαμνα
1572 910 1791 995 πόρεν,
1843 915 2053 989 Θῶνος
2085 908 2440 996 παράκοιτις

538 1099 803 1158 ἐπιπλώ
822 1123 849 1165 ς
872 1099 1039 1170 εὐρέα
1062 1099 1299 1187 πόντον]
1327 1108 1410 1158 De
1440 1122 1559 1171 par-

470 1180 642 1244 ticipii
701 1178 876 1227 forma
931 1167 1183 1233 ἔπιπλως
1243 1176 1356 1228 vid.
1403 1179 1560 1227 Butt-

471 1265 650 1300 mann.
707 1248 942 1300 Gramm.
991 1247 1178 1296 maior.
1222 1247 1305 1323 11⁸,
1349 1262 1476 1327 pag.
1522 1248 1552 1295 7

469 1323 585 1369 not.
634 1333 759 1382 pag.
815 1316 935 1365 220.
977 1346 1046 1355 -
1094 1316 1223 1365 Mox
1271 1306 1559 1380 ἀνήγαγεν

472 1388 613 1438 dixit
648 1387 715 1436 ob
738 1386 1143 1450 navigationem
1184 1400 1214 1434 e
1243 1386 1514 1436 Graecia
1499 1401 1556 1433 ιιι

471 1457 704 1522 patriam
752 1455 1002 1517 Troiam,
1065 1455 1157 1519 qui
1199 1455 1395 1505 reditus
1451 1459 1552 1505 est.

471 1528 564 1578 Sic
581 1530 728 1576 certe
743 1529 954 1575 veteres
974 1524 1347 1589 grammatici;
1371 1539 1555 1589 quam-

472 1612 634 1661 quam
653 1595 868 1645 omnino
892 1595 958 1644 de
977 1594 1330 1658 navigatione
1345 1611 1374 1644 e
1396 1598 1555 1658 portu

472 1667 526 1715 in
559 1665 736 1716 altum
771 1654 1006 1728 ἀνάγειν
1043 1662 1153 1713 dici
1191 1668 1373 1713 monet
1406 1664 1554 1727 Hey-

471 1734 659 1786 niusl.
692 1734 730 1784 1.
770 1749 896 1798 pag.
933 1733 1054 1783 255.
1128 1732 1409 1797 Atquehis
1444 1734 1559 1798 qui-

471 1806 592 1856 dem
626 1805 703 1854 ita
737 1819 868 1854 usus
902 1807 988 1853 est
1023 1802 1276 1852 Welcker
1305 1801 1554 1867 (Episch.

469 1873 734 1939 cycl.11.
772 1889 899 1939 pag.
925 1871 992 1923 94
1030 1874 1227 1936 seqq.‚)
1263 1878 1325 1921 ut
1346 1876 1558 1922 mutata

469 1945 706 1996 lectione
741 1943 796 1992 in
833 1941 1004 1992 altero
1037 1942 1260 1992 Homeri
1292 1956 1471 2002 versu,
1499 1942 1554 1990 in

470 2031 576 2095 quo
624 2030 721 2078 pro
768 2003 867 2068 τὰς
899 2012 1007 2075 legi
1043 2011 1163 2061 vult
1215 2025 1379 2073 τους,
1427 2011 1463 2060 i.
1505 2027 1553 2061 e.

471 2081 740 2143 πέπλοις,
775 2081 864 2131 bie
912 2081 978 2131 de
1023 2080 1091 2131 iis
1127 2081 1371 2131 vestibus
1409 2080 1556 2143 cog-i-

470 2152 694 2204 tandum
742 2166 861 2200 esse
907 2154 1146 2212 statuat,
1198 2165 1331 2215 quas
1378 2149 1555 2211 Paris,

471 2238 606 2283 cum,
626 2222 687 2285 (a
725 2217 918 2283 Troia)
953 2220 1204 2285 Spartam
1248 2219 1555 2283 navigaret,

472 2291 671 2342 Sidone
702 2305 885 2339 seeum
921 2288 1235 2350 abstulerit,
1275 2288 1417 2339 dona
1446 2290 1558 2338 He-

470 2362 645 2412 lenae.
720 2360 894 2420 Quam
930 2358 1033 2408 viri
1069 2357 1218 2408 docti
1246 2358 1552 2423 opinionem

472 2431 609 2481 satis
647 2428 908 2480 refutavit
954 2445 1009 2479 v.
1051 2427 1183 2478 Hoff
1225 2426 1262 2478 1.
1312 2442 1479 2492 supra
1518 2425 1553 2477 1.

472 2517 526 2566 p.
550 2499 583 2551 6
603 2515 754 2565 seqq.
779 2515 835 2564 p.
867 2498 927 2550 13
944 2536 957 2559 ,
977 2498 1094 2562 ipse
1117 2504 1301 2548 tamen
1327 2513 1556 2562 negans,

472 2569 614 2621 esfici
651 2584 813 2635 posse
860 2584 925 2617 ex
960 2568 1062 2618 hoc
1107 2567 1229 2618 loco
1268 2567 1556 2616 Homerico

471 2640 554 2701 id,
593 2639 737 2705 quod
764 2639 891 2690 inde
918 2637 1207 2688 effici-vult
1224 2636 1558 2697 Herodotus,

471 2712 764 2761 Homerum
799 2707 917 2759 scil.
948 2708 1244 2773 quidquam
1281 2707 1559 2772 cognitum

471 2780 728 2831 habuisse
777 2778 843 2828 de
879 2776 1093 2828 Paridis
1147 2779 1204 2827 in
1249 2777 1558 2840 Aegyptum

472 2850 686 2900 itinere.
758 2849 825 2898 In
869 2863 975 2912 quo
1013 2847 1262 2911 equidem
1300 2845 1559 2895 assentiri

472 2934 710 2982 nequeo,
764 2916 1198 2981 quandoquidem
1244 2916 1446 2965 Noster
1492 2930 1559 2963 ex

474 3004 567 3048 eo,
621 2985 764 3051 quod
799 2987 1069 3035 Homerus
1115 2984 1367 3035 Paridem
1404 2982 1560 3034 redu-

473 3072 588 3106 cem
624 3072 744 3105 cum
783 3053 996 3104 Helena
1028 3053 1282 3104 Sidonem
1334 3058 1560 3118 tangen-

473 3131 582 3175 tem
618 3124 775 3184 sacit,
812 3128 1189 3189 argumentum
1226 3123 1332 3173 sibi
1362 3123 1560 3173 ducere

472 3210 636 3260 posse
669 3193 985 3256 videbatur,
1045 3207 1144 3243 nec
1195 3194 1434 3243 Homero
1477 3193 1559 3242 in-

472 3265 747 3331 cognitam
776 3278 898 3314 esse
919 3262 1164 3328 potuisse
1191 3277 1308 3313 eam
1334 3263 1556 3323 famam,

473 3349 614 3401 quae
631 3333 894 3384 Helenam
914 3348 1022 3383 non
1045 3337 1197 3383 recta
1217 3333 1308 3382 via
1334 3349 1367 3383 a
1393 3332 1560 3383 Grae-

473 3407 562 3456 cia
610 3404 665 3454 in
713 3404 900 3454 Asiam
948 3418 1045 3467 per
1089 3404 1361 3467 Aegaeum
1408 3417 1556 3452 mare

473 3474 784 3541 pervenisse
807 3473 1033 3533 ferebat,
1054 3470 1150 3522 sed
1176 3487 1210 3521 a
1226 3476 1372 3522 recto
1395 3486 1559 3522 cursu

473 3544 707 3595 delatam
766 3542 1020 3593 Sidonem
1073 3541 1209 3591 adeo
1282 3541 1554 3606 tetigisse:

472 3613 619 3679 qnod
648 3613 824 3676 ipsum
848 3611 964 3661 fieri
995 3626 1105 3660 non
1142 3611 1412 3675 potuisse,
1449 3611 1558 3660 nisi

470 3683 776 3747 Aegyptum
816 3695 1032 3747 quoque
1077 3679 1173 3729 illa
1216 3685 1378 3730 antea
1435 3680 1560 3730 teti-

475 3752 643 3818 gerit,
680 3751 825 3800 unde
859 3750 1121 3799 traiectus
1149 3751 1202 3798 in
1229 3749 1560 3800 Phoeniciae

471 3821 634 3870 urbes
679 3818 794 3869 fleri
848 3819 1091 3873 solebat·
1153 3834 1321 3883 eoque
1371 3818 1559 3868 -refero

474 3888 667 3969 verba,
706 3902 844 3964 quae
882 3888 941 3937 in
976 3886 1030 3937 h.
1069 3903 1117 3940 c.
1149 3887 1254 3937 fine
1273 3887 1555 3954 leguntur

469 3946 1436 4089 ⁰⁹2505331‘23325ss0ffl‘y33‘55?
1449 3955 1558 4086 ‘151

471 4095 574 4146 227
612 4107 726 4157 seq.
761 4096 816 4142 et
846 4092 950 4154 IV,
990 4092 1113 4143 351.
1185 4095 1387 4143 Scribit
1423 4109 1554 4143 vero

471 4162 716 4214 Nitzscb.
788 4159 1112 4225 (Anmerkk.
1187 4178 1255 4212 zu
1332 4164 1555 4214 Homer.

473 4232 674 4296 Odyss.
692 4232 738 4281 1.
754 4246 879 4295 pag.
894 4232 997 4281 225
1023 4230 1192 4296 not.):
1233 4232 1376 4293 „Die
1389 4231 1558 4281 Verse

469 4300 782 4353 227—230
835 4299 986 4349 siihrt
1027 4300 1276 4350 Herodot
1323 4300 1405 4362 ΙΙ,
1458 4301 1559 4352 116

470 4371 753 4424 seltsamer
795 4368 980 4420 Weiss
1031 4386 1151 4422 zum
1199 4368 1404 4434 Belege
1465 4384 1554 4433 an,

1659 1104 1787 1154 dass
1821 1105 2026 1155 Homer
2062 1120 2168 1155 von
2204 1105 2353 1155 einer
2382 1102 2614 1153 Irrfahrt
2649 1103 2749 1153 des

1658 1173 1816 1224 Paris
1870 1175 1968 1224 mit
2024 1173 2119 1224 der
2180 1175 2479 1238 geraubten
2535 1172 2753 1222 Helena

1660 1243 1799 1293 nach
1824 1243 2108 1309 Aegypten
2132 1248 2375 1309 gewusst
2397 1243 2557 1293 habe.
2616 1242 2750 1292 Man

1659 1313 1827 1373 sieht,
1878 1313 1949 1363 da
1994 1313 2133 1364 auch
2180 1312 2275 1363 351
2330 1313 2439 1364 und
2490 1312 2591 1363 352
2630 1311 2750 1361 dies

1656 1383 1928 1433 beweisen
1954 1383 2154 1443 sollen,
2193 1382 2320 1433 dass
2340 1382 2619 1443 Herodot,
2652 1398 2751 1432 un-

1657 1453 1959 1515 eingedenk
1984 1452 2080 1502 der
2099 1452 2413 1519 Erzahlung
2435 1452 2542 1513 111,
2567 1450 2668 1502 288
2689 1451 2750 1503 ff.

1656 1523 1885 1583 meinte‚
1958 1521 2235 1573 Menelaos
2288 1523 2371 1572 sei
2423 1521 2754 1572 absichtlich

1657 1593 1795 1642 nach
1815 1593 2099 1657 Aegypten
2120 1592 2391 1654 geschifft.
2441 1590 2625 1656 Vergl.
2650 1606 2752 1641 un-

1659 1668 1750 1712 ten
1786 1678 1851 1712 zu
1890 1662 2052 1712 384.“
2117 1664 2203 1713 Ex
2229 1662 2331 1713 hoc
2361 1677 2491 1712 vero
2516 1666 2751 1725 utroque

1659 1730 1941 1796 Odysseae
1971 1732 2093 1782 loco
2118 1747 2240 1782 cum
2277 1731 2411 1781 nihil
2445 1730 2588 1781 effici
2629 1747 2753 1796 pos-

1660 1801 1733 1850 sit
1769 1800 1839 1851 ad
1873 1802 1957 1863 id,
1996 1801 2139 1866 quod
2177 1802 2407 1866 probare
2429 1799 2551 1851 vult
2576 1801 2753 1850 Hero·

1660 1871 1840 1932 dotus,
1863 1872 2100 1921 Homero
2128 1871 2246 1921 scil.
2274 1872 2552 1937 cognitam
2579 1871 2753 1921 fuisse

1659 1940 1923 1990 Helenam
1992 1941 2049 1989 in
2103 1940 2418 2060 Δοξγρῑο
2416 1944 2749 2004 versantem,

1659 1979 2754 2161 {ffliffimssffissmssyffioiss2‘10502‘}

1659 2148 1779 2198 vult
1797 2148 1869 2198 ad
1888 2143 2032 2197 κατὰ
2049 2164 2156 2212 γαρ
2178 2139 2407 2213 ἐποίησε
2425 2149 2752 2200 Schaeferus

1662 2218 1731 2269 ad
1766 2218 2043 2269 Plutarch.
2082 2218 2222 2270 Vitt.
2261 2219 2383 2269 Vol.
2418 2219 2516 2269 VI.
2552 2236 2606 2285 p.
2646 2219 2750 2269 477

1663 2288 1773 2353 (ed.
1823 2288 1977 2353 Lips.
2027 2303 2119 2352 ap.
2169 2288 2612 2369 Teubn.1830),

1663 2375 1767 2438 que
1816 2372 1882 2408 ac
1940 2359 2224 2423 sequentia
2271 2358 2441 2408 verba
2486 2349 2755 2420 ὁμουρέει

1661 2422 1768 2493 γὰρ
1806 2442 1856 2476 κ.
1888 2444 1934 2477 τ.
1966 2427 2012 2476 λ.
2050 2427 2118 2477 ad
2145 2443 2310 2479 unum
2344 2427 2536 2477 Iliadis
2570 2426 2750 2477 locum

1662 2501 1938 2563 spectent,
2003 2497 2145 2547 idem
2214 2497 2539 2549 Schaeferus
2607 2496 2752 2548 hanc

1663 2582 1873 2617 omnem
1915 2565 2153 2617 locorum
2191 2567 2475 2633 Odysseae
2519 2582 2750 2617 comme-

1663 2637 2019 2688 morationem
2065 2636 2195 2687 inde
2255 2653 2289 2687 a
2334 2637 2517 2687 verbis
2562 2627 2751 2697 ἐπιμέ-

1663 2721 1868 2770 μνηται
1933 2698 1996 2754 δὲ
2060 2701 2157 2755 καὶ
2217 2696 2278 2755 ἐν
2340 2697 2458 2755 ’.Οδ
2511 2707 2752 2771 spuriam

1659 2776 1856 2826 habuit
1910 2776 2173 2840 uncisque
2228 2775 2480 2839 inclusit,
2548 2777 2751 2841 quippe

1660 2850 1884 2911 postera
1905 2850 2090 2895 aetate
2107 2845 2177 2895 ab
2204 2845 2593 2910 interpolatore
2619 2861 2750 2910 quo-

1662 2915 1785 2965 dam
1811 2914 2052 2965 additam
2081 2914 2311 2980 indeque
2343 2913 2748 2965 eliminandam.

1660 2986 1834 3047 Quam
1883 2984 2108 3034 eandem
2159 2985 2485 3036 sententiam
2546 2986 2615 3035 de
2659 2984 2747 3033 bis

1658 3054 1788 3104 tulit
1829 3053 2065 3104 BredoV.
2116 3070 2169 3119 p.
2226 3056 2289 3104 17
2336 3069 2450 3119 seq.
2511 3055 2749 3119 itemque

1660 3140 1715 3175 v,
1752 3123 1886 3173 Hoff
1918 3122 1954 3174 1.
1993 3122 2033 3175 l.
2069 3138 2193 3189 pag.
2236 3124 2295 3174 ll
2329 3139 2442 3188 seq.
2530 3126 2577 3175 A
2616 3139 2748 3189 quo-

1662 3208 1778 3244 rum
1816 3193 2091 3243 sententia
2127 3193 2373 3258 equidem
2411 3194 2492 3243 ita
2535 3195 2746 3255 absum,

1660 3268 1723 3313 ut
1756 3261 1844 3311 vel
1881 3261 2130 3312 consulto
2164 3268 2455 3328 utrumque
2500 3261 2677 3313 locum
2717 3278 2751 3313 a

1658 3333 1862 3383 Nostro
1910 3330 2154 3382 additum
2199 3337 2412 3396 putem,
2462 3332 2605 3382 unde
2650 3331 2751 3381 ali-

1659 3400 1790 3468 quid
1826 3401 2043 3451 omnino
2087 3400 2273 3467 colligi
2326 3407 2515 3466 posset
2559 3400 2631 3451 ad
2668 3416 2751 3451 re-

1660 3487 1776 3521 rum
1792 3470 2183 3537 Aegyptiarum
2203 3472 2585 3533 cognitionem,
2608 3486 2751 3535 quae

1657 3543 1895 3592 Homero
1956 3541 2154 3602 fuerit,
2223 3541 2295 3592 ad
2355 3541 2751 3605 earundemque

1660 3610 2095 3661 coniunctionem
2128 3625 2247 3660 cum
2284 3610 2445 3660 rebus
2473 3611 2748 3671 Troianis,

1661 3678 1875 3744 qualem
1910 3681 2029 3744 ipse
2058 3680 2260 3730 Noster
2282 3679 2371 3730 hic
2397 3684 2621 3742 tractat,
2654 3680 2748 3743 qui

1661 3749 1904 3799 Thonem
1944 3749 2054 3798 iam
2103 3764 2269 3812 supra
2308 3765 2429 3815 cap.
2472 3749 2569 3799 113
2609 3764 2751 3799 com·

1662 3822 2086 3880 memoraverat,
2136 3818 2373 3883 itemque
2420 3818 2749 3870 Menelaum.

1662 3887 1889 3937 Accedit
1907 3885 2163 3938 librorum
2183 3888 2506 3951 scriptorum
2529 3902 2751 3939 consen·

1662 3972 1753 4007 sus
1788 3956 1923 4006 baec
1957 3957 2127 4006 verba
2159 3957 2510 4008 retinentium
2545 3973 2645 4008 nec
2668 3956 2751 4007 ul-

1661 4025 1770 4075 lum
1804 4026 2244 4090 interpolationis
2277 4027 2571 4092 vestigium
2598 4041 2750 4091 prae—

1659 4094 1922 4158 bentium,
1957 4101 2019 4146 ut
2052 4095 2213 4157 adeo,
2251 4097 2298 4145 si
2333 4112 2550 4147 manum
2580 4097 2748 4146 inter-

1658 4162 1923 4229 polatoris
1949 4165 2093 4215 hunc
2118 4164 2296 4216 locum
2323 4171 2601 4231 expertum
2627 4182 2749 4216 esse

1659 4236 1901 4295 statuas,
1938 4233 1994 4283 id
2031 4239 2180 4285 certe
2216 4235 2379 4299 longe
2418 4239 2546 4286 ante
2578 4235 2749 4285 libros

1659 4302 1893 4367 scriptos
1930 4316 2075 4354 nunc
2112 4305 2433 4370 superstites
2480 4305 2750 4355 accidisse

1658 4370 1958 4436 putandum
1996 4373 2155 4424 foret.
