3109 5092
1262 359 1514 426 CLIO.
1556 363 1612 424 I.
1658 371 1782 427 145.

2527 357 2655 422 297

377 563 641 626 μειρος,
681 536 796 604 καὶ
834 537 993 615 Κῶς
1029 560 1103 603 τε
1145 533 1258 604 καὶ
1297 533 1589 625 Κνίδος,
1634 533 2028 627 ἐξεκλήισαν
2066 541 2185 627 τῆς
2224 538 2504 625 μετοχῆς
2527 532 2656 625 τὴν

378 644 580 728 ἕκτην
620 638 819 709 πόλιν
862 634 1406 727 Ἁλικαρνησσόν.
1495 640 1792 713 τούτοισι
1830 639 1956 730 μέν
1992 668 2129 710 νυν
2171 630 2360 710 οὗτοι
2401 639 2656 728 ταύτην

379 742 502 834 τὴν
530 749 769 833 ζημίην
798 739 1164 831 ἐπέθηκαν.
1236 743 1577 817 Δυοίὸεκα
1606 748 1688 815 δέ
1718 773 1830 834 μοι
1862 741 2169 815 δοκέουσι
2198 742 2432 824 πόλιας
2459 741 2649 842 ποιή-
2672 763 2791 824 145

383 858 634 918 σασθαι
661 850 733 916 οἰ
752 842 999 934 Ἰωνες,
1031 848 1143 916 καὶ
1171 844 1297 918 οὐκ
1324 853 1643 939 ἐθελῆσαι
1671 853 1964 928 πλεῦνας
1992 849 2424 932 ἐσδέξασθαι,
2450 852 2654 918 τοῦδε

385 956 645 1036 εἵνεκα,
674 947 777 1020 ὅτι
805 951 953 1037 καὶ,
999 946 1110 1020 ὅτε
1139 952 1215 1021 ἐν
1239 953 1744 1046 Πελοποννήσῳ
1774 961 2033 1038 οἴκεον,
2077 950 2389 1023 δυώδεκα
2412 942 2501 1039 ἦν
2528 948 2653 1020 αὖ-

380 1153 678 1206 Prokesch.
707 1151 926 1205 Annall.
955 1153 1153 1205 Vienn.
1184 1154 1330 1205 LIX.
1362 1155 1471 1206 An-

382 1223 614 1290 zeigebl.
652 1240 707 1289 p.
750 1224 784 1273 2
820 1238 970 1288 seqq.
1043 1223 1302 1274 Michaud
1340 1225 1469 1275 Cor-

381 1292 635 1359 respond.
675 1292 928 1344 d'Orient
963 1293 1043 1345 11.
1081 1310 1135 1359 p.
1173 1293 1277 1345 489
1312 1310 1466 1360 seqq.

381 1381 449 1416 ae
497 1364 789 1429 praecipue
823 1362 1181 1430 Archaeolog.
1214 1365 1467 1429 Zeitung.

384 1435 540 1487 1847.
576 1449 658 1483 nr.
698 1433 786 1484 12.
824 1431 942 1496 (ubi
976 1434 1215 1498 regionis
1238 1438 1294 1483 et
1316 1434 1468 1484 urbis

381 1503 672 1556 delineatio
708 1501 897 1552 addita
927 1501 1031 1566 est)
1069 1507 1124 1553 et
1162 1502 1315 1554 1848.
1349 1504 1470 1554 Bei-

380 1574 491 1637 lag.
536 1589 619 1623 nr.
663 1571 717 1623 6.
789 1571 1182 1637 Inscriptiones
1228 1573 1467 1624 Graecas

384 1643 602 1695 exhibet
622 1642 977 1707 Corp.1nscr.
1000 1643 1226 1694 Graece.
1251 1641 1340 1708 (T.
1363 1643 1465 1710 H.)

383 1730 466 1766 nr.
504 1713 643 1765 2655
680 1727 831 1777 seqq.

445 1773 772 1862 ἐξεκλήϊσαν
792 1778 895 1860 τῆς
914 1778 1155 1845 μετοχῆς
1176 1773 1284 1845 τὴν
1300 1776 1470 1846 ’ἕκτην

382 1845 574 1916 πόλιν]
611 1841 818 1915 μετοχὴ
854 1849 1151 1901 secundum
1186 1851 1268 1902 St.
1306 1850 1470 1902 Oroix

380 1922 422 1974 1.
471 1921 510 1971 l.
561 1936 689 1987 pag.
742 1921 842 1970 155
890 1921 957 1971 de
1003 1936 1281 1971 sacrorum
1326 1936 1469 1972 com-

382 1991 639 2042 munione
674 1994 886 2040 tantum
924 2007 990 2040 ac
1028 1990 1094 2041 de
1141 1991 1286 2042 festo
1322 2006 1468 2042 com-

380 2061 619 2113 muniter
692 2060 1001 2125 peragendo
1069 2060 1465 2125 accipiendum.

381 2133 462 2183 Ac
496 2130 740 2196 sequitur
771 2129 875 2181 hoc
912 2130 1029 2180 iure
1074 2146 1141 2180 ex
1178 2131 1279 2194 iis,
1328 2146 1468 2195 quae

382 2201 474 2251 ille
509 2202 565 2250 in
596 2201 907 2251 universum
954 2199 1022 2250 de
1055 2200 1161 2250 hoc
1206 2200 1351 2250 festo
1388 2204 1469 2250 at-

384 2286 487 2337 que
535 2271 743 2320 Dorum
792 2284 1054 2320 consessu
1099 2272 1318 2332 statuit,
1383 2284 1470 2320 su-

384 2356 483 2406 pra
530 2339 691 2390 nobis
747 2339 1011 2391 indicata.
1064 2370 1137 2379 -
1196 2340 1261 2390 In
1313 2354 1467 2405 seqq.

385 2426 506 2462 cum
545 2409 722 2460 Gaisf.
765 2425 794 2458 e
838 2408 982 2458 binis
1026 2408 1180 2459 libris
1227 2409 1470 2459 ordinem

382 2480 669 2530 verborum
704 2477 953 2530 ιιοιιιιὶῙιίῙ
990 2479 1316 2529 mutavimus
1343 2479 1474 2529 scri-

383 2551 574 2600 bentes
626 2535 788 2598 οὖτοι
835 2539 1069 2628 ταύτην
1112 2540 1221 2613 τὴν
1245 2545 1473 2632 ζημίην

383 2635 481 2684 pro
533 2610 747 2696 ταύτην
789 2609 895 2682 τὴν
947 2614 1155 2682 ζημίην
1202 2607 1363 2668 οὗτοι
1418 2623 1474 2668 et

385 2704 509 2739 mox
548 2678 809 2738 δυώδεκα
846 2682 911 2737 δέ
945 2701 1043 2766 μοι
1079 2684 1343 2738 δοκέουσι
1374 2704 1471 2753 pro

383 2753 651 2808 δοκέουσι
689 2754 754 2806 δέ
787 2771 886 2820 μοι
922 2747 1199 2807 ὃυωδεκα.
1270 2757 1472 2823 Vulga-

381 2833 498 2878 tam
524 2827 867 2878 retinuerunt
883 2826 1124 2877 Dindorf
1146 2831 1200 2877 et
1219 2827 1468 2879 Dietsch.

735 2998 869 3049 CAP.
908 2999 1118 3050 CXLV.

452 3101 623 3154 τοῦδε
658 3100 866 3166 εἵνεκα,
907 3119 993 3153 οτι
1027 3089 1181 3152 ml*
1147 3115 1239 3151 οτε
1270 3093 1331 3150 ἐν
1360 3100 1471 3151 Πε-

384 3165 724 3238 λοποννήσῳ
758 3189 810 3222 κ.
852 3189 900 3222 τ.
937 3171 1012 3238 λ.]
1070 3172 1156 3223 Ad
1195 3172 1470 3222 meliorem

383 3245 493 3295 loci
538 3242 959 3308 intelligentiam
1012 3242 1145 3293 haec
1195 3241 1469 3292 addimus.

384 3315 598 3376 Ionem,
645 3312 817 3364 Xuthi
861 3312 1055 3374 filium,
1117 3311 1473 3362 Athenarum-

385 3400 490 3449 que
516 3399 698 3450 regem
723 3381 895 3446 (unde
920 3381 1279 3432 Athenienses
1307 3381 1473 3431 etiam

383 3454 547 3504 Iones
594 3453 729 3503 dicti
775 3451 922 3518 sunt)
968 3451 1233 3501 coloniam
1279 3450 1472 3515 Aegia-
1514 3449 1519 3452 ’

384 3523 524 3574 leam
590 3524 647 3572 in
716 3521 1094 3586 Peloponneso
1164 3520 1470 3582 deduxisse,

386 3593 606 3656 regibus
657 3591 929 3656 Sicyoniis
983 3595 1115 3640 tunc
1167 3590 1468 3651 subditam3

387 3662 513 3712 dein
536 3661 728 3712 Helice
749 3660 919 3711 Selini
942 3660 1086 3725 regis
1122 3658 1238 3709 filia
1273 3661 1329 3708 in
1362 3675 1474 3709 ma-

386 3732 699 3782 trimonium
745 3731 910 3781 ducta
954 3745 1066 3780 una
1102 3744 1222 3779 cum
1258 3727 1354 3778 illa
1392 3729 1473 3780 Si-

387 3802 569 3866 cyonii
588 3801 749 3851 huius
774 3800 920 3866 regis
944 3804 1147 3849 terram
1175 3800 1472 3863 accepisse,

389 3873 469 3920 ita
500 3875 562 3921 ut
608 3869 821 3921 incolae
866 3870 1032 3919 etiam
1069 3867 1242 3918 Ionum
1279 3884 1474 3919 nomen

388 3945 520 3991 tunc
552 3941 873 4005 reciperent.
930 3941 1132 3989 Postea
1168 3943 1352 3988 tamen
1373 3938 1473 3988 hos

388 4011 551 4061 Iones
603 4014 750 4060 terra
789 4008 972 4074 pulsos
1018 4008 1089 4057 ab
1135 4007 1370 4058 Achaeis
1417 4008 1475 4057 in

388 4079 626 4130 Atticam
670 4084 869 4130 terram
916 4094 976 4128 se
1020 4078 1291 4141 recepisse
1328 4077 1475 4127 inde-

388 4165 494 4215 que
520 4163 706 4199 rursus
730 4164 852 4199 cum
876 4146 1042 4199 Codri
1063 4146 1191 4196 filiis
1218 4147 1274 4195 in
1285 4146 1473 4196 Asiam

386 4218 754 4283 immigrasse,
790 4218 885 4267 ubi
920 4216 1202 4268 duodecim
1238 4216 1361 4266 illas
1400 4216 1474 4266 ci-

384 4289 589 4338 vitates
625 4286 937 4338 conderent.
1013 4286 1100 4337 cf.
1136 4290 1353 4351 praeter
1385 4301 1474 4336 co-

386 4357 599 4422 piosam
633 4356 895 4408 Larcheri
937 4356 1011 4407 ad
1053 4356 1109 4407 h.
1146 4355 1184 4406 l.
1231 4355 1472 4420 disputa-

388 4427 594 4478 tionem
625 4426 794 4480 Beck.
830 4426 915 4477 in=
960 4424 1191 4492 Augem.
1230 4424 1474 4492 Weltge-

1572 1153 1806 1206 schieht.
1857 1155 1902 1205 1.
1948 1170 2074 1220 pag.
2122 1153 2244 1206 829.
2299 1157 2354 1205 et
2388 1151 2658 1204 Merleker

1571 1225 1710 1276 libro
1774 1224 1948 1289 primo
2006 1223 2368 1275 Achaicorum
2436 1221 2658 1288 (Darm-

1573 1294 1718 1346 stad.
1770 1293 1958 1359 1837),
2005 1309 2125 1358 cap.
2160 1293 2206 1344 1.
2245 1297 2301 1359 p.’
2339 1294 2549 1344 1—24.
2589 1320 2658 1331 —-

1574 1363 1938 1428 „Catalog-um
1985 1362 2266 1414 duodecim
2321 1363 2535 1414 urbium
2582 1363 2659 1413 fe-

1574 1438 1765 1486 cerunt
1799 1435 1963 1484 etiam
1999 1432 2243 1498 (praeter
2264 1434 2504 1483 Pausan.
2530 1432 2656 1495 VII,

1571 1503 1628 1570 6)
1662 1504 1978 1555 Herodotus
2013 1503 2072 1566 1,
2113 1504 2238 1566 145,
2275 1503 2538 1567 Polybius
2578 1503 2658 1566 11,

1570 1574 1634 1625 41
1678 1572 1815 1638 (eius
1853 1577 2036 1624 aetate
2074 1588 2259 1623 omnes
2294 1576 2509 1637 praeter
2538 1571 2661 1623 Ole-

1569 1660 1698 1694 num
1721 1644 1791 1694 ad
1815 1644 2044 1694 Helicen
2084 1643 2259 1693 adhuc
2296 1643 2658 1708 supererant),

1572 1717 1628 1764 et
1667 1709 1864 1764 Strabo
1898 1712 2054 1762 VIII.
2085 1729 2137 1777 p.
2167 1711 2269 1764 385
2298 1710 2423 1776 (299
2460 1713 2657 1779 seqq.).

1571 1785 1728 1846 Quae
1765 1782 1831 1833 de
1878 1781 2108 1847 singulis
2152 1782 2238 1832 his
2278 1782 2503 1831 urbibus
2537 1796 2660 1831 nar-

1572 1853 1745 1902 randa
1782 1856 1961 1914 erant,
2011 1866 2077 1902 ea
2113 1851 2420 1901 Pausanias
2466 1851 2590 1901 inde
2625 1867 2659 1903 a

1522 1929 1533 1942 ·
1571 1922 1697 1983 VII,
1733 1921 1820 1973 17.
1864 1921 1913 1983 §.
1949 1921 2000 1972 3.
2037 1920 2440 1985 persequitur.“
2487 1919 2660 1971 Siebe-

1571 1995 1652 2042 lis.
1692 1990 1763 2041 ad
1789 1993 2029 2041 Pausan.
2066 1989 2100 2038 l.
2126 1989 2186 2053 l.,
2225 1989 2317 2055 qui
2352 1988 2512 2052 idem,
2550 2005 2659 2054 quo

1573 2061 1766 2112 melius
1811 2059 2178 2124 intelligatur,
2227 2058 2497 2125 quomodo
2545 2063 2662 2110 tum

1574 2132 1630 2181 in
1664 2130 1972 2181 nominibus
2007 2133 2123 2179 tum
2157 2130 2214 2178 in
2248 2128 2436 2179 ordine
2469 2129 2661 2179 harum

1571 2201 1683 2252 XII
1717 2200 1931 2249 urbium
1979 2200 2269 2264 scriptores
2317 2197 2384 2248 de
2428 2199 2498 2248 iis
2534 2215 2658 2249 nar-

1570 2275 1756 2320 rantes
1801 2268 2136 2333 discrepent,
2195 2270 2656 2334 comparationem

1571 2340 1843 2399 instituit3
1881 2339 2023 2390 unde
2045 2343 2291 2404 apparet,
2320 2339 2461 2388 inter
2486 2340 2660 2390 Hero-

1577 2410 1763 2461 dotum
1800 2414 1856 2460 et
1893 2410 2215 2461 Strabonem
2255 2424 2515 2459 summam
2542 2424 2664 2459 esse

1576 2480 2016 2540 consensionem,
2056 2478 2154 2528 sed
2189 2478 2465 2529 discedere
2504 2480 2573 2529 ab
2596 2479 2664 2528 iis

1574 2550 1864 2613 Polybium
1902 2553 1958 2598 et
1996 2563 2182 2597 rursus
2231 2563 2404 2612 aeque
2449 2549 2518 2598 ab
2553 2548 2663 2597 illis

1575 2623 1740 2684 atque
1787 2619 1859 2668 ab
1908 2618 2014 2668 hoc
2057 2617 2404 2667 Pausaniam.
2497 2619 2663 2668 Leon-

1575 2693 1692 2740 tium
1745 2687 1888 2737 enim
1947 2686 2095 2737 solus
2150 2686 2318 2736 habet
2379 2676 2663 2749 Polybius,

1574 2760 1851 2820 Ceryneam
1896 2755 2194 2806 omiserunt
2244 2755 2557 2806 Herodotus
2610 2761 2666 2806 et

1573 2827 1802 2888 Strabo,
1851 2825 2057 2891 Rhypes
2093 2830 2149 2875 et
2182 2824 2361 2889 Aeque
2394 2824 2658 2889 Polybius

1574 2901 1628 2947 et
1647 2897 1844 2947 Patras
1864 2896 2191 2947 Pausanias.
2230 2895 2498 2946 Accurate
2525 2894 2660 2946 haec

1573 2969 1890 3032 persecutus
1926 2970 2011 3015 est
2044 2965 2316 3016 Merleker
2351 2965 2388 3016 l.
2427 2965 2466 3017 l.
2501 2980 2555 3029 p.
2591 2966 2659 3016 25

1573 3051 1747 3101 seqq„
1785 3037 1878 3101 qui
1899 3034 2040 3085 idem
2065 3036 2190 3087 inde
2211 3050 2246 3086 a
2271 3051 2399 3101 pag.
2414 3035 2483 3087 29
2505 3050 2658 3101 seqq.

1572 3106 1818 3170 singulas
1879 3104 2167 3170 descripsit
2211 3106 2392 3156 urbes.
2462 3106 2661 3170 Dispu-

1572 3177 1715 3227 tavit
1750 3191 1963 3241 quoque
2002 3175 2069 3226 de
2116 3176 2202 3225 his
2241 3176 2408 3226 Grote
2450 3174 2661 3240 history

1577 3247 1638 3297 of
1680 3245 1882 3296 Greece
1930 3245 2035 3295 111.
2081 3261 2134 3310 p.
2169 3244 2274 3295 229
2311 3260 2463 3311 seqq.
2534 3245 2661 3294 Dis-

1576 3317 1805 3377 crimen,
1865 3315 2008 3380 quod
2057 3314 2114 3363 in
2157 3315 2387 3378 sing-ulis
2434 3314 2659 3364 urbibus

1574 3384 1880 3435 indicandis
1921 3387 2062 3434 inter
2098 3384 2439 3435 Herodotum
2477 3388 2533 3433 et
2558 3384 2661 3433 Po-

1574 3455 1780 3520 lybium
1818 3458 2026 3515 exstat,
2065 3453 2229 3503 facile
2251 3453 2331 3504 ita
2355 3451 2475 3502 tolli
2498 3467 2662 3516 posse

1574 3528 1735 3589 putat
1768 3525 1900 3573 Em.
1928 3521 2169 3572 Wahner
2194 3522 2299 3586 (De
2322 3521 2662 3572 Achaeorum

1576 3593 1720 3644 foed.
1760 3593 1970 3657 origine
2004 3595 2169 3656 atque
2203 3591 2467 3641 institutt.
2498 3592 2663 3641 Bero-

1573 3664 1670 3713 lin.
1714 3660 1868 3712 1854.
1914 3677 1967 3726 p.
2007 3660 2114 3723 6.),
2162 3664 2224 3710 ut
2271 3677 2368 3724 pro
2404 3660 2570 3724 Aegis
2607 3663 2663 3710 et

1575 3732 1812 3796 Rhypis,
1851 3746 1988 3795 quas
2026 3730 2224 3780 Strabo
2263 3734 2319 3780 et
2352 3730 2660 3780 Pausanias

1577 3802 1820 3853 desertas
1868 3804 2317 3862 commemorant,
2374 3799 2664 3849 Leontium

1577 3875 1634 3922 et
1674 3870 1961 3934 Ceryniam
2008 3873 2283 3933 tamquam
2336 3870 2497 3919 urbes
2552 3867 2663 3919 illis

1578 3941 1905 3990 substitutas
1928 3939 2292 3989 nominaverit
2313 3938 2574 4003 Polybius
2585 3945 2665 3992 :—

1579 4010 1954 4061 Duodemm‘um
2011 4009 2322 4060 Ionicarum
2375 4009 2664 4059 civitatum

1577 4095 1857 4130 numerum
1895 4079 1954 4129 in
1979 4080 2115 4130 Asia
2136 4080 2337 4130 Noster
2369 4080 2569 4143 repetit
2598 4094 2665 4128 ex

1577 4150 1701 4216 pari
1733 4149 2021 4200 civitatum
2055 4164 2279 4200 numero
2314 4150 2371 4198 in
2397 4148 2663 4214 Pelopon-

1575 4234 1734 4270 neso:
1762 4219 1914 4270 cuius
1938 4219 2110 4283 ipsius
2139 4221 2407 4269 rationem
2430 4219 2478 4268 si
2501 4234 2664 4282 quae-

1574 4305 1694 4352 ras,
1731 4289 1874 4339 hanc
1905 4288 2227 4339 divisionem
2254 4287 2660 4349 duodenariam,

1574 4374 1736 4424 quam
1786 4357 2013 4409 eandem
2057 4357 2204 4421 apud
2253 4356 2393 4426 alias
2444 4371 2657 4421 quoque

1573 4428 1918 4496 antiquitatis
1964 4431 2156 4494 gentes
2193 4426 2311 4478 sive
2347 4429 2521 4477 terras
2559 4424 2656 4476 ob-
