3109 5092
381 551 462 611 53

478 365 598 428 108

1352 369 1897 431 HERODOTI

644 552 825 613 Τοῖσι
856 544 931 613 δὲ
966 540 1160 631 ἄγειν
1197 548 1515 633 μέλλουσι
1554 548 1694 612 τῶν
1719 549 1968 613 Λυδῶν
1998 549 2206 612 ταῦτα
2248 541 2329 611 τὰ
2356 547 2544 630 δῶρα
2582 546 2649 623 ἐς
2675 540 2758 612 τὰ

476 645 587 736 ἱρὰ
627 649 1002 718 ἐνετέλλετο
1043 642 1080 716 ὁ
1122 656 1408 733 Κροῖσος
1445 651 1818 735 ἐπειρωτᾶν
1862 645 1944 716 τὰ
1982 645 2381 736 χρηστήρια,
2438 650 2501 715 εἰ
2548 666 2742 734 στρα-

472 751 743 838 τεύηται
794 755 904 821 ἐπὶ
956 754 1221 837 Πέρσας
1276 759 1594 839 Κροῖσος,
1653 753 1764 819 καὶ
1818 761 1886 819 εἴ
1935 778 2087 820 τινα
2139 746 2425 837 στρατὸν
2477 745 2755 837 ἀνδρῶν

475 857 876 941 προσθέοιτο
933 861 1167 941 φίλον·
1232 849 1345 934 Ὡς
1392 854 1466 923 δὲ
1518 851 1914 942 ἀπικόμενοι
1970 857 2035 933 ἐς
2078 851 2159 922 τὰ
2203 849 2753 942 ἀπεπέμφθησαν

473 963 541 1028 οἱ
588 961 801 1027 Λυδοὶ
853 955 1192 1027 ἀνέθεσαν
1237 956 1318 1027 τὰ
1369 955 1796 1047 ἀναθήματα,
1854 960 2178 1045 ἐχρέωντο
2233 973 2405 1026 τοῖσι
2462 977 2750 1045 χρηστη-

472 1068 675 1150 ρίοισι
713 1065 1051 1149 λέγοντες·
1111 1070 1426 1147 Κροῖσος,
1467 1057 1504 1132 ὁ
1531 1066 1783 1130 Λυδῶν
1808 1088 1878 1128 τε
1922 1062 2034 1130 καὶ
2073 1058 2299 1130 ἄλλων
2331 1063 2597 1130 ἐθνέων
2624 1066 2740 1147 βα·
2772 1069 2840 1121 25

475 1162 732 1249 σιλεύς,
794 1173 1072 1252 νομίσας
1124 1163 1283 1234 τάδε
1335 1165 1623 1253 μαντήῖα
1678 1163 1851 1233 εἶναι
1902 1169 2121 1252 μοῦνα
2177 1166 2249 1233 έν
2302 1161 2752 1251 ἀνθρώποισι,

475 1264 638 1356 ὑμῖν
680 1296 751 1337 τε
793 1264 944 1350 ἄξια
999 1271 1185 1354 δῶρα
1228 1273 1438 1336 ἔδωκε
1478 1272 1616 1337 των
1660 1267 2157 1356 ἐξευρημάτων,
2223 1269 2337 1335 καὶ
2385 1270 2511 1335 νῦν
2550 1261 2759 1356 ὑμέας

477 1375 838 1461 ἐπειρωτᾷ,
866 1377 929 1440 εἰ
952 1370 1390 1458 στρατεύηται
1420 1374 1527 1440 ἐπὶ
1556 1374 1857 1458 Πέρσας,
1901 1373 2012 1440 καὶ
2043 1380 2111 1439 εἴ
2132 1398 2283 1439 τινα
2316 1367 2606 1457 στρατὸν
2630 1366 2752 1438 ἆν-

479 1479 662 1561 ὃρῶν
702 1475 1103 1561 προσθέοιτο
1160 1474 1526 1562 σύμμαχον.
1615 1478 1704 1542 Οἱ
1742 1474 1867 1563 μὲν
1892 1479 2101 1543 ταῦτα
2138 1471 2560 1561 ἐπειρώτεον.
2622 1477 2759 1542 τῶν

479 1577 555 1647 δὲ
584 1585 929 1666 μαντηΐων
953 1571 1353 1665 ἀμφοτέρων
1382 1580 1446 1658 ἐς
1471 1574 1688 1647 τῶυτὸ
1712 1582 1787 1646 αἱ
1809 1583 2068 1665 γνῶμαι
2096 1581 2556 1664 συνέδραμον,
2588 1601 2752 1662 προ-

478 1780 619 1829 hanc
652 1779 869 1829 facilius
908 1780 1099 1844 utique
1129 1778 1383 1844 expedire
1418 1786 1569 1845 pote-

480 1854 634 1909 runt,
684 1849 843 1899 modo
888 1854 1093 1900 certum
1131 1856 1305 1911 esset,
1357 1849 1421 1901 de
1464 1850 1568 1900 hoc

479 1919 738 1970 Thebano
778 1919 1091 1984 Amphiarai
1137 1920 1265 1969 fano
1310 1921 1568 1969 Nostrum

479 1990 769 2053 cogitasse.
846 1989 1112 2053 Equidem
1150 1989 1279 2054 quid
1315 1991 1566 2051 sentiam,

480 2059 588 2107 iam
624 2058 931 2121 significavi
965 2059 1035 2108 ad
1083 2058 1128 2120 1,
1164 2060 1251 2109 46.
1324 2062 1570 2124 Quapro-

482 2134 601 2193 pter
637 2128 819 2177 malim
855 2132 1124 2190 statuere,
1169 2127 1307 2177 haec
1342 2127 1570 2179 donaria

481 2197 783 2261 antiquitus
807 2197 861 2245 in
878 2196 1191 2259 Amphiarai
1212 2197 1413 2261 templo
1437 2198 1569 2248 Oro-

480 2267 631 2330 pieo,
681 2266 775 2314 ubi
823 2264 1100 2315 oraculum
1154 2271 1273 2315 erat
1334 2267 1467 2330 (vid.
1519 2267 1566 2328 1,

481 2334 609 2395 46),
647 2333 916 2384 collocata
952 2335 1123 2384 fuisse
1171 2339 1227 2384 et
1265 2340 1567 2400 temporum

482 2403 711 2453 decursu
735 2403 952 2453 Thebas
978 2403 1165 2453 ablata
1199 2404 1381 2469 ibique
1408 2405 1569 2469 Apol-

479 2473 605 2523 linis
665 2473 887 2525 Ismenii
942 2474 998 2523 in
1065 2473 1293 2539 templo,
1364 2475 1456 2524 ubi
1513 2480 1568 2525 et

481 2545 655 2608 ipsum
704 2544 809 2594 fuit
856 2543 1160 2606 oraculum,
1219 2545 1459 2608 reposita
1512 2550 1568 2595 et

480 2614 744 2665 Herodoti
806 2614 875 2665 ad
927 2618 1166 2665 aetatem
1224 2629 1399 2679 usque
1454 2630 1570 2665 ser-

478 2688 627 2734 vata.

865 2856 997 2907 Cn».
1037 2856 1191 2906 LIII.

551 2951 605 3005 εἰ
637 2949 1005 3020 στρατεύηται
1031 2949 1120 3006 ἐπὶ
1146 2955 1368 3016 Πέρσας
1391 2955 1568 3018 Κροῖ-

482 3039 608 3084 σος,
660 3020 755 3073 καὶ
802 3023 863 3074 εἴ
888 3040 1014 3074 τινα
1051 3018 1293 3087 στρατὸν
1335 3016 1567 3086 ἀνδρῶν

480 3092 832 3155 προσθέοιτο
855 3092 1047 3160 φίλον]
1067 3095 1222 3145 Unus
1243 3094 1382 3144 liber
1404 3106 1567 3155 στρα-

480 3154 729 3223 τεύοιτο,
775 3162 919 3227 quod
963 3179 1135 3228 aeque
1172 3163 1454 3213 reiecimus
1487 3167 1568 3212 at-

482 3247 588 3297 que
635 3229 951 3295 προσθέη
972 3247 1079 3281 ται
1101 3269 1115 3295 ,
1176 3238 1237 3282 ut
1294 3232 1420 3282 olim
1472 3232 1569 3280 im·

480 3316 727 3367 pressum
746 3300 1049 3365 legebatur,
1068 3302 1353 3365 probatum
1373 3300 1570 3352 Sohae-

481 3372 596 3423 fero
642 3371 715 3421 ad
750 3372 1027 3422 Lambert.
1065 3372 1193 3422 Bos.
1241 3371 1308 3422 de
1342 3371 1567 3435 Ellipss.

482 3443 546 3492 L.
588 3442 680 3492 Gn.
709 3458 834 3507 pag.
862 3444 963 3491 754
990 3447 1046 3492 et
1066 3441 1297 3492 Werfer.
1332 3441 1389 3490 in
1418 3441 1567 3491 Actt.

409 3525 425 3540 ἥ
481 3511 633 3576 phill.
672 3512 920 3563 Menace.
957 3512 1003 3563 Ι.
1054 3526 1181 3576 pag.
1230 3511 1327 3563 231
1377 3510 1570 3561 iisdem

481 3581 549 3631 de
596 3582 803 3644 causis,
855 3587 1075 3647 propter
1125 3596 1262 3646 quas
1308 3578 1473 3644 su'pra
1520 3580 1567 3642 1,

481 3650 551 3700 46
604 3652 909 3715 optativum
966 3643 1267 3716 ἐπιχειρέοι
1324 3651 1382 3698 in
1443 3665 1569 3699 con-

481 3720 778 3769 iunctivum
830 3711 1110 3784 έπιχειρέῃ
1158 3724 1424 3770 mutatum
1474 3735 1568 3768 vo-

480 3786 715 3838 luerant.
761 3789 1027 3852 Equidem
1053 3789 1374 3852 optativum,
1398 3805 1432 3838 a
1462 3803 1569 3838 me-

478 3854 705 3904 lioribus
734 3855 886 3905 libris
918 3857 1378 3919 commendatum,
1416 3872 1569 3923 prae—

482 3923 598 3972 fero
632 3928 852 3988 propter
884 3926 994 3973 vim
1029 3925 1410 3989 potentialem,
1446 3941 1569 3975 cum

480 3993 539 4040 in
577 3991 941 4052 coniunctivo,
981 3994 1075 4056 qui
1112 3995 1406 4055 antecedit,
1438 3994 1569 4043 deli-

482 4059 707 4110 berandi
732 4060 882 4109 notio
910 4060 1061 4111 insit.
1092 4060 1227 4111 God.
1249 4062 1568 4123 Hermann„

482 4129 577 4194 qui
612 4126 707 4193 (ad
737 4128 921 4192 Vigor.
956 4144 1080 4192 pag.
1119 4128 1243 4193 947)
1282 4131 1361 4180 sic
1394 4136 1572 4181 verte-

482 4202 599 4248 rat:
636 4212 747 4261 „an
783 4197 989 4248 deberet
1011 4197 1187 4247 bellum
1223 4199 1416 4261 inferre
1442 4200 1572 4250 Per·-

480 4271 554 4319 σίε
596 4273 647 4317 et
682 4280 752 4316 an
796 4273 970 4328 posset
1025 4266 1125 4334 sibi
1166 4269 1362 4331 aliquos
1409 4272 1574 4320 socios

482 4334 838 4401 adiungere,“
899 4339 1093 4398 postea
1136 4335 1281 4386 haud
1334 4337 1447 4387 scio
1499 4354 1571 4387 an

485 4405 687 4457 rectius
714 4403 952 4455 reddidit
966 4402 1227 4470 (Opuscc.
1241 4405 1450 4457 Acadd.
1467 4407 1566 4458 IV.

1670 1796 1724 1844 p.
1761 1779 1877 1844 90):
1916 1795 2023 1838 „an
2047 1778 2253 1829 deberet
2272 1778 2642 1839 expeditionem
2665 1779 2760 1827 ad-

1668 1862 1846 1900 versus
1868 1849 2065 1897 Persas
2093 1848 2274 1908 facere
2322 1854 2371 1896 el
2398 1863 2465 1896 an
2498 1855 2765 1897 censerent

1669 1920 1881 1970 oracula
1916 1920 2079 1968 socios
2113 1916 2385 1981 adiunqi“.
2448 1916 2563 1966 Nec
2599 1915 2763 1967 aliter

1671 1987 1966 2049 Matthiae,
2007 1992 2120 2036 tum
2158 1986 2211 2035 in
2241 1987 2540 2037 Grammat.
2577 1986 2671 2037 Gr.
2706 1986 2758 2048 ἐ.

1671 2057 1792 2119 516,
1834 2055 1885 2107 3.
1962 2073 2053 2121 ag.
2089 2056 2219 2119 085,
2261 2061 2375 2105 tum
2417 2055 2472 2104 in
2511 2060 2643 2105 nota
2691 2055 2762 2105 ad

1671 2127 1815 2177 h.1.:
1852 2072 1959 2189 „J
1965 2118 2360 2190 στρατεύηται,
2399 2124 2460 2174 ob
2494 2141 2555 2175 er
2588 2125 2762 2175 zieleen

1669 2198 1839 2259 sollte,
1888 2213 1953 2246 an
1987 2200 2144 2258 ipsum
2187 2195 2551 2258 empedt‘tionem
2578 2196 2763 2257 faeere

1669 2266 1862 2315 iuberet
1886 2281 1963 2316 sc.
1992 2265 2152 2325 deus;
2192 2259 2246 2313 εἰ
2274 2257 2654 2325 προσθέοιτο,
2694 2281 2762 2314 an

1660 2337 1784 2397 fieri
1803 2342 2001 2397 posset.
2032 2341 2085 2383 ut
2111 2334 2210 2384 sibi
2237 2334 2535 2397 adiunyeree
2565 2337 2763 2389 socios,-

1670 2404 1867 2468 quippe
1913 2419 2021 2468 qua
2065 2403 2133 2453 de
2180 2419 2238 2454 re
2285 2402 2462 2452 adhuc
2519 2402 2762 2453 dubitari

1669 2478 1914 2537 poterat,
1962 2488 2031 2523 an
2073 2472 2179 2536 ipsi
2214 2472 2590 2523 succederet.“
2664 2474 2763 2523 Sa-

1669 2543 1741 2592 tis
1778 2543 1969 2607 opinor
2004 2558 2069 2592 ex
2095 2541 2180 2591 his
2216 2546 2471 2607 apparet,
2509 2542 2761 2605 optativo

1671 2613 1729 2662 in
1753 2611 2158 2663 coniunctivum
2185 2615 2394 2661 mutato
2420 2611 2586 2661 aliam
2614 2627 2763 2676 pror-

1671 2697 1764 2733 sus
1786 2681 1892 2733 loci
1913 2681 2029 2731 fore
2057 2682 2387 2732 sententiam
2409 2696 2638 2745 eamque
2667 2682 2761 2730 vix

1670 2753 1953 2815 aptiorem.
1981 2753 2067 2802 Tu
2085 2750 2195 2800 vid.
2210 2749 2553 2801 Baeumlein:
2579 2750 2764 2800 Ueber

1671 2823 1760 2872 die
1795 2821 1945 2871 Medi
1994 2826 2098 2871 etc.
2137 2836 2191 2884 p.
2236 2820 2333 2871 182
2384 2819 2509 2869 coll.
2549 2820 2654 2870 268
2692 2819 2760 2869 de

1670 2891 1773 2941 hoc
1819 2891 2087 2940 Herodoti
2123 2890 2251 2947 loco
2302 2889 2534 2954 aliisque
2587 2890 2764 2939 consi·

1669 2961 1887 3010 milibus
1915 2965 2063 3009 recte
2087 2954 2527 3024 praecipientem.
2588 2960 2662 3008 Et
2687 2959 2761 3010 cf.

1671 3045 1886 3094 quoque
1923 3028 2170 3092 Thucyd.
2212 3028 2270 3089 1,
2306 3029 2391 3078 25.
2431 3026 2665 3077 Bredmt.
2704 3044 2759 3092 p.

1670 3100 1757 3149 23.
1831 3100 1910 3147 De
1954 3097 2327 3159 coniunctivo,
2381 3097 2472 3161 qui
2533 3097 2764 3147 recurrit

1674 3168 1729 3227 1,
1766 3168 1851 3224 75,
1886 3182 2056 3231 nuper
2092 3182 2307 3232 quoque
2344 3167 2627 3216 admonuit
2661 3168 2762 3217 Co-

1669 3236 1763 3286 bet
1799 3237 1958 3285 Varr.
2002 3239 2180 3286 Lectt.
2233 3251 2286 3299 p.
2323 3235 2454 3295 363,
2494 3236 2587 3300 qui
2636 3252 2763 3286 eun·

1672 3306 1790 3355 dem
1829 3307 1884 3353 in
1923 3305 2044 3356 aliis
2084 3318 2294 3371 quoque
2341 3305 2475 3355 locis
2517 3306 2758 3356 Herodo-

1673 3376 1778 3424 teis
1823 3372 1918 3437 (V,
1957 3376 2046 3427 43.
2086 3377 2174 3425 67.
2221 3375 2308 3426 82.
2361 3376 2481 3425 124.
2517 3376 2624 3435 VI,
2671 3376 2760 3428 33.

1679 3444 1797 3507 137»)
1855 3445 2165 3495 restitutum
2221 3443 2365 3494 vult:
2438 3444 2505 3493 de
2565 3445 2764 3510 quibus

1673 3512 1902 3578 singulis
1928 3528 2026 3564 auo
2053 3513 2174 3563 loco
2199 3513 2524 3564 videbimus,
2583 3513 2762 3563 Aliam

1672 3577 1888 3647 quoque
1921 3583 2317 3647 interpretandi
2347 3583 2613 3632 rationem
2642 3599 2764 3647 pro-

1672 3652 1855 3716 posuit
1874 3651 2160 3712 Matthiae,
2185 3668 2293 3718 qua
2311 3653 2609 3703 orationem
2629 3653 2764 3702 obli·

1671 3736 1833 3785 quam
1884 3737 2003 3771 cum
2057 3725 2209 3771 recta
2255 3723 2478 3771 mixtam
2537 3726 2592 3771 et
2639 3737 2765 3772 con-

1670 3790 1848 3841 fusam
1919 3806 2036 3839 esse
2100 3791 2447 3840 statuendum
2513 3791 2605 3840 sit.
2696 3791 2764 3841 In
2811 3846 2817 3852 ,

1670 3874 1767 3924 seq
1808 3894 1823 3907 .
1865 3859 2104 3910 Dindorf
2126 3864 2181 3908 et
2221 3860 2448 3910 Dietsch
2498 3860 2765 3911 dederunt

1671 3876 1976 3991 ἐχρὲοντο.
2050 3929 2319 3992 Equidem
2367 3929 2648 3993 vulgatam
2704 3931 2762 3980 in

1670 3995 1755 4045 his
1797 3998 2061 4047 intactam
2115 3998 2421 4064 relinquere
2468 3999 2653 4049 malui.
2692 4030 2758 4039 —-

1675 4064 1828 4115 Infra
1864 4066 1934 4116 ad
1970 4066 2162 4116 verba:
2214 4059 2270 4123 ἐς
2305 4057 2486 4117 τώυτὸ
2523 4061 2588 4116 αῖ
2620 4066 2762 4130 γνῶ-

1673 4148 1774 4196 μαι
1823 4132 2181 4197 συνέδραμον
2238 4134 2296 4199 (ί.
2345 4151 2394 4186 e.
2446 4139 2498 4185 in
2547 4137 2766 4188 eandem

1670 4207 1964 4254 sententiam
2008 4206 2267 4269 uir-iusque
2316 4208 2515 4257 oraculi
2562 4207 2768 4270 effatum

1672 4271 1997 4336 conspiravit)
2048 4274 2306 4335 Burgess.
2351 4274 2409 4323 in
2445 4275 2584 4339 App.
2632 4276 2766 4327 Pro·
2829 4298 2836 4304 ·

1672 4339 1817 4406 legg.
1865 4342 1921 4390 in
1960 4341 2265 4405 Thucydid.
2323 4360 2375 4408 p.
2417 4343 2515 4396 103
2559 4344 2767 4396 similia

1672 4409 1940 4474 quaedam
1972 4410 2180 4461 attulit.
