3109 5092
1144 330 1396 392 cmo,
1441 332 1492 391 1.
1536 314 1625 395 as.
1667 342 1755 397 29.
2509 331 2584 392 οι

306 506 664 595 ριανδυνοὶ
678 512 722 591 ,’“
750 504 1095 592 Χάλυβες,
1148 504 1633 594 Παφλαγόνες,
1687 501 1974 594 Θρήϊκες
2010 509 2080 572 οἱ
2114 509 2329 575 Θυνοί
2360 530 2434 572 τε
2477 506 2590 573 καὶ

305 610 630 694 Βιθυνοὶ,
662 614 920 698 Κᾶρες,
945 605 1206 693 Ἴωνες,
1240 612 1569 705 Δωριέες,
1599 610 1908 693 Αἰολέες,
1937 607 2302 695 Πάμφυλοι
2320 629 2334 643 ·
2389 634 2584 676 κατε-
2608 618 2689 680 29

304 714 749 800 στραμμένων
800 711 876 779 δὲ
923 711 1215 797 τούτων,
1274 713 1385 780 καὶ
1426 713 2062 808 προσεπικτωμένου
2106 717 2406 798 Κροίσου
2446 718 2592 779 Λυ-

307 820 518 900 δοῖσι,
557 811 993 885 ἀπικνέονται
1038 811 1106 895 ἐς
1132 813 1390 905 Σάρδις
1424 812 1843 904 ἀκμαζούσας
1889 813 2158 908 πλούτῳ
2189 810 2381 883 ἄλλοι
2426 840 2500 881 τε
2530 819 2598 883 οἰ

306 980 621 1045 Bithyniam
677 982 821 1033 inter
878 988 1040 1048 atque
1098 982 1405 1050 Paphlago-

312 1050 486 1113 niam,
535 1050 886 1118 Thracesque
941 1058 997 1103 et
1045 1053 1151 1117 ipsi
1195 1054 1406 1119 origine

312 1119 485 1169 fuisse
505 1121 794 1173 ‘dicuntum
836 1122 995 1172 Conf.
1048 1123 1227 1173 Strab.
1267 1122 1401 1173 XII.

310 1205 363 1253 p.
405 1190 506 1240 542
553 1205 598 1240 s.
645 1190 750 1241 816
795 1190 855 1241 C.
929 1191 1039 1241 Alii
1077 1207 1171 1242 eos
1222 1207 1256 1242 a
1289 1192 1405 1241 Ma-

312 1259 580 1322 riandyno
625 1260 742 1310 sive
794 1260 1070 1310 Cimmerii
1116 1262 1235 1311 sive
1278 1260 1406 1315 Phi÷

312 1328 406 1377 nei
464 1327 577 1377 filio
645 1329 905 1380 oriundos
963 1329 1218 1391 tradunt3
1292 1330 1403 1381 vid.

314 1396 496 1447 Schol.
545 1397 619 1447 ad
663 1398 841 1463 Apoll.
903 1399 1079 1450 Rhod.
1140 1400 1221 1462 11,
1286 1401 1406 1450 725.

323 1466 439 1516 140.
479 1465 640 1531 Apud
672 1468 1014 1519 Herodotum
1049 1484 1235 1520 eorum
1263 1484 1410 1518 men-

314 1535 396 1585 tio
433 1534 497 1585 fit
541 1536 688 1586 infra
737 1538 848 1602 111,
908 1537 979 1589 90
1035 1544 1091 1589 et
1134 1538 1265 1602 Vn,
1319 1539 1405 1588 72.

312 1606 547 1655 Postera
586 1612 770 1657 autem
805 1611 985 1657 aetate
1025 1608 1150 1658 illos
1199 1608 1270 1657 ab
1300 1608 1410 1658 He-

316 1673 575 1724 racleotis
630 1676 732 1725 sub
786 1677 974 1741 iugum
1033 1678 1231 1728 missos
1276 1675 1411 1743 legi-

248 1774 267 1785 ·
317 1759 463 1804 mus3
502 1743 570 1792 de
606 1760 711 1809 quo
748 1746 846 1796 Cr.
886 1747 1099 1797 confert
1142 1747 1404 1797 Posidon.

316 1829 406 1878 ap.
447 1812 644 1865 Athen.
690 1814 788 1864 VI.
849 1831 902 1879 p.
950 1815 1053 1867 203
1099 1815 1414 1882 (Posidonii

320 1882 474 1947 reliq.
512 1882 598 1933 ed.
636 1883 790 1934 Bake
813 1900 868 1949 p.
896 1884 1046 1950 176).
1085 1885 1266 1936 Strab.
1305 1884 1344 1936 1.
1369 1884 1408 1936 l.

320 1969 373 2017 p.
424 1950 546 2009 817.
610 1951 754 2003 Add.
804 1954 1022 2005 Ruhnk.
1071 1955 1142 2005 ad
1201 1955 1415 2005 Timaei

321 2024 452 2142 Le13.
483 2038 536 2087 p.
568 2022 689 2073 214.
722 2022 845 2073 Ast.
877 2023 948 2072 ad
964 2024 1113 2075 Plat.
1150 2024 1219 2074 de
1238 2025 1413 2090 Legg.

321 2108 356 2157 Ρ
392 2160 666 2227 Chalybes,
719 2159 815 2224 qui
850 2159 1102 2226 deinceps
1137 2161 1417 2211 nominan-

320 2236 435 2291 tur,
459 2229 626 2293 probe
658 2229 730 2279 ab
755 2229 840 2278 his
867 2230 1257 2296 distinguendi,
1281 2245 1417 2296 quos

321 2298 493 2363 vulgo
563 2298 866 2349 Chaldaeos
936 2301 1250 2364 nominant,
1308 2315 1420 2350 ma-

323 2382 491 2435 gnam
561 2366 712 2417 illam
762 2367 997 2432 -quidem
1074 2369 1419 2434 antiquitatis

324 2442 543 2503 gentem
556 2474 569 2499 ,
625 2437 783 2487 cuius
838 2439 993 2489 sedes
1047 2438 1193 2489 ultra
1235 2438 1423 2503 Halyn

326 2509 565 2557 suerunt.
606 2506 775 2556 Plura
818 2507 885 2557 de
919 2508 1004 2557 his
1048 2508 1246 2559 Ritter.
1283 2507 1420 2557 Erd-

324 2575 513 2626 kunde
544 2575 619 2625 11.
656 2590 711 2639 p.
735 2574 838 2625 787
864 2592 985 2643 sqq.
1019 2577 1228 2627 Hoeck.
1257 2577 1422 2627 Creta

326 2647 375 2696 1.
413 2661 467 2710 p.
511 2645 613 2694 294
649 2658 770 2709 sqq.
812 2645 916 2706 Qui
952 2662 1082 2696 vero
1120 2648 1199 2697 cis
1235 2646 1423 2711 Halyn

324 2716 362 2765 i.
405 2730 453 2764 e.
491 2711 827 2764 occidentem
863 2731 1053 2765 versus
1090 2717 1160 2766 ab
1195 2715 1300 2766 hoc
1324 2716 1422 2764 flu·

324 2784 474 2834 mine
518 2782 843 2832 habitabant
879 2784 1148 2849 Chalybes
1163 2821 1178 2847 ,
1234 2785 1422 2850 quales

325 2853 418 2903 hic
455 2851 689 2917 intelligi
722 2867 945 2903 necesse
990 2857 1099 2918 est,
1150 2870 1242 2905 eos
1281 2854 1425 2905 colo·

324 2938 433 2972 nos
471 2922 640 2971 fuisse
673 2922 966 2974 verisimile
1000 2929 1084 2973 est
1116 2923 1264 2974 illius
1286 2922 1425 2973 Cha-

330 2991 524 3055 lybum
566 2991 753 3061 ‚gentis
767 3027 782 3054 ,
850 3007 988 3057 quae
1044 2993 1191 3043 ultra
1240 2990 1427 3057 Halyn

326 3075 539 3124 magna
573 3066 627 3110 et
662 3063 885 3111 extensa
906 3063 964 3111 in
983 3062 1258 3112 montibus
1278 3062 1428 3112 circa

326 3131 573 3180 Araxem
610 3129 763 3179 sedes
797 3132 1050 3195 primitus
1084 3131 1349 3182 habuerat
1374 3134 1428 3179 et

326 3199 568 3249 ulterius
612 3200 751 3249 adeo
804 3215 933 3251 suas
983 3200 1138 3251 sedes
1176 3201 1429 3250 extende-

324 3272 439 3318 rat.
486 3268 661 3330 Quam
700 3269 925 3319 eandem
962 3285 996 3319 a
1030 3270 1265 3336 Scymno
1293 3269 1426 3320 Chio

325 3336 603 3402 appeUari
629 3342 827 3402 putant
863 3343 1079 3405 gentem
1122 3339 1180 3388 in
1227 3340 1425 3404 fragm.

327 3423 417 3456 vs.
470 3406 568 3456 181
621 3420 733 3472 seq.
789 3408 873 3459 Ab
918 3409 1069 3459 hisce
1122 3424 1251 3458 vero
1297 3423 1430 3458 non-

325 3474 469 3525 nihil
534 3475 756 3537 diversi,
810 3492 1138 3543 quamquam
1190 3479 1431 3528 eiusdem

324 3544 485 3594 haud
522 3546 637 3596 scio
684 3559 755 3593 an
802 3546 1024 3612 stirpis,
1074 3547 1326 3598 videntur
1370 3546 1428 3608 ii,

322 3628 567 3678 quorum
602 3614 903 3677 Xenophon
952 3617 1194 3666 meminit
1232 3617 1288 3665 in
1323 3617 1431 3664 Ex-

322 3682 506 3748 pedit.
545 3682 678 3748 Cyri
715 3682 782 3747 V,
820 3686 870 3747 5,
914 3684 960 3734 1.
1012 3685 1133 3752 (ubi
1180 3684 1291 3735 vid.
1338 3684 1431 3734 do-

324 3754 492 3802 ctiss.
530 3751 912 3817 Kruegerum).
985 3754 1058 3803 Hi
1087 3754 1228 3804 enim
1261 3753 1432 3804 orien-

326 3828 451 3871 tem
486 3835 677 3871 versus
722 3837 756 3872 a
809 3823 1028 3872 flumine
1071 3823 1249 3888 Halye
1282 3821 1434 3873 habi-

328 3892 539 3940 tabant
582 3891 738 3941 iuxta
780 3886 1143 3956 Mosyn'aecos
1180 3898 1234 3943 et
1269 3891 1434 3942 Tiba-

331 3974 504 4011 renos
563 3960 621 4009 in
675 3960 951 4011 montibus
999 3962 1176 4011 Ponto
1219 3961 1435 4012 Euxino

330 4028 612 4086 finitimis.
678 4029 786 4080 Sed
842 4029 911 4080 de
964 4030 1231 4081 Herodoti
1277 4032 1438 4095 gente

326 4098 659 4149 testimonia
678 4095 877 4149 desunt
889 4101 1257 4160 accuratiora3
1288 4097 1434 4149 conf.

328 4169 541 4220 Ritter.
581 4168 620 4217 l.
660 4166 700 4218 l.
729 4184 783 4233 p.
825 4167 944 4218 791.
985 4169 1194 4220 Hoeck.
1233 4168 1271 4219 l.
1308 4169 1347 4220 l.
1380 4184 1434 4232 p.

328 4238 463 4292 301.
500 4238 627 4291 302.
674 4242 729 4287 et
772 4237 1083 4289 Ainsworth
1119 4238 1346 4289 Travels
1383 4238 1440 4287 in

326 4308 439 4359 the
469 4307 637 4358 track
679 4311 782 4357 etc.
821 4324 874 4372 p.
931 4307 1031 4359 183
1078 4323 1229 4373 seqq.
1302 4308 1441 4358 Cha-

1507 983 1648 1033 satis
1684 987 1810 1032 sunt
1834 983 1970 1033 noti.
2012 982 2325 1047 Sequuntur
2355 978 2596 1044 Thraces,

1507 1052 1764 1102 bifariam
1826 1051 2017 1115 divisi,
2067 1056 2184 1101 tum
2247 1050 2435 1116 Thyni,
2483 1056 2600 1100 tum

1507 1122 1730 1189 Bithyni.
1768 1120 2159 1186 Intelliguntur
2192 1121 2336 1170 enim
2368 1119 2603 1170 Asiatici

1508 1191 1770 1253 Thraces,
1820 1192 1913 1257 qui
1954 1192 2010 1240 in
2053 1191 2277 1256 Europa
2336 1190 2464 1239 olim
2509 1190 2603 1239 ha-

1507 1261 1778 1323 bitantes,
1842 1260 1968 1310 inde
2038 1259 2255 1310 sedibus
2327 1259 2474 1324 pulsi
2545 1259 2603 1307 in

1509 1330 1699 1381 Asiam
1732 1331 1993 1380 minorem
2020 1329 2472 1395 commigrabant,
2507 1344 2602 1377 no-

1512 1415 1740 1465 menque
1776 1400 2233 1466 Strymoniorum,
2280 1413 2386 1463 quo
2425 1398 2602 1448 adhuc

1509 1470 1599 1518 usi
1623 1473 1797 1533 erant,
1822 1468 2232 1521 commutabant
2267 1483 2390 1517 cum
2415 1467 2603 1532 Bithy-

1511 1553 1703 1590 norum
1748 1539 2125 1606 appellatione.
2201 1538 2349 1588 Hinc
2395 1537 2603 1603 aliquo-

1512 1609 1617 1658 ties
1656 1611 1893 1659 occurrit
1942 1608 2162 1658 Thracia
2207 1608 2481 1669 Asiatica,
2532 1605 2604 1655 ad

1513 1693 1675 1743 quam
1722 1684 1777 1729 et
1830 1678 2056 1742 Bithyni
2113 1680 2167 1725 et
2217 1676 2399 1741 Thyni
2441 1676 2604 1741 perti-

1511 1752 1663 1798 nent.
1726 1749 1865 1799 Sunt
1909 1748 2025 1797 bini
2069 1744 2449 1809 Xenophontis
2495 1744 2606 1793 loci

1517 1817 1737 1867 classici
1784 1818 1841 1867 in
1899 1815 2145 1866 Anabasi
2188 1814 2295 1876 VI,
2345 1817 2408 1877 4,
2466 1816 2500 1863 2
2552 1816 2607 1861 et

1514 1886 1647 1950 VII,
1687 1888 1737 1937 2.
1789 1890 1838 1949 §-
1883 1887 1970 1935 22.
2011 1883 2134 1951 (ubi
2180 1883 2389 1933 consul.
2439 1884 2608 1933 Krue-

1517 1954 1754 2021 gerum),
1816 1953 2012 2020 quibus
2057 1953 2361 2016 iungendns
2407 1953 2604 2003 Strabo

1482 2024 1678 2075 xm.
1726 2041 1780 2090 p.
1833 2023 1930 2075 541
1986 2038 2100 2088 seq.
2147 2037 2201 2087 p.
2262 2020 2366 2074 816
2414 2024 2479 2073 Β.
2538 2022 2601 2072 C.

1519 2100 1574 2145 et
1610 2094 1813 2145 Herod.
1851 2092 1983 2155 VII,
2021 2095 2106 2143 75.
2141 2093 2226 2142 De
2259 2092 2480 2157 reliquis
2513 2107 2606 2155 po-

1516 2164 1680 2230 pulis,
1717 2177 1853 2229 quos
1896 2161 1984 2211 hic
2028 2177 2062 2210 a
2110 2160 2309 2212 Croeso
2347 2163 2606 2213 subactos

1518 2235 1766 2299 legimus,
1802 2232 1896 2283 vix
1931 2232 2270 2284 monendum.

1877 2405 2011 2456 Car.
2049 2406 2253 2457 XXIX.

1590 2506 2092 2572 κατεστραμμένων
2123 2503 2187 2558 δὲ
2210 2498 2449 2571 τούτων]
2479 2506 2613 2556 Ora-

1521 2578 1631 2638 tio,
1677 2575 1921 2641 pluribus
1972 2578 2152 2627 verbis
2199 2576 2497 2626 interiectis
2543 2573 2611 2623 ab

1522 2651 1748 2697 auctore
1803 2647 2136 2711 interrupta,
2195 2646 2285 2699 hic
2342 2644 2612 2708 prioribus

1524 2715 1705 2766 verbis
1741 2716 1986 2779 repetitis
2024 2716 2133 2766 iam
2155 2719 2512 2776 restauratur,
2549 2716 2612 2762 ut

1524 2784 1768 2850 legitime
1812 2784 2091 2850 procedat,
2141 2786 2355 2836 adiecta
2413 2780 2613 2832 vocula

1526 2848 1609 2919 δὲ,
1648 2854 1714 2902 de
1748 2856 1902 2905 cuius
1944 2855 1998 2904 vi
2033 2854 2090 2904 in
2122 2854 2326 2905 talibus
2364 2852 2613 2917 exposuit

1524 2926 1785 2989 Hartung
1829 2924 2003 2974 Lehre
2046 2925 2098 2974 d.
2147 2925 2238 2976 Gr.
2299 2922 2510 2974 Partik.
2562 2920 2610 2972 1.

1525 3010 1582 3059 p.
1625 2991 1740 3043 173.

1598 3052 1760 3110 ἄλλοι
1794 3075 1854 3111 τε
1890 3055 1952 3111 οἱ
1983 3054 2234 3119 πάντες
2270 3052 2330 3111 ἔκ
2366 3058 2467 3123 τῆς
2491 3049 2614 3107 Ἑλ·

1526 3123 1701 3187 λάδος
1764 3127 2049 3198 σοφισταὶ]
2105 3130 2312 3183 Eadem
2369 3129 2482 3179 fere
2539 3128 2611 3177 le-

1529 3204 1731 3265 guntur
1764 3201 1823 3250 in
1860 3216 2046 3251 recens
2081 3200 2310 3251 detectis
2348 3200 2617 3264 fragmen-

1526 3271 1602 3319 tis
1637 3269 1866 3320 Diodori
1915 3270 2109 3330 Siculi;
2158 3269 2268 3320 vid.
2317 3268 2454 3334 Aug.
2502 3266 2620 3317 Mai

1530 3340 1672 3389 Nov.
1730 3339 1956 3403 Scriptt.
2011 3339 2238 3389 Collect.
2297 3337 2377 3387 11.
2434 3352 2486 3400 p.
2529 3336 2614 3383 14.

1529 3409 1598 3459 23
1645 3422 1794 3472 seqq.
1845 3408 1912 3457 In
1955 3407 2223 3457 Herodoti
2265 3405 2446 3455 verbis
2491 3401 2620 3453 vnl-

1531 3476 1821 3526 ckenarius
1858 3477 2041 3539 aptius
2076 3476 2188 3541 legi
2240 3478 2425 3539 putat:
2462 3462 2622 3521 ἄλλοι

1530 3558 1589 3593 τε
1624 3535 2010 3607 ἔπιφανέες
2051 3558 2105 3594 κ.
2143 3559 2190 3593 τ.
2229 3542 2277 3591 λ.
2350 3541 2458 3593 Sed
2491 3539 2620 3589 libri

1530 3629 1642 3663 non
1676 3613 1943 3663 addicunt
1968 3613 2350 3675 emendationi,
2384 3626 2492 3677 qua
2516 3608 2623 3657 uti-

1533 3697 1638 3747 que
1671 3682 2020 3746 supersedere
2050 3696 2355 3748 possumus.
2391 3680 2622 3730 Videtur

1533 3751 1694 3811 enim,
1726 3756 1788 3801 ut
1823 3751 1960 3803 bene
1995 3758 2178 3803 monet
2206 3749 2621 3816 Wesselingius,

1533 3820 1850 3871 Herodotus
1896 3822 2046 3885 illos,
2093 3823 2186 3888 qui
2228 3836 2337 3873 uno
2381 3827 2624 3885 tempore

1536 3894 1591 3939 et
1626 3889 1803 3940 habiti
1838 3895 1892 3941 et
1925 3892 2114 3943 vocati
2157 3891 2426 3956 Sapientes
2472 3893 2622 3949 sunt,

1536 3958 1796 4011 indicare.
1838 3961 2122 4029 Sapientes
2166 3966 2349 4012 antem
2383 3958 2626 4010 Herodo-

1536 4033 1628 4078 tus
1687 4032 1910 4081 vocavit
1969 4024 2267 4096 σοφιστὰς,
2325 4028 2625 4080 honorifico

1542 4106 1658 4149 tuno
1692 4103 1952 4166 temporis
1986 4098 2166 4160 titulo,
2195 4115 2301 4164 quo
2339 4099 2505 4150 etiam
2520 4098 2626 4160 Py-

1540 4167 1827 4234 thagoram
1895 4172 2029 4239 (IV,
2094 4167 2184 4235 95)
2242 4167 2486 4234 aliosque
2544 4180 2629 4214 sa-

1541 4238 1782 4302 pientiae
1828 4243 1978 4292 fama
2028 4253 2122 4302 per
2175 4237 2463 4288 Graeciam
2509 4234 2629 4285 illu-

1544 4314 1682 4359 stres
1722 4310 1825 4372 (ΙΙ,
1871 4306 1968 4373 49)
2018 4307 2256 4359 ornavit.
2322 4307 2438 4357 Nec
2471 4305 2632 4354 aliter

330 4378 537 4445 lybum
564 4375 765 4428 affines
796 4380 925 4430 sunt
948 4376 1321 4445 Papmaaones,
1351 4377 1447 4444 qui
1545 4376 1643 4428 alii
1677 4382 1948 4441 auctores,
1985 4378 2047 4427 ut
2079 4373 2220 4424 idem
2259 4380 2441 4426 monet
2480 4374 2632 4424 Wes-
