3109 5092
431 287 555 355 684

1299 288 1833 354 HERODOTI

432 463 568 548 νός.
635 470 710 535 ἐν
735 466 861 554 μὲν
888 461 1017 552 γὰρ
1043 479 1216 534 τοῖσι
1235 469 1605 555 Κυπριόιρί
1635 473 1915 551 εἴρηται,
1941 457 2031 544 ὥς
2058 477 2350 552 τριταῖος
2377 464 2451 531 ἐκ
2472 461 2714 551 Σπάρτ

433 599 551 659 της
582 567 1014 656 Ἀλέξανδρος
1052 565 1330 636 ἀπίκετο
1371 569 1437 646 ἐς
1465 565 1540 635 τὸ
1556 564 1761 636 Ἴλιον
1798 564 1987 653 ἄγων
2029 564 2154 656 τὴν
2172 562 2483 655 Ἑλένην,
2532 563 2726 637 εὐαέι·

436 702 506 743 τε
539 672 871 762 πνεύματι
898 670 1314 761 χρησάμενος
1339 673 1452 740 καὶ
1479 670 1791 762 θαλάσσῃ
1818 677 2000 760 λείῃ,
2041 674 2117 740 ἐν
2144 670 2220 741 δὲ
2252 667 2481 739 Ἰλιάδι
2509 672 2716 757 λέγει,

434 868 566 937 ἔστι,
604 865 724 924 ἀλλ’
754 865 926 923 ἄλλου
950 862 1130 938 τινός]
1167 874 1251 924 Ex
1275 872 1521 924 hocloco

436 946 574 996 satis
626 949 807 1010 patet,
865 943 1129 993 Herodoti
1182 947 1363 993 aetate
1412 943 1523 992 iam

435 1016 635 1078 fuisse,
683 1015 776 1079 qui
820 1015 1058 1064 Homero
1100 1011 1235 1063 haec
1280 1014 1523 1063 carmina

435 1100 625 1151 parum
657 1089 804 1134 recte
827 1084 1149 1134 tribuerent.
1193 1084 1384 1149 Cypria
1405 1099 1524 1132 car-

435 1158 585 1213 mina,
613 1158 677 1204 ut
701 1153 803 1203 hoc
831 1156 1045 1204 tantum
1071 1151 1376 1213 afferamus,
1408 1168 1527 1217 per·

434 1228 603 1289 petua
647 1223 803 1287 quasi
861 1224 1001 1273 serie
1056 1222 1308 1286 exposita
1353 1223 1528 1272 conti-

435 1309 602 1344 nuere
645 1291 772 1341 belli
817 1291 1042 1342 Troiani
1089 1290 1383 1355 primordia
1438 1307 1526 1343 us-

438 1379 542 1429 que
577 1361 646 1412 ad
682 1360 910 1411 Achillis
956 1362 1121 1421 iram,
1172 1360 1267 1410 ubi
1300 1361 1525 1411 Homeri

438 1432 573 1483 Ilias
605 1430 901 1481 exorditur.
961 1432 1144 1494 Quare
1177 1430 1362 1480 eodem
1390 1431 1524 1491 iure,

442 1517 546 1567 quo
566 1500 788 1551 Homeri
816 1500 1076 1561 carmina,
1102 1498 1173 1549 ad
1201 1499 1412 1564 cyclum
1434 1499 1526 1564 qui

442 1571 643 1621 dicitur
662 1572 873 1634 epicum
893 1569 1085 1620 referri
1104 1574 1378 1633 poterunt.
1398 1569 1524 1619 Vid.

439 1639 800 1690 Heurichsen.
841 1638 878 1690 1.
907 1639 944 1690 1.
982 1654 1109 1704 pag.
1138 1640 1205 1689 27
1235 1654 1409 1703 seqq„
1447 1640 1526 1688 in-

437 1710 624 1775 primis
653 1724 709 1773 p.
749 1708 810 1759 31
852 1725 966 1774 seq.
1038 1709 1124 1759 De
1157 1724 1264 1772 quo
1303 1708 1528 1759 istorum

438 1779 734 1829 carminum
772 1781 1110 1845 argumento,
1145 1778 1406 1829 historico
1435 1793 1529 1842 po-

437 1849 549 1899 tius
585 1864 746 1914 quam
795 1849 979 1914 epico,
1024 1852 1087 1897 ut
1127 1847 1235 1897 iam
1272 1848 1529 1897 observat

443 1917 765 1979 Aristoteles
806 1916 842 1971 1.
889 1917 928 1968 l.
977 1915 1121 1980 (coll.
1166 1917 1528 1967 Heurichsen.

441 2005 495 2053 p.
541 1988 638 2039 102
675 1989 884 2053 seqq.),
928 1987 1191 2038 classicus
1230 1991 1314 2037 est
1348 1986 1527 2037 Procli

442 2059 624 2118 locus,
662 2073 833 2121 nuper
863 2057 1114 2108 detectus
1149 2063 1314 2121 atque
1350 2057 1529 2106 editus

443 2129 530 2178 in:
599 2126 860 2177 Biblioth.
917 2126 969 2177 d.
1033 2126 1132 2176 alt.
1188 2126 1418 2176 Literat.
1479 2125 1527 2175 I.

444 2195 649 2246 Anecd.
686 2211 741 2259 p.
780 2196 868 2245 23.
906 2198 1000 2258 24,
1037 2195 1302 2260 repetitus
1333 2200 1389 2244 et
1422 2195 1531 2244 sin-

445 2264 621 2330 gulari
671 2280 805 2314 cura
851 2268 976 2328 post
1031 2263 1168 2313 alios
1221 2263 1530 2315 illustratus

445 2334 514 2385 ab
569 2334 756 2383 eodem
800 2333 1162 2386 Henrichsen.
1223 2331 1260 2383 l.
1308 2333 1345 2383 l.
1397 2348 1527 2398 pag.

449 2402 671 2465 18-26,
708 2402 802 2467 qui
838 2403 1001 2452 etiam
1038 2406 1306 2468 quotquot
1339 2402 1531 2453 horum

443 2473 739 2524 carminum
779 2475 998 2523 exstant
1042 2472 1377 2537 fragmenta,
1424 2472 1532 2523 col-

442 2543 578 2609 legit
606 2558 671 2591 ac
699 2543 972 2593 recensuit
1000 2557 1056 2606 p.
1080 2541 1149 2593 34
1177 2557 1330 2607 seqq.
1388 2542 1530 2594 Add.

444 2613 512 2663 de
540 2612 755 2678 Cypriis
791 2611 1121 2662 carminibus
1158 2612 1528 2677 disputantem

443 2681 689 2734 Nitzsoh.
748 2682 804 2732 in
844 2681 1055 2732 Melett.
1110 2682 1301 2733 fascic.
1346 2682 1421 2732 ΙΙ.
1470 2698 1524 2747 p.

447 2754 512 2804 15
549 2768 722 2817 seqq„
765 2752 1020 2802 Welcker
1050 2751 1274 2816 Episch.
1303 2750 1455 2817 Cycl.
1482 2752 1527 2802 Ι.

442 2841 497 2889 p.
536 2820 640 2872 300
680 2837 832 2886 seqq.
883 2821 957 2872 ΙΙ.
1009 2836 1063 2885 p.
1108 2822 1177 2871 85
1223 2837 1377 2887 seqq.
1432 2822 1528 2872 127

444 2906 597 2954 seqq.
611 2891 715 2940 504
741 2906 911 2954 seqq„
924 2889 1102 2941 Bode:
1126 2889 1452 2941 Geschichte
1472 2889 1528 2940 d.

443 2957 658 3009 Hellen.
695 2958 1030 3008 Dichtkunst
1058 2958 1105 3008 1.
1133 2975 1188 3024 p.
1218 2958 1321 3010 366
1355 2974 1528 3024 seqq.,

443 3027 647 3093 Eugel:
676 3029 890 3092 Kypros
915 3025 1120 3091 (Berol.
1143 3027 1300 3090 1841)
1326 3028 1374 3079 1.
1400 3043 1528 3093 pag.

444 3097 546 3148 609
568 3112 743 3161 seqq,
765 3095 1011 3146 Nitzsch.
1037 3096 1409 3162 Sagenpoesie
1434 3096 1528 3147 der

446 3166 662 3218 Griecb.
690 3181 746 3229 p.
771 3164 841 3214 48
878 3180 1032 3229 seqq.
1062 3166 1131 3218 99
1164 3181 1344 3232 seqq.,
1381 3167 1529 3217 Prel-

443 3236 549 3288 ler:
598 3234 813 3287 Griecb.
862 3234 1165 3299 Mytholog.
1212 3235 1288 3286 11.
1334 3252 1388 3300 p.
1424 3235 1528 3286 287

443 3306 783 3427 Ξίἶῗῑιέἷὲ
806 3306 1532 3440 ῗέἓῗιὲἓέἒὲέῖἑῗιέωεὲἰξέζ

444 3462 512 3496 ex
555 3444 660 3495 hoc
703 3444 826 3495 loco
875 3448 1057 3510 patet,
1110 3444 1360 3508 idemque
1406 3443 1529 3494 aliis

445 3529 661 3580 quoque
716 3513 986 3565 Athenaei
1044 3518 1100 3563 et
1154 3512 1336 3564 Procli
1393 3512 1530 3564 locis

445 3584 855 3650 comprobatur,
903 3598 1039 3649 quos
1076 3583 1233 3634 affert
1267 3583 1533 3633 Henrich-

446 3670 562 3705 sen.
584 3653 674 3704 1.1.
698 3670 751 3718 p.
769 3656 801 3703 4
824 3669 973 3718 seqq.
997 3653 1386 3704 accuratiorem
1407 3653 1532 3702 iude

441 3724 735 3773 instituens
754 3723 1187 3788 disquisitionem
1205 3721 1273 3772 de
1290 3737 1418 3771 vero
1439 3721 1533 3772 ho-

445 3808 563 3842 rum
603 3793 902 3841 carminum
949 3798 1201 3853 auctore,
1248 3805 1406 3856 quem
1438 3790 1531 3841 alii

446 3860 722 3910 Stasinum
734 3861 990 3925 Cyprium
1006 3860 1170 3923 (unde
1188 3875 1401 3925 quoque
1416 3875 1533 3910 car-

448 3930 650 3978 minum
685 3944 898 3991 nomen,
938 3929 1071 3987 nisi,
1107 3928 1251 3994 quod
1288 3929 1411 3979 aliis
1441 3943 1532 3979 ve-

446 3999 559 4048 rius
584 3995 816 4059 videtur,
841 4013 907 4047 ex
921 3999 1159 4060 Cypride,
1185 3998 1222 4048 i.
1238 3999 1530 4059 e.Venere‚

446 4065 583 4117 illud
616 4064 1011 4129 derivandum),
1047 4067 1382 4130 Hegesinum
1417 4066 1529 4127 alii,

401 4161 406 4166 ·
446 4138 742 4187 Homerum
779 4133 899 4195 alii,
952 4133 1093 4184 alios
1128 4135 1222 4184 alii
1260 4134 1530 4186 ferebant.

447 4207 563 4257 Nos
611 4202 710 4254 illa
757 4203 974 4269 quidem
1022 4202 1169 4253 haud
1205 4209 1533 4267 repetamus,

449 4289 588 4342 quae
634 4290 669 4324 a
702 4273 834 4323 viris
874 4272 1051 4323 doctis
1088 4287 1254 4336 supra
1295 4272 1536 4323 laudatis

449 4345 590 4395 hanc
614 4344 672 4393 in
698 4358 810 4393 rem
832 4341 1048 4408 prolata
1070 4347 1222 4403 sunt3
1251 4340 1355 4393 hoc
1371 4357 1537 4393 unum

1624 873 1826 924 addere
1885 873 2094 939 placet,
2167 871 2325 923 nobis
2368 870 2543 922 videri
2596 887 2719 921 eam

1624 943 1894 994 Herodoti
1932 943 2105 993 fuisse
2139 942 2492 1003 sententiam,
2536 945 2599 991 ut
2634 957 2719 990 se-

1625 1014 1786 1064 rioris
1824 1013 2027 1063 aetatis
2074 1018 2272 1076 poetae
2318 1027 2385 1061 ea
2426 1010 2719 1062 tribuenda

1626 1084 1756 1133 sint.
1796 1083 1862 1133 Iu
1894 1081 2141 1133 clausula
2170 1081 2365 1131 addam
2382 1079 2718 1131 Dablmanni

1626 1152 1885 1203 iudicium
1912 1152 2102 1217 utique
2121 1152 2313 1201 mirum
2337 1150 2565 1212 (Herod.
2587 1166 2715 1216 pag.

1632 1224 1782 1283 101):
1823 1223 2037 1284 „Wenn
2072 1221 2318 1272 Herodot
2352 1221 2580 1270 manche
2616 1222 2720 1271 Ge-

1629 1292 1838 1353 diobte,
1889 1291 1976 1341 die
2020 1292 2107 1341 fiir
2141 1290 2463 1341 Homer-isch
2509 1290 2718 1355 galten,

1628 1362 1747 1412 dem
1782 1362 1988 1411 Homer
2024 1360 2290 1426 abspraoh
2331 1360 2387 1409 11
2401 1397 2415 1421 ,
2454 1361 2572 1411 117.
2618 1360 2717 1423 IV,

1626 1432 1722 1492 32,
1760 1446 1820 1481 so
1859 1430 2116 1481 scheinen
2148 1430 2289 1481 doch
2325 1430 2410 1481 die
2434 1429 2720 1480 Ursacheu

1628 1501 1806 1551 dieses
1826 1500 2068 1550 Urtheils
2105 1499 2255 1549 nicht
2290 1499 2396 1550 ties
2426 1513 2494 1548 zu
2520 1499 2718 1564 hegen,

1631 1569 1754 1620 falls
1801 1569 1982 1632 nicht,
2030 1570 2105 1618 im
2144 1568 2363 1620 Grunde
2408 1567 2515 1617 ihm
2553 1570 2720 1618 unbe-

1628 1643 1825 1701 wusst,
1851 1639 1967 1689 sein
1993 1638 2301 1703 poetischer
2320 1638 2453 1688 Sinn
2477 1637 2564 1688 die
2584 1640 2720 1688 Ent-

1628 1709 1929 1775 scheidung
1964 1708 2188 1774 geleukt
2223 1708 2384 1757 hat!“

1698 1769 1759 1827 ἐν
1803 1772 1907 1841 μὲν
1956 1771 2059 1843 γὰρ
2099 1779 2247 1826 τοῖσι
2280 1774 2591 1840 Κυπρίοισι
2640 1774 2719 1827 εἴ-

1631 1862 1795 1911 ρηται
1827 1862 1877 1896 κ.
1913 1863 1963 1897 τ.
1996 1845 2070 1913 1.]
2124 1846 2332 1897 Eadem
2368 1847 2482 1897 fere
2527 1847 2722 1897 scribit

1628 1916 1887 1968 Eustath.
1924 1916 1993 1966 ad
2027 1916 2115 1967 Ili.
2140 1917 2238 1968 vl.
2266 1933 2320 1981 p.
2347 1916 2468 1978 503,
2494 1916 2575 1979 11,
2612 1916 2722 1966 dis-

1630 1988 1869 2037 sentiens
1894 2002 1928 2036 a
1957 1985 2152 2036 Proclo
2183 1986 2222 2038 l.
2244 1984 2305 2047 l.,
2328 1987 2419 2050 qui
2445 1985 2719 2045 Paridem,

1629 2061 1958 2120 tempestate
2001 2071 2034 2105 a
2068 2056 2279 2106 Iunone
2312 2055 2588 2118 immissa,
2646 2055 2719 2105 ad

1632 2126 1887 2177 Sidonem
1910 2123 2149 2175 delatum
2173 2140 2292 2175 esse
2316 2125 2611 2190 urbemque
2634 2140 2722 2175 ce-

1631 2196 1781 2260 pisse
1813 2194 2023 2245 scribit.
2074 2196 2254 2259 Atque
2278 2194 2441 2244 etiam
2468 2194 2722 2259 Heynius

1633 2263 1923 2329 (Observwr.
1952 2264 2021 2314 ad
2040 2264 2243 2326 Ili.VI‚
2266 2263 2385 2315 289.
2401 2280 2452 2329 p.
2475 2266 2578 2314 254
2603 2280 2720 2329 seq.

1635 2339 1677 2386 t.
1702 2335 1794 2399 V.)
1833 2335 1889 2384 iu
1912 2334 2181 2384 Herodoti
2217 2334 2338 2384 loco
2369 2338 2541 2383 totam
2572 2333 2722 2384 illam

1635 2396 1804 2468 ἆῆσιν
1825 2404 1997 2453 serius
2025 2403 2285 2453 insertam
2310 2407 2495 2467 putat,
2521 2404 2723 2469 quippe

1632 2473 1881 2524 versibus
1916 2488 1982 2523 ex
2017 2472 2266 2537 Odyssea
2311 2474 2723 2538 navigationem

1631 2543 1926 2594 Alexandri
1962 2543 2019 2592 in
2052 2543 2362 2606 Aegyptum
2402 2542 2547 2593 haud
2583 2543 2723 2593 satis

1629 2612 2008 2678 probantibus.
2098 2613 2213 2661 Nec
2270 2609 2427 2662 aliter
2484 2613 2724 2663 sensisse

1630 2681 1848 2733 videtur
1881 2681 2245 2742 Borheckius,
2288 2682 2381 2746 qui
2418 2681 2586 2732 hocce
2634 2698 2725 2732 ca-

1630 2756 2085 2871 fffissssssssfimff
2104 2752 2726 2887 1⁰⁶5:;‘’50‘2‘:;⁸⁸333

1973 2856 1987 2870 .
2052 2857 2065 2871 .
2129 2856 2143 2869 .
2300 2857 2314 2870 .
2549 2857 2592 2883 .,

1630 2893 2065 3024 ffiffizffiz‘
2076 2889 2724 3019 {1233233133‘1‘2203331

1631 3033 1720 3079 tus
1756 3028 1894 3079 haec
1930 3028 2212 3094 scripserit
2247 3029 2366 3079 sive
2397 3027 2543 3080 alius
2577 3031 2725 3093 quis-

1629 3098 1795 3163 piam.
1876 3098 1993 3147 Nec
2036 3097 2166 3147 mihi
2203 3097 2319 3147 ulla
2363 3098 2513 3148 iusta
2552 3114 2722 3149 causa

1630 3167 2420 3300 232301‘11‚.ss⁰201205?02‘..:?
2446 3168 2723 3303 ..23:22’22

1634 3306 1878 3357 insiticia
1914 3306 2162 3357 habeam.

1703 3367 1860 3425 εὐαέι·
1911 3389 1969 3424 τε
2026 3366 2308 3436 πνεύματι
2369 3366 2724 3439 χρησάμενος

1633 3440 1728 3494 καὶ
1782 3436 2044 3509 θαλάσσῃ
2104 3441 2244 3508 λείῃ]
2306 3446 2343 3494 i.
2396 3459 2447 3496 e.
2500 3445 2723 3495 secundo

1632 3522 1776 3565 vento
1810 3529 1930 3564 usus
1976 3519 2032 3563 et
2064 3515 2197 3563 mari
2239 3516 2531 3579 tranquillo,
2616 3515 2722 3564 Ea-

1634 3584 1752 3635 dem
1773 3583 1944 3634 verba
1962 3588 2180 3634 exstant
2204 3598 2420 3648 quoque
2447 3583 2592 3648 apud
2611 3584 2721 3633 Eu-

1634 3653 1895 3704 stathium
1930 3652 1968 3704 1.
2009 3652 2076 3713 1.,
2123 3667 2264 3717 quae
2302 3668 2368 3702 ex
2401 3653 2522 3716 ipso
2556 3656 2721 3717 poeta

1636 3723 1837 3787 Cyprio
1878 3722 2127 3772 desumta
2156 3722 2329 3772 videri
2372 3722 2478 3771 iam
2519 3721 2721 3772 dudum

1634 3796 1918 3842 monuerat
1970 3789 2391 3856 Wesselingius:
2453 3790 2721 3853 „Videtur

1633 3865 1829 3926 poetae
1861 3857 1974 3909 τῶν
2000 3859 2281 3921 Κυπρίων
2313 3859 2606 3910 dictionem
2632 3876 2721 3910 ex-

1634 3930 1918 3994 pressisse.
1990 3930 2348 3980 Notissimum
2396 3936 2479 3980 est
2516 3929 2722 3994 Sopho-·

1633 3998 1733 4049 olis
1778 3998 1912 4049 illud
1952 3997 2185 4051 Philoct.
2226 3999 2329 4049 822
2378 3998 2502 4061 (828
2538 3998 2718 4064 Br.).“

1633 4068 1795 4119 Unde
1826 4068 2074 4132 Heynius
2116 4068 2153 4118 l.
2191 4068 2228 4119 1.
2261 4068 2558 4119 hexametri
2599 4083 2724 4134 par-

1636 4142 1747 4188 tem
1774 4138 1942 4187 eruit:

1706 4233 1774 4242 —
1826 4200 2121 4268 πνεόματα
2182 4196 2536 4269 χρησάμενος
2598 4203 2721 4270 λείῃ

1974 4287 2031 4322 τε
2069 4269 2350 4338 θαλάσσῃ.

1642 4341 1821 4408 Atque
1847 4342 2276 4395 Friedemannus
2301 4341 2625 4395 Commentt.
2663 4343 2723 4395 iu
