<?xml version="1.0" encoding="UTF-8"?>
<!DOCTYPE html PUBLIC "-//W3C//DTD XHTML 1.0 Transitional//EN"
    "http://www.w3.org/TR/xhtml1/DTD/xhtml1-transitional.dtd">
<html xmlns="http://www.w3.org/1999/xhtml" xml:lang="en" lang="en">
 <head>
  <title>
</title>
<meta http-equiv="Content-Type" content="text/html;charset=utf-8" />
  <meta name='ocr-system' content='tesseract 3.04.00' />
  <meta name='ocr-capabilities' content='ocr_page ocr_carea ocr_par ocr_line ocrx_word'/>
</head>
<body>
  <div class='ocr_page' id='page_1' title='image "./herodotihalicar02unkngoog_0755.png"; bbox 0 0 3109 5092; ppageno 0'>
   <div class='ocr_carea' id='block_1_1' title="bbox 1083 352 1885 414">
    <p class='ocr_par' dir='ltr' id='par_1_1' title="bbox 1083 352 1885 414">
     <span class='ocr_line' id='line_1_1' title="bbox 1083 352 1885 414; baseline -0.002 -3"><span class='ocrx_word' id='word_1_1' title='bbox 1083 352 1581 413; x_wconf 80' lang='lat' dir='ltr'><strong>EU&#39;PERPE.</strong></span> <span class='ocrx_word' id='word_1_2' title='bbox 1626 353 1712 411; x_wconf 90' lang='grc' dir='ltr'><strong>Π.</strong></span> <span class='ocrx_word' id='word_1_3' title='bbox 1764 360 1885 414; x_wconf 81' lang='lat'><strong>134.</strong></span> 
     </span>
    </p>
   </div>
   <div class='ocr_carea' id='block_1_2' title="bbox 2502 345 2626 405">
    <p class='ocr_par' dir='ltr' id='par_1_2' title="bbox 2502 345 2626 405">
     <span class='ocr_line' id='line_1_2' title="bbox 2502 345 2626 405; baseline 0 0"><span class='ocrx_word' id='word_1_4' title='bbox 2502 345 2626 405; x_wconf 82' lang='lat'><strong>735</strong></span> 
     </span>
    </p>
   </div>
   <div class='ocr_carea' id='block_1_3' title="bbox 349 514 2626 718">
    <p class='ocr_par' dir='ltr' id='par_1_3' title="bbox 349 514 2626 718">
     <span class='ocr_line' id='line_1_3' title="bbox 349 514 2626 614; baseline -0.003 -20"><span class='ocrx_word' id='word_1_5' title='bbox 349 522 516 614; x_wconf 78' lang='grc' dir='ltr'><strong><em>νεὴν</em></strong></span> <span class='ocrx_word' id='word_1_6' title='bbox 543 524 667 614; x_wconf 75' lang='grc' dir='ltr'><strong>μὲν</strong></span> <span class='ocrx_word' id='word_1_7' title='bbox 693 521 827 593; x_wconf 74' lang='grc' dir='ltr'><strong>ἀπὸ</strong></span> <span class='ocrx_word' id='word_1_8' title='bbox 856 531 1183 614; x_wconf 78' lang='grc' dir='ltr'><strong>Θρηΐκης,</strong></span> <span class='ocrx_word' id='word_1_9' title='bbox 1224 522 1434 611; x_wconf 76' lang='grc' dir='ltr'><strong><em>δούλη</em></strong></span> <span class='ocrx_word' id='word_1_10' title='bbox 1463 524 1537 593; x_wconf 77' lang='grc' dir='ltr'><strong>δὲ</strong></span> <span class='ocrx_word' id='word_1_11' title='bbox 1564 514 1651 613; x_wconf 88' lang='grc' dir='ltr'><strong>ἦν</strong></span> <span class='ocrx_word' id='word_1_12' title='bbox 1672 520 2008 611; x_wconf 77' lang='grc' dir='ltr'><em>Ἰάδμονος</em></span> <span class='ocrx_word' id='word_1_13' title='bbox 2036 527 2159 591; x_wconf 83' lang='grc' dir='ltr'><strong>τοῦ</strong></span> <span class='ocrx_word' id='word_1_14' title='bbox 2179 515 2626 608; x_wconf 82' lang='grc' dir='ltr'><strong><em>Ἡφαιστοπό-</em></strong></span> 
     </span>
     <span class='ocr_line' id='line_1_4' title="bbox 350 625 2626 718; baseline -0.003 -20"><span class='ocrx_word' id='word_1_15' title='bbox 350 638 524 712; x_wconf 78' lang='grc' dir='ltr'><strong><em>λιος,</em></strong></span> <span class='ocrx_word' id='word_1_16' title='bbox 566 625 816 718; x_wconf 77' lang='grc' dir='ltr'><strong><em>ἀνδρὸς</em></strong></span> <span class='ocrx_word' id='word_1_17' title='bbox 841 636 1144 717; x_wconf 83' lang='grc' dir='ltr'><em>Σαμίου,</em></span> <span class='ocrx_word' id='word_1_18' title='bbox 1198 627 1574 705; x_wconf 76' lang='grc' dir='ltr'><strong><em>σύνδουλος</em></strong></span> <span class='ocrx_word' id='word_1_19' title='bbox 1612 626 1689 695; x_wconf 73' lang='grc' dir='ltr'><strong>δὲ</strong></span> <span class='ocrx_word' id='word_1_20' title='bbox 1731 625 2051 696; x_wconf 74' lang='grc' dir='ltr'><strong><em>Αἰσώπου</em></strong></span> <span class='ocrx_word' id='word_1_21' title='bbox 2091 629 2213 695; x_wconf 81' lang='grc' dir='ltr'><strong>τοῦ</strong></span> <span class='ocrx_word' id='word_1_22' title='bbox 2245 626 2626 710; x_wconf 74' lang='grc' dir='ltr'><strong><em>λογοποιοῦ.</em></strong></span> 
     </span>
    </p>
   </div>
   <div class='ocr_carea' id='block_1_4' title="bbox 330 795 1445 4467">
    <p class='ocr_par' dir='ltr' id='par_1_4' title="bbox 352 795 1445 1055">
     <span class='ocr_line' id='line_1_5' title="bbox 354 795 1444 877; baseline -0.004 -31"><span class='ocrx_word' id='word_1_23' title='bbox 354 812 457 863; x_wconf 89' lang='lat' dir='ltr'><strong>que</strong></span> <span class='ocrx_word' id='word_1_24' title='bbox 495 797 653 846; x_wconf 89' lang='lat' dir='ltr'><strong>initio</strong></span> <span class='ocrx_word' id='word_1_25' title='bbox 698 796 895 877; x_wconf 89' lang='lat' dir='ltr'><strong>capitis</strong></span> <span class='ocrx_word' id='word_1_26' title='bbox 933 796 986 844; x_wconf 90' lang='lat' dir='ltr'><strong>in</strong></span> <span class='ocrx_word' id='word_1_27' title='bbox 1012 795 1223 845; x_wconf 83' lang='lat' dir='ltr'><strong>verbis.</strong></span> <span class='ocrx_word' id='word_1_28' title='bbox 1263 809 1444 858; x_wconf 79' lang='grc' dir='ltr'><strong><em>πυρα-</em></strong></span> 
     </span>
     <span class='ocr_line' id='line_1_6' title="bbox 352 854 1445 930; baseline -0.002 -16"><span class='ocrx_word' id='word_1_29' title='bbox 352 862 492 930; x_wconf 79' lang='grc' dir='ltr'><strong><em>μίδα</em></strong></span> <span class='ocrx_word' id='word_1_30' title='bbox 528 859 592 914; x_wconf 75' lang='grc' dir='ltr'><strong>δὲ</strong></span> <span class='ocrx_word' id='word_1_31' title='bbox 627 861 726 914; x_wconf 80' lang='grc' dir='ltr'><strong>καὶ</strong></span> <span class='ocrx_word' id='word_1_32' title='bbox 763 854 934 922; x_wconf 82' lang='grc' dir='ltr'><strong><em>οὗτος</em></strong></span> <span class='ocrx_word' id='word_1_33' title='bbox 963 856 1351 914; x_wconf 75' lang='grc' dir='ltr'><strong><em>ἀπελίπετο</em></strong></span> <span class='ocrx_word' id='word_1_34' title='bbox 1389 868 1445 914; x_wconf 90' lang='lat' dir='ltr'><strong>et</strong></span> 
     </span>
     <span class='ocr_line' id='line_1_7' title="bbox 352 927 1444 999; baseline -0.003 -13"><span class='ocrx_word' id='word_1_35' title='bbox 352 937 434 996; x_wconf 82' lang='grc' dir='ltr'><strong>ΙΙ,</strong></span> <span class='ocrx_word' id='word_1_36' title='bbox 475 935 599 987; x_wconf 85' lang='lat'>135:</span> <span class='ocrx_word' id='word_1_37' title='bbox 635 929 929 999; x_wconf 72' lang='grc' dir='ltr'><strong><em>μνημήιον</em></strong></span> <span class='ocrx_word' id='word_1_38' title='bbox 965 962 1035 971; x_wconf 93' lang='grc'>-</span> <span class='ocrx_word' id='word_1_39' title='bbox 1069 927 1444 983; x_wconf 79' lang='grc' dir='ltr'><strong><em>καταλιπέ-</em></strong></span> 
     </span>
     <span class='ocr_line' id='line_1_8' title="bbox 356 1003 1215 1080; baseline 0.002 -28"><span class='ocrx_word' id='word_1_40' title='bbox 356 1004 550 1080; x_wconf 80' lang='grc' dir='ltr'><strong><em>σθαι,</em></strong></span> <span class='ocrx_word' id='word_1_41' title='bbox 591 1003 663 1066; x_wconf 90' lang='lat'><strong>11,</strong></span> <span class='ocrx_word' id='word_1_42' title='bbox 706 1004 823 1055; x_wconf 74' lang='lat' dir='ltr'><strong>l:.36</strong></span> <span class='ocrx_word' id='word_1_43' title='bbox 867 1005 966 1060; x_wconf 85' lang='lat' dir='ltr'><strong>IV.</strong></span> <span class='ocrx_word' id='word_1_44' title='bbox 1004 1005 1073 1055; x_wconf 89' lang='grc'><strong>80</strong></span> <span class='ocrx_word' id='word_1_45' title='bbox 1110 1009 1215 1056; x_wconf 89' lang='lat' dir='ltr'><strong>etc.</strong></span> 
     </span>
    </p>

    <p class='ocr_par' dir='ltr' id='par_1_5' title="bbox 347 1041 1444 2942">
     <span class='ocr_line' id='line_1_9' title="bbox 419 1041 1441 1155; baseline -0.001 -34"><span class='ocrx_word' id='word_1_46' title='bbox 419 1062 494 1137; x_wconf 77' lang='grc' dir='ltr'><strong>ἦν</strong></span> <span class='ocrx_word' id='word_1_47' title='bbox 511 1041 808 1136; x_wconf 75' lang='grc' dir='ltr'><strong><em>Ἰάδμονος</em></strong></span> <span class='ocrx_word' id='word_1_48' title='bbox 822 1070 927 1122; x_wconf 84' lang='grc' dir='ltr'><strong>τοῦ</strong></span> <span class='ocrx_word' id='word_1_49' title='bbox 935 1063 1441 1155; x_wconf 79' lang='grc' dir='ltr'><strong><em>Ἡφαιστοπόλιος]</em></strong></span> 
     </span>
     <span class='ocr_line' id='line_1_10' title="bbox 353 1142 1444 1206; baseline 0.001 -15"><span class='ocrx_word' id='word_1_50' title='bbox 353 1144 418 1192; x_wconf 90' lang='lat' dir='ltr'><strong>In</strong></span> <span class='ocrx_word' id='word_1_51' title='bbox 464 1142 939 1205; x_wconf 72' lang='lat' dir='ltr'><strong>Hephaestopolidis</strong></span> <span class='ocrx_word' id='word_1_52' title='bbox 992 1143 1167 1206; x_wconf 86' lang='lat' dir='ltr'><strong>patris</strong></span> <span class='ocrx_word' id='word_1_53' title='bbox 1225 1143 1444 1192; x_wconf 89' lang='lat' dir='ltr'><strong>nomine</strong></span> 
     </span>
     <span class='ocr_line' id='line_1_11' title="bbox 351 1210 1432 1275; baseline -0.002 -13"><span class='ocrx_word' id='word_1_54' title='bbox 351 1212 465 1262; x_wconf 89' lang='lat' dir='ltr'><strong>noli</strong></span> <span class='ocrx_word' id='word_1_55' title='bbox 513 1212 765 1275; x_wconf 88' lang='lat' dir='ltr'><strong>haerere,</strong></span> <span class='ocrx_word' id='word_1_56' title='bbox 817 1227 937 1261; x_wconf 90' lang='lat' dir='ltr'><strong>cum</strong></span> <span class='ocrx_word' id='word_1_57' title='bbox 985 1211 1096 1261; x_wconf 88' lang='lat' dir='ltr'><strong>alia</strong></span> <span class='ocrx_word' id='word_1_58' title='bbox 1143 1211 1344 1261; x_wconf 78' lang='lat' dir='ltr'><strong>similia.</strong></span> <span class='ocrx_word' id='word_1_59' title='bbox 1378 1210 1432 1261; x_wconf 88' lang='lat' dir='ltr'><strong>h.</strong></span> 
     </span>
     <span class='ocr_line' id='line_1_12' title="bbox 350 1280 1441 1361; baseline 0.001 -32"><span class='ocrx_word' id='word_1_60' title='bbox 350 1281 389 1332; x_wconf 92' lang='grc'><strong>1.</strong></span> <span class='ocrx_word' id='word_1_61' title='bbox 433 1282 652 1331; x_wconf 86' lang='lat' dir='ltr'><strong>nomina</strong></span> <span class='ocrx_word' id='word_1_62' title='bbox 699 1281 891 1330; x_wconf 82' lang='lat' dir='ltr'><strong>afferat</strong></span> <span class='ocrx_word' id='word_1_63' title='bbox 923 1280 1335 1361; x_wconf 64' lang='lat' dir='ltr'><strong>Wesselingius‚</strong></span> <span class='ocrx_word' id='word_1_64' title='bbox 1380 1286 1441 1330; x_wconf 89' lang='lat' dir='ltr'><strong>ut</strong></span> 
     </span>
     <span class='ocr_line' id='line_1_13' title="bbox 352 1342 1437 1415; baseline -0.002 -16"><span class='ocrx_word' id='word_1_65' title='bbox 352 1344 642 1412; x_wconf 73' lang='grc' dir='ltr'><strong><em>Σώπολις,</em></strong></span> <span class='ocrx_word' id='word_1_66' title='bbox 676 1342 764 1415; x_wconf 87' lang='grc' dir='ltr'><strong>Ἀμ</strong></span> <span class='ocrx_word' id='word_1_67' title='bbox 816 1348 1035 1414; x_wconf 79' lang='grc' dir='ltr'><strong><em>ι’πολις,</em></strong></span> <span class='ocrx_word' id='word_1_68' title='bbox 1069 1342 1437 1413; x_wconf 72' lang='grc' dir='ltr'><strong><em>Ἀναξίπολις,</em></strong></span> 
     </span>
     <span class='ocr_line' id='line_1_14' title="bbox 341 1366 1439 1484; baseline 0 -16"><span class='ocrx_word' id='word_1_69' title='bbox 341 1413 713 1484; x_wconf 77' lang='grc' dir='ltr'><strong><em>Ἀγησίπολις,</em></strong></span> <span class='ocrx_word' id='word_1_70' title='bbox 739 1366 1301 1484; x_wconf 50' lang='lat' dir='ltr'><strong>Iaoetnolnohgetc„</strong></span> <span class='ocrx_word' id='word_1_71' title='bbox 1323 1418 1439 1484; x_wconf 90' lang='lat' dir='ltr'><strong>qui-</strong></span> 
     </span>
     <span class='ocr_line' id='line_1_15' title="bbox 353 1489 1436 1554; baseline 0 -15"><span class='ocrx_word' id='word_1_72' title='bbox 353 1491 452 1539; x_wconf 84' lang='lat' dir='ltr'><strong>bus</strong></span> <span class='ocrx_word' id='word_1_73' title='bbox 501 1489 1019 1554; x_wconf 86' lang='lat' dir='ltr'><strong>Hephaestopolidis</strong></span> <span class='ocrx_word' id='word_1_74' title='bbox 1064 1505 1260 1539; x_wconf 90' lang='lat' dir='ltr'><strong>nomen</strong></span> <span class='ocrx_word' id='word_1_75' title='bbox 1299 1489 1436 1539; x_wconf 88' lang='lat' dir='ltr'><strong>satis</strong></span> 
     </span>
     <span class='ocr_line' id='line_1_16' title="bbox 353 1558 1437 1624; baseline -0.001 -15"><span class='ocrx_word' id='word_1_76' title='bbox 353 1558 701 1619; x_wconf 81' lang='lat' dir='ltr'><strong>defendatur3</strong></span> <span class='ocrx_word' id='word_1_77' title='bbox 753 1559 897 1624; x_wconf 84' lang='lat' dir='ltr'><strong>quod</strong></span> <span class='ocrx_word' id='word_1_78' title='bbox 935 1559 984 1608; x_wconf 87' lang='lat' dir='ltr'><strong>si</strong></span> <span class='ocrx_word' id='word_1_79' title='bbox 1017 1575 1117 1624; x_wconf 91' lang='lat' dir='ltr'><strong>pro</strong></span> <span class='ocrx_word' id='word_1_80' title='bbox 1154 1559 1304 1609; x_wconf 92' lang='lat' dir='ltr'><strong>urbis</strong></span> <span class='ocrx_word' id='word_1_81' title='bbox 1343 1574 1437 1608; x_wconf 89' lang='lat' dir='ltr'><strong>no-</strong></span> 
     </span>
     <span class='ocr_line' id='line_1_17' title="bbox 351 1627 1440 1693; baseline 0 -16"><span class='ocrx_word' id='word_1_82' title='bbox 351 1629 494 1678; x_wconf 88' lang='lat' dir='ltr'><strong>mine</strong></span> <span class='ocrx_word' id='word_1_83' title='bbox 530 1627 837 1678; x_wconf 87' lang='lat' dir='ltr'><strong>habendum</strong></span> <span class='ocrx_word' id='word_1_84' title='bbox 876 1633 1048 1690; x_wconf 87' lang='lat' dir='ltr'><strong>esset,</strong></span> <span class='ocrx_word' id='word_1_85' title='bbox 1087 1628 1249 1678; x_wconf 87' lang='lat' dir='ltr'><strong>aliter</strong></span> <span class='ocrx_word' id='word_1_86' title='bbox 1277 1628 1440 1693; x_wconf 84' lang='lat' dir='ltr'><strong>plane</strong></span> 
     </span>
     <span class='ocr_line' id='line_1_18' title="bbox 352 1697 1440 1748; baseline 0.001 -2"><span class='ocrx_word' id='word_1_87' title='bbox 352 1698 699 1748; x_wconf 87' lang='lat' dir='ltr'><strong>scribendum</strong></span> <span class='ocrx_word' id='word_1_88' title='bbox 738 1697 952 1748; x_wconf 80' lang='lat' dir='ltr'><strong>fuisset.</strong></span> <span class='ocrx_word' id='word_1_89' title='bbox 1027 1698 1194 1748; x_wconf 89' lang='lat' dir='ltr'><strong>Plura</strong></span> <span class='ocrx_word' id='word_1_90' title='bbox 1226 1698 1440 1748; x_wconf 83' lang='lat' dir='ltr'><strong>Wesse-</strong></span> 
     </span>
     <span class='ocr_line' id='line_1_19' title="bbox 350 1765 1442 1831; baseline 0 -16"><span class='ocrx_word' id='word_1_91' title='bbox 350 1767 481 1831; x_wconf 82' lang='lat' dir='ltr'><strong>ling.</strong></span> <span class='ocrx_word' id='word_1_92' title='bbox 523 1767 668 1817; x_wconf 88' lang='lat' dir='ltr'><strong>adh.</strong></span> <span class='ocrx_word' id='word_1_93' title='bbox 705 1765 762 1828; x_wconf 92' lang='grc'><strong>1.,</strong></span> <span class='ocrx_word' id='word_1_94' title='bbox 798 1768 937 1817; x_wconf 89' lang='lat' dir='ltr'><strong>bene</strong></span> <span class='ocrx_word' id='word_1_95' title='bbox 970 1766 1203 1817; x_wconf 86' lang='lat' dir='ltr'><strong>laudans</strong></span> <span class='ocrx_word' id='word_1_96' title='bbox 1241 1768 1442 1831; x_wconf 87' lang='lat' dir='ltr'><strong>Cuperi</strong></span> 
     </span>
     <span class='ocr_line' id='line_1_20' title="bbox 352 1835 1435 1901; baseline 0 -14"><span class='ocrx_word' id='word_1_97' title='bbox 352 1837 670 1887; x_wconf 84' lang='lat' dir='ltr'><strong>Observatt.</strong></span> <span class='ocrx_word' id='word_1_98' title='bbox 710 1837 805 1898; x_wconf 88' lang='lat' dir='ltr'><strong>IV,</strong></span> <span class='ocrx_word' id='word_1_99' title='bbox 844 1839 896 1886; x_wconf 88' lang='grc'><strong>4.</strong></span> <span class='ocrx_word' id='word_1_100' title='bbox 929 1852 1058 1901; x_wconf 82' lang='lat' dir='ltr'><strong>pag.</strong></span> <span class='ocrx_word' id='word_1_101' title='bbox 1097 1853 1166 1886; x_wconf 86' lang='lat' dir='ltr'><strong>m.</strong></span> <span class='ocrx_word' id='word_1_102' title='bbox 1191 1835 1295 1887; x_wconf 75' lang='lat'><strong>395</strong></span> <span class='ocrx_word' id='word_1_103' title='bbox 1319 1852 1435 1901; x_wconf 88' lang='lat' dir='ltr'><strong>seq.</strong></span> 
     </span>
     <span class='ocr_line' id='line_1_21' title="bbox 351 1905 1439 1969; baseline -0.003 -12"><span class='ocrx_word' id='word_1_104' title='bbox 351 1933 418 1943; x_wconf 90' lang='lat'><strong>--</strong></span> <span class='ocrx_word' id='word_1_105' title='bbox 459 1908 629 1967; x_wconf 84' lang='lat' dir='ltr'><strong>Quem</strong></span> <span class='ocrx_word' id='word_1_106' title='bbox 672 1905 984 1956; x_wconf 87' lang='lat' dir='ltr'><strong>Herodotus</strong></span> <span class='ocrx_word' id='word_1_107' title='bbox 1022 1906 1306 1955; x_wconf 81' lang='lat' dir='ltr'><strong><em>ladmonem</em></strong></span> <span class='ocrx_word' id='word_1_108' title='bbox 1342 1921 1439 1969; x_wconf 85' lang='lat' dir='ltr'><strong>ap·-</strong></span> 
     </span>
     <span class='ocr_line' id='line_1_22' title="bbox 350 1973 1438 2040; baseline 0.001 -16"><span class='ocrx_word' id='word_1_109' title='bbox 350 1975 549 2040; x_wconf 90' lang='lat' dir='ltr'><strong>pellat,</strong></span> <span class='ocrx_word' id='word_1_110' title='bbox 580 1975 832 2024; x_wconf 69' lang='lat' dir='ltr'><strong>&#39;eundem</strong></span> <span class='ocrx_word' id='word_1_111' title='bbox 885 1973 1204 2025; x_wconf 87' lang='lat' dir='ltr'><strong>Heraclides</strong></span> <span class='ocrx_word' id='word_1_112' title='bbox 1252 1975 1438 2025; x_wconf 88' lang='lat' dir='ltr'><strong>Ponti-</strong></span> 
     </span>
     <span class='ocr_line' id='line_1_23' title="bbox 353 2043 1438 2110; baseline -0.001 -15"><span class='ocrx_word' id='word_1_113' title='bbox 353 2060 449 2095; x_wconf 87' lang='lat' dir='ltr'><strong>cus</strong></span> <span class='ocrx_word' id='word_1_114' title='bbox 497 2047 648 2109; x_wconf 82' lang='lat' dir='ltr'><strong>(pag.</strong></span> <span class='ocrx_word' id='word_1_115' title='bbox 701 2046 757 2095; x_wconf 92' lang='lat' dir='ltr'><strong>ll</strong></span> <span class='ocrx_word' id='word_1_116' title='bbox 803 2043 890 2095; x_wconf 90' lang='lat' dir='ltr'><strong>ed.</strong></span> <span class='ocrx_word' id='word_1_117' title='bbox 936 2043 1177 2110; x_wconf 84' lang='lat' dir='ltr'><strong>Koeler.)</strong></span> <span class='ocrx_word' id='word_1_118' title='bbox 1237 2044 1438 2109; x_wconf 87' lang='lat' dir='ltr'><strong>aliique</strong></span> 
     </span>
     <span class='ocr_line' id='line_1_24' title="bbox 352 2113 1438 2179; baseline -0.001 -16"><span class='ocrx_word' id='word_1_119' title='bbox 352 2115 644 2179; x_wconf 72' lang='lat' dir='ltr'><strong>scriptores</strong></span> <span class='ocrx_word' id='word_1_120' title='bbox 680 2113 929 2165; x_wconf 83' lang='lat' dir='ltr'><strong>Idmonem</strong></span> <span class='ocrx_word' id='word_1_121' title='bbox 963 2119 1190 2178; x_wconf 82' lang='lat' dir='ltr'><strong>vocant,</strong></span> <span class='ocrx_word' id='word_1_122' title='bbox 1237 2115 1438 2178; x_wconf 79' lang='lat' dir='ltr'><strong>Aesopi</strong></span> 
     </span>
     <span class='ocr_line' id='line_1_25' title="bbox 353 2184 1437 2249; baseline -0.001 -16"><span class='ocrx_word' id='word_1_123' title='bbox 353 2184 655 2246; x_wconf 87' lang='lat' dir='ltr'><strong>dominum,</strong></span> <span class='ocrx_word' id='word_1_124' title='bbox 712 2184 806 2248; x_wconf 90' lang='lat' dir='ltr'><strong>qui</strong></span> <span class='ocrx_word' id='word_1_125' title='bbox 866 2185 1169 2248; x_wconf 88' lang='lat' dir='ltr'><strong>Aesopum,</strong></span> <span class='ocrx_word' id='word_1_126' title='bbox 1229 2184 1437 2249; x_wconf 80' lang='lat' dir='ltr'><strong>origine</strong></span> 
     </span>
     <span class='ocr_line' id='line_1_26' title="bbox 351 2253 1437 2315; baseline -0.001 -13"><span class='ocrx_word' id='word_1_127' title='bbox 351 2254 646 2315; x_wconf 79' lang='lat' dir='ltr'>Thracem,</span> <span class='ocrx_word' id='word_1_128' title='bbox 694 2267 857 2302; x_wconf 87' lang='lat' dir='ltr'><strong>mauu</strong></span> <span class='ocrx_word' id='word_1_129' title='bbox 902 2253 1131 2303; x_wconf 78' lang='lat' dir='ltr'><strong>miserit.</strong></span> <span class='ocrx_word' id='word_1_130' title='bbox 1205 2253 1320 2303; x_wconf 85' lang='lat' dir='ltr'><strong>Nec</strong></span> <span class='ocrx_word' id='word_1_131' title='bbox 1359 2258 1437 2302; x_wconf 88' lang='lat' dir='ltr'><strong>ta-</strong></span> 
     </span>
     <span class='ocr_line' id='line_1_27' title="bbox 351 2322 1437 2388; baseline 0 -16"><span class='ocrx_word' id='word_1_132' title='bbox 351 2338 472 2372; x_wconf 90' lang='lat' dir='ltr'><strong>men</strong></span> <span class='ocrx_word' id='word_1_133' title='bbox 528 2323 586 2372; x_wconf 91' lang='lat' dir='ltr'><strong>in</strong></span> <span class='ocrx_word' id='word_1_134' title='bbox 631 2323 914 2372; x_wconf 84' lang='lat' dir='ltr'><strong>Herodoto</strong></span> <span class='ocrx_word' id='word_1_135' title='bbox 976 2322 1268 2388; x_wconf 75' lang='lat' dir='ltr'><strong>quidquam</strong></span> <span class='ocrx_word' id='word_1_136' title='bbox 1326 2338 1437 2372; x_wconf 91' lang='lat' dir='ltr'><strong>mu-</strong></span> 
     </span>
     <span class='ocr_line' id='line_1_28' title="bbox 349 2392 1435 2442; baseline 0 -1"><span class='ocrx_word' id='word_1_137' title='bbox 349 2392 575 2442; x_wconf 87' lang='lat' dir='ltr'><strong>tandum</strong></span> <span class='ocrx_word' id='word_1_138' title='bbox 591 2407 711 2442; x_wconf 87' lang='lat' dir='ltr'><strong>esse</strong></span> <span class='ocrx_word' id='word_1_139' title='bbox 734 2397 881 2441; x_wconf 90' lang='lat' dir='ltr'><strong>recte</strong></span> <span class='ocrx_word' id='word_1_140' title='bbox 899 2398 1082 2441; x_wconf 86' lang='lat' dir='ltr'><strong>monet</strong></span> <span class='ocrx_word' id='word_1_141' title='bbox 1101 2392 1243 2441; x_wconf 88' lang='lat' dir='ltr'><strong>idem</strong></span> <span class='ocrx_word' id='word_1_142' title='bbox 1267 2392 1435 2442; x_wconf 83' lang='lat' dir='ltr'><strong>Grau-</strong></span> 
     </span>
     <span class='ocr_line' id='line_1_29' title="bbox 352 2461 1433 2542; baseline 0 -32"><span class='ocrx_word' id='word_1_143' title='bbox 352 2467 451 2511; x_wconf 89' lang='lat' dir='ltr'><strong>ert.</strong></span> <span class='ocrx_word' id='word_1_144' title='bbox 501 2461 540 2511; x_wconf 94' lang='lat' dir='ltr'><strong>l.</strong></span> <span class='ocrx_word' id='word_1_145' title='bbox 601 2462 637 2511; x_wconf 93' lang='lat' dir='ltr'><strong>l.</strong></span> <span class='ocrx_word' id='word_1_146' title='bbox 668 2478 815 2542; x_wconf 84' lang='lat' dir='ltr'><strong>pag.</strong></span> <span class='ocrx_word' id='word_1_147' title='bbox 862 2461 950 2511; x_wconf 87' lang='grc'><strong>60.</strong></span> <span class='ocrx_word' id='word_1_148' title='bbox 1007 2461 1073 2523; x_wconf 93' lang='grc'><strong>61</strong></span> <span class='ocrx_word' id='word_1_149' title='bbox 1135 2461 1259 2511; x_wconf 86' lang='lat' dir='ltr'><strong>coll.</strong></span> <span class='ocrx_word' id='word_1_150' title='bbox 1306 2477 1433 2525; x_wconf 82' lang='lat' dir='ltr'><strong>pag.</strong></span> 
     </span>
     <span class='ocr_line' id='line_1_30' title="bbox 354 2523 1434 2594; baseline 0.001 -15"><span class='ocrx_word' id='word_1_151' title='bbox 354 2532 471 2592; x_wconf 71' lang='grc'><strong>132,</strong></span> <span class='ocrx_word' id='word_1_152' title='bbox 508 2545 629 2580; x_wconf 84' lang='grc' dir='ltr'><strong><em>οιιιιι</em></strong></span> <span class='ocrx_word' id='word_1_153' title='bbox 668 2523 912 2594; x_wconf 74' lang='grc' dir='ltr'><em>Ἰάδμων</em></span> <span class='ocrx_word' id='word_1_154' title='bbox 948 2530 1141 2579; x_wconf 83' lang='lat' dir='ltr'><strong>Ionica</strong></span> <span class='ocrx_word' id='word_1_155' title='bbox 1176 2529 1263 2580; x_wconf 87' lang='lat' dir='ltr'><strong>vel</strong></span> <span class='ocrx_word' id='word_1_156' title='bbox 1295 2533 1434 2580; x_wconf 91' lang='lat' dir='ltr'><strong>Aeo-</strong></span> 
     </span>
     <span class='ocr_line' id='line_1_31' title="bbox 348 2599 1438 2650; baseline 0.003 -3"><span class='ocrx_word' id='word_1_157' title='bbox 348 2600 454 2650; x_wconf 87' lang='lat' dir='ltr'><strong>lica</strong></span> <span class='ocrx_word' id='word_1_158' title='bbox 495 2601 739 2650; x_wconf 89' lang='lat' dir='ltr'><strong>eiu&#39;sdem</strong></span> <span class='ocrx_word' id='word_1_159' title='bbox 773 2599 1008 2650; x_wconf 89' lang='lat' dir='ltr'><strong>nominis</strong></span> <span class='ocrx_word' id='word_1_160' title='bbox 1046 2599 1220 2649; x_wconf 84' lang='lat' dir='ltr'><strong>forma</strong></span> <span class='ocrx_word' id='word_1_161' title='bbox 1257 2599 1438 2650; x_wconf 80' lang='lat' dir='ltr'><strong>videa-</strong></span> 
     </span>
     <span class='ocr_line' id='line_1_32' title="bbox 347 2669 1438 2753; baseline -0.002 -34"><span class='ocrx_word' id='word_1_162' title='bbox 347 2676 464 2732; x_wconf 89' lang='lat' dir='ltr'><strong>tur,</strong></span> <span class='ocrx_word' id='word_1_163' title='bbox 512 2670 660 2734; x_wconf 88' lang='lat' dir='ltr'><strong>quod</strong></span> <span class='ocrx_word' id='word_1_164' title='bbox 705 2669 926 2748; x_wconf 88' lang='lat' dir='ltr'><strong>reliquis</strong></span> <span class='ocrx_word' id='word_1_165' title='bbox 968 2669 1325 2753; x_wconf 71' lang='lat' dir='ltr'><strong>scriptoribus</strong></span> <span class='ocrx_word' id='word_1_166' title='bbox 1366 2670 1438 2719; x_wconf 88' lang='lat' dir='ltr'><strong>sit</strong></span> 
     </span>
     <span class='ocr_line' id='line_1_33' title="bbox 330 2707 1435 2803; baseline 0.001 -17.022"><span class='ocrx_word' id='word_1_167' title='bbox 330 2707 543 2801; x_wconf 76' lang='grc' dir='ltr'><strong><em>Ἴδμων</em></strong></span> <span class='ocrx_word' id='word_1_168' title='bbox 569 2738 627 2802; x_wconf 90' lang='lat' dir='ltr'><strong>(i.</strong></span> <span class='ocrx_word' id='word_1_169' title='bbox 658 2754 710 2803; x_wconf 90' lang='lat' dir='ltr'><strong>q.</strong></span> <span class='ocrx_word' id='word_1_170' title='bbox 746 2731 944 2801; x_wconf 85' lang='grc' dir='ltr'><strong><em>σοφὸς,</em></strong></span> <span class='ocrx_word' id='word_1_171' title='bbox 978 2742 1200 2800; x_wconf 70' lang='lat' dir='ltr'><strong>sapiens,</strong></span> <span class='ocrx_word' id='word_1_172' title='bbox 1229 2737 1435 2802; x_wconf 71' lang='lat' dir='ltr'><strong>sciens).</strong></span> 
     </span>
     <span class='ocr_line' id='line_1_34' title="bbox 350 2806 1438 2872; baseline -0.002 -15"><span class='ocrx_word' id='word_1_173' title='bbox 350 2808 507 2858; x_wconf 79' lang='lat' dir='ltr'><strong>Conf.</strong></span> <span class='ocrx_word' id='word_1_174' title='bbox 526 2809 689 2857; x_wconf 87' lang='lat' dir='ltr'><strong>etiam</strong></span> <span class='ocrx_word' id='word_1_175' title='bbox 703 2807 947 2858; x_wconf 78' lang='lat' dir='ltr'><strong>Schultz.</strong></span> <span class='ocrx_word' id='word_1_176' title='bbox 960 2807 999 2857; x_wconf 92' lang='lat' dir='ltr'><strong>l.</strong></span> <span class='ocrx_word' id='word_1_177' title='bbox 1019 2808 1054 2857; x_wconf 89' lang='lat' dir='ltr'><strong>l.</strong></span> <span class='ocrx_word' id='word_1_178' title='bbox 1077 2825 1133 2872; x_wconf 87' lang='lat' dir='ltr'><strong>p.</strong></span> <span class='ocrx_word' id='word_1_179' title='bbox 1146 2809 1212 2858; x_wconf 78' lang='lat'><strong>24</strong></span> <span class='ocrx_word' id='word_1_180' title='bbox 1229 2806 1438 2857; x_wconf 86' lang='lat' dir='ltr'><strong>etWel-</strong></span> 
     </span>
     <span class='ocr_line' id='line_1_35' title="bbox 349 2875 1438 2942; baseline -0.001 -16"><span class='ocrx_word' id='word_1_181' title='bbox 349 2878 507 2927; x_wconf 84' lang='lat' dir='ltr'><strong>cker:</strong></span> <span class='ocrx_word' id='word_1_182' title='bbox 539 2877 734 2926; x_wconf 87' lang='lat' dir='ltr'><strong>Kleine</strong></span> <span class='ocrx_word' id='word_1_183' title='bbox 764 2876 985 2927; x_wconf 87' lang='lat' dir='ltr'><strong>Schrift.</strong></span> <span class='ocrx_word' id='word_1_184' title='bbox 1015 2877 1092 2930; x_wconf 90' lang='lat'><strong>11.</strong></span> <span class='ocrx_word' id='word_1_185' title='bbox 1113 2894 1168 2942; x_wconf 89' lang='lat' dir='ltr'><strong>p.</strong></span> <span class='ocrx_word' id='word_1_186' title='bbox 1194 2875 1298 2928; x_wconf 76' lang='lat'><strong>260</strong></span> <span class='ocrx_word' id='word_1_187' title='bbox 1322 2891 1438 2941; x_wconf 89' lang='lat' dir='ltr'><strong>seq.</strong></span> 
     </span>
    </p>

    <p class='ocr_par' dir='ltr' id='par_1_6' title="bbox 340 2938 1439 4467">
     <span class='ocr_line' id='line_1_36' title="bbox 421 2938 1438 3003; baseline 0 -9"><span class='ocrx_word' id='word_1_188' title='bbox 421 2938 738 3003; x_wconf 78' lang='grc' dir='ltr'><strong><em>σύνδουλος</em></strong></span> <span class='ocrx_word' id='word_1_189' title='bbox 784 2939 846 2995; x_wconf 75' lang='grc' dir='ltr'><strong>δὲ</strong></span> <span class='ocrx_word' id='word_1_190' title='bbox 883 2938 1156 2996; x_wconf 75' lang='grc' dir='ltr'><strong><em>Αίσιιίπου</em></strong></span> <span class='ocrx_word' id='word_1_191' title='bbox 1203 2943 1308 2995; x_wconf 78' lang='grc' dir='ltr'><strong>τοῦ</strong></span> <span class='ocrx_word' id='word_1_192' title='bbox 1347 2946 1438 2993; x_wconf 79' lang='grc' dir='ltr'><strong>λο-</strong></span> 
     </span>
     <span class='ocr_line' id='line_1_37' title="bbox 347 3006 1438 3081; baseline -0.001 -17"><span class='ocrx_word' id='word_1_193' title='bbox 347 3012 620 3081; x_wconf 75' lang='grc' dir='ltr'><strong><em>γοποιοῦ]</em></strong></span> <span class='ocrx_word' id='word_1_194' title='bbox 657 3017 742 3066; x_wconf 89' lang='lat' dir='ltr'><strong>De</strong></span> <span class='ocrx_word' id='word_1_195' title='bbox 779 3019 1057 3066; x_wconf 78' lang='lat' dir='ltr'><strong>structura</strong></span> <span class='ocrx_word' id='word_1_196' title='bbox 1103 3016 1256 3066; x_wconf 82' lang='lat' dir='ltr'><strong>vocis</strong></span> <span class='ocrx_word' id='word_1_197' title='bbox 1306 3006 1438 3064; x_wconf 78' lang='grc' dir='ltr'><strong><em>σύν-</em></strong></span> 
     </span>
     <span class='ocr_line' id='line_1_38' title="bbox 347 3082 1435 3150; baseline 0.003 -17"><span class='ocrx_word' id='word_1_198' title='bbox 347 3082 557 3142; x_wconf 73' lang='grc' dir='ltr'><strong><em>δουλος</em></strong></span> <span class='ocrx_word' id='word_1_199' title='bbox 595 3098 716 3135; x_wconf 89' lang='lat' dir='ltr'><strong>cum</strong></span> <span class='ocrx_word' id='word_1_200' title='bbox 741 3087 985 3150; x_wconf 84' lang='lat' dir='ltr'><strong>genitivo</strong></span> <span class='ocrx_word' id='word_1_201' title='bbox 1008 3087 1218 3136; x_wconf 87' lang='lat' dir='ltr'><strong>monuit</strong></span> <span class='ocrx_word' id='word_1_202' title='bbox 1236 3084 1435 3136; x_wconf 82' lang='lat' dir='ltr'><strong>Matth.</strong></span> 
     </span>
     <span class='ocr_line' id='line_1_39' title="bbox 347 3155 1439 3222; baseline -0.002 -16"><span class='ocrx_word' id='word_1_203' title='bbox 347 3155 442 3206; x_wconf 85' lang='lat' dir='ltr'><strong>Gr.</strong></span> <span class='ocrx_word' id='word_1_204' title='bbox 469 3155 562 3206; x_wconf 85' lang='lat' dir='ltr'><strong>Gr.</strong></span> <span class='ocrx_word' id='word_1_205' title='bbox 588 3170 717 3220; x_wconf 84' lang='lat' dir='ltr'><strong>pag.</strong></span> <span class='ocrx_word' id='word_1_206' title='bbox 757 3155 860 3207; x_wconf 72' lang='lat'><strong>740</strong></span> <span class='ocrx_word' id='word_1_207' title='bbox 893 3170 1040 3220; x_wconf 59' lang='lat' dir='ltr'><strong>seq„</strong></span> <span class='ocrx_word' id='word_1_208' title='bbox 1076 3171 1309 3222; x_wconf 85' lang='lat' dir='ltr'><strong>namque</strong></span> <span class='ocrx_word' id='word_1_209' title='bbox 1339 3171 1439 3205; x_wconf 84' lang='lat' dir='ltr'><strong>una</strong></span> 
     </span>
     <span class='ocr_line' id='line_1_40' title="bbox 346 3222 1437 3286; baseline 0.001 -13"><span class='ocrx_word' id='word_1_210' title='bbox 346 3239 452 3273; x_wconf 74' lang='lat' dir='ltr'><strong>cum</strong></span> <span class='ocrx_word' id='word_1_211' title='bbox 489 3224 696 3286; x_wconf 81' lang='lat' dir='ltr'><strong>Aesopo</strong></span> <span class='ocrx_word' id='word_1_212' title='bbox 724 3222 876 3274; x_wconf 90' lang='lat' dir='ltr'><strong>illam</strong></span> <span class='ocrx_word' id='word_1_213' title='bbox 911 3225 1187 3275; x_wconf 81' lang='lat' dir='ltr'><strong>ladmonis</strong></span> <span class='ocrx_word' id='word_1_214' title='bbox 1225 3240 1437 3276; x_wconf 79' lang='lat' dir='ltr'><strong>servam</strong></span> 
     </span>
     <span class='ocr_line' id='line_1_41' title="bbox 345 3293 1438 3359; baseline 0 -17"><span class='ocrx_word' id='word_1_215' title='bbox 345 3294 518 3343; x_wconf 82' lang='lat' dir='ltr'><strong>fuisse</strong></span> <span class='ocrx_word' id='word_1_216' title='bbox 581 3294 781 3344; x_wconf 82' lang='lat' dir='ltr'><strong>Noster</strong></span> <span class='ocrx_word' id='word_1_217' title='bbox 842 3293 1103 3344; x_wconf 85' lang='lat' dir='ltr'><strong>declarat.</strong></span> <span class='ocrx_word' id='word_1_218' title='bbox 1163 3325 1233 3334; x_wconf 90' lang='lat'><strong>—-</strong></span> <span class='ocrx_word' id='word_1_219' title='bbox 1277 3293 1438 3359; x_wconf 77' lang='grc' dir='ltr'><strong><em>λογο-</em></strong></span> 
     </span>
     <span class='ocr_line' id='line_1_42' title="bbox 344 3355 1441 3429; baseline 0.003 -18"><span class='ocrx_word' id='word_1_220' title='bbox 344 3355 520 3411; x_wconf 78' lang='grc' dir='ltr'><strong><em>ποιὸν</em></strong></span> <span class='ocrx_word' id='word_1_221' title='bbox 580 3377 701 3429; x_wconf 65' lang='lat' dir='ltr'><strong>eqm</strong></span> <span class='ocrx_word' id='word_1_222' title='bbox 747 3361 1060 3413; x_wconf 86' lang='lat' dir='ltr'><strong>Herodotus</strong></span> <span class='ocrx_word' id='word_1_223' title='bbox 1105 3369 1298 3426; x_wconf 82' lang='lat' dir='ltr'><strong>vocat,</strong></span> <span class='ocrx_word' id='word_1_224' title='bbox 1355 3367 1441 3429; x_wconf 79' lang='lat' dir='ltr'><strong>qui</strong></span> 
     </span>
     <span class='ocr_line' id='line_1_43' title="bbox 346 3431 1436 3495; baseline 0.003 -16"><span class='ocrx_word' id='word_1_225' title='bbox 346 3431 589 3495; x_wconf 76' lang='lat' dir='ltr'><strong>quidquid</strong></span> <span class='ocrx_word' id='word_1_226' title='bbox 621 3438 863 3492; x_wconf 78' lang='lat' dir='ltr'><strong>enarrat,</strong></span> <span class='ocrx_word' id='word_1_227' title='bbox 909 3433 1104 3493; x_wconf 79' lang='lat' dir='ltr'><strong>refert,</strong></span> <span class='ocrx_word' id='word_1_228' title='bbox 1160 3449 1323 3482; x_wconf 87' lang='lat' dir='ltr'><strong>sensu</strong></span> <span class='ocrx_word' id='word_1_229' title='bbox 1360 3432 1436 3482; x_wconf 87' lang='lat' dir='ltr'><strong>la-</strong></span> 
     </span>
     <span class='ocr_line' id='line_1_44' title="bbox 347 3466 1435 3564; baseline 0.002 -15"><span class='ocrx_word' id='word_1_230' title='bbox 347 3500 502 3557; x_wconf 85' lang='lat' dir='ltr'><strong>tiori;</strong></span> <span class='ocrx_word' id='word_1_231' title='bbox 564 3498 708 3549; x_wconf 89' lang='lat' dir='ltr'><strong>unde</strong></span> <span class='ocrx_word' id='word_1_232' title='bbox 753 3503 808 3547; x_wconf 92' lang='lat' dir='ltr'><strong>et</strong></span> <span class='ocrx_word' id='word_1_233' title='bbox 850 3466 1175 3550; x_wconf 72' lang='lat' dir='ltr'><strong>historiarum</strong></span> <span class='ocrx_word' id='word_1_234' title='bbox 1219 3505 1435 3564; x_wconf 75' lang='lat' dir='ltr'><strong>scripto-</strong></span> 
     </span>
     <span class='ocr_line' id='line_1_45' title="bbox 347 3568 1432 3630; baseline 0.002 -14"><span class='ocrx_word' id='word_1_235' title='bbox 347 3585 451 3618; x_wconf 87' lang='lat' dir='ltr'><strong>rem</strong></span> <span class='ocrx_word' id='word_1_236' title='bbox 503 3573 558 3617; x_wconf 89' lang='lat' dir='ltr'><strong>et</strong></span> <span class='ocrx_word' id='word_1_237' title='bbox 610 3568 901 3630; x_wconf 79' lang='lat' dir='ltr'><strong>fabularum</strong></span> <span class='ocrx_word' id='word_1_238' title='bbox 956 3579 1279 3620; x_wconf 75' lang='lat' dir='ltr'><strong>narratorem</strong></span> <span class='ocrx_word' id='word_1_239' title='bbox 1324 3585 1432 3619; x_wconf 79' lang='lat' dir='ltr'><strong>vox</strong></span> 
     </span>
     <span class='ocr_line' id='line_1_46' title="bbox 347 3636 1434 3700; baseline 0 -14"><span class='ocrx_word' id='word_1_240' title='bbox 347 3637 573 3687; x_wconf 89' lang='lat' dir='ltr'><strong>indicat.</strong></span> <span class='ocrx_word' id='word_1_241' title='bbox 645 3636 805 3687; x_wconf 85' lang='lat' dir='ltr'><strong>Conf.</strong></span> <span class='ocrx_word' id='word_1_242' title='bbox 857 3636 1104 3700; x_wconf 82' lang='lat'><strong>11‚143.</strong></span> <span class='ocrx_word' id='word_1_243' title='bbox 1155 3641 1222 3699; x_wconf 86' lang='lat' dir='ltr'><strong>V,</strong></span> <span class='ocrx_word' id='word_1_244' title='bbox 1273 3638 1341 3689; x_wconf 83' lang='lat'><strong>36</strong></span> <span class='ocrx_word' id='word_1_245' title='bbox 1378 3643 1434 3687; x_wconf 92' lang='lat' dir='ltr'><strong>et</strong></span> 
     </span>
     <span class='ocr_line' id='line_1_47' title="bbox 348 3706 1434 3758; baseline -0.002 -1"><span class='ocrx_word' id='word_1_246' title='bbox 348 3706 630 3758; x_wconf 82' lang='lat' dir='ltr'><strong>Creuzer.=</strong></span> <span class='ocrx_word' id='word_1_247' title='bbox 693 3706 800 3755; x_wconf 91' lang='lat' dir='ltr'><strong>Die</strong></span> <span class='ocrx_word' id='word_1_248' title='bbox 860 3706 1053 3758; x_wconf 86' lang='lat' dir='ltr'><strong>histor.</strong></span> <span class='ocrx_word' id='word_1_249' title='bbox 1110 3709 1292 3758; x_wconf 84' lang='lat' dir='ltr'><strong>Kunst</strong></span> <span class='ocrx_word' id='word_1_250' title='bbox 1339 3707 1434 3756; x_wconf 85' lang='lat' dir='ltr'><strong>der</strong></span> 
     </span>
     <span class='ocr_line' id='line_1_48' title="bbox 348 3776 1434 3842; baseline -0.002 -15"><span class='ocrx_word' id='word_1_251' title='bbox 348 3776 563 3827; x_wconf 86' lang='lat' dir='ltr'><strong>Grieeh.</strong></span> <span class='ocrx_word' id='word_1_252' title='bbox 587 3791 714 3840; x_wconf 82' lang='lat' dir='ltr'><strong>pag.</strong></span> <span class='ocrx_word' id='word_1_253' title='bbox 747 3776 908 3826; x_wconf 88' lang='lat' dir='ltr'><strong>177s.</strong></span> <span class='ocrx_word' id='word_1_254' title='bbox 941 3792 1067 3842; x_wconf 81' lang='lat' dir='ltr'><strong>pag.</strong></span> <span class='ocrx_word' id='word_1_255' title='bbox 1097 3776 1304 3830; x_wconf 76' lang='lat' dir='ltr'><strong>1390d.</strong></span> <span class='ocrx_word' id='word_1_256' title='bbox 1325 3791 1434 3826; x_wconf 88' lang='lat' dir='ltr'><strong>sec.</strong></span> 
     </span>
     <span class='ocr_line' id='line_1_49' title="bbox 346 3838 1436 3912; baseline -0.001 -16"><span class='ocrx_word' id='word_1_257' title='bbox 346 3846 455 3896; x_wconf 85' lang='lat' dir='ltr'><strong>Sed</strong></span> <span class='ocrx_word' id='word_1_258' title='bbox 478 3851 627 3896; x_wconf 89' lang='lat' dir='ltr'><strong>recte</strong></span> <span class='ocrx_word' id='word_1_259' title='bbox 657 3847 858 3908; x_wconf 87' lang='lat' dir='ltr'><strong>facere,</strong></span> <span class='ocrx_word' id='word_1_260' title='bbox 896 3847 990 3912; x_wconf 88' lang='lat' dir='ltr'><strong>qui</strong></span> <span class='ocrx_word' id='word_1_261' title='bbox 1008 3838 1321 3911; x_wconf 75' lang='grc' dir='ltr'><strong><em>λογοποιὸν</em></strong></span> <span class='ocrx_word' id='word_1_262' title='bbox 1349 3861 1436 3895; x_wconf 88' lang='lat' dir='ltr'><strong>ac-</strong></span> 
     </span>
     <span class='ocr_line' id='line_1_50' title="bbox 345 3915 1438 3980; baseline 0.001 -17"><span class='ocrx_word' id='word_1_263' title='bbox 345 3915 556 3979; x_wconf 87' lang='lat' dir='ltr'><strong>cipiant</strong></span> <span class='ocrx_word' id='word_1_264' title='bbox 585 3916 879 3978; x_wconf 78' lang='lat' dir='ltr'><strong>fabularum</strong></span> <span class='ocrx_word' id='word_1_265' title='bbox 905 3917 1229 3978; x_wconf 71' lang='lat' dir='ltr'><strong>scriptorem,</strong></span> <span class='ocrx_word' id='word_1_266' title='bbox 1269 3920 1438 3980; x_wconf 84' lang='lat' dir='ltr'><strong>negat</strong></span> 
     </span>
     <span class='ocr_line' id='line_1_51' title="bbox 347 3983 1435 4050; baseline 0.002 -17"><span class='ocrx_word' id='word_1_267' title='bbox 347 3985 596 4035; x_wconf 85' lang='lat' dir='ltr'><strong>Grauert.</strong></span> <span class='ocrx_word' id='word_1_268' title='bbox 638 3983 761 4035; x_wconf 91' lang='lat' dir='ltr'><strong>loco</strong></span> <span class='ocrx_word' id='word_1_269' title='bbox 801 3985 840 4035; x_wconf 95' lang='lat' dir='ltr'><strong>l.</strong></span> <span class='ocrx_word' id='word_1_270' title='bbox 883 4000 1012 4050; x_wconf 81' lang='lat' dir='ltr'><strong>pag.</strong></span> <span class='ocrx_word' id='word_1_271' title='bbox 1050 3986 1138 4047; x_wconf 75' lang='lat'><strong>41,</strong></span> <span class='ocrx_word' id='word_1_272' title='bbox 1175 3999 1297 4034; x_wconf 89' lang='lat' dir='ltr'><strong>cum</strong></span> <span class='ocrx_word' id='word_1_273' title='bbox 1333 3985 1435 4035; x_wconf 87' lang='lat' dir='ltr'><strong>hac</strong></span> 
     </span>
     <span class='ocr_line' id='line_1_52' title="bbox 346 4054 1433 4118; baseline -0.001 -15"><span class='ocrx_word' id='word_1_274' title='bbox 346 4068 481 4103; x_wconf 83' lang='lat' dir='ltr'><strong>voce</strong></span> <span class='ocrx_word' id='word_1_275' title='bbox 517 4057 591 4117; x_wconf 77' lang='lat' dir='ltr'><strong>is,</strong></span> <span class='ocrx_word' id='word_1_276' title='bbox 640 4057 726 4118; x_wconf 81' lang='lat' dir='ltr'><strong>qui</strong></span> <span class='ocrx_word' id='word_1_277' title='bbox 755 4054 977 4116; x_wconf 75' lang='lat' dir='ltr'><strong>‘fabulas</strong></span> <span class='ocrx_word' id='word_1_278' title='bbox 1025 4056 1433 4116; x_wconf 73' lang='lat' dir='ltr'><strong>conminiscatur,</strong></span> 
     </span>
     <span class='ocr_line' id='line_1_53' title="bbox 345 4121 1435 4188; baseline 0.004 -18"><span class='ocrx_word' id='word_1_279' title='bbox 345 4121 701 4187; x_wconf 82' lang='lat' dir='ltr'><strong>significetur,</strong></span> <span class='ocrx_word' id='word_1_280' title='bbox 736 4138 846 4172; x_wconf 90' lang='lat' dir='ltr'><strong>non</strong></span> <span class='ocrx_word' id='word_1_281' title='bbox 877 4124 1007 4173; x_wconf 88' lang='lat' dir='ltr'><strong>item</strong></span> <span class='ocrx_word' id='word_1_282' title='bbox 1033 4127 1120 4188; x_wconf 81' lang='grc' dir='ltr'><strong>φιί</strong></span> <span class='ocrx_word' id='word_1_283' title='bbox 1140 4125 1435 4185; x_wconf 47' lang='lat' dir='ltr'><strong>scripserim</strong></span> 
     </span>
     <span class='ocr_line' id='line_1_54' title="bbox 343 4190 1434 4255; baseline 0.002 -15"><span class='ocrx_word' id='word_1_284' title='bbox 343 4196 405 4240; x_wconf 89' lang='lat' dir='ltr'><strong>ut</strong></span> <span class='ocrx_word' id='word_1_285' title='bbox 440 4191 579 4241; x_wconf 89' lang='lat' dir='ltr'><strong>adeo</strong></span> <span class='ocrx_word' id='word_1_286' title='bbox 614 4190 826 4241; x_wconf 84' lang='lat' dir='ltr'><strong>Plinius</strong></span> <span class='ocrx_word' id='word_1_287' title='bbox 861 4193 934 4242; x_wconf 90' lang='grc' dir='ltr'><strong>Η.</strong></span> <span class='ocrx_word' id='word_1_288' title='bbox 972 4194 1040 4243; x_wconf 83' lang='grc' dir='ltr'><strong>Ν.</strong></span> <span class='ocrx_word' id='word_1_289' title='bbox 1077 4193 1326 4255; x_wconf 83' lang='lat' dir='ltr'>XXXVI,</span> <span class='ocrx_word' id='word_1_290' title='bbox 1369 4193 1434 4243; x_wconf 85' lang='lat'><strong>12</strong></span> 
     </span>
     <span class='ocr_line' id='line_1_55' title="bbox 346 4261 1435 4326; baseline 0 -15"><span class='ocrx_word' id='word_1_291' title='bbox 346 4264 603 4311; x_wconf 86' lang='lat' dir='ltr'><strong>accurate</strong></span> <span class='ocrx_word' id='word_1_292' title='bbox 647 4266 702 4310; x_wconf 88' lang='lat' dir='ltr'><strong>et</strong></span> <span class='ocrx_word' id='word_1_293' title='bbox 745 4261 995 4312; x_wconf 87' lang='lat' dir='ltr'><strong>consulto</strong></span> <span class='ocrx_word' id='word_1_294' title='bbox 1030 4263 1302 4326; x_wconf 83' lang='lat' dir='ltr'><strong>Aesopum</strong></span> <span class='ocrx_word' id='word_1_295' title='bbox 1339 4277 1435 4326; x_wconf 92' lang='lat' dir='ltr'><strong>ap-</strong></span> 
     </span>
     <span class='ocr_line' id='line_1_56' title="bbox 341 4329 1433 4394; baseline 0.003 -16"><span class='ocrx_word' id='word_1_296' title='bbox 341 4329 562 4394; x_wconf 88' lang='lat' dir='ltr'><strong>pellarit</strong></span> <span class='ocrx_word' id='word_1_297' title='bbox 591 4331 882 4393; x_wconf 73' lang='lat' dir='ltr'><strong>sabulonem</strong></span> <span class='ocrx_word' id='word_1_298' title='bbox 912 4331 1276 4394; x_wconf 70' lang='lat' dir='ltr'><strong>philosophum,</strong></span> <span class='ocrx_word' id='word_1_299' title='bbox 1324 4346 1433 4382; x_wconf 88' lang='lat' dir='ltr'><strong>non</strong></span> 
     </span>
     <span class='ocr_line' id='line_1_57' title="bbox 340 4399 1432 4467; baseline 0 -17"><span class='ocrx_word' id='word_1_300' title='bbox 340 4402 651 4463; x_wconf 76' lang='lat' dir='ltr'><strong>scriptorem.</strong></span> <span class='ocrx_word' id='word_1_301' title='bbox 680 4399 832 4451; x_wconf 87' lang='lat' dir='ltr'><strong>Alias</strong></span> <span class='ocrx_word' id='word_1_302' title='bbox 847 4399 1279 4467; x_wconf 81' lang='lat' dir='ltr'><strong>significationes</strong></span> <span class='ocrx_word' id='word_1_303' title='bbox 1292 4401 1432 4451; x_wconf 87' lang='lat' dir='ltr'><strong>eius·</strong></span> 
     </span>
    </p>
   </div>
   <div class='ocr_carea' id='block_1_5' title="bbox 1533 790 2631 3703">
    <p class='ocr_par' dir='ltr' id='par_1_7' title="bbox 1533 790 2631 3703">
     <span class='ocr_line' id='line_1_58' title="bbox 1548 790 2631 857; baseline -0.005 -14"><span class='ocrx_word' id='word_1_304' title='bbox 1548 794 1669 843; x_wconf 89' lang='lat' dir='ltr'><strong>dem</strong></span> <span class='ocrx_word' id='word_1_305' title='bbox 1730 793 1984 844; x_wconf 79' lang='lat' dir='ltr'><strong>vocabuli</strong></span> <span class='ocrx_word' id='word_1_306' title='bbox 2051 791 2216 857; x_wconf 80' lang='lat' dir='ltr'><strong>attigi</strong></span> <span class='ocrx_word' id='word_1_307' title='bbox 2275 790 2347 841; x_wconf 88' lang='lat' dir='ltr'><strong>ad</strong></span> <span class='ocrx_word' id='word_1_308' title='bbox 2411 790 2631 841; x_wconf 83' lang='lat' dir='ltr'><strong>Ctesiae</strong></span> 
     </span>
     <span class='ocr_line' id='line_1_59' title="bbox 1547 860 2630 929; baseline -0.002 -18"><span class='ocrx_word' id='word_1_309' title='bbox 1547 862 1797 928; x_wconf 79' lang='lat' dir='ltr'><strong>fragmm.</strong></span> <span class='ocrx_word' id='word_1_310' title='bbox 1828 879 1958 929; x_wconf 84' lang='lat' dir='ltr'><strong>pag.</strong></span> <span class='ocrx_word' id='word_1_311' title='bbox 2003 862 2092 914; x_wconf 83' lang='lat'><strong>83.</strong></span> <span class='ocrx_word' id='word_1_312' title='bbox 2130 892 2201 902; x_wconf 94' lang='lat'>—</span> <span class='ocrx_word' id='word_1_313' title='bbox 2232 862 2318 911; x_wconf 88' lang='lat' dir='ltr'><strong>De</strong></span> <span class='ocrx_word' id='word_1_314' title='bbox 2360 861 2483 926; x_wconf 88' lang='lat' dir='ltr'><strong>ipso</strong></span> <span class='ocrx_word' id='word_1_315' title='bbox 2521 860 2630 909; x_wconf 84' lang='lat' dir='ltr'><strong>Ae-</strong></span> 
     </span>
     <span class='ocr_line' id='line_1_60' title="bbox 1543 928 2629 998; baseline -0.006 -15"><span class='ocrx_word' id='word_1_316' title='bbox 1543 948 1668 997; x_wconf 80' lang='lat' dir='ltr'><strong>sopo</strong></span> <span class='ocrx_word' id='word_1_317' title='bbox 1723 932 2006 998; x_wconf 86' lang='lat' dir='ltr'><strong>disputare</strong></span> <span class='ocrx_word' id='word_1_318' title='bbox 2073 937 2127 982; x_wconf 90' lang='lat' dir='ltr'><strong>et</strong></span> <span class='ocrx_word' id='word_1_319' title='bbox 2177 931 2400 997; x_wconf 80' lang='lat' dir='ltr'><strong>longum</strong></span> <span class='ocrx_word' id='word_1_320' title='bbox 2455 934 2512 981; x_wconf 91' lang='lat' dir='ltr'><strong>et</strong></span> <span class='ocrx_word' id='word_1_321' title='bbox 2558 928 2629 977; x_wconf 87' lang='lat' dir='ltr'><strong>ab</strong></span> 
     </span>
     <span class='ocr_line' id='line_1_61' title="bbox 1545 1000 2627 1067; baseline -0.002 -16"><span class='ocrx_word' id='word_1_322' title='bbox 1545 1002 1649 1052; x_wconf 89' lang='lat' dir='ltr'><strong>hoc</strong></span> <span class='ocrx_word' id='word_1_323' title='bbox 1686 1001 1805 1053; x_wconf 89' lang='lat' dir='ltr'><strong>loco</strong></span> <span class='ocrx_word' id='word_1_324' title='bbox 1843 1003 2101 1064; x_wconf 87' lang='lat' dir='ltr'><strong>alienum;</strong></span> <span class='ocrx_word' id='word_1_325' title='bbox 2134 1008 2261 1067; x_wconf 91' lang='lat' dir='ltr'><strong>post</strong></span> <span class='ocrx_word' id='word_1_326' title='bbox 2296 1000 2627 1059; x_wconf 76' lang='lat' dir='ltr'><strong>Fabricium,</strong></span> 
     </span>
     <span class='ocr_line' id='line_1_62' title="bbox 1546 1072 2631 1138; baseline -0.003 -17"><span class='ocrx_word' id='word_1_327' title='bbox 1546 1073 1640 1138; x_wconf 93' lang='lat' dir='ltr'><strong>qui</strong></span> <span class='ocrx_word' id='word_1_328' title='bbox 1677 1073 1883 1135; x_wconf 87' lang='lat' dir='ltr'><strong>omnia,</strong></span> <span class='ocrx_word' id='word_1_329' title='bbox 1921 1087 2060 1137; x_wconf 88' lang='lat' dir='ltr'><strong>quae</strong></span> <span class='ocrx_word' id='word_1_330' title='bbox 2098 1072 2325 1137; x_wconf 88' lang='lat' dir='ltr'><strong>antiquo</strong></span> <span class='ocrx_word' id='word_1_331' title='bbox 2363 1075 2418 1120; x_wconf 91' lang='lat' dir='ltr'><strong>et</strong></span> <span class='ocrx_word' id='word_1_332' title='bbox 2445 1083 2631 1119; x_wconf 84' lang='lat' dir='ltr'><strong>recen·</strong></span> 
     </span>
     <span class='ocr_line' id='line_1_63' title="bbox 1544 1138 2629 1206; baseline -0.004 -15"><span class='ocrx_word' id='word_1_333' title='bbox 1544 1141 1688 1192; x_wconf 86' lang='lat' dir='ltr'><strong>tiore</strong></span> <span class='ocrx_word' id='word_1_334' title='bbox 1721 1147 1965 1206; x_wconf 88' lang='lat' dir='ltr'><strong>tempore</strong></span> <span class='ocrx_word' id='word_1_335' title='bbox 2011 1141 2229 1206; x_wconf 90' lang='lat' dir='ltr'><strong>prolata</strong></span> <span class='ocrx_word' id='word_1_336' title='bbox 2276 1144 2435 1202; x_wconf 81' lang='lat' dir='ltr'><strong>sunt,</strong></span> <span class='ocrx_word' id='word_1_337' title='bbox 2484 1138 2629 1189; x_wconf 81' lang='lat' dir='ltr'><strong>exhi-</strong></span> 
     </span>
     <span class='ocr_line' id='line_1_64' title="bbox 1543 1207 2628 1275; baseline -0.001 -15"><span class='ocrx_word' id='word_1_338' title='bbox 1543 1212 1665 1261; x_wconf 86' lang='lat' dir='ltr'><strong>buit</strong></span> <span class='ocrx_word' id='word_1_339' title='bbox 1710 1212 1771 1260; x_wconf 86' lang='lat' dir='ltr'><strong>in</strong></span> <span class='ocrx_word' id='word_1_340' title='bbox 1806 1212 1951 1261; x_wconf 88' lang='lat' dir='ltr'><strong>Bibl.</strong></span> <span class='ocrx_word' id='word_1_341' title='bbox 1996 1215 2191 1262; x_wconf 79' lang='lat' dir='ltr'><strong>Graec.</strong></span> <span class='ocrx_word' id='word_1_342' title='bbox 2240 1210 2286 1260; x_wconf 95' lang='lat'><strong>1.</strong></span> <span class='ocrx_word' id='word_1_343' title='bbox 2334 1225 2460 1275; x_wconf 82' lang='lat' dir='ltr'><strong>pag.</strong></span> <span class='ocrx_word' id='word_1_344' title='bbox 2505 1207 2628 1270; x_wconf 84' lang='lat'><strong>618,</strong></span> 
     </span>
     <span class='ocr_line' id='line_1_65' title="bbox 1542 1277 2630 1345; baseline -0.005 -15"><span class='ocrx_word' id='word_1_345' title='bbox 1542 1282 1737 1345; x_wconf 90' lang='lat' dir='ltr'><strong>quibus</strong></span> <span class='ocrx_word' id='word_1_346' title='bbox 1786 1296 1932 1331; x_wconf 87' lang='lat' dir='ltr'><strong>nunc</strong></span> <span class='ocrx_word' id='word_1_347' title='bbox 1984 1281 2198 1330; x_wconf 86' lang='lat' dir='ltr'><strong>accedit</strong></span> <span class='ocrx_word' id='word_1_348' title='bbox 2248 1280 2380 1330; x_wconf 87' lang='lat' dir='ltr'><strong>Vita</strong></span> <span class='ocrx_word' id='word_1_349' title='bbox 2428 1277 2630 1342; x_wconf 81' lang='lat' dir='ltr'><strong>Aesopi</strong></span> 
     </span>
     <span class='ocr_line' id='line_1_66' title="bbox 1542 1349 2629 1412; baseline -0.002 -14"><span class='ocrx_word' id='word_1_350' title='bbox 1542 1350 1612 1399; x_wconf 84' lang='lat' dir='ltr'><strong>ab</strong></span> <span class='ocrx_word' id='word_1_351' title='bbox 1674 1351 1876 1404; x_wconf 87' lang='lat' dir='ltr'><strong>Anton.</strong></span> <span class='ocrx_word' id='word_1_352' title='bbox 1934 1350 2347 1400; x_wconf 89' lang='lat' dir='ltr'><strong>Westermanno</strong></span> <span class='ocrx_word' id='word_1_353' title='bbox 2399 1349 2629 1412; x_wconf 90' lang='lat' dir='ltr'><strong>primum</strong></span> 
     </span>
     <span class='ocr_line' id='line_1_67' title="bbox 1541 1416 2630 1485; baseline -0.005 -15"><span class='ocrx_word' id='word_1_354' title='bbox 1541 1419 1693 1470; x_wconf 88' lang='lat' dir='ltr'><strong>edita</strong></span> <span class='ocrx_word' id='word_1_355' title='bbox 1723 1420 2016 1485; x_wconf 84' lang='lat' dir='ltr'><strong>Brunsvig.</strong></span> <span class='ocrx_word' id='word_1_356' title='bbox 2042 1420 2193 1482; x_wconf 81' lang='lat'><strong>1845,</strong></span> <span class='ocrx_word' id='word_1_357' title='bbox 2232 1419 2491 1469; x_wconf 77' lang='lat' dir='ltr'><strong>disseruit</strong></span> <span class='ocrx_word' id='word_1_358' title='bbox 2513 1416 2630 1481; x_wconf 90' lang='lat' dir='ltr'><strong>plu-</strong></span> 
     </span>
     <span class='ocr_line' id='line_1_68' title="bbox 1539 1489 2630 1555; baseline -0.004 -17"><span class='ocrx_word' id='word_1_359' title='bbox 1539 1490 1720 1552; x_wconf 87' lang='lat' dir='ltr'><strong>ribus,</strong></span> <span class='ocrx_word' id='word_1_360' title='bbox 1768 1505 1908 1555; x_wconf 87' lang='lat' dir='ltr'><strong>quae</strong></span> <span class='ocrx_word' id='word_1_361' title='bbox 1942 1489 2014 1539; x_wconf 87' lang='lat' dir='ltr'><strong>ad</strong></span> <span class='ocrx_word' id='word_1_362' title='bbox 2050 1491 2323 1554; x_wconf 81' lang='lat' dir='ltr'><strong>Aesopum</strong></span> <span class='ocrx_word' id='word_1_363' title='bbox 2359 1491 2630 1552; x_wconf 86' lang='lat' dir='ltr'><strong>spectant,</strong></span> 
     </span>
     <span class='ocr_line' id='line_1_69' title="bbox 1541 1556 2629 1617; baseline -0.006 -8"><span class='ocrx_word' id='word_1_364' title='bbox 1541 1558 1795 1609; x_wconf 86' lang='lat' dir='ltr'><strong>Grauert.</strong></span> <span class='ocrx_word' id='word_1_365' title='bbox 1842 1559 1901 1608; x_wconf 90' lang='lat' dir='ltr'><strong>in</strong></span> <span class='ocrx_word' id='word_1_366' title='bbox 1950 1559 2337 1610; x_wconf 72' lang='lat' dir='ltr'><strong>dissertatione</strong></span> <span class='ocrx_word' id='word_1_367' title='bbox 2386 1556 2629 1617; x_wconf 79' lang='lat' dir='ltr'><strong>laudata,</strong></span> 
     </span>
     <span class='ocr_line' id='line_1_70' title="bbox 1544 1628 2631 1693; baseline -0.002 -16"><span class='ocrx_word' id='word_1_368' title='bbox 1544 1643 1612 1678; x_wconf 89' lang='lat' dir='ltr'><strong>ac</strong></span> <span class='ocrx_word' id='word_1_369' title='bbox 1647 1629 1927 1693; x_wconf 77' lang='lat' dir='ltr'><strong>sigillatim</strong></span> <span class='ocrx_word' id='word_1_370' title='bbox 1966 1628 2033 1678; x_wconf 90' lang='lat' dir='ltr'><strong>de</strong></span> <span class='ocrx_word' id='word_1_371' title='bbox 2067 1631 2181 1679; x_wconf 86' lang='lat' dir='ltr'><strong>eius</strong></span> <span class='ocrx_word' id='word_1_372' title='bbox 2220 1629 2428 1692; x_wconf 83' lang='lat' dir='ltr'><strong>patria,</strong></span> <span class='ocrx_word' id='word_1_373' title='bbox 2468 1641 2631 1690; x_wconf 85' lang='lat' dir='ltr'><strong>quam</strong></span> 
     </span>
     <span class='ocr_line' id='line_1_71' title="bbox 1541 1695 2630 1763; baseline -0.004 -17"><span class='ocrx_word' id='word_1_374' title='bbox 1541 1697 1856 1748; x_wconf 87' lang='lat' dir='ltr'><strong>Herodotus</strong></span> <span class='ocrx_word' id='word_1_375' title='bbox 1890 1704 2066 1761; x_wconf 83' lang='lat' dir='ltr'><strong>tacet,</strong></span> <span class='ocrx_word' id='word_1_376' title='bbox 2104 1713 2230 1763; x_wconf 85' lang='lat' dir='ltr'><strong>pag.</strong></span> <span class='ocrx_word' id='word_1_377' title='bbox 2256 1701 2326 1749; x_wconf 79' lang='lat'><strong>64</strong></span> <span class='ocrx_word' id='word_1_378' title='bbox 2351 1712 2523 1762; x_wconf 88' lang='lat' dir='ltr'><strong>seqq.,</strong></span> <span class='ocrx_word' id='word_1_379' title='bbox 2563 1695 2630 1743; x_wconf 89' lang='lat' dir='ltr'><strong>de</strong></span> 
     </span>
     <span class='ocr_line' id='line_1_72' title="bbox 1543 1765 2627 1832; baseline -0.002 -16"><span class='ocrx_word' id='word_1_380' title='bbox 1543 1773 1811 1832; x_wconf 89' lang='lat' dir='ltr'><strong>tempore,</strong></span> <span class='ocrx_word' id='word_1_381' title='bbox 1850 1782 1956 1832; x_wconf 88' lang='lat' dir='ltr'><strong>quo</strong></span> <span class='ocrx_word' id='word_1_382' title='bbox 1984 1767 2229 1817; x_wconf 89' lang='lat' dir='ltr'><strong>floruerit</strong></span> <span class='ocrx_word' id='word_1_383' title='bbox 2249 1782 2377 1831; x_wconf 78' lang='lat' dir='ltr'><strong>pag.</strong></span> <span class='ocrx_word' id='word_1_384' title='bbox 2402 1765 2627 1825; x_wconf 82' lang='lat'><strong>31—34,</strong></span> 
     </span>
     <span class='ocr_line' id='line_1_73' title="bbox 1542 1834 2629 1902; baseline -0.003 -17"><span class='ocrx_word' id='word_1_385' title='bbox 1542 1836 1688 1885; x_wconf 86' lang='lat' dir='ltr'><strong>circa</strong></span> <span class='ocrx_word' id='word_1_386' title='bbox 1734 1836 2241 1902; x_wconf 82' lang='lat' dir='ltr'><strong>quinquagesimam</strong></span> <span class='ocrx_word' id='word_1_387' title='bbox 2289 1836 2402 1885; x_wconf 81' lang='lat' dir='ltr'><strong>fere</strong></span> <span class='ocrx_word' id='word_1_388' title='bbox 2446 1834 2629 1898; x_wconf 83' lang='lat' dir='ltr'><strong>Olym-</strong></span> 
     </span>
     <span class='ocr_line' id='line_1_74' title="bbox 1539 1905 2629 1969; baseline -0.004 -15"><span class='ocrx_word' id='word_1_389' title='bbox 1539 1905 1788 1969; x_wconf 84' lang='lat' dir='ltr'><strong>piadem;</strong></span> <span class='ocrx_word' id='word_1_390' title='bbox 1827 1906 1972 1955; x_wconf 91' lang='lat' dir='ltr'><strong>unde</strong></span> <span class='ocrx_word' id='word_1_391' title='bbox 1998 1911 2270 1957; x_wconf 89' lang='lat' dir='ltr'><strong>mortuum</strong></span> <span class='ocrx_word' id='word_1_392' title='bbox 2307 1919 2428 1955; x_wconf 85' lang='lat' dir='ltr'><strong>esse</strong></span> <span class='ocrx_word' id='word_1_393' title='bbox 2462 1906 2629 1952; x_wconf 84' lang='lat' dir='ltr'><strong>Aeso-</strong></span> 
     </span>
     <span class='ocr_line' id='line_1_75' title="bbox 1538 1974 2629 2041; baseline -0.004 -17"><span class='ocrx_word' id='word_1_394' title='bbox 1538 1991 1667 2039; x_wconf 91' lang='lat' dir='ltr'><strong>pum</strong></span> <span class='ocrx_word' id='word_1_395' title='bbox 1678 1974 1999 2040; x_wconf 84' lang='lat' dir='ltr'><strong>Olympiade</strong></span> <span class='ocrx_word' id='word_1_396' title='bbox 2013 1974 2462 2041; x_wconf 87' lang='lat' dir='ltr'><strong>quinquagesima</strong></span> <span class='ocrx_word' id='word_1_397' title='bbox 2475 1987 2629 2037; x_wconf 84' lang='lat' dir='ltr'><strong>quar-</strong></span> 
     </span>
     <span class='ocr_line' id='line_1_76' title="bbox 1540 2042 2626 2096; baseline -0.003 -3"><span class='ocrx_word' id='word_1_398' title='bbox 1540 2051 1601 2093; x_wconf 85' lang='lat' dir='ltr'><strong>ta</strong></span> <span class='ocrx_word' id='word_1_399' title='bbox 1636 2044 1731 2094; x_wconf 82' lang='lat' dir='ltr'><strong>alii</strong></span> <span class='ocrx_word' id='word_1_400' title='bbox 1777 2044 1921 2093; x_wconf 85' lang='lat' dir='ltr'><strong>haud</strong></span> <span class='ocrx_word' id='word_1_401' title='bbox 1977 2045 2117 2095; x_wconf 82' lang='lat' dir='ltr'><strong>male</strong></span> <span class='ocrx_word' id='word_1_402' title='bbox 2152 2052 2392 2096; x_wconf 85' lang='lat' dir='ltr'><strong>statuere</strong></span> <span class='ocrx_word' id='word_1_403' title='bbox 2440 2042 2626 2091; x_wconf 81' lang='lat' dir='ltr'><strong>videu-</strong></span> 
     </span>
     <span class='ocr_line' id='line_1_77' title="bbox 1537 2112 2625 2178; baseline -0.002 -15"><span class='ocrx_word' id='word_1_404' title='bbox 1537 2121 1646 2164; x_wconf 91' lang='lat' dir='ltr'><strong>tur.</strong></span> <span class='ocrx_word' id='word_1_405' title='bbox 1720 2114 1804 2164; x_wconf 88' lang='lat' dir='ltr'><strong>Tu</strong></span> <span class='ocrx_word' id='word_1_406' title='bbox 1848 2113 1956 2164; x_wconf 87' lang='lat' dir='ltr'><strong>vid.</strong></span> <span class='ocrx_word' id='word_1_407' title='bbox 2004 2115 2346 2178; x_wconf 88' lang='lat' dir='ltr'><strong>potissimum</strong></span> <span class='ocrx_word' id='word_1_408' title='bbox 2381 2112 2625 2164; x_wconf 83' lang='lat' dir='ltr'><strong>Schultz.</strong></span> 
     </span>
     <span class='ocr_line' id='line_1_78' title="bbox 1537 2182 2629 2249; baseline -0.002 -17"><span class='ocrx_word' id='word_1_409' title='bbox 1537 2183 1576 2234; x_wconf 94' lang='lat' dir='ltr'><strong>l.</strong></span> <span class='ocrx_word' id='word_1_410' title='bbox 1612 2183 1650 2232; x_wconf 94' lang='lat' dir='ltr'><strong>l.</strong></span> <span class='ocrx_word' id='word_1_411' title='bbox 1686 2199 1816 2248; x_wconf 84' lang='lat' dir='ltr'><strong>pag.</strong></span> <span class='ocrx_word' id='word_1_412' title='bbox 1845 2182 1913 2233; x_wconf 88' lang='grc'><strong>38</strong></span> <span class='ocrx_word' id='word_1_413' title='bbox 1946 2183 2065 2234; x_wconf 84' lang='lat' dir='ltr'><strong>coll.</strong></span> <span class='ocrx_word' id='word_1_414' title='bbox 2090 2186 2176 2246; x_wconf 87' lang='grc'><strong>24,</strong></span> <span class='ocrx_word' id='word_1_415' title='bbox 2213 2184 2333 2249; x_wconf 91' lang='lat' dir='ltr'><strong>qui,</strong></span> <span class='ocrx_word' id='word_1_416' title='bbox 2378 2198 2501 2233; x_wconf 89' lang='lat' dir='ltr'><strong>cum</strong></span> <span class='ocrx_word' id='word_1_417' title='bbox 2525 2182 2629 2232; x_wconf 92' lang='lat' dir='ltr'><strong>Ae-</strong></span> 
     </span>
     <span class='ocr_line' id='line_1_79' title="bbox 1538 2252 2628 2320; baseline -0.003 -18"><span class='ocrx_word' id='word_1_418' title='bbox 1538 2268 1703 2318; x_wconf 90' lang='lat' dir='ltr'><strong>sopus</strong></span> <span class='ocrx_word' id='word_1_419' title='bbox 1749 2257 1889 2311; x_wconf 53' lang='lat' dir='ltr'><strong>⁴aute</strong></span> <span class='ocrx_word' id='word_1_420' title='bbox 1940 2253 2321 2319; x_wconf 77' lang='lat' dir='ltr'><strong>Olympiadem</strong></span> <span class='ocrx_word' id='word_1_421' title='bbox 2365 2252 2628 2320; x_wconf 85' lang='lat' dir='ltr'><strong>quinqua-</strong></span> 
     </span>
     <span class='ocr_line' id='line_1_80' title="bbox 1537 2322 2627 2387; baseline -0.003 -15"><span class='ocrx_word' id='word_1_422' title='bbox 1537 2324 1801 2387; x_wconf 84' lang='lat' dir='ltr'><strong>gesimam</strong></span> <span class='ocrx_word' id='word_1_423' title='bbox 1851 2324 2145 2373; x_wconf 89' lang='lat' dir='ltr'><strong>secundam</strong></span> <span class='ocrx_word' id='word_1_424' title='bbox 2181 2324 2333 2374; x_wconf 84' lang='lat' dir='ltr'><strong>Sami</strong></span> <span class='ocrx_word' id='word_1_425' title='bbox 2368 2324 2534 2373; x_wconf 86' lang='lat' dir='ltr'><strong>fuerit</strong></span> <span class='ocrx_word' id='word_1_426' title='bbox 2568 2322 2627 2370; x_wconf 86' lang='lat' dir='ltr'><strong>in</strong></span> 
     </span>
     <span class='ocr_line' id='line_1_81' title="bbox 1537 2393 2628 2457; baseline -0.002 -16"><span class='ocrx_word' id='word_1_427' title='bbox 1537 2393 1827 2455; x_wconf 85' lang='lat' dir='ltr'><strong>servitute,</strong></span> <span class='ocrx_word' id='word_1_428' title='bbox 1878 2393 1947 2443; x_wconf 85' lang='lat' dir='ltr'><strong>ad</strong></span> <span class='ocrx_word' id='word_1_429' title='bbox 1994 2394 2135 2444; x_wconf 88' lang='lat' dir='ltr'><strong>hanc</strong></span> <span class='ocrx_word' id='word_1_430' title='bbox 2180 2394 2407 2444; x_wconf 88' lang='lat' dir='ltr'><strong>eandem</strong></span> <span class='ocrx_word' id='word_1_431' title='bbox 2444 2393 2628 2457; x_wconf 86' lang='lat' dir='ltr'><strong>Olym-</strong></span> 
     </span>
     <span class='ocr_line' id='line_1_82' title="bbox 1537 2461 2628 2528; baseline -0.001 -18"><span class='ocrx_word' id='word_1_432' title='bbox 1537 2461 1754 2526; x_wconf 89' lang='lat' dir='ltr'><strong>piadem</strong></span> <span class='ocrx_word' id='word_1_433' title='bbox 1792 2467 1846 2512; x_wconf 87' lang='lat' dir='ltr'><strong>et</strong></span> <span class='ocrx_word' id='word_1_434' title='bbox 1876 2464 2150 2528; x_wconf 80' lang='lat' dir='ltr'><strong>Aesopum</strong></span> <span class='ocrx_word' id='word_1_435' title='bbox 2179 2470 2235 2513; x_wconf 88' lang='lat' dir='ltr'><strong>et</strong></span> <span class='ocrx_word' id='word_1_436' title='bbox 2256 2462 2628 2527; x_wconf 87' lang='lat' dir='ltr'><strong>Rhodopidem</strong></span> 
     </span>
     <span class='ocr_line' id='line_1_83' title="bbox 1540 2531 2624 2593; baseline 0 -14"><span class='ocrx_word' id='word_1_437' title='bbox 1540 2531 1726 2582; x_wconf 84' lang='lat' dir='ltr'><strong>refert.</strong></span> <span class='ocrx_word' id='word_1_438' title='bbox 1802 2533 1957 2593; x_wconf 85' lang='lat' dir='ltr'><strong>Quae</strong></span> <span class='ocrx_word' id='word_1_439' title='bbox 1993 2548 2122 2583; x_wconf 82' lang='lat' dir='ltr'><strong>vero</strong></span> <span class='ocrx_word' id='word_1_440' title='bbox 2156 2532 2485 2583; x_wconf 86' lang='lat' dir='ltr'><strong>Plutarchus</strong></span> <span class='ocrx_word' id='word_1_441' title='bbox 2523 2531 2624 2580; x_wconf 79' lang='lat' dir='ltr'><strong>vit.</strong></span> 
     </span>
     <span class='ocr_line' id='line_1_84' title="bbox 1538 2599 2627 2666; baseline -0.002 -16"><span class='ocrx_word' id='word_1_442' title='bbox 1538 2599 1727 2651; x_wconf 87' lang='lat' dir='ltr'><strong>Solon.</strong></span> <span class='ocrx_word' id='word_1_443' title='bbox 1766 2599 1850 2662; x_wconf 80' lang='lat'><strong>28,</strong></span> <span class='ocrx_word' id='word_1_444' title='bbox 1902 2601 2104 2666; x_wconf 88' lang='lat' dir='ltr'><strong>aliique</strong></span> <span class='ocrx_word' id='word_1_445' title='bbox 2147 2607 2376 2652; x_wconf 88' lang='lat' dir='ltr'><strong>narrant</strong></span> <span class='ocrx_word' id='word_1_446' title='bbox 2423 2601 2490 2650; x_wconf 88' lang='lat' dir='ltr'><strong>de</strong></span> <span class='ocrx_word' id='word_1_447' title='bbox 2525 2601 2627 2650; x_wconf 90' lang='lat' dir='ltr'><strong>Ae-</strong></span> 
     </span>
     <span class='ocr_line' id='line_1_85' title="bbox 1539 2670 2627 2734; baseline 0 -16"><span class='ocrx_word' id='word_1_448' title='bbox 1539 2684 1673 2733; x_wconf 89' lang='lat' dir='ltr'><strong>sopo</strong></span> <span class='ocrx_word' id='word_1_449' title='bbox 1711 2670 1856 2734; x_wconf 87' lang='lat' dir='ltr'><strong>apud</strong></span> <span class='ocrx_word' id='word_1_450' title='bbox 1883 2670 2141 2720; x_wconf 88' lang='lat' dir='ltr'><strong>Croesum</strong></span> <span class='ocrx_word' id='word_1_451' title='bbox 2177 2674 2544 2720; x_wconf 81' lang='lat' dir='ltr'><strong>commorante</strong></span> <span class='ocrx_word' id='word_1_452' title='bbox 2564 2684 2627 2718; x_wconf 92' lang='lat' dir='ltr'><strong>eo</strong></span> 
     </span>
     <span class='ocr_line' id='line_1_86' title="bbox 1540 2737 2627 2802; baseline 0 -16"><span class='ocrx_word' id='word_1_453' title='bbox 1540 2742 1812 2802; x_wconf 85' lang='lat' dir='ltr'><strong>tempore,</strong></span> <span class='ocrx_word' id='word_1_454' title='bbox 1860 2753 1966 2802; x_wconf 90' lang='lat' dir='ltr'><strong>quo</strong></span> <span class='ocrx_word' id='word_1_455' title='bbox 2013 2737 2181 2788; x_wconf 84' lang='lat' dir='ltr'><strong>Solon</strong></span> <span class='ocrx_word' id='word_1_456' title='bbox 2231 2739 2429 2790; x_wconf 78' lang='lat' dir='ltr'><strong>Sardes</strong></span> <span class='ocrx_word' id='word_1_457' title='bbox 2482 2738 2627 2788; x_wconf 90' lang='lat' dir='ltr'><strong>adie-</strong></span> 
     </span>
     <span class='ocr_line' id='line_1_87' title="bbox 1538 2807 2626 2873; baseline 0.001 -18"><span class='ocrx_word' id='word_1_458' title='bbox 1538 2808 1613 2855; x_wconf 88' lang='lat' dir='ltr'><strong>rit</strong></span> <span class='ocrx_word' id='word_1_459' title='bbox 1660 2823 1779 2857; x_wconf 86' lang='lat' dir='ltr'><strong>cum</strong></span> <span class='ocrx_word' id='word_1_460' title='bbox 1828 2809 2041 2871; x_wconf 84' lang='lat' dir='ltr'><strong>Aesopo</strong></span> <span class='ocrx_word' id='word_1_461' title='bbox 2101 2813 2155 2857; x_wconf 92' lang='lat' dir='ltr'><strong>et</strong></span> <span class='ocrx_word' id='word_1_462' title='bbox 2200 2809 2320 2873; x_wconf 87' lang='lat' dir='ltr'><strong>ipso</strong></span> <span class='ocrx_word' id='word_1_463' title='bbox 2366 2807 2626 2859; x_wconf 87' lang='lat' dir='ltr'><strong>confabu-</strong></span> 
     </span>
     <span class='ocr_line' id='line_1_88' title="bbox 1538 2873 2623 2940; baseline 0.001 -15"><span class='ocrx_word' id='word_1_464' title='bbox 1538 2873 1691 2940; x_wconf 86' lang='lat' dir='ltr'><strong>lans,</strong></span> <span class='ocrx_word' id='word_1_465' title='bbox 1727 2891 1792 2926; x_wconf 89' lang='lat' dir='ltr'><strong>ea</strong></span> <span class='ocrx_word' id='word_1_466' title='bbox 1827 2876 1975 2927; x_wconf 85' lang='lat' dir='ltr'><strong>haud</strong></span> <span class='ocrx_word' id='word_1_467' title='bbox 2010 2892 2140 2927; x_wconf 80' lang='lat' dir='ltr'><strong>vera</strong></span> <span class='ocrx_word' id='word_1_468' title='bbox 2166 2878 2334 2928; x_wconf 83' lang='lat' dir='ltr'><strong>habet</strong></span> <span class='ocrx_word' id='word_1_469' title='bbox 2371 2878 2623 2930; x_wconf 85' lang='lat' dir='ltr'><strong>Grauert.</strong></span> 
     </span>
     <span class='ocr_line' id='line_1_89' title="bbox 1538 2945 2628 3012; baseline 0 -17"><span class='ocrx_word' id='word_1_470' title='bbox 1538 2946 1576 2995; x_wconf 95' lang='lat' dir='ltr'><strong>l.</strong></span> <span class='ocrx_word' id='word_1_471' title='bbox 1615 2945 1653 2995; x_wconf 88' lang='lat' dir='ltr'><strong>l.</strong></span> <span class='ocrx_word' id='word_1_472' title='bbox 1699 2961 1825 3012; x_wconf 84' lang='lat' dir='ltr'><strong>pag.</strong></span> <span class='ocrx_word' id='word_1_473' title='bbox 1868 2948 2095 3008; x_wconf 83' lang='lat'><strong>44-52,</strong></span> <span class='ocrx_word' id='word_1_474' title='bbox 2150 2949 2275 3012; x_wconf 88' lang='lat' dir='ltr'><strong>qui,</strong></span> <span class='ocrx_word' id='word_1_475' title='bbox 2315 2964 2436 2998; x_wconf 89' lang='lat' dir='ltr'><strong>cum</strong></span> <span class='ocrx_word' id='word_1_476' title='bbox 2474 2947 2628 2998; x_wconf 84' lang='lat' dir='ltr'><strong>Solo-</strong></span> 
     </span>
     <span class='ocr_line' id='line_1_90' title="bbox 1538 3016 2625 3083; baseline 0.002 -19"><span class='ocrx_word' id='word_1_477' title='bbox 1538 3031 1659 3065; x_wconf 89' lang='lat' dir='ltr'><strong>nem</strong></span> <span class='ocrx_word' id='word_1_478' title='bbox 1710 3016 1852 3080; x_wconf 86' lang='lat' dir='ltr'><strong>apud</strong></span> <span class='ocrx_word' id='word_1_479' title='bbox 1887 3016 2147 3072; x_wconf 82' lang='lat' dir='ltr'><strong>Croesum</strong></span> <span class='ocrx_word' id='word_1_480' title='bbox 2197 3033 2436 3083; x_wconf 89' lang='lat' dir='ltr'><strong>unquam</strong></span> <span class='ocrx_word' id='word_1_481' title='bbox 2484 3033 2625 3067; x_wconf 88' lang='lat' dir='ltr'><strong>com—</strong></span> 
     </span>
     <span class='ocr_line' id='line_1_91' title="bbox 1538 3090 2625 3153; baseline 0.004 -19"><span class='ocrx_word' id='word_1_482' title='bbox 1538 3091 1808 3136; x_wconf 88' lang='lat' dir='ltr'><strong>moratum</strong></span> <span class='ocrx_word' id='word_1_483' title='bbox 1842 3101 1962 3136; x_wconf 90' lang='lat' dir='ltr'><strong>esse</strong></span> <span class='ocrx_word' id='word_1_484' title='bbox 1986 3091 2169 3153; x_wconf 84' lang='lat' dir='ltr'><strong>negat,</strong></span> <span class='ocrx_word' id='word_1_485' title='bbox 2199 3090 2472 3153; x_wconf 88' lang='lat' dir='ltr'><strong>Aesopum</strong></span> <span class='ocrx_word' id='word_1_486' title='bbox 2495 3103 2625 3153; x_wconf 88' lang='lat' dir='ltr'><strong>quo-</strong></span> 
     </span>
     <span class='ocr_line' id='line_1_92' title="bbox 1538 3156 2626 3220; baseline 0.001 -15"><span class='ocrx_word' id='word_1_487' title='bbox 1538 3171 1645 3220; x_wconf 92' lang='lat' dir='ltr'><strong>que</strong></span> <span class='ocrx_word' id='word_1_488' title='bbox 1690 3156 1888 3206; x_wconf 87' lang='lat' dir='ltr'><strong>ibidem</strong></span> <span class='ocrx_word' id='word_1_489' title='bbox 1939 3173 2061 3206; x_wconf 89' lang='lat' dir='ltr'><strong>cum</strong></span> <span class='ocrx_word' id='word_1_490' title='bbox 2117 3157 2317 3208; x_wconf 84' lang='lat' dir='ltr'><strong>Solone</strong></span> <span class='ocrx_word' id='word_1_491' title='bbox 2367 3158 2626 3208; x_wconf 83' lang='lat' dir='ltr'><strong>confabu-</strong></span> 
     </span>
     <span class='ocr_line' id='line_1_93' title="bbox 1537 3225 2626 3290; baseline 0 -16"><span class='ocrx_word' id='word_1_492' title='bbox 1537 3225 1641 3275; x_wconf 84' lang='lat' dir='ltr'><strong>lari</strong></span> <span class='ocrx_word' id='word_1_493' title='bbox 1685 3240 1792 3275; x_wconf 87' lang='lat' dir='ltr'><strong>uon</strong></span> <span class='ocrx_word' id='word_1_494' title='bbox 1839 3226 2083 3290; x_wconf 88' lang='lat' dir='ltr'><strong>potuisse</strong></span> <span class='ocrx_word' id='word_1_495' title='bbox 2135 3227 2432 3278; x_wconf 86' lang='lat' dir='ltr'><strong>contendit.</strong></span> <span class='ocrx_word' id='word_1_496' title='bbox 2517 3226 2626 3276; x_wconf 84' lang='lat' dir='ltr'><strong>Sed</strong></span> 
     </span>
     <span class='ocr_line' id='line_1_94' title="bbox 1541 3294 2625 3346; baseline -0.001 -2"><span class='ocrx_word' id='word_1_497' title='bbox 1541 3295 1609 3344; x_wconf 90' lang='lat' dir='ltr'><strong>de</strong></span> <span class='ocrx_word' id='word_1_498' title='bbox 1657 3294 1741 3344; x_wconf 87' lang='lat' dir='ltr'><strong>his</strong></span> <span class='ocrx_word' id='word_1_499' title='bbox 1787 3295 1924 3345; x_wconf 84' lang='lat' dir='ltr'><strong>satis</strong></span> <span class='ocrx_word' id='word_1_500' title='bbox 1974 3297 2235 3346; x_wconf 90' lang='lat' dir='ltr'><strong>monitum</strong></span> <span class='ocrx_word' id='word_1_501' title='bbox 2283 3303 2367 3346; x_wconf 88' lang='lat' dir='ltr'><strong>est</strong></span> <span class='ocrx_word' id='word_1_502' title='bbox 2401 3296 2473 3345; x_wconf 88' lang='lat' dir='ltr'><strong>ad</strong></span> <span class='ocrx_word' id='word_1_503' title='bbox 2518 3296 2625 3344; x_wconf 87' lang='lat' dir='ltr'><strong>He-</strong></span> 
     </span>
     <span class='ocr_line' id='line_1_95' title="bbox 1541 3363 2625 3430; baseline -0.001 -18"><span class='ocrx_word' id='word_1_504' title='bbox 1541 3363 1717 3413; x_wconf 88' lang='lat' dir='ltr'><strong>rodot.</strong></span> <span class='ocrx_word' id='word_1_505' title='bbox 1764 3365 1810 3424; x_wconf 89' lang='lat'><strong>1,</strong></span> <span class='ocrx_word' id='word_1_506' title='bbox 1867 3364 1953 3415; x_wconf 86' lang='lat'><strong>30.</strong></span> <span class='ocrx_word' id='word_1_507' title='bbox 2028 3367 2143 3414; x_wconf 91' lang='lat' dir='ltr'><strong>Nec</strong></span> <span class='ocrx_word' id='word_1_508' title='bbox 2187 3366 2362 3430; x_wconf 75' lang='lat' dir='ltr'><strong>mag-is</strong></span> <span class='ocrx_word' id='word_1_509' title='bbox 2406 3364 2625 3424; x_wconf 87' lang='lat' dir='ltr'><strong>attinet,</strong></span> 
     </span>
     <span class='ocr_line' id='line_1_96' title="bbox 1539 3432 2626 3497; baseline -0.002 -16"><span class='ocrx_word' id='word_1_510' title='bbox 1539 3432 1650 3482; x_wconf 85' lang='lat' dir='ltr'><strong>alia</strong></span> <span class='ocrx_word' id='word_1_511' title='bbox 1696 3433 1783 3482; x_wconf 88' lang='lat' dir='ltr'><strong>hic</strong></span> <span class='ocrx_word' id='word_1_512' title='bbox 1830 3438 2074 3496; x_wconf 90' lang='lat' dir='ltr'><strong>repetere</strong></span> <span class='ocrx_word' id='word_1_513' title='bbox 2122 3433 2189 3482; x_wconf 89' lang='lat' dir='ltr'><strong>de</strong></span> <span class='ocrx_word' id='word_1_514' title='bbox 2235 3434 2452 3497; x_wconf 88' lang='lat' dir='ltr'><strong>Aesopo</strong></span> <span class='ocrx_word' id='word_1_515' title='bbox 2504 3447 2626 3497; x_wconf 86' lang='lat' dir='ltr'><strong>pro·</strong></span> 
     </span>
     <span class='ocr_line' id='line_1_97' title="bbox 1535 3500 2625 3566; baseline -0.001 -16"><span class='ocrx_word' id='word_1_516' title='bbox 1535 3500 1681 3562; x_wconf 89' lang='lat' dir='ltr'><strong>lata,</strong></span> <span class='ocrx_word' id='word_1_517' title='bbox 1735 3516 1895 3566; x_wconf 90' lang='lat' dir='ltr'><strong>quem</strong></span> <span class='ocrx_word' id='word_1_518' title='bbox 1942 3501 2155 3566; x_wconf 80' lang='lat' dir='ltr'><strong>Olymp.</strong></span> <span class='ocrx_word' id='word_1_519' title='bbox 2207 3502 2335 3551; x_wconf 90' lang='lat' dir='ltr'><strong>LII.</strong></span> <span class='ocrx_word' id='word_1_520' title='bbox 2386 3516 2431 3551; x_wconf 91' lang='lat' dir='ltr'><strong>s.</strong></span> <span class='ocrx_word' id='word_1_521' title='bbox 2483 3515 2625 3550; x_wconf 89' lang='lat' dir='ltr'><strong>anno</strong></span> 
     </span>
     <span class='ocr_line' id='line_1_98' title="bbox 1536 3570 2625 3635; baseline -0.002 -15"><span class='ocrx_word' id='word_1_522' title='bbox 1536 3573 1638 3620; x_wconf 81' lang='lat'><strong>572</strong></span> <span class='ocrx_word' id='word_1_523' title='bbox 1676 3584 1734 3618; x_wconf 91' lang='lat' dir='ltr'><strong>re</strong></span> <span class='ocrx_word' id='word_1_524' title='bbox 1771 3585 1903 3619; x_wconf 86' lang='lat' dir='ltr'><strong>vera</strong></span> <span class='ocrx_word' id='word_1_525' title='bbox 1932 3570 2183 3618; x_wconf 86' lang='lat' dir='ltr'><strong>floruisse</strong></span> <span class='ocrx_word' id='word_1_526' title='bbox 2228 3574 2377 3620; x_wconf 89' lang='lat' dir='ltr'><strong>recte</strong></span> <span class='ocrx_word' id='word_1_527' title='bbox 2410 3584 2625 3635; x_wconf 89' lang='lat' dir='ltr'><strong>quoque</strong></span> 
     </span>
     <span class='ocr_line' id='line_1_99' title="bbox 1533 3637 2620 3703; baseline 0.001 -16"><span class='ocrx_word' id='word_1_528' title='bbox 1533 3639 1721 3702; x_wconf 88' lang='lat' dir='ltr'><strong>posuit</strong></span> <span class='ocrx_word' id='word_1_529' title='bbox 1756 3637 2010 3687; x_wconf 83' lang='lat' dir='ltr'><strong>Fischer:</strong></span> <span class='ocrx_word' id='word_1_530' title='bbox 2052 3638 2264 3689; x_wconf 83' lang='lat' dir='ltr'><strong>Griech.</strong></span> <span class='ocrx_word' id='word_1_531' title='bbox 2303 3639 2527 3690; x_wconf 85' lang='lat' dir='ltr'><strong>Zeittaf.</strong></span> <span class='ocrx_word' id='word_1_532' title='bbox 2567 3655 2620 3703; x_wconf 88' lang='lat' dir='ltr'><strong>p.</strong></span> 
     </span>
    </p>
   </div>
   <div class='ocr_carea' id='block_1_6' title="bbox 1542 3706 2713 3771">
    <p class='ocr_par' dir='ltr' id='par_1_8' title="bbox 1542 3706 2713 3771">
     <span class='ocr_line' id='line_1_100' title="bbox 1542 3706 2713 3771; baseline 0.001 -15"><span class='ocrx_word' id='word_1_533' title='bbox 1542 3707 1660 3768; x_wconf 80' lang='lat'><strong>129,</strong></span> <span class='ocrx_word' id='word_1_534' title='bbox 1703 3709 1938 3771; x_wconf 86' lang='lat' dir='ltr'><strong>itemque</strong></span> <span class='ocrx_word' id='word_1_535' title='bbox 1975 3706 2194 3756; x_wconf 88' lang='lat' dir='ltr'><strong>Clinton</strong></span> <span class='ocrx_word' id='word_1_536' title='bbox 2219 3708 2375 3758; x_wconf 87' lang='lat' dir='ltr'><strong>Fast.</strong></span> <span class='ocrx_word' id='word_1_537' title='bbox 2408 3707 2622 3759; x_wconf 85' lang='lat' dir='ltr'><strong>Hellen.</strong></span> <span class='ocrx_word' id='word_1_538' title='bbox 2705 3717 2713 3724; x_wconf 85' lang='lat'><strong>&#39;</strong></span> 
     </span>
    </p>
   </div>
   <div class='ocr_carea' id='block_1_7' title="bbox 1534 3775 2627 4466">
    <p class='ocr_par' dir='ltr' id='par_1_9' title="bbox 1534 3775 2627 4466">
     <span class='ocr_line' id='line_1_101' title="bbox 1540 3775 2624 3840; baseline 0.002 -15"><span class='ocrx_word' id='word_1_539' title='bbox 1540 3776 1585 3825; x_wconf 92' lang='lat'><strong>1.</strong></span> <span class='ocrx_word' id='word_1_540' title='bbox 1625 3791 1751 3840; x_wconf 83' lang='lat' dir='ltr'><strong>pag.</strong></span> <span class='ocrx_word' id='word_1_541' title='bbox 1794 3777 1897 3828; x_wconf 85' lang='grc'><strong>213</strong></span> <span class='ocrx_word' id='word_1_542' title='bbox 1934 3776 2058 3826; x_wconf 90' lang='lat' dir='ltr'><strong>coll.</strong></span> <span class='ocrx_word' id='word_1_543' title='bbox 2090 3775 2212 3826; x_wconf 86' lang='grc'><strong>239.</strong></span> <span class='ocrx_word' id='word_1_544' title='bbox 2288 3778 2506 3827; x_wconf 87' lang='lat' dir='ltr'><strong>Etenim</strong></span> <span class='ocrx_word' id='word_1_545' title='bbox 2539 3777 2624 3827; x_wconf 87' lang='lat' dir='ltr'><strong>vel</strong></span> 
     </span>
     <span class='ocr_line' id='line_1_102' title="bbox 1538 3843 2624 3913; baseline 0.004 -20"><span class='ocrx_word' id='word_1_546' title='bbox 1538 3844 1610 3893; x_wconf 89' lang='lat' dir='ltr'><strong>ad</strong></span> <span class='ocrx_word' id='word_1_547' title='bbox 1650 3843 1785 3894; x_wconf 83' lang='lat' dir='ltr'><strong>haec</strong></span> <span class='ocrx_word' id='word_1_548' title='bbox 1836 3850 1984 3895; x_wconf 87' lang='lat' dir='ltr'><strong>recte</strong></span> <span class='ocrx_word' id='word_1_549' title='bbox 2032 3845 2415 3896; x_wconf 88' lang='lat' dir='ltr'><strong>constituenda</strong></span> <span class='ocrx_word' id='word_1_550' title='bbox 2464 3862 2624 3913; x_wconf 87' lang='lat' dir='ltr'><strong>quam</strong></span> 
     </span>
     <span class='ocr_line' id='line_1_103' title="bbox 1538 3913 2623 3980; baseline 0.002 -17"><span class='ocrx_word' id='word_1_551' title='bbox 1538 3915 1768 3964; x_wconf 78' lang='lat' dir='ltr'><strong>maxime</strong></span> <span class='ocrx_word' id='word_1_552' title='bbox 1804 3915 1951 3964; x_wconf 78' lang='lat' dir='ltr'><strong>valet</strong></span> <span class='ocrx_word' id='word_1_553' title='bbox 2002 3915 2091 3965; x_wconf 87' lang='lat' dir='ltr'><strong>hic</strong></span> <span class='ocrx_word' id='word_1_554' title='bbox 2146 3913 2300 3965; x_wconf 87' lang='lat' dir='ltr'><strong>locus</strong></span> <span class='ocrx_word' id='word_1_555' title='bbox 2335 3918 2623 3980; x_wconf 88' lang='lat' dir='ltr'><strong>Herodoti,</strong></span> 
     </span>
     <span class='ocr_line' id='line_1_104' title="bbox 1539 3984 2625 4051; baseline 0.002 -18"><span class='ocrx_word' id='word_1_556' title='bbox 1539 3984 1909 4049; x_wconf 85' lang='lat' dir='ltr'><strong>antiquissimi</strong></span> <span class='ocrx_word' id='word_1_557' title='bbox 1945 3985 2011 4034; x_wconf 89' lang='lat' dir='ltr'><strong>de</strong></span> <span class='ocrx_word' id='word_1_558' title='bbox 2045 3985 2261 4051; x_wconf 89' lang='lat' dir='ltr'><strong>Aesopo</strong></span> <span class='ocrx_word' id='word_1_559' title='bbox 2308 3988 2497 4048; x_wconf 87' lang='lat' dir='ltr'><strong>testis,</strong></span> <span class='ocrx_word' id='word_1_560' title='bbox 2544 3990 2625 4037; x_wconf 86' lang='lat' dir='ltr'><strong>at—</strong></span> 
     </span>
     <span class='ocr_line' id='line_1_105' title="bbox 1539 4054 2623 4118; baseline 0.003 -16"><span class='ocrx_word' id='word_1_561' title='bbox 1539 4068 1644 4118; x_wconf 91' lang='lat' dir='ltr'><strong>que</strong></span> <span class='ocrx_word' id='word_1_562' title='bbox 1693 4054 1957 4118; x_wconf 84' lang='lat' dir='ltr'><strong>Diogenis</strong></span> <span class='ocrx_word' id='word_1_563' title='bbox 1997 4054 2184 4104; x_wconf 86' lang='lat' dir='ltr'><strong>Laert.</strong></span> <span class='ocrx_word' id='word_1_564' title='bbox 2233 4055 2278 4104; x_wconf 88' lang='grc' dir='ltr'><strong>Ι.</strong></span> <span class='ocrx_word' id='word_1_565' title='bbox 2324 4054 2373 4117; x_wconf 66' lang='lat'><strong>§-</strong></span> <span class='ocrx_word' id='word_1_566' title='bbox 2413 4056 2499 4107; x_wconf 79' lang='lat'><strong>69.</strong></span> <span class='ocrx_word' id='word_1_567' title='bbox 2537 4059 2623 4117; x_wconf 77' lang='grc'><strong>72,</strong></span> 
     </span>
     <span class='ocr_line' id='line_1_106' title="bbox 1538 4120 2627 4181; baseline 0.003 -9"><span class='ocrx_word' id='word_1_568' title='bbox 1538 4121 1742 4172; x_wconf 85' lang='lat' dir='ltr'><strong>Suidae</strong></span> <span class='ocrx_word' id='word_1_569' title='bbox 1790 4139 1837 4172; x_wconf 93' lang='lat' dir='ltr'><strong>s.</strong></span> <span class='ocrx_word' id='word_1_570' title='bbox 1881 4140 1934 4173; x_wconf 79' lang='lat' dir='ltr'><strong>v.</strong></span> <span class='ocrx_word' id='word_1_571' title='bbox 1983 4120 2266 4181; x_wconf 75' lang='grc' dir='ltr'><strong><em>Αἴσωπος.</em></strong></span> <span class='ocrx_word' id='word_1_572' title='bbox 2340 4125 2499 4175; x_wconf 87' lang='lat' dir='ltr'><strong>Unde</strong></span> <span class='ocrx_word' id='word_1_573' title='bbox 2546 4141 2627 4175; x_wconf 90' lang='lat' dir='ltr'><strong>re-</strong></span> 
     </span>
     <span class='ocr_line' id='line_1_107' title="bbox 1535 4194 2624 4258; baseline 0.001 -17"><span class='ocrx_word' id='word_1_574' title='bbox 1535 4207 1668 4241; x_wconf 82' lang='lat' dir='ltr'><strong>vera</strong></span> <span class='ocrx_word' id='word_1_575' title='bbox 1729 4194 2007 4243; x_wconf 85' lang='lat' dir='ltr'><strong>exstitisse</strong></span> <span class='ocrx_word' id='word_1_576' title='bbox 2065 4194 2366 4258; x_wconf 86' lang='lat' dir='ltr'><strong>Aesopum,</strong></span> <span class='ocrx_word' id='word_1_577' title='bbox 2430 4195 2624 4244; x_wconf 89' lang='lat' dir='ltr'><strong>merito</strong></span> 
     </span>
     <span class='ocr_line' id='line_1_108' title="bbox 1535 4262 2625 4326; baseline 0.003 -15"><span class='ocrx_word' id='word_1_578' title='bbox 1535 4276 1707 4326; x_wconf 88' lang='lat' dir='ltr'><strong>nuper</strong></span> <span class='ocrx_word' id='word_1_579' title='bbox 1748 4263 2025 4326; x_wconf 82' lang='lat' dir='ltr'><strong>professus</strong></span> <span class='ocrx_word' id='word_1_580' title='bbox 2059 4267 2146 4311; x_wconf 87' lang='lat' dir='ltr'><strong>est</strong></span> <span class='ocrx_word' id='word_1_581' title='bbox 2181 4262 2514 4314; x_wconf 87' lang='lat' dir='ltr'><strong>Edelestand</strong></span> <span class='ocrx_word' id='word_1_582' title='bbox 2551 4263 2625 4314; x_wconf 89' lang='lat' dir='ltr'><strong>du.</strong></span> 
     </span>
     <span class='ocr_line' id='line_1_109' title="bbox 1534 4330 2624 4396; baseline -0.001 -15"><span class='ocrx_word' id='word_1_583' title='bbox 1534 4330 1710 4383; x_wconf 82' lang='lat' dir='ltr'><strong>Meril.</strong></span> <span class='ocrx_word' id='word_1_584' title='bbox 1752 4333 1975 4383; x_wconf 85' lang='lat' dir='ltr'><strong>Poesies</strong></span> <span class='ocrx_word' id='word_1_585' title='bbox 2020 4330 2254 4383; x_wconf 72' lang='lat' dir='ltr'><strong>ineditos</strong></span> <span class='ocrx_word' id='word_1_586' title='bbox 2302 4332 2375 4382; x_wconf 88' lang='lat' dir='ltr'><strong>du</strong></span> <span class='ocrx_word' id='word_1_587' title='bbox 2430 4347 2624 4396; x_wconf 83' lang='lat' dir='ltr'><strong>moyen</strong></span> 
     </span>
     <span class='ocr_line' id='line_1_110' title="bbox 1535 4400 2623 4466; baseline -0.001 -16"><span class='ocrx_word' id='word_1_588' title='bbox 1535 4402 1638 4466; x_wconf 66' lang='lat' dir='ltr'><strong>age</strong></span> <span class='ocrx_word' id='word_1_589' title='bbox 1662 4415 1788 4466; x_wconf 79' lang='lat' dir='ltr'><strong>pag.</strong></span> <span class='ocrx_word' id='word_1_590' title='bbox 1804 4400 1872 4452; x_wconf 83' lang='grc'><strong>34</strong></span> <span class='ocrx_word' id='word_1_591' title='bbox 1891 4416 2025 4466; x_wconf 64' lang='lat' dir='ltr'><strong>seq„</strong></span> <span class='ocrx_word' id='word_1_592' title='bbox 2048 4401 2147 4452; x_wconf 89' lang='lat' dir='ltr'><strong>sed</strong></span> <span class='ocrx_word' id='word_1_593' title='bbox 2166 4401 2472 4452; x_wconf 77' lang='lat' dir='ltr'><strong>fabularum</strong></span> <span class='ocrx_word' id='word_1_594' title='bbox 2495 4401 2623 4452; x_wconf 83' lang='lat' dir='ltr'><strong>scri-</strong></span> 
     </span>
    </p>
   </div>
   <div class='ocr_carea' id='block_1_8' title="bbox 3104 2318 3109 3529">
    <p class='ocr_par' dir='ltr' id='par_1_10' title="bbox 3104 2318 3109 3529">
     <span class='ocr_line' id='line_1_111' title="bbox 3104 2318 3109 3529; baseline 0 0"><span class='ocrx_word' id='word_1_595' title='bbox 3104 2318 3109 3529; x_wconf 95' lang='lat' dir='ltr'><strong> </strong></span> 
     </span>
    </p>
   </div>
  </div>
 </body>
</html>
