3109 5092
1234 349 1499 413 CLIO.
1544 352 1599 413 Ι.
1645 360 1768 416 165.

2510 352 2636 416 323

352 519 430 589 δὲ
456 517 629 590 ἄλλα
656 518 876 590 πάντα
899 523 1246 610 ἐσθέντες,
1273 527 1384 595 καὶ
1412 524 1608 595 αὐτοὶ
1640 525 1988 614 ἐσβάντες,
2019 531 2263 598 ἔπλεον
2298 528 2411 598 ἐπὶ
2437 535 2630 598 Χίου.

350 622 476 713 τὴν
519 624 595 694 δὲ
634 630 960 714 Φωκαίην
1007 623 1483 718 ἐρημωθεῖσαν
1517 626 1795 722 ἀνδρῶν
1837 635 2035 719 ἔσχον
2073 635 2145 701 οἱ
2175 633 2457 722 Πέρσαι.
2544 637 2639 703 Οἱ
2652 640 2771 703 165

350 730 724 816 Φωκαιέες,
754 731 908 800 ἐπεί
930 756 1003 800 τε
1029 752 1153 820 σφι
1182 741 1337 804 Χῖοι
1372 732 1490 815 τὰς
1531 734 1782 824 νήσους
1826 731 1943 815 τὰς
1977 735 2360 818 Οἰνούσσας
2387 745 2627 807 καλεο-

346 835 552 922 μένας
595 830 721 904 οὐκ
758 831 1120 923 ἐβούλοπο
1168 833 1604 929 ὠνεομένοισι
1636 841 1956 926 πωλέειν,
2004 844 2464 929 δειμαίνοντες
2480 892 2499 928 ,
2535 839 2627 930 μὴ

346 942 424 1007 αι’
446 938 572 1027 μὲν
599 935 922 1031 ἐμπόριον
941 941 1306 1029 γένωνται,
1341 937 1384 1032 ἡ
1416 943 1492 1011 δὲ
1518 938 1748 1012 αὐτῶν
1780 948 1983 1031 νῆσος
2006 940 2440 1036 ἀποκληισθῇ
2466 944 2627 1014 τού-

346 1069 470 1111 του
519 1046 777 1130 εἵνεκα,
830 1041 997 1135 πρὸς
1038 1049 1247 1114 ταῦτα
1297 1050 1368 1116 οἰ
1400 1047 1743 1125 Φωκαιέες
1785 1042 2174 1118 ἐστέλλοντο
2217 1042 2285 1131 ἐς
2326 1047 2626 1136 Κύρνον.

353 1143 430 1216 ἐν
465 1143 609 1238 γὰρ’
639 1152 721 1237 τῇ
762 1147 1016 1244 Κύρνῳ
1064 1158 1276 1220 εἴκοσι
1317 1157 1495 1221 ἔτεσι
1537 1149 1870 1241 πρότερον
1907 1147 2167 1222 τούτων
2216 1145 2294 1224 ἐκ
2332 1162 2626 1242 θεοπρο-

347 1257 512 1321 πίου
539 1248 990 1341 ἀνεστήσαπο
1016 1251 1248 1341 πόλιν,
1280 1260 1362 1345 τῇ
1391 1252 1647 1344 οὔνομα
1687 1245 1775 1344 ἦν
1793 1251 2085 1344 Ἀλαλίη.
2135 1252 2632 1346 Ἀργανθώνιος

347 1417 418 1470 99
438 1419 584 1487 seq.)
606 1424 662 1471 et
678 1420 933 1475 Welcker
954 1420 1122 1487 (Hall.
1144 1422 1280 1476 Litt.
1296 1425 1436 1478 Zeit.

352 1489 504 1542 1836.
544 1490 744 1543 Octob.
795 1507 877 1543 nr.
919 1492 1037 1543 176.
1084 1509 1138 1559 p.
1192 1493 1314 1562 175)
1370 1495 1440 1546 de

348 1560 577 1625 picturis
613 1561 903 1613 mobilibus
939 1577 984 1613 s.
1022 1563 1089 1614 de
1119 1563 1325 1616 tabulis
1358 1566 1439 1630 pi-

346 1631 450 1681 ctis
484 1630 710 1698 ligneis,
748 1633 938 1697 quales
974 1634 1032 1682 in
1062 1633 1281 1700 templis
1314 1635 1439 1686 deo·

346 1716 464 1751 rum
508 1702 566 1751 in
610 1701 871 1753 honorem
917 1718 1217 1769 suspensae
1264 1720 1437 1772 aeque

346 1775 513 1837 atque
548 1771 658 1822 alia
697 1771 923 1823 donaria
958 1775 1317 1840 reperiantur,
1347 1792 1438 1826 co-

345 1841 524 1907 gitare
558 1841 786 1894 malunt.
831 1843 971 1893 Mihi
1004 1845 1184 1909 potior
1216 1846 1435 1897 videtur

343 1912 629 1962 Letronnii
670 1914 973 1978 sententia,
1007 1919 1124 1965 tum
1153 1916 1222 1966 ob
1262 1917 1435 1968 verba

341 1983 586 2046 proxime
621 1983 1001 2034 antecedentia
1039 1976 1245 2051 χαλκὸς
1278 1977 1319 2052 ἢ
1352 1986 1432 2037 λί-

342 2051 473 2116 θος,
490 2052 687 2118 quibus
708 2054 1052 2119 potissimum
1071 2055 1364 2109 simulacra
1383 2072 1428 2108 s.

343 2122 571 2173 donaria
593 2138 765 2174 aenea
783 2123 871 2174 vel
907 2139 1208 2177 marmorea
1228 2127 1431 2195 signifi·

343 2194 459 2243 cari
504 2192 762 2244 videntur
796 2196 854 2244 in
902 2194 1120 2262 templis
1158 2198 1431 2250 collocata

341 2263 712 2329 parietibusve
754 2264 922 2317 infixa
972 2266 1206 2333 indeque
1249 2269 1428 2319 minus

342 2333 624 2384 commode
648 2334 973 2400 auferenda,
1011 2341 1129 2387 tum
1154 2337 1223 2388 ob
1260 2339 1430 2390 verba

341 2395 411 2453 τὰ
457 2395 597 2453 ἄλλα
643 2374 1014 2471 ἀναθήματα,
1066 2407 1264 2473 quibus
1308 2409 1430 2460 reli-

340 2489 451 2538 qua
471 2474 785 2525 indicantur
813 2475 1039 2527 donaria
1076 2478 1229 2528 facili
1264 2495 1427 2563 opera

341 2544 794 2610 transportanda.
824 2547 1025 2597 etenim
1051 2546 1123 2598 ad
1146 2548 1321 2601 haec
1306 2565 1430 2615 ipsa

341 2615 675 2679 pertinerent
716 2616 938 2668 tabulae
982 2618 1192 2683 pictae,
1239 2619 1428 2687 quales

340 2684 394 2736 h.
418 2684 457 2735 l.
494 2683 728 2751 intelligi
749 2687 940 2739 volunt
962 2688 1141 2739 Raoul
1161 2690 1430 2743 Rochette

342 2758 399 2804 et
430 2754 704 2807 Welcker.

408 2817 517 2889 τὴν
542 2818 607 2874 δὲ
629 2824 902 2892 Φωκαίην
924 2858 995 2868 -
1019 2823 1187 2894 ἔσχον
1207 2821 1268 2877 οῖ
1280 2825 1428 2894 Πέρ-

344 2893 457 2960 σαι]
500 2895 703 2947 Incidit
734 2896 872 2949 haec
906 2897 1058 2949 urbis
1097 2898 1309 2949 obsidio
1346 2900 1428 2949 in-

342 2965 689 3032 colarumque
748 2968 1003 3033 migratio
1067 2967 1125 3017 in
1182 2984 1308 3019 ann.
1371 2985 1423 3019 a.

340 3035 463 3086 Chr.
526 3052 579 3086 ιι.
631 3039 733 3088 542
795 3053 841 3089 s.
888 3037 1105 3103 Olymp.
1155 3037 1259 3106 59}
1317 3044 1427 3090 sta·

338 3109 525 3156 tuente
581 3105 857 3158 Schultzio
920 3108 978 3157 in
1031 3107 1299 3173 Apparat.
1356 3109 1427 3160 ad

337 3175 555 3226 Annall.
582 3176 628 3225 1.
665 3192 794 3243 pag.
831 3176 919 3229 38.
958 3177 1009 3228 N
1013 3192 1073 3228 ec
1111 3176 1270 3228 aliter
1293 3180 1427 3230 Lar·

338 3245 481 3296 cher.
509 3246 566 3295 in
592 3246 707 3298 tab.
732 3247 1135 3313 chronologica.
1185 3248 1422 3300 Clinton.

337 3315 494 3368 Past.
528 3315 742 3368 Hellen.
777 3317 824 3369 Ι.
860 3333 915 3383 p.
948 3318 1052 3370 238
1085 3332 1285 3369 annum
1323 3321 1427 3371 544

340 3391 465 3436 ante
488 3385 615 3436 Chr.
639 3402 692 3438 n.
719 3402 920 3454 ponere
956 3388 1187 3439 mavult.
1209 3415 1277 3425 —
1302 3388 1426 3439 Φω-

336 3455 509 3537 καίην
543 3457 762 3522 retinui,
801 3463 1022 3509 auctore
1057 3457 1330 3509 Bredovio
1367 3459 1425 3508 in

339 3518 608 3576 Φώκαιαν
641 3496 987 3590 mut’andum,
1027 3527 1094 3577 de
1129 3542 1238 3593 quo
1276 3527 1422 3578 conf.

336 3596 383 3659 1,
419 3597 489 3647 80
518 3597 704 3663 ibique
737 3601 878 3649 nott.
949 3598 1065 3648 Nec
1101 3596 1277 3662 magis
1313 3613 1428 3648 mu·

338 3671 456 3717 tare
478 3665 689 3731 placuit
713 3660 932 3731 ἔπλεον,
954 3664 1100 3734 quod
1121 3666 1248 3717 libri
1274 3671 1430 3718 tuen-

336 3740 426 3786 tur
479 3751 693 3802 omnes,
758 3738 817 3788 in
869 3733 1118 3801 ἔπλωον,
1179 3741 1242 3788 ιιι
1295 3737 1428 3789 fecit

338 3806 583 3857 Dietsch.

691 3978 826 4032 Car.
861 3977 1073 4030 CLXV.

406 4071 509 4139 τὰς
551 4074 766 4147 νήσους
809 4073 913 4139 τὰς
958 4073 1286 4142 Οἰνούσσας

335 4150 602 4217 λεομένας
662 4142 771 4202 οὐκ
825 4142 1129 4219 ἐβούλοντο
1190 4145 1430 4218 ὠνεομέ-

337 4235 486 4270 νοισι
546 4219 807 4288 πωλέειν]
869 4220 1153 4273 Oenussae
1213 4223 1428 4273 insulae

336 4306 503 4356 prope
539 4290 759 4355 Chium,
798 4291 942 4343 inter
979 4308 1097 4343 eam
1135 4293 1310 4358 ipsam
1347 4294 1430 4343 in-

337 4360 512 4412 sulam
570 4365 880 4428 terramque
928 4362 1093 4413 Asiae
1150 4364 1429 4413 continen-

336 4436 467 4483 tem.
532 4430 695 4483 Conf.
739 4432 1116 4497 Thucydidem
1151 4434 1427 4496 vl11,24

1538 1424 1725 1490 ibique
1733 1422 2029 1487 Wassinm‚
2044 1428 2101 1474 et
2109 1424 2389 1492 Forbiger.
2405 1426 2628 1477 Handb.

1539 1493 1595 1545 d.
1634 1494 1732 1547 alt.
1772 1492 1974 1561 Geogr.
2012 1493 2091 1547 11,
2131 1509 2183 1560 p.
2219 1496 2340 1548 197.
2411 1497 2498 1547 De
2535 1511 2632 1548 nu·

1537 1578 1685 1615 mero
1733 1562 2035 1615 insularum
2080 1563 2446 1632 disceptatur,
2507 1581 2631 1617 cum

1539 1633 1687 1700 apud
1729 1633 2064 1699 Stephanum
2102 1635 2238 1701 Byz.
2288 1652 2355 1688 ac
2392 1635 2630 1687 Plinium

1537 1719 1650 1756 una
1682 1708 1900 1754 tantum
1928 1703 2088 1754 huius
2124 1706 2359 1756 nominis
2397 1704 2629 1772 appelle·
2680 1755 2690 1766 ,

1536 1778 1630 1825 tnr
1665 1773 1864 1825 insula.
1939 1773 2051 1826 Sed
2102 1776 2434 1827 recentiores
2476 1776 2630 1842 quin-

1536 1858 1644 1911 que
1677 1843 1801 1894 illas
1838 1858 2063 1895 numero
2099 1859 2220 1896 esse
2248 1850 2493 1910 narrant,
2529 1860 2628 1896 na-

1534 1914 1856 1980 rigantibus
1873 1912 2111 1978 amplum
2131 1920 2349 1981 portum
2367 1915 2629 1982 praeben-

1533 1988 1648 2048 tes,
1705 1984 1923 2035 nomine
1973 1982 2323 2066 Spemadori.
2365 2016 2438 2027 -—
2496 1986 2628 2037 Mox

1533 2054 1778 2121 plerique
1799 2054 1927 2105 libri
1951 2059 2125 2107 recte.
2156 2047 2480 2137 ἐβούλοντο,
2501 2071 2626 2107 cnm

1534 2124 1663 2176 olim
1698 2123 1865 2191 vulgo
1901 2129 2047 2176 esset
2080 2125 2286 2177 editum
2326 2116 2623 2194 ἐβουλευν-

1530 2209 1616 2244 το.
1652 2225 1723 2236 --
1755 2189 2128 2260 ὠνεομένοισι
2165 2201 2227 2248 ιιι
2261 2201 2439 2247 verte:
2475 2205 2627 2248 mtu-

1532 2265 1801 2331 n‘entibus,
1839 2280 1964 2317 cum
1988 2265 2046 2315 in
2071 2266 2239 2317 verbo
2263 2257 2509 2331 ὥνέομαι
2536 2267 2626 2317 hic

1532 2334 1832 2386 veluntatis
1878 2341 2044 2401 atque
2091 2340 2323 2388 conatus
2360 2337 2495 2386 insit
2531 2352 2627 2387 no-

1530 2406 1643 2469 tio,
1692 2404 1759 2456 de
1795 2421 1904 2472 qua
1936 2405 2334 2472 Wcsselingius
2380 2407 2520 2457 dixit
2552 2406 2625 2456 ad

1531 2476 1578 2540 Ι,
1618 2443 1704 2528 68.
1736 2506 1809 2516 -
1857 2476 2056 2544 Cyrnus
2093 2477 2301 2540 insula,
2353 2492 2461 2541 quo
2499 2475 2625 2527 dein

1530 2544 1912 2597 Phocaeenses
1947 2560 2008 2597 se
2042 2550 2458 2609 converterunt,
2496 2546 2625 2596 Cor-

1533 2616 1650 2666 sica
1688 2619 1803 2679 est,
1839 2616 2058 2665 nomine
2095 2615 2329 2667 deducto
2357 2630 2391 2665 a
2422 2615 2622 2680 Cyrno,

1530 2684 1786 2736 Herculis
1813 2683 1944 2735 filio.
2012 2684 2121 2735 Sed
2148 2684 2214 2735 de
2240 2700 2303 2734 eo
2328 2684 2465 2734 satis
2498 2700 2623 2736 con-

1530 2759 1663 2806 stat.
1737 2754 1896 2806 Conf.
1934 2753 2164 2805 Diodor.
2215 2753 2385 2806 Sicul.
2419 2754 2498 2818 V,
2535 2753 2618 2805 13.

1528 2826 1738 2877 Herod.
1774 2824 1902 2888 VII,
1945 2823 2062 2875 165.
2100 2824 2181 2876 Ιο.
2221 2824 2484 2894 Rospatt.
2536 2825 2622 2875 De

1527 2895 1757 2946 Corsica
1810 2892 1995 2944 insula
2046 2910 2081 2945 a
2136 2895 2400 2948 Romanis
2458 2898 2624 2960 capta

1529 2962 1855 3046 (Monaster.
1892 2962 2079 3029 1850),
2117 2964 2238 3016 init.

1599 3025 1636 3100 ἡ
1673 3030 1738 3085 δὲ
1772 3026 1965 3084 αὐτῶν
2005 3031 2182 3099 νῆσος
2217 3024 2621 3101 ἄποκληϊσθῇ]

1531 3105 1653 3157 scil.
1688 3100 1794 3155 τοῦ
1842 3096 2155 3170 ἐμπορίους
2205 3104 2473 3155 timebant
2520 3104 2624 3154 sci·

1527 3173 1685 3240 licet,
1721 3189 1793 3225 ne
1825 3173 1929 3225 hac
1957 3174 2173 3226 colonia
2194 3174 2625 3226 Phocaeensium

1526 3246 1636 3311 ipsi
1667 3248 1977 3295 mercatura
2001 3249 2057 3295 et
2082 3244 2405 3295 commercio
2444 3242 2625 3294 exclu-

1528 3315 1804 3366 derentur.
1843 3343 1914 3354 -
1959 3305 2177 3379 αὐτῶν,
2229 3317 2294 3363 ιιι
2328 3312 2495 3376 alias,
2533 3312 2623 3362 bic

1527 3399 1744 3450 quoque
1768 3398 1797 3434 e
1813 3380 2337 3434 Schellershemiano
2358 3380 2621 3462 dedimus,

1527 3457 1826 3519 praeeunte
1873 3451 2205 3503 Gaisfordio.
2290 3450 2472 3516 Vulgo
2516 3465 2622 3499 αν-

1528 3520 1717 3573 τέων.
1755 3552 1828 3564 —-
1862 3512 2244 3585 ἀνεστήσαντο
2269 3519 2436 3585 vulgo
2460 3517 2623 3569 intel·-

1525 3591 1707 3659 ligunt
1720 3610 1733 3642 z
1795 3592 2113 3655 excitarunt,
2162 3589 2269 3640 sibi
2320 3595 2617 3652 crea-erunt,

1527 3663 1565 3712 i.
1617 3678 1666 3714 e.
1713 3660 2063 3711 condiderunt.
2145 3657 2622 3724 Schweighaeuse-

1527 3747 1622 3782 rus
1658 3728 1869 3783 mavult
1915 3728 2214 3808 explicare:
2262 3730 2478 3793 „eteocle
2518 3730 2624 3779 cul-

1529 3801 1725 3853 toribus
1790 3790 2148 3864 (ἀναστάτων
2220 3795 2622 3862 ποιηθέντων)

1526 3871 1656 3922 urbe
1684 3871 1860 3950 potiri.
1869 3868 1905 3896 “

1530 3956 1668 4062 urb?
1717 3952 1957 4074 ξεζῖἵιεοα
2011 3923 2372 4058 §gcassalssng
2414 3935 2622 4070 Αῆἐῗτζιαῗ

1330 4097 1430 4132 κα-
1532 4081 1735 4147 quippe
1777 4094 1884 4145 quo
1924 4075 2076 4144 Sylla
2126 4075 2396 4127 coloniam
2446 4069 2620 4139 duxit,

1532 4152 1592 4201 in
1626 4149 1806 4201 media
1843 4165 1940 4200 ora
1982 4145 2231 4199 orientali
2279 4147 2407 4197 sita.
2469 4147 2622 4196 Men-

1532 4221 1666 4271 dose
1716 4218 1863 4285 apud
1894 4218 2195 4270 Diodorum
2230 4214 2403 4269 Sicul.
2438 4216 2514 4279 V,
2556 4216 2620 4267 13

1533 4290 1793 4342 scribitur
1830 4290 2049 4342 Galam.
2134 4289 2209 4339 Et
2255 4285 2446 4337 confer
2492 4300 2624 4350 quo·

1532 4378 1638 4428 que
1677 4360 1941 4412 Senecam
1972 4359 2030 4408 in
2066 4355 2347 4407 Consolat.
2393 4354 2466 4404 ad
2493 4354 2623 4404 Hel-

1532 4432 1677 4481 viam
1715 4446 1765 4480 c.
1790 4429 1852 4493 8,
1889 4429 1985 4478 ubi
2004 4427 2310 4478 Phocaeam
2340 4439 2463 4474 cum
2483 4423 2623 4473 Pho·

2059 4507 2195 4570 21*
