3109 5092
395 308 521 370 552

1263 300 1804 365 HERODOTI

273 486 387 547 -52
404 491 629 552 λωται.
687 476 945 549 Ἕθυον
972 477 1048 547 δὲ
1076 475 1296 547 πάντα
1323 474 1652 566 πρότερον
1678 478 1749 544 οἰ
1766 473 2103 561 Πελασγοὶ
2138 482 2362 542 θεοῖσι
2392 468 2673 560 ἐπευχό-

397 613 623 676 μενοι,
668 579 757 664 ὥς
794 577 926 668 ἐγώ
959 583 1035 650 έν
1062 579 1376 669 Δωδώνῃ
1415 579 1570 649 οἶδα
1609 575 1932 657 ἀκούσας·
1977 578 2373 664 ἐπωνυμίην
2400 576 2477 646 δὲ
2510 571 2664 645 οὐδ’

398 686 654 776 οὔνομα
682 689 1031 756 ἐποιεῦντο
1057 680 1292 753 οὐδενὶ
1322 679 1582 753 αὐτῶν
1615 677 1697 751 οὗ
1727 678 1853 769 γὰρ
1881 677 2260 769 ἀκηκόεσάν
2286 706 2405 748 κω.
2461 675 2667 760 θεοὺς

399 792 475 862 δὲ
505 786 1066 880 προσουνόμασάν
1091 807 1304 874 σφεας
1329 782 1465 856 ἀπὸ
1499 789 1619 854 τοῦ
1654 782 2000 870 τοιούτου,
2045 779 2147 852 ὅτι
2176 779 2401 876 κόσμῳ
2429 786 2667 862 θέντες

394 892 476 964 τὰ
504 893 721 964 πάντα
760 889 1113 980 πρήγματα
1149 890 1260 958 καὶ
1292 888 1504 969 πάσας
1537 885 1747 977 νομὰς
1784 885 1985 974 εἶχον.
2064 892 2329 955 ἔπειτεν
2357 885 2469 971 δὲ,
2508 883 2662 973 χρό-

395 1026 520 1069 νου
558 1000 814 1068 πολλοῦ
857 992 1358 1078 διεξελθόντος,
1406 991 1747 1063 ἐπύθοντο
1787 992 1861 1060 ἐκ
1902 994 2019 1078 τῆς
2048 986 2399 1075 Αἰγύπτου
2428 984 2665 1058 ἀπικό-

394 1166 658 1230 congruat
691 1160 1170 1222 antecedentibus,
1217 1151 1348 1220 ἱρὸν
1391 1147 1484 1206 λό-

392 1248 498 1297 γον
520 1232 795 1299 explicant
815 1223 992 1294 καθὰ,
1010 1231 1043 1279 i.
1063 1245 1112 1280 e.
1132 1222 1274 1279 κατὰ
1286 1225 1482 1288 ταῦτα,

395 1293 455 1352 ὅ.
526 1301 795 1367 Equidem
840 1300 912 1350 ad
957 1301 1289 1360 structuras,
1343 1310 1484 1361 quae

396 1372 468 1422 ad
494 1385 738 1431 sensum,
773 1370 856 1419 uti
880 1369 1065 1429 aiunt,
1101 1367 1480 1426 instituuntur,

396 1440 600 1491 referre
627 1437 813 1489 malim
847 1429 933 1486 τά.
1005 1437 1123 1487 Nee
1150 1436 1366 1486 Latinis
1403 1439 1484 1484 ta-

394 1509 471 1559 lia
501 1508 743 1559 insolita.
817 1506 971 1557 Conf.
1006 1505 1166 1556 Corte
1196 1505 1268 1555 ad
1305 1505 1482 1555 Cicer.

392 1579 534 1645 Epp.
572 1577 643 1627 ad
677 1576 877 1627 divers.
915 1575 983 1637 V,
1024 1575 1107 1625 14.

780 1748 912 1798 Car.
951 1746 1084 1797 LII.

449 1840 672 1901 ’Ἑθυον
714 1844 778 1901 δὲ
815 1841 1068 1914 πάντα]
1115 1837 1318 1909 πάντα,
1358 1845 1392 1896 i.
1433 1860 1481 1895 e.

396 1921 642 1988 quaslibet
673 1938 760 1972 res
794 1928 846 1971 et
869 1919 1059 1971 hostias
1097 1934 1125 1968 e
1151 1931 1343 1981 quoque
1374 1917 1486 1964 ani-

396 1992 627 2041 mantium
656 2004 863 2055 genere,
899 1989 995 2040 ubi
1030 1986 1195 2051 vulgo
1235 1984 1487 2050 supplent

396 2052 466 2109 τὰ
501 2049 754 2124 θύσιμα,
806 2057 948 2124 quod
996 2056 1240 2106 additum
1284 2053 1488 2104 inveni-

399 2143 518 2179 mus
563 2127 609 2189 1,
660 2129 745 2188 50,
783 2128 876 2177 ubi
923 2126 1037 2176 vid.
1076 2129 1235 2184 nott„
1272 2127 1335 2172 ut
1378 2137 1489 2173 non

402 2211 625 2247 necesse
650 2197 740 2256 sit,
772 2210 894 2245 cum
919 2194 1146 2245 Godofr.
1170 2194 1485 2243 Hermanno

402 2264 662 2344 (quscc.
705 2264 834 2315 VII.
886 2278 1013 2328 pag.
1068 2262 1215 2326 275.)
1251 2260 1489 2311 scribere

397 2347 657 2394 παντων,
707 2334 812 2383 nisi
858 2333 1076 2382 omnino
1125 2330 1283 2380 malis
1317 2330 1491 2380 Hero·

399 2403 516 2454 doti
541 2404 708 2453 verba
743 2401 822 2453 sic
852 2401 1128 2467 accipere,
1167 2404 1229 2450 ut
1256 2402 1487 2461 statuas,

397 2471 664 2537 Pelasgos
702 2472 884 2523 omnia
922 2468 1194 2522 sacrificia
1224 2469 1304 2519 ita
1338 2483 1490 2533 pere-

399 2543 579 2609 gisse,
624 2546 686 2591 ut
732 2540 802 2592 acl
852 2541 981 2592 deos
1029 2538 1106 2604 (in
1152 2537 1485 2604 universum)

397 2626 588 2678 preces
614 2611 935 2675 funderent,
972 2627 1090 2661 cum
1117 2608 1353 2660 nondum
1381 2607 1488 2657 sin-

398 2682 513 2749 guli
546 2681 624 2731 dii
659 2688 715 2733 et
743 2681 954 2731 viribus
989 2685 1045 2730 et
1078 2678 1383 2729 nominibus
1407 2692 1488 2728 es·

399 2756 522 2802 sent
558 2750 781 2803 discreti
826 2755 882 2801 et
932 2749 1200 2801 distincti.
1292 2746 1488 2798 Decla-

396 2826 486 2872 rat
518 2821 662 2871 enim
697 2820 787 2870 hic
822 2820 976 2871 locus
1000 2817 1301 2883 simplicem
1335 2816 1484 2867 illam

395 2890 678 2955 magisque
702 2904 892 2955 puram
919 2888 1047 2939 deos
1084 2886 1297 2937 colendi
1333 2885 1486 2951 (pan-

398 2958 635 3022 theistni)
675 2959 957 3018 rationem,
998 2955 1210 3023 qualem
1242 2954 1485 3019 Palasgi,

399 3028 438 3078 i.
477 3044 523 3078 e.
569 3026 929 3093 antiquissimi
952 3025 1217 3076 Graeciae
1252 3023 1484 3085 incolae,

401 3095 662 3145 babuisse
708 3097 981 3156 feruntur,
1038 3093 1235 3154 solem,
1283 3091 1483 3156 lunam,

404 3169 632 3225 terram,
667 3165 866 3225 sidera,
899 3162 1110 3213 coelum
1129 3162 1373 3212 colentes
1400 3177 1489 3211 ea·

403 3249 507 3299 que
541 3233 719 3284 omnia
758 3233 1027 3283 communi
1075 3228 1234 3280 θεῶν
1267 3231 1485 3281 nomine

399 3302 945 3369 comprehendentes,
982 3307 1043 3352 nt
1076 3300 1237 3351 Plato
1273 3316 1488 3366 quoque

399 3372 600 3425 ⁴asserit
649 3373 705 3422 in
752 3371 957 3436 Cratyl.
1010 3387 1065 3436 p.
1113 3370 1215 3423 397
1249 3371 1322 3422 D.
1360 3370 1485 3420 coll.

396 3444 648 3508 Epinom.
685 3458 812 3508 pag.
842 3440 946 3492 982
982 3441 1052 3491 D.
1124 3441 1304 3504 Atque
1352 3439 1487 3490 baec

399 3512 541 3563 ratio
552 3542 622 3552 -
634 3513 861 3579 primam
887 3511 1043 3577 quasi
1062 3509 1339 3575 periodum
1359 3525 1489 3574 pan·

400 3581 619 3634 theismi
649 3581 926 3648 appellare
962 3580 1089 3631 licet
1123 3610 1195 3619 —
1227 3583 1488 3644 quantum

399 3652 546 3702 absit
581 3652 653 3701 ab
691 3650 1040 3702 ornatissima
1092 3649 1188 3699 illa
1233 3652 1317 3699 tot
1364 3648 1489 3698 deo-

399 3737 517 3772 rum
548 3721 937 3786 compositione
966 3719 1374 3783 laetissimaque
1408 3718 1488 3767 fa-

397 3790 646 3841 bularum
680 3790 747 3840 de
794 3790 901 3840 diis
947 3790 1224 3855 ubertate,
1272 3786 1488 3853 qualem

400 3864 622 3924 postera
642 3864 828 3909 aetate
859 3859 1181 3920 invenimus,
1219 3856 1484 3907 neminem

400 3927 546 3992 fugit
599 3928 883 3994 ipsumque
922 3927 1187 3978 Herodoti
1248 3926 1485 3976 animum

400 3995 704 4047 advertisse
728 3997 962 4058 videtur,
991 3997 1084 4062 qui
1105 3996 1246 4047 hanc
1269 3995 1337 4046 ob
1358 4010 1485 4045 cau-

403 4081 546 4126 sam,
584 4070 647 4113 ut
670 4062 829 4115 fidem
863 4065 1158 4127 inveniret,
1193 4065 1341 4116 haud
1369 4065 1482 4114 scio

403 4150 473 4185 an
509 4132 807 4183 addiderit:
856 4123 933 4189 ὦς
968 4123 1070 4196 ἐγὼ
1118 4126 1179 4183 ἐν
1226 4125 1483 4199 Δωδώνῃ

398 4195 540 4253 ὀἶδα
575 4193 851 4259 ἀκούσαςε
902 4217 1024 4251 cum
1059 4202 1342 4253 Dodonam
1389 4218 1487 4252 an-

401 4271 764 4338 tiquissimam
790 4286 1068 4321 sacrorum
1098 4271 1281 4321 sedem
1314 4272 1486 4322 fuisse

401 4345 634 4393 constet.
705 4342 989 4391 Caeterum
1026 4340 1093 4390 de
1117 4340 1201 4390 his
1237 4341 1485 4406 vestigiis

1588 1155 1932 1221 simplicioris
1992 1170 2090 1220 per
2148 1154 2431 1206 Graeciam
2491 1156 2669 1206 cultus

1587 1226 1733 1278 conf.
1777 1225 2082 1291 Guigniaut
2126 1225 2165 1275 l.
2207 1225 2244 1277 1.
2285 1226 2352 1276 T.
2399 1225 2477 1276 ΙΙ.
2515 1225 2579 1276 Ρ.
2618 1226 2667 1275 1.

1586 1311 1713 1362 pag.
1750 1294 1872 1346 289.
1947 1292 2160 1345 Emeric
2204 1294 2412 1345 David:
2463 1295 2672 1359 Iupiter

1586 1366 1654 1415 Τ.
1692 1366 1739 1416 1.
1778 1381 1833 1429 p.
1873 1363 2130 1414 CXXXII
2164 1378 2316 1429 seqq.
2354 1368 2410 1415 et
2444 1365 2672 1415 Baeum-

1587 1433 1717 1496 lein‚
1761 1433 1853 1499 qni
1882 1432 2250 1484 Herodoteum
2272 1433 2447 1483 locum
2472 1438 2674 1484 tracta-

1587 1504 1672 1553 vit
1696 1504 1777 1553 in:
1801 1501 2118 1553 zeitschrift
2135 1503 2174 1552 f.
2190 1502 2671 1554 Alterthnmswiss.

1588 1571 1741 1649 18:29.
1781 1587 1908 1649 pag.
1960 1570 2095 1622 1196
2142 1587 2297 1654 seqq.
2347 1572 2483 1624 1199
2519 1588 2673 1638 seqq.
2713 1614 2718 1619 .

1653 1656 1740 1690 οτι
1764 1653 1958 1707 κοσμῳ
1987 1637 2189 1698 θέντες
2221 1657 2292 1690 τα
2321 1633 2509 1692 πάντα
2529 1639 2676 1708 πρή-

1583 1724 1766 1775 γματα
1801 1725 1855 1759 κ.
1891 1725 1939 1758 τ.
1970 1707 2045 1776 L]
2087 1710 2125 1760 i.
2165 1726 2211 1761 e.
2249 1727 2310 1762 eo
2342 1713 2481 1777 quod
2508 1727 2676 1763 omnes

1586 1796 1672 1831 res
1691 1779 1871 1830 ordine
1890 1781 2178 1842 posuissent
2200 1796 2263 1830 ac
2283 1781 2672 1834 distribuissent.

1586 1850 1707 1900 Erit
1763 1849 1934 1913 igitur
1984 1847 2204 1899 deorum
2254 1865 2449 1900 nomen
2497 1846 2677 1914 (θεοὶ)

1589 1917 1941 1968 derivandum
1957 1933 1991 1967 a
2013 1919 2179 1968 verbo
2192 1916 2407 1983 θεῖναι,
2428 1919 2678 1980 τιθέναι,

1585 2002 1777 2051 ponere
1791 2024 1803 2040 .
1837 1989 2108 2049 collocare,
2148 1987 2380 2054 indeque
2404 1991 2675 2048 ordinare3

1590 2061 1652 2107 ut
1682 2051 1817 2105 θεοὶ
1839 2056 1950 2105 sint
1973 2056 2041 2120 ii,
2071 2058 2163 2121 qui
2195 2058 2375 2108 omnia
2394 2059 2449 2108 in
2477 2058 2677 2109 mundo

1591 2124 1895 2177 ordinarint
1950 2130 2005 2175 et
2057 2128 2459 2177 constituerint.
2542 2128 2679 2178 Inde

1592 2194 1843 2246 Clemens
1890 2194 2291 2247 Alexandrinus
2348 2197 2473 2247 libri
2518 2197 2679 2262 primi

1592 2265 1855 2315 Stromat.
1902 2265 1961 2313 in
2004 2264 2112 2314 fine
2159 2265 2316 2317 deum
2356 2259 2548 2331 (θεὸν)
2595 2265 2678 2316 di-

1594 2339 1741 2410 ctum
1777 2348 1899 2384 esse
1942 2334 2021 2383 ait
2052 2326 2209 2398 παρὰ
2241 2327 2348 2399 τὴν
2382 2329 2551 2385 θέσιν
2583 2331 2681 2385 καὶ

1592 2399 1757 2463 ταξιν
1790 2397 1888 2451 καὶ
1922 2396 2030 2466 τὴν
2065 2396 2462 2468 διακόσμησιν.
2534 2406 2679 2456 Hinc

1593 2487 1753 2537 porro
1789 2462 1929 2528 θεὸς
1960 2472 2256 2524 Eustathio
2282 2473 2338 2523 in
2369 2475 2589 2525 Homer.
2661 2511 2675 2526 .

1597 2541 1732 2591 1148
1767 2556 1814 2591 s.
1856 2540 2010 2605 1202,
2040 2541 2074 2592 8
2107 2546 2191 2591 est
2226 2533 2257 2591 ὁ
2287 2535 2475 2593 πάντα
2496 2543 2623 2594 τιθε
2654 2560 2681 2602 ς

1590 2606 1688 2659 καὶ
1720 2606 1924 2659 ποιῶν.
1994 2609 2121 2661 Alia
2154 2611 2307 2662 dabit
2344 2613 2596 2664 Creuzer.
2622 2616 2681 2664 in

1592 2679 1835 2745 Symbol.
1871 2678 1968 2729 IV.
2007 2695 2132 2745 pag.
2167 2681 2270 2734 632
2316 2697 2431 2748 seq.
2468 2682 2594 2734 coll.
2631 2683 2677 2734 1.

1588 2766 1642 2816 p.
1673 2748 1759 2801 16.
1808 2749 1912 2799 Est
1938 2749 2080 2799 enim
2105 2755 2321 2816 praeter
2340 2752 2478 2802 alios
2496 2753 2676 2815 Plato,

1590 2818 1684 2883 qui
1719 2818 1778 2867 in
1822 2817 2047 2883 Cratylo
2084 2834 2140 2885 p.
2176 2820 2279 2872 397
2324 2821 2367 2871 C
2412 2822 2462 2872 D
2498 2814 2680 2879 θεοὺς

1590 2886 1826 2938 derivari
1860 2886 1979 2936 vult
2013 2903 2046 2937 a
2081 2889 2250 2940 verbo
2273 2887 2453 2954 θέειν,
2494 2896 2557 2941 ιιι
2581 2892 2676 2953 dii,

1589 2957 1683 3021 qui
1720 2955 2086 3021 antiquissimi
2122 2959 2302 3021 fuere,
2341 2959 2463 3022 Sol,
2500 2960 2676 3022 Luna,

1590 3026 1786 3086 Terra,
1834 3025 2015 3076 sidera
2060 3032 2115 3077 et
2161 3027 2369 3079 coelum
2428 3044 2461 3079 a
2508 3035 2674 3090 motu,

1589 3110 1696 3162 quo
1747 3094 1929 3145 sidera
1982 3095 2117 3147 haec
2170 3097 2418 3148 celeriter
2472 3099 2678 3150 moveri

1590 3164 2025 3229 conspiciuntur,
2071 3166 2176 3217 hoc
2222 3168 2532 3233 acceperint
2581 3185 2676 3219 no·

1589 3249 1730 3284 men.
1797 3232 1950 3283 Alias
1987 3250 2131 3286 nnnc
2177 3237 2372 3287 tacebo
2418 3238 2679 3302 etymolo-

1591 3304 1728 3369 gias,
1763 3302 1869 3353 hoc
1893 3318 2058 3354 unum
2077 3304 2311 3368 addens,
2347 3305 2522 3357 videri
2546 3323 2677 3373 quo-

1591 3388 1695 3438 que
1728 3372 1833 3422 hoc
1863 3388 2061 3423 nomen
2094 3379 2387 3440 cognatum
2422 3381 2520 3426 aut
2538 3377 2675 3427 eius-

1592 3442 1712 3492 dem
1762 3441 1877 3491 fere
1924 3443 2109 3507 stirpis
2155 3449 2319 3510 atque
2362 3445 2677 3496 Latinorum

1592 3512 1735 3573 deus,
1773 3510 1888 3589 Dis,
1918 3512 2247 3563 Graecorum
2268 3506 2434 3576 Δεὺς,
2472 3506 2675 3577 Σδεὺς,

1591 3580 1736 3630 unde
1750 3578 1893 3637 Ζευς
1916 3586 2109 3645 postea
2127 3585 2330 3645 ortum3
2351 3585 2547 3650 quibus
2565 3600 2675 3635 om-

1592 3649 1751 3699 nibus
1791 3648 2021 3715 aliisque
2054 3650 2285 3703 aliarum
2331 3653 2574 3718 gentium
2610 3653 2679 3702 si-

1593 3718 1811 3769 milibus
1857 3720 2169 3771 nominibus
2215 3723 2307 3771 vix
2356 3722 2504 3772 aliud
2550 3721 2681 3790 quid

1592 3788 1720 3839 olim
1736 3786 2081 3853 designatum
2105 3791 2278 3842 fuisse
2311 3792 2545 3855 videtur,
2572 3793 2680 3842 nisi

1588 3859 1718 3907 coela·
1748 3871 1793 3906 s.
1823 3859 2061 3922 supremi
2099 3859 2337 3911 numinis
2374 3862 2554 3923 noti03
2603 3861 2677 3913 cf.

1589 3926 1911 3977 Baeumlein
1946 3928 1984 3978 l.
2023 3928 2061 3979 1.
2097 3944 2151 3995 p.
2194 3929 2348 3982 1199.

1659 3990 1746 4045 fn
1768 4009 1793 4045 ε
1818 4011 1838 4043 ι
1859 4010 1889 4044 τ
1912 4009 1937 4045 ε
1960 4013 1994 4046 ν
2045 3992 2134 4060 δὲ,
2193 3989 2408 4063 χρόνον
2462 3996 2680 4048 πολλοῦ

1587 4055 1986 4126 διεξελθόντος
2032 4082 2084 4116 κ.
2138 4082 2184 4116 τ.
2223 4065 2294 4134 1.]
2343 4066 2505 4130 Quod
2551 4069 2679 4119 olim

1587 4133 1872 4199 legebatur
1907 4126 2035 4185 ἐπεί
2064 4150 2122 4184 τε
2159 4129 2248 4196 δὲ,
2302 4151 2397 4201 pro
2436 4129 2676 4199 ἔπειτεν,

1587 4201 1765 4253 denuo
1808 4207 1994 4255 tuetur
2041 4204 2374 4255 Benedictus
2422 4205 2482 4255 in
2528 4207 2678 4258 Actt.

1587 4271 1772 4336 philol.
1811 4272 1965 4337 Lips.
2012 4273 2137 4324 Vol.
2186 4274 2267 4326 11.
2316 4290 2370 4338 p.
2421 4272 2551 4339 287,
2600 4275 2681 4324 ita

1587 4344 1649 4390 ut
1683 4340 1937 4406 periodus
1983 4343 2052 4393 ab
2089 4342 2195 4393 hac
2228 4342 2503 4409 particula
2549 4344 2681 4395 inci-
