3109 5092
473 357 597 420 538

1342 359 1879 422 HERODOTI

471 563 611 604 των
661 542 733 604 οἰ
762 534 1028 604 αἰπόλοι
1071 533 1262 623 τιμὰς
1304 537 1580 623 μέζονας
1619 541 1877 623 ἔχουσι·
1940 540 2015 605 ἐκ
2059 535 2137 605 δὲ
2179 535 2440 607 τούτων
2484 531 2581 616 εἷς
2624 533 2751 624 μά-

474 649 700 724 λιστα,
740 636 922 719 ὅστις
952 637 1157 708 ἐπεὰν
1182 635 1531 728 ἀποθάνῃ,
1601 642 1851 719 πένθος
1886 642 2058 726 μέγα
2103 643 2304 709 παντὶ
2343 646 2436 733 τῷ
2466 646 2746 728 Μενδη-

472 749 596 835 σίῳ
645 747 830 835 νομῷ
869 749 1154 811 τίθεται.
1228 744 1534 811 καλέεται
1576 742 1651 811 δὲ
1680 738 1718 813 ὅ
1748 770 1821 811 τε
1855 742 2098 830 τράγος
2129 744 2240 811 καὶ
2281 739 2317 813 ὁ
2345 743 2501 813 Πὰν
2531 751 2744 831 Αἰγυ-

475 848 698 914 πτιστὶ
727 848 1028 934 Μένδης.
1098 847 1365 932 ἐγένετο
1404 843 1470 914 δ’
1505 848 1581 914 έν
1621 851 1715 939 τῷ
1754 853 1940 939 νομῷ
1968 845 2185 938 τούτῳ
2215 843 2323 915 ἐπ’
2360 850 2523 937 ἐμεῦ
2550 853 2751 917 τοῦτο

473 947 548 1019 τὸ
574 952 800 1039 τέρας·
857 950 1132 1036 γυναικὶ
1158 947 1400 1035 τράγος
1432 952 1739 1038 ἐμίσγετο
1767 946 2189 1036 ἀναφανδόν.
2264 956 2464 1020 τοῦτο
2495 954 2562 1030 ές
2601 953 2744 1020 ἐπί-

379 1060 460 1120 47
478 1055 662 1135 δεξιν
696 1050 1089 1141 ἀνθρώπων
1124 1048 1420 1121 ἀπίκετο.

1493 1043 1612 1120 'Tv
1656 1053 1733 1121 δὲ
1771 1053 2135 1139 Αἰγύπτιοι
2175 1052 2422 1140 μιαρὸν
2466 1051 2747 1143 ἥγηνται

473 1164 725 1246 θηρίον
775 1154 984 1240 εἶναι,
1044 1158 1156 1225 καὶ
1200 1161 1397 1224 τοῦτο
1439 1155 1606 1245 μὲν,
1648 1153 1734 1244 ἦν
1784 1184 1884 1236 τις
1932 1156 2160 1245 ψαύσῃ
2201 1153 2429 1227 αὐτῶν
2486 1155 2752 1244 παριών

475 1360 545 1408 ad
581 1358 762 1408 hircos
800 1357 1085 1408 referenda
1110 1362 1267 1418 sunt,
1304 1372 1335 1407 e
1364 1358 1563 1423 quibus

478 1444 641 1478 unum
679 1427 1023 1492 potissimum
1064 1442 1185 1476 esse
1232 1427 1309 1476 ait
1343 1429 1562 1490 Noster,

476 1498 600 1562 qui,
647 1496 864 1561 quando
902 1495 1067 1546 suerit
1111 1502 1387 1558 mortuus,
1432 1496 1566 1547 mul·

474 1572 589 1616 tum
628 1566 882 1632 lugeatur
915 1582 948 1615 a
983 1566 1299 1616 Mendesiis.
1371 1566 1567 1631 Itaque

478 1636 725 1701 equidem
750 1634 827 1685 nil
863 1636 917 1685 in
942 1636 1239 1698 HerodotO,
1272 1636 1426 1686 cuius
1448 1652 1568 1686 ora-

475 1708 554 1757 tio
587 1705 911 1770 quibusdam
947 1705 1093 1755 haud
1137 1706 1275 1755 satis
1311 1706 1566 1769 expedita

474 1783 642 1841 atque
667 1774 908 1825 dilucida
944 1781 1030 1824 est
1054 1775 1205 1836 visa,
1242 1775 1562 1825 mutandum

474 1862 688 1906 cense03
715 1845 946 1895 maxime
967 1860 1098 1895 vero
1124 1844 1393 1909 displicet,
1417 1844 1563 1909 quod

474 1932 571 1981 pro
610 1908 671 1963 οἴ
701 1907 940 1963 αἰπόλοι
974 1914 1298 1965 Schaeserus
1336 1913 1564 1965 olimre-

473 1985 658 2051 posuit
707 1978 768 2032 οἱ
818 1975 1006 2046 κάλοι,
1066 1989 1129 2034 ut
1185 1983 1564 2048 intelligantur

475 2056 605 2106 hirci
623 2068 815 2104 cornua
838 2069 934 2103 non
958 2053 1214 2114 hahentes,
1241 2053 1367 2105 coll.
1388 2054 1564 2105 Theo-

476 2124 598 2175 crit.
634 2123 793 2184 VIII,
831 2123 893 2173 51
933 2138 1053 2172 cum
1093 2123 1261 2173 schol.

545 2189 798 2239 καλέεται
847 2185 910 2239 δὲ
945 2223 1014 2231 -
1059 2189 1322 2257 Μένδης]
1371 2194 1453 2242 De
1502 2208 1561 2242 re

477 2262 597 2325 ipsa
628 2256 750 2309 iam
795 2276 962 2325 supra
1006 2263 1285 2312 monitum.
1361 2262 1564 2311 Attulit

477 2332 728 2380 Creuzer.
775 2327 1044 2395 (Symbol.
1096 2331 1171 2380 H.
1220 2347 1273 2396 p.
1324 2332 1445 2393 100)
1492 2347 1561 2381 ex

475 2401 790 2464 Hieronym.
818 2400 943 2450 adv.
971 2399 1146 2449 Iovin.
1174 2400 1249 2461 11,
1282 2399 1333 2460 6,
1369 2401 1563 2451 Thumis

477 2471 607 2534 (quo
645 2469 859 2527 nomine
897 2470 1170 2519 invenitur
1215 2469 1344 2518 urbs
1392 2470 1446 2518 in
1483 2471 1563 2519 in·

475 2540 658 2590 feriori
678 2541 926 2604 Aegypto
952 2544 1120 2604 atque
1141 2554 1331 2589 nomus
1353 2577 1365 2601 ,
1402 2555 1559 2604 quem

476 2627 509 2659 a
557 2609 838 2659 Mendesio
884 2610 1084 2658 Noster
1141 2609 1432 2672 distinguit
1485 2609 1561 2670 11,

477 2678 600 2742 1615)
642 2679 1031 2744 Aegyptiorum
1063 2678 1254 2744 lingua
1281 2679 1468 2727 hircum
1493 2679 1566 2728 si-

476 2748 791 2810 gnificasse,
862 2764 984 2798 cum
1040 2748 1133 2798 alii
1192 2753 1350 2799 leonis
1395 2748 1565 2798 urbem

473 2818 578 2868 hoc
629 2818 847 2867 nomine
890 2818 1165 2878 designari
1214 2818 1564 2880 contendant,

475 2889 700 2950 ipseque
753 2887 1089 2951 Champollio
1143 2890 1339 2938 insulae
1398 2888 1563 2951 signi-

477 2957 785 3006 ficationem
818 2956 874 3004 in
921 2956 1023 3007 hac
1056 2971 1192 3006 voce
1229 2957 1410 3007 inesse
1454 2961 1565 3006 sta-

476 3030 616 3073 tuat.
674 3025 827 3086 Quae
863 3039 1023 3088 quam
1052 3025 1264 3075 incerta
1287 3026 1415 3088 sint,
1454 3041 1566 3075 mo-

476 3110 606 3143 nere
655 3097 748 3142 vix
795 3108 951 3157 opus.
1023 3095 1253 3159 Propius
1302 3094 1406 3144 huc
1445 3109 1564 3159 spe-

478 3167 620 3223 ctat,
675 3163 846 3226 quod
875 3163 1132 3212 observat
1175 3164 1240 3213 R.
1297 3162 1343 3213 1.
1392 3164 1564 3213 Fruin

476 3233 584 3294 (De
603 3200 915 3282 Manethon.
949 3233 1245 3312 Sebennyt.
1281 3247 1406 3297 pag.
1444 3231 1563 3296 97),

477 3319 507 3352 e
552 3302 705 3352 cuius
753 3303 1075 3361 sententia,
1083 3292 1134 3364 ,ὁ
1184 3299 1420 3367 τράγος,
1470 3303 1563 3366 qui

474 3370 759 3437 particulis
805 3385 862 3420 τε
897 3399 966 3407 -
996 3367 1091 3421 καὶ
1130 3388 1250 3423 cum
1285 3373 1436 3421 Pane
1479 3387 1563 3421 ar·

476 3442 720 3492 ctissime
740 3441 1103 3506 coniungitur,
1128 3457 1236 3492 non
1258 3440 1436 3506 quivis
1454 3440 1564 3490 hir·

477 3528 572 3562 cus
608 3516 719 3573 est,
756 3510 851 3561 sed
889 3511 981 3561 ille
1014 3506 1097 3568 εἷς
1119 3503 1357 3572 μάλιστα
1390 3501 1562 3573 τιμαί-

474 3595 671 3645 μενος,
724 3580 789 3630 de
838 3596 944 3645 quo
997 3581 1157 3644 paulo
1213 3585 1340 3630 ante
1383 3594 1560 3629 sermo

476 3651 676 3701 fuerat.
748 3650 841 3701 Sic
877 3648 1012 3700 nihil
1060 3648 1211 3700 aliud
1249 3649 1561 3700 Herodotus

475 3719 702 3783 dixerit,
762 3719 867 3769 nisi
911 3719 1119 3770 hircum
1167 3719 1267 3769 deo
1318 3718 1559 3768 Mendeti

474 3794 605 3856 ante
641 3804 823 3839 omnes
861 3805 1074 3839 sacrum
1099 3788 1285 3838 eodem
1321 3787 1559 3850 nomine,

475 3873 581 3922 quo
619 3858 738 3921 ipse
775 3858 936 3921 deus,
977 3858 1046 3908 ab
1073 3857 1363 3923 Aegyptiis
1398 3871 1562 3906 voca-

474 3930 592 3976 tum
630 3927 791 3976 esse!

473 3928 1008 4145 ..ιῖνιΐὲιξιξξῗτῐ
1028 3985 1560 4114 sigusium

473 4131 697 4182 lieribus
733 4147 793 4182 se
841 4132 1066 4183 miscere
1103 4132 1372 4183 Pindarus
1429 4147 1558 4197 quo·

473 4217 574 4267 que
623 4201 897 4251 cecinerat
947 4199 1094 4263 (vide
1142 4202 1323 4253 Strab.
1373 4202 1556 4251 XVII.

471 4287 527 4333 p.
587 4270 761 4335 1154),
813 4286 880 4320 ex
924 4285 1030 4335 quo
1076 4269 1172 4318 alii
1223 4271 1558 4335 repetierunt

470 4339 680 4389 laudati
735 4354 769 4388 a
824 4339 1152 4391 Schneidero
1210 4339 1280 4389 ad
1333 4338 1559 4390 Pindari

472 4409 667 4475 fragm.
702 4426 754 4475 p.
802 4411 899 4459 122
936 4408 1023 4459 ed.
1060 4409 1242 4473 Heyn.
1291 4414 1420 4459 tom.
1463 4408 1558 4458 111

1665 1364 1720 1408 et
1742 1359 1997 1410 Bochart.
2036 1360 2256 1410 Hieros.
2285 1359 2359 1414 11,
2391 1357 2478 1408 53.
2533 1357 2619 1405 Tu
2638 1354 2750 1406 vid.

1666 1445 1810 1478 nunc
1838 1429 2076 1479 Boeckh.
2109 1429 2330 1479 Pindar.
2356 1428 2633 1488 Fragmm.
2665 1441 2748 1474 nr.

1669 1498 1767 1548 112
1799 1498 1953 1562 (215)
1994 1513 2120 1564 pag.
2162 1499 2285 1549 664.
2357 1497 2506 1546 Idem
2537 1495 2750 1545 facinus

1669 1570 1737 1618 de
1781 1568 2056 1618 Thmuitis
2102 1568 2197 1617 alii
2246 1566 2574 1624 retulerunt3
2637 1564 2750 1615 vid.

1668 1637 1834 1688 Clem.
1873 1637 2168 1688 Alexandr.
2194 1654 2247 1702 p.
2287 1638 2375 1687 27.
2447 1636 2528 1684 Ac
2556 1635 2754 1698 turpisss

1669 1708 1792 1756 simi
1840 1707 2000 1757 huius
2047 1709 2247 1757 amoris
2293 1720 2513 1756 causam
2562 1719 2596 1753 a
2630 1702 2753 1753 rcli-

1664 1778 1825 1841 gione
1861 1777 2149 1841 petendam
2197 1792 2346 1836 esse,
2396 1789 2506 1838 qua
2552 1774 2753 1824 ductae

1665 1846 1898 1896 milieres
1935 1847 2073 1898 Pani
2096 1848 2215 1896 sive
2247 1846 2425 1903 hirco,
2461 1844 2579 1892 eius
2609 1859 2752 1907 sym-

1666 1914 1815 1978 bolo,
1857 1932 1916 1965 se
1934 1916 2295 1981 permiserint,
2328 1916 2384 1963 in
2409 1913 2631 1962 dubium
2658 1928 2751 1961 vo·

1665 1986 1778 2035 cari
1807 1987 1977 2050 neqit.
2032 1986 2170 2035 Vide
2197 1999 2364 2048 supra
2388 1986 2605 2042 notata;
2634 1982 2753 2046 qui-

1663 2055 1766 2105 bus
1787 2056 1868 2105 Cr.
1903 2056 1954 2104 h.
1978 2054 2025 2106 1.·
2045 2054 2171 2104 addi
2191 2054 2309 2105 vult
2326 2051 2753 2117 Payne-Knigbt

1662 2125 1881 2190 inquiry
1928 2141 1997 2175 on
2042 2123 2274 2189 symbol.
2322 2122 2581 2186 languag.
2618 2137 2750 2185 pag.

1700 2196 1835 2312 41:05
1840 2278 1902 2312 to
1921 2254 1976 2320 ἐς
1990 2253 2245 2321 ἐπίδεξιν
2265 2252 2598 2323 ἀνθρώπων
2618 2248 2751 2308 ἀπί-

1662 2332 1810 2399 κετο]
1855 2335 2101 2395 Staeger.
2151 2331 2396 2381 Praefat.
2440 2345 2570 2393 pag.
2617 2329 2749 2380 XII.

1663 2408 1787 2468 post
1801 2400 1969 2451 τοῦτο
1991 2402 2156 2451 inseri
2173 2400 2292 2450 vult
2311 2395 2402 2447 δέ.
2420 2398 2575 2448 Libri
2598 2404 2751 2447 vetu-

1664 2473 1737 2522 sti
1758 2488 1865 2522 non
1887 2470 2341 2533 addicunt.1psa
2355 2468 2524 2517 verba
2537 2468 2751 2519 Graeca

1664 2542 1789 2592 olim
1811 2541 1891 2590 sic
1914 2540 2110 2590 Latine
2132 2539 2373 2589 reddita.
2410 2538 2540 2587 hoc
2520 2554 2569 2587 m
2588 2545 2751 2588 osten·

1664 2614 1897 2662 tationem
1931 2610 2169 2660 hominum
2198 2609 2455 2672 pervenit,
2494 2623 2528 2657 a
2564 2623 2751 2657 recen·

1666 2681 1895 2730 tioribus
1940 2678 2328 2744 interpretibus
2380 2676 2573 2726 melius
2607 2676 2752 2726 hunc

1666 2751 1722 2799 in
1756 2750 1972 2800 modum
2005 2763 2261 2813 expressa
2285 2751 2441 2798 sunt:
2480 2747 2572 2796 hoe
2595 2753 2755 2808 (con-

1664 2820 1879 2870 cubitus
1928 2819 2250 2884 intelligitur
2283 2817 2420 2866 hirci
2466 2832 2533 2866 ac
2565 2814 2755 2865 mulie-

1664 2889 1740 2939 ris
1763 2889 1940 2953 palam
1965 2887 2166 2951 factus)
2180 2888 2254 2936 ad
2270 2886 2507 2936 lemnum
2534 2887 2755 2935 notitiam

1657 2962 1906 3024 pervenit.
1956 2956 2303 3008 Iablonskius
2337 2954 2462 3005 olim
2482 2959 2748 3004 verterat.

1662 3029 1903 3094 huiusque
1936 3030 2017 3077 rei
2046 3026 2293 3078 videndae
2310 3023 2581 3075 hominibus
2603 3026 2755 3086 copia

1659 3099 1808 3161 facta
1829 3106 1923 3147 est.
1982 3097 2062 3146 Ac
2084 3096 2316 3159 denique
2343 3093 2600 3144 Aemilius
2620 3095 2755 3143 Por·

1666 3173 1754 3218 tus
1776 3168 1853 3216 ita
1883 3165 1993 3216 loci
2019 3181 2234 3216 sensum
2258 3168 2624 3228 expresserat.
2657 3162 2755 3212 hoc

1661 3240 1713 3286 in
1746 3237 1986 3287 hominum
2020 3236 2480 3285 demonstrationem
2510 3235 2658 3290 venit,
2693 3232 2753 3282 id

1665 3312 1766 3368 est,
1803 3304 2074 3356 homnibus
2109 3306 2349 3361 innotuit,
2387 3305 2463 3352 ita
2500 3310 2555 3351 tet
2585 3317 2754 3352 omnes

1660 3376 1755 3425 hoc
1788 3376 2074 3425 indicarent
2105 3388 2169 3423 ac
2204 3373 2617 3423 demonstrarent.

2005 3543 2405 3595 CAP.XLV11.

1719 3634 1821 3696 Τν
1854 3639 1915 3696 δὲ
1948 3638 2248 3712 Αἰγύπτιοι
2277 3638 2487 3711 μιαρὸν
2507 3634 2752 3711 ἥγηνται

1661 3714 1881 3780 θηρίον
1932 3709 2106 3781 εἶναι]
2156 3717 2240 3766 Ad
2292 3716 2437 3767 hunc
2482 3715 2753 3765 Herodoti

1658 3786 1836 3835 locum
1875 3800 2036 3850 quam
2073 3786 2307 3836 maxime
2342 3786 2611 3851 pertinent
2640 3784 2751 3835 loci

1660 3854 1941 3905 Plutarch.
1988 3855 2057 3904 de
2103 3854 2235 3904 Isid.
2284 3860 2339 3905 et
2377 3854 2578 3904 Osirid.
2618 3869 2744 3918 cap.

1661 3926 1712 3974 5.
1750 3940 1875 3990 pag.
1911 3925 2012 3976 35⁴2
2052 3929 2107 3974 et
2143 3939 2265 3987 cap.
2301 3925 2355 3976 8.
2387 3939 2515 3988 pag.
2548 3921 2650 3974 353
2679 3924 2749 3976 F.

1660 4010 1819 4058 quem
1881 4007 1946 4042 ex
1992 3993 2321 4043 Manethone
2376 3994 2750 4057 depromptum

1661 4078 1781 4114 csse
1827 4062 2125 4113 consimilis
2173 4062 2384 4112 Aeliani
2434 4063 2503 4111 N.
2558 4062 2627 4113 A.
2676 4063 2748 4125 X,

1664 4133 1728 4182 16
1756 4133 1916 4182 docet
1951 4132 2127 4191 locus3
2165 4131 2293 4182 add.
2330 4132 2510 4182 Procl.
2552 4132 2607 4180 in
2640 4132 2752 4182 He-

1660 4202 1798 4251 siod.
1837 4202 1977 4265 Opp.
2020 4207 2075 4252 et
2108 4203 2176 4251 D.
2218 4202 2320 4252 767
2358 4199 2501 4263 (Vol.
2541 4201 2648 4253 111.
2688 4217 2743 4265 p.

1659 4271 1762 4320 345
1800 4273 1981 4322 Poett.
2015 4272 2180 4321 minu.
2208 4271 2301 4321 Gr.
2328 4270 2415 4320 ed.
2438 4269 2746 4330 Gaisford.)

1659 4344 1716 4389 et
1769 4355 1907 4404 quae
1971 4339 2081 4390 alia
2140 4339 2298 4389 affert
2347 4339 2616 4389 Leemans
2676 4340 2753 4390 ad

1659 4408 2001 4473 Horapollin.
2020 4407 2378 4474 Hieroglyph.
2398 4425 2455 4473 p.
2482 4408 2605 4459 334.
2643 4409 2752 4459 Ne·
