3109 5092
1263 330 1513 395 OLIO.
1561 334 1611 394 I.
1657 338 1747 397 73.

2521 334 2630 398 161

356 496 572 571 πάντα
598 505 715 587 τῆς
746 494 967 588 Ἀσίης
1002 497 1083 569 τά
1111 506 1291 576 κάτω
1338 502 1411 583 ἐκ
1440 505 1788 594 θαλάσσης
1827 511 1941 596 τῆς
1981 502 2216 576 άντίον
2242 507 2530 596 Κύπρου
2567 505 2637 588 ἐς

352 600 473 672 τὸν
499 600 828 685 Εὔξεινον
872 602 1140 673 πόντον.
1202 614 1339 678 ἔστι
1382 610 1458 679 δὲ
1498 606 1715 698 αὐχὴν
1743 598 1937 690 οὗτος
1976 614 2092 699 τῆς
2133 609 2350 699 χώρης
2387 610 2632 699 ταύτης

352 701 642 795 άπάσης·
717 711 926 795 μῆκος
988 701 1156 778 ὁδοῦ
1220 708 1488 806 εὐζώνῳ
1558 710 1758 801 άνδρὶ
1816 716 2014 783 πέντε
2065 708 2304 802 ἡμέραι
2362 710 2626 782 ἀναισι-

350 813 657 896 μοῦνται.

494 909 959 1001 Ἐστρατεύετο
1013 913 1089 982 δὲ
1133 909 1170 983 ὁ
1207 923 1496 1005 Κροῖσος
1545 918 1655 986 ἐπὶ
1696 914 1822 1006 τὴν
1869 922 2367 1006 Καππαδοκίην
2407 921 2623 986 τῶνδε
2643 924 2722 986 73

351 1018 612 1101 εἵνεκα,
662 1016 775 1083 καὶ
815 1020 938 1104 γῆς
974 1019 1764 1111 ίμέρῳ.προσκτήσασθαι
1810 1019 1974 1107 πρὸς
2010 1017 2134 1108 τὴν
2174 1021 2432 1089 ἑωυτοῦ
2476 1034 2622 1108 μοῖ-

349 1144 481 1207 ραν
506 1117 915 1206 βουλόμενος
934 1171 953 1205 ,
996 1122 1109 1189 καὶ
1137 1119 1421 1209 μάλιστα
1461 1127 1555 1216 τῷ
1586 1130 1964 1217 χρηστηρίῳ
1995 1130 2275 1202 πίσυνος
2303 1120 2473 1208 ἐών,
2513 1124 2624 1192 καὶ

255 1236 327 1290 36
348 1225 667 1290 τίσασθαι
702 1223 931 1291 θέλων
967 1217 1142 1311 ὑπὲρ
1174 1221 1569 1312 Ἀστυάγεος
1605 1232 1859 1314 Κῦρον.
1934 1223 2299 1312 Ἀστυάγεα
2337 1223 2466 1314 γάρ
2505 1222 2626 1295 τὸν

343 1322 715 1411 Κυαξάρεω
753 1324 947 1394 ἐόντα
988 1333 1288 1427 Κροίσου
1337 1328 1463 1417 μὲν
1502 1327 1841 1418 γαμβρὸν,
1898 1329 2166 1418 Μήδων
2206 1329 2280 1398 δὲ
2322 1330 2623 1415 βασιλέα,

340 1424 626 1513 Κῦρος
595 1455 632 1495 o
657 1426 1039 1516 Καμβύσεω
1065 1432 1689 1520 καταστρεψάμενος
1716 1432 1883 1519 εἶχε,
1926 1430 2293 1519 γενόμενον
2317 1428 2623 1520 γαμβρὸν

337 1536 616 1623 Κροίσῳ
657 1519 810 1599 ωδε.

340 1726 494 1790 120.)
526 1725 776 1792 legimus,
798 1726 1161 1793 Philippidem
1197 1731 1428 1781 Athenis

335 1795 595 1859 Spartam
630 1796 918 1847 advenisse
948 1798 1122 1849 altero
1163 1799 1268 1864 die,
1305 1816 1427 1850 cum

332 1866 445 1915 iter
481 1871 627 1915 certe
662 1866 863 1931 viginti
898 1881 993 1917 sex
1028 1868 1198 1918 fuerit
1231 1869 1427 1919 millia-

332 1936 476 1984 rium
506 1936 1011 2001 geographicorum.
1065 1939 1247 2000 Quare
1279 1939 1426 1989 haud

332 2020 560 2070 prorsus
617 2004 778 2055 fidem
829 2005 1092 2057 excedere
1149 2013 1334 2073 putat,
1378 2009 1426 2057 si

332 2079 548 2124 tractus
585 2073 878 2125 ille-Asiae
913 2091 948 2125 a
980 2076 1164 2141 pedite
1194 2078 1426 2143 probato

334 2144 579 2209 quinque
641 2144 848 2194 dierum
907 2146 1103 2197 itinere
1159 2148 1426 2212 permeari

336 2214 572 2273 dicatur.
639 2214 713 2263 At
752 2213 885 2264 nihil
929 2214 1032 2265 hoc
1073 2215 1194 2267 loco
1245 2217 1312 2268 de
1347 2218 1426 2267 in-

331 2284 481 2348 signi
512 2283 713 2349 peditis
738 2283 967 2335 alicuius
993 2287 1278 2336 conamine
1304 2303 1424 2351 pro-

331 2352 501 2416 ditur,
564 2354 658 2418 qui
703 2354 916 2403 tantum
955 2355 1059 2404 iter
1107 2361 1218 2405 tam
1270 2357 1423 2407 brevi

330 2421 631 2488 aliquando
674 2424 998 2487 confecerit,
1059 2425 1157 2476 sed
1210 2432 1425 2476 senten-

328 2493 468 2542 tiam
522 2506 676 2542 suam
723 2493 941 2544 omnino
1004 2497 1179 2559 aperit
1230 2501 1425 2546 auctor

330 2561 401 2611 de
432 2567 647 2617 tractus
685 2561 830 2612 illius
854 2561 1213 2628 longitudine,
1238 2566 1295 2614 in
1315 2581 1423 2630 qua

328 2633 380 2680 si
428 2647 498 2681 ea
544 2647 654 2681 non
694 2631 860 2696 vidit,
909 2648 1051 2697 quae
1087 2649 1187 2684 nos
1226 2637 1422 2685 multo-

328 2717 451 2750 rum
500 2700 839 2751 saeculorum
887 2702 1421 2769 investigationibus,

325 2771 944 2836 mathematicorumque
988 2787 1054 2823 ac
1089 2773 1424 2839 geographo-

326 2856 451 2890 rum
504 2839 929 2891 dimensionibus
985 2842 1165 2892 edocti
1218 2847 1421 2906 sumus,

324 2910 581 2975 profecto
641 2910 733 2960 ille
762 2911 893 2960 -erit
939 2913 1292 2963 excusatione
1344 2911 1423 2960 di-

326 2994 495 3044 gnus.
542 2980 758 3030 Confer.
808 2980 974 3030 etiam
1041 2982 1298 3032 Bobrick.
1363 2982 1421 3030 in

329 3049 645 3114 Geograph.
682 3049 949 3100 Herodot.
998 3066 1054 3115 Ρ.
1095 3052 1196 3103 125
1230 3066 1347 3116 seq.

396 3150 584 3217 μῆκος
613 3141 782 3218 ὁδοῦ]
820 3154 857 3203 i.
899 3170 947 3203 e.
984 3156 1120 3218 quod
1161 3156 1236 3205 ad
1277 3157 1419 3205 itine-

324 3225 401 3272 ris
461 3223 808 3286 longitudinem
861 3225 1058 3273 attinet.
1151 3223 1419 3274 Absentia

323 3290 636 3355 particulae
691 3283 781 3355 δὲ,
840 3306 1002 3357 quam
1058 3293 1179 3358 quis
1234 3293 1420 3343 forsan

324 3361 417 3410 hic
489 3360 758 3440 requirat,
825 3361 1062 3426 itemque
1130 3363 1422 3413 omissione

322 3429 556 3480 voculae
627 3420 733 3511 ὡς,
809 3445 971 3495 quam
1042 3431 1422 3482 antecedentia

321 3490 544 3565 (αὐχὴν
582 3466 772 3563 οὖτος)
797 3500 1075 3563 postulare
1109 3501 1417 3564 videantur,

281 3626 285 3630 ,
323 3569 535 3618 maiore
571 3567 837 3633 quaedam
874 3568 1111 3619 efficitur
1152 3571 1416 3621 orationis

322 3638 429 3699 vis,
480 3639 561 3688 uti
609 3638 817 3687 monuit
863 3639 1097 3691 Werfer.
1153 3640 1210 3690 in
1267 3641 1413 3690 Actt.

323 3706 482 3771 pbill.
521 3708 770 3758 Monacc.
810 3707 854 3758 Ι.
885 3724 938 3773 Ρ.
979 3708 1099 3771 579,
1136 3709 1229 3758 ubi
1275 3708 1328 3760 h.
1377 3708 1413 3759 l.

323 3777 405 3827 sic
453 3778 647 3827 vertit.
697 3777 838 3839 „Est
879 3785 1041 3829 autem
1084 3782 1239 3829 omnis
1272 3778 1417 3829 leuius

323 3854 506 3896 terrae
541 3848 691 3911 quasi
723 3848 903 3896 cervix
932 3863 995 3897 ea
1029 3850 1226 3898 itineris
1261 3850 1416 3913 lonqi-

320 3916 522 3978 tudine‚
578 3923 633 3965 ut
675 3916 740 3965 ab
777 3917 1016 3980 expedito
1061 3919 1273 3983 quinque
1308 3918 1417 3968 dies

320 3986 691 4035 &amantia-st

392 4077 618 4154 εὐζώνῳ
692 4076 887 4152 ἀνδρὶ]
955 4076 1200 4147 εὔζωνος
1266 4078 1413 4151 ἀνὴρ

322 4160 409 4206 est
448 4156 612 4221 pedes
650 4156 967 4222 expeditus,
1004 4156 1145 4207 bene
1181 4157 1412 4217 cinctus,

317 4241 424 4276 nec
486 4224 599 4276 ulla
658 4241 718 4278 re
780 4241 826 4276 s.
884 4240 1048 4276 onere
1103 4225 1411 4291 impeditus.

316 4295 483 4345 Conf.
530 4295 576 4357 Ι,
628 4296 745 4346 104.
806 4295 883 4357 ΙΙ,
931 4295 1019 4347 34.
1072 4300 1127 4344 et
1173 4294 1412 4359 Hesych.

314 4380 364 4416 s.
406 4380 464 4414 v.
490 4362 795 4429 Thucydid.
835 4363 911 4426 11,
935 4363 1003 4414 97
1036 4365 1168 4429 ibiq.
1205 4364 1413 4415 Duker.

410 4466 749 4508 HERODOT.
799 4465 844 4506 1.

908 1535 1249 1602 Σκυθέων
1300 1561 1438 1603 των
1488 1535 1807 1624 νομάδων
1849 1544 1996 1623 είλη
2035 1531 2311 1623 ἀνδρων
2348 1532 2618 1603 στασιά-

1863 1734 1996 1783 Car.
2027 1732 2287 1784 LXXIII.

1583 1825 1748 1910 πρὸς
1783 1826 1889 1898 τὴν
1923 1825 2138 1884 ἑωυτοῦ
2185 1838 2442 1898 μοιραν
2488 1831 2622 1899 βου-

1530 1895 1787 1969 λόμενος]
1829 1903 2005 1969 Vulgo
2036 1903 2266 1967 μοίρην.
2315 1903 2424 1952 Sed
2463 1904 2622 1968 pleri-

1530 1987 1637 2037 que
1692 1978 1748 2022 et
1788 1974 1978 2037 optimi
2021 1972 2150 2021 lnbri
2183 1974 2420 2036 μοιραν,
2474 1972 2619 2038 quod

1529 2042 1646 2091 iure
1677 2043 1883 2107 recepit
1901 2042 2078 2093 Gaisf.
2113 2041 2471 2106 probavitque
2491 2043 2620 2092 Bre-

1528 2112 1655 2162 dov.
1671 2127 1725 2176 Ρ.
1750 2113 1868 2164 132.
1902 2112 1968 2162 In
1987 2111 2437 2161 antecedentibus
2451 2112 2618 2162 verba

1526 2178 1706 2230 τῶνδε
1739 2178 1929 2230 εἵνεκα
1963 2182 2109 2231 refer
2140 2180 2211 2231 ad
2245 2166 2449 2243 ternis,
2474 2196 2616 2247 quae

1527 2250 1781 2316 deinceps
1821 2252 2193 2316 proferuntur,
2238 2266 2461 2312 causas,
2499 2252 2616 2301 iun-

1526 2325 1646 2371 ctas
1684 2336 1856 2386 aeque
1885 2338 1980 2386 per
2019 2320 2346 2386 particulam
2391 2318 2486 2369 καὶ
2533 2325 2616 2370 ter

1524 2390 1628 2440 hoc
1663 2390 1785 2441 loco
1821 2392 2074 2455 positam,
2123 2395 2185 2439 ut
2220 2390 2366 2439 infra
2399 2390 2446 2451 1,
2488 2390 2606 2440 106.

1525 2459 1611 2510 Cf.
1649 2461 1905 2526 Hartung
1942 2459 2117 2510 Lehre
2144 2458 2197 2509 d.
2231 2459 2442 2509 Partik.
2482 2460 2526 2508 1.
2555 2475 2611 2524 p.

1529 2531 1648 2580 145.
1689 2529 1756 2578 In
1791 2545 1942 2595 seqq.
1982 2525 2213 2594 βασιλέα
2259 2528 2456 2578 iterum
2489 2544 2612 2578 cum

1525 2598 1699 2649 Gaisf.
1747 2614 1814 2648 ex
1870 2597 2064 2648 iisdem
2123 2596 2277 2646 libris
2333 2598 2612 2662 rescripsi-

1523 2682 1662 2717 mus.
1696 2667 1874 2733 Vulgo
1909 2662 2167 2732 βασιλῆα.

1594 2767 1879 2818 Σκυθέων
1913 2765 2028 2817 τῶν
2062 2758 2330 2832 νομάδων
2364 2761 2486 2829 εἴλη
2511 2754 2611 2815 άν-

1524 2835 1681 2903 δρῶν
1719 2829 2085 2902 στασιάσασα]
2134 2834 2257 2899 εἴλη
2303 2850 2338 2885 a
2380 2835 2612 2885 meliori-

1523 2908 1626 2958 bus
1669 2907 1821 2959 libris
1865 2906 2091 2957 allatum
2141 2904 2495 2972 praetulimus
2539 2904 2611 2954 le-

1525 2978 1694 3028 ctioni
1733 2975 1848 3042 ἴλη,
1886 2992 2047 3042 quam
2084 2980 2140 3027 et
2173 2975 2228 3026 h.
2278 2974 2316 3026 l.
2364 2979 2419 3024 et
2465 2974 2612 3024 infra

1522 3047 1579 3109 Ι,
1627 3049 1731 3098 ’202
1777 3046 2041 3113 praeferri
2100 3045 2220 3095 vult
2263 3043 2496 3095 BredoV.
2551 3061 2605 3109 p.

1524 3116 1643 3167 160.
1681 3117 1789 3168 Sed
1823 3116 1946 3166 libri
1983 3117 2063 3165 ita
2097 3115 2382 3176 fluctuant,
2417 3121 2479 3164 ut
2502 3130 2610 3164 me-

1518 3184 1683 3236 liores
1753 3191 1899 3236 certe
1968 3185 2123 3250 sequi
2182 3188 2441 3249 praestet.
2521 3184 2607 3234 cf.

1521 3257 1689 3305 etiam
1724 3255 2051 3337 Wesseling.
2081 3254 2152 3304 ad
2177 3254 2406 3304 Diodor.
2434 3251 2605 3303 Sicul.

1520 3325 1700 3388 XVII,
1737 3323 1823 3376 33.
1861 3355 1931 3364 —
1964 3316 2197 3384 ἀνδρῶν
2232 3338 2354 3372 cum
2391 3322 2608 3371 Wesse-

1521 3395 1692 3472 lingio
1709 3394 1890 3459 placet
1901 3394 2199 3456 adiungere
2222 3391 2465 3456 genitivo
2492 3387 2607 3438 τῶν

1521 3455 1816 3528 νομάδων,
1869 3467 1932 3512 ut
1997 3459 2184 3510 eadem
2250 3459 2451 3508 locutio
2511 3458 2602 3538 sit,

1520 3548 1662 3597 quae
1718 3531 1864 3597 apud
1919 3530 2134 3580 Arriau.
2189 3526 2437 3578 1nd.29
2501 3541 2602 3574 αν-

1518 3602 1752 3663 θρωποι
1815 3591 2085 3663 νομάδες,
2143 3595 2392 3660 aliaeque
2444 3594 2604 3645 huius

1518 3671 1733 3737 generis
1769 3667 1913 3719 haud
1949 3682 2072 3717 raro
2117 3670 2410 3716 occurrunt
2453 3663 2603 3714 locu-

1518 3742 1725 3801 tiones,
1772 3738 1866 3788 ubi
1910 3727 2088 3800 ἀνὴρ,
2137 3725 2455 3796 ἄνθρωπος
2499 3733 2603 3784 hoc

1520 3809 1680 3859 modo
1693 3807 1936 3857 additum
1956 3805 2221 3855 videmus.
2248 3803 2427 3870 Magis
2443 3818 2605 3869 quae-

1517 3881 1627 3929 sita
1663 3876 1877 3927 videtur
1913 3875 2123 3927 Schwei
2163 3875 2217 3924 h.
2253 3874 2395 3923 ratio
2438 3870 2604 3936 ,,εἴλη

1514 3939 1765 4011 ἀνδρῶν,
1791 3961 1930 4012 quae
1951 3941 2074 4007 εἴλη
2142 3940 2334 4006 νδρων
2368 3909 2474 3992 fui't
2497 3932 2604 4008 (ἔτι)

1517 4014 1802 4066 Σκυθέων
1823 4013 1937 4065 τῶν
1975 4005 2305 4078 νομάδωνμ
2340 4012 2425 4062 Ad
2447 4026 2605 4076 argu-

1515 4093 1755 4138 mentum
1792 4086 1941 4136 conf.
1976 4084 2023 4147 Ι,
2063 4082 2163 4135 103
2198 4097 2350 4147 seqq.
2396 4080 2607 4131 Statuit

1514 4156 1778 4206 Volneius
1816 4153 2029 4219 (Suppl.
2067 4152 2102 4202 a
2130 4151 2439 4202 l'Herodot.
2477 4165 2531 4214 p.
2570 4149 2606 4198 8

1515 4226 1713 4291 seqq.‚)
1755 4224 2022 4274 accidisse
2059 4222 2180 4283 boc,
2200 4220 2345 4285 quod
2383 4218 2450 4269 de
2472 4219 2607 4281 Scy-

1515 4294 1625 4345 this
1660 4292 2075 4344 advenientibus
2104 4290 2352 4356 legimus,
2377 4291 2608 4338 exeunte

1515 4379 1661 4413 anno
1693 4362 1796 4415 632
1828 4378 1880 4412 a.
1920 4360 2046 4411 Chr.
2081 4375 2136 4409 n.
2183 4358 2364 4422 Atque
2397 4356 2606 4420 Cyaxa-

2107 4440 2178 4499 11
