3109 5092
1141 331 1646 392 EUTERPE.
1692 332 1777 392 H.
1819 339 1908 392 86.

392 532 502 585 τες
542 500 762 594 ὀρθὸν
816 501 983 593 πρὸς
1042 520 1287 593 τοῖχον.

393 706 711 757 Creuzerus.
785 705 944 768 Quod
979 706 1195 771 proprie
1223 705 1291 756 de
1321 720 1475 767 auro,

392 780 620 841 argento
649 774 757 838 (11,
799 776 911 825 121.
951 778 1001 838 9.
1029 775 1080 837 l)
1117 775 1346 840 aliisque
1382 775 1476 824 bo-

392 845 510 907 nis,
555 844 719 895 etiam
755 844 857 905 iis,
907 859 1048 909 quae
1087 845 1260 894 victui
1307 845 1478 894 inser-

392 915 567 976 viunt,
610 914 894 965 servandis
928 913 1226 963 adhibitum
1256 914 1382 964 iude
1404 913 1476 963 ad

394 998 458 1033 ea
505 984 765 1046 refertur,
813 998 1192 1048 quaecunque,
1243 988 1305 1032 ut
1347 998 1477 1032 cara

395 1053 552 1103 nobis
593 1058 647 1102 et
690 1054 958 1117 pretiosa,
1004 1053 1290 1102 recondita
1324 1051 1477 1102 volu·

392 1138 514 1172 mus
557 1126 890 1173 vetustatem
944 1123 1106 1174 ferre.
1154 1152 1224 1161 —-
1266 1122 1472 1172 Vei-bat

394 1181 455 1240 ἐν
476 1183 741 1255 οἰκήματι
764 1189 996 1258 θηκαίῳ
1021 1192 1068 1240 si
1098 1191 1314 1257 quidem
1343 1206 1480 1241 sana

394 1265 542 1322 sunt,
567 1260 702 1310 nihil
726 1260 876 1310 aliud
901 1259 1210 1325 significare
1229 1265 1477 1325 possunt,

393 1330 502 1380 nisi
535 1332 587 1379 in
620 1331 903 1380 conditorio
938 1333 1062 1381 nulli
1100 1332 1192 1381 alii
1221 1331 1305 1380 rei
1335 1346 1481 1395 quam

391 1401 515 1450 solie
540 1401 733 1449 arculis
757 1399 1061 1464 recipiendis
1107 1400 1358 1450 destinato
1394 1415 1477 1449 re-

395 1469 576 1534 posita
611 1469 785 1519 fuisse
821 1484 1048 1533 corpora
1082 1469 1355 1519 medicata
1402 1467 1480 1518 lo·

395 1537 532 1589 culis
553 1537 783 1602 inclusa,
816 1540 932 1589 sive
951 1538 1041 1604 (ut
1062 1538 1310 1603 Heynius
1336 1537 1475 1604 vult)

391 1610 442 1657 in
478 1609 585 1658 loco
621 1623 910 1673 quocunque
955 1608 1258 1671 recipiendis
1302 1609 1479 1659 loculis

391 1679 626 1727 consciunt·
640 1679 804 1739 solite,
832 1692 900 1727 ne
926 1676 1136 1727 scilicet
1154 1677 1368 1727 aedium
1392 1692 1478 1728 sa-

394 1746 570 1797 crario
606 1745 982 1812 aedificiisque
1001 1747 1231 1811 privatis
1267 1747 1370 1796 hoc
1400 1747 1479 1796 fa-

392 1820 539 1866 ctum
575 1830 696 1866 esse
742 1817 1130 1867 existimemus.
1203 1816 1320 1866 Iam
1353 1831 1479 1866 cou-

392 1884 548 1935 clave
603 1885 705 1935 erit
768 1885 1120 1951 cogitandum
1175 1884 1477 1935 arcularum

393 1958 772 2019 congestarum
791 1954 1135 2005 multitudine
1159 1954 1477 2005 distinctum

394 2023 841 2089 insignitumque.
913 2024 1021 2075 Sed
1066 2025 1343 2090 negotium
1396 2024 1479 2073 fa-

394 2094 562 2144 cessit
612 2091 940 2144 adiectivum
988 2091 1267 2157 θηκαῖος,
1321 2093 1479 2144 cuius

394 2163 488 2212 vix
524 2161 752 2212 alterum
800 2162 1100 2227 exemplum
1135 2162 1405 2227 reperias,
1445 2177 1479 2212 a

395 2224 554 2295 θήκη
579 2230 638 2296 (i.
654 2247 702 2282 e.
719 2248 863 2294 arca,
887 2235 1093 2293 loculus,
1114 2232 1186 2283 cf.
1212 2231 1477 2297 ad11,67)

397 2301 768 2352 derivandum.
834 2303 955 2364 Quo
979 2301 1113 2352 illud
1140 2301 1372 2361 accedit,
1397 2301 1479 2351 bi-

394 2386 493 2421 nos
530 2370 697 2421 libros
720 2386 818 2435 pro
841 2369 1099 2437 θηκαίῳ
1127 2370 1320 2421 offerre
1350 2369 1476 2434 Θη-

393 2437 543 2506 βαίῳ
561 2477 576 2502 ,
627 2439 788 2505 quale
824 2439 1155 2491 adiectivum
1198 2440 1344 2490 haud
1392 2445 1477 2490 est

390 2508 687 2560 insolitum.
759 2510 883 2561 Hoc
931 2510 979 2560 si
1027 2511 1289 2575 recipias,
1338 2510 1478 2560 The·

393 2579 553 2629 baica
588 2579 741 2644 regio
779 2577 1136 2643 intelligenda
1171 2579 1301 2641 erit,
1349 2579 1479 2629 iusi-

393 2648 516 2713 gnis
551 2647 649 2698 illa
682 2648 897 2714 quidem
942 2665 1010 2699 ac
1062 2650 1176 2700 fere
1219 2649 1477 2713 primaria

392 2716 667 2768 hominum
682 2717 963 2782 sepultura
976 2718 1319 2768 conditorum
1330 2717 1477 2782 ipso-

395 2802 498 2851 que
534 2787 636 2837 deo
686 2788 941 2852 primario
983 2787 1203 2838 Osiride
1249 2792 1302 2836 et
1343 2787 1477 2837 reci·

392 2856 602 2919 piendis
646 2872 928 2921 procerum
976 2872 1040 2908 ac
1077 2855 1332 2906 ditiorum
1375 2856 1478 2906 Ae-

393 2926 703 2990 gyptiorum
765 2925 1128 2977 cadaveribus
1191 2925 1477 2977 medicatis

392 2994 733 3058 potissimum
796 2996 1094 3046 destinata.
1192 2995 1270 3045 Ut
1334 2995 1477 3044 enim

393 3079 603 3115 summa
637 3065 692 3114 in
728 3064 863 3129 ipsis
899 3064 1218 3116 condiendis
1250 3063 1478 3114 mortuis

393 3148 553 3195 cura,
601 3134 684 3184 ita
726 3134 873 3185 haud
911 3135 1086 3184 minor
1127 3135 1185 3183 in
1218 3133 1358 3184 locis
1399 3149 1480 3184 se·

389 3202 641 3267 pulturae
675 3202 958 3268 eligendis.
1031 3204 1342 3254 Thebaicae
1386 3218 1481 3253 au-

390 3276 500 3321 tem
535 3273 775 3337 regionis
800 3288 922 3323 cum
950 3288 1159 3323 summa
1182 3276 1329 3323 esset
1357 3288 1480 3323 san-

389 3342 572 3404 ctitas,
606 3345 1028 3392 consentaneum
1056 3343 1322 3407 profecto,
1348 3357 1479 3407 opu—

386 3408 642 3460 lentiores
679 3425 895 3475 quoque
928 3411 1058 3462 illuc
1101 3427 1333 3476 corpora
1376 3427 1478 3461 sua

389 3480 660 3531 medicata
692 3480 892 3530 deferri
927 3485 1092 3545 atque
1140 3482 1331 3545 reponi
1368 3482 1477 3530 ius-

389 3550 545 3600 sisse.
604 3550 722 3599 Iam
749 3564 942 3602 sensus
970 3550 1224 3601 lectionis
1249 3564 1286 3599 a
1309 3549 1475 3599 Creu·

387 3634 512 3669 zero
553 3617 800 3683 pluribus
823 3619 1133 3670 illustratae
1169 3617 1268 3683 (cf.
1296 3634 1350 3682 p.
1384 3620 1469 3670 73.

385 3688 455 3739 95
485 3703 599 3753 seq.
625 3687 724 3740 103
752 3689 935 3755 seqq.)
971 3690 1061 3739 hic
1082 3689 1215 3739 erit:
1252 3703 1473 3750 corpora

383 3757 633 3808 medicata
666 3765 720 3808 et
751 3760 888 3809 arcis
921 3761 1116 3809 inclusa
1150 3759 1387 3821 deferunt
1422 3760 1476 3807 in

393 3826 691 3877 Thebaidem
728 3823 941 3893 (utpote
985 3827 1342 3879 conditorium
1391 3843 1474 3877 re·

384 3895 590 3961 ligione
612 3897 844 3946 maxime
881 3896 1283 3958 consecratum)
1308 3896 1475 3960 ibique

382 3967 437 4014 in
469 3967 701 4027 sepulcro
738 3966 971 4016 condunt.
1042 3966 1223 4015 Unum
1271 3968 1474 4025 tamen,

385 4037 674 4097 antequam
713 4034 779 4084 de
811 4034 1047 4084 lectione
1097 4034 1299 4083 certius
1346 4048 1470 4096 pro-

384 4103 750 4166 nuntiaveris,
785 4108 1003 4166 reputes
1027 4101 1220 4162 velim,
1259 4098 1473 4164 οἴκημα

384 4186 506 4220 cum
540 4169 707 4221 latius
753 4176 944 4236 pateat
980 4170 1380 4235 significatione
1415 4174 1473 4219 et

383 4254 761 4305 quamcunque
795 4239 1098 4291 aediculam
1129 4254 1470 4289 cameramve

384 4307 642 4358 denotare
679 4311 883 4373 possit,
921 4324 1144 4359 necesse
1165 4307 1340 4358 videri
1376 4306 1469 4356 ad-

382 4375 542 4427 datur
577 4377 797 4445 aliquod
815 4377 1140 4430 vocabulum
1154 4414 1168 4441 ,
1209 4392 1315 4445 quo
1351 4377 1468 4427 eius

2542 327 2667 388 619

1408 500 1585 573 οὕτω
1633 504 1760 593 μὲν
1808 499 1965 583 τούς
2011 499 2093 571 τὰ
2133 502 2665 571 πολυτελέστατα

1581 705 1665 755 vis
1702 706 2012 756 accuratius
2038 702 2327 754 definiatur
2358 708 2413 753 et
2433 703 2666 754 illustre-

1580 779 1689 824 tur.
1762 775 1921 838 Quod
1958 773 2202 824 additum
2228 773 2531 824 invenimus
2552 772 2663 837 θη-

1581 846 1780 906 καίον,
1817 844 1875 894 id
1911 843 1982 894 ad
2019 845 2395 907 argumentum
2423 859 2530 893 non
2554 844 2665 892 ine·

1582 919 1731 979 ptum
1762 913 1935 964 videri
1972 911 2199 977 poterit,
2250 912 2329 962 ita
2375 916 2438 962 ut
2472 912 2663 962 domus

1580 981 1918 1049 intelligatur
1951 998 1997 1032 s.
2031 997 2268 1042 camera,
2308 980 2665 1031 adservandis

1579 1051 1772 1103 loculis
1835 1045 2099 1117 (θήκαις)
2155 1051 2450 1102 destinata.
2537 1050 2665 1101 Val-

1581 1121 1889 1181 ckenarius,
1912 1122 2002 1204 qui
2023 1121 2130 1170 loci
2150 1119 2532 1170 difficultatem
2549 1137 2665 1186 per·

1582 1192 1776 1258 spexit,
1815 1191 2126 1241 coniecerat
2149 1181 2209 1238 ἐν
2236 1182 2503 1253 οἰκήματι
2523 1205 2665 1239 και-

1581 1278 1614 1311 ν
1631 1259 1703 1329 ᾧ,
1733 1259 2181 1325 quemadmodum
2197 1259 2357 1308 etiam
2380 1259 2524 1323 apud
2535 1261 2665 1311 Dio·

1580 1332 1770 1382 dorum
1820 1330 1867 1390 1,
1917 1330 1987 1380 92
2035 1332 2235 1379 exstat.
2310 1329 2487 1391 Miot„
2527 1328 2666 1380 alter

1582 1399 1771 1453 Gallus
1805 1400 2102 1464 interpres,
2142 1398 2223 1447 sic
2256 1397 2451 1447 vertit.
2500 1399 2666 1457 „dans

1581 1475 1635 1521 Ia
1668 1468 1896 1519 chambre
1930 1469 2214 1531 sepulcrale
2248 1466 2313 1517 de
2345 1468 2399 1516 la
2410 1468 2666 1530 sandllef‘

1581 1542 1771 1603 Neque
1782 1537 1942 1588 aliter
1951 1535 2215 1588 Rosellini
2225 1534 2541 1598 (Monumm.
2556 1538 2661 1588 civ.

1582 1610 1692 1660 111.
1734 1624 1790 1673 p.
1836 1606 1961 1672 340)
2001 1606 2068 1656 de
2106 1606 2341 1670 sepulcri
2390 1604 2511 1655 loco
2548 1607 2665 1657 sive

1583 1681 1742 1731 domo
1781 1675 2105 1741 recipiendis
2141 1690 2186 1725 s.
2226 1674 2557 1738 deponendis
2581 1691 2666 1726 ar-

1580 1747 1718 1799 culis
1756 1746 2054 1798 constituta
2079 1744 2256 1808 accipi
2274 1743 2410 1793 vult.
2485 1745 2665 1805 Quare

1581 1817 1926 1869 retinendum
1974 1814 2104 1864 duxi
2150 1809 2380 1880 θηκαίῳ
2425 1828 2548 1864 cum
2584 1830 2665 1865 re-

1581 1890 1751 1938 centt.
1788 1884 1910 1937 edd.

1650 1969 1799 2004 ουτω
1836 1946 1940 2017 μὲν
1973 1943 2110 2008 τοὺς
2132 1967 2201 2000 τα
2224 1949 2666 2001 πολυτελέστατα

1583 2016 1853 2084 σκευαζου
1858 2035 1912 2071 σι
1952 2012 2211 2087 νεκρούς]
2249 2020 2509 2086 Supplex-e
2541 2037 2666 2087 pos-

1581 2096 1656 2146 sis
1683 2109 1805 2144 cum
1825 2090 2337 2169 Schweighaeusero
2366 2091 2664 2142 orationem

1579 2165 1723 2215 hunc
1755 2163 1813 2212 in
1848 2161 2088 2212 modum.
2126 2152 2261 2216 τοὺς
2288 2152 2435 2209 κατὰ
2466 2153 2536 2210 τὰ
2561 2176 2663 2210 πο-

1578 2229 1940 2282 λυτελέστατα
1962 2227 2451 2294 ταριχευομένους.
2500 2233 2666 2294 Quid-

1580 2304 1637 2353 ni
1674 2301 1891 2353 facilius
1931 2299 2206 2383 supplere·
2258 2297 2663 2365 βουλομένους,

1579 2378 1643 2423 ut
1675 2372 1730 2421 in
1766 2386 1919 2437 seqq.
1953 2365 2089 2425 τοὺς
2127 2361 2197 2417 τὰ
2232 2367 2372 2432 μέσα
2396 2366 2663 2436 βουλομέ-

1582 2456 1745 2502 νουςς
1775 2455 1967 2491 sensus
1999 2438 2146 2490 haud
2164 2436 2467 2488 'obscurust
2503 2440 2666 2503 „haec

1582 2520 1661 2562 eet
1673 2513 1808 2561 ratio
1834 2509 2132 2574 appar-andi
2147 2522 2211 2557 ea
2232 2508 2509 2569 cadavera,
2535 2527 2666 2575 quae

1577 2580 1953 2657 pretiosissima
1994 2578 2197 2629 condita
2252 2578 2460 2630 volunt!
2446 2577 2483 2604 ‘⁴
2580 2580 2665 2629 Ad

1579 2649 1778 2700 verba·
1826 2638 2082 2703 ἷστοὶντες
2118 2636 2310 2706 ὀρθὸν
2358 2640 2503 2707 πρὸς
2547 2652 2664 2697 τοῑ

1581 2733 1686 2782 χον
1718 2720 1903 2767 monet
1941 2714 2165 2787 Belzoni
2197 2711 2444 2779 (Voyage
2466 2715 2513 2768 I.
2536 2733 2663 2784 pag.

1579 2786 1706 2851 266)
1742 2787 1798 2836 in
1835 2784 2041 2851 cryptis
2065 2800 2099 2834 a
2124 2780 2180 2835 se
2202 2783 2431 2833 detectis
2456 2799 2517 2835 se
2541 2802 2665 2837 con-

1578 2857 1803 2907 trarium
1839 2855 2146 2916 invenisse,
2195 2852 2394 2917 quippe
2437 2856 2666 2908 mumias

1581 2923 1887 2989 „ceuchees
1933 2940 2031 2989 par
2073 2923 2303 2988 rangees
2358 2922 2667 2976 horizonta-

1579 2996 1657 3047 les
1673 2990 1706 3056 3²
1733 2994 2175 3061 quelques-unes
2223 2990 2429 3043 etaient
2475 2995 2667 3045 eufon-

1582 3064 1706 3117 cees
1742 3065 1879 3114 daus
1914 3081 1989 3115 un
2027 3064 2228 3114 ciment
2254 3063 2346 3127 qui
2372 3078 2406 3111 a
2438 3063 2509 3114 dd
2549 3065 2666 3117 etro

1581 3151 1706 3186 mou
1753 3135 1934 3199 quand
1974 3134 2054 3184 les
2100 3132 2306 3183 caisses
2354 3148 2392 3197 y
2434 3138 2531 3182 ont
2576 3133 2666 3186 ete

1582 3203 1906 3270 deposees.“
1992 3204 2195 3254 Omnes
2243 3201 2472 3251 mumias
2517 3202 2665 3254 humi

1580 3276 1761 3325 iacere
1789 3274 2065 3324 affirmant
2089 3286 2301 3338 quoque
2319 3270 2518 3321 Clarke
2532 3274 2666 3323 Tra-

1580 3345 1699 3395 vels
1731 3347 1834 3394 etc.
1875 3343 1953 3403 11,
1991 3345 2042 3393 2.
2080 3357 2134 3405 p.
2167 3340 2268 3390 163
2291 3338 2416 3391 coll.
2456 3355 2511 3403 p.
2544 3342 2661 3390 XV.

1579 3418 1633 3463 et
1667 3411 1929 3462 Rosellini
1959 3411 1998 3460 l.
2040 3409 2101 3471 l.,
2146 3408 2309 3471 idque
2348 3409 2512 3456 etiam
2554 3423 2665 3458 cer-

1576 3483 1726 3531 nitur
1761 3497 1827 3530 ex
1848 3481 2084 3543 imagine
2117 3490 2363 3526 camerae
2394 3475 2666 3540 sepulcra-

1574 3549 1644 3600 lis
1669 3550 1964 3599 Thebanae
1983 3545 2198 3597 mumiis
2223 3543 2479 3608 repletae,
2504 3561 2662 3610 quam

1577 3618 1823 3669 exhibuit
1834 3616 2160 3666 Wilkinson.
2176 3613 2432 3662 Manners
2442 3618 2665 3667 etc.sec.

1576 3704 1681 3738 ser.
1707 3688 1784 3736 11.
1820 3701 1874 3750 p.
1903 3684 2104 3736 XXXI.
2141 3682 2247 3733 Sed
2266 3682 2410 3746 apud
2436 3684 2663 3735 eundem

1575 3755 1902 3807 Wilkinson.
1943 3754 2228 3819 (Manners
2262 3755 2366 3801 etc.
2403 3766 2513 3802 sec.
2559 3769 2663 3804 ser.

1576 3826 1653 3876 11.
1693 3841 1745 3889 p.
1784 3821 1916 3880 388)
1946 3822 2175 3871 mumias
2211 3824 2423 3870 stantes
2459 3826 2516 3871 et
2553 3838 2666 3874 ere-

1579 3899 1716 3954 ctas,
1742 3893 1936 3957 quibus
1958 3889 2195 3941 officium
2218 3889 2535 3956 persolvunt
2561 3893 2663 3953 sui,

1579 3980 1645 4014 ex
1694 3962 1830 4027 ipsis
1865 3960 2228 4011 monumentis
2275 3959 2667 4025 Aegyptiorum

1577 4031 1881 4095 descriptas
1919 4029 2314 4093 conspicimus,
2350 4029 2586 4095 itemque
2610 4046 2662 4095 p.

1577 4102 1681 4151 385
1716 4099 1947 4149 mumias
1979 4102 2222 4160 erectas,
2262 4112 2404 4161 quae
2426 4098 2514 4148 vel
2544 4099 2663 4149 oleo

1573 4168 1971 4235 perfunduntur
1988 4166 2118 4217 vel
2102 4183 2157 4216 m
2180 4165 2540 4217 conditorium
2558 4165 2667 4230 (οἴ-

1572 4253 1726 4302 κημα
1762 4235 2042 4302 θηκαιον)
2080 4252 2115 4286 a
2152 4234 2268 4286 suis
2304 4234 2664 4297 abducuntur,

1571 4308 1827 4357 adstante
1861 4320 1999 4370 pone
2027 4304 2273 4364 homine,
2309 4305 2403 4368 qui
2433 4305 2663 4354 mumias

1572 4379 1782 4428 erectas
1817 4389 1854 4424 a
1886 4379 2042 4441 tergo
2090 4373 2355 4435 sustinet,
2405 4387 2473 4423 ne
2517 4373 2660 4424 deci·
