3109 5092
498 331 622 392 700

1360 335 1900 397 HERODOTI

501 508 857 598 Δήμητρος
878 561 896 592 ,
934 507 1182 597 ἀπέχον
1209 516 1322 596 τῆς
1351 508 1580 589 πόλιος
1617 519 1826 578 εἴκοσι
1858 515 2204 589 σταδίους.
2250 511 2361 577 καὶ
2396 499 2587 595 αὖτις
2613 506 2771 576 ὀπί-

367 623 483 684 123
500 634 596 682 σω
625 616 698 681 ἐκ
723 619 843 682 τοῦ
874 618 1024 702 ἱροῦ
1038 611 1326 699 ἀπάγειν
1353 639 1470 702 μιν
1497 610 1653 692 τούς
1683 613 1931 692 λύκους
1952 617 2018 693 ἐς
2035 608 2253 681 τωυτό
2278 619 2548 703 χωρίον.
2617 620 2771 681 Τοῖ-

498 738 566 785 σι
594 720 721 803 μέν
747 744 880 786 νυν
907 711 1001 785 ὑπ
1011 714 1445 803 Ἀἰγυπτίων
1466 719 1882 804 λεγομένοισι
1910 717 2211 805 χράσθω,
2246 744 2415 785 ovem
2431 713 2512 784 τὰ
2539 720 2773 784 τοιαῦ-

499 847 579 890 τα
608 819 870 889 πιθανά
902 823 1038 888 ἐστι
1061 841 1074 854 ·
1132 823 1274 907 ἐμοὶ
1306 820 1379 889 δὲ
1409 818 1589 908 παρὰ
1617 819 1835 888 πάντα
1860 818 1979 888 τὸν
2006 819 2207 906 λόγον
2233 815 2583 888 ὑπόκειται
2602 870 2622 903 ,
2671 814 2775 886 ὅτι

500 1004 627 1038 orco
665 992 954 1053 cognatum
1001 989 1178 1037 visum
1225 992 1336 1049 est,
1386 991 1440 1036 et
1489 1002 1585 1036 no-

500 1058 706 1107 cturnis
743 1063 955 1107 tantum
993 1058 1195 1107 umbris
1219 1056 1480 1107 confisum
1512 1056 1582 1105 ab

497 1126 594 1175 illa
639 1126 870 1176 obscura
929 1127 1176 1190 regione,
1234 1125 1362 1177 solis
1414 1125 1582 1175 radiis

496 1197 779 1260 impervia,
805 1195 874 1246 ad
905 1202 1147 1245 nostrum
1167 1197 1422 1245 mundum
1442 1211 1584 1245 com-

498 1281 695 1315 meare.
751 1266 934 1329 Ipsum
961 1281 1174 1330 quoque
1199 1265 1470 1315 Osiridem
1499 1280 1584 1314 as-

499 1340 715 1398 sumpta
757 1334 868 1398 lupi
917 1335 1098 1398 specie
1148 1335 1215 1384 ab
1265 1335 1455 1384 inferis
1503 1350 1583 1384 re-

499 1404 666 1452 diisse
689 1402 799 1451 Oro
827 1401 1150 1466 opitulatum
1179 1404 1443 1453 adversus
1475 1404 1583 1467 Ty-

498 1472 758 1536 phonem,
817 1473 959 1521 inter
1005 1486 1232 1522 caussas
1278 1471 1393 1537 lupi
1441 1472 1585 1537 apud

497 1542 798 1606 Aegyptios
834 1542 1139 1592 consecrati
1175 1548 1361 1592 narrat
1385 1542 1588 1591 Diodo-

497 1627 589 1661 rus
627 1611 672 1672 Ι,
715 1610 783 1661 88
820 1609 942 1661 coll.
970 1612 1166 1676 SyneS.
1197 1611 1263 1661 de
1294 1611 1505 1676 provid.
1538 1611 1583 1660 1.

497 1697 625 1745 pag.
672 1680 792 1733 115.
865 1681 1010 1731 Hinc
1057 1683 1221 1731 etiam
1278 1687 1387 1742 est,
1443 1680 1585 1745 quod

495 1751 682 1816 lupum
721 1750 955 1800 Osiridis
989 1751 1151 1801 inseri
1193 1750 1495 1815 symbolum
1533 1754 1589 1799 et

497 1823 771 1871 commercii
806 1821 947 1870 inter
980 1829 1217 1885 utrosque
1251 1821 1472 1881 mundos,
1507 1835 1590 1869 su-

494 1906 672 1954 perum
721 1895 774 1940 et
817 1890 1056 1953 inferunt,
1105 1895 1220 1940 tum
1268 1891 1324 1939 in
1376 1888 1588 1939 duobus

499 1959 828 2025 anaglyphis
864 1960 1032 2010 musei
1071 1960 1334 2025 Borgiani
1383 1975 1447 2008 ex
1485 1959 1589 2007 Ae-

499 2031 704 2094 gyptiis
743 2030 947 2094 cryptis
982 2029 1209 2091 ablatis,
1250 2035 1362 2078 tum
1387 2030 1442 2077 in
1466 2027 1588 2077 obe-

497 2099 620 2149 lisci
656 2099 879 2162 cuspide
904 2099 1299 2149 Wanstediana
1334 2113 1494 2162 super
1515 2098 1590 2145 si·

502 2167 740 2217 mulacro
767 2168 1019 2229 Osiridis,
1053 2184 1209 2233 quem
1233 2169 1589 2217 circumstan-

501 2243 584 2286 tes
621 2237 853 2286 adorant
899 2241 953 2285 et
999 2237 1156 2286 donis
1207 2236 1458 2301 placant,
1499 2252 1588 2285 eo-

502 2307 624 2357 dem
663 2320 766 2370 quo
803 2306 859 2354 in
895 2308 1110 2355 mumiis
1146 2306 1337 2356 habitu
1369 2320 1586 2370 expres-

502 2391 621 2425 sum
658 2375 1132 2439 conspicimuS.““
1205 2376 1360 2425 Haec
1405 2377 1589 2438 Zoega

501 2444 803 2496 verissime.
885 2445 1001 2494 Nec
1051 2445 1227 2494 minus
1287 2449 1437 2494 recte
1491 2443 1587 2494 alii

500 2514 607 2563 viri
657 2514 806 2563 docti
859 2512 1017 2579 lupos
1063 2515 1118 2564 in
1166 2514 1382 2564 mumiis
1422 2513 1587 2577 gemi-

501 2588 662 2634 natos
714 2599 811 2647 pro
863 2584 1159 2634 inferorum
1207 2581 1348 2647 (sive
1394 2584 1590 2634 Amen-

502 2653 633 2719 this)
699 2652 1015 2703 custodibus
1073 2653 1371 2718 accipiunt.
1458 2653 1584 2702 Vid.

500 2723 732 2774 Becker.
771 2723 826 2772 in
859 2723 1092 2788 August.
1134 2723 1241 2773 vol.
1281 2725 1326 2775 Ι.
1369 2722 1437 2772 ad
1471 2722 1587 2773 tab.

503 2794 549 2855 1,
588 2794 869 2856 Boettiger
917 2794 995 2842 in:
1047 2792 1333 2843 Archaeol.
1384 2792 1434 2842 d.
1475 2793 1591 2842 Ma-

500 2862 635 2912 lerei
682 2863 727 2912 1.
784 2877 911 2925 pag.
961 2863 1048 2912 55.
1098 2861 1184 2911 63.
1235 2864 1319 2914 65.
1401 2862 1591 2926 Neque

502 2946 631 2979 vero
658 2930 1015 2980 omittendum
1036 2930 1266 2981 alterum
1294 2930 1446 2991 illud,
1478 2935 1590 2979 tam

502 3014 715 3048 sacrum
744 3000 913 3047 fuisse
937 2998 1118 3063 lupum
1139 2999 1459 3064 quibusdam
1489 3002 1592 3048 Ae-

503 3068 730 3132 gyptiis,
783 3075 844 3116 ut
889 3068 1109 3117 herbam
1160 3084 1372 3133 quoque
1415 3069 1467 3117 ei
1499 3068 1592 3117 be-

505 3137 646 3187 stiae
692 3136 962 3186 letiferam
1010 3138 1065 3186 in
1112 3141 1284 3186 terras
1332 3152 1460 3186 suas
1497 3138 1593 3186 im-

505 3207 714 3271 portari
742 3205 1110 3270 prohiberent.
1170 3205 1353 3269 (Conf.
1376 3205 1588 3256 Aelian.

505 3276 576 3327 H.
598 3277 663 3327 A.
685 3277 782 3338 IX,
823 3275 933 3341 18.)
1006 3276 1182 3340 Igitur
1217 3279 1372 3325 erant
1409 3276 1464 3324 iu
1490 3276 1594 3325 Ae-

506 3350 703 3412 gypto,
754 3346 844 3412 qui
893 3347 1158 3411 parcitum
1197 3344 1400 3395 vellent
1440 3344 1590 3410 lup0,

505 3421 696 3482 utpote
741 3415 1004 3466 bonorum
1043 3416 1206 3465 etiam
1250 3415 1469 3464 deorum
1506 3431 1594 3465 sa-

506 3502 633 3537 crae
679 3486 905 3535 bestiae.
993 3483 1134 3547 Quid
1183 3484 1437 3549 quaeris?
1494 3485 1594 3534 Su-

505 3570 693 3622 perum
718 3556 1055 3619 iuferumque
1081 3560 1494 3605 commentorem
1514 3553 1594 3604 lu-

505 3641 633 3692 pum
691 3629 747 3674 et
804 3624 1061 3689 Aegyptii
1110 3628 1478 3689 agnoverunt,
1539 3626 1595 3671 et

509 3696 838 3746 Graecorum
875 3694 943 3751 ii,
982 3694 1071 3757 qui
1094 3692 1334 3758 Apollini
1359 3692 1594 3741 Dianae-

508 3779 612 3829 que
650 3763 970 3812 dicaverunt
1005 3762 1142 3812 illud
1178 3759 1398 3811 animal.
1427 3762 1596 3811 Nimi-

509 3848 627 3882 rum
672 3831 808 3880 lucis
861 3847 1140 3882 accessum
1188 3837 1242 3881 et
1289 3845 1593 3894 regressum

511 3915 630 3950 cum
676 3900 1010 3963 quotidianum
1068 3904 1181 3949 tum
1237 3915 1447 3949 annuum
1492 3898 1596 3948 hoc

513 3967 759 4034 symbolo
810 3966 1143 4018 declaratum
1188 3967 1474 4018 voluerunt
1506 3970 1597 4017 ve'-

513 4044 657 4088 teres
706 4037 1035 4086 sacerdotes.
1119 4038 1389 4098 Quocirca
1434 4037 1599 4086 etiam

516 4106 588 4157 ad
636 4106 767 4154 vitae
805 4108 1089 4168 ¹mortisqm:
1134 4108 1310 4167 superi
1350 4107 1599 4170 inferique

515 4174 682 4224 mundi
716 4174 945 4222 alterna-s·
991 4177 1122 4222 vices
1165 4174 1419 4223 traducta
1465 4173 1601 4224 haec

518 4252 728 4294 tessera
764 4246 863 4291 est.
937 4240 1113 4306 quue
1147 4243 1262 4303 ipsa
1296 4245 1386 4292 illa
1417 4243 1602 4304 fabula

516 4312 853 4373 Rhampsiniti
913 4317 1123 4373 spectat.
1228 4310 1601 4361 Descenderat

519 4398 615 4433 rex
663 4380 732 4430 ad
779 4378 1014 4443 inferos,
1076 4379 1311 4444 indeque
1363 4379 1600 4429 redierat

1686 988 1742 1036 in
1761 987 1902 1036 banc
1921 987 2115 1037 lucem.
2174 987 2332 1037 Unde
2363 986 2632 1036 ducuntur
2664 986 2779 1050 pri-

1688 1058 1898 1106 mordia
1917 1057 2177 1107 festorum
2211 1058 2431 1106 rituum.
2506 1055 2779 1107 Sacerdos

1687 1125 1946 1191 obligatis
1983 1125 2153 1177 oculis
2205 1126 2438 1175 mittitur
2482 1126 2553 1174 ad
2591 1126 2780 1175 fanum

1686 1196 1851 1246 Isidis
1885 1198 2000 1246 sive
2038 1196 2269 1245 Cereris».
2342 1196 2563 1244 Ducunt
2609 1200 2663 1244 et
2696 1211 2781 1242 re·

1687 1266 1894 1316 ducunt
1917 1266 2030 1315 bini
2052 1265 2185 1330 lupi.
2259 1266 2412 1315 Haec
2431 1265 2615 1314 omnia
2638 1263 2781 1313 nihil

1642 1335 1839 1385 -aliud
1902 1335 2195 1400 loquuntur
2253 1350 2415 1399 quam
2471 1334 2779 1383 doctrinam

1687 1404 1835 1455 illam
1875 1405 2247 1465 sacerdotum,
2284 1403 2353 1452 ab
2382 1404 2661 1453 Herodoto
2688 1419 2779 1452 ex-

1686 1474 1944 1540 plicatam
1984 1474 2233 1539 sequenti
2265 1474 2445 1537 capite
2482 1472 2579 1536 (11,
2624 1473 2777 1537 123):

1687 1545 1937 1594 nimirum
2001 1560 2113 1594 esse
2168 1543 2375 1593 hominis
2433 1545 2645 1592 animam
2691 1546 2777 1593 im-

1688 1616 1971 1677 mortalem,
2026 1614 2122 1664 sed
2173 1615 2385 1662 alternis
2428 1612 2613 1663 vicibus
2660 1616 2780 1662 illuc

1690 1685 2000 1733 descendere
2036 1686 2087 1732 in
2108 1682 2325 1732 obscura
2350 1698 2511 1746 regna
2549 1682 2781 1732 Cereris-

1689 1752 1845 1803 Isidis
1882 1755 2094 1817 indeque
2134 1754 2325 1802 reverti
2368 1754 2419 1801 in
2470 1750 2601 1801 hane
2642 1753 2783 1801 vitae

1690 1822 1899 1871 lucem.“
1971 1821 2112 1871 Add.
2141 1822 2391 1871 Creuzer.
2427 1817 2689 1886 Symbol.'
2702 1820 2781 1872 11.

1690 1907 1819 1955 pag.
1860 1891 1953 1942 141
1995 1907 2148 1956 seqq.
2187 1890 2286 1941 531
2329 1907 2480 1955 seqq.
2522 1890 2611 1942 ed.
2648 1895 2778 1940 tert.

1690 1959 1810 2011 coll.
1850 1963 2092 2011 Heeren.
2141 1960 2307 2011 Ideen
2343 1961 2418 2023 II,
2460 1963 2512 2011 ·2.
2560 1976 2616 2025 p.
2653 1961 2780 2010 201.

1689 2030 1826 2080 Inde
1876 2030 1944 2078 ad
1992 2030 2296 2081 doctrinam
2340 2030 2407 2080 de
2455 2035 2782 2094 metempsy-

1690 2098 1841 2153 chosi
1891 2099 2032 2149 hanc
2077 2098 2318 2149 fabulam
2374 2096 2601 2149 relatam
2648 2114 2783 2163 quo-

1689 2184 1791 2234 que
1827 2168 2002 2218 voluit
2038 2167 2273 2220 Emeric.
2310 2169 2519 2219 David:
2556 2169 2782 2233 Jupiter

1689 2238 1767 2289 11.
1816 2254 1941 2303 pag.
1996 2237 2099 2289 3⁴8
2146 2254 2263 2303 seq.
2357 2237 2498 2288 Add.
2551 2237 2780 2288 Rivola:

1690 2308 1941 2358 Bacchus
1985 2306 2096 2357 und
2129 2306 2404 2357 Pentheus
2439 2307 2779 2371 (Carlsruhe.

1695 2376 1851 2443 1853)
1892 2377 1967 2427 11.
2007 2392 2133 2442 pag.
2171 2375 2239 2426 29
2274 2392 2410 2441 seq„
2450 2378 2542 2440 qui
2599 2377 2667 2426 de
2702 2375 2784 2425 lu·

1691 2462 1882 2511 porum
1919 2446 2323 2510 significatione
2357 2448 2413 2495 in
2452 2446 2652 2495 fabulis
2690 2461 2781 2495 ve-

1692 2522 1868 2566 terum
1894 2520 1948 2565 et
1983 2520 2239 2566 accurate
2273 2521 2328 2565 et
2356 2517 2575 2580 copiose
2599 2515 2784 2579 dispu-

1693 2590 1818 2635 tans
1865 2585 2002 2635 haec
2052 2600 2266 2650 quoque
2314 2586 2530 2649 attigit,
2584 2586 2786 2635 Rham-

1693 2654 1884 2719 psiniti
1920 2655 2185 2706 descensu
2226 2653 2295 2704 ad
2334 2656 2538 2705 inferos
2574 2654 2783 2703 reditu-

1692 2740 1797 2789 que
1835 2723 1904 2773 ad
1945 2740 2170 2789 superos
2208 2724 2345 2774 nihil
2391 2723 2539 2773 aliud
2576 2722 2785 2789 signifi-

1693 2794 1806 2844 cari
1834 2798 1987 2843 ratus
2013 2794 2119 2844 nisi
2144 2793 2314 2843 totius
2350 2800 2581 2844 naturae
2609 2809 2783 2857 aeque

1691 2880 1757 2914 ac
1774 2862 2107 2928 singulorum
2122 2863 2395 2914 hominum
2413 2864 2584 2912 vitam
2608 2866 2784 2913 morte

1694 2934 2020 2983 exstinctam
2068 2937 2123 2981 et
2170 2948 2235 2983 ex
2283 2939 2456 2983 morte
2500 2933 2570 2983 ad
2609 2934 2784 2981 vitam

1694 3002 1943 3051 reditum.
2052 3004 2125 3052 Et
2197 3003 2340 3053 conf.
2415 3002 2579 3052 etiam
2650 3002 2782 3051 Hei·

1693 3071 1890 3121 necke:
1938 3073 2142 3121 Homer
2189 3089 2243 3121 u.
2291 3073 2527 3137 Lycurg.
2564 3087 2616 3135 p.
2661 3071 2780 3121 120.

1694 3169 1760 3177 —
1786 3141 1916 3189 Mox
1950 3140 2167 3191 restitui
2201 3138 2410 3205 εἴκοσι,
2450 3146 2511 3190 ut
2546 3139 2622 3203 11,
2666 3140 2783 3201 121,

1694 3210 1788 3259 ubi
1822 3210 1936 3261 vid.
1975 3215 2115 3260 nott.

2018 3380 2149 3431 Cn».
2193 3381 2447 3431 CXXIII.

1763 3475 1887 3561 ἐμοὶ
1929 3476 1991 3531 δε
2037 3474 2193 3547 παρὰ
2235 3474 2424 3531 πάντα
2458 3474 2561 3532 τὸν
2610 3476 2783 3547 λόγον

1695 3542 1995 3601 ὑπόκειται
2030 3568 2082 3601 κ.
2108 3568 2155 3601 τ.
2185 3550 2255 3617 L]
2293 3553 2351 3602 id
2385 3556 2494 3603 est.
2527 3553 2642 3601 milei
2662 3569 2783 3604 vero

1696 3627 1743 3672 in
1774 3625 1903 3673 omni
1934 3623 2032 3671 hac
2076 3623 2375 3673 narratione
2420 3622 2475 3671 id
2509 3625 2784 3686 impositum

1698 3699 1805 3749 est,
1846 3698 1926 3755 ut,
1963 3707 2105 3755 quae.
2127 3708 2161 3740 a
2195 3693 2407 3769 singulis
2441 3699 2657 3741 narrata
2694 3709 2784 3741 an-

1697 3761 1814 3821 divi,
1848 3760 2081 3811 scribam.
2136 3760 2359 3811 Retinui
2380 3750 2481 3809 ὑπ’
2515 3750 2781 3819 ἑκάστων,

1699 3829 1853 3895 cuius
1899 3828 2019 3878 loco
2054 3829 2365 3911 Schweigh.
2416 3834 2470 3879 et
2505 3829 2781 3879 Gaisford.

1700 3889 2019 3963 receperunt
2033 3913 2181 4029 ἰντερ
2204 3911 2478 3958 εκαστων,
2517 3898 2634 3949 sine
2671 3898 2788 3947 ido·

2327 4025 2612 4050 -----

1702 4073 1935 4169 itemque
1954 4110 2180 4155 receutt.
2198 4105 2319 4154 edd.
2336 4106 2601 4169 probante
2616 4106 2785 4156 Bern-

1699 4173 1905 4238 hardyo
1940 4176 1995 4223 in
2031 4175 2125 4226 Gr.
2162 4175 2391 4238 Synth.
2426 4189 2555 4253 pag.
2591 4176 2696 4225 244
2730 4178 2786 4224 et

1700 4242 1933 4294 Bredov.
1973 4259 2099 4308 pag.
2142 4243 2263 4293 209.
2336 4242 2419 4292 Ad
2451 4234 2599 4308 cinon
2636 4244 2783 4293 conf.

1702 4316 1843 4362 nott.
1896 4312 1985 4363 ad.
2033 4313 2109 4374 11,
2156 4312 2243 4362 29.
2317 4312 2603 4362 Caeterum
2648 4312 2786 4362 haec

1701 4380 1869 4430 verba
1910 4386 1966 4430 et
2002 4396 2143 4446 quae
2179 4381 2421 4446 proximo
2455 4380 2787 4431 antecedunt
