3109 5092
416 344 539 434 το
1282 367 1822 431 HERODOTI
1925 434 1940 445 ,

417 552 655 616 δοῦναι
683 545 806 635 τὴν
834 547 1038 632 θεὸν,
1066 546 1142 616 τὸ
1167 543 1515 638 ἀνθρώπῳ
1547 558 1778 630 τυχεῖν
1811 541 2087 634 ἄριστόν
2123 544 2282 611 ἐστι.
2333 542 2498 631 μετὰ
2531 545 2696 614 ταύ-

414 674 539 739 την
579 648 653 717 δὲ
687 648 809 736 τὴν
846 648 1085 739 εὐχὴν,
1142 647 1231 730 ὥς
1273 648 1537 718 ἔθυσάν
1576 674 1650 716 τε
1686 650 1800 718 καὶ
1845 645 2326 736 εὐωχήθησαν,
2382 664 2693 717 κατακοι-

412 755 743 842 μηθέντες
776 754 848 818 ἐν
889 753 1069 848 αὐτῷ
1101 758 1195 848 τῷ
1243 758 1364 845 ἱρῷ
1396 757 1464 821 οἱ
1495 759 1760 841 νεηνίαι
1805 750 2029 821 οὐκέτι
2068 747 2477 839 ἀνέστησαν,
2538 749 2688 822 ἀλλ’

414 860 490 926 ἐν
525 857 706 923 τέλει·
735 852 948 947 τούτῳ
989 863 1279 945 ἔσχοντο.
1327 855 1614 945 Ἀργεῖοι
1648 858 1727 925 δέ
1759 876 1993 944 σφεων
2028 853 2291 934 εἰκόνας
2327 856 2688 945 ποιησάμε-

412 987 519 1028 νοι
565 954 905 1026 ἀνέθεσαν
948 959 1012 1035 ἐς
1044 959 1395 1049 Δελφοὺς,
1445 955 1535 1040 ὥς
1580 958 1853 1051 ἀνδρῶν
1898 957 2192 1049 ἀρίστων
2230 963 2637 1047 γενομένων.

320 1076 403 1139 32
561 1058 804 1129 Σόλων
828 1057 952 1147 μὲν
980 1059 1052 1125 δὲ
1083 1062 1509 1152 εὐδαιμονίης
1538 1070 1885 1154 δευτερεῖα
1914 1068 2108 1153 ἔνεμε
2131 1062 2445 1132 τούτοισι.
2483 1071 2691 1153 Κροῖ-

416 1187 528 1244 σος
564 1162 637 1231 δὲ
685 1161 1045 1249 σπερχθεὶς
1092 1161 1266 1231 εἷπε·
1322 1160 1403 1235 Ὦ
1447 1170 1625 1249 ξεῖνε
1655 1166 2012 1257 Ἀθηναῖε,
2050 1163 2091 1256 ἡ
2133 1166 2207 1234 δὲ
2244 1162 2530 1255 ἡμετέρη
2579 1165 2693 1237 εὐ-

415 1272 730 1355 δαιμονίη
774 1260 951 1331 οῧτω
987 1289 1087 1330 τοι
1133 1258 1529 1353 ἆπέρῤιπται
1567 1274 1633 1351 ἐς
1672 1270 1747 1340 τὸ
1793 1271 2039 1360 μηδὲν,
2088 1267 2256 1338 ὥστε
2294 1267 2464 1345 οὐδὲ,
2503 1263 2690 1340 ἰδιω-

414 1375 588 1441 τέων
620 1364 895 1453 ἀνδρῶν
928 1362 1156 1444 ἀξίους
1200 1358 1401 1451 ἡμέας
1437 1375 1780 1462 gnomones-3
1855 1370 1928 1442 Ὁ
1972 1374 2048 1442 δὲ
2084 1372 2261 1443 εἶπε·
2306 1363 2388 1442 Ὦ,
2423 1382 2695 1464 Κροῖσε,

417 1468 861 1557 ἐπιστάμενόν
895 1494 977 1555 με
1009 1466 1083 1535 τό
1111 1477 1308 1535 θεῖον
1345 1472 1475 1536 πᾶν
1509 1475 1621 1545 ἐὸν
1658 1476 2005 1568 φθονερόν
2039 1504 2111 1546 τε
2140 1478 2251 1545 καὶ
2289 1483 2695 1565 ταραχῶδες,

416 1636 648 1687 wd‘ren.“
683 1638 787 1685 Est
822 1636 966 1686 enim
1004 1635 1208 1685 dictum
1244 1650 1371 1699 pro:
1420 1624 1507 1684 ὅτι
1605 1644 1740 1696 Iuno
1769 1663 1822 1711 p.
1866 1645 1986 1697 132.
2024 1644 2237 1696 Bitonis
2275 1649 2494 1696 taurum
2515 1647 2698 1697 hume-

415 1698 696 1756 τοιούτων
756 1702 972 1755 τέκνων
1037 1696 1293 1768 ἐκύρησε.
1365 1704 1504 1755 Add.
1609 1707 1685 1757 ris
1742 1716 2007 1773 gestantis
2081 1720 2321 1765 statuam
2384 1717 2440 1766 in
2507 1716 2694 1767 eodem

414 1776 670 1828 Kuehner
706 1775 800 1826 Gr.
842 1776 937 1827 Gr.
979 1778 1031 1839 §.
1070 1775 1189 1836 771,
1229 1774 1282 1825 Β.
1612 1776 1875 1838 Apollinis
1911 1786 2113 1850 templo
2151 1801 2317 1850 supra,
2355 1787 2462 1835 iam
2500 1803 2696 1836 memo-

481 1835 603 1894 ἀλλ’
655 1835 717 1893 ἐν
771 1841 961 1894 τέλεϊ
1012 1835 1198 1910 τούτῳ
1248 1838 1504 1907 ἔσχοντο]
1612 1846 1848 1894 ravimus
1883 1860 1993 1902 una
2025 1871 2147 1905 cum
2197 1855 2549 1906 celeberrimo
2590 1856 2698 1922 opi-

413 1917 452 1966 i.
490 1931 539 1966 e.
577 1913 707 1977 „hoc
728 1917 862 1965 vitae
892 1914 1037 1965 exitu
1064 1920 1183 1964 sunt
1215 1911 1511 1963 consumi.“
1615 1920 1934 1978 grammate.

415 1985 499 2034 Cf.
539 1983 797 2033 Kuehner
834 1984 929 2035 Gr.
962 1985 1056 2035 Gr.
1087 1988 1138 2046 §-
1175 1983 1295 2043 400,
1337 1984 1389 2033 2.
1419 1980 1512 2046 qui

415 2052 707 2103 vernacule
754 2053 835 2103 sic
883 2053 1152 2104 reddidit:
1212 2052 1330 2114 „sie
1377 2050 1511 2100 blie-

416 2124 520 2172 ben
558 2122 614 2170 in
650 2121 855 2171 diesem
891 2122 1048 2173 Ende
1092 2122 1185 2172 des
1231 2120 1508 2171 Lebens,“
1955 2086 2088 2138 Cn·
2124 2091 2351 2148 XXXII·

418 2190 577 2242 Unde
636 2205 799 2254 quam
852 2191 907 2242 h.
955 2191 992 2241 l.
1051 2206 1225 2255 nuper
1272 2190 1510 2240 tentavit

420 2258 852 2310 emendationem
921 2259 967 2311 1.
1029 2260 1095 2310 G.
1154 2260 1394 2309 Pittakis
1455 2260 1509 2307 in

419 2327 816 2380 Schneidewin.
836 2328 1108 2393 Philolog.
1134 2329 1289 2379 VIII.
1308 2344 1363 2392 p.
1387 2327 1508 2391 5⁴28,

419 2398 690 2449 scribens:
730 2391 963 2459 ἔσχοντο
1008 2390 1191 2464 τούτῳ
1245 2396 1302 2461 (i.
1343 2413 1391 2447 e.
1431 2396 1511 2463 τῷ

416 2457 621 2534 ὕπνῳ,
668 2466 813 2532 quod
868 2482 933 2516 ex
994 2463 1516 2530 κατακοιμηθέντες

418 2533 724 2602 repetatur)
760 2526 983 2597 ἔντελεῖ,
1020 2536 1056 2586 i.
1110 2551 1158 2586 e.
1197 2526 1513 2599 ἐκοιμήθη-

419 2620 525 2656 σαν
570 2599 807 2670 χάλκεον
861 2603 1046 2670 (Hom.
1099 2604 1187 2655 Ili.
1219 2605 1317 2669 XI,
1365 2604 1510 2670 241),

419 2667 695 2739 νήγρετον
744 2662 963 2738 ὕπνον,
1006 2690 1071 2724 ea
1108 2673 1269 2724 facile
1307 2674 1512 2725 carebi-

418 2760 558 2795 mus.
607 2743 825 2793 Laudat
874 2745 959 2795 Cr.
1026 2743 1096 2794 ad
1151 2743 1288 2794 haec
1332 2743 1510 2794 Phile-

418 2829 562 2864 mon.
614 2814 748 2863 Lex.
799 2813 893 2864 Gr.
943 2829 998 2879 p.
1043 2814 1117 2864 94
1169 2830 1289 2879 sqq.
1338 2818 1393 2863 et
1439 2813 1510 2863 ad

416 2884 727 2933 universam
786 2884 1115 2934 sententiam
1161 2888 1513 2948 veterumque

419 2953 488 3002 de
523 2956 697 3001 morte
744 2966 810 3001 ac
844 2952 963 3002 vita
994 2953 1256 3004 iudicium
1293 2953 1510 3003 Platon.

418 3021 647 3072 Lachet.
710 3036 763 3084 p.
813 3020 914 3072 195
953 3024 1004 3072 D
1067 3038 1187 3088 sqq.
1237 3022 1401 3088 Gorg.
1455 3039 1509 3087 p.

421 3093 523 3142 512
575 3090 621 3139 A
669 3089 791 3139 coll.
830 3091 1037 3141 Criton.
1089 3107 1138 3143 c.
1188 3091 1254 3144 16
1300 3109 1415 3157 seq.
1455 3109 1508 3157 p.

420 3164 489 3213 54
542 3160 607 3209 Β.
668 3159 732 3211 C.
816 3161 959 3212 Add.
1017 3161 1226 3212 Juliani
1284 3163 1511 3212 morien-

420 3231 492 3280 tis
538 3228 709 3278 verba
755 3229 901 3295 apud
942 3230 1212 3281 Ammian.
1264 3232 1507 3282 Marcell.

423 3299 594 3360 XXV,
627 3298 679 3350 3.

478 3359 710 3432 Ἀργεῖοι
738 3364 803 3416 δέ
823 3380 1014 3431 σφεων
1032 3359 1261 3424 εἰκόνας
1289 3383 1339 3417 κ.
1362 3383 1409 3417 τ.
1437 3368 1508 3434 λ.]

416 3441 502 3490 De
540 3436 942 3504 significatione
978 3438 1141 3488 medii
1183 3437 1339 3487 verbi
1383 3451 1511 3485 ποι-

414 3506 610 3558 εῖσθαι
653 3508 963 3574 (faciendum
1006 3506 1219 3570 curare)
1275 3507 1368 3555 vix
1428 3510 1510 3556 est

416 3577 562 3642 qnod
608 3592 942 3629 moneamus.
990 3578 1075 3628 Cf.
1124 3582 1267 3628 nott.
1310 3576 1383 3626 ad
1432 3576 1507 3638 11,

418 3647 535 3698 100.
580 3646 700 3696 127.
741 3643 860 3695 148.
904 3647 1023 3697 175.
1070 3646 1238 3697 Addit
1281 3646 1369 3697 Cr.
1408 3646 1507 3696 Er-

413 3715 559 3765 nesti
603 3715 671 3764 ad
717 3713 931 3764 Gallim.
983 3715 1168 3779 hymn.
1216 3718 1274 3765 in
1321 3716 1501 3766 Cerer.

414 3783 501 3845 26,
526 3783 662 3832 haec
695 3798 909 3846 quoque
939 3784 1226 3849 adnotans,
1246 3786 1344 3834 has
1374 3786 1503 3834 ima-

414 3852 568 3917 gines
610 3852 842 3901 tebenno
885 3850 1193 3920 (τηβέννῳ,
1234 3854 1380 3918 quod
1414 3870 1504 3903 ve-

415 3919 657 3972 stimenti
694 3934 866 3983 genus
916 3936 1036 3970 esse
1076 3920 1321 3983 constat)
1350 3924 1505 3973 indu-

414 3996 500 4041 tas
550 3990 745 4049 fuisse,
794 3992 936 4039 teste
980 3991 1190 4040 Polluc.
1236 3992 1362 4054 VII,
1414 3992 1501 4044 61.

413 4058 535 4111 coll.
574 4058 851 4123 Heringae
891 4057 1052 4109 Obss.
1091 4075 1138 4109 c.
1177 4059 1283 4109 ΙΙΙ.
1322 4076 1376 4124 p.
1414 4063 1502 4113 29.

412 4131 498 4183 30.
539 4132 592 4179 et
628 4129 866 4178 Pausan.
918 4128 988 4189 ΙΙ,
1035 4128 1119 4190 20,
1169 4129 1261 4191 qui
1299 4135 1503 4192 narrat,

411 4198 655 4250 Cleobim
693 4201 748 4246 et
782 4198 1035 4247 Bitonem
1077 4197 1239 4262 Argis
1277 4197 1334 4246 in
1371 4202 1504 4249 tem·

408 4268 498 4335 plo
534 4265 801 4332 Apollinis
833 4268 993 4331 Lycii
1028 4267 1084 4316 in
1121 4282 1387 4318 marmore
1418 4285 1505 4318 ex-

408 4336 612 4388 hibitos
631 4352 768 4397 esse,
785 4343 1013 4387 matrem
1024 4336 1304 4399 vehente3‚
1318 4337 1384 4389 de
1396 4355 1502 4407 quo

409 4405 618 4459 consul.
653 4407 954 4477 Boettiggr.
995 4408 1406 4473 Kunstmythol.
1445 4409 1500 4462 d.

1681 2178 1885 2234 Σόλων
1921 2179 2027 2248 μὲν
2053 2181 2116 2235 δὲ
2149 2220 2218 2229 -
2251 2190 2526 2262 τούτοισι]
2566 2199 2604 2249 i.
2646 2215 2694 2249 e.

1613 2254 1903 2316 „secundas
1942 2255 2202 2317 felicitatis
2249 2273 2429 2322 parte,
2474 2266 2551 2315 1153
2607 2271 2699 2317 (rt-

1613 2324 1777 2374 buit.“
1863 2324 2047 2377 Dictio
2125 2324 2331 2377 redolet
2402 2337 2700 2386 certamina

1614 2394 1946 2444 Graecorum
1983 2394 2239 2457 gymnica
2276 2397 2567 2465 ludosque,
2605 2406 2700 2455 uhi

1616 2463 1751 2513 haec
1781 2462 1949 2511 verba
1986 2463 2301 2527 plerumque
2339 2463 2403 2513 de
2434 2467 2700 2524 iudicibus

1617 2548 1662 2584 s.
1699 2531 2045 2597 agonothetis
2099 2538 2418 2593 occurrunt,
2468 2539 2558 2599 qui
2595 2544 2702 2604 pri-

1615 2618 1759 2664 mas,
1821 2601 2091 2651 secundas
2141 2601 2457 2653 decernunt.
2506 2633 2577 2645 —-
2622 2610 2705 2661 Ad

1616 2665 1924 2736 σπερχθεὶς
1973 2670 2117 2721 conf.
2156 2676 2295 2721 nott.
2337 2672 2406 2722 ad
2443 2673 2510 2737 V,
2551 2673 2636 2727 33.

1613 2732 1821 2875 ..215³
1852 2730 2584 2875 ἑμῗέειῑῇῖὲἕῑὲίιῶ
2604 2760 2712 2865 ⁶:523.

1617 2887 1666 2929 te
1721 2883 1773 2929 in
1824 2879 2021 2930 nihilum
2074 2883 2357 2945 proficitur,
2403 2884 2439 2932 i.
2485 2898 2533 2932 e.
2572 2884 2714 2933 nihili

1616 2952 1930 3013 aestimatur,
1963 2953 2101 3001 nullo
2134 2952 2242 3001 loco
2278 2961 2526 3002 censetur.
2600 2954 2710 3004 Ubi

1613 3019 1886 3084 particula
1942 3014 2007 3069 δὲ
2066 3021 2225 3070 initio
2282 3024 2544 3073 sermonis
2601 3039 2710 3073 non

1616 3088 2022 3140 adversativam
2058 3091 2262 3141 retinet
2297 3092 2436 3155 vim,
2487 3093 2580 3145 sed
2617 3108 2710 3143 au-

1615 3163 1710 3224 get
1743 3160 1855 3209 vim
1893 3160 2368 3226 interrogationis,
2419 3177 2579 3227 quam
2614 3179 2709 3213 rex

1614 3229 2056 3293 indignabundus
2095 3230 2226 3281 edit.

1686 3287 2065 3361 ἐπιστάμενόν
2103 3314 2170 3363 με
2203 3290 2267 3349 τὸ
2305 3297 2479 3348 θεῖον
2511 3330 2580 3339 -
2613 3315 2708 3348 τα·

1617 3358 1894 3432 ραχῶδες]
1957 3368 2165 3418 Eadem
2231 3369 2506 3419 sententia
2563 3369 2709 3419 infra

1613 3436 1719 3498 ΙΙΙ,
1759 3437 1844 3486 40.
1878 3437 2004 3498 VII,
2042 3437 2131 3490 46.
2169 3442 2224 3487 et
2269 3438 2396 3500 VII,
2436 3438 2520 3488 10.
2560 3442 2613 3501 §-
2651 3441 2704 3490 5.

1616 3520 1875 3569 expressa
1921 3511 1976 3557 et
2026 3508 2326 3571 impietatis
2373 3507 2589 3556 nomine
2627 3514 2707 3557 ta-

1614 3580 1746 3625 xata
1780 3576 1838 3625 in
1874 3576 2156 3627 Plutarchi
2188 3577 2281 3641 qui
2317 3576 2492 3625 fertur
2522 3576 2706 3627 libello

1612 3647 1680 3695 de
1714 3646 1983 3696 Herodoti
2030 3647 2299 3709 malignit.
2355 3646 2496 3709 Opp.
2534 3646 2610 3696 11.
2649 3663 2704 3711 p.

1609 3715 1712 3767 857
1748 3715 1814 3766 F.
1875 3716 2055 3780 Magis
2095 3717 2238 3766 enim
2283 3714 2490 3779 placuit
2521 3715 2706 3765 Plato·

1609 3784 1695 3833 nis
1733 3785 2031 3848 sententia,
2088 3790 2142 3835 et
2185 3785 2310 3849 ipsa
2356 3783 2540 3833 multis
2580 3785 2706 3834 dein

1609 3855 1873 3919 repetita:
1914 3844 1943 3902 ὁ
1983 3848 2213 3918 φθόνος
2249 3849 2354 3913 ἔξω
2390 3850 2495 3900 τοῦ
2531 3851 2704 3902 θείου

1608 3921 1788 3987 χοροῦ
1837 3921 2087 3985 ἵσταται,
2135 3924 2192 3972 in
2232 3922 2466 3973 Phaedr.
2506 3938 2560 3986 p.
2600 3924 2704 3973 247

1609 3993 1674 4043 A.
1716 4009 1778 4058 p.
1824 3992 1928 4043 352
1973 3993 2194 4054 Heind.,
2242 3990 2404 4054 unde,
2452 3998 2707 4044 monente

1609 4063 1717 4141 δᾳ,
1755 4062 2007 4145 Plotinae
2045 4063 2238 4142 svcribit
2274 4078 2327 4127 p.
2367 4061 2470 4112 216
2509 4063 2579 4112 B:
2616 4051 2704 4111 ὅτι

1604 4130 1925 4252 ἕῖἲιαῗεεὲξε
1951 4131 2150 4265 ζῗιξέἒ
2158 4125 2517 4263 ναᾶὶέἱιοίοτῐζξιξ,
2537 4130 2704 4265 {legg

1607 4269 1675 4320 ad
1708 4271 1978 4321 Herodoti
2009 4272 2339 4321 sententiam
2374 4271 2478 4320 rite
2506 4269 2703 4318 intelli-

1607 4340 1839 4403 gendam
1865 4341 2157 4405 pertinent.
2199 4341 2304 4403 Qui
2326 4340 2557 4403 scriptor
2583 4339 2700 4403 ipse

1605 4410 1730 4473 V11,
1780 4411 1864 4461 10.
1919 4412 1971 4473 §.
2020 4412 2071 4462 5.
2131 4411 2358 4461 eandem
2418 4408 2700 4473 proferens
