3109 5092
497 309 620 370 812

1363 310 1900 374 ΗΕΒΟΒΟΤΙ

364 491 482 553 170
498 483 859 576 θυρώμασι
893 482 932 574 ἡ
962 484 1144 575 θήκη
1188 489 1348 555 ἐστί.
1405 488 1559 555 Εἰσὶ
1600 487 1675 555 δὲ
1716 487 1828 554 καὶ
1861 490 1939 554 αἱ
1973 487 2217 574 ταφαὶ,
2256 490 2380 553 τοῦ
2420 482 2545 552 οὐκ
2582 482 2825 555 ὅσιον

497 594 812 677 ποιεῦμαι
861 591 968 657 ἐπὶ
1012 588 1294 681 τοιούτῳ
1335 590 1669 679 πρήγματι
1710 589 2139 677 ἐξαγορεύειν
2176 585 2476 675 τοῦνομα
2515 591 2590 656 ἐν
2624 588 2821 667 Erit,

497 695 574 761 ἐν
610 697 702 783 τῷ
753 696 878 785 ἱρῷ
919 698 1035 781 τῆς
1063 690 1460 780 Ἀθηναίης,
1511 691 1760 761 ὄπισθε
1802 698 1924 762 τοῦ
1966 698 2169 780 νηοῦ,
2219 688 2471 770 παντὸς
2511 697 2645 759 τοῦ
2680 697 2823 779 τῆς

489 793 852 882 Ἀθηναίης
893 795 1201 882 ἐχόμεναι
1242 803 1487 883 τοίχου.
1559 797 1669 863 καὶ
1712 799 1788 864 ἐν
1838 800 1932 888 τῷ
1972 799 2240 884 τεμένει*
2277 791 2505 882 ὀβελοὶ
2548 797 2821 863 εστ-οἶσι

497 897 773 986 μεγάλοι
807 904 1096 969 λίθινοι·
1148 906 1349 987 λίμνη
1376 902 1454 967 τέ
1475 901 1612 967 ἐστι
1644 900 1957 986 ἐχομένη,
2002 907 2234 987 λιθίνῃ
2264 904 2545 986 κρηπῖδι
2576 925 2815 967 κεκο-

496 1004 798 1089 σμημένη
825 1004 936 1069 καὶ
966 1004 1339 1089 ἐργασμένη
1369 994 1447 1070 εὖ
1475 1001 1726 1095 minam,
1755 1002 1869 1070 καὶ
1896 997 2276 1091 μέγαθος,
2229 1029 2319 1080 ως
2347 1003 2491 1090 ἐμοὶ
2521 1002 2817 1087 ἐδόκεε,

495 1203 579 1252 rio
616 1203 953 1266 Toupioque.
1037 1204 1104 1253 In
1161 1219 1324 1269 quam
1369 1209 1585 1255 senten-

499 1273 632 1322 tiam
682 1271 858 1321 Italus
906 1272 1172 1337 interpres
1226 1274 1370 1322 hunc
1421 1273 1459 1325 1.
1504 1275 1584 1322 ita

497 1343 689 1390 vertit:
726 1356 795 1402 „e
828 1339 1020 1390 dentro
1054 1341 1110 1391 la
1145 1342 1378 1405 pastada
1414 1345 1468 1392 vi
1499 1359 1584 1393 so-

499 1425 569 1458 no
605 1410 709 1459 due
756 1409 968 1458 nicchie
1014 1426 1117 1460 con
1167 1411 1380 1474 duplice
1424 1416 1585 1476 porta

502 1493 531 1527 e
562 1476 706 1527 nella
736 1477 952 1528 nicchia
983 1483 1032 1528 ν’
1070 1478 1098 1528 ὸ
1128 1479 1164 1528 il
1191 1481 1581 1544 repositorio;“

500 1551 554 1596 et
585 1547 640 1596 in
671 1551 804 1596 nota
833 1547 967 1597 haec
990 1549 1203 1599 scribit:
1230 1566 1361 1611 „con
1386 1550 1583 1612 duplic-e

493 1625 681 1679 porea.-
738 1632 769 1665 ο
823 1618 918 1679 piu
971 1624 1145 1667 tosto:
1205 1634 1298 1668 con
1350 1627 1505 1682 porta
1554 1636 1589 1668 a

498 1687 595 1735 due
651 1690 921 1748 imposte.“
1013 1689 1134 1738 Erit
1190 1689 1358 1754 igitur
1411 1688 1586 1737 minus

498 1756 759 1806 conclave
805 1772 849 1804 s.
907 1758 1287 1821 repositorium
1335 1759 1585 1808 binarum

499 1824 778 1876 valvarum
815 1827 979 1876 ianua
1001 1826 1263 1878 clausum.
1313 1826 1587 1891 Schweig-

498 1893 819 1955 haeuserus,
867 1896 954 1945 eui
991 1912 1100 1945 non
1134 1911 1356 1960 prorsus
1401 1896 1588 1961 displi-

501 1970 589 2014 cet
637 1964 896 2014 Larcheri
942 1966 1115 2027 ratio,
1168 1981 1286 2016 eam
1371 1966 1587 2030 roponit

498 2034 615 2111 ipse
654 2035 1184 2097 interpretationem,
1223 2040 1284 2085 ut
1319 1983 1376 2084 ἔ
1382 2032 1449 2096 ξά
1478 2033 1585 2083 θυ-

502 2095 730 2165 ρώματα
763 2105 877 2152 sint
907 2107 1188 2166 qeminacae
1219 2107 1391 2167 sores,
1434 2110 1587 2156 ianua

499 2173 747 2222 binarum
786 2172 1093 2233 valvarum,
1133 2179 1187 2222 et
1211 2167 1270 2223 ἐν
1300 2177 1448 2223 τοῖσι
1477 2172 1585 2221 θυ-

501 2235 715 2316 ραῖμασι
754 2241 895 2290 idem
934 2247 1097 2306 atque
1135 2233 1292 2299 ἐντὸς
1327 2241 1439 2291 τῶν
1475 2240 1583 2290 θυ-

502 2301 792 2371 ρωμοὶτων.
865 2309 1018 2369 Quae
1060 2312 1326 2361 Creuzero
1368 2312 1587 2376 placent

505 2378 860 2443 (Commentt.
899 2379 1140 2429 Herodd.
1177 2395 1302 2444 pag.
1340 2378 1468 2437 304)
1501 2384 1586 2428 ut-

501 2452 630 2512 pote
667 2446 1099 2512 simplicissima,
1137 2449 1267 2499 licet
1304 2453 1585 2513 geminatas

495 2518 644 2581 sores
678 2516 823 2566 haud
859 2524 1143 2582 agnoscat.
1218 2519 1395 2579 „Utut
1417 2520 1587 2599 igitur

501 2586 745 2665 accipias
794 2602 860 2636 ac
901 2593 1085 2637 vertas
1131 2586 1263 2637 illud
1313 2581 1442 2649 διξὰ
1477 2586 1585 2635 θι-

501 2648 731 2719 ριόματα
756 2654 906 2716 (sunt
940 2658 1108 2708 verba
1138 2658 1392 2709 Creuzeri
1425 2656 1586 2719 1.1.,)

501 2740 712 2790 semper
745 2732 1026 2776 remanent
1071 2729 1190 2777 sive
1236 2729 1397 2777 binae
1443 2727 1587 2777 fores

501 2797 618 2845 sive
639 2796 803 2846 ianua
823 2797 1073 2846 binarum
1096 2797 1376 2847 valvarum
1400 2802 1455 2845 et
1473 2797 1591 2860 qui-

502 2864 620 2914 dem
644 2864 699 2913 iu
724 2864 956 2928 sepulcri
979 2868 1385 2916 constructione
1407 2882 1473 2916 ac
1495 2864 1585 2914 de·

437 2956 442 2961 ·
502 2934 677 2983 functi
711 2934 855 2997 regis
888 2934 1211 2984 conditorio.
1266 2937 1439 2996 Quam
1471 2949 1582 2983 rem

504 3003 550 3050 si
576 3016 696 3050 cum
710 3001 1002 3050 Clementis
1020 3003 1413 3068 Porphyriique
1433 3002 1587 3052 testi-

503 3069 697 3118 moniis
743 3070 1020 3130 conferas,
1077 3072 1390 3137 cogitesque
1435 3072 1587 3121 indo-

503 3138 609 3188 lem
640 3138 1056 3202 Aegyptiorum,
1096 3141 1304 3201 omnia,
1342 3156 1481 3204 quae
1516 3140 1586 3190 ad

503 3213 744 3257 mortuos
779 3207 882 3256 rite
918 3210 1320 3272 componendos
1356 3210 1588 3274 pertine·

501 3281 646 3337 rent,
694 3291 789 3340 per
825 3277 1096 3340 quandam
1133 3278 1585 3343 significationem

501 3344 840 3411 (symbolice)
863 3362 1122 3397 exornare
1141 3348 1447 3398 solitorum:
1470 3346 1590 3397 nul-

500 3416 614 3479 lus,
652 3417 868 3481 opinor,
922 3415 1227 3477 dubitabis,
1278 3417 1407 3481 quin
1452 3417 1588 3466 haec

501 3501 715 3550 quoque
766 3485 1073 3549 geminatae
1119 3486 1262 3536 fores
1309 3487 1367 3535 in
1413 3486 1590 3550 sepul-

503 3570 595 3605 cro
632 3554 841 3605 Saitico
882 3560 1129 3620 patentes
1165 3555 1236 3605 ad
1273 3557 1420 3605 vitae
1452 3571 1592 3604 mor—

503 3625 685 3687 tisque
729 3625 878 3673 vices
924 3626 1335 3689 animarumque
1379 3625 1590 3674 vicissi-

503 3693 717 3743 tudines
755 3695 1182 3757 spectaverint.“
1254 3693 1319 3743 In
1365 3695 1588 3743 mumis-

502 3777 622 3811 rum
658 3763 801 3812 enim
835 3762 1064 3826 picturis
1100 3764 1428 3827 conspicuae
1460 3767 1589 3812 sunt

504 3832 648 3880 fores
695 3837 961 3896 angustae
1015 3832 1267 3883 fenestris
1334 3831 1589 3897 quodam-

505 3899 663 3949 modo
701 3900 934 3959 similes,
980 3901 1097 3951 sive
1131 3899 1410 3963 portulae,
1450 3916 1588 3965 quae

505 3969 574 4018 ab
619 3972 853 4032 utraque
897 3969 1062 4019 Isidis
1110 3971 1385 4034 precantis
1435 3975 1589 4034 parte

501 4037 836 4101 aperiuntur.
909 4038 1058 4098 Quas
1110 4038 1293 4087 eodem
1342 4044 1590 4103 spectare

503 4111 687 4156 monet
721 4106 1023 4156 Creuzerus
1060 4105 1096 4155 l.
1133 4106 1171 4155 l.
1214 4123 1268 4171 p.
1309 4107 1428 4167 390,
1467 4109 1588 4159 aliis

502 4190 719 4242 quoque
753 4175 888 4224 locis
927 4172 1185 4224 laudatis.

507 4269 607 4401 ¹4¹⁷}
678 4272 835 4342 θήκη
906 4266 1055 4341 ἔστί]
1125 4274 1286 4325 Cous.
1347 4275 1434 4338 ΙΙ,
1502 4277 1588 4328 67.

2032 1202 2165 1253 Car.
2204 1202 2420 1253 CLXX.

1754 1301 1819 1356 αἴ
1852 1301 2058 1369 ταφαὶ,
2096 1302 2203 1353 τοῦ
2237 1297 2345 1385 οὐκ,
2376 1294 2541 1354 ὅσιον
2576 1301 2815 1353 ποιεῦ-

1685 1390 1783 1440 μαι
1821 1367 1913 1425 ἐπὶ
1948 1367 2191 1439 τοιούτῳ
2228 1369 2513 1439 πρήγματι
2544 1388 2595 1422 κ.
2621 1389 2685 1422 τ.
2717 1372 2809 1439 1.]

1684 1445 1847 1496 Haud
1884 1445 2047 1494 aliter
2090 1449 2174 1494 est
2208 1443 2425 1494 locutus
2461 1444 2674 1493 Noster
2722 1444 2809 1503 ΙΙ,

1684 1517 1772 1566 61.
1801 1514 1888 1565 86.
1934 1515 2050 1573 132,
2084 1514 2177 1563 ubi
2206 1513 2477 1564 Osiridem
2503 1519 2809 1563 mortuum

1688 1601 1844 1664 quem
1882 1584 2131 1634 ferebant
2153 1582 2427 1648 intelligit,
2461 1583 2616 1632 cuius
2644 1572 2809 1644 ὁμο-

1685 1646 1907 1717 τάφους
1942 1652 2176 1716 optimos
2215 1667 2460 1717 quosque
2484 1652 2809 1715 Aegyptio·

1687 1739 1803 1772 rum
1842 1722 1958 1772 fleri
1984 1720 2226 1771 voluisse
2260 1726 2499 1773 constat.
2552 1721 2680 1770 Nec
2711 1720 2805 1770 fu-

1687 1793 1768 1857 git
1809 1792 2215 1854 Athenagoram
2276 1791 2342 1840 de
2390 1790 2557 1856 legat.
2606 1806 2665 1840 c.
2724 1789 2801 1838 ‘25

1687 1861 1822 1911 haec
1855 1860 2123 1911 Herodoti
2155 1860 2324 1910 verba
2360 1860 2799 1911 exscribentem.

1688 1931 1805 1993 „Ac
1850 1929 2055 1979 nemini
2094 1934 2279 1993 potest
2322 1930 2612 1980 obscurum
2662 1943 2801 1978 esse

1685 2002 1842 2063 (sunt
1878 1999 2132 2048 Creuzeri
2170 1999 2338 2049 verba
2366 1999 2421 2048 in
2445 1998 2796 2048 Commentt.

1686 2069 1928 2119 Herodd.
1978 2082 2105 2132 pag.
2148 2068 2298 2133 107),
2343 2083 2437 2118 eos
2476 2068 2636 2127 deos,
2691 2066 2796 2132 qui

1688 2139 1925 2188 humana
1968 2137 2084 2201 pati
2132 2136 2379 2202 adeoque
2416 2144 2643 2187 mortem
2690 2152 2797 2200 op-

1686 2214 1868 2272 petere
1901 2207 2279 2268 crederentur,
2331 2208 2387 2255 in
2434 2207 2799 2271 superiorum

1687 2277 1775 2327 vel
1818 2276 2001 2340 potius
2047 2290 2082 2324 a
2127 2275 2435 2325 mortalium
2488 2280 2637 2326 sorte
2688 2276 2795 2323 im-

1686 2347 1925 2396 munium
1964 2344 2182 2395 deorum
2223 2345 2477 2395 sacrariis
2519 2345 2793 2394 humatos

1687 2431 1825 2466 esse.
1912 2414 2027 2464 Iam
2080 2430 2199 2464 cum
2253 2419 2308 2463 et
2368 2414 2473 2479 ipsi
2528 2414 2793 2463 homines

1687 2486 1843 2534 iuxta
1876 2484 2146 2533 Osiridem
2179 2484 2381 2534 ibidem
2407 2484 2789 2541 humarentur,

1686 2554 1789 2603 hoc
1834 2554 1944 2602 ritu
1993 2552 2250 2603 credibile
2298 2559 2383 2602 est
2439 2552 2576 2602 nihil
2623 2551 2791 2603 alind

1689 2627 1968 2687 spectasse
2005 2623 2335 2687 Aegyptios,
2384 2638 2546 2686 quam
2582 2626 2646 2670 ut
2682 2636 2791 2686 per

1689 2691 1914 2757 gradum
1952 2692 2109 2755 quasi
2137 2696 2192 2740 et
2219 2691 2433 2740 Osiride
2473 2689 2790 2754 opitulante

1689 2761 1759 2810 ad
1798 2776 2035 2809 summos
2073 2761 2202 2810 deos
2248 2761 2636 2820 ascenderent,
2686 2760 2790 2809 ab·

1691 2829 1871 2879 soluto
1916 2831 2174 2893 temporis
2211 2828 2351 2879 finiti
2396 2830 2555 2889 orbe,
2605 2829 2791 2879 homi-

1688 2913 1802 2948 nes.
1810 2900 1843 2924 “
1917 2898 2074 2948 Cous.
2113 2899 2184 2948 ad
2221 2898 2437 2960 11,169
2474 2903 2592 2949 not.

1758 2959 2136 3052 ἐξαγορεύειν]
2193 2968 2314 3017 Hoc
2361 2968 2588 3017 verbum
2622 2983 2789 3018 usur-

1687 3037 1806 3101 pari
1844 3036 1911 3086 de
1942 3040 2151 3087 arcanis
2184 3037 2518 3101 ἀίυιιζᾳαπάἰε,
2552 3038 2784 3099 proden-

1689 3106 1815 3165 dis-‚-
1842 3107 2146 3156 monuimus
2181 3107 2239 3155 in
2274 3106 2530 3156 Creuseri
2566 3106 2783 3157 Melett.

1689 3175 1800 3224 111.
1844 3190 1972 3239 pag.
2009 3174 2097 3226 82.
2130 3204 2201 3213 --
2238 3176 2323 3226 Ad
2358 3166 2597 3239 ἐχόμενα
2631 3176 2785 3239 (pro-

1688 3244 1771 3293 uti
1815 3249 1964 3294 recte
2015 3245 2311 3309 repositum
2363 3248 2449 3295 est
2492 3259 2527 3293 a
2557 3246 2783 3296 Wesse-

1686 3312 1884 3376 lingi0,
1942 3313 2376 3379 discrepantibus
2419 3313 2571 3363 libris
2621 3320 2783 3364 vetu-

1690 3380 1813 3444 stis)
1864 3382 2007 3434 conf.
2048 3383 2135 3443 11,
2190 3382 2287 3432 148
2324 3382 2416 3432 fin.
2493 3384 2659 3434 Plura
2708 3381 2779 3432 ad

1689 3452 1733 3512 1,
1759 3449 1847 3501 93.
1905 3451 1989 3501 Ad
2022 3444 2211 3518 ὀβελοὶ
2246 3452 2359 3501 vid.
2386 3451 2463 3513 11,
2503 3453 2595 3501 111
2640 3453 2777 3517 ibiq.

1689 3524 1830 3569 nott.
1869 3519 1952 3570 Ad
1977 3536 2168 3572 vocem
2194 3518 2432 3583 κρηπῖδι
2459 3522 2604 3571 conf.
2634 3528 2777 3571 nott.

1691 3588 1761 3637 ad
1809 3588 1862 3647 Ι,
1911 3589 2009 3647 93;
2060 3589 2130 3639 ad
2172 3583 2360 3639 κύκλω
2414 3590 2680 3641 Herodot.
2728 3591 2778 3650 1,

1694 3658 1813 3709 185.
1850 3656 1947 3717 IV,
1977 3658 2095 3709 181.
2127 3660 2248 3708 202.
2309 3658 2522 3708 Asserit
2548 3659 2783 3709 wilkin-

1693 3742 1810 3777 son.
1851 3725 2127 3785 (Manners
2173 3734 2279 3778 etc.
2319 3728 2367 3778 Ι.
2414 3743 2468 3792 p.
2508 3727 2626 3778 192.
2666 3744 2775 3779 sec.

1690 3811 1793 3845 ser.
1820 3794 1897 3844 ΙΙ.
1934 3812 1986 3860 p.
2014 3796 2158 3859 309),
2192 3797 2372 3847 lacum
2390 3796 2535 3847 hunc
2571 3813 2780 3848 muros-

1689 3879 1793 3929 que
1841 3866 2021 3928 operis
2064 3866 2291 3915 lateritii
2337 3882 2457 3915 eum
2497 3868 2779 3931 cingentes

1691 3932 1867 3982 adhuc
1903 3935 2052 3984 cerni
2091 3951 2255 3999 prope
2283 3950 2401 3984 eum
2440 3935 2646 3997 vicum,
2684 3935 2779 4000 qui

1691 4005 1920 4052 vocatur
1962 4004 2369 4068 Sa-el-Hayar
2415 4004 2603 4067 (Sais).
2688 4006 2783 4055 At-

1693 4086 1797 4136 que
1837 4071 1943 4121 iam
1982 4078 2147 4122 antea
2180 4071 2665 4136 Clarke.(Travels
2704 4075 2780 4134 11,
2864 4086 2872 4093 ·

1694 4142 1745 4189 2.
1796 4156 1849 4204 p.
1906 4140 2036 4205 211)
2094 4142 2460 4193 Herodotearn
2517 4146 2786 4195 narratin-

1693 4224 1815 4258 nem
1863 4226 1983 4259 cum
2027 4211 2122 4273 iis,
2169 4227 2311 4276 quae
2358 4212 2534 4261 adhuc
2572 4211 2785 4277 conspi-

1695 4278 1911 4395 ‹giuntur
1945 4281 2161 4343 ruinae,
2202 4283 2340 4332 bene
2362 4296 2660 4347 congruere
2693 4282 2786 4332 ob·

1727 4348 1957 4399 ervavit.
