3109 5092
1228 313 1483 376 CLIO.
1533 315 1585 374 Ι.
1627 321 1716 378 96.
1762 323 1854 378 97.

2550 314 2674 376 217

393 496 831 582 τυραννίδος,
880 485 1100 558 ἐποίεε
1135 488 1381 560 τοιάδε.
1461 492 1989 579 Κατοικημένων
2028 494 2165 558 τῶν
2207 489 2475 579 Μήδων
2510 491 2678 561 κατὰ

394 595 654 685 κώμας,
701 589 780 663 ἐν
822 598 904 684 τῇ
954 594 1212 661 ἑωυτοῦ
1257 589 1389 663 ἐών
1441 595 1553 661 καὶ
1602 593 1931 682 πρότερον
1974 592 2279 681 δόκιμος,
2338 596 2449 664 καὶ
2499 600 2671 685 μᾶλ-

395 699 517 770 λόν
556 726 619 767 τι
655 698 768 768 καὶ
801 695 1316 786 προθυμότερον
1350 696 1791 785 δικαιοσύνην
1832 693 2231 785 ἐπιθέμενος
2266 694 2496 786 ἤσκεε·
2557 702 2672 769 καὶ

394 808 604 873 ταῦτα
638 804 903 890 μέντοι,
951 797 1189 889 ἐούσης
1228 797 1508 890 ἀνομίης
1554 806 1803 890 πολλῆς
1844 797 1974 869 ἀνὰ
2017 806 2241 870 πᾶσαν
2277 798 2401 890 τὴν
2438 808 2671 890 Μηδι-

404 904 563 996 κὴν,
621 902 840 975 ἐποίεε
891 899 1357 992 ἐπιστάμενος,
1407 899 1508 972 ὅτι
1544 909 1638 997 τῷ
1682 910 1921 998 δικαίῳ
1965 900 2039 974 τὸ
2075 901 2316 974 ἄδικον
2358 904 2675 994 πολέμιόν

395 1008 554 1081 ἐστι.
625 1012 696 1078 οἰ
723 1005 786 1078 δ’
832 1004 905 1076 ἐκ
945 1011 1061 1095 τῆς
1105 1003 1312 1097 αὐτῆς
1349 1006 1573 1096 κώμης
1605 1013 1870 1097 Μῆδοι,
1930 1003 2219 1097 ὁρῶντες
2261 1005 2473 1078 αὐτοῦ
2518 1007 2675 1090 τούς

307 1111 713 1204 ὁοτρόπους,
749 1109 1072 1198 δικαστήν
1103 1139 1222 1199 μιν
1257 1112 1531 1180 ἑωυτῶν
1567 1116 1890 1201 αἱρέοντο.
1946 1107 1982 1181 ὁ
2021 1112 2096 1181 δὲ
2132 1109 2252 1201 δὴ,
2306 1106 2415 1181 οἷα
2452 1112 2670 1201 μνεώ-

394 1244 592 1308 μενος
625 1212 870 1304 ἀρχὴν,
920 1213 1082 1294 ἰθύς
1115 1241 1188 1283 τε
1222 1215 1334 1282 καὶ
1374 1219 1631 1297 δίκαιος
1675 1207 1783 1304 ἦν.
1840 1203 2089 1285 ποιέων
2122 1242 2196 1285 τε
2232 1220 2443 1284 ταῦτα
2479 1222 2671 1285 ἔπαι-

395 1349 520 1391 νον
564 1318 698 1408 εἶχε
742 1314 868 1387 οὐκ
911 1314 1144 1404 ὀλίγον
1178 1315 1343 1404 πρὸς
1390 1322 1529 1387 τῶν
1563 1322 1923 1402 πολιτέων,
1975 1314 2152 1388 οὕτω
2191 1315 2361 1388 ὥστε
2399 1331 2670 1390 πυνθα-

394 1423 664 1513 νόμενοι
695 1428 766 1493 οἰ
792 1418 868 1491 ἐν
897 1426 1047 1510 τῇσι
1082 1418 1320 1511 ἄλλῃσι
1358 1420 1658 1511 κώμῃσι,
1701 1419 1790 1503 ὥς
1824 1421 2123 1510 Δηϊόκης
2159 1431 2263 1511 εἴη
2300 1419 2471 1513 ἀνὴρ
2502 1430 2672 1513 μοῦ-

393 1556 509 1608 νος
544 1524 710 1596 κατὰ
741 1522 817 1594 τὸ
851 1521 1068 1614 ὀρθὸν
1099 1525 1417 1610 δικάζων,
1468 1524 1796 1616 πρότερον
1832 1533 2343 1616 περιπίπτοντες
2376 1524 2672 1598 ἀδίκοισι

394 1628 732 1719 γνώμῃσι,
775 1625 924 1697 τότε
976 1625 1130 1698 ἐπεί
1170 1656 1242 1698 τε
1277 1626 1612 1718 ἤκουσαν,
1663 1628 1939 1720 ἄσμενοι
1987 1626 2296 1718 ἐφοίτεον
2342 1630 2521 1720 παρὰ
2553 1629 2673 1701 τὸν

395 1731 692 1822 Δητόκεα
736 1733 847 1802 καὶ
891 1728 1084 1801 αὐτοὶ
1132 1731 1593 1821 δικασόμενοι·
1663 1736 1848 1814 τέλος
1889 1733 1963 1802 δὲ
2014 1729 2248 1802 οὐδενὶ
2293 1729 2474 1827 ἄλλω
2512 1731 2664 1804 ἐπε-

394 1836 745 1928 τράποντο.
824 1840 1130 1915 Πλεῦνος
1165 1835 1240 1905 δὲ
1269 1838 1401 1905 αἰεὶ
1439 1839 1799 1925 γινομένου
1828 1841 1948 1905 τοῦ
1984 1831 2516 1924 ἐπιφοιτέοντος,
2554 1832 2666 1907 οἷα
2680 1853 2762 1912 97

393 2010 559 2069 atque
603 2003 809 2054 rectius
864 2002 1131 2053 iudicavit
1177 2003 1484 2068 Hupfeldus

392 2075 431 2125 l.
469 2074 506 2124 l.
547 2091 602 2139 p.
638 2076 721 2124 4.:
761 2072 1100 2123 Herodotum
1122 2073 1189 2122 de
1213 2073 1390 2123 Medis
1429 2078 1485 2123 et

394 2148 546 2195 certa
580 2142 892 2204 tradidisse,
921 2142 968 2191 si
1003 2158 1182 2206 pauca
1220 2143 1481 2207 excipias,

395 2219 449 2265 et
484 2229 625 2278 quae
652 2214 722 2263 ad
750 2212 1157 2276 cognoscendas
1185 2227 1368 2264 eorum
1395 2228 1481 2262 res

391 2285 553 2349 longe
586 2282 876 2347 plurimum
913 2281 1141 2333 faciant.

462 2343 842 2415 δικαιοσύνην
898 2342 1237 2415 ἐπιθέμενος
1293 2338 1481 2416 ἤσκεε]

391 2423 478 2473 Ad
524 2412 866 2485 ἐπιθέμενος
904 2426 1084 2470 mente
1125 2417 1483 2484 supplendum

393 2483 760 2556 δικαιοσύνῃ,
812 2506 961 2552 cum,
1015 2490 1161 2556 quod
1207 2488 1363 2539 adest
1396 2486 1483 2538 δι-

393 2553 727 2624 καιοσύνην,
749 2558 818 2608 ad
853 2550 1019 2624 ἤσκεε
1056 2559 1345 2625 pertineat.
1381 2562 1485 2610 Est

393 2632 534 2682 enim
563 2621 941 2679 ἐπιτίθεσθαί
967 2644 1082 2680 τινι
1114 2644 1320 2692 operam
1354 2630 1484 2679 dare

394 2702 563 2763 alieni,
600 2698 821 2764 aggredi
851 2700 1059 2763 aliquid,
1087 2698 1181 2748 ubi
1216 2698 1484 2748 accusati-

393 2786 522 2820 vum
567 2768 654 2819 vel
711 2767 954 2817 reflexivi
1011 2767 1344 2834 pronominis
1395 2766 1484 2818 vel

394 2838 628 2890 nominis
675 2834 817 2893 νοῦς
869 2836 958 2888 vel
1000 2837 1141 2887 alius
1191 2836 1485 2888 cuiuslibet

394 2908 631 2959 nominis
682 2906 976 2971 cogitando
1035 2906 1237 2957 addere
1284 2908 1483 2972 possis.

397 2979 507 3040 Sic,
553 2982 617 3027 ut
665 2975 777 3027 alia
829 2980 1067 3039 taceam,
1120 2992 1285 3042 supra
1336 2976 1381 3039 1,
1432 2977 1481 3027 1.

398 3049 509 3110 ΙΙΙ,
561 3046 649 3097 76.
711 3045 856 3096 Hinc
890 3047 1204 3097 accuratius
1249 3046 1486 3096 vertenti

398 3118 528 3169 erit:
564 3116 858 3183 „iustitiam
879 3118 962 3167 cui
980 3116 1127 3167 valde
1161 3125 1366 3179 operam
1400 3115 1487 3166 de-

394 3189 485 3249 du,
524 3184 864 3238 exercebat.“

466 3247 836 3319 ἐπιστάμενος
882 3242 970 3303 ὅτι
1027 3250 1108 3320 τῷ
1164 3250 1371 3322 δικαίῳ
1415 3243 1480 3302 τὸ

394 3317 603 3376 ἄδικον
647 3314 922 3388 πολέμιόν
968 3313 1102 3389 ἐστι]
1140 3323 1482 3374 Sententiam

393 3394 664 3446 trivialem
687 3408 752 3443 ac
774 3393 935 3443 nimis
956 3391 1240 3458 vulgarem
1257 3393 1479 3443 babent.

394 3464 531 3516 Inde
559 3463 911 3524 Fonteinius,
948 3462 1216 3526 probante
1249 3461 1483 3512 Larche-

394 3551 476 3596 re,
522 3532 633 3598 legi
678 3530 797 3581 vult
841 3521 932 3581 ὅτι
977 3529 1048 3595 τῇ
1108 3523 1355 3596 ἀδικίῃ
1404 3521 1480 3579 τὸ

395 3593 874 3665 ἆδικεόμενον
921 3591 1196 3663 πολέμιόν
1232 3590 1364 3662 ἔστι,
1413 3600 1483 3648 si-

393 3672 510 3723 mili
545 3669 772 3721 laudata
803 3669 1081 3734 Euripidis
1118 3669 1391 3720 sententia
1424 3668 1481 3717 in

394 3740 681 3793 Phoeniss.
718 3740 841 3791 541.
893 3740 1010 3790 Nec
1045 3754 1175 3788 vero
1210 3738 1336 3788 libri
1371 3738 1484 3787 sus-

394 3812 707 3876 fragantur,
757 3824 858 3858 nec
900 3809 1021 3873 ipsa
1079 3808 1220 3858 ratio
1267 3807 1483 3869 suadet,

393 3885 457 3930 ut
505 3895 571 3930 ea
605 3882 901 3940 mutemus,
946 3892 1086 3941 quae
1130 3877 1260 3942 quin
1306 3877 1482 3925 minus

392 3950 534 4000 bene
570 3948 639 3998 de
682 3947 905 3997 Deiecis
948 3945 1174 3996 consilio
1210 3945 1320 3995 dici
1356 3960 1484 4010 que-

395 4021 520 4079 ant,
564 4016 769 4067 nullam
816 4017 1018 4066 iustam
1070 4014 1321 4080 equidem
1366 4030 1484 4080 per-

394 4087 569 4153 spicio
603 4101 845 4136 causam.
900 4085 1015 4135 Nec
1050 4085 1267 4150 longius
1304 4083 1486 4148 dispu-

395 4162 525 4216 tem,
561 4161 742 4206 utrum
777 4153 1118 4216 Herodotus,
1166 4168 1305 4220 quae
1341 4154 1487 4220 Fon-

394 4225 553 4276 teinii
580 4230 665 4275 est
689 4224 980 4285 sententia,
999 4238 1193 4288 reapse
1223 4223 1280 4272 in
1305 4226 1488 4272 mente

393 4294 649 4346 babuerit
687 4294 903 4346 Solonis
937 4291 1073 4343 illud
1107 4284 1172 4341 τὸ
1200 4283 1345 4341 ’ἴσον
1380 4284 1486 4340 πό-

393 4364 570 4430 λεμον
626 4355 697 4414 οὗ
753 4364 916 4413 ποιεῖ
963 4361 1108 4428 apud
1161 4359 1309 4413 Plut.
1368 4360 1481 4413 Vit.

1588 2003 1700 2055 Sol.
1740 2007 1824 2057 14.
1860 2020 1987 2071 pag.
2034 2005 2102 2055 85
2145 2004 2215 2053 D.
2295 2003 2468 2054 Aliter
2503 2004 2675 2054 Hero·

1588 2074 1703 2123 doti
1736 2075 1933 2136 locum,
1971 2089 2128 2139 quem
2154 2078 2464 2138 corruptum
2490 2074 2674 2137 habet,

1587 2148 1766 2196 tentat
1801 2144 1999 2210 Negris
2045 2145 2126 2194 sic
2174 2143 2342 2193 scribi
2386 2160 2549 2209 posse
2590 2159 2675 2193 ra-

1586 2219 1701 2263 tus:
1738 2203 1829 2266 ὅτι
1866 2211 1992 2263 τοῦ
2031 2211 2319 2262 δικαίου
2369 2206 2434 2264 τὸ
2468 2203 2677 2263 ἄδικον

1585 2279 1762 2334 πολὺ
1799 2274 1997 2349 μεῖόν
2032 2274 2145 2332 ἔστι
2176 2281 2293 2332 vel:
2345 2273 2431 2332 ὅτι
2468 2274 2541 2333 τὸ
2582 2280 2674 2332 δι’-

1584 2368 1795 2403 καιον
1829 2350 1932 2402 τοῦ
1968 2343 2175 2401 ἀδίκου
2209 2350 2402 2413 πολλῷ
2434 2342 2676 2415 ἄμεινόν

1587 2413 1718 2473 ἐστι.
1770 2453 1842 2464 --
1890 2423 1955 2472 In
2003 2438 2157 2487 seqq.
2216 2416 2566 2485 μνεαίμενος
2613 2423 2677 2486 (a

1586 2490 1870 2557 μνᾶσθαι)
1928 2492 2114 2542 eodem
2185 2489 2344 2540 modo
2412 2490 2675 2553 effictum,

1588 2577 1695 2627 quo
1729 2553 2062 2627 χρεώμενος,
2100 2559 2210 2610 alia
2245 2559 2406 2610 huius
2441 2560 2674 2625 generis,

1587 2647 1727 2697 quae
1773 2630 1972 2692 omnia,
2019 2630 2066 2678 si
2110 2628 2434 2679 Bredovium
2481 2645 2534 2693 p.
2572 2629 2674 2680 :387

1587 2701 1893 2765 sequimur,
1943 2699 2033 2748 vel
2076 2698 2264 2748 invitis
2316 2697 2469 2748 libris
2512 2698 2676 2747 corri-

1586 2770 1766 2835 genda
1814 2772 1967 2845 sunt3
2027 2783 2195 2833 quare
2249 2766 2479 2817 Dietsch
2545 2767 2675 2816 scri-

1587 2839 1698 2905 psit
1732 2851 2045 2902 μνεομενος
2081 2842 2135 2887 et
2169 2852 2295 2892 mox
2331 2852 2547 2901 quoque
2572 2851 2677 2885 πο-

1587 2904 1825 2973 λιητέων
1885 2906 2010 2974 (pro
2066 2903 2390 2966 πολιτέων),
2458 2907 2680 2956 iubente

1590 2977 1778 3029 eodem
1812 2976 2083 3028 Bredovio
2120 2992 2172 3041 p.
2214 2977 2283 3026 34
2330 2980 2494 3041 atque
2544 2975 2677 3026 Din-

1591 3048 1760 3098 dorfio
1793 3048 2036 3098 Praefat.
2064 3062 2116 3112 p.
2151 3046 2332 3097 XLII.
2369 3046 2521 3096 Libri
2546 3046 2678 3096 scri-

1589 3118 1673 3184 pti
1734 3117 1792 3166 in
1838 3118 2066 3183 vulgata
2126 3116 2509 3181 acquiescunt,
2568 3115 2677 3165 nisi

1591 3187 1738 3253 quod
1775 3186 1880 3238 duo
1918 3186 2042 3236 libri
2065 3177 2359 3249 μνώμενος
2391 3185 2674 3250 praebent.

1585 3259 1894 3322 Leguntur,
1960 3270 2100 3321 quae
2162 3255 2411 3320 proxime
2461 3259 2678 3304 antece-

1585 3326 1738 3388 dunt,
1786 3333 1876 3391 ap:
1933 3323 2215 3375 Plutarch.
2272 3322 2340 3372 de
2388 3323 2556 3374 nobil.
2604 3324 2672 3374 Τ.

1584 3396 1679 3446 IV.
1719 3410 1774 3458 p.
1816 3394 1913 3445 190
1948 3393 2221 3444 Analectt.
2264 3391 2432 3442 Wolf.

1652 3461 1747 3513 καὶ
1809 3456 1974 3512 αὐτοὶ
2034 3452 2522 3525 δικασόμενοι]
2570 3459 2675 3509 Vix

1583 3547 1808 3583 necesse
1844 3533 1949 3581 erit
1987 3546 2206 3580 monere
2240 3529 2308 3579 de
2344 3528 2561 3577 diversa
2605 3529 2678 3577 si-

1585 3601 1936 3666 gnificatione
1987 3599 2140 3649 verbi
2203 3597 2395 3647 activi·
2430 3589 2678 3656 δικάζειν

1589 3672 1689 3730 (ius
1725 3671 1912 3730 dicere,
1948 3669 2157 3718 iudicem
2199 3664 2383 3730 agere)
2422 3671 2477 3717 et
2512 3667 2677 3717 medii

1586 3731 1938 3799 δικάζεσθαι,
1989 3737 2134 3802 quod
2179 3738 2288 3786 eius
2333 3743 2431 3798 est,
2472 3738 2560 3800 qui
2585 3736 2676 3798 fa-

1586 3813 1654 3860 cit
1687 3809 1785 3860 sibi
1817 3812 1895 3859 ἰιιε
1930 3807 2056 3868 dici,
2097 3808 2183 3871 qui
2218 3807 2322 3856 iun·
2363 3805 2577 3856 dicundo
2619 3822 2678 3856 se

1582 3877 1814 3941 praebet,
1853 3893 1898 3926 s.
1936 3877 2118 3926 iudicio
2160 3890 2267 3925 cum
2300 3876 2470 3939 aliquo
2514 3875 2678 3926 diece-

1583 3955 1713 4012 plat.
1788 3944 1968 4006 Cous„
2016 3947 2064 3994 ei
2108 3945 2251 3995 tanti
2292 3948 2406 4006 est,
2446 3946 2678 3995 Kueste-

1586 4032 1704 4067 rum
1741 4013 1809 4067 de
1845 4015 2031 4066 verbb.
2068 4014 2247 4065 medd.
2286 4020 2423 4064 sect.
2443 4015 2524 4067 11.
2547 4018 2598 4077 9.
2623 4016 2676 4065 7.

1589 4103 1644 4152 p.
1683 4101 1754 4137 m.
1797 4086 1915 4136 122.
2317 4085 2325 4092 '

1932 4256 2065 4306 Cu.
2103 4253 2331 4307 XCVII.
2702 4311 2711 4320 ,

1660 4357 1918 4417 Πλεῦνος
1954 4351 2019 4407 δὲ
2054 4352 2168 4412 αἰεὶ
2200 4387 2273 4399 --
2306 4354 2411 4406 τοῦ
2448 4347 2674 4420 ἐπιφοι-
