3109 5092
478 365 598 426 154

1345 359 1884 423 HERODOTI

475 560 696 626 γνωσε
715 590 734 623 ,
768 542 1136 626 ἐνοικίσθη.
1191 533 1519 625 ἀνορύξας
1548 537 1626 607 δὲ
1661 533 1783 606 τὸν
1807 532 2058 620 τάφον,
2103 533 2216 602 καὶ
2243 530 2325 602 τὰ
2365 529 2561 603 ὀστέα
2588 542 2753 603 συλ-

476 646 693 725 λέξας,
734 653 952 731 οἴχετο
979 644 1212 729 φέρων
1253 642 1319 721 ἐς
1346 640 1693 730 Σπάρτην.
1748 634 1925 709 καὶ’
1888 635 2020 706 απὸ
2047 636 2289 706 τούτου
2329 642 2451 705 τοῦ
2479 636 2754 726 χρόνον,

473 774 647 826 omns
673 746 1005 840 πειρῴατο
1032 742 1380 833 ἀλλήλων,
1428 749 1655 838 πολλῷ
1681 744 2159 829 κατυπέρτεροι
2194 746 2289 833 τῷ
2317 744 2584 835 πολέμου
2615 745 2752 829 ἐγί-

475 878 675 920 νοντο
720 855 789 919 οἱ
819 847 1373 937 Λακεδαιμόνιοι·
1442 847 1575 938 ἤδη
1618 850 1700 919 δέ
1738 869 1862 936 σφι
1902 847 2017 915 καὶ
2057 839 2097 933 ἦ
2140 841 2353 933 πολλὴ
2395 850 2512 933 τῆς
2536 855 2753 915 Πελο-

476 953 822 1044 ποννήσου
848 946 936 1043 ἦν
962 955 1524 1042 κατεστραμμένη.

472 1156 738 1223 Exempla
763 1157 1078 1222 suppeditat
1099 1154 1450 1221 Wesseling„
1479 1156 1569 1205 cui

475 1228 616 1277 alios
653 1227 792 1278 adde
828 1229 975 1277 viros
1014 1227 1204 1276 doctos
1242 1242 1276 1275 a
1309 1242 1395 1275 me
1424 1226 1567 1276 exci-

474 1302 623 1347 tatos
674 1297 742 1346 ad
781 1296 1059 1348 Plutarch.
1113 1295 1304 1359 Pyrrh.
1348 1312 1401 1360 p.
1440 1295 1562 1347 203.

476 1367 618 1418 Add.
657 1367 861 1417 Herod.
901 1369 946 1427 I,
983 1366 1103 1417 205.
1146 1366 1241 1428 lx,
1281 1366 1367 1417 34.

546 1426 734 1499 χρόνῳ
783 1431 845 1485 δὲ
902 1431 980 1492 ὡς
1037 1404 1408 1502 ἀνέγνωσε],
1415 1436 1564 1515 ‚Post

472 1520 594 1556 vero
645 1520 751 1554 crem
812 1508 862 1555 ei
913 1507 1317 1569 persuasissetss
1378 1497 1565 1570 χρόνῳ

475 1573 709 1625 reddunt
740 1585 951 1640 posim,-
998 1577 1312 1627 accuratius
1346 1575 1563 1626 forsan.

474 1646 707 1708 temporis
771 1649 941 1708 spatio
1007 1648 1222 1710 lonyiori
1287 1650 1564 1702 interiecto,

473 1731 610 1776 sere,
649 1716 848 1765 taudem
883 1718 933 1766 ei
973 1713 1200 1779 (diutius
1248 1713 1562 1775 reluctanti)

473 1800 581 1834 eum
622 1788 984 1848 persuasisset.
1054 1784 1147 1835 Sic
1191 1783 1436 1834 Fischer.
1493 1783 1565 1832 ad

474 1854 695 1907 Weller.
738 1856 856 1937 ΙΙΙ,
895 1871 947 1905 a.
997 1871 1050 1920 p.
1096 1853 1227 1914 222,
1274 1869 1343 1903 ne
1386 1852 1563 1918 plura.

478 1927 666 1989 Ipsum
720 1915 1050 1990 αναγνῶσαι
1094 1918 1376 1973 Herodoto
1420 1922 1566 1972 idem

473 1995 657 2045 valere
691 2001 857 2060 atque
890 1993 1055 2059 vulgo
1093 1983 1417 2056 ἄναπεισαι,
1455 1993 1566 2042 iam

474 2069 690 2114 veteres
776 2063 1131 2115 Grammatici
1211 2067 1563 2113 annotarunt.

475 2134 657 2197 Conf„
693 2150 762 2184 ne
808 2134 981 2198 plura,
1027 2132 1265 2183 Bekkeri
1317 2132 1563 2183 Anecdd.

476 2204 552 2253 11.
630 2202 926 2264 7.43,16.

547 2220 834 2335 ἀνορύξας
880 2266 945 2321 δὲ
990 2261 1095 2320 τὸν
1138 2284 1328 2348 ταφον
1373 2300 1445 2310 —-
1481 2266 1566 2319 οἴ-

477 2356 603 2406 χετο
664 2338 857 2405 φέρων
925 2330 980 2397 ἐς
1042 2330 1344 2404 Σπάρτην]
1407 2340 1565 2402 Quod

477 2412 690 2463 Orestis
735 2411 951 2463 ossibus
1012 2409 1398 2474 recuperandis
1442 2413 1563 2459 tan-

475 2488 589 2533 tam
626 2497 843 2547 operam
877 2480 1240 2545 impenderint
1284 2480 1560 2541 Spartani,

475 2553 724 2604 declarat
778 2551 1087 2602 Pausaniae
1129 2549 1283 2600 locus
1326 2549 1433 2611 111,
1480 2549 1560 2601 16.

476 2627 528 2687 §-
576 2623 638 2685 6,
681 2622 777 2672 ubi
821 2621 1071 2687 legimus,
1126 2620 1374 2671 Orestem
1431 2620 1561 2670 olim

474 2694 707 2759 Spartae
744 2708 926 2757 regem
972 2691 1161 2742 fuisse.
1226 2692 1397 2754 Quem
1434 2705 1562 2741 eun-

475 2766 596 2815 dem
632 2764 689 2812 in
711 2762 947 2813 Arcadia
972 2765 1240 2812 mortuum
1265 2776 1403 2824 esse,
1439 2776 1562 2811 cum

476 2834 745 2885 coloniam
794 2834 851 2882 in
894 2832 1175 2882 Aeolidem
1224 2830 1472 2893 duceret,
1510 2834 1565 2880 et

474 2903 713 2983 quidem
728 2917 895 2966 prope
914 2902 1171 2965 Tegeam,
1207 2916 1271 2951 eo
1296 2899 1436 2963 loce,
1473 2900 1566 2950 cui

473 2988 668 3023 nomen
697 2962 1019 3033 Ὀρεστεῖον
1047 2969 1274 3031 (Herod.
1306 2969 1404 3030 IX,
1434 2968 1562 3035 11.),

473 3041 570 3090 alii
637 3054 852 3106 quoque
915 3042 1192 3089 testantur
1248 3039 1560 3103 scriptores.

473 3110 631 3161 Unde
677 3110 918 3174 Tegeam
965 3123 1093 3159 ossa
1136 3106 1407 3158 translata
1440 3123 1562 3158 esse

475 3197 539 3231 eo
590 3179 766 3243 magis
822 3182 1246 3229 consentaneum
1294 3182 1403 3240 est,
1452 3194 1559 3244 quo

473 3249 704 3314 Aerope,
745 3248 958 3299 Orestis
1003 3249 1160 3310 avia,
1204 3248 1563 3311 Agamemno-

472 3321 665 3384 nisque
700 3323 891 3380 mater,
929 3333 1100 3382 genus
1137 3317 1372 3369 ducebat
1405 3333 1437 3368 a
1458 3319 1562 3369 Te-

472 3396 639 3452 geata
669 3406 801 3451 avo,
850 3387 944 3454 qui
987 3388 1105 3453 ipse
1159 3389 1399 3453 Tegeam
1436 3404 1561 3438 con-

470 3460 678 3512 didisse
713 3460 1009 3510 ferebatur.
1056 3458 1129 3509 cf.
1178 3458 1361 3509 strab.
1394 3458 1558 3509 XIII.

472 3547 526 3595 p.
589 3531 692 3581 872
752 3530 815 3582 C.
877 3527 1138 3593 Stephan.
1194 3529 1330 3589 Byz.
1396 3544 1442 3579 s.
1502 3542 1554 3577 v.

494 3597 749 3666 Ορέσται.
817 3599 1055 3650 Pausan.
1115 3598 1287 3659 VIII,
1346 3597 1378 3648 3
1432 3596 1554 3647 coll.

470 3671 634 3731 VIII,
681 3670 769 3731 54,
816 3668 870 3719 3.
942 3671 1028 3719 De
1073 3668 1285 3719 Orestis
1329 3666 1555 3718 coloniis

469 3740 581 3790 vid.
629 3738 905 3790 Hellanici
960 3739 1210 3804 fragium.
1254 3753 1308 3802 p.
1356 3737 1425 3787 46
1465 3738 1556 3789 ed.

471 3809 651 3859 Stura.
697 3808 820 3858 coll.
874 3807 1175 3872 Pherecyd.
1213 3808 1461 3872 fragmm.
1499 3823 1553 3872 p.

470 3877 574 3927 210
609 3876 788 3927 Stura.
840 3877 920 3926 Ac
965 3876 1194 3942 denique
1245 3878 1464 3927 omnino
1509 3878 1556 3926 si

472 3960 721 4011 quaeras,
762 3960 868 4010 quo
913 3948 1033 3995 tota
1074 3946 1186 3995 ista
1230 3944 1296 3995 de
1346 3946 1558 3996 Orestis

470 4015 737 4065 cadavere
790 4014 1033 4064 narratio
1108 4018 1319 4078 spectet
1382 4015 1556 4080 deque

468 4084 615 4134 illius
659 4085 715 4133 vi
762 4081 1022 4145 mirifica,
1074 4083 1218 4133 unde
1263 4084 1558 4148 Spartano-

467 4170 587 4204 rum
624 4152 773 4204 salus
809 4167 1090 4216 suspensa,
1114 4153 1224 4201 iam
1259 4168 1293 4201 a
1321 4154 1406 4203 Gr.
1447 4169 1559 4204 mo·

468 4225 643 4274 nitum
686 4226 772 4273 est
829 4219 1059 4285 (Comm.
1114 4221 1357 4271 Herodd.
1403 4222 1448 4272 Ι.
1502 4239 1554 4286 p.

468 4292 644 4357 306.),
700 4296 949 4357 spectare
1000 4290 1137 4341 haec
1200 4290 1269 4340 ad
1314 4291 1555 4342 Manium

467 4363 780 4427 Larumque
827 4360 1119 4427 religiones
1137 4399 1150 4422 ,
1212 4361 1408 4426 quibus
1452 4363 1556 4413 La-

469 4448 649 4486 cones·
667 4448 777 4484 non
812 4432 1018 4494 minus,
1067 4446 1229 4499 quam
1265 4430 1410 4483 aliae
1441 4433 1555 4483 Do-

1668 1155 1817 1205 ricae
1853 1156 2063 1219 gentes,
2100 1150 2270 1201 dediti
2315 1151 2536 1201 fuerint.
2594 1151 2757 1200 Nam-

1669 1240 1773 1289 que
1819 1228 2086 1284 mortuos,
2147 1220 2454 1286 praeclaros
2511 1220 2757 1285 inprimis

1666 1295 1834 1355 viros,
1872 1309 1989 1344 eam
2028 1293 2221 1357 ipsam,
2251 1292 2352 1342 sub
2378 1307 2488 1355 qua
2520 1291 2756 1353 iaceant,

1667 1369 1869 1414 terram
1903 1378 2246 1425 conservare,
2277 1362 2640 1426 custodesque
2664 1361 2757 1410 ho-

1668 1435 1870 1485 minum
1897 1450 1962 1484 ac
1986 1432 2301 1498 depulsores
2333 1432 2596 1483 malorum
2621 1430 2755 1492 fieri,

1667 1510 1826 1555 vetus
1864 1508 1984 1554 erat
2021 1503 2359 1566 superstitio.
2429 1501 2757 1552 Observavit

1667 1589 1884 1640 quoque
1911 1571 2152 1624 Lasaulx
2182 1570 2430 1637 (Geolog.
2468 1571 2521 1623 d.
2540 1571 2755 1622 Griech.

1667 1660 1719 1695 u.
1771 1645 1928 1693 Rem.
1972 1658 2027 1707 p.
2076 1643 2111 1691 9
2161 1658 2312 1707 seqq.
2364 1643 2480 1691 sive
2528 1640 2756 1691 Studien

1668 1713 1722 1765 d.
1762 1713 1927 1763 class.
1964 1710 2197 1762 Alterth.
2225 1728 2278 1777 p.
2303 1713 2335 1762 5
2363 1712 2559 1776 seqq.),
2580 1712 2635 1761 in
2671 1710 2755 1760 his

1668 1799 1735 1833 ac
1770 1781 2038 1831 similibus
2076 1786 2320 1831 veterum
2350 1781 2756 1831 narrationibus

1669 1853 1735 1903 de
1772 1851 2131 1902 cadaveribus
2170 1850 2492 1915 ossibusque
2520 1851 2758 1901 humana

1668 1923 1844 1974 forma
1877 1937 1946 1971 ac
1988 1922 2172 1985 specie
2212 1921 2505 1971 maioribus
2543 1938 2573 1971 e
2610 1926 2758 1971 terra

1664 1993 1788 2057 ipsa
1821 1991 2135 2057 plerumque
2176 1990 2389 2041 effossis
2418 1990 2590 2041 latere
2625 2007 2755 2056 quo-

1667 2061 1954 2113 dammodo
1987 2062 2224 2125 vestigia
2268 2062 2472 2111 ossium
2518 2061 2756 2126 peti-efa-

1665 2137 1894 2193 ctorum,
1928 2130 2112 2196 qualia
2145 2130 2290 2181 haud
2327 2147 2504 2196 pauca
2538 2131 2624 2181 vel
2661 2148 2755 2181 no-

1666 2208 1783 2253 stra
1816 2205 1999 2252 aetate
2037 2201 2254 2251 detecta
2301 2206 2429 2252 sunt
2470 2200 2754 2252 beluarum

1667 2271 1981 2337 grandium,
2037 2286 2177 2335 quae
2237 2272 2308 2322 ad
2363 2276 2611 2335 tempora
2660 2271 2754 2321 ho-

1668 2344 1914 2393 diernum
1940 2346 2208 2391 terrarum
2237 2345 2440 2391 statum
2474 2341 2638 2407 louge
2662 2357 2754 2391 an—

1664 2411 1974 2463 tecedentia
2020 2411 2347 2462 referuntur.
2416 2411 2572 2474 Quod
2623 2427 2751 2462 vero

1665 2481 1910 2533 Uschold
1945 2480 2167 2542 (Gesch.
2207 2480 2260 2532 d.
2307 2482 2507 2531 troian.
2554 2481 2752 2545 Kriegs

1663 2568 1717 2616 p.
1778 2549 1881 2602 189
1924 2549 2062 2616 seq.)
2114 2551 2326 2602 Orestis
2374 2567 2754 2602 commemora-

1663 2622 1868 2673 tionem
1903 2620 1959 2670 in
1983 2620 2162 2671 media
2185 2620 2418 2672 Arcadia
2437 2622 2612 2686 repeti
2635 2620 2756 2671 vult

1663 2709 1698 2743 a
1736 2691 1988 2757 gentibus
2036 2691 2319 2742 Thracicis
2366 2692 2424 2740 in
2467 2691 2610 2742 hanc
2647 2695 2754 2741 ter-

1664 2778 1779 2813 ram
1815 2760 1943 2812 olim
1979 2761 2269 2826 profectis,
2317 2761 2448 2812 mihi
2484 2778 2595 2812 uon
2635 2777 2753 2826 per-

1667 2831 1863 2884 suasit.

1737 2915 1887 2958 eume
1926 2890 2231 2966 πειρῴατο]
2267 2899 2447 2966 Vulgo
2483 2889 2751 2961 ἕπειρῶα-

1664 2985 1748 3035 το,
1786 2969 1930 3054 quod
1953 2970 2255 3035 Schweigh.
2281 2972 2515 3021 mutavit
2550 2972 2605 3020 in
2633 2959 2752 3019 ἔπι-

1665 3036 1968 3105 πειρῴατο,
1990 3041 2166 3092 Gaisf.
2186 3042 2242 3090 in
2265 3032 2579 3105 nemeina-03
2606 3040 2753 3105 quod

1666 3126 1828 3176 quum
1871 3100 2047 3175 mag-ss
2084 3126 2149 3161 ex
2177 3125 2278 3161 usu
2298 3110 2612 3161 Herodoteo
2632 3124 2753 3160 esse

1661 3181 1955 3243 videretur,
1971 3180 2300 3231 adscivimus
2311 3181 2578 3245 probante
2589 3180 2752 3231 Gras-

1659 3250 1760 3300 hof
1804 3248 2468 3314 (Schulzeit.1832.nr.
2520 3251 2642 3302 120.
2693 3267 2747 3316 p.

1660 3319 1808 3383 964),
1843 3319 2096 3370 Dindorf.
2134 3319 2215 3386 (p.
2253 3319 2545 3383 XXVIII.)
2580 3325 2748 3387 atque

1605 3438 1612 3445 ,
1658 3392 1778 3453 ipso
1826 3390 1990 3440 etiam
2036 3395 2098 3440 ut
2151 3389 2371 3440 videtur
2412 3390 2646 3442 Bredov.
2694 3407 2746 3456 p.

1660 3457 2341 3526 330.331.Vu1gatam
2419 3450 2748 3525 έπειρώατο,

1659 3529 1814 3579 cuius
1848 3529 1970 3579 loco
2005 3544 2146 3580 unus
2181 3529 2319 3580 liber
2351 3531 2577 3591 praebet
2601 3522 2749 3580 ἔπει-

1659 3596 1843 3653 οέατο,
1857 3600 1937 3650 ita
1960 3600 2186 3649 retineri
2203 3600 2326 3650 vult
2344 3600 2468 3650 Eltz
2490 3600 2747 3665 (Quaest.

1658 3668 1903 3719 Herodd.
1945 3685 1999 3733 p.
2038 3672 2070 3719 7
2106 3686 2258 3736 seqq.
2299 3671 2415 3721 sive
2447 3670 2675 3721 Jahrbb.
2704 3671 2745 3720 f.

1659 3736 1859 3789 Philol.
1907 3753 1959 3788 u.
2009 3740 2250 3805 Paedag.
2298 3739 2485 3805 Suppl.
2543 3740 2642 3791 IX.
2689 3757 2744 3804 p.

1665 3809 1781 3858 114.
1787 3807 1827 3873 ),
1865 3814 1926 3858 ut
1949 3808 2123 3858 forma
2150 3811 2453 3875 imperfecti
2487 3809 2749 3861 mendosa

1661 3883 2024 3929 commutetur
2058 3879 2116 3928 in
2154 3869 2483 3960 ἔπειρωντο.

1730 3937 1844 4011 ἤδη
1903 3943 1969 3996 δέ
2017 3961 2119 4012 σφι
2176 3945 2274 3999 καὶ
2324 3941 2361 4013 ἡ
2418 3940 2598 4013 πολλὴ
2643 3947 2747 4013 τῆς

1661 4008 2112 4081 Πελοποννήσου
2155 4004 2232 4082 ἦν
2265 4015 2743 4082 κατεστραμμένη]

1660 4086 1818 4148 Quod
1853 4088 2138 4138 verissime
2177 4088 2286 4138 dici
2332 4105 2366 4139 a
2407 4089 2609 4138 Nostro
2656 4089 2748 4138 ob-

1658 4160 1844 4206 servat
1866 4156 2214 4208 Scblosserus
2228 4157 2254 4221 (
2266 4157 2745 4221 Universalgesch.

1658 4226 1703 4286 Ι,
1747 4227 1796 4276 1.
1837 4243 1889 4309 p.
1926 4226 2074 4289 333).
2133 4228 2274 4278 Nam
2313 4227 2555 4292 reliquae
2592 4227 2747 4278 Pelo·

1658 4296 1886 4359 ponnesi
1922 4298 2177 4347 civitates
2216 4313 2280 4347 ea
2328 4302 2511 4349 aetate
2555 4313 2748 4362 parum

1657 4364 1874 4415 validae
1919 4381 2019 4417 nec
2051 4366 2164 4418 ullo
2202 4367 2360 4418 modo
2397 4382 2578 4432 pares,
2605 4382 2747 4433 quae

1655 4433 2106 4488 Lacedaemoniis
2138 4437 2476 4489 resisterent.
