3109 5092
1170 361 1425 422 OLIO.
1468 361 1521 422 I.
1573 374 1691 426 101.
1742 373 1862 427 102.

2532 367 2655 428 225

379 535 741 623 ρητακηνοὶ
759 584 779 620 ,
822 535 1277 625 Στρούχατες,
1327 533 1728 626 Ἀριζαντοὶ,
1770 535 2083 622 Βούδιοι,
2134 536 2386 626 Μάγοι.
2463 543 2662 628 γένεα

376 638 505 727 μὲν
548 634 633 726 δὴ
662 636 933 726 Μήδων
976 641 1114 709 ἐστὶ
1148 638 1411 709 τοσάδε.
1499 638 1816 728 Δηϊόκεω
1867 638 1943 709 δὲ
1989 654 2143 721 παῖς
2183 648 2441 728 γίνεται
2473 652 2796 735 (Dea-102

374 739 602 831 όρτης,
651 736 760 825 ὃς,
813 742 1333 833 τελευτήσαντος
1367 740 1717 831 Anconem,
1771 742 2298 830 βασιλεύσαντος
2353 754 2504 837 τρία
2550 752 2662 819 καὶ

377 942 725 993 nominantur
768 959 800 994 e
848 943 1026 996 Medis
1061 945 1170 996 iam
1209 947 1265 997 in
1299 961 1466 998 unum

377 1012 633 1076 populum
699 1016 998 1066 contractis
1059 1016 1260 1080 Busae,
1329 1033 1466 1083 quos

379 1081 595 1131 eosdem
633 1082 876 1147 appellat
911 1100 976 1134 ex
1010 1084 1113 1136 hoe
1148 1086 1270 1137 loco
1295 1088 1469 1138 Hero-

379 1150 539 1200 doteo
576 1151 881 1216 Stephanus
910 1156 1267 1219 Byzantium,
1307 1157 1466 1223 quos-

379 1235 484 1285 que
520 1220 739 1286 Caspioi
771 1224 936 1273 maris
975 1240 1098 1275 oras
1141 1226 1466 1278 meridiona-

377 1289 457 1339 les
492 1305 683 1340 versus
719 1291 775 1340 in
809 1292 995 1343 Media
1031 1294 1311 1347 habitasse
1343 1297 1465 1347 vult

376 1359 701 1410 Larcberus.
766 1361 1114 1415 Paraetaceni
1140 1365 1468 1417 habitabant

375 1428 435 1478 in
468 1429 797 1495 regiom‘bns,
825 1447 967 1497 quae
1000 1433 1069 1484 ab
1103 1435 1226 1500 ipsa
1244 1438 1469 1487 Perside

378 1500 800 1562 septentrionem
826 1517 1017 1552 versus
1042 1504 1290 1570 tendunt,
1318 1523 1466 1557 mon·

376 1567 632 1633 tibusque
665 1569 792 1632 illis,
831 1573 924 1635 qui
958 1572 1196 1625 Mediam
1243 1581 1297 1626 et
1333 1576 1464 1626 Cas-

377 1651 563 1688 saeam
601 1654 635 1688 a
677 1639 902 1690 Perside
936 1642 1231 1709 seiungunt
1264 1646 1464 1710 ipsum-

378 1722 480 1771 que
547 1713 724 1757 terrae
784 1708 942 1775 huius
998 1707 1465 1779 (Παραιτακηνὴ)

375 1791 574 1827 nomen
610 1776 686 1827 nil
730 1776 882 1828 aliud
925 1780 1032 1830 nisi
1079 1787 1281 1833 terram
1319 1800 1467 1834 mon-

378 1850 565 1895 tanam
624 1847 946 1913 (Bergland)
1018 1851 1327 1916 significare
1400 1869 1466 1903 ex

375 1915 615 1965 Zendica
633 1914 819 1980 lingua
838 1933 981 1968 nune
1002 1919 1301 1972 declarant.
1336 1923 1464 1973 vid.

377 1985 559 2038 Strab.
596 1985 746 2036 XVI.
789 2002 841 2051 p.
888 1987 1024 2039 1079
1055 1990 1114 2040 O.
1155 1994 1211 2041 et
1243 1992 1461 2042 Arrian.

375 2054 585 2119 Exped.
623 2053 776 2104 Alex.
798 2056 903 2119 111,
945 2057 1027 2109 19.
1065 2062 1116 2122 §-
1144 2063 1194 2110 2.
1227 2062 1463 2112 Heeren.

378 2122 545 2173 Ideen
582 2123 628 2185 1,
669 2124 719 2174 1.
767 2140 893 2192 pag.
934 2126 1056 2179 303.
1112 2130 1350 2181 Eosdem
1385 2136 1467 2181 at-

377 2205 482 2256 que
536 2193 855 2244 Paricanios
912 2195 1189 2248 existimat
1238 2200 1468 2251 Rennel.

377 2261 573 2327 Geogr.
611 2262 747 2313 Her.
779 2279 832 2328 p.
871 2264 991 2315 501.
1028 2267 1366 2320 Hodiernum
1385 2287 1466 2320 re-

377 2331 555 2394 gionis
592 2346 786 2382 nomen
823 2333 1018 2384 dicitur
1051 2352 1172 2389 esse
1195 2338 1464 2390 Bouroud-

360 2401 520 2464 jerd‚
572 2404 634 2450 ut
686 2417 752 2451 ex
788 2403 1079 2456 Hammero
1111 2405 1304 2459 laudat
1342 2410 1464 2460 Van

376 2469 473 2519 der
507 2469 653 2534 Chys
700 2471 770 2521 ad
824 2471 1041 2524 Arrian.
1089 2474 1129 2525 1.
1183 2476 1223 2527 l.
1272 2494 1327 2543 p.
1376 2478 1461 2529 73.

376 2537 700 2589 Accuratiue
727 2541 793 2591 de
816 2540 899 2591 his
926 2543 1227 2608 disputavit
1254 2547 1463 2598 Lassen

376 2623 423 2658 s.
456 2624 507 2657 V.
547 2610 917 2660 Paraetacene
953 2612 1007 2661 in
1035 2615 1210 2665 Erech
1243 2632 1297 2666 u.
1329 2618 1465 2669 Gru-

375 2678 474 2727 ber
496 2677 638 2744 Aug.
676 2679 973 2745 Encyclop.
997 2682 1144 2734 Sect.
1183 2685 1295 2736 111.
1337 2686 1462 2737 Vol.

375 2748 479 2796 XI.
516 2762 570 2811 p.
607 2747 710 2798 325
747 2765 900 2815 seqq.
951 2751 1077 2803 con.
1115 2754 1294 2805 Ritter
1328 2756 1464 2806 Erd-

375 2815 560 2866 kunde
595 2817 750 2868 VIII.
779 2834 833 2883 p.
856 2817 977 2871 389.
1017 2821 1166 2883 Quos
1204 2824 1250 2873 si
1287 2825 1465 2890 sequi-

378 2901 524 2947 mur,
551 2887 1041 2939 Paraetacenorum
1077 2894 1284 2956 posteri
1319 2910 1464 2944 nunc

375 2959 643 3006 vocantur
688 2957 989 3020 Bakhtiart‘,
1028 2964 1142 3010 tam
1188 2963 1335 3028 agris
1372 2979 1462 3014 co-

373 3024 551 3074 lendis
595 3041 756 3091 quam
801 3029 1007 3092 rapinis
1055 3030 1328 3083 faciundis
1376 3033 1465 3084 de-

379 3092 502 3144 diti.

446 3178 739 3231 Semcleaces
774 3181 1010 3233 collocat
1023 3183 1340 3237 {Larcherus
1368 3188 1465 3251 ita,

375 3253 438 3298 nt
477 3249 811 3300 occidentem
845 3267 1033 3303 versus
1070 3256 1279 3306 vicinos
1298 3256 1467 3307 babu-

377 3319 520 3369 erint
537 3319 810 3370 Matienoe
837 3336 904 3372 ae
927 3323 1230 3389 Darnaeos,
1254 3331 1467 3391 septen-

375 3387 608 3438 trionem
663 3404 853 3440 versus
901 3391 1145 3458 Sapires,
1205 3395 1466 3447 orientem

377 3472 570 3508 versus
606 3459 1028 3511 Paraetacenos.

449 3560 690 3613 Arizanti
740 3575 906 3628 prope
969 3564 1235 3631 Choaspis
1287 3568 1466 3618 sontes

379 3629 537 3679 sedes
590 3631 860 3694 tenuisse,
902 3633 1030 3684 inde
1069 3650 1104 3685 a
1148 3635 1336 3686 Budiie
1385 3654 1468 3687 se·

379 3699 745 3763 ptentrionem
781 3717 972 3752 versus
997 3704 1153 3766 sitas,
1181 3704 1323 3755 idem
1357 3723 1465 3757 mo-

378 3773 473 3817 net
503 3769 825 3821 Larcherus.
863 3772 1084 3835 Eudios,
1124 3788 1351 3838 quornm
1387 3792 1466 3826 se-

380 3837 476 3886 des
514 3853 623 3888 non
659 3840 795 3889 satis
833 3845 1018 3892 certae
1053 3842 1181 3906 sint,
1212 3843 1466 3896 incoluis-

379 3920 440 3956 se
480 3906 571 3958 ille
607 3910 917 3973 suspicatur
963 3911 1212 3976 regiones
1252 3920 1466 3979 septen-

378 3975 611 4026 trionem
655 3992 843 4028 versus
889 3995 924 4029 a
969 3980 1147 4045 MagIs
1197 3982 1364 4046 sitas,
1413 3988 1466 4034 et

380 4044 719 4096 occidentem
754 4063 944 4099 versus
981 4065 1015 4100 a
1050 4049 1314 4116 Choaspin
1349 4054 1467 4103 fon-

378 4114 547 4167 tibus.
583 4115 829 4167 Ritterus
866 4117 1187 4176 (Erdkunde
1222 4121 1298 4172 11.
1335 4138 1464 4188 pag.

377 4181 483 4235 896
524 4183 650 4234 coll.
689 4184 808 4237 799.
860 4186 1007 4253 902.)
1055 4188 1174 4239 vult
1218 4193 1490 4243 sacerdo--

376 4250 548 4303 talem
593 4258 806 4319 gentem
849 4272 968 4307 esse
1010 4273 1121 4307 non
1166 4259 1342 4310 minus
1385 4267 1468 4311 at-

377 4335 486 4387 que
521 4322 736 4389 Magos,
770 4325 1033 4391 simulque
1068 4328 1234 4377 refert
1268 4329 1372 4380 hoc
1393 4331 1467 4381 ad

377 4390 647 4442 Buddhae
679 4394 879 4444 cultum
921 4410 1015 4461 pro
1039 4411 1185 4446 more
1215 4412 1331 4462 suo,
1359 4414 1466 4463 quo

468 4495 803 4538 HERODO‘I'.
852 4498 895 4538 1.

1572 942 1907 994 incunabula
1939 958 2117 995 rerum
2146 945 2454 998 divinarum
2490 954 2547 999 et
2566 949 2663 1001 hu-

1572 1028 1855 1063 manarum
1891 1029 1957 1063 ex
1990 1014 2144 1065 Indis
2180 1015 2411 1068 derivat.

1641 1081 1831 1148 Magos
1901 1084 1992 1133 vix
2061 1084 2283 1135 dubium
2349 1088 2661 1152 primariam

1570 1151 1741 1202 fuisse
1786 1157 2003 1217 gentem
2037 1154 2348 1219 Medorum,
2398 1158 2486 1207 cui
2530 1173 2661 1222 prae

1569 1222 1765 1271 ceteris
1803 1221 1999 1286 honor,
2038 1239 2171 1274 cura
2206 1240 2483 1277 sacrorum
2510 1232 2565 1278 et
2586 1227 2663 1277 le-

1567 1306 1695 1356 gum
1722 1291 2027 1343 divinarum
2048 1296 2331 1358 permissa.
2367 1296 2489 1346 Hoc
2517 1297 2661 1347 enim

1570 1360 1789 1410 minime
1826 1360 2089 1426 alienum,
2128 1364 2274 1428 quod
2305 1380 2445 1438 quae
2482 1369 2661 1416 tanto-

1568 1445 1698 1495 pere
1736 1435 1864 1494 post
1907 1432 2165 1483 inclaruit
2202 1449 2365 1498 gens,
2420 1436 2660 1485 tribuum

1568 1499 1781 1549 illarum
1832 1515 1941 1551 una
1986 1502 2235 1567 primitus
2285 1503 2411 1555 fuit.
2497 1504 2655 1555 Conf.
2724 1519 2731 1528 ·

1567 1569 1804 1619 Heeren.
1850 1569 2017 1620 Ideen
2068 1571 2106 1621 1.
2165 1570 2201 1621 1.
2256 1587 2309 1636 p.
2359 1573 2484 1624 409.
2534 1575 2657 1624 451.

1565 1637 1852 1703 Longerke
1897 1638 1967 1688 ad
2012 1640 2229 1690 Daniel.
2285 1656 2341 1705 p.
2386 1643 2457 1691 44
2505 1658 2659 1708 seqq.

1565 1707 1717 1757 Beck
1761 1707 1965 1758 Anleit.
2020 1725 2069 1759 z.
2114 1708 2450 1774 Weltgesch.
2511 1711 2558 1763 I.
2602 1727 2659 1776 p.

1568 1775 1693 1826 646.
1769 1776 2140 1828 Orientalibus
2176 1779 2530 1842 scriptoribus
2566 1780 2661 1844 qui

1570 1844 1826 1895 dicuntur
1875 1846 2058 1910 Moqlz,
2109 1861 2143 1897 a
2178 1847 2358 1910 Magis
2406 1863 2518 1898 non
2556 1847 2661 1897 dif-

1571 1913 1712 1962 ferre
1766 1912 1928 1963 valde
1980 1918 2065 1963 est
2110 1915 2414 1980 probabile.
2499 1916 2659 1979 Quod

1569 1981 1915 2032 orientalium
1961 1982 2240 2033 literarum
2285 1984 2449 2049 periti
2497 2001 2659 2050 expo-

1568 2056 1729 2101 nunt:
1777 2067 2026 2116 magum,
2074 2054 2304 2102 eximiam:
2337 2054 2464 2119 (pro
2501 2052 2657 2118 Male)

1567 2120 1657 2171 vel
1696 2121 1862 2171 etiam
1896 2129 2067 2186 caput.
2141 2122 2301 2172 Conf.
2340 2124 2530 2174 Virum
2566 2123 2660 2174 do-

1568 2194 1715 2241 ctum
1766 2190 1822 2240 in
1866 2191 2094 2242 Hermes
2123 2192 2335 2257 XXXI,
2385 2193 2409 2243 1
2453 2190 2656 2258 (1828).

1567 2275 1621 2324 p.
1660 2258 1747 2310 90.
1787 2265 1902 2311 not.
1973 2260 2325 2324 Hammmns,
2375 2276 2535 2326 quem
2572 2277 2658 2313 su-

1567 2344 1668 2394 pra
1728 2327 1806 2392 (1,
1859 2329 1950 2394 96)
2007 2329 2243 2381 vidimus
2287 2331 2546 2381 Deiocem
2603 2336 2661 2382 et

1566 2398 1964 2449 Dschemschid
1996 2414 2162 2449 unum
2192 2399 2528 2465 eundemque
2563 2401 2659 2452 ha·

1568 2467 1731 2530 bere,
1780 2467 1837 2517 in
1873 2468 2024 2518 hisce
2074 2468 2324 2519 tribubus
2356 2470 2659 2533 Medorum,

1567 2552 1706 2601 quas
1731 2537 2046 2588 Herodotus
2072 2544 2338 2602 recenset,
2376 2553 2485 2588 non
2518 2539 2658 2590 alias

1567 2605 1847 2670 agnoseit,
1919 2622 2081 2672 quam
2150 2622 2290 2672 quae
2354 2608 2454 2662 snb
2528 2623 2659 2672 rege

1565 2673 1960 2725 Dschemsehid
1995 2675 2165 2725 fuisse
2210 2681 2501 2725 narrantur
2543 2680 2660 2726 tum

1566 2744 1624 2794 in
1670 2742 1823 2794 libris
1860 2745 2151 2794 Persarum
2198 2744 2371 2794 sacris
2429 2743 2659 2808 (Ze‘nda-

1567 2811 1780 2877 vesta),
1841 2818 1955 2863 tum
2000 2814 2056 2863 in
2103 2813 2342 2863 carmine
2387 2812 2507 2876 illo,
2569 2816 2659 2865 cui

1566 2897 1763 2932 nomen
1822 2882 2218 2933 Schahnameh.
2312 2883 2658 2948 Sacerdotes,

1565 2953 1740 3017 primo
1784 2949 1906 3003 loeo
1944 2951 2251 3017 ponendos,
2293 2967 2415 3002 esse
2452 2952 2657 3018 Μαρω,

1567 3023 1661 3087 qui
1693 3021 1856 3071 iidem
1893 3022 2057 3072 etiam
2094 3022 2255 3072 Badis·
2292 3021 2353 3084 (ἰ.
2394 3038 2441 3073 e.
2486 3024 2660 3074 culto-

1566 3088 1682 3154 res)
1705 3091 1965 3156 appellati
2001 3092 2231 3151 fuerint3
2274 3092 2470 3155 quibus
2493 3094 2660 3143 utris-

1568 3177 1673 3226 que
1708 3161 2035 3227 respondere
2071 3176 2194 3224 eos,
2229 3162 2323 3225 qui
2345 3162 2575 3214 Athon-ne
2604 3166 2659 3212 et

1567 3230 1832 3281 Katurian
1866 3232 1925 3280 in
1970 3230 2077 3280 illis
2124 3230 2282 3280 libris
2318 3234 2657 3292 vocitentur,

1567 3299 1858 3351 Arimantos
1896 3299 2005 3350 dici
2063 3301 2241 3362 Vispie
2274 3300 2446 3351 Erene
2481 3306 2537 3352 et
2572 3301 2659 3350 Pi-

1566 3373 1745 3419 san‘an
1796 3370 1856 3431 (i.
1916 3385 1965 3418 e.
2014 3366 2305 3432 artifices),
2364 3369 2661 3420 Ser-achates

1569 3453 1690 3488 esse
1710 3437 2008 3498 Osterusclt,
2046 3436 2264 3486 tertiam
2288 3437 2517 3501 tribum,
2549 3438 2659 3487 Bu-

1567 3523 1675 3570 sas,
1715 3511 1966 3572 quartam
1999 3505 2224 3565 tribum,
2264 3505 2527 3569 appellari
2561 3504 2660 3554 Ole-

1568 3576 1841 3632 nomusclt&
1883 3576 2288 3623 Paraetacenos
2325 3575 2507 3625 omitti
2543 3574 2659 3639 qui-

1569 3644 1690 3694 dem
1734 3644 1791 3692 in
1828 3643 2066 3693 carmine
2102 3640 2505 3706 Schabnameh,
2562 3643 2659 3692 sed

1567 3714 1623 3762 in
1661 3712 2007 3762 Zendavesta
2051 3710 2162 3761 dici
2200 3711 2657 3774 Per-iodekerchan,

1568 3784 1606 3833 i.
1657 3798 1706 3832 e.
1756 3781 1903 3831 viros
1962 3780 2102 3844 legis
2147 3780 2483 3844 primitivae:
2543 3780 2657 3831 vid.

1568 3852 1790 3902 Wiener
1813 3849 2007 3916 Jahrb.
2032 3850 2129 3900 IX.
2162 3864 2216 3913 p.
2246 3849 2328 3899 11.
2362 3850 2443 3900 12.
2505 3851 2660 3912 Quae

1568 3936 1730 3986 quam
1768 3925 1972 4039 {amere
2011 3919 2193 3984 posita
2230 3918 2368 3983 sint,
2420 3919 2662 3971 ostendit

1568 3988 1774 4055 Hupfel
1856 3989 1912 4039 in
1957 3989 2225 4040 Exercitt.
2275 3988 2479 4040 Herod.
2529 3990 2660 4054 Spe-

1570 4060 1694 4110 eim.
1731 4059 1809 4111 ΙΙ.
1848 4074 1974 4125 pag.
2016 4058 2083 4112 35
2120 4074 2234 4124 seq.

1971 4231 2103 4283 Car.
2141 4231 2263 4282 011.

1639 4326 2076 4398 τελευτήσαντος
2145 4324 2430 4398 Aaronem,
2503 4328 2662 4399 βασι-

1568 4393 1875 4459 λεύσαντος
1893 4402 2024 4466 τρία
2047 4398 2143 4451 καὶ
2165 4392 2522 4463 πεντήκοντα
2541 4397 2664 4453 ἔτεα

2176 4484 2252 4543 15
