<?xml version="1.0" encoding="UTF-8"?>
<!DOCTYPE html PUBLIC "-//W3C//DTD XHTML 1.0 Transitional//EN"
    "http://www.w3.org/TR/xhtml1/DTD/xhtml1-transitional.dtd">
<html xmlns="http://www.w3.org/1999/xhtml" xml:lang="en" lang="en">
 <head>
  <title>
</title>
<meta http-equiv="Content-Type" content="text/html;charset=utf-8" />
  <meta name='ocr-system' content='tesseract 3.04.00' />
  <meta name='ocr-capabilities' content='ocr_page ocr_carea ocr_par ocr_line ocrx_word'/>
</head>
<body>
  <div class='ocr_page' id='page_1' title='image "./herodotihalicar02unkngoog_0259.png"; bbox 0 0 3109 5092; ppageno 0'>
   <div class='ocr_carea' id='block_1_1' title="bbox 1262 343 1779 409">
    <p class='ocr_par' dir='ltr' id='par_1_1' title="bbox 1262 343 1779 409">
     <span class='ocr_line' id='line_1_1' title="bbox 1262 343 1779 409; baseline 0 -5"><span class='ocrx_word' id='word_1_1' title='bbox 1262 343 1518 404; x_wconf 85' lang='lat' dir='ltr'><strong>CLIO.</strong></span> <span class='ocrx_word' id='word_1_2' title='bbox 1566 345 1614 403; x_wconf 90' lang='lat'><strong>1.</strong></span> <span class='ocrx_word' id='word_1_3' title='bbox 1662 353 1779 409; x_wconf 81' lang='lat'><strong>109.</strong></span> 
     </span>
    </p>
   </div>
   <div class='ocr_carea' id='block_1_2' title="bbox 2536 342 2659 404">
    <p class='ocr_par' dir='ltr' id='par_1_2' title="bbox 2536 342 2659 404">
     <span class='ocr_line' id='line_1_2' title="bbox 2536 342 2659 404; baseline 0.016 -2"><span class='ocrx_word' id='word_1_4' title='bbox 2536 342 2659 404; x_wconf 78' lang='lat'><strong>239</strong></span> 
     </span>
    </p>
   </div>
   <div class='ocr_carea' id='block_1_3' title="bbox 379 511 2660 1124">
    <p class='ocr_par' dir='ltr' id='par_1_3' title="bbox 379 511 2660 1124">
     <span class='ocr_line' id='line_1_3' title="bbox 381 511 2660 609; baseline 0 -24"><span class='ocrx_word' id='word_1_5' title='bbox 381 542 615 606; x_wconf 84' lang='grc' dir='ltr'><strong><em>μενος,</em></strong></span> <span class='ocrx_word' id='word_1_6' title='bbox 661 516 729 597; x_wconf 78' lang='grc' dir='ltr'><strong>ἐξ</strong></span> <span class='ocrx_word' id='word_1_7' title='bbox 761 511 1041 604; x_wconf 75' lang='grc' dir='ltr'><strong><em>ὑστέρης</em></strong></span> <span class='ocrx_word' id='word_1_8' title='bbox 1084 536 1189 586; x_wconf 93' lang='grc' dir='ltr'><strong>σοι</strong></span> <span class='ocrx_word' id='word_1_9' title='bbox 1243 516 1473 609; x_wconf 75' lang='grc' dir='ltr'><strong><em>ἑωυτῷ</em></strong></span> <span class='ocrx_word' id='word_1_10' title='bbox 1510 519 1893 606; x_wconf 76' lang='grc' dir='ltr'><strong><em>περιπέσῃς.</em></strong></span> <span class='ocrx_word' id='word_1_11' title='bbox 1961 514 2127 604; x_wconf 77' lang='grc' dir='ltr'><strong><em>λάβε</em></strong></span> <span class='ocrx_word' id='word_1_12' title='bbox 2167 514 2287 584; x_wconf 78' lang='grc' dir='ltr'><strong>τὸν</strong></span> <span class='ocrx_word' id='word_1_13' title='bbox 2318 514 2660 604; x_wconf 76' lang='grc' dir='ltr'><em>Μανδάνη</em></span> 
     </span>
     <span class='ocr_line' id='line_1_4' title="bbox 382 616 2654 708; baseline 0 -20"><span class='ocrx_word' id='word_1_14' title='bbox 382 625 565 688; x_wconf 78' lang='grc' dir='ltr'><strong><em>ἔτεκε</em></strong></span> <span class='ocrx_word' id='word_1_15' title='bbox 593 625 843 704; x_wconf 82' lang='grc' dir='ltr'><strong><em>παῖδα,</em></strong></span> <span class='ocrx_word' id='word_1_16' title='bbox 891 622 1123 708; x_wconf 88' lang='grc' dir='ltr'><strong><em>φέρων</em></strong></span> <span class='ocrx_word' id='word_1_17' title='bbox 1167 619 1243 688; x_wconf 75' lang='grc' dir='ltr'><strong>δὲ</strong></span> <span class='ocrx_word' id='word_1_18' title='bbox 1289 622 1356 700; x_wconf 80' lang='grc' dir='ltr'><strong><em>ἐς</em></strong></span> <span class='ocrx_word' id='word_1_19' title='bbox 1390 624 1697 689; x_wconf 83' lang='grc' dir='ltr'><em>σεωυτοῦ</em></span> <span class='ocrx_word' id='word_1_20' title='bbox 1726 617 2158 690; x_wconf 79' lang='grc' dir='ltr'><strong><em>ἀπόκτεινον·</em></strong></span> <span class='ocrx_word' id='word_1_21' title='bbox 2217 616 2378 708; x_wconf 77' lang='grc' dir='ltr'><strong><em>μετὰ</em></strong></span> <span class='ocrx_word' id='word_1_22' title='bbox 2413 620 2489 688; x_wconf 73' lang='grc' dir='ltr'><strong>δὲ</strong></span> <span class='ocrx_word' id='word_1_23' title='bbox 2524 619 2654 689; x_wconf 83' lang='grc' dir='ltr'><strong>θά-</strong></span> 
     </span>
     <span class='ocr_line' id='line_1_5' title="bbox 379 713 2652 815; baseline 0 -24"><span class='ocrx_word' id='word_1_24' title='bbox 379 737 512 806; x_wconf 80' lang='grc' dir='ltr'><strong>ψον</strong></span> <span class='ocrx_word' id='word_1_25' title='bbox 544 720 770 815; x_wconf 77' lang='grc' dir='ltr'><strong><em>τρόπῳ</em></strong></span> <span class='ocrx_word' id='word_1_26' title='bbox 815 719 982 815; x_wconf 74' lang='grc' dir='ltr'><strong><em>ὅτεῳ</em></strong></span> <span class='ocrx_word' id='word_1_27' title='bbox 1030 719 1231 803; x_wconf 82' lang='grc' dir='ltr'><strong><em>αὐτὸς</em></strong></span> <span class='ocrx_word' id='word_1_28' title='bbox 1277 723 1575 811; x_wconf 80' lang='grc' dir='ltr'><strong><em>βούλεαι.</em></strong></span> <span class='ocrx_word' id='word_1_29' title='bbox 1649 719 1720 791; x_wconf 88' lang='lat'><strong>‘0</strong></span> <span class='ocrx_word' id='word_1_30' title='bbox 1766 725 1840 793; x_wconf 75' lang='grc' dir='ltr'><strong>δὲ</strong></span> <span class='ocrx_word' id='word_1_31' title='bbox 1877 718 2251 811; x_wconf 77' lang='grc' dir='ltr'><strong><em>ἀμείβεται·</em></strong></span> <span class='ocrx_word' id='word_1_32' title='bbox 2323 713 2404 790; x_wconf 79' lang='grc' dir='ltr'><em>Ὦ</em></span> <span class='ocrx_word' id='word_1_33' title='bbox 2458 730 2652 810; x_wconf 86' lang='grc' dir='ltr'><strong><em>βασι-</em></strong></span> 
     </span>
     <span class='ocr_line' id='line_1_6' title="bbox 380 821 2651 921; baseline 0 -26"><span class='ocrx_word' id='word_1_34' title='bbox 380 833 534 912; x_wconf 80' lang='grc' dir='ltr'><strong><em>λεῦ,</em></strong></span> <span class='ocrx_word' id='word_1_35' title='bbox 585 822 740 895; x_wconf 81' lang='grc' dir='ltr'><strong><em>οὔτε</em></strong></span> <span class='ocrx_word' id='word_1_36' title='bbox 769 822 1012 895; x_wconf 79' lang='grc' dir='ltr'><strong><em>ἄλλοτέ</em></strong></span> <span class='ocrx_word' id='word_1_37' title='bbox 1036 854 1133 896; x_wconf 88' lang='grc' dir='ltr'><strong>κω</strong></span> <span class='ocrx_word' id='word_1_38' title='bbox 1171 834 1487 916; x_wconf 80' lang='grc' dir='ltr'><strong><em>παρεῖδες</em></strong></span> <span class='ocrx_word' id='word_1_39' title='bbox 1526 824 1728 916; x_wconf 83' lang='grc' dir='ltr'><strong><em>άνδρὶ</em></strong></span> <span class='ocrx_word' id='word_1_40' title='bbox 1767 831 1939 921; x_wconf 76' lang='grc' dir='ltr'><strong><em>τῷδε</em></strong></span> <span class='ocrx_word' id='word_1_41' title='bbox 1984 824 2179 916; x_wconf 78' lang='grc' dir='ltr'><strong><em>ἄχαρι</em></strong></span> <span class='ocrx_word' id='word_1_42' title='bbox 2225 821 2466 912; x_wconf 75' lang='grc' dir='ltr'><strong><em>οὐδὲν,</em></strong></span> <span class='ocrx_word' id='word_1_43' title='bbox 2516 853 2651 911; x_wconf 86' lang='grc' dir='ltr'><strong>φυ-</strong></span> 
     </span>
     <span class='ocr_line' id='line_1_7' title="bbox 379 927 2650 1019; baseline -0 -21"><span class='ocrx_word' id='word_1_44' title='bbox 379 927 763 1018; x_wconf 77' lang='grc' dir='ltr'><strong><em>λασσόμεθα</em></strong></span> <span class='ocrx_word' id='word_1_45' title='bbox 810 930 884 999; x_wconf 74' lang='grc' dir='ltr'><strong>δὲ</strong></span> <span class='ocrx_word' id='word_1_46' title='bbox 922 932 988 1010; x_wconf 84' lang='grc' dir='ltr'><strong><em>ές</em></strong></span> <span class='ocrx_word' id='word_1_47' title='bbox 1024 930 1100 999; x_wconf 75' lang='grc' dir='ltr'><strong><em>σὲ</em></strong></span> <span class='ocrx_word' id='word_1_48' title='bbox 1136 932 1250 999; x_wconf 81' lang='grc' dir='ltr'><strong><em>καὶ</em></strong></span> <span class='ocrx_word' id='word_1_49' title='bbox 1291 932 1358 1011; x_wconf 86' lang='grc' dir='ltr'><strong><em>ές</em></strong></span> <span class='ocrx_word' id='word_1_50' title='bbox 1397 929 1518 1001; x_wconf 83' lang='grc' dir='ltr'><strong>τὸν</strong></span> <span class='ocrx_word' id='word_1_51' title='bbox 1559 931 1909 1019; x_wconf 85' lang='grc' dir='ltr'><strong><em>μετέπειτα</em></strong></span> <span class='ocrx_word' id='word_1_52' title='bbox 1952 929 2197 1019; x_wconf 79' lang='grc' dir='ltr'><strong><em>χρόνον</em></strong></span> <span class='ocrx_word' id='word_1_53' title='bbox 2242 929 2458 1017; x_wconf 75' lang='grc' dir='ltr'><strong><em>μηδὲν</em></strong></span> <span class='ocrx_word' id='word_1_54' title='bbox 2504 931 2650 1011; x_wconf 81' lang='grc' dir='ltr'><strong><em>ἐξα-</em></strong></span> 
     </span>
     <span class='ocr_line' id='line_1_8' title="bbox 379 1028 2660 1124; baseline -0.001 -22"><span class='ocrx_word' id='word_1_55' title='bbox 379 1048 679 1124; x_wconf 86' lang='grc' dir='ltr'><strong><em>μαρτεῖν.</em></strong></span> <span class='ocrx_word' id='word_1_56' title='bbox 735 1028 884 1101; x_wconf 77' lang='grc' dir='ltr'><strong><em>ἀλλ’</em></strong></span> <span class='ocrx_word' id='word_1_57' title='bbox 927 1043 996 1101; x_wconf 74' lang='grc' dir='ltr'><strong>εἴ</strong></span> <span class='ocrx_word' id='word_1_58' title='bbox 1030 1060 1131 1103; x_wconf 91' lang='grc' dir='ltr'><strong><em>τοι</em></strong></span> <span class='ocrx_word' id='word_1_59' title='bbox 1171 1041 1377 1122; x_wconf 77' lang='grc' dir='ltr'><strong><em>φίλον</em></strong></span> <span class='ocrx_word' id='word_1_60' title='bbox 1418 1040 1618 1104; x_wconf 82' lang='grc' dir='ltr'><strong><em>τοῦτο</em></strong></span> <span class='ocrx_word' id='word_1_61' title='bbox 1664 1030 1841 1103; x_wconf 77' lang='grc' dir='ltr'><strong><em>οὕτω</em></strong></span> <span class='ocrx_word' id='word_1_62' title='bbox 1880 1041 2230 1119; x_wconf 79' lang='grc' dir='ltr'><strong><em>γίνεσθαι,</em></strong></span> <span class='ocrx_word' id='word_1_63' title='bbox 2292 1030 2419 1121; x_wconf 83' lang='grc' dir='ltr'><strong>χρὴ</strong></span> <span class='ocrx_word' id='word_1_64' title='bbox 2459 1030 2545 1122; x_wconf 87' lang='grc' dir='ltr'><strong>δὴ</strong></span> <span class='ocrx_word' id='word_1_65' title='bbox 2582 1030 2660 1100; x_wconf 90' lang='grc' dir='ltr'><strong>τό</strong></span> 
     </span>
    </p>
   </div>
   <div class='ocr_carea' id='block_1_4' title="bbox 294 1130 1657 1226">
    <p class='ocr_par' dir='ltr' id='par_1_4' title="bbox 294 1130 1657 1226">
     <span class='ocr_line' id='line_1_9' title="bbox 294 1130 1657 1226; baseline -0.001 -21"><span class='ocrx_word' id='word_1_66' title='bbox 294 1155 364 1206; x_wconf 81' lang='lat'><strong>55</strong></span> <span class='ocrx_word' id='word_1_67' title='bbox 381 1162 458 1221; x_wconf 77' lang='grc' dir='ltr'><strong>γε</strong></span> <span class='ocrx_word' id='word_1_68' title='bbox 515 1133 675 1224; x_wconf 79' lang='grc' dir='ltr'><strong><em>ἐμὸν</em></strong></span> <span class='ocrx_word' id='word_1_69' title='bbox 722 1130 1216 1224; x_wconf 78' lang='grc' dir='ltr'><strong><em>ὑπηρετέεσθαι</em></strong></span> <span class='ocrx_word' id='word_1_70' title='bbox 1274 1134 1657 1226; x_wconf 78' lang='grc' dir='ltr'><strong><em>ἐπιτηδέως.</em></strong></span> 
     </span>
    </p>
   </div>
   <div class='ocr_carea' id='block_1_5' title="bbox 364 1234 2671 1846">
    <p class='ocr_par' dir='ltr' id='par_1_5' title="bbox 364 1234 2671 1846">
     <span class='ocr_line' id='line_1_10' title="bbox 364 1234 2656 1330; baseline -0 -22"><span class='ocrx_word' id='word_1_71' title='bbox 364 1234 733 1328; x_wconf 68' lang='grc' dir='ltr'><strong><em>Ἅρπαγος,</em></strong></span> <span class='ocrx_word' id='word_1_72' title='bbox 780 1236 870 1319; x_wconf 76' lang='grc' dir='ltr'><strong><em>ὥς</em></strong></span> <span class='ocrx_word' id='word_1_73' title='bbox 898 1243 970 1310; x_wconf 80' lang='grc' dir='ltr'><strong>οἱ</strong></span> <span class='ocrx_word' id='word_1_74' title='bbox 1008 1240 1357 1330; x_wconf 79' lang='grc' dir='ltr'><strong><em>παρεδόθη</em></strong></span> <span class='ocrx_word' id='word_1_75' title='bbox 1401 1239 1477 1312; x_wconf 81' lang='grc' dir='ltr'><strong>τὸ</strong></span> <span class='ocrx_word' id='word_1_76' title='bbox 1518 1245 1794 1312; x_wconf 85' lang='grc' dir='ltr'><strong><em>παιδίον</em></strong></span> <span class='ocrx_word' id='word_1_77' title='bbox 1837 1242 2338 1329; x_wconf 84' lang='grc' dir='ltr'><strong><em>κεκοσμημένον</em></strong></span> <span class='ocrx_word' id='word_1_78' title='bbox 2377 1236 2501 1327; x_wconf 84' lang='grc' dir='ltr'><strong>τὴν</strong></span> <span class='ocrx_word' id='word_1_79' title='bbox 2547 1239 2656 1308; x_wconf 80' lang='grc' dir='ltr'><strong><em>ἐπὶ</em></strong></span> 
     </span>
     <span class='ocr_line' id='line_1_11' title="bbox 380 1339 2671 1436; baseline 0 -26"><span class='ocrx_word' id='word_1_80' title='bbox 380 1342 690 1436; x_wconf 75' lang='grc' dir='ltr'><strong><em>θανάτῳ,</em></strong></span> <span class='ocrx_word' id='word_1_81' title='bbox 745 1339 851 1431; x_wconf 76' lang='grc' dir='ltr'><strong>ἤϊε</strong></span> <span class='ocrx_word' id='word_1_82' title='bbox 901 1350 1156 1414; x_wconf 81' lang='grc' dir='ltr'><strong><em>κλαίων</em></strong></span> <span class='ocrx_word' id='word_1_83' title='bbox 1204 1347 1270 1424; x_wconf 82' lang='grc' dir='ltr'><strong><em>ές</em></strong></span> <span class='ocrx_word' id='word_1_84' title='bbox 1328 1342 1410 1413; x_wconf 78' lang='grc' dir='ltr'><strong>τὰ</strong></span> <span class='ocrx_word' id='word_1_85' title='bbox 1460 1351 1659 1414; x_wconf 81' lang='grc' dir='ltr'><strong><em>οἰκία.</em></strong></span> <span class='ocrx_word' id='word_1_86' title='bbox 1735 1340 2102 1435; x_wconf 76' lang='grc' dir='ltr'><strong><em>παρελθῶν</em></strong></span> <span class='ocrx_word' id='word_1_87' title='bbox 2152 1343 2228 1413; x_wconf 74' lang='grc' dir='ltr'><strong>δὲ</strong></span> <span class='ocrx_word' id='word_1_88' title='bbox 2280 1348 2522 1430; x_wconf 76' lang='grc' dir='ltr'><strong><em>ἔφραζε</em></strong></span> <span class='ocrx_word' id='word_1_89' title='bbox 2576 1346 2671 1433; x_wconf 50' lang='grc' dir='ltr'><strong>τῇ,</strong></span> 
     </span>
     <span class='ocr_line' id='line_1_12' title="bbox 383 1441 2656 1538; baseline -0.001 -23"><span class='ocrx_word' id='word_1_90' title='bbox 383 1447 638 1516; x_wconf 81' lang='grc' dir='ltr'><strong><em>ἑωυτοῦ</em></strong></span> <span class='ocrx_word' id='word_1_91' title='bbox 675 1448 951 1531; x_wconf 78' lang='grc' dir='ltr'><strong><em>γυναικὶ</em></strong></span> <span class='ocrx_word' id='word_1_92' title='bbox 989 1444 1108 1516; x_wconf 81' lang='grc' dir='ltr'><strong>τὸν</strong></span> <span class='ocrx_word' id='word_1_93' title='bbox 1162 1447 1378 1517; x_wconf 89' lang='grc' dir='ltr'><strong><em>πάντα</em></strong></span> <span class='ocrx_word' id='word_1_94' title='bbox 1417 1444 1812 1534; x_wconf 74' lang='grc' dir='ltr'><strong><em>Ἀστυάγεος</em></strong></span> <span class='ocrx_word' id='word_1_95' title='bbox 1863 1451 2165 1538; x_wconf 73' lang='grc' dir='ltr'><strong><em>ρηθέντα</em></strong></span> <span class='ocrx_word' id='word_1_96' title='bbox 2208 1445 2429 1532; x_wconf 77' lang='grc' dir='ltr'><strong><em>λόγον.</em></strong></span> <span class='ocrx_word' id='word_1_97' title='bbox 2501 1441 2541 1534; x_wconf 84' lang='grc' dir='ltr'><em>ἡ</em></span> <span class='ocrx_word' id='word_1_98' title='bbox 2581 1445 2656 1514; x_wconf 74' lang='grc' dir='ltr'><strong>δὲ</strong></span> 
     </span>
     <span class='ocr_line' id='line_1_13' title="bbox 380 1541 2656 1644; baseline -0.001 -25"><span class='ocrx_word' id='word_1_99' title='bbox 380 1547 544 1635; x_wconf 80' lang='grc' dir='ltr'><strong><em>πρὸς</em></strong></span> <span class='ocrx_word' id='word_1_100' title='bbox 582 1545 792 1618; x_wconf 79' lang='grc' dir='ltr'><strong><em>αὐτὸν</em></strong></span> <span class='ocrx_word' id='word_1_101' title='bbox 843 1552 1056 1635; x_wconf 79' lang='grc' dir='ltr'><strong><em>λέγει·</em></strong></span> <span class='ocrx_word' id='word_1_102' title='bbox 1139 1555 1299 1620; x_wconf 89' lang='grc' dir='ltr'><strong><em>Νῦν</em></strong></span> <span class='ocrx_word' id='word_1_103' title='bbox 1339 1541 1436 1620; x_wconf 74' lang='grc' dir='ltr'><strong>ὧν</strong></span> <span class='ocrx_word' id='word_1_104' title='bbox 1485 1558 1556 1619; x_wconf 90' lang='grc' dir='ltr'><strong>τί</strong></span> <span class='ocrx_word' id='word_1_105' title='bbox 1593 1575 1697 1620; x_wconf 92' lang='grc' dir='ltr'><strong>σοι</strong></span> <span class='ocrx_word' id='word_1_106' title='bbox 1748 1546 1824 1618; x_wconf 79' lang='grc' dir='ltr'><strong>ἐν</strong></span> <span class='ocrx_word' id='word_1_107' title='bbox 1865 1551 2002 1644; x_wconf 77' lang='grc' dir='ltr'><strong><em>νόςο</em></strong></span> <span class='ocrx_word' id='word_1_108' title='bbox 2043 1547 2182 1619; x_wconf 77' lang='grc' dir='ltr'><strong><em>ἐστὶ</em></strong></span> <span class='ocrx_word' id='word_1_109' title='bbox 2236 1552 2520 1630; x_wconf 85' lang='grc' dir='ltr'><strong><em>ποιέειν;</em></strong></span> <span class='ocrx_word' id='word_1_110' title='bbox 2584 1544 2656 1616; x_wconf 85' lang='grc' dir='ltr'><strong><em>Ὁ</em></strong></span> 
     </span>
     <span class='ocr_line' id='line_1_14' title="bbox 382 1643 2654 1742; baseline 0 -22"><span class='ocrx_word' id='word_1_111' title='bbox 382 1653 455 1721; x_wconf 72' lang='grc' dir='ltr'><strong>δὲ</strong></span> <span class='ocrx_word' id='word_1_112' title='bbox 502 1649 884 1740; x_wconf 76' lang='grc' dir='ltr'><strong><em>ἀμείβεται·</em></strong></span> <span class='ocrx_word' id='word_1_113' title='bbox 963 1650 1111 1723; x_wconf 83' lang='grc' dir='ltr'><strong>Οὐκ</strong></span> <span class='ocrx_word' id='word_1_114' title='bbox 1161 1643 1205 1742; x_wconf 82' lang='grc' dir='ltr'><em>ᾗ</em></span> <span class='ocrx_word' id='word_1_115' title='bbox 1260 1650 1638 1724; x_wconf 79' lang='grc' dir='ltr'><strong><em>ἐνετέλλετο</em></strong></span> <span class='ocrx_word' id='word_1_116' title='bbox 1673 1650 2068 1742; x_wconf 79' lang='grc' dir='ltr'><strong><em>Ἀστυάγης·</em></strong></span> <span class='ocrx_word' id='word_1_117' title='bbox 2130 1649 2284 1723; x_wconf 83' lang='grc' dir='ltr'><strong><em>οὐδ’</em></strong></span> <span class='ocrx_word' id='word_1_118' title='bbox 2333 1658 2397 1721; x_wconf 84' lang='grc' dir='ltr'><strong>εί</strong></span> <span class='ocrx_word' id='word_1_119' title='bbox 2437 1678 2654 1740; x_wconf 86' lang='grc' dir='ltr'><strong><em>παρα-</em></strong></span> 
     </span>
     <span class='ocr_line' id='line_1_15' title="bbox 379 1751 2657 1846; baseline -0 -22"><span class='ocrx_word' id='word_1_120' title='bbox 379 1753 701 1846; x_wconf 83' lang='grc' dir='ltr'><strong><em>φρονήσει</em></strong></span> <span class='ocrx_word' id='word_1_121' title='bbox 733 1781 805 1823; x_wconf 85' lang='grc' dir='ltr'><strong>τε</strong></span> <span class='ocrx_word' id='word_1_122' title='bbox 838 1757 951 1824; x_wconf 77' lang='grc' dir='ltr'><strong><em>καὶ</em></strong></span> <span class='ocrx_word' id='word_1_123' title='bbox 987 1772 1294 1845; x_wconf 82' lang='grc' dir='ltr'><strong><em>μανεῖται</em></strong></span> <span class='ocrx_word' id='word_1_124' title='bbox 1333 1755 1569 1828; x_wconf 85' lang='grc' dir='ltr'><strong><em>κάκιον</em></strong></span> <span class='ocrx_word' id='word_1_125' title='bbox 1608 1751 1650 1845; x_wconf 83' lang='grc' dir='ltr'><em>ἢ</em></span> <span class='ocrx_word' id='word_1_126' title='bbox 1679 1761 1809 1826; x_wconf 89' lang='grc' dir='ltr'><strong>νῦν</strong></span> <span class='ocrx_word' id='word_1_127' title='bbox 1843 1764 2190 1844; x_wconf 87' lang='grc' dir='ltr'><strong><em>μαίνεται,</em></strong></span> <span class='ocrx_word' id='word_1_128' title='bbox 2227 1751 2310 1824; x_wconf 81' lang='grc' dir='ltr'><strong>οὔ</strong></span> <span class='ocrx_word' id='word_1_129' title='bbox 2345 1760 2415 1824; x_wconf 76' lang='grc' dir='ltr'><strong>οἱ</strong></span> <span class='ocrx_word' id='word_1_130' title='bbox 2443 1761 2657 1841; x_wconf 75' lang='grc' dir='ltr'><strong><em>ἔγωγε</em></strong></span> 
     </span>
    </p>
   </div>
   <div class='ocr_carea' id='block_1_6' title="bbox 374 1962 1467 2224">
    <p class='ocr_par' dir='ltr' id='par_1_6' title="bbox 374 1962 1467 2224">
     <span class='ocr_line' id='line_1_16' title="bbox 380 1962 1465 2029; baseline 0 -15"><span class='ocrx_word' id='word_1_131' title='bbox 380 1963 554 2014; x_wconf 75' lang='lat' dir='ltr'><strong>dehinc</strong></span> <span class='ocrx_word' id='word_1_132' title='bbox 587 1962 884 2029; x_wconf 52' lang='lat' dir='ltr'><strong>captari-³⁴⁶,</strong></span> <span class='ocrx_word' id='word_1_133' title='bbox 932 1965 971 2016; x_wconf 89' lang='lat' dir='ltr'><strong>i.</strong></span> <span class='ocrx_word' id='word_1_134' title='bbox 1020 1979 1067 2015; x_wconf 90' lang='lat' dir='ltr'><strong>e.</strong></span> <span class='ocrx_word' id='word_1_135' title='bbox 1119 1974 1169 2015; x_wconf 83' lang='lat' dir='ltr'><strong>te</strong></span> <span class='ocrx_word' id='word_1_136' title='bbox 1211 1967 1372 2029; x_wconf 73' lang='lat' dir='ltr'><strong>ipsum</strong></span> <span class='ocrx_word' id='word_1_137' title='bbox 1414 1967 1465 2014; x_wconf 79' lang='lat' dir='ltr'><strong>in</strong></span> 
     </span>
     <span class='ocr_line' id='line_1_17' title="bbox 374 2031 1467 2097; baseline 0 -14"><span class='ocrx_word' id='word_1_138' title='bbox 374 2035 641 2096; x_wconf 73' lang='lat' dir='ltr'><strong>perniciem</strong></span> <span class='ocrx_word' id='word_1_139' title='bbox 696 2031 905 2092; x_wconf 51' lang='lat' dir='ltr'><strong>traha&amp;</strong></span> <span class='ocrx_word' id='word_1_140' title='bbox 963 2035 1044 2084; x_wconf 80' lang='lat' dir='ltr'><strong>sic</strong></span> <span class='ocrx_word' id='word_1_141' title='bbox 1105 2033 1467 2097; x_wconf 82' lang='grc' dir='ltr'><strong><em>περιπίπτειν</em></strong></span> 
     </span>
     <span class='ocr_line' id='line_1_18' title="bbox 381 2100 1465 2170; baseline 0.002 -20"><span class='ocrx_word' id='word_1_142' title='bbox 381 2100 646 2170; x_wconf 83' lang='grc' dir='ltr'><strong><em>συμφορῇ</em></strong></span> <span class='ocrx_word' id='word_1_143' title='bbox 684 2103 887 2153; x_wconf 80' lang='lat' dir='ltr'><strong>Noster</strong></span> <span class='ocrx_word' id='word_1_144' title='bbox 922 2105 1060 2154; x_wconf 80' lang='lat' dir='ltr'>dixit</span> <span class='ocrx_word' id='word_1_145' title='bbox 1094 2104 1223 2167; x_wconf 90' lang='lat' dir='ltr'>VII,</span> <span class='ocrx_word' id='word_1_146' title='bbox 1247 2106 1334 2168; x_wconf 79' lang='lat'><strong>88,</strong></span> <span class='ocrx_word' id='word_1_147' title='bbox 1371 2105 1465 2154; x_wconf 90' lang='lat' dir='ltr'><strong>ubi</strong></span> 
     </span>
     <span class='ocr_line' id='line_1_19' title="bbox 380 2173 700 2224; baseline 0.006 -3"><span class='ocrx_word' id='word_1_148' title='bbox 380 2173 523 2223; x_wconf 81' lang='lat' dir='ltr'><strong>conf.</strong></span> <span class='ocrx_word' id='word_1_149' title='bbox 560 2177 700 2224; x_wconf 88' lang='lat' dir='ltr'><strong>nott.</strong></span> 
     </span>
    </p>
   </div>
   <div class='ocr_carea' id='block_1_7' title="bbox 323 2266 1465 3092">
    <p class='ocr_par' dir='ltr' id='par_1_7' title="bbox 323 2266 1465 3092">
     <span class='ocr_line' id='line_1_20' title="bbox 447 2266 1465 2343; baseline 0.001 -20"><span class='ocrx_word' id='word_1_150' title='bbox 447 2272 777 2338; x_wconf 82' lang='grc' dir='ltr'><strong><em>παρεῖδες</em></strong></span> <span class='ocrx_word' id='word_1_151' title='bbox 843 2266 1012 2341; x_wconf 77' lang='grc' dir='ltr'><strong><em>ἀνδρὶ</em></strong></span> <span class='ocrx_word' id='word_1_152' title='bbox 1077 2272 1224 2343; x_wconf 79' lang='grc' dir='ltr'><strong><em>τῷδε</em></strong></span> <span class='ocrx_word' id='word_1_153' title='bbox 1294 2266 1465 2342; x_wconf 77' lang='grc' dir='ltr'><strong><em>ἄχαρι</em></strong></span> 
     </span>
     <span class='ocr_line' id='line_1_21' title="bbox 323 2335 1459 2414; baseline 0.004 -23"><span class='ocrx_word' id='word_1_154' title='bbox 323 2405 332 2414; x_wconf 40' lang='grc'><strong>,</strong></span> <span class='ocrx_word' id='word_1_155' title='bbox 376 2335 571 2411; x_wconf 75' lang='grc' dir='ltr'><strong><em>οὐδὲν]</em></strong></span> <span class='ocrx_word' id='word_1_156' title='bbox 609 2347 693 2395; x_wconf 89' lang='lat' dir='ltr'><strong>De</strong></span> <span class='ocrx_word' id='word_1_157' title='bbox 726 2344 995 2410; x_wconf 82' lang='grc' dir='ltr'><strong><em>παρεῖδες</em></strong></span> <span class='ocrx_word' id='word_1_158' title='bbox 1031 2346 1090 2411; x_wconf 93' lang='lat' dir='ltr'><strong>(i.</strong></span> <span class='ocrx_word' id='word_1_159' title='bbox 1132 2361 1183 2410; x_wconf 91' lang='lat' dir='ltr'><strong>q.</strong></span> <span class='ocrx_word' id='word_1_160' title='bbox 1227 2335 1459 2411; x_wconf 70' lang='grc' dir='ltr'><strong><em>ἐνεῖδες)</em></strong></span> 
     </span>
     <span class='ocr_line' id='line_1_22' title="bbox 376 2413 1459 2483; baseline 0.002 -21"><span class='ocrx_word' id='word_1_161' title='bbox 376 2415 519 2463; x_wconf 80' lang='lat' dir='ltr'><strong>conf.</strong></span> <span class='ocrx_word' id='word_1_162' title='bbox 557 2414 628 2464; x_wconf 90' lang='lat' dir='ltr'><strong>ad</strong></span> <span class='ocrx_word' id='word_1_163' title='bbox 666 2417 711 2476; x_wconf 91' lang='lat'><strong>1,</strong></span> <span class='ocrx_word' id='word_1_164' title='bbox 750 2413 835 2465; x_wconf 85' lang='grc'><strong>37.</strong></span> <span class='ocrx_word' id='word_1_165' title='bbox 895 2418 998 2467; x_wconf 83' lang='lat' dir='ltr'><strong>Est</strong></span> <span class='ocrx_word' id='word_1_166' title='bbox 1034 2431 1247 2483; x_wconf 87' lang='lat' dir='ltr'><strong>quoque</strong></span> <span class='ocrx_word' id='word_1_167' title='bbox 1282 2416 1336 2465; x_wconf 90' lang='lat' dir='ltr'><strong>in</strong></span> <span class='ocrx_word' id='word_1_168' title='bbox 1375 2416 1459 2465; x_wconf 82' lang='lat' dir='ltr'><strong>his</strong></span> 
     </span>
     <span class='ocr_line' id='line_1_23' title="bbox 375 2481 1460 2550; baseline 0.004 -19"><span class='ocrx_word' id='word_1_169' title='bbox 375 2484 617 2534; x_wconf 81' lang='lat' dir='ltr'><strong>notanda</strong></span> <span class='ocrx_word' id='word_1_170' title='bbox 657 2484 1048 2550; x_wconf 82' lang='lat' dir='ltr'><strong>particularum</strong></span> <span class='ocrx_word' id='word_1_171' title='bbox 1087 2481 1244 2536; x_wconf 76' lang='grc' dir='ltr'><strong><em>οὔτε</em></strong></span> <span class='ocrx_word' id='word_1_172' title='bbox 1281 2517 1350 2525; x_wconf 83' lang='lat'><strong>--</strong></span> <span class='ocrx_word' id='word_1_173' title='bbox 1385 2481 1460 2535; x_wconf 76' lang='grc' dir='ltr'><strong>δὲ</strong></span> 
     </span>
     <span class='ocr_line' id='line_1_24' title="bbox 377 2554 1461 2622; baseline 0.006 -22"><span class='ocrx_word' id='word_1_174' title='bbox 377 2554 662 2617; x_wconf 85' lang='lat' dir='ltr'><strong>oppositio,</strong></span> <span class='ocrx_word' id='word_1_175' title='bbox 702 2554 768 2603; x_wconf 92' lang='lat' dir='ltr'><strong>de</strong></span> <span class='ocrx_word' id='word_1_176' title='bbox 803 2570 910 2620; x_wconf 89' lang='lat' dir='ltr'><strong>qua</strong></span> <span class='ocrx_word' id='word_1_177' title='bbox 946 2555 1223 2622; x_wconf 83' lang='lat' dir='ltr'><strong>praecepit</strong></span> <span class='ocrx_word' id='word_1_178' title='bbox 1256 2556 1461 2606; x_wconf 86' lang='lat' dir='ltr'><strong>Werfe-</strong></span> 
     </span>
     <span class='ocr_line' id='line_1_25' title="bbox 374 2623 1456 2689; baseline 0.003 -19"><span class='ocrx_word' id='word_1_179' title='bbox 374 2636 466 2670; x_wconf 82' lang='lat' dir='ltr'><strong>rus</strong></span> <span class='ocrx_word' id='word_1_180' title='bbox 514 2623 569 2672; x_wconf 90' lang='lat' dir='ltr'><strong>in</strong></span> <span class='ocrx_word' id='word_1_181' title='bbox 625 2624 775 2674; x_wconf 77' lang='lat' dir='ltr'><strong>Actt.</strong></span> <span class='ocrx_word' id='word_1_182' title='bbox 821 2623 970 2689; x_wconf 89' lang='lat' dir='ltr'><strong>phill.</strong></span> <span class='ocrx_word' id='word_1_183' title='bbox 1018 2627 1265 2676; x_wconf 84' lang='lat' dir='ltr'><strong>Monacc.</strong></span> <span class='ocrx_word' id='word_1_184' title='bbox 1320 2625 1366 2688; x_wconf 87' lang='grc' dir='ltr'><strong>Ι,</strong></span> <span class='ocrx_word' id='word_1_185' title='bbox 1406 2629 1456 2676; x_wconf 81' lang='grc'><strong><em>2.</em></strong></span> 
     </span>
     <span class='ocr_line' id='line_1_26' title="bbox 375 2692 1456 2761; baseline 0.003 -20"><span class='ocrx_word' id='word_1_186' title='bbox 375 2706 427 2755; x_wconf 88' lang='lat' dir='ltr'><strong>p.</strong></span> <span class='ocrx_word' id='word_1_187' title='bbox 476 2692 598 2743; x_wconf 86' lang='grc'><strong><em>260.</em></strong></span> <span class='ocrx_word' id='word_1_188' title='bbox 672 2692 813 2743; x_wconf 85' lang='lat' dir='ltr'><strong>Add.</strong></span> <span class='ocrx_word' id='word_1_189' title='bbox 875 2695 1130 2761; x_wconf 84' lang='lat' dir='ltr'><strong>Hartung</strong></span> <span class='ocrx_word' id='word_1_190' title='bbox 1171 2694 1350 2746; x_wconf 87' lang='lat' dir='ltr'><strong>Lehre</strong></span> <span class='ocrx_word' id='word_1_191' title='bbox 1405 2695 1456 2744; x_wconf 90' lang='lat' dir='ltr'><strong>d.</strong></span> 
     </span>
     <span class='ocr_line' id='line_1_27' title="bbox 373 2761 1457 2829; baseline 0.005 -20"><span class='ocrx_word' id='word_1_192' title='bbox 373 2761 583 2811; x_wconf 83' lang='lat' dir='ltr'><strong>Partik.</strong></span> <span class='ocrx_word' id='word_1_193' title='bbox 624 2763 672 2813; x_wconf 92' lang='lat'><strong>1.</strong></span> <span class='ocrx_word' id='word_1_194' title='bbox 711 2778 765 2827; x_wconf 89' lang='lat' dir='ltr'><strong>p.</strong></span> <span class='ocrx_word' id='word_1_195' title='bbox 807 2762 924 2813; x_wconf 83' lang='lat'><strong>197.</strong></span> <span class='ocrx_word' id='word_1_196' title='bbox 964 2764 1049 2814; x_wconf 84' lang='lat' dir='ltr'><strong>Ad</strong></span> <span class='ocrx_word' id='word_1_197' title='bbox 1087 2763 1260 2829; x_wconf 76' lang='grc' dir='ltr'><strong><em>φίλον</em></strong></span> <span class='ocrx_word' id='word_1_198' title='bbox 1296 2765 1368 2814; x_wconf 82' lang='lat' dir='ltr'><strong>es.</strong></span> <span class='ocrx_word' id='word_1_199' title='bbox 1411 2765 1457 2828; x_wconf 91' lang='lat'><strong>1,</strong></span> 
     </span>
     <span class='ocr_line' id='line_1_28' title="bbox 374 2826 1460 2898; baseline 0.003 -19"><span class='ocrx_word' id='word_1_200' title='bbox 374 2831 441 2879; x_wconf 81' lang='lat'><strong>87</strong></span> <span class='ocrx_word' id='word_1_201' title='bbox 500 2832 682 2897; x_wconf 82' lang='lat' dir='ltr'>ibique</span> <span class='ocrx_word' id='word_1_202' title='bbox 731 2837 872 2883; x_wconf 89' lang='lat' dir='ltr'><strong>nott.</strong></span> <span class='ocrx_word' id='word_1_203' title='bbox 924 2864 996 2873; x_wconf 93' lang='lat'><strong>—</strong></span> <span class='ocrx_word' id='word_1_204' title='bbox 1048 2826 1126 2883; x_wconf 89' lang='grc' dir='ltr'><strong>τό</strong></span> <span class='ocrx_word' id='word_1_205' title='bbox 1166 2847 1236 2898; x_wconf 76' lang='grc' dir='ltr'><strong>γε</strong></span> <span class='ocrx_word' id='word_1_206' title='bbox 1295 2826 1460 2898; x_wconf 78' lang='grc' dir='ltr'><strong><em>ἐμὸν</em></strong></span> 
     </span>
     <span class='ocr_line' id='line_1_29' title="bbox 372 2898 1454 3020; baseline 0.004 -70"><span class='ocrx_word' id='word_1_207' title='bbox 372 2898 579 3020; x_wconf 34' lang='lat' dir='ltr'><strong>&amp;quod</strong></span> <span class='ocrx_word' id='word_1_208' title='bbox 618 2903 691 2951; x_wconf 78' lang='lat' dir='ltr'><strong>ad</strong></span> <span class='ocrx_word' id='word_1_209' title='bbox 723 2917 797 2951; x_wconf 83' lang='lat' dir='ltr'><strong>me</strong></span> <span class='ocrx_word' id='word_1_210' title='bbox 836 2911 972 2953; x_wconf 78' lang='lat' dir='ltr'><strong>certe</strong></span> <span class='ocrx_word' id='word_1_211' title='bbox 1008 2903 1269 2968; x_wconf 75' lang='grc' dir='ltr'><strong><em>αἰείηει“),</em></strong></span> <span class='ocrx_word' id='word_1_212' title='bbox 1323 2904 1358 2952; x_wconf 93' lang='lat' dir='ltr'><strong>i.</strong></span> <span class='ocrx_word' id='word_1_213' title='bbox 1408 2920 1454 2954; x_wconf 92' lang='lat' dir='ltr'><strong>e.</strong></span> 
     </span>
     <span class='ocr_line' id='line_1_30' title="bbox 402 2970 1455 3036; baseline 0.004 -17"><span class='ocrx_word' id='word_1_214' title='bbox 402 2983 469 3033; x_wconf 87' lang='grc' dir='ltr'><strong>με</strong></span> <span class='ocrx_word' id='word_1_215' title='bbox 501 2985 578 3035; x_wconf 77' lang='grc' dir='ltr'><strong>γε.</strong></span> <span class='ocrx_word' id='word_1_216' title='bbox 628 2970 786 3022; x_wconf 87' lang='lat' dir='ltr'><strong>Conf.</strong></span> <span class='ocrx_word' id='word_1_217' title='bbox 830 2972 1085 3023; x_wconf 85' lang='lat' dir='ltr'><strong>Kuehner</strong></span> <span class='ocrx_word' id='word_1_218' title='bbox 1134 2973 1224 3025; x_wconf 90' lang='lat' dir='ltr'><strong>Gr.</strong></span> <span class='ocrx_word' id='word_1_219' title='bbox 1267 2973 1361 3024; x_wconf 86' lang='lat' dir='ltr'><strong>Gr.</strong></span> <span class='ocrx_word' id='word_1_220' title='bbox 1404 2973 1455 3036; x_wconf 71' lang='lat'><strong>§-</strong></span> 
     </span>
     <span class='ocr_line' id='line_1_31' title="bbox 375 3041 748 3092; baseline 0.008 -3"><span class='ocrx_word' id='word_1_221' title='bbox 375 3041 496 3090; x_wconf 78' lang='lat'><strong>474.</strong></span> <span class='ocrx_word' id='word_1_222' title='bbox 537 3045 653 3091; x_wconf 87' lang='lat' dir='ltr'><strong>not.</strong></span> <span class='ocrx_word' id='word_1_223' title='bbox 701 3041 748 3092; x_wconf 89' lang='lat'><strong>1.</strong></span> 
     </span>
    </p>
   </div>
   <div class='ocr_carea' id='block_1_8' title="bbox 761 3231 1074 3282">
    <p class='ocr_par' dir='ltr' id='par_1_8' title="bbox 761 3231 1074 3282">
     <span class='ocr_line' id='line_1_32' title="bbox 761 3231 1074 3282; baseline 0 -1"><span class='ocrx_word' id='word_1_224' title='bbox 761 3231 891 3281; x_wconf 72' lang='lat' dir='ltr'><strong>CAP.</strong></span> <span class='ocrx_word' id='word_1_225' title='bbox 931 3231 1074 3282; x_wconf 87' lang='lat' dir='ltr'>CIX.</span> 
     </span>
    </p>
   </div>
   <div class='ocr_carea' id='block_1_9' title="bbox 318 3335 1456 4454">
    <p class='ocr_par' dir='ltr' id='par_1_9' title="bbox 318 3335 1456 4454">
     <span class='ocr_line' id='line_1_33' title="bbox 442 3335 1455 3415; baseline 0.002 -17"><span class='ocrx_word' id='word_1_226' title='bbox 442 3335 520 3406; x_wconf 72' lang='grc' dir='ltr'><strong><em>ὥς</em></strong></span> <span class='ocrx_word' id='word_1_227' title='bbox 557 3342 618 3397; x_wconf 82' lang='grc' dir='ltr'><strong>οἴ</strong></span> <span class='ocrx_word' id='word_1_228' title='bbox 655 3343 873 3415; x_wconf 88' lang='grc' dir='ltr'><strong><em>παρεδό</em></strong></span> <span class='ocrx_word' id='word_1_229' title='bbox 994 3338 1059 3401; x_wconf 73' lang='grc' dir='ltr'><strong>τὸ</strong></span> <span class='ocrx_word' id='word_1_230' title='bbox 1095 3348 1333 3401; x_wconf 87' lang='grc' dir='ltr'><strong><em>παιδίον</em></strong></span> <span class='ocrx_word' id='word_1_231' title='bbox 1367 3365 1455 3400; x_wconf 85' lang='grc' dir='ltr'><strong>κε-</strong></span> 
     </span>
     <span class='ocr_line' id='line_1_34' title="bbox 373 3411 1456 3487; baseline 0.005 -21"><span class='ocrx_word' id='word_1_232' title='bbox 373 3415 734 3482; x_wconf 77' lang='grc' dir='ltr'><strong><em>κοσμημένον</em></strong></span> <span class='ocrx_word' id='word_1_233' title='bbox 769 3411 875 3485; x_wconf 83' lang='grc' dir='ltr'><strong>τὴν</strong></span> <span class='ocrx_word' id='word_1_234' title='bbox 948 3416 1012 3470; x_wconf 72' lang='grc' dir='ltr'><strong><em>πὶ</em></strong></span> <span class='ocrx_word' id='word_1_235' title='bbox 1050 3412 1311 3487; x_wconf 72' lang='grc' dir='ltr'><strong><em>θανάτῳ]</em></strong></span> <span class='ocrx_word' id='word_1_236' title='bbox 1351 3421 1456 3471; x_wconf 89' lang='lat' dir='ltr'><strong>Lo-</strong></span> 
     </span>
     <span class='ocr_line' id='line_1_35' title="bbox 318 3478 1455 3556; baseline 0.004 -20"><span class='ocrx_word' id='word_1_237' title='bbox 318 3513 331 3524; x_wconf 89' lang='lat'><strong>·</strong></span> <span class='ocrx_word' id='word_1_238' title='bbox 373 3488 521 3537; x_wconf 84' lang='lat' dir='ltr'><strong>cutio</strong></span> <span class='ocrx_word' id='word_1_239' title='bbox 549 3480 676 3552; x_wconf 84' lang='grc' dir='ltr'><strong>τὴν</strong></span> <span class='ocrx_word' id='word_1_240' title='bbox 711 3478 801 3538; x_wconf 73' lang='grc' dir='ltr'><strong><em>ἐπὶ</em></strong></span> <span class='ocrx_word' id='word_1_241' title='bbox 837 3483 1073 3556; x_wconf 75' lang='grc' dir='ltr'><strong><em>θανάτῳ</em></strong></span> <span class='ocrx_word' id='word_1_242' title='bbox 1104 3507 1200 3541; x_wconf 86' lang='lat' dir='ltr'><strong>cur</strong></span> <span class='ocrx_word' id='word_1_243' title='bbox 1226 3506 1335 3540; x_wconf 88' lang='lat' dir='ltr'><strong>non</strong></span> <span class='ocrx_word' id='word_1_244' title='bbox 1369 3506 1455 3541; x_wconf 88' lang='lat' dir='ltr'><strong>eo·</strong></span> 
     </span>
     <span class='ocr_line' id='line_1_36' title="bbox 373 3556 1453 3624; baseline 0.003 -18"><span class='ocrx_word' id='word_1_245' title='bbox 373 3557 491 3607; x_wconf 83' lang='lat' dir='ltr'><strong>dem</strong></span> <span class='ocrx_word' id='word_1_246' title='bbox 553 3556 665 3606; x_wconf 85' lang='lat' dir='ltr'><strong>fere</strong></span> <span class='ocrx_word' id='word_1_247' title='bbox 725 3559 885 3609; x_wconf 89' lang='lat' dir='ltr'><strong>modo</strong></span> <span class='ocrx_word' id='word_1_248' title='bbox 947 3560 1204 3624; x_wconf 84' lang='lat' dir='ltr'><strong>explicari</strong></span> <span class='ocrx_word' id='word_1_249' title='bbox 1259 3561 1453 3624; x_wconf 82' lang='lat' dir='ltr'><strong>possit,</strong></span> 
     </span>
     <span class='ocr_line' id='line_1_37' title="bbox 373 3620 1455 3705; baseline 0.002 -29"><span class='ocrx_word' id='word_1_250' title='bbox 373 3642 479 3705; x_wconf 74' lang='lat' dir='ltr'><strong>quo</strong></span> <span class='ocrx_word' id='word_1_251' title='bbox 516 3641 680 3691; x_wconf 87' lang='lat' dir='ltr'><strong>supra</strong></span> <span class='ocrx_word' id='word_1_252' title='bbox 724 3627 780 3690; x_wconf 86' lang='grc' dir='ltr'><strong>Ι,</strong></span> <span class='ocrx_word' id='word_1_253' title='bbox 818 3628 885 3677; x_wconf 78' lang='lat'><strong>67</strong></span> <span class='ocrx_word' id='word_1_254' title='bbox 926 3624 1181 3692; x_wconf 77' lang='grc' dir='ltr'><strong><em>ἔπεμπον</em></strong></span> <span class='ocrx_word' id='word_1_255' title='bbox 1226 3622 1353 3694; x_wconf 88' lang='grc' dir='ltr'><strong>τὴν</strong></span> <span class='ocrx_word' id='word_1_256' title='bbox 1399 3620 1455 3686; x_wconf 72' lang='grc' dir='ltr'><strong><em>ἐς</em></strong></span> 
     </span>
     <span class='ocr_line' id='line_1_38' title="bbox 372 3693 1454 3761; baseline 0.004 -17"><span class='ocrx_word' id='word_1_257' title='bbox 372 3693 534 3754; x_wconf 80' lang='grc' dir='ltr'><strong><em>θεον,</em></strong></span> <span class='ocrx_word' id='word_1_258' title='bbox 572 3695 802 3761; x_wconf 77' lang='lat' dir='ltr'><strong>aliisque</strong></span> <span class='ocrx_word' id='word_1_259' title='bbox 831 3698 964 3748; x_wconf 82' lang='lat' dir='ltr'><strong>loeis</strong></span> <span class='ocrx_word' id='word_1_260' title='bbox 1003 3714 1037 3747; x_wconf 89' lang='lat' dir='ltr'><strong>a</strong></span> <span class='ocrx_word' id='word_1_261' title='bbox 1061 3699 1304 3750; x_wconf 89' lang='lat' dir='ltr'><strong>Werfero</strong></span> <span class='ocrx_word' id='word_1_262' title='bbox 1325 3715 1454 3748; x_wconf 86' lang='lat' dir='ltr'><strong>con-</strong></span> 
     </span>
     <span class='ocr_line' id='line_1_39' title="bbox 371 3765 1451 3832; baseline 0.004 -19"><span class='ocrx_word' id='word_1_263' title='bbox 371 3765 542 3828; x_wconf 77' lang='lat' dir='ltr'><strong>gestis</strong></span> <span class='ocrx_word' id='word_1_264' title='bbox 578 3765 635 3815; x_wconf 88' lang='lat' dir='ltr'><strong>in</strong></span> <span class='ocrx_word' id='word_1_265' title='bbox 672 3766 820 3817; x_wconf 87' lang='lat' dir='ltr'><strong>Aett.</strong></span> <span class='ocrx_word' id='word_1_266' title='bbox 859 3767 1067 3832; x_wconf 85' lang='lat' dir='ltr'><strong>philoll.</strong></span> <span class='ocrx_word' id='word_1_267' title='bbox 1115 3768 1366 3819; x_wconf 81' lang='lat' dir='ltr'><strong>Monace.</strong></span> <span class='ocrx_word' id='word_1_268' title='bbox 1406 3768 1451 3831; x_wconf 89' lang='lat'><strong>1,</strong></span> 
     </span>
     <span class='ocr_line' id='line_1_40' title="bbox 375 3835 1452 3903; baseline 0.006 -21"><span class='ocrx_word' id='word_1_269' title='bbox 375 3835 421 3883; x_wconf 90' lang='lat' dir='ltr'><strong>l.</strong></span> <span class='ocrx_word' id='word_1_270' title='bbox 460 3851 513 3898; x_wconf 91' lang='lat' dir='ltr'><strong>p.</strong></span> <span class='ocrx_word' id='word_1_271' title='bbox 564 3835 658 3896; x_wconf 77' lang='grc'><strong><em>75,</em></strong></span> <span class='ocrx_word' id='word_1_272' title='bbox 711 3835 958 3902; x_wconf 80' lang='lat' dir='ltr'><strong>equidem</strong></span> <span class='ocrx_word' id='word_1_273' title='bbox 1006 3853 1114 3887; x_wconf 87' lang='lat' dir='ltr'><strong>non</strong></span> <span class='ocrx_word' id='word_1_274' title='bbox 1160 3838 1452 3903; x_wconf 80' lang='lat' dir='ltr'><strong>perspieiO.</strong></span> 
     </span>
     <span class='ocr_line' id='line_1_41' title="bbox 370 3902 1448 3971; baseline 0.003 -18"><span class='ocrx_word' id='word_1_275' title='bbox 370 3903 527 3954; x_wconf 86' lang='lat' dir='ltr'><strong>Conf.</strong></span> <span class='ocrx_word' id='word_1_276' title='bbox 544 3902 759 3967; x_wconf 85' lang='lat' dir='ltr'><strong>similia,</strong></span> <span class='ocrx_word' id='word_1_277' title='bbox 797 3921 940 3971; x_wconf 91' lang='lat' dir='ltr'><strong>quae</strong></span> <span class='ocrx_word' id='word_1_278' title='bbox 972 3905 1163 3956; x_wconf 85' lang='lat' dir='ltr'><strong>attulit</strong></span> <span class='ocrx_word' id='word_1_279' title='bbox 1182 3908 1448 3959; x_wconf 81' lang='lat' dir='ltr'><strong>Iacobitz.</strong></span> 
     </span>
     <span class='ocr_line' id='line_1_42' title="bbox 371 3972 1447 4042; baseline 0.005 -21"><span class='ocrx_word' id='word_1_280' title='bbox 371 3972 442 4022; x_wconf 88' lang='lat' dir='ltr'><strong>ad</strong></span> <span class='ocrx_word' id='word_1_281' title='bbox 473 3973 701 4023; x_wconf 80' lang='lat' dir='ltr'><strong>Lucian.</strong></span> <span class='ocrx_word' id='word_1_282' title='bbox 738 3974 1029 4027; x_wconf 76' lang='lat' dir='ltr'><strong>Alexandr.</strong></span> <span class='ocrx_word' id='word_1_283' title='bbox 1082 3979 1132 4039; x_wconf 66' lang='lat'><strong>§-</strong></span> <span class='ocrx_word' id='word_1_284' title='bbox 1184 3980 1271 4029; x_wconf 79' lang='lat'><strong>44.</strong></span> <span class='ocrx_word' id='word_1_285' title='bbox 1319 3993 1447 4042; x_wconf 77' lang='lat' dir='ltr'><strong>pag.</strong></span> 
     </span>
     <span class='ocr_line' id='line_1_43' title="bbox 370 4040 1455 4111; baseline 0.004 -20"><span class='ocrx_word' id='word_1_286' title='bbox 370 4040 489 4092; x_wconf 83' lang='lat'><strong>235.</strong></span> <span class='ocrx_word' id='word_1_287' title='bbox 526 4042 748 4108; x_wconf 76' lang='lat' dir='ltr'><strong>Longus</strong></span> <span class='ocrx_word' id='word_1_288' title='bbox 785 4048 872 4094; x_wconf 85' lang='lat' dir='ltr'><strong>est</strong></span> <span class='ocrx_word' id='word_1_289' title='bbox 904 4044 1006 4095; x_wconf 87' lang='lat' dir='ltr'><strong>hoe</strong></span> <span class='ocrx_word' id='word_1_290' title='bbox 1045 4044 1166 4096; x_wconf 83' lang='lat' dir='ltr'><strong>loeo</strong></span> <span class='ocrx_word' id='word_1_291' title='bbox 1183 4045 1455 4111; x_wconf 77' lang='lat' dir='ltr'><strong>Schweig-</strong></span> 
     </span>
     <span class='ocr_line' id='line_1_44' title="bbox 367 4111 1456 4178; baseline 0.004 -17"><span class='ocrx_word' id='word_1_292' title='bbox 367 4111 690 4173; x_wconf 79' lang='lat' dir='ltr'><strong>haeuserus‚</strong></span> <span class='ocrx_word' id='word_1_293' title='bbox 728 4128 837 4178; x_wconf 87' lang='lat' dir='ltr'><strong>quo</strong></span> <span class='ocrx_word' id='word_1_294' title='bbox 874 4113 1229 4177; x_wconf 70' lang='lat' dir='ltr'><strong>demonstret,</strong></span> <span class='ocrx_word' id='word_1_295' title='bbox 1267 4115 1337 4166; x_wconf 83' lang='lat' dir='ltr'><strong>ad</strong></span> <span class='ocrx_word' id='word_1_296' title='bbox 1370 4130 1456 4165; x_wconf 87' lang='lat' dir='ltr'><strong>ar-</strong></span> 
     </span>
     <span class='ocr_line' id='line_1_45' title="bbox 367 4174 1455 4249; baseline 0.004 -20"><span class='ocrx_word' id='word_1_297' title='bbox 367 4181 592 4232; x_wconf 79' lang='lat' dir='ltr'><strong>ticulum</strong></span> <span class='ocrx_word' id='word_1_298' title='bbox 610 4174 718 4247; x_wconf 83' lang='grc' dir='ltr'><strong>τὴν</strong></span> <span class='ocrx_word' id='word_1_299' title='bbox 741 4181 1152 4249; x_wconf 82' lang='lat' dir='ltr'><strong>intelligendum</strong></span> <span class='ocrx_word' id='word_1_300' title='bbox 1186 4200 1308 4235; x_wconf 85' lang='lat' dir='ltr'><strong>esse</strong></span> <span class='ocrx_word' id='word_1_301' title='bbox 1328 4197 1455 4233; x_wconf 86' lang='grc' dir='ltr'><strong><em>στο-</em></strong></span> 
     </span>
     <span class='ocr_line' id='line_1_46' title="bbox 365 4242 1454 4315; baseline 0.006 -17"><span class='ocrx_word' id='word_1_302' title='bbox 365 4242 500 4315; x_wconf 78' lang='grc' dir='ltr'><strong><em>λὴν,</em></strong></span> <span class='ocrx_word' id='word_1_303' title='bbox 540 4256 602 4301; x_wconf 88' lang='lat' dir='ltr'><strong>ut</strong></span> <span class='ocrx_word' id='word_1_304' title='bbox 631 4252 859 4302; x_wconf 85' lang='lat' dir='ltr'><strong>Aemilio</strong></span> <span class='ocrx_word' id='word_1_305' title='bbox 896 4254 1063 4303; x_wconf 85' lang='lat' dir='ltr'><strong>Porto</strong></span> <span class='ocrx_word' id='word_1_306' title='bbox 1114 4253 1239 4304; x_wconf 87' lang='lat' dir='ltr'><strong>olim</strong></span> <span class='ocrx_word' id='word_1_307' title='bbox 1277 4254 1454 4304; x_wconf 79' lang='lat' dir='ltr'><strong>visum</strong></span> 
     </span>
     <span class='ocr_line' id='line_1_47' title="bbox 368 4314 1452 4387; baseline 0.002 -18"><span class='ocrx_word' id='word_1_308' title='bbox 368 4324 515 4382; x_wconf 86' lang='lat' dir='ltr'><strong>erat,</strong></span> <span class='ocrx_word' id='word_1_309' title='bbox 569 4325 666 4371; x_wconf 89' lang='lat' dir='ltr'><strong>aut</strong></span> <span class='ocrx_word' id='word_1_310' title='bbox 724 4322 906 4387; x_wconf 84' lang='lat' dir='ltr'><strong>potius</strong></span> <span class='ocrx_word' id='word_1_311' title='bbox 961 4314 1241 4386; x_wconf 80' lang='grc' dir='ltr'><strong><em>κόσμησιν</em></strong></span> <span class='ocrx_word' id='word_1_312' title='bbox 1287 4320 1452 4387; x_wconf 91' lang='lat' dir='ltr'><strong>(quod</strong></span> 
     </span>
     <span class='ocr_line' id='line_1_48' title="bbox 364 4388 1454 4454; baseline 0.004 -16"><span class='ocrx_word' id='word_1_313' title='bbox 364 4402 510 4439; x_wconf 83' lang='lat' dir='ltr'><strong>nune</strong></span> <span class='ocrx_word' id='word_1_314' title='bbox 549 4388 762 4454; x_wconf 81' lang='lat' dir='ltr'><strong>placere</strong></span> <span class='ocrx_word' id='word_1_315' title='bbox 804 4390 966 4442; x_wconf 77' lang='lat' dir='ltr'><strong>video</strong></span> <span class='ocrx_word' id='word_1_316' title='bbox 1015 4390 1155 4442; x_wconf 87' lang='lat' dir='ltr'><strong>Lud.</strong></span> <span class='ocrx_word' id='word_1_317' title='bbox 1214 4390 1454 4442; x_wconf 87' lang='lat' dir='ltr'><strong>Doeder-</strong></span> 
     </span>
    </p>
   </div>
   <div class='ocr_carea' id='block_1_10' title="bbox 1545 1959 2658 4454">
    <p class='ocr_par' dir='ltr' id='par_1_10' title="bbox 1551 1959 2658 3972">
     <span class='ocr_line' id='line_1_49' title="bbox 1568 1959 2654 2025; baseline -0.001 -14"><span class='ocrx_word' id='word_1_318' title='bbox 1568 1962 1710 2012; x_wconf 88' lang='lat' dir='ltr'><strong>lino:</strong></span> <span class='ocrx_word' id='word_1_319' title='bbox 1740 1961 1926 2012; x_wconf 84' lang='lat' dir='ltr'><strong>Reden</strong></span> <span class='ocrx_word' id='word_1_320' title='bbox 1950 1976 2005 2012; x_wconf 87' lang='lat' dir='ltr'><strong>u.</strong></span> <span class='ocrx_word' id='word_1_321' title='bbox 2028 1960 2293 2011; x_wconf 75' lang='lat' dir='ltr'><strong>Aufsiitze</strong></span> <span class='ocrx_word' id='word_1_322' title='bbox 2311 1960 2387 2011; x_wconf 88' lang='lat'><strong>11.</strong></span> <span class='ocrx_word' id='word_1_323' title='bbox 2413 1975 2465 2025; x_wconf 90' lang='lat' dir='ltr'><strong>p.</strong></span> <span class='ocrx_word' id='word_1_324' title='bbox 2492 1959 2654 2024; x_wconf 84' lang='lat'><strong>186.)‚</strong></span> 
     </span>
     <span class='ocr_line' id='line_1_50' title="bbox 1571 2030 2656 2096; baseline -0.003 -15"><span class='ocrx_word' id='word_1_325' title='bbox 1571 2032 1783 2096; x_wconf 84' lang='lat' dir='ltr'><strong>aliaque</strong></span> <span class='ocrx_word' id='word_1_326' title='bbox 1819 2030 1976 2082; x_wconf 80' lang='lat' dir='ltr'><strong>affert</strong></span> <span class='ocrx_word' id='word_1_327' title='bbox 2012 2030 2186 2093; x_wconf 87' lang='lat' dir='ltr'><strong>idem,</strong></span> <span class='ocrx_word' id='word_1_328' title='bbox 2226 2031 2319 2080; x_wconf 90' lang='lat' dir='ltr'><strong>ubi</strong></span> <span class='ocrx_word' id='word_1_329' title='bbox 2354 2030 2424 2081; x_wconf 84' lang='lat' dir='ltr'><strong>ad</strong></span> <span class='ocrx_word' id='word_1_330' title='bbox 2458 2030 2656 2080; x_wconf 79' lang='lat' dir='ltr'><strong>articu-</strong></span> 
     </span>
     <span class='ocr_line' id='line_1_51' title="bbox 1570 2099 2658 2166; baseline -0.002 -16"><span class='ocrx_word' id='word_1_331' title='bbox 1570 2101 1679 2151; x_wconf 87' lang='lat' dir='ltr'><strong>lum</strong></span> <span class='ocrx_word' id='word_1_332' title='bbox 1716 2116 1909 2150; x_wconf 87' lang='lat' dir='ltr'><strong>nomen</strong></span> <span class='ocrx_word' id='word_1_333' title='bbox 1937 2117 2002 2151; x_wconf 82' lang='lat' dir='ltr'><strong>ex</strong></span> <span class='ocrx_word' id='word_1_334' title='bbox 2037 2105 2271 2166; x_wconf 79' lang='lat' dir='ltr'><strong>cognato</strong></span> <span class='ocrx_word' id='word_1_335' title='bbox 2300 2100 2485 2162; x_wconf 86' lang='lat' dir='ltr'><strong>verb0,</strong></span> <span class='ocrx_word' id='word_1_336' title='bbox 2510 2099 2658 2166; x_wconf 91' lang='lat' dir='ltr'><strong>quod</strong></span> 
     </span>
     <span class='ocr_line' id='line_1_52' title="bbox 1568 2171 2651 2235; baseline 0.001 -16"><span class='ocrx_word' id='word_1_337' title='bbox 1568 2171 1626 2219; x_wconf 89' lang='lat' dir='ltr'><strong>in</strong></span> <span class='ocrx_word' id='word_1_338' title='bbox 1682 2171 1928 2235; x_wconf 84' lang='lat' dir='ltr'><strong>proximo</strong></span> <span class='ocrx_word' id='word_1_339' title='bbox 1984 2171 2084 2234; x_wconf 80' lang='lat' dir='ltr'><strong>sit,</strong></span> <span class='ocrx_word' id='word_1_340' title='bbox 2152 2171 2504 2235; x_wconf 88' lang='lat' dir='ltr'><strong>repetendum</strong></span> <span class='ocrx_word' id='word_1_341' title='bbox 2562 2171 2651 2220; x_wconf 81' lang='lat' dir='ltr'><strong>eit.</strong></span> 
     </span>
     <span class='ocr_line' id='line_1_53' title="bbox 1569 2240 2652 2305; baseline 0 -16"><span class='ocrx_word' id='word_1_342' title='bbox 1569 2243 1725 2303; x_wconf 83' lang='lat' dir='ltr'><strong>Quae</strong></span> <span class='ocrx_word' id='word_1_343' title='bbox 1775 2255 1896 2290; x_wconf 83' lang='lat' dir='ltr'><strong>cum</strong></span> <span class='ocrx_word' id='word_1_344' title='bbox 1954 2241 2155 2305; x_wconf 88' lang='lat' dir='ltr'><strong>partim</strong></span> <span class='ocrx_word' id='word_1_345' title='bbox 2212 2240 2394 2291; x_wconf 85' lang='lat' dir='ltr'><strong>aliena</strong></span> <span class='ocrx_word' id='word_1_346' title='bbox 2451 2241 2565 2289; x_wconf 88' lang='lat' dir='ltr'><strong>sint</strong></span> <span class='ocrx_word' id='word_1_347' title='bbox 2618 2255 2652 2289; x_wconf 92' lang='lat' dir='ltr'><strong>a</strong></span> 
     </span>
     <span class='ocr_line' id='line_1_54' title="bbox 1569 2309 2653 2375; baseline 0 -16"><span class='ocrx_word' id='word_1_348' title='bbox 1569 2315 1758 2360; x_wconf 83' lang='lat' dir='ltr'><strong>nostro</strong></span> <span class='ocrx_word' id='word_1_349' title='bbox 1795 2309 1936 2373; x_wconf 87' lang='lat' dir='ltr'><strong>loco,</strong></span> <span class='ocrx_word' id='word_1_350' title='bbox 1975 2326 2041 2360; x_wconf 84' lang='lat' dir='ltr'><strong>ea</strong></span> <span class='ocrx_word' id='word_1_351' title='bbox 2078 2326 2221 2360; x_wconf 83' lang='lat' dir='ltr'><strong>nunc</strong></span> <span class='ocrx_word' id='word_1_352' title='bbox 2257 2310 2450 2361; x_wconf 85' lang='lat' dir='ltr'><strong>lubens</strong></span> <span class='ocrx_word' id='word_1_353' title='bbox 2498 2325 2653 2375; x_wconf 87' lang='lat' dir='ltr'><strong>prae-</strong></span> 
     </span>
     <span class='ocr_line' id='line_1_55' title="bbox 1568 2373 2656 2445; baseline -0.001 -17"><span class='ocrx_word' id='word_1_354' title='bbox 1568 2384 1741 2441; x_wconf 90' lang='lat' dir='ltr'><strong>tereo;</strong></span> <span class='ocrx_word' id='word_1_355' title='bbox 1781 2381 1927 2444; x_wconf 90' lang='lat' dir='ltr'><strong>quod</strong></span> <span class='ocrx_word' id='word_1_356' title='bbox 1971 2396 2098 2430; x_wconf 80' lang='lat' dir='ltr'><strong>vero</strong></span> <span class='ocrx_word' id='word_1_357' title='bbox 2134 2380 2238 2443; x_wconf 90' lang='lat'>111,</span> <span class='ocrx_word' id='word_1_358' title='bbox 2279 2381 2379 2431; x_wconf 77' lang='lat'><strong>119</strong></span> <span class='ocrx_word' id='word_1_359' title='bbox 2428 2373 2656 2445; x_wconf 72' lang='grc' dir='ltr'><strong><em>(ἔδησεν</em></strong></span> 
     </span>
     <span class='ocr_line' id='line_1_56' title="bbox 1563 2441 2653 2516; baseline -0.001 -18"><span class='ocrx_word' id='word_1_360' title='bbox 1563 2441 1671 2512; x_wconf 85' lang='grc' dir='ltr'><strong>τὴν</strong></span> <span class='ocrx_word' id='word_1_361' title='bbox 1722 2443 1814 2498; x_wconf 79' lang='grc' dir='ltr'><strong><em>ἐπὶ</em></strong></span> <span class='ocrx_word' id='word_1_362' title='bbox 1863 2442 2123 2516; x_wconf 79' lang='grc' dir='ltr'><strong><em>θανάτῳ)</em></strong></span> <span class='ocrx_word' id='word_1_363' title='bbox 2170 2455 2226 2499; x_wconf 90' lang='lat' dir='ltr'><strong>et</strong></span> <span class='ocrx_word' id='word_1_364' title='bbox 2270 2450 2337 2511; x_wconf 88' lang='lat' dir='ltr'><strong>V,</strong></span> <span class='ocrx_word' id='word_1_365' title='bbox 2387 2452 2455 2500; x_wconf 84' lang='lat'><strong>72</strong></span> <span class='ocrx_word' id='word_1_366' title='bbox 2495 2441 2653 2513; x_wconf 83' lang='grc' dir='ltr'><strong>(τούς</strong></span> 
     </span>
     <span class='ocr_line' id='line_1_57' title="bbox 1562 2507 2652 2585; baseline 0.001 -19"><span class='ocrx_word' id='word_1_367' title='bbox 1562 2507 1766 2575; x_wconf 78' lang='grc' dir='ltr'><strong><em>ἄλλους</em></strong></span> <span class='ocrx_word' id='word_1_368' title='bbox 1799 2515 2108 2583; x_wconf 78' lang='grc' dir='ltr'><strong><em>κατέδησεν</em></strong></span> <span class='ocrx_word' id='word_1_369' title='bbox 2140 2512 2246 2584; x_wconf 85' lang='grc' dir='ltr'><strong>τὴν</strong></span> <span class='ocrx_word' id='word_1_370' title='bbox 2272 2509 2363 2568; x_wconf 69' lang='grc' dir='ltr'><strong><em>ἐπὶ</em></strong></span> <span class='ocrx_word' id='word_1_371' title='bbox 2392 2511 2652 2585; x_wconf 79' lang='grc' dir='ltr'><strong><em>θανάτῳ)</em></strong></span> 
     </span>
     <span class='ocr_line' id='line_1_58' title="bbox 1564 2580 2652 2653; baseline 0.001 -18"><span class='ocrx_word' id='word_1_372' title='bbox 1564 2586 1658 2637; x_wconf 92' lang='lat' dir='ltr'><strong>ille</strong></span> <span class='ocrx_word' id='word_1_373' title='bbox 1695 2589 2003 2653; x_wconf 82' lang='lat' dir='ltr'><strong>suppletum</strong></span> <span class='ocrx_word' id='word_1_374' title='bbox 2037 2587 2157 2637; x_wconf 84' lang='lat' dir='ltr'><strong>vult</strong></span> <span class='ocrx_word' id='word_1_375' title='bbox 2192 2580 2299 2652; x_wconf 81' lang='grc' dir='ltr'><strong>τὴν</strong></span> <span class='ocrx_word' id='word_1_376' title='bbox 2331 2585 2519 2650; x_wconf 81' lang='grc' dir='ltr'><strong><em>δέσιν,</em></strong></span> <span class='ocrx_word' id='word_1_377' title='bbox 2562 2603 2652 2636; x_wconf 78' lang='lat' dir='ltr'><strong>ve·</strong></span> 
     </span>
     <span class='ocr_line' id='line_1_59' title="bbox 1565 2658 2650 2723; baseline 0 -18"><span class='ocrx_word' id='word_1_378' title='bbox 1565 2672 1705 2720; x_wconf 87' lang='lat' dir='ltr'><strong>reor,</strong></span> <span class='ocrx_word' id='word_1_379' title='bbox 1741 2662 1803 2707; x_wconf 90' lang='lat' dir='ltr'><strong>ut</strong></span> <span class='ocrx_word' id='word_1_380' title='bbox 1838 2658 1967 2708; x_wconf 83' lang='lat' dir='ltr'><strong>ferri</strong></span> <span class='ocrx_word' id='word_1_381' title='bbox 2001 2660 2196 2723; x_wconf 75' lang='lat' dir='ltr'><strong>possit.</strong></span> <span class='ocrx_word' id='word_1_382' title='bbox 2238 2658 2427 2721; x_wconf 88' lang='lat' dir='ltr'><strong>Neque</strong></span> <span class='ocrx_word' id='word_1_383' title='bbox 2463 2662 2650 2706; x_wconf 86' lang='lat' dir='ltr'><strong>nostro</strong></span> 
     </span>
     <span class='ocr_line' id='line_1_60' title="bbox 1564 2725 2650 2791; baseline 0 -16"><span class='ocrx_word' id='word_1_384' title='bbox 1564 2725 1686 2777; x_wconf 85' lang='lat' dir='ltr'><strong>loeo</strong></span> <span class='ocrx_word' id='word_1_385' title='bbox 1723 2726 2095 2777; x_wconf 83' lang='lat' dir='ltr'><strong>huiuscemodi</strong></span> <span class='ocrx_word' id='word_1_386' title='bbox 2137 2726 2341 2791; x_wconf 77' lang='lat' dir='ltr'><strong>ellipsis</strong></span> <span class='ocrx_word' id='word_1_387' title='bbox 2392 2726 2650 2790; x_wconf 81' lang='lat' dir='ltr'><strong>effingen-</strong></span> 
     </span>
     <span class='ocr_line' id='line_1_61' title="bbox 1564 2795 2650 2861; baseline 0.001 -17"><span class='ocrx_word' id='word_1_388' title='bbox 1564 2795 1633 2845; x_wconf 84' lang='lat' dir='ltr'><strong>da</strong></span> <span class='ocrx_word' id='word_1_389' title='bbox 1689 2797 1810 2846; x_wconf 87' lang='lat' dir='ltr'><strong>erit.</strong></span> <span class='ocrx_word' id='word_1_390' title='bbox 1878 2798 2125 2861; x_wconf 83' lang='lat' dir='ltr'><strong>Namque</strong></span> <span class='ocrx_word' id='word_1_391' title='bbox 2167 2795 2226 2845; x_wconf 88' lang='lat' dir='ltr'><strong>in</strong></span> <span class='ocrx_word' id='word_1_392' title='bbox 2272 2795 2356 2844; x_wconf 85' lang='lat' dir='ltr'><strong>his</strong></span> <span class='ocrx_word' id='word_1_393' title='bbox 2402 2796 2650 2846; x_wconf 80' lang='lat' dir='ltr'><strong>omnibus</strong></span> 
     </span>
     <span class='ocr_line' id='line_1_62' title="bbox 1562 2866 2650 2930; baseline 0.001 -16"><span class='ocrx_word' id='word_1_394' title='bbox 1562 2881 1735 2930; x_wconf 83' lang='lat' dir='ltr'><strong>aeque</strong></span> <span class='ocrx_word' id='word_1_395' title='bbox 1801 2866 2229 2917; x_wconf 80' lang='lat' dir='ltr'><strong>subaudiendam</strong></span> <span class='ocrx_word' id='word_1_396' title='bbox 2297 2881 2418 2916; x_wconf 84' lang='lat' dir='ltr'><strong>esse</strong></span> <span class='ocrx_word' id='word_1_397' title='bbox 2486 2881 2650 2915; x_wconf 82' lang='lat' dir='ltr'><strong>vocu-</strong></span> 
     </span>
     <span class='ocr_line' id='line_1_63' title="bbox 1558 2925 2649 3000; baseline 0.001 -16"><span class='ocrx_word' id='word_1_398' title='bbox 1558 2935 1666 2985; x_wconf 87' lang='lat' dir='ltr'><strong>lam</strong></span> <span class='ocrx_word' id='word_1_399' title='bbox 1707 2925 1867 2999; x_wconf 86' lang='grc' dir='ltr'><strong><em>ὁδὸν,</em></strong></span> <span class='ocrx_word' id='word_1_400' title='bbox 1907 2935 2035 2986; x_wconf 89' lang='lat' dir='ltr'><strong>mihi</strong></span> <span class='ocrx_word' id='word_1_401' title='bbox 2071 2950 2391 3000; x_wconf 81' lang='lat' dir='ltr'><strong>persuasum</strong></span> <span class='ocrx_word' id='word_1_402' title='bbox 2427 2940 2527 2998; x_wconf 86' lang='lat' dir='ltr'><strong>est,</strong></span> <span class='ocrx_word' id='word_1_403' title='bbox 2547 2951 2649 2986; x_wconf 83' lang='lat' dir='ltr'><strong>nee</strong></span> 
     </span>
     <span class='ocr_line' id='line_1_64' title="bbox 1558 3005 2650 3057; baseline 0.003 -4"><span class='ocrx_word' id='word_1_404' title='bbox 1558 3005 1601 3054; x_wconf 89' lang='lat' dir='ltr'><strong>ii</strong></span> <span class='ocrx_word' id='word_1_405' title='bbox 1639 3005 1866 3057; x_wconf 88' lang='lat' dir='ltr'><strong>multum</strong></span> <span class='ocrx_word' id='word_1_406' title='bbox 1908 3021 1943 3055; x_wconf 87' lang='lat' dir='ltr'><strong>a</strong></span> <span class='ocrx_word' id='word_1_407' title='bbox 1994 3021 2121 3056; x_wconf 82' lang='lat' dir='ltr'><strong>vero</strong></span> <span class='ocrx_word' id='word_1_408' title='bbox 2161 3005 2417 3056; x_wconf 83' lang='lat' dir='ltr'><strong>aberrare</strong></span> <span class='ocrx_word' id='word_1_409' title='bbox 2462 3006 2650 3056; x_wconf 84' lang='lat' dir='ltr'><strong>viden-</strong></span> 
     </span>
     <span class='ocr_line' id='line_1_65' title="bbox 1558 3075 2644 3141; baseline 0.002 -18"><span class='ocrx_word' id='word_1_410' title='bbox 1558 3078 1664 3137; x_wconf 87' lang='lat' dir='ltr'><strong>tur,</strong></span> <span class='ocrx_word' id='word_1_411' title='bbox 1704 3075 1795 3140; x_wconf 90' lang='lat' dir='ltr'><strong>qui</strong></span> <span class='ocrx_word' id='word_1_412' title='bbox 1833 3075 1936 3136; x_wconf 88' lang='lat' dir='ltr'><strong>(uti</strong></span> <span class='ocrx_word' id='word_1_413' title='bbox 1955 3076 2170 3126; x_wconf 84' lang='lat' dir='ltr'><strong>Iacobs.</strong></span> <span class='ocrx_word' id='word_1_414' title='bbox 2208 3076 2267 3125; x_wconf 90' lang='lat' dir='ltr'><strong>in</strong></span> <span class='ocrx_word' id='word_1_415' title='bbox 2292 3076 2491 3126; x_wconf 83' lang='lat' dir='ltr'><strong>Atticis</strong></span> <span class='ocrx_word' id='word_1_416' title='bbox 2517 3091 2644 3141; x_wconf 81' lang='lat' dir='ltr'><strong>pag.</strong></span> 
     </span>
     <span class='ocr_line' id='line_1_66' title="bbox 1559 3144 2646 3212; baseline 0 -18"><span class='ocrx_word' id='word_1_417' title='bbox 1559 3144 1654 3195; x_wconf 81' lang='lat'><strong>341</strong></span> <span class='ocrx_word' id='word_1_418' title='bbox 1708 3144 1779 3194; x_wconf 90' lang='lat' dir='ltr'><strong>ad</strong></span> <span class='ocrx_word' id='word_1_419' title='bbox 1825 3145 2030 3196; x_wconf 87' lang='lat' dir='ltr'><strong>Herod.</strong></span> <span class='ocrx_word' id='word_1_420' title='bbox 2082 3147 2159 3207; x_wconf 88' lang='lat' dir='ltr'><strong>V,</strong></span> <span class='ocrx_word' id='word_1_421' title='bbox 2206 3145 2295 3212; x_wconf 84' lang='lat'><strong>72)</strong></span> <span class='ocrx_word' id='word_1_422' title='bbox 2339 3161 2646 3212; x_wconf 73' lang='lat' dir='ltr'><strong>praegnans</strong></span> 
     </span>
     <span class='ocr_line' id='line_1_67' title="bbox 1561 3212 2647 3279; baseline 0.002 -16"><span class='ocrx_word' id='word_1_423' title='bbox 1561 3214 1779 3264; x_wconf 87' lang='lat' dir='ltr'><strong>omnino</strong></span> <span class='ocrx_word' id='word_1_424' title='bbox 1821 3212 2035 3265; x_wconf 83' lang='lat' dir='ltr'><strong>dicendi</strong></span> <span class='ocrx_word' id='word_1_425' title='bbox 2082 3230 2252 3279; x_wconf 81' lang='lat' dir='ltr'><strong>genus</strong></span> <span class='ocrx_word' id='word_1_426' title='bbox 2303 3216 2360 3265; x_wconf 93' lang='lat' dir='ltr'><strong>in</strong></span> <span class='ocrx_word' id='word_1_427' title='bbox 2403 3216 2488 3265; x_wconf 83' lang='lat' dir='ltr'><strong>his</strong></span> <span class='ocrx_word' id='word_1_428' title='bbox 2536 3220 2647 3265; x_wconf 83' lang='lat' dir='ltr'><strong>sta-</strong></span> 
     </span>
     <span class='ocr_line' id='line_1_68' title="bbox 1556 3284 2644 3350; baseline 0.001 -18"><span class='ocrx_word' id='word_1_429' title='bbox 1556 3287 1737 3346; x_wconf 86' lang='lat' dir='ltr'><strong>tuant,</strong></span> <span class='ocrx_word' id='word_1_430' title='bbox 1773 3284 2102 3349; x_wconf 82' lang='lat' dir='ltr'><strong>verbumque</strong></span> <span class='ocrx_word' id='word_1_431' title='bbox 2146 3284 2396 3350; x_wconf 84' lang='lat' dir='ltr'><strong>aliquod,</strong></span> <span class='ocrx_word' id='word_1_432' title='bbox 2444 3285 2503 3334; x_wconf 91' lang='lat' dir='ltr'><strong>in</strong></span> <span class='ocrx_word' id='word_1_433' title='bbox 2538 3299 2644 3349; x_wconf 87' lang='lat' dir='ltr'><strong>quo</strong></span> 
     </span>
     <span class='ocr_line' id='line_1_69' title="bbox 1556 3353 2644 3417; baseline -0.001 -15"><span class='ocrx_word' id='word_1_434' title='bbox 1556 3353 1830 3417; x_wconf 87' lang='lat' dir='ltr'><strong>mittendi,</strong></span> <span class='ocrx_word' id='word_1_435' title='bbox 1871 3354 2120 3415; x_wconf 82' lang='lat' dir='ltr'><strong>ducendi,</strong></span> <span class='ocrx_word' id='word_1_436' title='bbox 2159 3354 2321 3404; x_wconf 89' lang='lat' dir='ltr'><strong>eundi</strong></span> <span class='ocrx_word' id='word_1_437' title='bbox 2367 3354 2518 3403; x_wconf 88' lang='lat' dir='ltr'><strong>notio</strong></span> <span class='ocrx_word' id='word_1_438' title='bbox 2565 3354 2644 3402; x_wconf 91' lang='lat' dir='ltr'><strong>in-</strong></span> 
     </span>
     <span class='ocr_line' id='line_1_70' title="bbox 1559 3422 2641 3485; baseline -0.002 -13"><span class='ocrx_word' id='word_1_439' title='bbox 1559 3427 1670 3485; x_wconf 85' lang='lat' dir='ltr'><strong>est,</strong></span> <span class='ocrx_word' id='word_1_440' title='bbox 1727 3427 1906 3473; x_wconf 88' lang='lat' dir='ltr'><strong>mente</strong></span> <span class='ocrx_word' id='word_1_441' title='bbox 1970 3422 2332 3473; x_wconf 79' lang='lat' dir='ltr'><strong>adiiciendum</strong></span> <span class='ocrx_word' id='word_1_442' title='bbox 2388 3422 2641 3473; x_wconf 83' lang='lat' dir='ltr'><strong>doceant.</strong></span> 
     </span>
     <span class='ocr_line' id='line_1_71' title="bbox 1554 3490 2643 3557; baseline -0.004 -15"><span class='ocrx_word' id='word_1_443' title='bbox 1554 3492 1710 3542; x_wconf 83' lang='lat' dir='ltr'><strong>Haec</strong></span> <span class='ocrx_word' id='word_1_444' title='bbox 1760 3491 2077 3557; x_wconf 80' lang='lat' dir='ltr'><strong>respicienti</strong></span> <span class='ocrx_word' id='word_1_445' title='bbox 2128 3491 2256 3540; x_wconf 85' lang='lat' dir='ltr'><strong>talis</strong></span> <span class='ocrx_word' id='word_1_446' title='bbox 2308 3490 2423 3541; x_wconf 87' lang='lat' dir='ltr'><strong>fere</strong></span> <span class='ocrx_word' id='word_1_447' title='bbox 2469 3490 2643 3540; x_wconf 74' lang='lat' dir='ltr'><strong>nostri</strong></span> 
     </span>
     <span class='ocr_line' id='line_1_72' title="bbox 1554 3559 2645 3625; baseline -0.003 -15"><span class='ocrx_word' id='word_1_448' title='bbox 1554 3561 1664 3611; x_wconf 80' lang='lat' dir='ltr'><strong>loci</strong></span> <span class='ocrx_word' id='word_1_449' title='bbox 1701 3576 1893 3611; x_wconf 83' lang='lat' dir='ltr'><strong>sensus</strong></span> <span class='ocrx_word' id='word_1_450' title='bbox 1930 3561 2059 3610; x_wconf 80' lang='lat' dir='ltr'><strong>erit:</strong></span> <span class='ocrx_word' id='word_1_451' title='bbox 2106 3576 2291 3625; x_wconf 80' lang='lat' dir='ltr'><strong>„quum</strong></span> <span class='ocrx_word' id='word_1_452' title='bbox 2336 3560 2441 3624; x_wconf 76' lang='grc' dir='ltr'><strong>ι’ρεί</strong></span> <span class='ocrx_word' id='word_1_453' title='bbox 2470 3559 2645 3609; x_wconf 79' lang='lat' dir='ltr'><strong>trade-</strong></span> 
     </span>
     <span class='ocr_line' id='line_1_73' title="bbox 1555 3627 2640 3695; baseline -0.002 -16"><span class='ocrx_word' id='word_1_454' title='bbox 1555 3638 1699 3681; x_wconf 83' lang='lat' dir='ltr'><strong>retur·</strong></span> <span class='ocrx_word' id='word_1_455' title='bbox 1726 3631 1969 3693; x_wconf 69' lang='lat' dir='ltr'><strong>puer-ulus</strong></span> <span class='ocrx_word' id='word_1_456' title='bbox 2002 3637 2213 3679; x_wconf 70' lang='lat' dir='ltr'><strong>ornatus</strong></span> <span class='ocrx_word' id='word_1_457' title='bbox 2241 3628 2332 3695; x_wconf 89' lang='lat' dir='ltr'><strong>(eo</strong></span> <span class='ocrx_word' id='word_1_458' title='bbox 2370 3627 2640 3694; x_wconf 81' lang='lat' dir='ltr'><strong>consilio),</strong></span> 
     </span>
     <span class='ocr_line' id='line_1_74' title="bbox 1554 3696 2642 3761; baseline -0.002 -12"><span class='ocrx_word' id='word_1_459' title='bbox 1554 3707 1611 3750; x_wconf 79' lang='lat' dir='ltr'><strong>ut</strong></span> <span class='ocrx_word' id='word_1_460' title='bbox 1643 3700 1717 3749; x_wconf 84' lang='lat' dir='ltr'><strong>ad</strong></span> <span class='ocrx_word' id='word_1_461' title='bbox 1747 3707 1946 3748; x_wconf 83' lang='lat' dir='ltr'><strong>mortem</strong></span> <span class='ocrx_word' id='word_1_462' title='bbox 1979 3699 2252 3749; x_wconf 79' lang='lat' dir='ltr'><strong>duceretur</strong></span> <span class='ocrx_word' id='word_1_463' title='bbox 2286 3712 2329 3748; x_wconf 84' lang='lat' dir='ltr'><strong>s.</strong></span> <span class='ocrx_word' id='word_1_464' title='bbox 2368 3705 2425 3748; x_wconf 78' lang='lat' dir='ltr'><strong>ut</strong></span> <span class='ocrx_word' id='word_1_465' title='bbox 2463 3696 2642 3761; x_wconf 87' lang='lat' dir='ltr'><strong>(orna-</strong></span> 
     </span>
     <span class='ocr_line' id='line_1_75' title="bbox 1554 3766 2642 3832; baseline -0.003 -13"><span class='ocrx_word' id='word_1_466' title='bbox 1554 3773 1643 3819; x_wconf 81' lang='lat' dir='ltr'><strong>tus</strong></span> <span class='ocrx_word' id='word_1_467' title='bbox 1709 3783 1807 3832; x_wconf 91' lang='lat' dir='ltr'><strong>pro</strong></span> <span class='ocrx_word' id='word_1_468' title='bbox 1862 3783 2038 3830; x_wconf 87' lang='lat' dir='ltr'><strong>more,</strong></span> <span class='ocrx_word' id='word_1_469' title='bbox 2105 3766 2253 3832; x_wconf 91' lang='lat' dir='ltr'><strong>dein)</strong></span> <span class='ocrx_word' id='word_1_470' title='bbox 2317 3767 2390 3816; x_wconf 79' lang='lat' dir='ltr'><strong>ati</strong></span> <span class='ocrx_word' id='word_1_471' title='bbox 2444 3775 2642 3817; x_wconf 80' lang='lat' dir='ltr'><strong>mortem</strong></span> 
     </span>
     <span class='ocr_line' id='line_1_76' title="bbox 1554 3836 2639 3902; baseline -0.002 -15"><span class='ocrx_word' id='word_1_472' title='bbox 1554 3837 1957 3888; x_wconf 52' lang='lat' dir='ltr'><strong>abduceretur-fl</strong></span> <span class='ocrx_word' id='word_1_473' title='bbox 1993 3866 2064 3876; x_wconf 87' lang='lat'><strong>—-</strong></span> <span class='ocrx_word' id='word_1_474' title='bbox 2101 3836 2163 3885; x_wconf 89' lang='lat' dir='ltr'><strong>In</strong></span> <span class='ocrx_word' id='word_1_475' title='bbox 2197 3851 2348 3902; x_wconf 84' lang='lat' dir='ltr'><strong>seqq.</strong></span> <span class='ocrx_word' id='word_1_476' title='bbox 2395 3836 2639 3886; x_wconf 78' lang='lat' dir='ltr'><strong>dedimus</strong></span> 
     </span>
     <span class='ocr_line' id='line_1_77' title="bbox 1551 3897 2638 3972; baseline 0 -15"><span class='ocrx_word' id='word_1_477' title='bbox 1551 3898 1646 3972; x_wconf 85' lang='grc' dir='ltr'><strong>ἤϊε</strong></span> <span class='ocrx_word' id='word_1_478' title='bbox 1689 3922 1812 3957; x_wconf 86' lang='lat' dir='ltr'><strong>cum</strong></span> <span class='ocrx_word' id='word_1_479' title='bbox 1849 3911 2078 3968; x_wconf 83' lang='lat' dir='ltr'><strong>recentt.</strong></span> <span class='ocrx_word' id='word_1_480' title='bbox 2117 3905 2274 3956; x_wconf 87' lang='lat' dir='ltr'><strong>editt.</strong></span> <span class='ocrx_word' id='word_1_481' title='bbox 2320 3906 2496 3971; x_wconf 79' lang='lat' dir='ltr'><strong>Vulgo</strong></span> <span class='ocrx_word' id='word_1_482' title='bbox 2531 3897 2638 3972; x_wconf 86' lang='grc' dir='ltr'><strong><em>ἤει.</em></strong></span> 
     </span>
    </p>

    <p class='ocr_par' dir='ltr' id='par_1_11' title="bbox 1545 3959 2639 4454">
     <span class='ocr_line' id='line_1_78' title="bbox 1624 3959 2639 4041; baseline 0.001 -16"><span class='ocrx_word' id='word_1_483' title='bbox 1624 3969 1727 4025; x_wconf 87' lang='grc' dir='ltr'><strong>τὸν</strong></span> <span class='ocrx_word' id='word_1_484' title='bbox 1768 3968 1957 4025; x_wconf 85' lang='grc' dir='ltr'><strong><em>πάντα</em></strong></span> <span class='ocrx_word' id='word_1_485' title='bbox 2004 3967 2329 4040; x_wconf 72' lang='grc' dir='ltr'><strong><em>Ἀστυάγεος</em></strong></span> <span class='ocrx_word' id='word_1_486' title='bbox 2384 3959 2639 4041; x_wconf 64' lang='grc' dir='ltr'><strong><em>ρηθέντα</em></strong></span> 
     </span>
     <span class='ocr_line' id='line_1_79' title="bbox 1554 4037 2639 4126; baseline 0.002 -33"><span class='ocrx_word' id='word_1_487' title='bbox 1554 4037 1752 4126; x_wconf 75' lang='grc' dir='ltr'><strong><em>λόγον]</em></strong></span> <span class='ocrx_word' id='word_1_488' title='bbox 1801 4045 1910 4097; x_wconf 90' lang='lat' dir='ltr'><strong>Ubi</strong></span> <span class='ocrx_word' id='word_1_489' title='bbox 1962 4045 2098 4096; x_wconf 90' lang='lat' dir='ltr'><strong>nihil</strong></span> <span class='ocrx_word' id='word_1_490' title='bbox 2156 4061 2381 4096; x_wconf 83' lang='lat' dir='ltr'><strong>necesse</strong></span> <span class='ocrx_word' id='word_1_491' title='bbox 2431 4051 2516 4096; x_wconf 84' lang='lat' dir='ltr'><strong>est</strong></span> <span class='ocrx_word' id='word_1_492' title='bbox 2568 4045 2639 4095; x_wconf 86' lang='lat' dir='ltr'><strong>ad</strong></span> 
     </span>
     <span class='ocr_line' id='line_1_80' title="bbox 1545 4106 2639 4179; baseline 0.003 -17"><span class='ocrx_word' id='word_1_493' title='bbox 1545 4106 1869 4179; x_wconf 77' lang='grc' dir='ltr'><strong><em>Ἀστυαγεος</em></strong></span> <span class='ocrx_word' id='word_1_494' title='bbox 1907 4115 1992 4166; x_wconf 82' lang='lat' dir='ltr'><strong>vel</strong></span> <span class='ocrx_word' id='word_1_495' title='bbox 2018 4115 2215 4167; x_wconf 86' lang='lat' dir='ltr'><strong>addere</strong></span> <span class='ocrx_word' id='word_1_496' title='bbox 2254 4114 2341 4165; x_wconf 89' lang='lat' dir='ltr'><strong>vel</strong></span> <span class='ocrx_word' id='word_1_497' title='bbox 2378 4114 2639 4166; x_wconf 83' lang='lat' dir='ltr'><strong>subintel-</strong></span> 
     </span>
     <span class='ocr_line' id='line_1_81' title="bbox 1552 4175 2639 4249; baseline -0.001 -15"><span class='ocrx_word' id='word_1_498' title='bbox 1552 4183 1722 4249; x_wconf 81' lang='lat' dir='ltr'><strong>ligere</strong></span> <span class='ocrx_word' id='word_1_499' title='bbox 1764 4175 1909 4248; x_wconf 84' lang='grc' dir='ltr'><strong><em>ὑπὸ,</em></strong></span> <span class='ocrx_word' id='word_1_500' title='bbox 1958 4202 2079 4236; x_wconf 83' lang='lat' dir='ltr'><strong>eum</strong></span> <span class='ocrx_word' id='word_1_501' title='bbox 2131 4186 2200 4235; x_wconf 86' lang='lat' dir='ltr'><strong>ad</strong></span> <span class='ocrx_word' id='word_1_502' title='bbox 2247 4177 2420 4249; x_wconf 81' lang='grc' dir='ltr'><strong><em>λόγον</em></strong></span> <span class='ocrx_word' id='word_1_503' title='bbox 2467 4199 2639 4248; x_wconf 89' lang='lat' dir='ltr'><strong>aeque</strong></span> 
     </span>
     <span class='ocr_line' id='line_1_82' title="bbox 1553 4254 2636 4320; baseline -0.001 -18"><span class='ocrx_word' id='word_1_504' title='bbox 1553 4254 1693 4304; x_wconf 88' lang='lat' dir='ltr'><strong>bene</strong></span> <span class='ocrx_word' id='word_1_505' title='bbox 1728 4255 1916 4304; x_wconf 85' lang='lat' dir='ltr'><strong>referri</strong></span> <span class='ocrx_word' id='word_1_506' title='bbox 1958 4254 2153 4320; x_wconf 81' lang='lat' dir='ltr'><strong>possit.</strong></span> <span class='ocrx_word' id='word_1_507' title='bbox 2222 4254 2348 4305; x_wconf 79' lang='lat' dir='ltr'><strong>vid.</strong></span> <span class='ocrx_word' id='word_1_508' title='bbox 2395 4254 2636 4303; x_wconf 85' lang='lat' dir='ltr'><strong>Pausan.</strong></span> 
     </span>
     <span class='ocr_line' id='line_1_83' title="bbox 1552 4321 2637 4389; baseline -0.002 -17"><span class='ocrx_word' id='word_1_509' title='bbox 1552 4322 1651 4384; x_wconf 82' lang='lat' dir='ltr'><strong>VI,</strong></span> <span class='ocrx_word' id='word_1_510' title='bbox 1681 4322 1732 4374; x_wconf 88' lang='lat'><strong>8.</strong></span> <span class='ocrx_word' id='word_1_511' title='bbox 1767 4326 1818 4386; x_wconf 68' lang='lat'><strong>§-</strong></span> <span class='ocrx_word' id='word_1_512' title='bbox 1858 4326 1890 4373; x_wconf 84' lang='grc'><strong><em>2</em></strong></span> <span class='ocrx_word' id='word_1_513' title='bbox 1927 4323 2173 4389; x_wconf 83' lang='lat' dir='ltr'><strong>aliosque</strong></span> <span class='ocrx_word' id='word_1_514' title='bbox 2205 4322 2356 4373; x_wconf 79' lang='lat' dir='ltr'><strong>locos</strong></span> <span class='ocrx_word' id='word_1_515' title='bbox 2387 4337 2421 4371; x_wconf 89' lang='lat' dir='ltr'><strong>a</strong></span> <span class='ocrx_word' id='word_1_516' title='bbox 2442 4321 2637 4372; x_wconf 80' lang='lat' dir='ltr'><strong>Sohae-</strong></span> 
     </span>
     <span class='ocr_line' id='line_1_84' title="bbox 1552 4390 2637 4454; baseline -0.003 -13"><span class='ocrx_word' id='word_1_517' title='bbox 1552 4390 1670 4442; x_wconf 82' lang='lat' dir='ltr'><strong>fero</strong></span> <span class='ocrx_word' id='word_1_518' title='bbox 1700 4391 1911 4444; x_wconf 84' lang='lat' dir='ltr'><strong>laudat.</strong></span> <span class='ocrx_word' id='word_1_519' title='bbox 1944 4392 2016 4442; x_wconf 86' lang='lat' dir='ltr'><strong>ad</strong></span> <span class='ocrx_word' id='word_1_520' title='bbox 2030 4390 2221 4443; x_wconf 88' lang='lat' dir='ltr'><strong>Lamb.</strong></span> <span class='ocrx_word' id='word_1_521' title='bbox 2256 4391 2388 4442; x_wconf 79' lang='lat' dir='ltr'><strong>Bos.</strong></span> <span class='ocrx_word' id='word_1_522' title='bbox 2412 4390 2637 4454; x_wconf 75' lang='lat' dir='ltr'><strong>Ellipss.</strong></span> 
     </span>
    </p>
   </div>
   <div class='ocr_carea' id='block_1_11' title="bbox 1760 1130 2795 1224">
    <p class='ocr_par' dir='ltr' id='par_1_12' title="bbox 1760 1130 2795 1224">
     <span class='ocr_line' id='line_1_85' title="bbox 1760 1130 2795 1224; baseline -0.003 -17"><span class='ocrx_word' id='word_1_523' title='bbox 1760 1138 2067 1207; x_wconf 84' lang='grc' dir='ltr'><strong><em>Τούτοισι</em></strong></span> <span class='ocrx_word' id='word_1_524' title='bbox 2112 1133 2563 1224; x_wconf 74' lang='grc' dir='ltr'><strong><em>ἀμειψάμενος</em></strong></span> <span class='ocrx_word' id='word_1_525' title='bbox 2620 1130 2795 1204; x_wconf 77' lang='grc'>6109</span> 
     </span>
    </p>
   </div>
  </div>
 </body>
</html>
