3109 5092
1192 377 1353 439 CLI
1367 376 1442 439 Ο.
1486 380 1538 438 Ι.
1590 386 1710 441 137.

557 552 782 620 Αἰνέω
822 552 948 638 μέν
973 577 1105 620 νυν
1130 551 1327 621 τόνδε
1364 550 1483 623 τὸν
1515 553 1758 641 νόμον’
1801 555 2006 622 αἰνέω
2050 553 2125 621 δὲ
2167 553 2277 621 καὶ
2319 550 2547 637 τόνδε,
2589 549 2662 622 τὰ
2686 554 2803 616 137

1760 387 1878 442 138.
2546 371 2666 435 283

405 651 494 742 μὴ
521 659 676 742 μιῆς
702 658 916 741 αἰτίης
945 659 1171 724 εἵνεκα
1199 652 1363 743 μήτε
1409 651 1619 725 αὐτὸν
1656 660 1777 724 τὸν
1816 657 2094 744 βασιλέα
2133 657 2391 743 μηδένα
2418 653 2665 743 φονεύ·

408 784 629 845 ειν,μ
583 756 747 846 μήτε
784 761 923 825 τῶν
961 754 1190 826 ἄλλων
1227 760 1551 860 Περσέων
1588 760 1846 847 μηδένα
1884 763 2023 827 τῶν
2071 759 2327 827 ἑωυτοῦ
2355 759 2669 827 οἰκετέων

408 856 516 929 ἐπὶ
543 864 663 948 μιῇ
686 865 867 948 αἰτίῃ
897 856 1268 948 ἀνήκεστον
1298 860 1516 940 πάθος
1543 864 1808 951 ἕρδειν·
1867 858 2037 930 ἄλλα
2078 858 2544 947 λογισαμενος,
2585 856 2671 948 ἢν

406 958 684 1051 εὑρίσκῃ
725 965 905 1032 πλέω
943 990 1016 1032 τε
1054 965 1167 1031 καὶ
1206 967 1375 1051 μέζω
1419 991 1500 1033 τα
1538 962 1913 1054 ἀδικήματα
1941 963 2135 1033 ἐόντα
2159 989 2298 1032 των
2320 958 2666 1051 ὑπουργη-

404 1064 666 1154 μάτων,
709 1062 886 1134 οὕτω
924 1071 1018 1158 τῷ
1051 1071 1252 1158 θυμῷ
1294 1072 1548 1154 χρᾶται.
1608 1064 2022 1137 Ἀποκτεϊναι
2056 1065 2133 1135 δὲ
2160 1062 2409 1136 οὐδένα
2433 1092 2531 1134 κω
2560 1070 2665 1136 λέ-

403 1189 599 1256 γουσι
625 1165 744 1236 τὸν
773 1170 1029 1238 ἑωυτοῦ
1060 1172 1313 1258 πατέρα
1339 1167 1500 1239 οὐδὲ
1527 1173 1810 1259 μητέρα,
1850 1166 2020 1239 ἀλλὰ
2046 1164 2252 1239 ὁκόσα
2282 1166 2412 1258 ἤδη
2438 1173 2666 1238 τοιαῦ-

402 1299 485 1340 τα
508 1273 802 1358 ἐγένετο,
847 1276 1067 1340 πᾶσαν
1104 1269 1408 1360 ἀνάγκην
1446 1275 1613 1361 φασὶ
1640 1269 2125 1362 ἀναζητεόμενα
2150 1276 2359 1340 ταῦτα
2385 1269 2665 1361 ἀνευρε-

402 1378 612 1462 θῆναι
653 1371 798 1463 ἤτοι
851 1369 1302 1463 ὑποβολιμαῖα
1348 1372 1543 1445 ἐόντα
1583 1371 1626 1465 ἢ
1668 1381 1997 1464 μοιχίδια·

2078 1370 2161 1442 οὐ
2201 1372 2329 1464 γὰρ
2375 1373 2461 1463 δή
2503 1395 2667 1463 φασι

402 1475 583 1557 οἰκὸς
610 1476 814 1562 εἶναι,
842 1476 961 1546 τόν
986 1504 1061 1564 γε
1088 1475 1398 1567 ἀληθέως
1422 1480 1617 1548 τοκέα
1644 1473 1778 1548 ὑπὸ
1806 1483 1926 1548 τοῦ
1953 1479 2208 1547 ἑωυτοῦ
2235 1475 2472 1557 παιδὸς
2497 1474 2662 1547 ἄπο-

401 1580 750 1669 θνήσκειν.
799 1575 1010 1649 Ἀσσα
1041 1582 1122 1649 δέ
1142 1600 1263 1669 σφι
1291 1583 1545 1650 ποιέειν
1573 1579 1698 1651 οὐκ
1728 1585 1936 1664 ἔξεστι
1955 1632 1972 1667 ,
2013 1585 2223 1649 ταῦτα
2253 1578 2415 1650 οὐδὲ
2443 1582 2668 1668 λέγειν
2687 1584 2802 1646 138

405 1687 633 1765 ἔξεστι.
696 1693 1039 1770 αἴσχιστον
1067 1683 1140 1753 δὲ
1169 1682 1431 1753 αὐτοῖσι
1457 1682 1532 1753 τὸ
1558 1685 1939 1767 ψεύδεσθαι
1968 1682 2387 1770 νενόμισται,
2431 1683 2663 1754 δεύτε-

402 1849 618 1899 doteum
680 1847 857 1900 locum
926 1865 1036 1900 nou
1103 1851 1362 1917 neglexit.
1417 1881 1486 1891 -

397 1910 887 2039 ἔὲἴξὲαῗᾶτὲἲῃῗη
901 1919 1486 2041 Ἓίἷίἷῗὲἔιὲἲιὲιῖ

399 2058 606 2122 peimus
666 2073 763 2121 pro
813 2056 957 2123 vulg.
1024 2053 1366 2139 προσβάλλῃ.
1413 2090 1485 2100 -

401 2126 561 2190 Quod
605 2126 882 2192 praecedit
939 2123 1287 2193 τρεφόμενος
1336 2137 1484 2179 recte

400 2198 686 2261 exponitur
731 2212 765 2246 a
802 2197 1083 2262 Schwgh..
1133 2200 1300 2261 „dum
1344 2199 1488 2263 apud

399 2269 634 2316 mclieres
680 2267 991 2316 educatur
1039 2283 1185 2330 puer.
1201 2268 1237 2295 ‘⁶
1296 2265 1487 2316 εἵνεκα

403 2340 459 2383 et
491 2335 546 2384 h.
570 2334 608 2384 l.
649 2338 704 2385 et
734 2350 886 2400 seqq.
922 2351 1077 2401 capp.
1105 2341 1159 2387 et
1187 2336 1333 2386 infra
1363 2337 1480 2389 145.

404 2404 522 2455 146.
563 2403 756 2469 reliqui
789 2406 1081 2467 intactum3
1121 2406 1194 2456 cf.
1233 2411 1371 2455 nott.
1413 2407 1484 2457 ad

397 2473 444 2535 Ι,
487 2474 606 2525 115.
647 2474 899 2525 Recentt.
937 2475 1058 2527 edd.
1092 2472 1321 2525 εἵνεκεν.

692 2644 823 2696 ΟΔΡ.
862 2645 1186 2697 CXXXVII.

481 2742 662 2797 Αἰνέω
717 2745 821 2811 μέν
868 2763 977 2796 νυν
1020 2740 1188 2798 τόνδε
1237 2741 1340 2799 τὸν
1385 2743 1480 2800 νό-

398 2830 534 2899 μον·
583 2812 757 2866 αἰνέω
796 2812 860 2866 δὲ
893 2812 988 2866 καὶ
1024 2809 1214 2883 τόνδε]
1277 2819 1481 2870 Intelli-

399 2887 576 2951 gimue
614 2901 680 2935 ex
717 2886 819 2936 hoc
855 2886 1005 2948 loco,
1053 2902 1348 2952 pronomen
1384 2878 1481 2937 οδε

399 2959 516 3005 tum
561 2956 634 3006 ad
672 2955 1079 3016 antecedentia,
1126 2961 1241 3006 tum
1286 2957 1355 3006 ad
1399 2973 1482 3007 se-

399 3024 623 3088 quentia
657 3025 862 3104 pariter
896 3024 1112 3088 referri,
1156 3041 1277 3075 cum
1315 3026 1479 3091 vulgo

399 3094 481 3143 ita
503 3092 753 3154 doceant,
783 3081 952 3150 οὗτος
970 3094 1041 3143 ad
1065 3096 1307 3159 proxime
1329 3111 1481 3160 prae-

401 3177 617 3224 gressa,
654 3132 753 3211 ὅδε
786 3163 857 3212 ad
890 3165 1175 3228 sequentia
1210 3170 1478 3229 spectare.

403 3231 561 3293 Quod
594 3246 704 3281 non
751 3245 961 3297 semper
994 3234 1223 3296 servari,
1263 3240 1478 3298 praeter

399 3305 646 3349 nostrum
691 3299 869 3350 locum
915 3300 1010 3351 alii
1052 3303 1187 3353 satie
1237 3318 1479 3368 compro-

399 3368 559 3432 bant,
587 3384 722 3434 quos
746 3369 966 3435 collegit
988 3371 1255 3422 Matthiae
1281 3375 1331 3435 g.
1354 3373 1475 3434 470,

402 3438 450 3486 1.
496 3453 551 3501 p.
587 3439 710 3488 870.
791 3440 875 3488 Ex
921 3440 1202 3491 Herodoto
1245 3442 1394 3493 conf.
1428 3442 1475 3504 Ι,

398 3504 518 3557 206.
546 3507 667 3558 210.
709 3509 828 3558 214.
867 3508 942 3569 11,
982 3511 1067 3559 42.
1108 3509 1192 3560 76.
1244 3512 1328 3560 Ad
1364 3526 1476 3561 rem

399 3544 1193 3698 ῗὲῗῐέζὲἔὲξιῗῖἒῖἒᾶἒῖζῶ
1218 3579 1476 3699 Ἇὲέεωῗὲ

396 3713 677 3795 sophistae
715 3713 836 3765 loco
875 3715 1218 3766 confirmans.

466 3774 866 3846 ἀνήκεστον
923 3777 1138 3850 πάθος]
1201 3786 1288 3835 De
1345 3800 1479 3835 nece

399 3848 486 3900 vel
539 3852 704 3901 etiam
765 3852 1109 3904 mutilatione
1160 3869 1270 3903 non
1326 3870 1480 3918 repa-

398 3920 572 3970 randa
618 3936 684 3971 ex
720 3920 1085 3986 euphemiemo
1121 3922 1354 3988 quodam
1402 3924 1481 3972 in-

397 3986 780 4052 telligendum,
832 3995 896 4040 ut
939 3995 1122 4041 monet
1157 3992 1474 4041 Buttmann.

399 4056 843 4108 adDemoethen.
864 4060 1091 4111 Midian.
1113 4076 1163 4124 p.
1182 4061 1300 4110 165.
1340 4061 1478 4111 Sunt

397 4130 594 4189 poetae
628 4127 990 4191 potissimum,
1027 4129 1222 4194 quibus
1258 4130 1361 4180 hoc
1385 4144 1479 4179 vo-

398 4194 649 4245 cabulum
675 4198 732 4245 iu
758 4194 966 4248 deliciis
996 4203 1109 4258 eet,
1135 4202 1276 4247 teste
1300 4198 1482 4249 Blom-

396 4261 540 4313 field.
561 4265 617 4313 iu
630 4264 875 4317 Glossar.
886 4266 1220 4331 adAeechyl.
1234 4266 1473 4330 Choeph.

397 4330 518 4394 509,
561 4333 657 4382 ubi
691 4333 805 4384 vid.

475 4413 626 4450 ουτω
659 4399 739 4470 τῷ
766 4398 940 4469 θυμω
967 4398 1187 4468 χρᾶται]
1225 4404 1266 4454 i.
1295 4418 1343 4455 e.
1363 4405 1477 4455 irae

1586 1852 1842 1917 inclamet,-
1887 1852 2127 1917 quidquid
2164 1851 2324 1900 animo
2357 1850 2551 1931 lubeat,
2584 1852 2672 1913 sa-

1587 1924 1656 1971 ci!
1691 1922 1754 1971 de
1788 1924 1893 1975 illo,
1969 1920 2127 1971 Conf.
2163 1920 2219 1982 Ι,
2261 1920 2388 1970 155:
2434 1912 2503 1969 σὺ
2539 1918 2668 1985 μέν-

1586 2004 1675 2038 τοι
1712 1982 1789 2055 μὴ
1824 1982 2013 2040 πάντα
2046 1987 2249 2069 θυμῷ
2283 2004 2358 2053 χρ
2327 1985 2456 2051 ρέο.

1656 2050 1989 2108 ἀποκτειναι
2051 2052 2113 2107 δὲ
2173 2039 2385 2107 οὐδένα
2443 2073 2525 2106 κω
2581 2053 2664 2107 λέ-

1586 2142 1751 2192 γουσι
1792 2143 1844 2177 κ.
1884 2143 1931 2178 τ.
1971 2125 2043 2192 λ.]
2104 2127 2369 2178 Herodoti
2416 2127 2665 2178 aliorum·

1587 2213 1721 2263 que,
1758 2197 1917 2248 iatius
1953 2198 2031 2246 rei
2066 2195 2227 2246 fidem
2263 2197 2357 2263 qui
2392 2198 2549 2248 nobie
2584 2198 2665 2247 fa-

1589 2268 1766 2330 ciunt,
1819 2267 2136 2318 testimonia
2179 2268 2373 2317 citavit
2416 2267 2661 2318 Briseon.

1586 2336 1624 2387 l.
1660 2336 1698 2385 l.
1750 2338 1831 2388 11.
1884 2341 1935 2400 ἓ.
1972 2335 2058 2387 99.
2115 2333 2237 2386 coll.
2273 2337 2368 2398 98,
2414 2337 2508 2386 ubi
2555 2336 2665 2387 alia

1588 2406 1851 2471 quaedam
1876 2407 2112 2470 profert,
2151 2420 2215 2454 ex
2240 2406 2436 2471 quibus
2467 2421 2665 2472 cogno·

1587 2480 1802 2536 ocatur,
1843 2491 2003 2541 quam
2040 2475 2304 2538 singulari
2340 2475 2548 2540 pietate
2580 2481 2663 2525 at-

1587 2560 1692 2609 que
1743 2559 1926 2595 amore
1979 2548 2233 2609 parentes
2288 2559 2418 2594 euos
2463 2547 2665 2595 Persae

1587 2612 1869 2664 coluerint.
1906 2642 1977 2653 —-
2007 2614 2073 2663 In
2101 2627 2254 2677 seqq.
2282 2604 2666 2679 ὑποβολιμαια

1585 2688 1640 2733 et
1676 2680 1935 2747 μοιχίδια
1981 2681 2230 2763 Sohwgh.
2264 2682 2403 2732 bene
2443 2698 2506 2732 ex
2548 2684 2664 2733 ouit

1581 2743 2012 2815 ὑποβολιμαίων
2072 2766 2109 2815 η
2157 2748 2458 2815 μοιχιδίων
2538 2766 2659 2815 oya,

1581 2825 1643 2870 ut
1661 2821 1931 2872 Herodoti
1960 2820 2033 2870 eit
2056 2820 2355 2882 sententia,
2382 2819 2520 2870 talia
2542 2825 2661 2871 tau-

1581 2895 1696 2940 tum
1749 2891 1818 2940 ab
1864 2891 1932 2940 iis
1978 2891 2279 2955 perpetrari
2316 2905 2507 2954 posse,
2567 2892 2661 2956 qui

1580 2964 1678 3009 aut
1718 2959 2060 3025 suppositicii
2108 2959 2218 3009 sint
2253 2959 2378 3022 filii,
2423 2965 2521 3010 aut
2569 2960 2661 3012 ad-

1577 3029 1814 3080 ulterino
1841 3029 2107 3093 sanguine
2125 3031 2262 3081 nati.
2304 3031 2414 3080 Pro
2432 3021 2658 3093 ἄνευρε-
2665 3059 2672 3066 -

1581 3095 1763 3161 θῆναι
1796 3102 2026 3149 recentt.
2063 3098 2183 3148 edd.
2221 3114 2295 3148 αν
2316 3090 2657 3166 εὖρεθῆναιε

1579 3182 1686 3233 quo
1723 3168 1856 3217 mihi
1901 3168 2049 3218 haud
2093 3183 2228 3232 opus
2265 3184 2387 3220 esee
2422 3169 2655 3221 videtur.

1854 3337 1985 3389 Cu.
2023 3338 2379 3390 CXXXVIII.

1658 3436 1953 3505 αἴσχιστον
2008 3434 2072 3489 δὲ
2116 3432 2341 3490 αὖτοῐσι
2372 3455 2437 3498 ,κ.
2489 3454 2535 3488 τ.
2586 3439 2656 3506 λ.]

1580 3511 1732 3573 Quae
1753 3509 1842 3559 hic
1873 3510 1939 3559 de
1961 3510 2243 3560 mendacio
2263 3514 2317 3559 et
2335 3523 2461 3559 aere
2479 3506 2659 3559 alieno

1580 3578 1903 3640 referuntur,
1926 3578 2114 3628 eadem
2134 3580 2360 3628 tradunt
2377 3575 2655 3627 Plutarch.

1580 3648 1747 3697 Morr.
1787 3646 1895 3711 (11)
1946 3663 2001 3711 p.
2033 3647 2138 3697 820
2175 3647 2236 3697 C.
2289 3651 2347 3696 et
2381 3646 2660 3709 Appianus

1580 3717 1664 3765 De
1703 3714 1830 3764 bell.
1870 3716 1977 3765 civ.
2015 3716 2070 3776 Ι,
2104 3717 2201 3778 54,
2251 3729 2477 3780 quorum
2523 3713 2659 3765 locis

1577 3784 1887 3834 illustratur
1921 3783 2231 3834 Herodotus
2272 3799 2306 3834 a
2340 3784 2584 3835 Brieeon.
2622 3784 2659 3835 l.

1580 3852 1619 3904 l.
1657 3853 1734 3914 11,
1774 3853 1860 3904 94.
1934 3854 2015 3903 Ac
2046 3854 2282 3920 pertinet
2314 3853 2421 3903 huc
2447 3867 2662 3917 quoque

1582 3922 1664 3984 id,
1715 3924 1860 3986 quod
1903 3938 2025 3987 cap.
2067 3922 2168 3973 136
2211 3927 2662 3973 commemoratur

1583 3991 1648 4041 de
1679 3992 1876 4055 pueris,
1913 3993 2005 4058 qui
2032 4007 2220 4042 verum
2252 3992 2431 4042 dicere
2467 3991 2661 4041 docen-

1581 4064 1689 4108 tur.
1760 4059 1941 4125 Atque
1973 4061 2163 4111 attulit
2195 4060 2392 4112 Roeth.
2439 4059 2474 4110 l.
2513 4059 2552 4111 l.
2601 4076 2657 4124 p.

1583 4127 1703 4190 426,
1742 4144 1881 4194 quae
1909 4130 2016 4180 huc
2049 4131 2263 4180 faciunt
2299 4145 2330 4179 e
2358 4129 2512 4186 libris,
2532 4130 2659 4178 Per-

1581 4213 1765 4247 sarum
1824 4199 2026 4262 sacris,
2093 4201 2151 4249 in
2201 4198 2399 4263 quibus
2451 4213 2659 4262 poenae

1579 4266 1738 4316 valde
1764 4282 1987 4317 severae
2015 4268 2435 4331 pronuntiantur
2460 4268 2517 4316 iu
2541 4281 2656 4326 eos,

1579 4336 1673 4400 qui
1709 4335 2048 4385 mendacium
2094 4336 2330 4385 dixerint
2364 4334 2451 4385 vel
2488 4349 2657 4399 pravo

1578 4404 1760 4454 animo
1777 4404 2061 4472 pecuniam
2083 4404 2375 4456 sumserint
2387 4408 2655 4466 mutuam3
