3109 5092
1119 360 1621 421 EUTERPE.
1668 361 1752 420 II.
1795 370 1882 423 15.

2517 355 2641 417 463

363 562 615 626 γυπτος
662 530 1001 618 ἐκαλέετο,
1053 537 1170 622 τῆς
1220 531 1296 602 τὸ
1343 541 1747 624 περίμετρον
1790 531 2059 601 στάδιοί
2099 534 2227 601 εἰσι
2274 541 2487 601 εἰκοσι
2534 531 2647 599 καὶ

366 735 460 800 qui
494 749 591 799 pro
640 727 830 798 Θῆβαι
877 731 934 780 in
968 730 1237 781 Herodoti
1273 731 1455 781 verbis

364 804 476 870 legi
507 802 628 852 vult
662 797 909 866 Θηβαΐς,
948 802 1103 866 sequi
1139 816 1249 850 non
1282 801 1454 865 potui.

367 877 448 925 Ac
470 873 692 939 longum
718 877 802 921 est
824 871 877 921 b.
909 870 947 921 l.
985 871 1056 921 de
1076 871 1197 935 ipso
1222 871 1460 935 Aegypti

368 943 585 994 nomine
607 955 903 1007 exponere,
941 941 1008 992 de
1035 956 1142 1006 quo
1169 941 1352 990 varias
1383 939 1460 988 vi-

371 1028 552 1063 rorum
591 1012 873 1061 doctorum
919 1011 1220 1060 sententias
1266 1025 1461 1074 suppe-

372 1083 571 1133 ditabit
599 1080 767 1131 Beck.
795 1081 851 1129 in
869 1080 1098 1146 Allgem.
1125 1079 1461 1145 Weltgescb.

374 1153 421 1203 Ι.
458 1167 584 1217 pag.
623 1152 727 1201 265
763 1165 900 1215 seq..
951 1149 1093 1199 Add.
1123 1153 1265 1200 nott.
1296 1164 1463 1213 supra

374 1221 445 1271 ad
470 1221 545 1283 11,
579 1221 640 1270 12
665 1224 749 1281 et,
786 1234 927 1285 quae
948 1221 1034 1269 Cr.
1067 1218 1276 1282 laudat,
1310 1220 1464 1269 scho-

376 1290 452 1340 lia
485 1291 544 1339 in
571 1288 789 1339 Platon.
823 1305 951 1354 pag.
984 1290 1085 1341 207
1124 1289 1210 1339 ed.
1245 1288 1464 1339 Ruhnk.

375 1361 483 1409 Hic
531 1358 666 1408 illud
713 1359 873 1409 modo
908 1358 1191 1422 addimus,
1242 1357 1332 1408 vel
1367 1373 1465 1408 no-

379 1435 496 1478 stra
532 1432 714 1477 aetate
743 1428 886 1478 idem
909 1429 1038 1478 ferri
1069 1443 1265 1478 nomen
1298 1432 1353 1477 et
1379 1442 1467 1477 ur-

379 1499 494 1561 bis,
527 1513 667 1563 quae
703 1498 954 1564 princeps
982 1504 1066 1548 est
1101 1499 1159 1547 in
1194 1500 1464 1563 Aegypto,

380 1575 435 1618 et
480 1568 638 1618 huius
683 1568 856 1632 ipsius
902 1573 1108 1632 terrae,
1156 1569 1205 1618 si
1251 1568 1465 1633 quidem

380 1640 534 1690 Gairo
569 1638 695 1687 urbs
716 1643 770 1686 et
797 1637 1037 1688 Mirr-aim
1060 1637 1205 1703 apud
1233 1637 1464 1687 Iudaeos

382 1713 436 1758 et
505 1707 659 1758 Mesr
738 1707 881 1773 apud
950 1708 1159 1758 Arabes
1234 1707 1465 1768 dicitur3

382 1792 491 1843 qua
514 1781 747 1842 utraque
767 1778 1138 1843 appellatione
1160 1778 1466 1842 Aegyptum

384 1849 556 1912 ipsam
576 1849 741 1910 vulgo
777 1848 1011 1898 indicari
1046 1852 1283 1897 constat.
1341 1845 1464 1898 Vid.

381 1918 717 1967 Hartmann:
778 1916 1196 1968 Erdbeschreib.
1257 1932 1310 1967 v.
1365 1917 1469 1967 Ae-

384 1992 537 2052 gypt.
574 2002 631 2051 p.
668 1985 770 2037 883
806 1987 930 2038 coll.
969 2002 1097 2052 pag.
1136 1985 1189 2037 3.

453 2056 654 2106 Urbem
674 2055 851 2121 ipsam
879 2057 1097 2107 Thebas
1127 2056 1336 2121 aliquot
1358 2054 1471 2121 qui-

388 2125 510 2175 dem
544 2124 682 2175 locis
735 2126 1178 2177 commemoravit
1224 2126 1466 2175 Herodo-

385 2201 473 2244 tus
521 2196 631 2258 (ΙΙ,
678 2195 730 2245 3.
780 2199 866 2247 56.
919 2197 987 2248 58
1031 2196 1182 2260 etc.)‚
1229 2211 1331 2244 nec
1390 2201 1471 2244 ta-

386 2279 508 2314 men
544 2264 839 2330 quidquam
872 2265 940 2316 de
973 2280 1039 2315 ea
1073 2263 1287 2325 retulit;
1325 2264 1472 2330 quod

389 2351 454 2383 ne
501 2335 737 2396 mireris,
797 2335 948 2386 docti
1000 2334 1173 2396 Galli,
1221 2339 1475 2393 monente

389 2405 495 2466 Cr„
533 2403 637 2453 boc
670 2411 880 2469 ponunt
917 2402 1216 2469 (Descript.
1266 2403 1334 2453 de
1367 2403 1477 2453 l'E-

387 2481 540 2538 gypt.
579 2478 709 2523 tom.
750 2474 826 2524 11.
877 2472 1051 2525 Theb.
1088 2490 1142 2539 p.
1189 2473 1301 2538 94),
1338 2473 1477 2523 Tbe-

388 2544 471 2592 bis
507 2541 726 2608 quidem
748 2559 857 2594 non
884 2548 1273 2594 commoratum
1305 2543 1476 2593 fuisse

389 2611 728 2663 Herodotum
786 2619 883 2664 aut
926 2613 1179 2664 consulto
1231 2612 1477 2662 noluisse

387 2681 604 2732 uberius
629 2682 939 2734 describere
957 2683 1346 2748 amplissimam
1357 2697 1475 2733 eam

390 2751 591 2816 urbem,
610 2753 867 2817 quoniam
885 2757 1014 2804 ante
1038 2769 1157 2803 eum
1174 2753 1277 2803 hoc
1295 2753 1473 2817 ipsum

390 2823 724 2886 praestiterit
748 2823 1081 2874 Hecataeus,
1144 2823 1252 2873 Sed
1271 2822 1474 2872 Thebis

390 2897 777 2943 commoratum
817 2894 989 2943 fuisse
1025 2894 1314 2955 Nostrum,
1367 2891 1475 2943 col-

392 2961 502 3025 ligo
564 2978 631 3012 ex
698 2961 968 3027 colloquio
1022 2977 1144 3012 cum
1197 2962 1473 3012 Thebanis

392 3031 765 3082 sacerdotibus
820 3033 1010 3082 habito
1061 3033 1139 3094 ΙΙ,
1191 3032 1291 3083 143
1347 3031 1472 3082 coll.

393 3100 470 3162 11,
506 3102 556 3165 3,
594 3106 648 3152 et
674 3102 868 3151 mirum
896 3103 1143 3167 profecto
1181 3102 1340 3162 soret,
1382 3101 1475 3167 qui

392 3169 463 3219 ad
480 3170 881 3236 Elephantinen
907 3186 1082 3237 nsque
1103 3172 1351 3235 pervenit
1370 3170 1474 3236 (11,

392 3239 467 3304 9),
504 3256 628 3290 eum
652 3241 871 3292 Thebas
898 3257 1008 3291 non
1034 3241 1307 3293 visitasse.
1369 3241 1477 3291 Ne-

394 3324 498 3374 que
551 3311 716 3360 etiam
762 3311 1000 3361 animum
1053 3309 1311 3360 inducere
1357 3324 1479 3374 pos-

390 3394 539 3442 sum,
579 3386 640 3430 ut
673 3380 906 3443 credam,
943 3381 1300 3442 Herodotum,
1339 3395 1479 3444 quae

394 3448 497 3497 viri
523 3450 670 3501 docti
703 3450 868 3515 Angli
896 3454 981 3499 est
1012 3450 1286 3500 sententia
1318 3447 1480 3512 (Iohn

393 3519 655 3570 Kenrick:
695 3519 812 3570 The
845 3521 1048 3584 Egypt.
1071 3520 1132 3569 of
1145 3518 1477 3569 Herodotus.

392 3588 567 3639 Lond.
599 3590 753 3640 1541.
791 3605 843 3654 p.
877 3590 1027 3653 XX),
1058 3589 1294 3655 Aegypti
1325 3604 1482 3652 supe-

395 3657 556 3708 rioris
593 3663 803 3724 partem
849 3662 963 3708 tam
1012 3658 1259 3708 celeriter
1305 3658 1482 3724 perlu-

395 3731 626 3790 strasse,
698 3733 758 3777 ut
816 3727 883 3778 de
923 3728 1127 3778 Thebis
1189 3742 1483 3792 earumque

395 3798 758 3847 monumentis
838 3798 1070 3848 maxime
1150 3796 1482 3848 admirandis

396 3865 531 3915 nihil
578 3868 780 3918 referre
821 3868 1078 3933 potuerit.
1166 3868 1321 3929 Quae
1362 3881 1484 3916 eum

399 3937 478 3984 ita
519 3936 656 3999 sint,
705 3938 813 3988 nisi
857 3937 915 3987 in
959 3935 1203 4001 episodio
1250 3935 1484 4002 quodam

398 4003 466 4054 de
496 4004 699 4056 Thebis
727 4007 997 4056 relaturus
1017 4010 1135 4056 erat
1151 4004 1484 4066 Herodotus,

399 4074 664 4125 Hecataei
706 4077 1039 4126 auctoritate
1081 4090 1201 4125 eum
1255 4089 1486 4125 commo-

396 4148 514 4193 tum
549 4144 722 4196 fnisse
755 4146 999 4208 credam,
1037 4149 1099 4193 ut
1136 4144 1297 4194 huius
1335 4143 1485 4193 urbis

398 4221 512 4263 tam
547 4213 856 4265 celebratae
881 4213 1302 4279 descriptionem
1334 4213 1489 4263 omit-

395 4287 555 4335 teret.
627 4285 714 4334 De
741 4285 895 4334 cuius
915 4283 1290 4349 magnitudine
1305 4287 1363 4333 et
1380 4297 1490 4332 am-

396 4353 520 4403 bitu
544 4353 768 4419 (quippe
792 4353 1021 4405 confuso
1050 4358 1105 4403 et
1124 4353 1273 4403 urbis
1303 4357 1359 4402 et
1382 4356 1490 4402 ter·

402 4436 500 4474 rae
535 4424 783 4487 nomine,
834 4427 896 4474 ut
936 4423 1008 4474 ad
1043 4421 1194 4473 illam
1227 4420 1490 4472 referren-

1561 742 1650 787 tur
1663 773 1676 798 ‚
1716 750 1854 801 quae
1874 734 1945 785 ad
1965 734 2107 784 hanc
2133 730 2487 798 pertinerent)
2507 745 2647 797 quae

1564 806 1760 856 Graeci
1797 803 2135 854 confabulati
2180 802 2407 865 fuerint,
2442 802 2645 851 referre

1563 890 1673 925 non
1716 879 1899 924 vacat.
1971 873 2242 924 Admonet
2288 872 2377 925 Gr.
2434 876 2490 920 et
2534 871 2649 920 Ho-

1563 944 1753 995 merici
1787 939 1894 994 loc'i
1929 944 1985 993 in
2034 942 2196 993 Iliad.
2232 942 2331 1006 IX,
2371 940 2474 993 383
2510 955 2648 1006 seq„

1566 1014 1684 1080 qui,
1748 1017 2048 1079 exponente
2097 1011 2312 1077 Heynio
2355 1008 2646 1075 (Observv.

1564 1092 1696 1134 tom.
1735 1084 1803 1133 V.
1827 1100 1880 1149 p.
1906 1081 2056 1145 611),
2089 1082 2199 1132 iam
2234 1081 2512 1131 veteribus
2545 1079 2649 1129 lar-

1565 1169 1691 1220 gam
1728 1151 2044 1218 disputandi
2068 1167 2256 1201 ansam
2288 1150 2559 1216 praebuit,
2591 1153 2648 1198 et

1566 1239 1777 1286 eorum,
1825 1237 1963 1289 quae
2007 1229 2120 1271 tum
2157 1221 2225 1271 ab
2262 1222 2338 1272 Is.
2377 1221 2539 1270 Voss.
2580 1217 2650 1268 ad

1565 1294 1828 1357 Pompon.
1859 1291 1984 1342 Mel.
2023 1291 2070 1353 1,
2106 1289 2159 1341 9.
2199 1306 2251 1355 p.
2278 1289 2381 1341 613
2410 1288 2495 1340 ed.
2517 1289 2647 1339 Abr.

1567 1363 1807 1414 Gronov.
1843 1362 1985 1411 hanc
2028 1361 2087 1409 in
2134 1376 2246 1423 rem
2294 1359 2468 1409 allata
2503 1363 2651 1420 sunt,

1566 1438 1682 1482 tum
1707 1449 1742 1483 a
1767 1431 2030 1482 Valcken.
2058 1431 2115 1479 in
2143 1431 2378 1480 Dissert.
2408 1429 2475 1478 de
2499 1428 2654 1478 scho-

1565 1503 1655 1551 liis
1691 1503 1748 1552 in
1780 1503 2098 1561 Homerum,
2140 1499 2375 1565 Opuscc.
2402 1498 2483 1549 11.
2521 1513 2650 1563 pag.

1566 1572 1656 1625 99.
1728 1571 1939 1635 Quibus
1976 1570 2118 1621 idem
2155 1571 2239 1620 Cr.
2288 1568 2503 1619 adiicit:
2548 1568 2655 1618 Ta-

1570 1643 1663 1692 cit.
1715 1640 1933 1691 Annall.
1980 1640 2056 1702 11,
2103 1639 2173 1689 60
2219 1644 2273 1688 et
2323 1638 2421 1704 (de
2472 1636 2657 1687 Thebis

1570 1710 1795 1776 Ogygiis)
1835 1711 2025 1761 Tzetz.
2083 1709 2140 1757 in
2182 1709 2526 1773 Lycophron.
2569 1720 2653 1756 vs.

1573 1781 1727 1832 1206.
1765 1796 1892 1846 pag.
1938 1780 2040 1831 957
2076 1794 2190 1842 seq.
2228 1778 2362 1843 ibiq.
2408 1774 2656 1827 Mueller.

1571 1850 1791 1901 Scholia
1824 1851 1881 1899 in
1918 1846 2142 1899 Aristid.
2181 1845 2485 1897 Panatheu.
2526 1860 2653 1909 pag.

1574 1919 1678 1971 100
1723 1919 1808 1969 ed.
1846 1917 2132 1969 Frommel.
2173 1917 2396 1967 Gesner.
2434 1914 2503 1965 ad
2550 1915 2659 1963 Lu-

1572 1990 1717 2041 cian.
1763 1993 1806 2039 t.
1855 1989 1953 2038 1x.
2006 2003 2132 2053 pag.
2169 1987 2274 2037 408
2311 1985 2397 2037 ed.
2434 1986 2656 2050 Bipont.

1572 2058 1842 2125 Equidem
1875 2058 2189 2123 primarium
2218 2056 2449 2107 Diodori
2479 2055 2660 2104 locum

1573 2129 1620 2191 1,
1658 2129 1728 2180 49
1761 2127 2088 2189 adscribam,
2122 2126 2217 2176 ubi
2246 2126 2477 2177 aliorum
2504 2123 2659 2174 testi-

1575 2199 1758 2248 monia
1811 2197 2033 2263 collegit
2082 2196 2406 2262 Wesseling.
2488 2194 2661 2245 Plura

1574 2283 1720 2318 nunc
1746 2267 1813 2317 de
1849 2267 1998 2317 urbis
2034 2267 2144 2316 situ
2179 2266 2351 2332 deque
2388 2263 2661 2330 amplissi-

1575 2339 1679 2388 mis
1729 2338 1846 2388 eius
1890 2336 2175 2387 ruderibus
2223 2336 2659 2401 perscripserunt

1576 2407 1895 2459 recentioris
1948 2406 2151 2457 aetatis
2198 2405 2658 2472 peregrinatores‚

1575 2478 1822 2542 inprimis
1859 2476 2004 2527 Galli
2040 2476 2212 2537 docti,
2261 2476 2496 2525 editores
2532 2487 2661 2538 ope-

1577 2548 1680 2596 ris:
1742 2546 2016 2611 Descript.
2065 2544 2131 2594 de
2172 2544 2418 2611 l'Egypt.
2505 2542 2661 2593 Anti·

1577 2613 1757 2682 quites
1782 2615 1849 2665 Τ.
1880 2616 1926 2666 1.
1963 2615 2132 2678 Cbap.
2160 2614 2260 2665 lx.
2289 2613 2662 2678 (Description

1578 2684 1830 2750 generale
1866 2684 1934 2734 de
1956 2683 2226 2748 Thebes),
2261 2698 2488 2748 quorum
2515 2696 2661 2731 snm-

1576 2770 1719 2805 mam
1753 2752 1941 2804 retulit
1969 2753 2211 2804 Ritterus
2250 2751 2661 2803 accuratissime

1576 2824 1821 2889 singulas
1865 2828 2049 2888 partes
2096 2837 2163 2872 ac
2206 2822 2424 2887 singula
2464 2820 2664 2871 rudera

1577 2893 1888 2945 describens
1934 2894 1992 2941 in
2038 2891 2337 2943 Erdkunde
2372 2892 2420 2942 1.
2467 2907 2519 2956 p.
2558 2889 2662 2941 733

1577 2960 2666 3098 ῗῧὲᾞῗιι·ἒὲἒὲ“ἷ.ῗὲῗὲἔ“ἷέ.ἒ·.ζ.ξζὲ

1575 3101 1709 3153 illud
1746 3106 2044 3166 occupant,
2093 3102 2151 3150 in
2187 3118 2293 3168 quo
2330 3107 2488 3153 vetus
2525 3100 2666 3151 The-

1580 3173 1768 3223 barum
1803 3172 1935 3222 urbs
1984 3171 2089 3221 fuit
2125 3178 2433 3234 exstructa,
2481 3170 2539 3219 in
2576 3185 2665 3220 oc-

1579 3241 1839 3292 cidentali
1874 3240 1987 3292 Nili
2009 3242 2131 3306 ripa
2156 3243 2447 3306 praecipue
2480 3239 2666 3304 Medy-

1578 3311 1822 3372 net-Abu‚
1858 3312 1915 3360 in
1946 3310 2197 3360 orientali
2226 3312 2414 3361 Luaeor
2449 3315 2503 3359 et
2528 3309 2668 3358 Kar-

1580 3380 1699 3431 nak.
1774 3382 1857 3430 De
1893 3380 1976 3429 his
2011 3380 2286 3442 omnibus,
2324 3380 2461 3429 alios
2488 3382 2554 3428 ut
2586 3382 2669 3426 ta-

1581 3465 1750 3511 ceam,
1777 3449 2041 3515 peculiari
2057 3448 2240 3498 libello
2261 3447 2513 3512 exposuit
2536 3445 2669 3496 Wil-

1580 3520 1810 3569 kinson:
1847 3518 2217 3584 Topograpby
2241 3517 2303 3567 of
2315 3516 2531 3567 Thebes
2559 3520 2666 3565 etc.

1581 3588 1756 3639 Lond.
1799 3588 1934 3638 1835
1970 3588 2206 3651 itemque
2253 3584 2517 3637 Rosellini
2551 3585 2670 3634 Μο-

1583 3659 1828 3707 numenti
1863 3656 1952 3707 del
1986 3655 2165 3706 Culto.
2204 3654 2252 3705 1.
2290 3671 2342 3720 p.
2374 3641 2668 3720 aoz‘ffieqq.

1583 3725 1842 3790 Reliquos
1887 3726 2034 3775 viros
2079 3724 2299 3787 doctos,
2348 3725 2442 3789 qui
2482 3728 2675 3773 nostra

1585 3800 1768 3846 aetate
1803 3795 1938 3845 haec
1973 3794 2096 3843 loca
2127 3794 2563 3859 perquisiverunt
2591 3796 2672 3842 at-

1584 3881 1689 3931 que
1726 3863 1792 3914 de
1827 3865 1896 3915 iis
1929 3862 2257 3926 retulerunt,
2293 3863 2566 3912 indicatos
2591 3877 2673 3912 re-

1586 3934 1763 4001 peries
1810 3948 1845 3983 a
1881 3934 2181 3997 Forbigero
2218 3933 2277 3981 in
2308 3932 2485 3998 Pauly
2516 3932 2673 3982 Real-

1589 4002 1871 4068 encyclop.
1893 4003 1990 4054 VI.
2025 4018 2080 4067 p.
2114 4001 2265 4064 1785,
2305 4002 2502 4067 quibus
2528 4016 2672 4051 nunc

1589 4072 1718 4124 addi
1753 4072 1916 4122 velim
1952 4071 2230 4136 Brugsch:
2268 4071 2674 4122 Reiseberichte

1588 4157 1688 4193 aus
1723 4143 1958 4207 Aegypt.
1996 4157 2050 4206 p.
2099 4141 2196 4192 115
2230 4154 2384 4207 seqq.

1658 4211 1868 4261 Nomen
1902 4210 2052 4261 urbis
2077 4210 2301 4261 Graecis
2338 4226 2553 4276 quoque
2590 4213 2674 4259 est

1592 4272 1733 4337 Διὸς
1766 4271 1958 4343 πόλις,
1995 4280 2032 4330 i.
2073 4295 2119 4330 e.
2159 4279 2297 4330 Ιουίε
2330 4280 2478 4342 urbe,
2529 4277 2674 4344 quod

1592 4350 1880 4401 convenire
1914 4349 2106 4400 volunt
2137 4364 2258 4399 cum
2289 4348 2561 4414 Aegyptio
2587 4362 2674 4397 ur-

1590 4420 1675 4470 bis
1709 4419 1928 4470 nomine
1950 4417 2277 4470 N0·Ammon.
2347 4418 2469 4468 Hoc
2491 4420 2673 4468 autem
