3109 5092
496 303 624 364 502

1369 293 1907 358 HERODOTI

498 488 728 557 οἴκους
774 471 1029 558 ἐόντες,
1078 466 1473 559 ὑφαίνουσι.
1547 464 1921 558 ὑφαίνουσι
1974 466 2049 536 δὲ
2101 470 2171 536 οί
2223 465 2349 554 μὲν
2396 462 2588 535 ἄλλοι
2640 462 2782 534 ἄνω

499 580 627 669 τὴν
677 576 933 667 κρόκην
970 572 1339 658 ὠθέοντες,
1396 572 1758 660 Αἰγύπτιοι
1802 571 1880 641 δὲ
1915 569 2116 641 κάτω.
2186 566 2268 637 τὰ
2306 567 2523 657 ἄχθεα
2553 572 2625 638 οἱ
2656 568 2784 657 μὲν

500 683 747 770 ἄνδρες
786 680 896 750 ἐπὶ
936 683 1075 747 τῶν
1113 678 1472 764 κεφαλέων
1510 676 1868 765 φορέουσι,
1923 679 1997 743 αἱ
2030 672 2106 742 δὲ
2140 688 2458 758 γυναῖκες
2497 674 2608 741 ἐπὶ
2645 676 2784 741 τῶν

710 877 1002 930 θακοῦσιν
1027 867 1492 955 ἴστουργοῦντες,

1128 939 1192 995 δὲ
1226 889 1571 1009 σύννομοια

708 1007 859 1078 τᾶξω
907 1013 1038 1083 βίου
1087 1016 1329 1096 τροφεῖα
1378 1003 1593 1076 πορσύ-

1129 1075 1291 1134 νουσ’
1330 1076 1436 1134 ἀεί.

504 1161 657 1222 Quae
700 1158 823 1221 ipsa
861 1170 928 1205 ex
961 1153 1292 1204 Herodoteis
1335 1166 1595 1217 expressa

505 1234 672 1292 atque
716 1241 781 1275 ex
821 1222 1104 1275 Herodoto
1152 1227 1369 1287 sumpta
1421 1220 1597 1271 videri

507 1299 765 1361 possunt,
804 1298 866 1344 ut
901 1297 1050 1343 recte
1076 1292 1188 1342 iam
1221 1291 1486 1342 iudicavit
1511 1289 1596 1338 vir

508 1367 703 1415 doetus
750 1363 833 1411 ἱιι.
890 1361 1123 1425 Zeitung
1168 1361 1205 1411 f.
1258 1362 1309 1411 d.
1357 1360 1594 1425 elegant.

439 1463 464 1476 =
505 1432 657 1484 Welt
688 1431 842 1483 1832.
872 1446 957 1480 nr.
987 1430 1087 1480 104
1119 1445 1245 1495 pag.
1271 1430 1402 1489 8253
1440 1429 1597 1494 plura

508 1503 652 1553 hanc
690 1501 747 1550 in
787 1515 900 1550 rem
933 1498 1181 1563 dabimus
1225 1498 1296 1548 ad
1327 1498 1594 1548 Herodot.

509 1571 615 1635 111,
657 1569 777 1621 119.
846 1569 1134 1619 Caeterum
1173 1568 1312 1618 satis
1359 1567 1597 1618 celebra-

509 1647 602 1692 tae
636 1644 881 1690 veterum
909 1637 1302 1703 Aegyptiorum
1325 1641 1594 1698 texturae,

511 1711 707 1777 quibus
751 1706 1008 1773 permulti
1040 1707 1285 1757 homines
1333 1708 1479 1771 iique
1518 1707 1596 1754 in-

511 1779 724 1831 ferioris
759 1777 1072 1844 plerumque
1107 1776 1436 1827 conditionis
1476 1790 1600 1840 ope-

508 1849 789 1900 rabantur.
840 1847 1126 1897 »Testatur
1160 1845 1248 1896 vel
1281 1860 1441 1896 sacra
1470 1846 1611 1894 seri--

509 1924 700 1984 ptura,
736 1921 997 1982 quantam
1031 1917 1090 1966 in
1115 1914 1349 1966 texendo
1380 1929 1599 1980 operam

510 1986 792 2053 posuerint
813 1985 1075 2050 Aegyptii
1107 1989 1478 2051 quantumque
1513 1999 1600 2033 ex·

513 2056 825 2116 celluerint,
862 2061 925 2104 ut
947 2054 1085 2104 adeo
1115 2056 1259 2105 iuter
1281 2054 1452 2116 mala,
1487 2053 1603 2119 qui-

512 2127 615 2176 bus
659 2124 943 2203 Aegyptus
991 2124 1277 2188 premitur,
1324 2129 1453 2188 post
1495 2122 1603 2186 pis-

514 2198 756 2253 catores,
810 2192 903 2255 qui
952 2192 1131 2242 nullos
1175 2193 1355 2256 pisces
1408 2206 1603 2256 capere

512 2265 746 2330 possunt
777 2260 1012 2325 indeque
1049 2265 1325 2322 moerent,
1375 2275 1603 2310 comme-

515 2334 794 2383 morentur
831 2328 978 2393 apud
1010 2329 1119 2380 Ies.
1144 2330 1294 2390 XIX,
1312 2297 1353 2376 9
1378 2329 1601 2393 opifices

513 2402 777 2452 lineorum
796 2402 851 2448 et
870 2403 1110 2448 textores
1132 2403 1187 2448 et
1206 2398 1312 2462 ipsi
1331 2397 1601 2463 lugentes,

513 2469 730 2536 perdita
763 2482 865 2518 sua
901 2483 1096 2532 opera3
1134 2467 1260 2517 add.
1290 2467 1601 2529 XXXVIII,

518 2542 584 2591 12
621 2543 678 2590 et
710 2537 771 2589 11
799 2537 944 2588 Sam.
977 2537 1161 2600 XVII,
1198 2538 1250 2599 7,
1285 2537 1378 2586 ubi
1413 2536 1602 2586 itidem

515 2609 619 2659 viri
655 2611 896 2659 textores
921 2606 1292 2672 appellantur-3
1329 2609 1604 2658 testantur

514 2680 636 2745 ipsa
680 2676 1018 2743 anaglypha,
1077 2674 1356 2728 Gallorum
1405 2674 1602 2724 studiis

513 2763 685 2813 nuper
730 2746 972 2809 detecta,
1023 2760 1162 2810 quae
1194 2749 1268 2795 -ut
1316 2744 1603 2809 plurimum

515 2821 788 2879 textores,
823 2815 1087 2867 textorias
1126 2814 1317 2878 sellas,
1354 2812 1463 2863 alia
1496 2813 1606 2863 huc

517 2885 827 2952 spectantia
862 2884 1136 2936 exhibent.
1216 2884 1396 2948 Atque
1432 2884 1603 2947 ipsius

517 2954 786 3004 Herodoti
821 2953 974 3003 locus
1015 2953 1099 3017 11,
1137 2953 1236 3003 105
1271 2951 1376 3002 huc
1413 2952 1605 3002 referri

517 3023 737 3089 poterit.
778 3023 933 3084 Quae
963 3022 1011 3070 si
1041 3026 1290 3086 reputes,
1326 3020 1471 3071 haud
1495 3037 1606 3072 am-

517 3091 663 3210 {³3:3⁸
695 3091 1133 3224 33¹²?sserss
1162 3091 1378 3222 3333.
1398 3091 1604 3210 ’ἰὲᾰῷἒῖ

520 3245 682 3296 quam
741 3227 1043 3279 mulierum.
1144 3228 1313 3278 Plura
1364 3229 1601 3280 Heeren.

520 3300 692 3352 Ideen
727 3303 833 3349 etc.
858 3298 934 3360 11,
962 3300 1015 3348 2.
1045 3313 1170 3362 pag.
1198 3297 1319 3349 368.
1371 3297 1604 3348 wilkin-

517 3385 621 3420 son
653 3368 913 3419 Manners
950 3372 1053 3417 ete.
1090 3367 1285 3432 111.-p.
1324 3365 1422 3418 113
1447 3382 1600 3432 seqq.

490 3440 624 3496 ‚134
645 3453 791 3504 seq„
832 3451 939 3502 quo
971 3437 1092 3487 loco
1127 3437 1419 3501 imaginem
1455 3436 1602 3487 exhi-

517 3509 612 3559 bet
633 3508 875 3557 virorum
887 3506 1278 3572 Aegyptiorum
1300 3506 1359 3555 iu
1382 3506 1602 3556 texendi

520 3593 682 3643 opere
713 3576 1070 3627 versantium.
1141 3576 1223 3626 Ac
1260 3574 1436 3624 simile
1473 3575 1605 3640 quid

519 3650 822 3697 tractantes
870 3645 1120 3696 mulieres
1175 3644 1496 3694 exhibentur
1544 3645 1602 3693 in

425 3751 432 3764 .
518 3716 629 3767 alia
660 3716 902 3780 imagine
935 3716 1017 3766 11.
1049 3731 1103 3779 p.
1133 3713 1221 3765 60.
1260 3713 1607 3777 Add.Heng-

518 3785 805 3850 stenberg.
861 3785 966 3834 Die
1015 3783 1232 3835 Biieher
1275 3782 1445 3832 Mosis
1496 3787 1602 3832 etc.

521 3869 573 3918 p
562 3912 903 4001 ὑφαίνουσι
939 3913 1005 3969 δὲ
1038 3913 1099 3969 οἵ
1140 3913 1243 3984 μὲν
1290 3908 1448 3969 ἄλλοι
1485 3909 1605 3969 ἄνω

517 3981 625 4053 τὴν
658 3980 877 4067 κρόκην
914 3980 1199 4045 ωθὲοντες
1223 4003 1275 4038 κ.
1300 4004 1350 4039 τ.
1378 3987 1450 4053 1.]
1485 3979 1606 4038 ἅνω

519 4057 629 4123 τὴν
663 4049 915 4136 nogium·
930 4049 1113 4106 ὠθεῖν
1153 4057 1292 4108 nihil
1325 4057 1477 4107 aliud
1523 4062 1607 4108 est

520 4141 684 4194 quam
726 4115 846 4174 ἄνω
886 4115 922 4174 ὖ
1072 4140 1184 4188 ειν,
1230 4126 1286 4176 1ι.
1324 4142 1372 4177 ο.
1407 4142 1607 4178 sarman

519 4212 698 4247 versus
721 4202 902 4246 texere
924 4210 970 4244 s.
989 4196 1041 4244 in
1066 4196 1375 4246 altimdinem
1397 4203 1610 4254 temere,-

522 4267 617 4332 qui
657 4263 877 4315 texendi
919 4263 1111 4314 modus
1148 4265 1397 4315 omnibus
1434 4267 1609 4331 genti·

519 4337 623 4385 bus
659 4334 763 4385 fuit
805 4333 1043 4384 usitatus
1087 4337 1468 4399 praeterquam
1504 4335 1608 4384 Ae-

1695 875 1920 942 gyptiis.
1993 873 2289 938 „Aegyptii
2339 874 2482 924 euim
2536 873 2786 925 deorsum

1694 960 1888 996 versus
1916 943 2205 1005 texebant,
2244 943 2336 1007 qui
2368 948 2598 993 tramam
2627 945 2683 993 in
2705 944 2790 993 in-

1698 1015 1949 1066 feriorem
1996 1017 2208 1078 partem
2241 1011 2552 1064 trudebant.
2627 1013 2786 1078 Apud

1698 1089 1942 1135 caeteras
1990 1083 2130 1132 enim
2185 1088 2376 1147 gentes
2427 1099 2549 1133 cum
2608 1088 2787 1132 trama

1696 1153 1785 1205 vel
1820 1152 1912 1204 fila
1950 1153 2095 1202 infra
2133 1155 2343 1215 essent,
2391 1153 2449 1202 in
2497 1152 2788 1217 superiori·
2890 1189 2905 1200 .

1698 1225 1801 1274 bus
1840 1224 2129 1274 tenebatur
2165 1222 2578 1272 vestimentum:
2616 1225 2671 1271 et
2706 1222 2788 1271 sic

1698 1298 1876 1343 trama
1922 1307 2134 1357 semper
2177 1292 2395 1356 pectine
2438 1291 2511 1341 ad
2546 1291 2789 1356 superio-

1697 1379 1809 1413 rem
1845 1367 2055 1427 partem
2098 1361 2400 1411 ducebatur
2448 1367 2503 1410 et
2534 1361 2789 1411 trudeba-

1698 1437 1813 1493 tur3
1845 1437 2012 1496 atque
2050 1430 2104 1480 id
2137 1446 2350 1481 sursum
2379 1445 2571 1481 versus
2605 1435 2791 1481 texere

1698 1502 1787 1552 vel
1823 1502 1879 1551 in
1916 1500 2260 1552 altitudinem
2304 1502 2599 1551 vocabant.
2651 1500 2790 1550 Con·

1696 1571 1866 1621 trario
1904 1570 2064 1621 modo
2089 1569 2365 1634 Aegyptii,
2402 1585 2469 1620 ex
2501 1570 2791 1634 superiori-

1698 1641 1829 1703 bus,
1883 1641 1979 1690 ubi
2015 1645 2171 1688 erant
2207 1638 2326 1700 fila,
2385 1640 2472 1690 vel
2509 1638 2666 1700 licia,
2717 1640 2788 1689 ad

1700 1710 1965 1760 inferiora
2016 1709 2412 1774 procedebant,
2471 1709 2568 1759 ubi
2624 1710 2793 1760 vesti—

1701 1783 1941 1829 mentum
1965 1778 2053 1828 vel
2071 1778 2200 1840 tela,
2227 1792 2368 1842 quae
2387 1778 2692 1840 texebatur,
2712 1778 2793 1828 in-

1702 1850 1902 1900 erat.“·
1949 1847 2229 1899 Salmasius
2264 1847 2335 1897 ad
2367 1848 2592 1913 Vopisci
2623 1849 2792 1898 Aure·

1698 1919 1831 1969 lian.
1868 1934 1994 1984 pag.
2023 1917 2145 1968 564.
2174 1923 2308 1968 tom.
2332 1917 2410 1966 II.
2472 1918 2660 1982 Neque
2694 1917 2792 1967 ali-

1701 1995 1785 2039 ter
1834 1988 1948 2038 fere
1990 1987 2128 2037 haec
2172 1986 2410 2051 explicat
2443 1987 2653 2037 Braun:
2705 1988 2791 2036 De

1702 2058 1890 2109 vestit.
1919 2056 2168 2107 sacerdd.
2191 2056 2363 2106 Hebr.
2394 2056 2440 2118 1,
2477 2056 2558 2107 16.
2586 2060 2638 2118 §-
2665 2054 2788 2108 239.

1703 2143 1757 2191 p.
1797 2127 1929 2186 267,
1980 2125 2249 2207 duplicem
2305 2125 2525 2175 texendi
2571 2125 2791 2176 modum

1705 2196 1848 2260 apud
1895 2195 2150 2259 antiquos
2204 2196 2259 2243 in
2306 2209 2411 2244 usu
2464 2195 2635 2245 fuisse
2680 2211 2792 2245 mo-

1704 2278 1867 2325 ιιοιιε,
1925 2263 2199 2324 alterum,
2241 2278 2348 2328 quo
2394 2264 2657 2314 texebant
2711 2279 2792 2314 se·

1706 2334 1881 2382 dendo
1940 2337 1995 2381 et
2046 2331 2297 2382 deorsum
2352 2325 2584 2397 (κάτω),
2645 2334 2685 2384 i.
2740 2348 2792 2384 e.

1704 2408 1934 2452 tramam
1971 2400 2043 2450 ad
2077 2401 2390 2451 inferiorem
2437 2405 2644 2465 partem
2683 2405 2794 2452 tru-

1705 2471 1881 2521 dendo
1936 2484 2209 2534 unamque
2267 2470 2567 2535 simplicem
2626 2470 2793 2522 telam

1706 2545 1918 2590 tantum
1994 2538 2344 2590 absolventes
2416 2539 2795 2604 (quemadmo-

1708 2611 1833 2660 dum
1862 2609 2164 2673 Aegyptios
2201 2608 2397 2659 fecisse
2434 2608 2486 2659 h.
2523 2609 2559 2659 1.
2594 2610 2794 2660 Noster

1703 2678 1921 2739 tradit),
1944 2678 2190 2740 alterum,
2229 2693 2335 2743 quo
2357 2679 2619 2729 texebant
2641 2684 2793 2730 stan-

1705 2749 1775 2798 do
1803 2753 1858 2798 et
1886 2746 2051 2797 telam
2085 2747 2444 2811 percurrendo
2481 2749 2551 2798 ab
2578 2764 2687 2799 uno
2715 2748 2793 2799 la-

1705 2824 1820 2868 tere
1844 2817 1925 2867 ad
1959 2816 2139 2878 aliud,
2177 2821 2407 2867 tramam
2445 2819 2644 2881 spatha
2678 2833 2793 2869 sur-

1707 2903 1827 2938 sum
1861 2901 2054 2937 versus
2092 2887 2131 2936 i.
2160 2901 2208 2936 e.
2234 2887 2303 2936 ab
2340 2886 2688 2937 inferioribus
2722 2888 2792 2938 ad

1708 2956 1988 3021 superiora
2005 2955 2363 3006 detrudendo.
2398 2956 2553 3006 Haec
2566 2956 2792 3017 Braun.,

1706 3027 1872 3075 verba
1903 3024 2171 3074 Herodoti
2222 3028 2379 3075 recte'
2401 3025 2482 3074 sie
2531 3024 2790 3076 reddens:

1706 3102 1926 3157 „texunt
1962 3102 2123 3144 autem
2158 3096 2250 3143 atii
2263 3130 2278 3156 ‚
2315 3093 2562 3144 subtemen
2596 3110 2793 3145 surm

1701 3166 1963 3227 pellentes,
1987 3170 2046 3212 at
2063 3162 2307 3229 Aegyptii
2324 3163 2615 3214 deor-smn.“
2651 3164 2791 3229 Iugo

1708 3233 1939 3283 textorio
1977 3232 2188 3295 Indico,
2226 3231 2372 3296 quod
2404 3233 2642 3282 omnium
2668 3233 2791 3284 sim·

1705 3302 2060 3367 plicissimum
2126 3303 2200 3351 sit
2218 3339 2231 3365 ,
2301 3302 2603 3366 Aegyptios
2661 3316 2789 3353 usos

1706 3372 1902 3432 fuisse,
1950 3387 2015 3420 ex
2054 3371 2283 3421 aliorum
2316 3372 2790 3423 observationibus

1705 3445 1863 3491 notat
1896 3440 2064 3490 Beck.
2113 3440 2330 3504 allgem.
2369 3439 2704 3506 Weltgesch.
2742 3441 2788 3491 1.

1707 3526 1760 3574 p
1777 3572 1837 3627 οἱ
1866 3571 1969 3641 μὲν
1997 3566 2205 3639 ανδρες
2229 3566 2320 3625 ἐπὶ
2343 3573 2459 3626 τῶν
2496 3568 2791 3656 κεφαλέων

1706 3637 2004 3712 φορέουσι]
2045 3636 2138 3695 ἐπὶ
2162 3642 2278 3694 τῶν
2300 3638 2597 3709 κεφαλέων
2630 3646 2790 3710 plane

1704 3722 1768 3766 ut
1790 3730 1919 3767 nos:
1956 3715 2057 3779 auf
2073 3715 2182 3765 dem
2201 3714 2391 3778 Kopfe.
2430 3715 2587 3765 Cous.
2613 3715 2786 3766 Kueh-

1706 3799 1819 3835 ner.
1843 3785 1934 3835 Gr.
1963 3784 2056 3837 Gr.
2087 3782 2451 3845 §.611,1.-
2484 3785 2791 3835 Haecvero

1708 3854 1885 3903 miuus
1921 3854 2251 3902 conveniunt
2290 3867 2412 3903 cum
2449 3852 2791 3918 anaglyphis,

1705 3924 1765 3972 in
1802 3921 1999 3989 quibus
2033 3920 2179 3971 haud
2213 3937 2336 3971 raro
2383 3922 2794 3986 conspiciuntur

1705 3991 1949 4042 homines
1992 4006 2153 4044 onera
2192 3991 2250 4040 in
2291 3990 2530 4041 humeris
2575 3995 2794 4055 gestan-

1708 4065 1811 4110 tes.
1901 4059 2061 4110 Conf.
2114 4059 2335 4109 Costaz.
2388 4059 2665 4124 Descript.
2726 4059 2792 4109 de

1706 4128 1851 4195 l’Eg.
1890 4129 2101 4194 antiqq.
2137 4127 2186 4177 1.
2215 4127 2375 4178 mem.
2412 4144 2464 4192 p.
2504 4127 2593 4179 69.
2651 4128 2793 4179 Add.

1705 4196 1969 4249 Rosellini
1993 4198 2236 4248 Monum-
2277 4196 2427 4247 civil.
2465 4197 2542 4247 11.
2592 4213 2648 4262 p.
2690 4195 2793 4249 453

1706 4267 1928 4386 {3321ss
1930 4266 2296 4400 Θῖῑίρξέιὲἒῖζ
2298 4280 2392 4385 ’ῑέ
2397 4266 2640 4386 ⁰333?
2670 4281 2797 4386 333·

1910 4372 1924 4398 ι
2613 4371 2627 4385 ·
2778 4370 2792 4400 ι
