3109 5092
1246 357 1500 421 GLIO.
1544 364 1598 422 Ι.
1649 367 1768 423 164.
2522 359 2640 420 321

365 555 540 614 νιος·
594 530 1047 621 ἐτυράννευσε
1084 532 1161 601 δὲ
1208 540 1599 624 Ταρτησσοῦ
1634 532 2024 624 ὀγδώκοντα
2060 543 2241 623 ἔτεα,
2294 542 2534 626 ἐβίωσε
2570 540 2648 609 δὲ

367 637 584 707 πάντα
622 645 834 705 εἴκοσι
870 637 986 704 καὶ
1036 635 1295 706 ἑκατόν.
1381 637 1600 708 τούτω
1637 640 1713 710 δὲ
1765 645 1862 733 τῷ
1907 637 2106 729 ἀνδρὶ
2142 644 2546 731 προσφιλέες
2581 648 2653 712 οί

366 743 707 819 Φωκαιέες
741 735 919 808 οὕτω
955 738 1041 828 δή
1074 768 1138 809 τι
1174 743 1519 828 ἐγένοντο,
1556 738 1646 824 ὡς
1681 742 1763 813 τὰ
1796 744 1922 833 μὲν
1955 742 2187 832 πρῶτά
2224 767 2437 834 σφεας
2464 748 2642 815 ἐκλι-

371 844 616 923 πάντας
659 841 923 930 Ιωνίην
975 845 1287 914 ἐκέλευσε
1344 851 1464 934 τῆς
1521 848 1779 918 ἑωυτοῦ
1834 875 2051 938 χωρης
2116 851 2311 938 οίκῆσ
2312 876 2415 934 αι,
2480 843 2644 919 ὅκου

282 962 351 1017 78
369 947 764 1036 βούλονται·
820 972 985 1034 μετα
1013 946 1121 1033 δὲ,
1167 975 1255 1026 ως
1290 950 1487 1016 τοῦτό
1531 977 1612 1035 γε
1651 948 1778 1019 οὐκ
1813 956 2048 1020 ἔπειθε
2081 948 2238 1030 τοὺς
2273 953 2642 1033 Φωκαιέας,

366 1047 403 1121 ὁ
440 1052 514 1121 δὲ
570 1048 957 1137 πυθόμενος
1006 1047 1127 1119 τὸν
1160 1055 1410 1139 Μῆδον
1451 1049 1602 1142 παρ’
1639 1048 1868 1121 αὐτῶν
1917 1079 2007 1132 ως
2055 1048 2358 1139 αὔξοιτο,
2411 1056 2644 1123 ἐδίδου

366 1163 508 1244 σφι
526 1153 827 1244 χρήματα
865 1167 1077 1240 τεῖχος
1112 1156 1598 1242 περιβαλέσθαι
1633 1153 1760 1243 τὴν
1793 1153 2012 1224 πόλιν.
2061 1155 2293 1225 ἐδίδου
2332 1156 2407 1226 δὲ
2442 1152 2639 1241 ἀφει-

367 1260 564 1338 δέως·
615 1259 730 1326 καὶ
771 1253 900 1344 γὰρ
940 1258 1053 1325 καὶ
1086 1251 1129 1345 ἡ
1176 1264 1488 1346 περίοδος
1520 1263 1644 1329 τοῦ
1674 1266 1923 1347 τείχεος
1960 1254 2087 1328 οὐκ
2130 1254 2346 1346 ὀλίγοι
2382 1257 2648 1328 στάδιοί

369 1368 496 1431 εἰσι
516 1384 529 1396 ·
596 1365 793 1430 τοῦτο
841 1359 916 1428 δὲ
966 1364 1103 1429 πᾶν
1154 1367 1376 1431 λίθων
1409 1361 1724 1451 μεγάλων
1758 1364 1872 1431 καὶ
1919 1353 1998 1432 εὖ
2047 1365 2639 1453 συναρμοσμένων.

377 1463 467 1535 Τὸ
494 1464 620 1553 μὲν
656 1461 743 1553 δὴ
774 1478 988 1550 τεῖχος
1040 1476 1213 1532 τοῖσι
1261 1470 1648 1535 Φωκαιεῦσι
1693 1465 1919 1559 τρόπῳ
1962 1468 2201 1557 τοιῷδε
2255 1464 2636 1554 ἐξεποιήθη.
2661 1465 2779 1526 164

364 1564 401 1638 ὁ
441 1568 516 1638 δὲ
537 1563 909 1657 Ἅρπαγος,
940 1561 1028 1646 ὥς
1068 1566 1359 1656 ἐπήλασε
1393 1566 1517 1658 τὴν
1546 1567 1866 1659 στρατιὴν
1883 1621 1902 1655 ,
1948 1568 2334 1658 ἐπολιόρκεε
2370 1565 2639 1654 αὐτοὺς,

368 1669 844 1761 προϊσχόμενος
901 1675 1098 1756 ἔπεα,
1155 1666 1244 1751 ὥς
1294 1676 1365 1741 οἱ
1413 1677 1743 1766 καταχρᾷ,
1793 1677 1854 1741 εἰ
1899 1671 2261 1759 βούλονται
2303 1675 2643 1750 Φωκαιέες

1555 1834 1667 1886 δον
1691 1855 1766 1877 μ-
1792 1826 1869 1896 ὦς
1901 1826 2167 1901 αὔξοιτο,
2218 1849 2315 1901 pro
2362 1824 2394 1884 ὁ
2431 1831 2644 1900 Μῆδος

1556 1913 1664 1957 etc.
1700 1922 1918 1958 monere
1954 1907 2050 1956 vix
2086 1920 2241 1970 opus.
2302 1904 2410 1956 Sed
2440 1905 2500 1953 in
2520 1905 2644 1969 ipsa

364 1834 621 1898 Accedit,
678 1833 824 1900 quod
872 1834 1165 1899 orientales
1206 1834 1452 1885 homines

365 1905 470 1956 hoc
515 1920 737 1955 numero
785 1905 1003 1955 omnino
1054 1907 1253 1955 multum
1311 1905 1453 1970 quid·

367 1975 482 2024 dam
516 1974 781 2026 indicant.
849 1973 1067 2025 Monuit
1094 1973 1329 2025 Bredmr.
1366 1976 1450 2024 in.

364 2045 705 2105 Untersu'ch.
760 2045 895 2094 iiber
950 2044 1335 2110 Gcgenstiinde
1397 2043 1449 2094 d.

367 2113 564 2165 Gesch.
596 2130 653 2165 ιι.
692 2113 888 2179 Geogr.
925 2114 969 2167 1.
1009 2129 1136 2179 pag.
1170 2114 1268 2165 108
1298 2129 1449 2178 seqq.

373 2184 490 2235 111.
534 2184 630 2235 113
666 2199 782 2248 seq.
841 2184 927 2233 Gr.
957 2183 1137 2233 addit:
1172 2184 1450 2234 Muenter.

365 2254 479 2304 Der
499 2252 672 2321 δῖοι-,ιι
697 2253 792 2303 der
819 2253 1059 2322 Weisen‚
1093 2269 1148 2318 p.
1176 2255 1264 2304 27.
1299 2253 1453 2303 Haec

367 2324 536 2388 igitur
571 2323 620 2373 si
655 2324 976 2388 respexeris,
1013 2323 1238 2374 vixdum
1270 2322 1454 2374 haere-

366 2393 452 2443 bis
496 2393 555 2443 in
600 2397 684 2443 tot

366 2462 742 2529 Arganthonio
796 2463 913 2527 regi
965 2462 1299 2514 tribuuntur.
1369 2462 1455 2512 De

366 2532 743 2598 Arganthonio
793 2531 940 2583 conf.
1008 2547 1222 2598 quoque
1278 2533 1455 2582 Baur·

366 2602 701 2667 Naturrelig.
741 2600 793 2652 d.
815 2601 1169 2653 Alterthums.
1209 2603 1255 2652 Ι
1285 2617 1340 2666 p.
1365 2600 1451 2652 29.

435 2663 629 2738 ἐβίωσε
668 2665 733 2721 δὲ
774 2663 1025 2736 πάντα]
1066 2664 1271 2736 πάντα,
1311 2670 1456 2737 quod

366 2741 552 2807 Viget.
586 2757 643 2807 p.
681 2739 783 2792 135
818 2741 1208 2806 interpretatur
1243 2743 1453 2801 owzino,

365 2812 680 2862 Hermanno
723 2809 804 2890 (p.
855 2810 956 2862 729
990 2810 1151 2874 ibid.)
1202 2810 1456 2876 displicet

368 2881 629 2931 scribenti
668 2872 747 2928 τὰ
782 2871 1032 2930 πάντα.
1098 2881 1203 2931 Cui
1234 2880 1456 2931 oblocu-

370 2954 458 3001 tus
494 2956 579 3002 est
617 2949 891 3001 Schaefer.
926 2950 997 3000 ad
1032 2951 1264 3016 Diony&
1300 2948 1456 3001 Hali-

370 3036 518 3070 carn.
557 3021 624 3071 de
648 3020 933 3084 composit.
959 3021 1146 3071 verbb.
1172 3035 1300 3086 pag.
1330 3018 1451 3081 335,

371 3105 491 3140 cum
510 3083 697 3139 πάντα
720 3091 885 3139 etiam
907 3090 1024 3140 sine
1042 3088 1275 3140 articulo
1303 3104 1457 3155 prae-

370 3160 549 3224 posito
592 3160 697 3209 hoc
743 3160 1046 3224 reperiatur
1095 3174 1278 3211 sensu.
1350 3161 1455 3209 Est

370 3229 537 3279 enim:
585 3231 637 3280 ιἰι
685 3230 865 3279 Allem.
943 3229 1071 3280 Vid.
1111 3229 1312 3280 Matth.
1359 3229 1450 3279 Gr.

370 3299 463 3351 Gr.
485 3302 536 3362 ξ.
556 3298 681 3351 266.
699 3305 813 3349 not.
841 3302 896 3348 et
911 3299 1186 3350 Kuehner.
1216 3299 1454 3350 Gramm.

372 3369 563 3420 Graec.
604 3371 657 3432 §-
693 3367 816 3418 489.
854 3374 969 3418 not.
1007 3369 1091 3432 1.,
1132 3368 1325 3434 quibus
1364 3383 1458 3418 au·

369 3438 610 3489 ctoribus
630 3437 881 3500 articu10‚
904 3453 1064 3503 quem
1086 3438 1274 3489 invitis
1294 3436 1452 3489 codd.

368 3507 713 3558 inseruerunt
735 3512 966 3557 recentt.
1003 3506 1153 3572 edd„
1190 3507 1278 3557 hic
1305 3503 1455 3556 nullo

368 3577 528 3628 modo
587 3580 675 3628 est
725 3592 882 3642 opus.
960 3576 1241 3642 Explicuit
1298 3589 1455 3625 usum

368 3646 615 3698 Nitzsch.
654 3646 725 3697 ad
751 3646 977 3696 Homeri
1000 3645 1201 3710 Odyss.
1224 3645 1306 3704 V,
1331 3646 1451 3695 244.

368 3717 490 3767 Alio
530 3731 695 3766 sensu
730 3707 920 3765 πάντα
967 3716 1023 3778 1,
1062 3716 1157 3776 50,
1208 3714 1304 3765 ubi
1340 3712 1454 3765 vid.

367 3791 507 3837 nott.
556 3790 612 3836 et
643 3785 755 3848 IX,
792 3784 886 3847 81,
923 3753 1023 3835 ubi'
1054 3785 1168 3836 vid.
1206 3788 1347 3838 nott·
1384 3812 1455 3823 —-

367 3855 497 3906 Mox
533 3870 658 3906 cum
682 3853 959 3906 Gaissord.
983 3854 1235 3940 rescripsi
1268 3843 1452 3919 τούτῳ

370 3919 441 3974 δὲ
448 3940 572 4005 pro
609 3922 760 3991 vulg.
795 3915 981 3991 τούτῳ
1019 3916 1103 3988 δή

440 3984 470 4042 ὁ
530 3987 619 4074 δὲ,
660 3973 996 4074 πυθόμενος
1066 3940 1175 4042 τὸν
1236 3987 1453 4055 Μῆδον

368 4054 508 4130 παρ’
546 4054 738 4113 αὐτων
769 4053 846 4121 ὦς
880 4053 1150 4143 αὔξοιτο]
1178 4062 1456 4112 Notamus

368 4134 424 4183 in
482 4133 569 4184 his
627 4132 951 4198 particulam
1018 4125 1092 4181 δὲ
1149 4131 1456 4212 repetitam,

368 4219 491 4253 cum
512 4203 680 4267 istud,
721 4202 868 4269 quod
890 4205 1287 4268 praecesserat,
1323 4194 1461 4265 μετὰ

370 4266 443 4322 δὲ
490 4273 682 4338 utique
715 4271 974 4324 sufficiat.
1049 4270 1261 4323 Similia
1298 4284 1461 4336 quae-

371 4342 495 4393 dam
543 4342 689 4402 conf.
739 4358 904 4408 supra
943 4343 997 4405 Ι,
1042 4341 1159 4393 143.
1209 4340 1457 4419 11,180.

368 4413 455 4463 De
490 4416 770 4464 structura
802 4413 992 4463 verbb.
1022 4426 1175 4477 seqq.
1200 4401 1302 4459 τὸν
1328 4405 1461 4473 Μῆ-

456 4516 793 4560 HEBODOT·
840 4517 884 4557 1.

736 2407 1002 2443 annorum
1049 2408 1273 2443 numero
1289 2429 1303 2456 ,
1360 2392 1454 2458 qui

1556 1992 1693 2027 voce
1748 1969 1851 2025 τὸν
1907 1972 2126 2040 Μῆδον
2185 1973 2480 2025 haeserunt
2538 1974 2645 2024 viri

1558 2046 1736 2109 docti,
1782 2047 1865 2095 ita
1907 2049 1996 2109 ut,
2041 2061 2165 2096 cum
2198 2045 2492 2123 Harpagus
2528 2044 2644 2093 Me-

1556 2117 1659 2167 dus
1709 2115 1945 2181 intelligi
1987 2118 2248 2180 nequeat,
2302 2104 2405 2163 τὸν
2451 2104 2646 2163 Λυδὸν

1556 2185 1619 2250 (i.
1667 2201 1716 2238 e.
1760 2184 2016 2251 Croesum)
2066 2184 2154 2234 hic
2201 2183 2462 2234 substitui
2514 2182 2645 2233 mal-

1554 2254 1690 2307 lent.
1775 2256 1861 2307 Tu
1903 2256 2085 2322 Cyrum
2131 2252 2375 2319 intellige
2420 2253 2642 2316 Medum,

1556 2326 1615 2375 id
1652 2329 1736 2376 est
1759 2326 2027 2375 Medorum
2060 2339 2252 2389 reqem,
2292 2338 2413 2373 cum
2443 2324 2644 2373 Persas

1556 2393 1841 2446 Medorum
1863 2395 2078 2445 nomine
2104 2392 2251 2457 apud
2274 2393 2513 2443 Graecos
2540 2393 2645 2442 fre-

1556 2465 1914 2531 quentissime
1979 2462 2279 2529 significari
2339 2477 2498 2512 nemo
2555 2477 2646 2511 ne-

1556 2535 1726 2597 sciat,
1781 2535 1872 2586 vel
1904 2534 2036 2599 Cyri
2070 2534 2290 2593 ducem,
2329 2532 2643 2595 Har-pagum,

1558 2605 1783 2654 natione
1829 2603 2049 2654 Medum
2098 2599 2174 2666 (Ι,
2227 2597 2370 2662 108).
2454 2600 2645 2664 Neque

1559 2673 1722 2725 aliter
1755 2673 1953 2723 statuit
1989 2677 2044 2722 et
2077 2670 2275 2735 Negris
2314 2669 2384 2718 ad
2421 2668 2477 2719 h.
2513 2668 2551 2718 l.
2590 2673 2647 2718 et

1559 2744 1730 2795 Grote
1745 2743 1978 2806 History
2007 2743 2067 2791 of
2090 2741 2293 2791 Greece
2314 2737 2409 2788 IV.
2440 2753 2493 2802 p.
2522 2739 2643 2800 272,

1559 2813 1652 2878 qui
1707 2811 2060 2863 difficultates
2119 2806 2531 2873 chronologicas
2588 2808 2646 2857 in

1558 2882 1662 2933 hac
1725 2886 1846 2932 tota
1908 2879 2223 2931 narratione
2292 2877 2484 2928 obvias
2551 2877 2647 2926 vix

1559 2951 1840 3003 commode
1888 2950 2029 3001 solvi
2075 2964 2238 3016 posse
2284 2952 2463 3012 putat.
2536 2945 2646 2998 Sed

1555 3027 1859 3088 temporum
1901 3021 2169 3071 rationem
2215 3019 2515 3069 consistere
2558 3032 2646 3067 ar-

1554 3093 1793 3143 bitratur
1826 3089 2097 3142 Dederich
2133 3087 2347 3154 (Rhein.
2373 3089 2518 3139 Mus.
2546 3087 2644 3137 IV.

1556 3178 1612 3227 p.
1651 3161 1804 3227 101),
1848 3159 2008 3212 modo
2043 3161 2102 3210 in
2135 3157 2317 3209 verbis
2391 3172 2532 3224 quae
2567 3157 2648 3205 in-

1556 3232 1643 3282 fra
1686 3231 1954 3282 ca.165
2002 3230 2287 3306 leguntur,
2337 3216 2647 3290 Αργανθω-

1559 3315 1684 3358 νιος
1722 3299 1757 3350 δ
1819 3294 2211 3361 τηνικαῦτα
2251 3290 2368 3359 ἤδη
2404 3294 2645 3344 τετελευ-

1554 3361 1781 3487 ἶήκεεᾶᾱ
1797 3382 1905 3485 νίῗιι
1926 3362 2261 3495 ᾶτηᾷικαῦτα
2299 3380 2410 3415 ιιοιι
2445 3363 2647 3482 ιῖἷειῦι-

1585 3454 1648 3489 ιιι·
1888 3451 1923 3485 ιι
2066 3450 2116 3483 ιιι
2155 3449 2220 3483 us
2346 3449 2416 3482 uo
2537 3447 2571 3482 a
2613 3445 2647 3480 a

1558 3507 1725 3558 fuerit
1760 3505 2009 3568 condita,
2059 3449 2156 3553 seli
2204 3501 2274 3552 ad
2310 3448 2376 3552 (id
2412 3505 2646 3566 tempus,

1558 3592 1666 3642 quo
1690 3574 2069 3626 Phocaeenses
2097 3571 2276 3636 patria
2301 3570 2492 3622 relicta
2517 3570 2648 3635 Gyr-

1556 3661 1686 3696 num
1760 3643 1958 3695 refecti
1993 3642 2123 3693 sint.

1627 3705 1720 3763 ἐδί
1754 3727 1824 3762 ου
1865 3727 1966 3790 σφι
1993 3700 2252 3787 χρήματα
2275 3710 2462 3774 τεῖχος
2489 3721 2646 3769 περι-

1555 3778 1832 3850 βαλέσθαι
1874 3773 1980 3846 τὴν
2026 3776 2216 3845 πολιν]
2271 3777 2431 3828 Conf.
2468 3775 2652 3828 Kueh-

1553 3869 1669 3904 ner.
1709 3853 1803 3903 Gr.
1841 3852 1935 3903 Gr.
1972 3849 2024 3912 §-
2064 3847 2167 3900 536
2201 3847 2268 3898 de
2304 3846 2458 3898 verbi
2491 3860 2648 3911 περι-

1555 3915 1864 4003 βάλλεσθαι
1907 3924 2202 3970 structura.
2249 3948 2321 3958 —
2373 3917 2460 3968 De
2509 3921 2649 3967 stru-

1561 3998 1742 4044 ctura:
1797 3982 1834 4055 ἡ
1871 3986 2146 4054 περίοδος
2174 4020 2244 4028 -
2281 3978 2509 4038 στάδιοί
2538 3982 2647 4036 εἰσι

1561 4062 1707 4114 conf.
1746 4059 1815 4112 ad
1852 4061 1900 4125 1,
1936 4059 2026 4113 93.

1896 4235 2032 4285 Cn.
2069 4231 2322 4283 CLXIV.

1633 4328 2048 4416 προϊσχόμενος
2081 4330 2245 4398 ἔπεα,
2279 4347 2358 4390 ως
2391 4320 2449 4379 οἱ
2481 4342 2648 4377 κατα

1562 4404 1704 4475 χρᾷ,
1748 4402 1801 4456 εἰ
1846 4398 2149 4474 βούλονται
2182 4371 2462 4457 Φωκαιέες
2512 4412 2563 4446 κ.
2600 4411 2649 4445 τ.

2164 4485 2237 4545 21
