<?xml version="1.0" encoding="UTF-8"?>
<!DOCTYPE html PUBLIC "-//W3C//DTD XHTML 1.0 Transitional//EN"
    "http://www.w3.org/TR/xhtml1/DTD/xhtml1-transitional.dtd">
<html xmlns="http://www.w3.org/1999/xhtml" xml:lang="en" lang="en">
 <head>
  <title>
</title>
<meta http-equiv="Content-Type" content="text/html;charset=utf-8" />
  <meta name='ocr-system' content='tesseract 3.04.00' />
  <meta name='ocr-capabilities' content='ocr_page ocr_carea ocr_par ocr_line ocrx_word'/>
</head>
<body>
  <div class='ocr_page' id='page_1' title='image "./herodotihalicar02unkngoog_0395.png"; bbox 0 0 3109 5092; ppageno 0'>
   <div class='ocr_carea' id='block_1_1' title="bbox 1310 312 1832 379">
    <p class='ocr_par' dir='ltr' id='par_1_1' title="bbox 1310 312 1832 379">
     <span class='ocr_line' id='line_1_1' title="bbox 1310 312 1832 379; baseline 0.002 -5"><span class='ocrx_word' id='word_1_1' title='bbox 1310 312 1565 375; x_wconf 85' lang='lat' dir='ltr'><strong>CLIO.</strong></span> <span class='ocrx_word' id='word_1_2' title='bbox 1610 315 1663 374; x_wconf 94' lang='lat' dir='ltr'><strong>I.</strong></span> <span class='ocrx_word' id='word_1_3' title='bbox 1710 323 1832 379; x_wconf 83' lang='lat'><strong>188.</strong></span> 
     </span>
    </p>
   </div>
   <div class='ocr_carea' id='block_1_2' title="bbox 2584 316 2709 379">
    <p class='ocr_par' dir='ltr' id='par_1_2' title="bbox 2584 316 2709 379">
     <span class='ocr_line' id='line_1_2' title="bbox 2584 316 2709 379; baseline 0.008 -1"><span class='ocrx_word' id='word_1_4' title='bbox 2584 316 2709 379; x_wconf 88' lang='grc'><strong>375</strong></span> 
     </span>
    </p>
   </div>
   <div class='ocr_carea' id='block_1_3' title="bbox 429 484 2707 785">
    <p class='ocr_par' dir='ltr' id='par_1_3' title="bbox 429 484 2707 785">
     <span class='ocr_line' id='line_1_3' title="bbox 429 484 2707 582; baseline 0.003 -27"><span class='ocrx_word' id='word_1_5' title='bbox 429 484 659 555; x_wconf 84' lang='grc' dir='ltr'><strong><em>τεύετο</em></strong></span> <span class='ocrx_word' id='word_1_6' title='bbox 678 537 698 570; x_wconf 90' lang='grc'><em>,</em></span> <span class='ocrx_word' id='word_1_7' title='bbox 740 484 978 573; x_wconf 71' lang='grc' dir='ltr'><strong><em>ἔχοντα</em></strong></span> <span class='ocrx_word' id='word_1_8' title='bbox 1013 512 1087 555; x_wconf 80' lang='grc' dir='ltr'><strong>τε</strong></span> <span class='ocrx_word' id='word_1_9' title='bbox 1113 490 1235 555; x_wconf 86' lang='grc' dir='ltr'><strong>τοῦ</strong></span> <span class='ocrx_word' id='word_1_10' title='bbox 1261 485 1508 578; x_wconf 78' lang='grc' dir='ltr'><strong><em>πατρὸς</em></strong></span> <span class='ocrx_word' id='word_1_11' title='bbox 1534 494 1660 559; x_wconf 80' lang='grc' dir='ltr'><strong>τοῦ</strong></span> <span class='ocrx_word' id='word_1_12' title='bbox 1699 490 1955 560; x_wconf 81' lang='grc' dir='ltr'><em>ἑωυτοῦ</em></span> <span class='ocrx_word' id='word_1_13' title='bbox 1982 485 2277 578; x_wconf 80' lang='grc' dir='ltr'><strong><em>τοῦνομα</em></strong></span> <span class='ocrx_word' id='word_1_14' title='bbox 2301 490 2707 582; x_wconf 84' lang='grc' dir='ltr'><strong><em>Λαβυνήτου</em></strong></span> 
     </span>
     <span class='ocr_line' id='line_1_4' title="bbox 429 586 2704 684; baseline 0.003 -26"><span class='ocrx_word' id='word_1_15' title='bbox 429 592 540 659; x_wconf 79' lang='grc' dir='ltr'><strong><em>καὶ</em></strong></span> <span class='ocrx_word' id='word_1_16' title='bbox 571 586 698 678; x_wconf 80' lang='grc' dir='ltr'><strong><em>τὴν</em></strong></span> <span class='ocrx_word' id='word_1_17' title='bbox 731 586 1106 677; x_wconf 74' lang='grc' dir='ltr'><strong><em>Ἀσσυρίων</em></strong></span> <span class='ocrx_word' id='word_1_18' title='bbox 1144 586 1376 679; x_wconf 76' lang='grc' dir='ltr'><strong><em>ἀρχήν.</em></strong></span> <span class='ocrx_word' id='word_1_19' title='bbox 1444 592 1899 681; x_wconf 77' lang='grc' dir='ltr'><strong><em>Στρατεύεται</em></strong></span> <span class='ocrx_word' id='word_1_20' title='bbox 1943 591 2019 661; x_wconf 75' lang='grc' dir='ltr'><strong>δὲ</strong></span> <span class='ocrx_word' id='word_1_21' title='bbox 2049 590 2133 682; x_wconf 80' lang='grc' dir='ltr'><strong>δὴ</strong></span> <span class='ocrx_word' id='word_1_22' title='bbox 2162 592 2479 681; x_wconf 77' lang='grc' dir='ltr'><strong><em>βασιλεὺς</em></strong></span> <span class='ocrx_word' id='word_1_23' title='bbox 2513 591 2549 664; x_wconf 83' lang='grc' dir='ltr'>ὁ</span> <span class='ocrx_word' id='word_1_24' title='bbox 2583 595 2704 684; x_wconf 85' lang='grc' dir='ltr'><strong>μὲ-</strong></span> 
     </span>
     <span class='ocr_line' id='line_1_5' title="bbox 429 684 2705 785; baseline 0.002 -23"><span class='ocrx_word' id='word_1_25' title='bbox 429 722 549 781; x_wconf 74' lang='grc' dir='ltr'><strong><em>γας</em></strong></span> <span class='ocrx_word' id='word_1_26' title='bbox 576 694 688 763; x_wconf 79' lang='grc' dir='ltr'><strong><em>καὶ</em></strong></span> <span class='ocrx_word' id='word_1_27' title='bbox 716 699 986 762; x_wconf 82' lang='grc' dir='ltr'><strong><em>σιτίοισι</em></strong></span> <span class='ocrx_word' id='word_1_28' title='bbox 1016 684 1094 763; x_wconf 82' lang='grc' dir='ltr'><strong>εὖ</strong></span> <span class='ocrx_word' id='word_1_29' title='bbox 1123 689 1611 785; x_wconf 74' lang='grc' dir='ltr'><strong><em>ἐσκευασμένος</em></strong></span> <span class='ocrx_word' id='word_1_30' title='bbox 1652 694 1719 779; x_wconf 79' lang='grc' dir='ltr'><strong>ἐξ</strong></span> <span class='ocrx_word' id='word_1_31' title='bbox 1746 706 1939 766; x_wconf 77' lang='grc' dir='ltr'><strong><em>οἴκου</em></strong></span> <span class='ocrx_word' id='word_1_32' title='bbox 1967 698 2079 765; x_wconf 81' lang='grc' dir='ltr'><strong><em>καὶ</em></strong></span> <span class='ocrx_word' id='word_1_33' title='bbox 2106 696 2500 784; x_wconf 76' lang='grc' dir='ltr'><strong><em>προβάτοισι</em></strong></span> <span class='ocrx_word' id='word_1_34' title='bbox 2520 720 2534 733; x_wconf 91' lang='grc'><em>·</em></span> <span class='ocrx_word' id='word_1_35' title='bbox 2591 701 2705 767; x_wconf 81' lang='grc' dir='ltr'><strong><em>καὶ</em></strong></span> 
     </span>
    </p>
   </div>
   <div class='ocr_carea' id='block_1_4' title="bbox 688 928 1260 979">
    <p class='ocr_par' dir='ltr' id='par_1_4' title="bbox 688 928 1260 979">
     <span class='ocr_line' id='line_1_6' title="bbox 688 928 1260 979; baseline 0 -1"><span class='ocrx_word' id='word_1_36' title='bbox 688 928 820 978; x_wconf 65' lang='lat' dir='ltr'><strong>Cu.</strong></span> <span class='ocrx_word' id='word_1_37' title='bbox 858 928 1260 979; x_wconf 86' lang='lat' dir='ltr'><strong>CLXXXVIII.</strong></span> 
     </span>
    </p>
   </div>
   <div class='ocr_carea' id='block_1_5' title="bbox 409 1022 1519 4432">
    <p class='ocr_par' dir='ltr' id='par_1_5' title="bbox 409 1022 1519 4432">
     <span class='ocr_line' id='line_1_7' title="bbox 496 1022 1517 1098; baseline -0.001 -14"><span class='ocrx_word' id='word_1_38' title='bbox 496 1022 753 1096; x_wconf 77' lang='grc' dir='ltr'><strong><em>τοῦνομα</em></strong></span> <span class='ocrx_word' id='word_1_39' title='bbox 789 1023 1153 1097; x_wconf 83' lang='grc' dir='ltr'><strong><em>Λαβυνήτου]</em></strong></span> <span class='ocrx_word' id='word_1_40' title='bbox 1190 1032 1370 1098; x_wconf 80' lang='lat' dir='ltr'><strong>Magis</strong></span> <span class='ocrx_word' id='word_1_41' title='bbox 1408 1033 1517 1083; x_wconf 90' lang='lat' dir='ltr'><strong>usi·</strong></span> 
     </span>
     <span class='ocr_line' id='line_1_8' title="bbox 428 1097 1515 1170; baseline -0.003 -16"><span class='ocrx_word' id='word_1_42' title='bbox 428 1108 604 1154; x_wconf 84' lang='lat' dir='ltr'><strong>tatum</strong></span> <span class='ocrx_word' id='word_1_43' title='bbox 639 1101 855 1167; x_wconf 89' lang='lat' dir='ltr'><strong>quidem</strong></span> <span class='ocrx_word' id='word_1_44' title='bbox 892 1116 1012 1152; x_wconf 89' lang='lat' dir='ltr'><strong>esse</strong></span> <span class='ocrx_word' id='word_1_45' title='bbox 1048 1097 1306 1165; x_wconf 75' lang='grc' dir='ltr'><strong><em>τοῦνομα</em></strong></span> <span class='ocrx_word' id='word_1_46' title='bbox 1329 1100 1515 1170; x_wconf 87' lang='grc' dir='ltr'><strong><em>Λαβυ-</em></strong></span> 
     </span>
     <span class='ocr_line' id='line_1_9' title="bbox 429 1165 1516 1237; baseline -0.001 -14"><span class='ocrx_word' id='word_1_47' title='bbox 429 1165 656 1237; x_wconf 76' lang='grc' dir='ltr'><strong><em>νήτον,</em></strong></span> <span class='ocrx_word' id='word_1_48' title='bbox 700 1170 797 1221; x_wconf 88' lang='lat' dir='ltr'><strong>sed</strong></span> <span class='ocrx_word' id='word_1_49' title='bbox 831 1170 1085 1221; x_wconf 87' lang='lat' dir='ltr'><strong>retulisse</strong></span> <span class='ocrx_word' id='word_1_50' title='bbox 1134 1172 1309 1221; x_wconf 80' lang='lat' dir='ltr'><strong>videri</strong></span> <span class='ocrx_word' id='word_1_51' title='bbox 1343 1172 1516 1223; x_wconf 90' lang='lat' dir='ltr'><strong>Hero-</strong></span> 
     </span>
     <span class='ocr_line' id='line_1_10' title="bbox 429 1233 1514 1306; baseline -0.003 -12"><span class='ocrx_word' id='word_1_52' title='bbox 429 1244 615 1294; x_wconf 84' lang='lat' dir='ltr'><strong>dotum</strong></span> <span class='ocrx_word' id='word_1_53' title='bbox 668 1239 971 1306; x_wconf 77' lang='lat' dir='ltr'><strong>genitivum</strong></span> <span class='ocrx_word' id='word_1_54' title='bbox 1021 1240 1090 1291; x_wconf 85' lang='lat' dir='ltr'><strong>ad</strong></span> <span class='ocrx_word' id='word_1_55' title='bbox 1138 1238 1243 1290; x_wconf 83' lang='grc' dir='ltr'><strong>τοῦ</strong></span> <span class='ocrx_word' id='word_1_56' title='bbox 1299 1233 1514 1304; x_wconf 74' lang='grc' dir='ltr'><strong><em>πατρὸς</em></strong></span> 
     </span>
     <span class='ocr_line' id='line_1_11' title="bbox 427 1303 1512 1362; baseline 0 0"><span class='ocrx_word' id='word_1_57' title='bbox 427 1310 531 1362; x_wconf 83' lang='grc' dir='ltr'><strong>τοῦ</strong></span> <span class='ocrx_word' id='word_1_58' title='bbox 576 1303 791 1360; x_wconf 78' lang='grc' dir='ltr'><strong><em>ἑωυτοῦ</em></strong></span> <span class='ocrx_word' id='word_1_59' title='bbox 834 1314 1017 1359; x_wconf 90' lang='lat' dir='ltr'><strong>monet</strong></span> <span class='ocrx_word' id='word_1_60' title='bbox 1058 1310 1346 1362; x_wconf 81' lang='lat' dir='ltr'><strong>Matthiae.</strong></span> <span class='ocrx_word' id='word_1_61' title='bbox 1426 1312 1512 1362; x_wconf 88' lang='lat' dir='ltr'><strong>De</strong></span> 
     </span>
     <span class='ocr_line' id='line_1_12' title="bbox 427 1378 1513 1446; baseline -0.001 -14"><span class='ocrx_word' id='word_1_62' title='bbox 427 1386 749 1446; x_wconf 83' lang='lat' dir='ltr'><strong>arg-umento</strong></span> <span class='ocrx_word' id='word_1_63' title='bbox 786 1378 893 1429; x_wconf 91' lang='lat' dir='ltr'><strong>loci</strong></span> <span class='ocrx_word' id='word_1_64' title='bbox 933 1380 1331 1444; x_wconf 76' lang='lat' dir='ltr'><strong>disputavimus</strong></span> <span class='ocrx_word' id='word_1_65' title='bbox 1369 1380 1437 1430; x_wconf 88' lang='lat' dir='ltr'><strong>ad</strong></span> <span class='ocrx_word' id='word_1_66' title='bbox 1466 1382 1513 1444; x_wconf 92' lang='lat'><strong>1,</strong></span> 
     </span>
     <span class='ocr_line' id='line_1_13' title="bbox 432 1448 1512 1512; baseline -0.002 -10"><span class='ocrx_word' id='word_1_67' title='bbox 432 1453 531 1502; x_wconf 75' lang='lat'><strong>185</strong></span> <span class='ocrx_word' id='word_1_68' title='bbox 566 1451 688 1500; x_wconf 87' lang='lat' dir='ltr'><strong>init.</strong></span> <span class='ocrx_word' id='word_1_69' title='bbox 761 1450 880 1498; x_wconf 89' lang='lat' dir='ltr'><strong>Hoc</strong></span> <span class='ocrx_word' id='word_1_70' title='bbox 916 1448 1037 1499; x_wconf 91' lang='lat' dir='ltr'><strong>loco</strong></span> <span class='ocrx_word' id='word_1_71' title='bbox 1074 1449 1208 1500; x_wconf 86' lang='lat' dir='ltr'><strong>illud</strong></span> <span class='ocrx_word' id='word_1_72' title='bbox 1244 1450 1512 1512; x_wconf 82' lang='lat' dir='ltr'><strong>addimus,</strong></span> 
     </span>
     <span class='ocr_line' id='line_1_14' title="bbox 617 1519 1519 1583; baseline 0.001 -14"><span class='ocrx_word' id='word_1_73' title='bbox 617 1524 686 1571; x_wconf 79' lang='lat' dir='ltr'><strong>eti</strong></span> <span class='ocrx_word' id='word_1_74' title='bbox 724 1533 949 1580; x_wconf 81' lang='lat' dir='ltr'><strong>nomen,</strong></span> <span class='ocrx_word' id='word_1_75' title='bbox 998 1519 1145 1583; x_wconf 85' lang='lat' dir='ltr'><strong>quod</strong></span> <span class='ocrx_word' id='word_1_76' title='bbox 1178 1535 1212 1570; x_wconf 91' lang='lat' dir='ltr'><strong>a</strong></span> <span class='ocrx_word' id='word_1_77' title='bbox 1253 1520 1519 1570; x_wconf 77' lang='lat' dir='ltr'><strong>Nabonedi</strong></span> 
     </span>
     <span class='ocr_line' id='line_1_15' title="bbox 427 1587 1517 1654; baseline -0.002 -13"><span class='ocrx_word' id='word_1_78' title='bbox 427 1591 644 1641; x_wconf 89' lang='lat' dir='ltr'><strong>nomine</strong></span> <span class='ocrx_word' id='word_1_79' title='bbox 680 1588 825 1638; x_wconf 87' lang='lat' dir='ltr'><strong>haud</strong></span> <span class='ocrx_word' id='word_1_80' title='bbox 862 1587 1136 1638; x_wconf 79' lang='lat' dir='ltr'><strong>diversum</strong></span> <span class='ocrx_word' id='word_1_81' title='bbox 1167 1590 1388 1654; x_wconf 89' lang='lat' dir='ltr'><strong>quidam</strong></span> <span class='ocrx_word' id='word_1_82' title='bbox 1422 1605 1517 1639; x_wconf 82' lang='lat' dir='ltr'><strong>vo·</strong></span> 
     </span>
     <span class='ocr_line' id='line_1_16' title="bbox 424 1656 1514 1722; baseline -0.002 -11"><span class='ocrx_word' id='word_1_83' title='bbox 424 1661 564 1722; x_wconf 84' lang='lat' dir='ltr'><strong>lunt,</strong></span> <span class='ocrx_word' id='word_1_84' title='bbox 595 1657 771 1708; x_wconf 79' lang='lat' dir='ltr'><strong>videri</strong></span> <span class='ocrx_word' id='word_1_85' title='bbox 796 1656 1014 1707; x_wconf 84' lang='lat' dir='ltr'><strong>titulum</strong></span> <span class='ocrx_word' id='word_1_86' title='bbox 1044 1657 1227 1722; x_wconf 88' lang='lat' dir='ltr'><strong>potius</strong></span> <span class='ocrx_word' id='word_1_87' title='bbox 1252 1659 1514 1721; x_wconf 85' lang='lat' dir='ltr'><strong>indicare,</strong></span> 
     </span>
     <span class='ocr_line' id='line_1_17' title="bbox 427 1728 1515 1796; baseline -0.002 -16"><span class='ocrx_word' id='word_1_88' title='bbox 427 1745 591 1796; x_wconf 85' lang='lat' dir='ltr'><strong>quam</strong></span> <span class='ocrx_word' id='word_1_89' title='bbox 634 1729 813 1792; x_wconf 87' lang='lat' dir='ltr'><strong>ipsum</strong></span> <span class='ocrx_word' id='word_1_90' title='bbox 859 1728 1005 1791; x_wconf 82' lang='lat' dir='ltr'><strong>regis</strong></span> <span class='ocrx_word' id='word_1_91' title='bbox 1052 1743 1275 1788; x_wconf 73' lang='lat' dir='ltr'><strong>nomem</strong></span> <span class='ocrx_word' id='word_1_92' title='bbox 1338 1729 1515 1779; x_wconf 77' lang='lat' dir='ltr'><strong>cuius-</strong></span> 
     </span>
     <span class='ocr_line' id='line_1_18' title="bbox 424 1796 1518 1863; baseline -0.002 -13"><span class='ocrx_word' id='word_1_93' title='bbox 424 1799 572 1850; x_wconf 90' lang='lat' dir='ltr'><strong>modi</strong></span> <span class='ocrx_word' id='word_1_94' title='bbox 608 1796 757 1848; x_wconf 88' lang='lat' dir='ltr'><strong>tituli</strong></span> <span class='ocrx_word' id='word_1_95' title='bbox 789 1797 937 1860; x_wconf 84' lang='lat' dir='ltr'><strong>apud</strong></span> <span class='ocrx_word' id='word_1_96' title='bbox 957 1796 1095 1846; x_wconf 88' lang='lat' dir='ltr'><strong>alias</strong></span> <span class='ocrx_word' id='word_1_97' title='bbox 1129 1798 1354 1848; x_wconf 89' lang='lat' dir='ltr'><strong>orientis</strong></span> <span class='ocrx_word' id='word_1_98' title='bbox 1389 1813 1518 1863; x_wconf 85' lang='lat' dir='ltr'><strong>gen-</strong></span> 
     </span>
     <span class='ocr_line' id='line_1_19' title="bbox 425 1866 1511 1932; baseline -0.003 -13"><span class='ocrx_word' id='word_1_99' title='bbox 425 1874 509 1920; x_wconf 87' lang='lat' dir='ltr'><strong>tes</strong></span> <span class='ocrx_word' id='word_1_100' title='bbox 554 1867 916 1932; x_wconf 89' lang='lat' dir='ltr'><strong>reperiuntur.</strong></span> <span class='ocrx_word' id='word_1_101' title='bbox 988 1866 1113 1917; x_wconf 82' lang='lat' dir='ltr'><strong>Sed.</strong></span> <span class='ocrx_word' id='word_1_102' title='bbox 1161 1867 1276 1919; x_wconf 76' lang='lat' dir='ltr'><strong>vid.</strong></span> <span class='ocrx_word' id='word_1_103' title='bbox 1324 1868 1371 1930; x_wconf 87' lang='lat'><strong>1,</strong></span> <span class='ocrx_word' id='word_1_104' title='bbox 1426 1869 1511 1917; x_wconf 83' lang='lat'><strong>77.</strong></span> 
     </span>
     <span class='ocr_line' id='line_1_20' title="bbox 426 1937 940 2002; baseline -0.01 -13"><span class='ocrx_word' id='word_1_105' title='bbox 426 1941 497 1989; x_wconf 80' lang='lat'><strong>74</strong></span> <span class='ocrx_word' id='word_1_106' title='bbox 547 1937 731 2002; x_wconf 86' lang='lat' dir='ltr'><strong>ibique</strong></span> <span class='ocrx_word' id='word_1_107' title='bbox 801 1939 940 1986; x_wconf 87' lang='lat' dir='ltr'><strong>nott.</strong></span> 
     </span>
     <span class='ocr_line' id='line_1_21' title="bbox 429 2004 1510 2072; baseline -0.004 -13"><span class='ocrx_word' id='word_1_108' title='bbox 429 2023 551 2059; x_wconf 91' lang='lat' dir='ltr'><strong>eum</strong></span> <span class='ocrx_word' id='word_1_109' title='bbox 595 2004 935 2070; x_wconf 74' lang='lat' dir='ltr'><strong>Babyloniae</strong></span> <span class='ocrx_word' id='word_1_110' title='bbox 983 2021 1197 2070; x_wconf 86' lang='lat' dir='ltr'><strong>regem,</strong></span> <span class='ocrx_word' id='word_1_111' title='bbox 1252 2022 1412 2072; x_wconf 91' lang='lat' dir='ltr'><strong>quem</strong></span> <span class='ocrx_word' id='word_1_112' title='bbox 1457 2006 1510 2056; x_wconf 88' lang='lat' dir='ltr'><strong>h.</strong></span> 
     </span>
     <span class='ocr_line' id='line_1_22' title="bbox 424 2075 1516 2141; baseline -0.005 -12"><span class='ocrx_word' id='word_1_113' title='bbox 424 2078 462 2129; x_wconf 91' lang='lat' dir='ltr'><strong>l.</strong></span> <span class='ocrx_word' id='word_1_114' title='bbox 505 2076 816 2141; x_wconf 76' lang='lat' dir='ltr'><strong>Labynelum</strong></span> <span class='ocrx_word' id='word_1_115' title='bbox 839 2075 1039 2125; x_wconf 77' lang='lat' dir='ltr'><strong>Noster</strong></span> <span class='ocrx_word' id='word_1_116' title='bbox 1062 2078 1256 2136; x_wconf 85' lang='lat' dir='ltr'><strong>vocat,</strong></span> <span class='ocrx_word' id='word_1_117' title='bbox 1291 2091 1402 2126; x_wconf 86' lang='lat' dir='ltr'><strong>non</strong></span> <span class='ocrx_word' id='word_1_118' title='bbox 1437 2076 1516 2125; x_wconf 89' lang='lat' dir='ltr'><strong>di-</strong></span> 
     </span>
     <span class='ocr_line' id='line_1_23' title="bbox 424 2143 1512 2210; baseline -0.002 -13"><span class='ocrx_word' id='word_1_119' title='bbox 424 2161 641 2198; x_wconf 83' lang='lat' dir='ltr'><strong>versum</strong></span> <span class='ocrx_word' id='word_1_120' title='bbox 689 2143 863 2194; x_wconf 81' lang='lat' dir='ltr'><strong>videri</strong></span> <span class='ocrx_word' id='word_1_121' title='bbox 898 2144 967 2193; x_wconf 90' lang='lat' dir='ltr'><strong>ab</strong></span> <span class='ocrx_word' id='word_1_122' title='bbox 1005 2160 1097 2207; x_wconf 86' lang='lat' dir='ltr'><strong>ec,</strong></span> <span class='ocrx_word' id='word_1_123' title='bbox 1144 2160 1302 2209; x_wconf 90' lang='lat' dir='ltr'><strong>quem</strong></span> <span class='ocrx_word' id='word_1_124' title='bbox 1348 2145 1512 2210; x_wconf 80' lang='lat' dir='ltr'><strong>vulgo</strong></span> 
     </span>
     <span class='ocr_line' id='line_1_24' title="bbox 427 2212 1516 2278; baseline -0.004 -11"><span class='ocrx_word' id='word_1_125' title='bbox 427 2216 777 2267; x_wconf 71' lang='lat' dir='ltr'><strong>Nabonadiwn</strong></span> <span class='ocrx_word' id='word_1_126' title='bbox 802 2212 1099 2278; x_wconf 90' lang='lat' dir='ltr'><strong>appellant,</strong></span> <span class='ocrx_word' id='word_1_127' title='bbox 1136 2214 1383 2264; x_wconf 87' lang='lat' dir='ltr'><strong>ultimum</strong></span> <span class='ocrx_word' id='word_1_128' title='bbox 1411 2216 1516 2265; x_wconf 87' lang='lat' dir='ltr'><strong>Ba-</strong></span> 
     </span>
     <span class='ocr_line' id='line_1_25' title="bbox 424 2283 1510 2351; baseline -0.001 -15"><span class='ocrx_word' id='word_1_129' title='bbox 424 2285 684 2351; x_wconf 80' lang='lat' dir='ltr'><strong>byloniae</strong></span> <span class='ocrx_word' id='word_1_130' title='bbox 718 2298 920 2346; x_wconf 81' lang='lat' dir='ltr'><strong>regem.</strong></span> <span class='ocrx_word' id='word_1_131' title='bbox 980 2283 1066 2334; x_wconf 81' lang='lat' dir='ltr'><strong>Of.</strong></span> <span class='ocrx_word' id='word_1_132' title='bbox 1097 2284 1289 2333; x_wconf 87' lang='lat' dir='ltr'><strong>Berosi</strong></span> <span class='ocrx_word' id='word_1_133' title='bbox 1312 2284 1510 2348; x_wconf 83' lang='lat' dir='ltr'><strong>fragm.</strong></span> 
     </span>
     <span class='ocr_line' id='line_1_26' title="bbox 424 2351 1512 2422; baseline -0.004 -16"><span class='ocrx_word' id='word_1_134' title='bbox 424 2373 479 2422; x_wconf 87' lang='lat' dir='ltr'><strong>p.</strong></span> <span class='ocrx_word' id='word_1_135' title='bbox 518 2355 587 2406; x_wconf 89' lang='grc'><strong>68</strong></span> <span class='ocrx_word' id='word_1_136' title='bbox 631 2353 699 2404; x_wconf 85' lang='lat' dir='ltr'><strong>ed</strong></span> <span class='ocrx_word' id='word_1_137' title='bbox 742 2351 925 2403; x_wconf 85' lang='lat' dir='ltr'><strong>Richt.</strong></span> <span class='ocrx_word' id='word_1_138' title='bbox 972 2352 1287 2403; x_wconf 88' lang='lat' dir='ltr'><strong>Herodotus</strong></span> <span class='ocrx_word' id='word_1_139' title='bbox 1331 2352 1512 2418; x_wconf 79' lang='lat' dir='ltr'><strong>Laby-</strong></span> 
     </span>
     <span class='ocr_line' id='line_1_27' title="bbox 423 2420 1512 2487; baseline -0.003 -12"><span class='ocrx_word' id='word_1_140' title='bbox 423 2429 609 2476; x_wconf 90' lang='lat' dir='ltr'><strong>netum</strong></span> <span class='ocrx_word' id='word_1_141' title='bbox 678 2423 823 2472; x_wconf 89' lang='lat' dir='ltr'><strong>hunc</strong></span> <span class='ocrx_word' id='word_1_142' title='bbox 889 2422 1189 2472; x_wconf 83' lang='lat' dir='ltr'><strong>Nitocridis</strong></span> <span class='ocrx_word' id='word_1_143' title='bbox 1254 2420 1512 2487; x_wconf 87' lang='lat' dir='ltr'><strong>(indeque</strong></span> 
     </span>
     <span class='ocr_line' id='line_1_28' title="bbox 424 2490 1508 2555; baseline -0.004 -10"><span class='ocrx_word' id='word_1_144' title='bbox 424 2494 590 2545; x_wconf 85' lang='lat' dir='ltr'><strong>etiam</strong></span> <span class='ocrx_word' id='word_1_145' title='bbox 634 2490 1137 2555; x_wconf 79' lang='lat' dir='ltr'><strong>Nebucadnezaris)</strong></span> <span class='ocrx_word' id='word_1_146' title='bbox 1182 2490 1380 2554; x_wconf 88' lang='lat' dir='ltr'><strong>filium,</strong></span> <span class='ocrx_word' id='word_1_147' title='bbox 1439 2491 1508 2541; x_wconf 85' lang='lat' dir='ltr'><strong>ad</strong></span> 
     </span>
     <span class='ocr_line' id='line_1_29' title="bbox 428 2559 1511 2629; baseline -0.004 -15"><span class='ocrx_word' id='word_1_148' title='bbox 428 2579 585 2629; x_wconf 91' lang='lat' dir='ltr'><strong>quem</strong></span> <span class='ocrx_word' id='word_1_149' title='bbox 631 2560 915 2625; x_wconf 87' lang='lat' dir='ltr'><strong>imperium</strong></span> <span class='ocrx_word' id='word_1_150' title='bbox 964 2560 1082 2610; x_wconf 88' lang='lat' dir='ltr'><strong>iure</strong></span> <span class='ocrx_word' id='word_1_151' title='bbox 1128 2559 1375 2625; x_wconf 78' lang='lat' dir='ltr'><strong>legitimo</strong></span> <span class='ocrx_word' id='word_1_152' title='bbox 1429 2566 1511 2610; x_wconf 85' lang='lat' dir='ltr'><strong>at-</strong></span> 
     </span>
     <span class='ocr_line' id='line_1_30' title="bbox 427 2628 1512 2697; baseline -0.005 -13"><span class='ocrx_word' id='word_1_153' title='bbox 427 2648 531 2697; x_wconf 88' lang='lat' dir='ltr'><strong>que</strong></span> <span class='ocrx_word' id='word_1_154' title='bbox 567 2630 894 2682; x_wconf 85' lang='lat' dir='ltr'><strong>hereditario</strong></span> <span class='ocrx_word' id='word_1_155' title='bbox 917 2630 1220 2693; x_wconf 86' lang='lat' dir='ltr'><strong>transierit,</strong></span> <span class='ocrx_word' id='word_1_156' title='bbox 1253 2628 1512 2694; x_wconf 89' lang='lat' dir='ltr'><strong>appellat,</strong></span> 
     </span>
     <span class='ocr_line' id='line_1_31' title="bbox 426 2698 1509 2764; baseline -0.003 -11"><span class='ocrx_word' id='word_1_157' title='bbox 426 2703 493 2753; x_wconf 85' lang='lat' dir='ltr'><strong>de</strong></span> <span class='ocrx_word' id='word_1_158' title='bbox 537 2698 990 2752; x_wconf 80' lang='lat' dir='ltr'><strong>Evilmerodacho</strong></span> <span class='ocrx_word' id='word_1_159' title='bbox 1034 2714 1257 2764; x_wconf 86' lang='lat' dir='ltr'><strong>prorsus</strong></span> <span class='ocrx_word' id='word_1_160' title='bbox 1300 2705 1509 2762; x_wconf 87' lang='lat' dir='ltr'><strong>tacens,</strong></span> 
     </span>
     <span class='ocr_line' id='line_1_32' title="bbox 424 2768 1511 2838; baseline -0.006 -15"><span class='ocrx_word' id='word_1_161' title='bbox 424 2787 584 2838; x_wconf 88' lang='lat' dir='ltr'><strong>quem</strong></span> <span class='ocrx_word' id='word_1_162' title='bbox 623 2769 789 2835; x_wconf 79' lang='lat' dir='ltr'><strong>vulgo</strong></span> <span class='ocrx_word' id='word_1_163' title='bbox 837 2773 1047 2833; x_wconf 89' lang='lat' dir='ltr'><strong>ponunt</strong></span> <span class='ocrx_word' id='word_1_164' title='bbox 1087 2768 1511 2830; x_wconf 50' lang='lat' dir='ltr'><strong>Nebucadnezaq</strong></span> 
     </span>
     <span class='ocr_line' id='line_1_33' title="bbox 423 2839 1509 2892; baseline -0.003 0"><span class='ocrx_word' id='word_1_165' title='bbox 423 2843 499 2892; x_wconf 87' lang='lat' dir='ltr'><strong>ris</strong></span> <span class='ocrx_word' id='word_1_166' title='bbox 537 2845 593 2891; x_wconf 89' lang='lat' dir='ltr'><strong>et</strong></span> <span class='ocrx_word' id='word_1_167' title='bbox 634 2839 803 2890; x_wconf 88' lang='lat' dir='ltr'><strong>filium</strong></span> <span class='ocrx_word' id='word_1_168' title='bbox 853 2841 908 2887; x_wconf 88' lang='lat' dir='ltr'><strong>et</strong></span> <span class='ocrx_word' id='word_1_169' title='bbox 948 2851 1317 2888; x_wconf 75' lang='lat' dir='ltr'><strong>successorem</strong></span> <span class='ocrx_word' id='word_1_170' title='bbox 1363 2853 1509 2889; x_wconf 86' lang='lat' dir='ltr'><strong>anno</strong></span> 
     </span>
     <span class='ocr_line' id='line_1_34' title="bbox 424 2906 1511 2972; baseline -0.005 -10"><span class='ocrx_word' id='word_1_171' title='bbox 424 2910 521 2962; x_wconf 89' lang='grc'><strong>561</strong></span> <span class='ocrx_word' id='word_1_172' title='bbox 573 2927 624 2960; x_wconf 86' lang='lat' dir='ltr'><strong>a.</strong></span> <span class='ocrx_word' id='word_1_173' title='bbox 665 2907 760 2959; x_wconf 90' lang='lat' dir='ltr'><strong>Ch.</strong></span> <span class='ocrx_word' id='word_1_174' title='bbox 801 2922 879 2970; x_wconf 88' lang='lat' dir='ltr'><strong>n.‚</strong></span> <span class='ocrx_word' id='word_1_175' title='bbox 924 2923 1102 2971; x_wconf 90' lang='lat' dir='ltr'><strong>neque</strong></span> <span class='ocrx_word' id='word_1_176' title='bbox 1140 2906 1511 2972; x_wconf 59' lang='lat' dir='ltr'><strong>Neriqlisarwn</strong></span> 
     </span>
     <span class='ocr_line' id='line_1_35' title="bbox 422 2976 1507 3038; baseline -0.004 -7"><span class='ocrx_word' id='word_1_177' title='bbox 422 2991 876 3038; x_wconf 89' lang='lat' dir='ltr'><strong>commemorans,</strong></span> <span class='ocrx_word' id='word_1_178' title='bbox 918 2976 1355 3026; x_wconf 82' lang='lat' dir='ltr'><strong>Evilmerodachi</strong></span> <span class='ocrx_word' id='word_1_179' title='bbox 1390 2977 1507 3027; x_wconf 83' lang='lat' dir='ltr'><strong>sive</strong></span> 
     </span>
     <span class='ocr_line' id='line_1_36' title="bbox 421 3044 1507 3111; baseline -0.002 -11"><span class='ocrx_word' id='word_1_180' title='bbox 421 3050 588 3100; x_wconf 88' lang='lat' dir='ltr'><strong>filium</strong></span> <span class='ocrx_word' id='word_1_181' title='bbox 645 3064 690 3098; x_wconf 89' lang='lat' dir='ltr'><strong>s.</strong></span> <span class='ocrx_word' id='word_1_182' title='bbox 739 3044 988 3109; x_wconf 83' lang='lat' dir='ltr'><strong>affinem,</strong></span> <span class='ocrx_word' id='word_1_183' title='bbox 1052 3047 1146 3111; x_wconf 89' lang='lat' dir='ltr'><strong>qui</strong></span> <span class='ocrx_word' id='word_1_184' title='bbox 1206 3061 1350 3097; x_wconf 91' lang='lat' dir='ltr'><strong>anno</strong></span> <span class='ocrx_word' id='word_1_185' title='bbox 1403 3046 1507 3098; x_wconf 87' lang='grc'><strong>559</strong></span> 
     </span>
     <span class='ocr_line' id='line_1_37' title="bbox 418 3114 1506 3185; baseline -0.005 -15"><span class='ocrx_word' id='word_1_186' title='bbox 418 3134 587 3185; x_wconf 81' lang='lat' dir='ltr'><strong>reguo</strong></span> <span class='ocrx_word' id='word_1_187' title='bbox 622 3117 830 3184; x_wconf 87' lang='lat' dir='ltr'><strong>potitus</strong></span> <span class='ocrx_word' id='word_1_188' title='bbox 873 3118 983 3179; x_wconf 87' lang='lat' dir='ltr'><strong>est,</strong></span> <span class='ocrx_word' id='word_1_189' title='bbox 1029 3130 1201 3180; x_wconf 90' lang='lat' dir='ltr'><strong>neque</strong></span> <span class='ocrx_word' id='word_1_190' title='bbox 1250 3114 1506 3166; x_wconf 76' lang='lat' dir='ltr'><strong>Labosso-</strong></span> 
     </span>
     <span class='ocr_line' id='line_1_38' title="bbox 417 3183 1505 3252; baseline -0.005 -13"><span class='ocrx_word' id='word_1_191' title='bbox 417 3205 616 3250; x_wconf 78' lang='lat' dir='ltr'><strong>meum,</strong></span> <span class='ocrx_word' id='word_1_192' title='bbox 675 3186 770 3252; x_wconf 91' lang='lat' dir='ltr'><strong>qui</strong></span> <span class='ocrx_word' id='word_1_193' title='bbox 815 3183 958 3234; x_wconf 85' lang='lat' dir='ltr'><strong>filius</strong></span> <span class='ocrx_word' id='word_1_194' title='bbox 1003 3184 1328 3249; x_wconf 83' lang='lat' dir='ltr'><strong>Neriglisari</strong></span> <span class='ocrx_word' id='word_1_195' title='bbox 1371 3199 1505 3248; x_wconf 89' lang='lat' dir='ltr'><strong>puer</strong></span> 
     </span>
     <span class='ocr_line' id='line_1_39' title="bbox 417 3253 1502 3321; baseline -0.006 -12"><span class='ocrx_word' id='word_1_196' title='bbox 417 3274 610 3309; x_wconf 87' lang='lat' dir='ltr'><strong>novem</strong></span> <span class='ocrx_word' id='word_1_197' title='bbox 633 3272 729 3321; x_wconf 90' lang='lat' dir='ltr'><strong>per</strong></span> <span class='ocrx_word' id='word_1_198' title='bbox 751 3269 982 3314; x_wconf 89' lang='lat' dir='ltr'><strong>menses,</strong></span> <span class='ocrx_word' id='word_1_199' title='bbox 1018 3253 1308 3304; x_wconf 83' lang='lat' dir='ltr'><strong>interfecto</strong></span> <span class='ocrx_word' id='word_1_200' title='bbox 1327 3257 1502 3318; x_wconf 86' lang='lat' dir='ltr'><strong>patre,</strong></span> 
     </span>
     <span class='ocr_line' id='line_1_40' title="bbox 415 3323 1503 3393; baseline -0.005 -15"><span class='ocrx_word' id='word_1_201' title='bbox 415 3343 640 3393; x_wconf 80' lang='lat' dir='ltr'><strong>regnum</strong></span> <span class='ocrx_word' id='word_1_202' title='bbox 685 3323 862 3375; x_wconf 86' lang='lat' dir='ltr'><strong>tenuit</strong></span> <span class='ocrx_word' id='word_1_203' title='bbox 907 3325 1009 3374; x_wconf 85' lang='grc'><strong>555</strong></span> <span class='ocrx_word' id='word_1_204' title='bbox 1046 3339 1097 3373; x_wconf 86' lang='lat' dir='ltr'><strong>a.</strong></span> <span class='ocrx_word' id='word_1_205' title='bbox 1140 3323 1238 3373; x_wconf 82' lang='lat' dir='ltr'><strong>ch.</strong></span> <span class='ocrx_word' id='word_1_206' title='bbox 1279 3338 1354 3384; x_wconf 92' lang='lat' dir='ltr'><strong>n.‚</strong></span> <span class='ocrx_word' id='word_1_207' title='bbox 1396 3338 1503 3387; x_wconf 89' lang='lat' dir='ltr'><strong>quo</strong></span> 
     </span>
     <span class='ocr_line' id='line_1_41' title="bbox 412 3392 1502 3463; baseline -0.005 -16"><span class='ocrx_word' id='word_1_208' title='bbox 412 3399 532 3463; x_wconf 90' lang='lat' dir='ltr'><strong>ipso</strong></span> <span class='ocrx_word' id='word_1_209' title='bbox 571 3411 713 3446; x_wconf 85' lang='lat' dir='ltr'><strong>anno</strong></span> <span class='ocrx_word' id='word_1_210' title='bbox 737 3393 1057 3456; x_wconf 84' lang='lat' dir='ltr'><strong>Labynetus</strong></span> <span class='ocrx_word' id='word_1_211' title='bbox 1079 3409 1125 3444; x_wconf 91' lang='lat' dir='ltr'><strong>s.</strong></span> <span class='ocrx_word' id='word_1_212' title='bbox 1146 3392 1502 3443; x_wconf 85' lang='lat' dir='ltr'><strong>Nabonadius</strong></span> 
     </span>
     <span class='ocr_line' id='line_1_42' title="bbox 415 3461 1501 3531; baseline -0.006 -14"><span class='ocrx_word' id='word_1_213' title='bbox 415 3467 658 3531; x_wconf 79' lang='lat' dir='ltr'><strong>suscepit</strong></span> <span class='ocrx_word' id='word_1_214' title='bbox 691 3477 948 3527; x_wconf 80' lang='lat' dir='ltr'><strong>regnum,</strong></span> <span class='ocrx_word' id='word_1_215' title='bbox 988 3478 1144 3528; x_wconf 87' lang='lat' dir='ltr'><strong>quern</strong></span> <span class='ocrx_word' id='word_1_216' title='bbox 1168 3463 1343 3526; x_wconf 88' lang='lat' dir='ltr'><strong>ipsum</strong></span> <span class='ocrx_word' id='word_1_217' title='bbox 1370 3461 1501 3526; x_wconf 87' lang='lat' dir='ltr'><strong>quid</strong></span> 
     </span>
     <span class='ocr_line' id='line_1_43' title="bbox 412 3531 1500 3601; baseline -0.006 -15"><span class='ocrx_word' id='word_1_218' title='bbox 412 3535 705 3601; x_wconf 83' lang='lat' dir='ltr'><strong>impediat,</strong></span> <span class='ocrx_word' id='word_1_219' title='bbox 741 3547 846 3597; x_wconf 90' lang='lat' dir='ltr'><strong>quo</strong></span> <span class='ocrx_word' id='word_1_220' title='bbox 872 3532 1049 3582; x_wconf 87' lang='lat' dir='ltr'><strong>minus</strong></span> <span class='ocrx_word' id='word_1_221' title='bbox 1074 3531 1500 3581; x_wconf 86' lang='lat' dir='ltr'><strong>Nebucadneza-</strong></span> 
     </span>
     <span class='ocr_line' id='line_1_44' title="bbox 414 3601 1498 3666; baseline -0.006 -10"><span class='ocrx_word' id='word_1_222' title='bbox 414 3606 488 3656; x_wconf 88' lang='lat' dir='ltr'><strong>ris</strong></span> <span class='ocrx_word' id='word_1_223' title='bbox 532 3604 699 3655; x_wconf 87' lang='lat' dir='ltr'><strong>filium</strong></span> <span class='ocrx_word' id='word_1_224' title='bbox 759 3616 988 3666; x_wconf 86' lang='lat' dir='ltr'><strong>eumque</strong></span> <span class='ocrx_word' id='word_1_225' title='bbox 1045 3601 1306 3651; x_wconf 77' lang='lat' dir='ltr'><strong>minorem</strong></span> <span class='ocrx_word' id='word_1_226' title='bbox 1363 3605 1498 3650; x_wconf 90' lang='lat' dir='ltr'><strong>natu</strong></span> 
     </span>
     <span class='ocr_line' id='line_1_45' title="bbox 412 3669 1499 3736; baseline -0.006 -11"><span class='ocrx_word' id='word_1_227' title='bbox 412 3675 708 3725; x_wconf 77' lang='lat' dir='ltr'><strong>habeamus</strong></span> <span class='ocrx_word' id='word_1_228' title='bbox 777 3670 1011 3736; x_wconf 80' lang='lat' dir='ltr'><strong>indeque</strong></span> <span class='ocrx_word' id='word_1_229' title='bbox 1057 3669 1499 3721; x_wconf 83' lang='lat' dir='ltr'><strong>Evilmerodachi</strong></span> 
     </span>
     <span class='ocr_line' id='line_1_46' title="bbox 410 3738 1496 3802; baseline -0.006 -8"><span class='ocrx_word' id='word_1_230' title='bbox 410 3745 632 3794; x_wconf 75' lang='lat' dir='ltr'><strong>fratrem</strong></span> <span class='ocrx_word' id='word_1_231' title='bbox 654 3742 1067 3802; x_wconf 78' lang='lat' dir='ltr'><strong>constituamus,</strong></span> <span class='ocrx_word' id='word_1_232' title='bbox 1096 3739 1231 3789; x_wconf 84' lang='lat' dir='ltr'><strong>nihil</strong></span> <span class='ocrx_word' id='word_1_233' title='bbox 1249 3738 1496 3800; x_wconf 75' lang='lat' dir='ltr'><strong>inveni03</strong></span> 
     </span>
     <span class='ocr_line' id='line_1_47' title="bbox 412 3807 1494 3878; baseline -0.006 -14"><span class='ocrx_word' id='word_1_234' title='bbox 412 3829 586 3878; x_wconf 90' lang='lat' dir='ltr'><strong>neque</strong></span> <span class='ocrx_word' id='word_1_235' title='bbox 624 3812 711 3862; x_wconf 88' lang='lat' dir='ltr'><strong>hic</strong></span> <span class='ocrx_word' id='word_1_236' title='bbox 737 3809 1055 3874; x_wconf 79' lang='lat' dir='ltr'><strong>Labynetus</strong></span> <span class='ocrx_word' id='word_1_237' title='bbox 1083 3808 1294 3858; x_wconf 77' lang='lat' dir='ltr'><strong>differet</strong></span> <span class='ocrx_word' id='word_1_238' title='bbox 1317 3807 1387 3857; x_wconf 90' lang='lat' dir='ltr'><strong>ab</strong></span> <span class='ocrx_word' id='word_1_239' title='bbox 1412 3823 1494 3869; x_wconf 89' lang='lat' dir='ltr'><strong>eo,</strong></span> 
     </span>
     <span class='ocr_line' id='line_1_48' title="bbox 411 3877 1497 3948; baseline -0.007 -14"><span class='ocrx_word' id='word_1_240' title='bbox 411 3898 571 3948; x_wconf 86' lang='lat' dir='ltr'><strong>quem</strong></span> <span class='ocrx_word' id='word_1_241' title='bbox 588 3881 969 3933; x_wconf 82' lang='lat' dir='ltr'><strong>Balthasarum</strong></span> <span class='ocrx_word' id='word_1_242' title='bbox 989 3882 1154 3928; x_wconf 75' lang='lat' dir='ltr'><strong>vocat</strong></span> <span class='ocrx_word' id='word_1_243' title='bbox 1182 3893 1341 3928; x_wconf 87' lang='lat' dir='ltr'><strong>sacra</strong></span> <span class='ocrx_word' id='word_1_244' title='bbox 1368 3877 1497 3927; x_wconf 78' lang='lat' dir='ltr'><strong>scri-</strong></span> 
     </span>
     <span class='ocr_line' id='line_1_49' title="bbox 409 3947 1494 4017; baseline -0.006 -14"><span class='ocrx_word' id='word_1_245' title='bbox 409 3957 591 4017; x_wconf 87' lang='lat' dir='ltr'><strong>ptura.</strong></span> <span class='ocrx_word' id='word_1_246' title='bbox 661 3952 860 4011; x_wconf 86' lang='lat' dir='ltr'><strong>ltaque</strong></span> <span class='ocrx_word' id='word_1_247' title='bbox 894 3947 1174 3997; x_wconf 85' lang='lat' dir='ltr'><strong>Herodoto</strong></span> <span class='ocrx_word' id='word_1_248' title='bbox 1218 3962 1320 3997; x_wconf 91' lang='lat' dir='ltr'><strong>sua</strong></span> <span class='ocrx_word' id='word_1_249' title='bbox 1369 3962 1494 3996; x_wconf 91' lang='lat' dir='ltr'><strong>con-</strong></span> 
     </span>
     <span class='ocr_line' id='line_1_50' title="bbox 410 4015 1496 4082; baseline -0.006 -10"><span class='ocrx_word' id='word_1_250' title='bbox 410 4022 581 4072; x_wconf 84' lang='lat' dir='ltr'><strong>stabit</strong></span> <span class='ocrx_word' id='word_1_251' title='bbox 629 4016 953 4077; x_wconf 84' lang='lat' dir='ltr'><strong>auctoritas,</strong></span> <span class='ocrx_word' id='word_1_252' title='bbox 1015 4017 1109 4082; x_wconf 90' lang='lat' dir='ltr'><strong>qui</strong></span> <span class='ocrx_word' id='word_1_253' title='bbox 1156 4015 1302 4081; x_wconf 86' lang='lat' dir='ltr'><strong>quod</strong></span> <span class='ocrx_word' id='word_1_254' title='bbox 1352 4016 1496 4065; x_wconf 87' lang='lat' dir='ltr'><strong>hune</strong></span> 
     </span>
     <span class='ocr_line' id='line_1_51' title="bbox 409 4084 1497 4155; baseline -0.006 -14"><span class='ocrx_word' id='word_1_255' title='bbox 409 4091 751 4155; x_wconf 80' lang='lat' dir='ltr'><strong>Labynetum</strong></span> <span class='ocrx_word' id='word_1_256' title='bbox 776 4084 1123 4149; x_wconf 81' lang='lat' dir='ltr'><strong>Assyriorum</strong></span> <span class='ocrx_word' id='word_1_257' title='bbox 1159 4100 1374 4150; x_wconf 89' lang='lat' dir='ltr'><strong>quoque</strong></span> <span class='ocrx_word' id='word_1_258' title='bbox 1398 4085 1497 4135; x_wconf 90' lang='lat' dir='ltr'><strong>im-</strong></span> 
     </span>
     <span class='ocr_line' id='line_1_52' title="bbox 411 4154 1498 4224; baseline -0.006 -13"><span class='ocrx_word' id='word_1_259' title='bbox 411 4161 618 4224; x_wconf 89' lang='lat' dir='ltr'><strong>perium</strong></span> <span class='ocrx_word' id='word_1_260' title='bbox 655 4156 899 4209; x_wconf 87' lang='lat' dir='ltr'><strong>tenuisse</strong></span> <span class='ocrx_word' id='word_1_261' title='bbox 935 4154 1095 4217; x_wconf 87' lang='lat' dir='ltr'><strong>dicit,</strong></span> <span class='ocrx_word' id='word_1_262' title='bbox 1134 4159 1341 4219; x_wconf 87' lang='lat' dir='ltr'><strong>partem</strong></span> <span class='ocrx_word' id='word_1_263' title='bbox 1377 4158 1498 4205; x_wconf 90' lang='lat' dir='ltr'><strong>tan-</strong></span> 
     </span>
     <span class='ocr_line' id='line_1_53' title="bbox 410 4223 1496 4294; baseline -0.006 -14"><span class='ocrx_word' id='word_1_264' title='bbox 410 4233 525 4280; x_wconf 87' lang='lat' dir='ltr'><strong>tum</strong></span> <span class='ocrx_word' id='word_1_265' title='bbox 561 4223 716 4294; x_wconf 75' lang='lat' dir='ltr'><strong>regni</strong></span> <span class='ocrx_word' id='word_1_266' title='bbox 740 4224 1022 4290; x_wconf 77' lang='lat' dir='ltr'><strong>Assyriaci</strong></span> <span class='ocrx_word' id='word_1_267' title='bbox 1042 4224 1377 4275; x_wconf 82' lang='lat' dir='ltr'><strong>intellexisse</strong></span> <span class='ocrx_word' id='word_1_268' title='bbox 1400 4240 1496 4289; x_wconf 91' lang='lat' dir='ltr'><strong>pu-</strong></span> 
     </span>
     <span class='ocr_line' id='line_1_54' title="bbox 410 4293 1494 4359; baseline -0.006 -10"><span class='ocrx_word' id='word_1_269' title='bbox 410 4299 611 4349; x_wconf 80' lang='lat' dir='ltr'><strong>tandus</strong></span> <span class='ocrx_word' id='word_1_270' title='bbox 649 4298 775 4358; x_wconf 88' lang='lat' dir='ltr'><strong>erit,</strong></span> <span class='ocrx_word' id='word_1_271' title='bbox 813 4293 969 4344; x_wconf 88' lang='lat' dir='ltr'><strong>cuius</strong></span> <span class='ocrx_word' id='word_1_272' title='bbox 1005 4294 1233 4345; x_wconf 83' lang='lat' dir='ltr'><strong>alteram</strong></span> <span class='ocrx_word' id='word_1_273' title='bbox 1269 4305 1494 4359; x_wconf 86' lang='lat' dir='ltr'><strong>eamque</strong></span> 
     </span>
     <span class='ocr_line' id='line_1_55' title="bbox 411 4364 1495 4432; baseline -0.003 -15"><span class='ocrx_word' id='word_1_274' title='bbox 411 4368 667 4418; x_wconf 86' lang='lat' dir='ltr'><strong>maiorem</strong></span> <span class='ocrx_word' id='word_1_275' title='bbox 704 4368 919 4432; x_wconf 87' lang='lat' dir='ltr'><strong>partem</strong></span> <span class='ocrx_word' id='word_1_276' title='bbox 951 4364 1131 4429; x_wconf 81' lang='lat' dir='ltr'><strong>Medi,</strong></span> <span class='ocrx_word' id='word_1_277' title='bbox 1181 4368 1495 4430; x_wconf 78' lang='lat' dir='ltr'><strong>expugnata</strong></span> 
     </span>
    </p>
   </div>
   <div class='ocr_carea' id='block_1_6' title="bbox 1036 1936 1513 2002">
    <p class='ocr_par' dir='ltr' id='par_1_6' title="bbox 1036 1936 1513 2002">
     <span class='ocr_line' id='line_1_56' title="bbox 1036 1936 1513 2002; baseline 0.002 -16"><span class='ocrx_word' id='word_1_278' title='bbox 1036 1936 1194 1986; x_wconf 81' lang='lat' dir='ltr'><strong>Unde</strong></span> <span class='ocrx_word' id='word_1_279' title='bbox 1248 1937 1513 2002; x_wconf 86' lang='lat' dir='ltr'><strong>sequitur,</strong></span> 
     </span>
    </p>
   </div>
   <div class='ocr_carea' id='block_1_7' title="bbox 1595 896 2710 4428">
    <p class='ocr_par' dir='ltr' id='par_1_7' title="bbox 1614 896 2710 1795">
     <span class='ocr_line' id='line_1_57' title="bbox 1619 896 2709 957; baseline 0.001 -10"><span class='ocrx_word' id='word_1_280' title='bbox 1619 897 1782 957; x_wconf 86' lang='lat' dir='ltr'><strong>Nino,</strong></span> <span class='ocrx_word' id='word_1_281' title='bbox 1805 896 2179 947; x_wconf 75' lang='lat' dir='ltr'><strong>obtinuerant:</strong></span> <span class='ocrx_word' id='word_1_282' title='bbox 2217 896 2328 947; x_wconf 81' lang='lat' dir='ltr'><strong>vid.</strong></span> <span class='ocrx_word' id='word_1_283' title='bbox 2355 897 2400 957; x_wconf 92' lang='lat'><strong>1,</strong></span> <span class='ocrx_word' id='word_1_284' title='bbox 2433 897 2551 950; x_wconf 87' lang='lat'><strong>106.</strong></span> <span class='ocrx_word' id='word_1_285' title='bbox 2624 899 2709 949; x_wconf 92' lang='lat' dir='ltr'><strong>De</strong></span> 
     </span>
     <span class='ocr_line' id='line_1_58' title="bbox 1618 964 2710 1032; baseline 0.005 -18"><span class='ocrx_word' id='word_1_286' title='bbox 1618 966 1885 1017; x_wconf 82' lang='lat' dir='ltr'><strong>Nabonido</strong></span> <span class='ocrx_word' id='word_1_287' title='bbox 1902 965 1974 1032; x_wconf 89' lang='lat' dir='ltr'><strong>(s.</strong></span> <span class='ocrx_word' id='word_1_288' title='bbox 2001 964 2291 1031; x_wconf 72' lang='lat' dir='ltr'><strong>Labyneto)</strong></span> <span class='ocrx_word' id='word_1_289' title='bbox 2318 966 2425 1016; x_wconf 85' lang='lat' dir='ltr'><strong>vid.</strong></span> <span class='ocrx_word' id='word_1_290' title='bbox 2452 968 2517 1019; x_wconf 89' lang='lat' dir='ltr'><strong>L.</strong></span> <span class='ocrx_word' id='word_1_291' title='bbox 2545 969 2710 1019; x_wconf 84' lang='lat' dir='ltr'><strong>Geor·</strong></span> 
     </span>
     <span class='ocr_line' id='line_1_59' title="bbox 1619 1035 2705 1104; baseline 0.005 -20"><span class='ocrx_word' id='word_1_292' title='bbox 1619 1035 1697 1100; x_wconf 79' lang='lat' dir='ltr'><strong>gii</strong></span> <span class='ocrx_word' id='word_1_293' title='bbox 1734 1037 1790 1085; x_wconf 91' lang='lat' dir='ltr'><strong>in</strong></span> <span class='ocrx_word' id='word_1_294' title='bbox 1826 1035 2028 1100; x_wconf 80' lang='lat' dir='ltr'><strong>Pauly:</strong></span> <span class='ocrx_word' id='word_1_295' title='bbox 2073 1036 2492 1102; x_wconf 80' lang='lat' dir='ltr'><strong>Realencyclop.</strong></span> <span class='ocrx_word' id='word_1_296' title='bbox 2542 1039 2607 1088; x_wconf 86' lang='lat' dir='ltr'><strong>V.</strong></span> <span class='ocrx_word' id='word_1_297' title='bbox 2649 1055 2705 1104; x_wconf 90' lang='lat' dir='ltr'><strong>p.</strong></span> 
     </span>
     <span class='ocr_line' id='line_1_60' title="bbox 1619 1103 2708 1170; baseline 0.003 -15"><span class='ocrx_word' id='word_1_298' title='bbox 1619 1104 1721 1155; x_wconf 85' lang='lat'><strong>385</strong></span> <span class='ocrx_word' id='word_1_299' title='bbox 1759 1120 1875 1170; x_wconf 88' lang='lat' dir='ltr'><strong>seq.</strong></span> <span class='ocrx_word' id='word_1_300' title='bbox 1922 1103 2046 1154; x_wconf 90' lang='lat' dir='ltr'><strong>coll.</strong></span> <span class='ocrx_word' id='word_1_301' title='bbox 2091 1107 2213 1156; x_wconf 84' lang='lat'><strong>574.</strong></span> <span class='ocrx_word' id='word_1_302' title='bbox 2262 1110 2326 1165; x_wconf 70' lang='lat' dir='ltr'><strong>et,</strong></span> <span class='ocrx_word' id='word_1_303' title='bbox 2352 1107 2498 1157; x_wconf 82' lang='lat' dir='ltr'><strong>conf.</strong></span> <span class='ocrx_word' id='word_1_304' title='bbox 2548 1107 2708 1158; x_wconf 79' lang='lat' dir='ltr'><strong>Vaux</strong></span> 
     </span>
     <span class='ocr_line' id='line_1_61' title="bbox 1617 1173 2708 1240; baseline 0.003 -15"><span class='ocrx_word' id='word_1_305' title='bbox 1617 1173 1860 1225; x_wconf 83' lang='lat' dir='ltr'><strong>Nineveh</strong></span> <span class='ocrx_word' id='word_1_306' title='bbox 1897 1173 2006 1223; x_wconf 84' lang='lat' dir='ltr'><strong>and</strong></span> <span class='ocrx_word' id='word_1_307' title='bbox 2033 1174 2311 1240; x_wconf 84' lang='lat' dir='ltr'><strong>Persepol.</strong></span> <span class='ocrx_word' id='word_1_308' title='bbox 2337 1191 2392 1240; x_wconf 88' lang='lat' dir='ltr'><strong>p.</strong></span> <span class='ocrx_word' id='word_1_309' title='bbox 2417 1173 2504 1227; x_wconf 83' lang='lat'><strong>39.</strong></span> <span class='ocrx_word' id='word_1_310' title='bbox 2546 1176 2708 1227; x_wconf 86' lang='lat' dir='ltr'><strong>Gum-</strong></span> 
     </span>
     <span class='ocr_line' id='line_1_62' title="bbox 1614 1243 2707 1311; baseline 0.004 -18"><span class='ocrx_word' id='word_1_311' title='bbox 1614 1244 1755 1308; x_wconf 89' lang='lat' dir='ltr'><strong>pach</strong></span> <span class='ocrx_word' id='word_1_312' title='bbox 1791 1244 1829 1294; x_wconf 91' lang='lat' dir='ltr'><strong>l.</strong></span> <span class='ocrx_word' id='word_1_313' title='bbox 1855 1243 1893 1293; x_wconf 91' lang='lat' dir='ltr'><strong>l.</strong></span> <span class='ocrx_word' id='word_1_314' title='bbox 1933 1259 1987 1308; x_wconf 87' lang='lat' dir='ltr'><strong>p.</strong></span> <span class='ocrx_word' id='word_1_315' title='bbox 2014 1244 2118 1296; x_wconf 88' lang='grc'><strong>120</strong></span> <span class='ocrx_word' id='word_1_316' title='bbox 2145 1261 2260 1311; x_wconf 87' lang='lat' dir='ltr'><strong>seq.</strong></span> <span class='ocrx_word' id='word_1_317' title='bbox 2298 1244 2417 1297; x_wconf 89' lang='grc'><strong>162.</strong></span> <span class='ocrx_word' id='word_1_318' title='bbox 2491 1246 2570 1295; x_wconf 82' lang='lat' dir='ltr'><strong>Ac</strong></span> <span class='ocrx_word' id='word_1_319' title='bbox 2609 1261 2707 1297; x_wconf 90' lang='lat' dir='ltr'><strong>nu-</strong></span> 
     </span>
     <span class='ocr_line' id='line_1_63' title="bbox 1618 1313 2706 1379; baseline 0.004 -16"><span class='ocrx_word' id='word_1_320' title='bbox 1618 1329 1713 1379; x_wconf 89' lang='lat' dir='ltr'><strong>per</strong></span> <span class='ocrx_word' id='word_1_321' title='bbox 1759 1313 1844 1363; x_wconf 84' lang='lat' dir='ltr'><strong>vir</strong></span> <span class='ocrx_word' id='word_1_322' title='bbox 1888 1313 2081 1363; x_wconf 87' lang='lat' dir='ltr'><strong>doctus</strong></span> <span class='ocrx_word' id='word_1_323' title='bbox 2141 1330 2207 1364; x_wconf 83' lang='lat' dir='ltr'><strong>ex</strong></span> <span class='ocrx_word' id='word_1_324' title='bbox 2258 1314 2706 1379; x_wconf 82' lang='lat' dir='ltr'><strong>inscriptionibus</strong></span> 
     </span>
     <span class='ocr_line' id='line_1_64' title="bbox 1618 1383 2250 1434; baseline 0.003 -2"><span class='ocrx_word' id='word_1_325' title='bbox 1618 1384 1865 1433; x_wconf 88' lang='lat' dir='ltr'><strong>cuneatis</strong></span> <span class='ocrx_word' id='word_1_326' title='bbox 1922 1383 2142 1434; x_wconf 87' lang='lat' dir='ltr'><strong>nomina</strong></span> <span class='ocrx_word' id='word_1_327' title='bbox 2194 1389 2250 1434; x_wconf 87' lang='lat' dir='ltr'><strong>et</strong></span> 
     </span>
     <span class='ocr_line' id='line_1_65' title="bbox 1617 1451 2707 1518; baseline 0.001 -14"><span class='ocrx_word' id='word_1_328' title='bbox 1617 1452 1995 1504; x_wconf 78' lang='lat' dir='ltr'><strong>Belshar-ezer</strong></span> <span class='ocrx_word' id='word_1_329' title='bbox 2028 1451 2145 1518; x_wconf 90' lang='lat' dir='ltr'><strong>(qui</strong></span> <span class='ocrx_word' id='word_1_330' title='bbox 2177 1457 2262 1504; x_wconf 89' lang='lat' dir='ltr'><strong>est</strong></span> <span class='ocrx_word' id='word_1_331' title='bbox 2298 1453 2591 1504; x_wconf 86' lang='lat' dir='ltr'><strong>Balthasar</strong></span> <span class='ocrx_word' id='word_1_332' title='bbox 2621 1470 2707 1505; x_wconf 89' lang='lat' dir='ltr'><strong>sa-</strong></span> 
     </span>
     <span class='ocr_line' id='line_1_66' title="bbox 1617 1523 2705 1588; baseline 0.003 -16"><span class='ocrx_word' id='word_1_333' title='bbox 1617 1538 1744 1572; x_wconf 89' lang='lat' dir='ltr'><strong>crae</strong></span> <span class='ocrx_word' id='word_1_334' title='bbox 1761 1524 2078 1586; x_wconf 77' lang='lat' dir='ltr'><strong>scripturae,</strong></span> <span class='ocrx_word' id='word_1_335' title='bbox 2104 1523 2265 1588; x_wconf 88' lang='lat' dir='ltr'><strong>etqui</strong></span> <span class='ocrx_word' id='word_1_336' title='bbox 2275 1524 2548 1574; x_wconf 83' lang='lat' dir='ltr'><strong>Nabonidi</strong></span> <span class='ocrx_word' id='word_1_337' title='bbox 2561 1523 2705 1575; x_wconf 87' lang='lat' dir='ltr'><strong>filius</strong></span> 
     </span>
     <span class='ocr_line' id='line_1_67' title="bbox 1615 1591 2703 1658; baseline 0.002 -16"><span class='ocrx_word' id='word_1_338' title='bbox 1615 1591 1949 1658; x_wconf 87' lang='lat' dir='ltr'><strong>perhibetur)</strong></span> <span class='ocrx_word' id='word_1_339' title='bbox 2001 1592 2108 1642; x_wconf 84' lang='lat' dir='ltr'><strong>sibi</strong></span> <span class='ocrx_word' id='word_1_340' title='bbox 2152 1593 2426 1643; x_wconf 87' lang='lat' dir='ltr'><strong>detexisse</strong></span> <span class='ocrx_word' id='word_1_341' title='bbox 2461 1594 2703 1644; x_wconf 80' lang='lat' dir='ltr'><strong>videtur:</strong></span> 
     </span>
     <span class='ocr_line' id='line_1_68' title="bbox 1618 1661 2702 1728; baseline 0.004 -17"><span class='ocrx_word' id='word_1_342' title='bbox 1618 1661 1684 1711; x_wconf 85' lang='lat' dir='ltr'><strong>de</strong></span> <span class='ocrx_word' id='word_1_343' title='bbox 1722 1677 1830 1726; x_wconf 89' lang='lat' dir='ltr'><strong>quo</strong></span> <span class='ocrx_word' id='word_1_344' title='bbox 1868 1661 1941 1712; x_wconf 81' lang='lat' dir='ltr'><strong>cf.</strong></span> <span class='ocrx_word' id='word_1_345' title='bbox 1978 1662 2234 1728; x_wconf 81' lang='lat' dir='ltr'><strong>Literary</strong></span> <span class='ocrx_word' id='word_1_346' title='bbox 2270 1662 2500 1713; x_wconf 78' lang='lat' dir='ltr'><strong>Gazette</strong></span> <span class='ocrx_word' id='word_1_347' title='bbox 2548 1663 2702 1716; x_wconf 80' lang='grc'><strong>1854.</strong></span> 
     </span>
     <span class='ocr_line' id='line_1_69' title="bbox 1619 1731 2137 1795; baseline 0.004 -15"><span class='ocrx_word' id='word_1_348' title='bbox 1619 1746 1700 1780; x_wconf 89' lang='lat' dir='ltr'><strong>nr.</strong></span> <span class='ocrx_word' id='word_1_349' title='bbox 1736 1731 1892 1781; x_wconf 82' lang='lat'><strong>1941.</strong></span> <span class='ocrx_word' id='word_1_350' title='bbox 1921 1746 1975 1795; x_wconf 89' lang='lat' dir='ltr'><strong>p.</strong></span> <span class='ocrx_word' id='word_1_351' title='bbox 2015 1731 2137 1783; x_wconf 84' lang='lat'><strong>303.</strong></span> 
     </span>
    </p>

    <p class='ocr_par' dir='ltr' id='par_1_8' title="bbox 1595 1789 2705 4428">
     <span class='ocr_line' id='line_1_70' title="bbox 1688 1789 2701 1865; baseline 0.001 -16"><span class='ocrx_word' id='word_1_352' title='bbox 1688 1791 2045 1862; x_wconf 76' lang='grc' dir='ltr'><strong><em>στρατεύεται</em></strong></span> <span class='ocrx_word' id='word_1_353' title='bbox 2098 1793 2163 1849; x_wconf 72' lang='grc' dir='ltr'><strong>δὲ</strong></span> <span class='ocrx_word' id='word_1_354' title='bbox 2219 1789 2293 1863; x_wconf 75' lang='grc' dir='ltr'><strong>δή</strong></span> <span class='ocrx_word' id='word_1_355' title='bbox 2354 1790 2615 1865; x_wconf 75' lang='grc' dir='ltr'><strong><em>βασιλεὺς</em></strong></span> <span class='ocrx_word' id='word_1_356' title='bbox 2670 1791 2701 1850; x_wconf 80' lang='grc' dir='ltr'><em>ὃ</em></span> 
     </span>
     <span class='ocr_line' id='line_1_71' title="bbox 1616 1866 2700 1936; baseline 0.004 -19"><span class='ocrx_word' id='word_1_357' title='bbox 1616 1866 1787 1933; x_wconf 80' lang='grc' dir='ltr'><strong><em>μέγας</em></strong></span> <span class='ocrx_word' id='word_1_358' title='bbox 1820 1883 1872 1917; x_wconf 81' lang='grc' dir='ltr'><strong>κ.</strong></span> <span class='ocrx_word' id='word_1_359' title='bbox 1900 1885 1948 1918; x_wconf 90' lang='grc' dir='ltr'><strong>τ.</strong></span> <span class='ocrx_word' id='word_1_360' title='bbox 1985 1867 2059 1934; x_wconf 60' lang='lat' dir='ltr'><strong>L]</strong></span> <span class='ocrx_word' id='word_1_361' title='bbox 2092 1870 2382 1919; x_wconf 87' lang='lat' dir='ltr'><strong>Persarum</strong></span> <span class='ocrx_word' id='word_1_362' title='bbox 2418 1884 2601 1933; x_wconf 79' lang='lat' dir='ltr'><strong>reg-em</strong></span> <span class='ocrx_word' id='word_1_363' title='bbox 2635 1871 2700 1936; x_wconf 90' lang='lat' dir='ltr'><strong>(i.</strong></span> 
     </span>
     <span class='ocr_line' id='line_1_72' title="bbox 1619 1937 2705 2004; baseline 0.001 -17"><span class='ocrx_word' id='word_1_364' title='bbox 1619 1955 1667 1988; x_wconf 90' lang='lat' dir='ltr'><strong>e.</strong></span> <span class='ocrx_word' id='word_1_365' title='bbox 1714 1953 1940 2003; x_wconf 64' lang='lat' dir='ltr'><strong>magnum</strong></span> <span class='ocrx_word' id='word_1_366' title='bbox 1983 1937 2169 2004; x_wconf 75' lang='lat' dir='ltr'><strong>reyem)</strong></span> <span class='ocrx_word' id='word_1_367' title='bbox 2210 1938 2430 2002; x_wconf 87' lang='lat' dir='ltr'><strong>optimis</strong></span> <span class='ocrx_word' id='word_1_368' title='bbox 2482 1937 2705 2002; x_wconf 89' lang='lat' dir='ltr'><strong>quibus-</strong></span> 
     </span>
     <span class='ocr_line' id='line_1_73' title="bbox 1618 2006 2705 2073; baseline 0 -15"><span class='ocrx_word' id='word_1_369' title='bbox 1618 2023 1724 2073; x_wconf 89' lang='lat' dir='ltr'><strong>que</strong></span> <span class='ocrx_word' id='word_1_370' title='bbox 1774 2007 1913 2058; x_wconf 87' lang='lat' dir='ltr'><strong>cibis</strong></span> <span class='ocrx_word' id='word_1_371' title='bbox 1971 2023 2039 2057; x_wconf 90' lang='lat' dir='ltr'><strong>ac</strong></span> <span class='ocrx_word' id='word_1_372' title='bbox 2084 2006 2398 2072; x_wconf 87' lang='lat' dir='ltr'><strong>potionibus</strong></span> <span class='ocrx_word' id='word_1_373' title='bbox 2446 2022 2513 2057; x_wconf 85' lang='lat' dir='ltr'><strong>ex</strong></span> <span class='ocrx_word' id='word_1_374' title='bbox 2558 2011 2705 2058; x_wconf 87' lang='lat' dir='ltr'><strong>omni</strong></span> 
     </span>
     <span class='ocr_line' id='line_1_74' title="bbox 1613 2076 2701 2143; baseline 0 -16"><span class='ocrx_word' id='word_1_375' title='bbox 1613 2077 1771 2143; x_wconf 78' lang='lat' dir='ltr'><strong>reg-ni</strong></span> <span class='ocrx_word' id='word_1_376' title='bbox 1817 2077 1901 2126; x_wconf 86' lang='lat' dir='ltr'><strong>sui</strong></span> <span class='ocrx_word' id='word_1_377' title='bbox 1945 2078 2152 2127; x_wconf 87' lang='lat' dir='ltr'><strong>ambitu</strong></span> <span class='ocrx_word' id='word_1_378' title='bbox 2205 2076 2529 2141; x_wconf 87' lang='lat' dir='ltr'><strong>conquisitis</strong></span> <span class='ocrx_word' id='word_1_379' title='bbox 2575 2078 2701 2141; x_wconf 80' lang='lat' dir='ltr'><strong>frui,</strong></span> 
     </span>
     <span class='ocr_line' id='line_1_75' title="bbox 1613 2146 2703 2212; baseline 0 -15"><span class='ocrx_word' id='word_1_380' title='bbox 1613 2148 1684 2197; x_wconf 92' lang='lat' dir='ltr'><strong>ab</strong></span> <span class='ocrx_word' id='word_1_381' title='bbox 1708 2146 2052 2197; x_wconf 89' lang='lat' dir='ltr'><strong>orientalium</strong></span> <span class='ocrx_word' id='word_1_382' title='bbox 2083 2146 2386 2212; x_wconf 89' lang='lat' dir='ltr'><strong>principum</strong></span> <span class='ocrx_word' id='word_1_383' title='bbox 2415 2162 2564 2196; x_wconf 91' lang='lat' dir='ltr'><strong>more</strong></span> <span class='ocrx_word' id='word_1_384' title='bbox 2592 2163 2703 2197; x_wconf 91' lang='lat' dir='ltr'><strong>non</strong></span> 
     </span>
     <span class='ocr_line' id='line_1_76' title="bbox 1613 2216 2700 2281; baseline -0.001 -14"><span class='ocrx_word' id='word_1_385' title='bbox 1613 2216 1887 2267; x_wconf 87' lang='lat' dir='ltr'><strong>abhorret.</strong></span> <span class='ocrx_word' id='word_1_386' title='bbox 1984 2217 2069 2266; x_wconf 93' lang='lat' dir='ltr'><strong>De</strong></span> <span class='ocrx_word' id='word_1_387' title='bbox 2129 2217 2418 2265; x_wconf 87' lang='lat' dir='ltr'><strong>Persarum</strong></span> <span class='ocrx_word' id='word_1_388' title='bbox 2480 2217 2700 2281; x_wconf 86' lang='lat' dir='ltr'><strong>regibus</strong></span> 
     </span>
     <span class='ocr_line' id='line_1_77' title="bbox 1613 2285 2700 2347; baseline 0.001 -12"><span class='ocrx_word' id='word_1_389' title='bbox 1613 2285 1785 2335; x_wconf 80' lang='lat' dir='ltr'><strong>multa</strong></span> <span class='ocrx_word' id='word_1_390' title='bbox 1821 2288 2040 2336; x_wconf 79' lang='lat' dir='ltr'><strong>exstant</strong></span> <span class='ocrx_word' id='word_1_391' title='bbox 2075 2286 2414 2347; x_wconf 84' lang='lat' dir='ltr'><strong>testimonia,</strong></span> <span class='ocrx_word' id='word_1_392' title='bbox 2466 2285 2700 2336; x_wconf 88' lang='lat' dir='ltr'><strong>collecta</strong></span> 
     </span>
     <span class='ocr_line' id='line_1_78' title="bbox 1614 2355 2701 2420; baseline -0.001 -15"><span class='ocrx_word' id='word_1_393' title='bbox 1614 2370 1647 2405; x_wconf 87' lang='lat' dir='ltr'><strong>a</strong></span> <span class='ocrx_word' id='word_1_394' title='bbox 1681 2355 1964 2405; x_wconf 87' lang='lat' dir='ltr'><strong>Brissonio</strong></span> <span class='ocrx_word' id='word_1_395' title='bbox 2011 2355 2078 2404; x_wconf 85' lang='lat' dir='ltr'><strong>de</strong></span> <span class='ocrx_word' id='word_1_396' title='bbox 2123 2370 2237 2420; x_wconf 83' lang='lat' dir='ltr'><strong>reg.</strong></span> <span class='ocrx_word' id='word_1_397' title='bbox 2291 2355 2508 2405; x_wconf 89' lang='lat' dir='ltr'><strong>Persar.</strong></span> <span class='ocrx_word' id='word_1_398' title='bbox 2554 2355 2701 2419; x_wconf 86' lang='lat' dir='ltr'><strong>prin-</strong></span> 
     </span>
     <span class='ocr_line' id='line_1_79' title="bbox 1613 2423 2697 2490; baseline 0 -15"><span class='ocrx_word' id='word_1_399' title='bbox 1613 2426 1719 2490; x_wconf 87' lang='lat' dir='ltr'><strong>cip.</strong></span> <span class='ocrx_word' id='word_1_400' title='bbox 1744 2425 1790 2488; x_wconf 87' lang='grc' dir='ltr'><strong>Ι,</strong></span> <span class='ocrx_word' id='word_1_401' title='bbox 1816 2423 1904 2475; x_wconf 87' lang='lat'><strong>87.</strong></span> <span class='ocrx_word' id='word_1_402' title='bbox 1944 2423 2083 2475; x_wconf 84' lang='lat' dir='ltr'><strong>Add.</strong></span> <span class='ocrx_word' id='word_1_403' title='bbox 2124 2425 2361 2474; x_wconf 87' lang='lat' dir='ltr'><strong>Heeren.</strong></span> <span class='ocrx_word' id='word_1_404' title='bbox 2399 2424 2565 2474; x_wconf 87' lang='lat' dir='ltr'><strong>Ideen</strong></span> <span class='ocrx_word' id='word_1_405' title='bbox 2590 2429 2697 2476; x_wconf 87' lang='lat' dir='ltr'><strong>etc.</strong></span> 
     </span>
     <span class='ocr_line' id='line_1_80' title="bbox 1608 2493 2695 2559; baseline 0.002 -16"><span class='ocrx_word' id='word_1_406' title='bbox 1608 2495 1654 2556; x_wconf 90' lang='lat'><strong>1,</strong></span> <span class='ocrx_word' id='word_1_407' title='bbox 1681 2493 1727 2543; x_wconf 93' lang='lat' dir='ltr'><strong>l.</strong></span> <span class='ocrx_word' id='word_1_408' title='bbox 1751 2509 1878 2559; x_wconf 76' lang='lat' dir='ltr'><strong>pag.</strong></span> <span class='ocrx_word' id='word_1_409' title='bbox 1900 2494 2022 2543; x_wconf 81' lang='lat'><strong>474.</strong></span> <span class='ocrx_word' id='word_1_410' title='bbox 2094 2494 2292 2558; x_wconf 88' lang='lat' dir='ltr'><strong>ltaque</strong></span> <span class='ocrx_word' id='word_1_411' title='bbox 2320 2508 2444 2542; x_wconf 92' lang='lat' dir='ltr'><strong>cum</strong></span> <span class='ocrx_word' id='word_1_412' title='bbox 2466 2499 2695 2545; x_wconf 86' lang='lat' dir='ltr'><strong>reeentt.</strong></span> 
     </span>
     <span class='ocr_line' id='line_1_81' title="bbox 1614 2549 2699 2626; baseline -0.001 -13"><span class='ocrx_word' id='word_1_413' title='bbox 1614 2561 1737 2613; x_wconf 87' lang='lat' dir='ltr'><strong>edd.</strong></span> <span class='ocrx_word' id='word_1_414' title='bbox 1773 2578 1870 2626; x_wconf 91' lang='lat' dir='ltr'><strong>pro</strong></span> <span class='ocrx_word' id='word_1_415' title='bbox 1905 2549 1968 2609; x_wconf 83' lang='grc' dir='ltr'><strong>εὖ</strong></span> <span class='ocrx_word' id='word_1_416' title='bbox 2004 2553 2460 2624; x_wconf 69' lang='grc' dir='ltr'><strong><em>ἐσκευασμένοισι</em></strong></span> <span class='ocrx_word' id='word_1_417' title='bbox 2507 2563 2699 2612; x_wconf 87' lang='lat' dir='ltr'><strong>rescri-</strong></span> 
     </span>
     <span class='ocr_line' id='line_1_82' title="bbox 1613 2619 2697 2697; baseline -0.002 -16"><span class='ocrx_word' id='word_1_418' title='bbox 1613 2632 1699 2697; x_wconf 85' lang='lat' dir='ltr'><strong>psi</strong></span> <span class='ocrx_word' id='word_1_419' title='bbox 1759 2619 1823 2680; x_wconf 82' lang='grc' dir='ltr'><strong>εὖ</strong></span> <span class='ocrx_word' id='word_1_420' title='bbox 1881 2620 2309 2693; x_wconf 75' lang='grc' dir='ltr'><strong><em>ἐσκευασμένος,</em></strong></span> <span class='ocrx_word' id='word_1_421' title='bbox 2366 2630 2514 2695; x_wconf 83' lang='lat' dir='ltr'><strong>quod</strong></span> <span class='ocrx_word' id='word_1_422' title='bbox 2571 2630 2697 2680; x_wconf 91' lang='lat' dir='ltr'><strong>olim</strong></span> 
     </span>
     <span class='ocr_line' id='line_1_83' title="bbox 1608 2698 2696 2766; baseline 0 -16"><span class='ocrx_word' id='word_1_423' title='bbox 1608 2702 1700 2750; x_wconf 91' lang='lat' dir='ltr'><strong>hic</strong></span> <span class='ocrx_word' id='word_1_424' title='bbox 1760 2698 2072 2766; x_wconf 87' lang='lat' dir='ltr'><strong>requirebat</strong></span> <span class='ocrx_word' id='word_1_425' title='bbox 2130 2698 2696 2763; x_wconf 77' lang='lat' dir='ltr'><strong>Schweighaeuserus‚</strong></span> 
     </span>
     <span class='ocr_line' id='line_1_84' title="bbox 1612 2768 2694 2834; baseline -0.002 -13"><span class='ocrx_word' id='word_1_426' title='bbox 1612 2786 1734 2821; x_wconf 93' lang='lat' dir='ltr'><strong>cum</strong></span> <span class='ocrx_word' id='word_1_427' title='bbox 1781 2768 2093 2819; x_wconf 86' lang='lat' dir='ltr'><strong>Herodotus</strong></span> <span class='ocrx_word' id='word_1_428' title='bbox 2137 2768 2391 2832; x_wconf 88' lang='lat' dir='ltr'><strong>loquatur</strong></span> <span class='ocrx_word' id='word_1_429' title='bbox 2437 2768 2505 2819; x_wconf 90' lang='lat' dir='ltr'><strong>de</strong></span> <span class='ocrx_word' id='word_1_430' title='bbox 2545 2784 2694 2834; x_wconf 82' lang='lat' dir='ltr'><strong>rege,</strong></span> 
     </span>
     <span class='ocr_line' id='line_1_85' title="bbox 1611 2837 2696 2905; baseline -0.002 -16"><span class='ocrx_word' id='word_1_431' title='bbox 1611 2840 1704 2905; x_wconf 91' lang='lat' dir='ltr'><strong>qui</strong></span> <span class='ocrx_word' id='word_1_432' title='bbox 1737 2855 1834 2903; x_wconf 85' lang='lat' dir='ltr'><strong>pro</strong></span> <span class='ocrx_word' id='word_1_433' title='bbox 1858 2853 2005 2888; x_wconf 90' lang='lat' dir='ltr'><strong>more</strong></span> <span class='ocrx_word' id='word_1_434' title='bbox 2052 2838 2109 2887; x_wconf 91' lang='lat' dir='ltr'><strong>in</strong></span> <span class='ocrx_word' id='word_1_435' title='bbox 2159 2837 2359 2887; x_wconf 92' lang='lat' dir='ltr'><strong>bellum</strong></span> <span class='ocrx_word' id='word_1_436' title='bbox 2396 2837 2696 2901; x_wconf 84' lang='lat' dir='ltr'><strong>proficisci·</strong></span> 
     </span>
     <span class='ocr_line' id='line_1_86' title="bbox 1609 2906 2694 2971; baseline 0 -13"><span class='ocrx_word' id='word_1_437' title='bbox 1609 2914 1723 2971; x_wconf 89' lang='lat' dir='ltr'><strong>tur,</strong></span> <span class='ocrx_word' id='word_1_438' title='bbox 1760 2909 1894 2958; x_wconf 89' lang='lat' dir='ltr'><strong>bene</strong></span> <span class='ocrx_word' id='word_1_439' title='bbox 1929 2908 2230 2958; x_wconf 86' lang='lat' dir='ltr'><strong>instructus</strong></span> <span class='ocrx_word' id='word_1_440' title='bbox 2261 2906 2510 2957; x_wconf 89' lang='lat' dir='ltr'><strong>omnibus</strong></span> <span class='ocrx_word' id='word_1_441' title='bbox 2532 2907 2694 2958; x_wconf 90' lang='lat' dir='ltr'><strong>rebus</strong></span> 
     </span>
     <span class='ocr_line' id='line_1_87' title="bbox 1611 2976 2696 3039; baseline -0.003 -10"><span class='ocrx_word' id='word_1_442' title='bbox 1611 2978 1679 3029; x_wconf 86' lang='lat' dir='ltr'><strong>ad</strong></span> <span class='ocrx_word' id='word_1_443' title='bbox 1728 2978 1932 3028; x_wconf 79' lang='lat' dir='ltr'><strong>victum</strong></span> <span class='ocrx_word' id='word_1_444' title='bbox 1980 2977 2333 3039; x_wconf 86' lang='lat' dir='ltr'><strong>necessariis,</strong></span> <span class='ocrx_word' id='word_1_445' title='bbox 2380 2976 2521 3027; x_wconf 89' lang='lat' dir='ltr'><strong>cibis</strong></span> <span class='ocrx_word' id='word_1_446' title='bbox 2566 2977 2696 3027; x_wconf 81' lang='lat' dir='ltr'><strong>fari-</strong></span> 
     </span>
     <span class='ocr_line' id='line_1_88' title="bbox 1608 3043 2695 3111; baseline -0.001 -13"><span class='ocrx_word' id='word_1_447' title='bbox 1608 3048 1793 3099; x_wconf 86' lang='lat' dir='ltr'><strong>naceis</strong></span> <span class='ocrx_word' id='word_1_448' title='bbox 1842 3063 1887 3098; x_wconf 89' lang='lat' dir='ltr'><strong>s.</strong></span> <span class='ocrx_word' id='word_1_449' title='bbox 1939 3062 2079 3111; x_wconf 89' lang='lat' dir='ltr'><strong>pane</strong></span> <span class='ocrx_word' id='word_1_450' title='bbox 2114 3043 2395 3111; x_wconf 82' lang='grc' dir='ltr'><strong><em>(σιτίοισι)</em></strong></span> <span class='ocrx_word' id='word_1_451' title='bbox 2434 3051 2489 3096; x_wconf 93' lang='lat' dir='ltr'><strong>et</strong></span> <span class='ocrx_word' id='word_1_452' title='bbox 2529 3062 2695 3111; x_wconf 88' lang='lat' dir='ltr'><strong>pecu-</strong></span> 
     </span>
     <span class='ocr_line' id='line_1_89' title="bbox 1606 3107 2692 3183; baseline -0.001 -16"><span class='ocrx_word' id='word_1_453' title='bbox 1606 3117 1764 3168; x_wconf 88' lang='lat' dir='ltr'><strong>dibus</strong></span> <span class='ocrx_word' id='word_1_454' title='bbox 1804 3107 2211 3183; x_wconf 75' lang='grc' dir='ltr'><strong><em>(προβάτοισι).</em></strong></span> <span class='ocrx_word' id='word_1_455' title='bbox 2291 3110 2550 3182; x_wconf 80' lang='grc' dir='ltr'><strong><em>πρόβατα</em></strong></span> <span class='ocrx_word' id='word_1_456' title='bbox 2585 3132 2692 3181; x_wconf 92' lang='lat' dir='ltr'><strong>quo</strong></span> 
     </span>
     <span class='ocr_line' id='line_1_90' title="bbox 1606 3184 2690 3248; baseline -0.002 -12"><span class='ocrx_word' id='word_1_457' title='bbox 1606 3203 1771 3238; x_wconf 88' lang='lat' dir='ltr'><strong>sensu</strong></span> <span class='ocrx_word' id='word_1_458' title='bbox 1807 3186 1955 3237; x_wconf 85' lang='lat' dir='ltr'><strong>dicat</strong></span> <span class='ocrx_word' id='word_1_459' title='bbox 1990 3187 2216 3246; x_wconf 80' lang='lat' dir='ltr'><strong>Noster,</strong></span> <span class='ocrx_word' id='word_1_460' title='bbox 2265 3184 2499 3236; x_wconf 80' lang='lat' dir='ltr'><strong>vidimus</strong></span> <span class='ocrx_word' id='word_1_461' title='bbox 2537 3185 2608 3235; x_wconf 85' lang='lat' dir='ltr'><strong>ad</strong></span> <span class='ocrx_word' id='word_1_462' title='bbox 2643 3186 2690 3248; x_wconf 94' lang='lat' dir='ltr'><strong>I,</strong></span> 
     </span>
     <span class='ocr_line' id='line_1_91' title="bbox 1607 3255 2693 3318; baseline -0.002 -11"><span class='ocrx_word' id='word_1_463' title='bbox 1607 3256 1726 3307; x_wconf 77' lang='lat'><strong>133.</strong></span> <span class='ocrx_word' id='word_1_464' title='bbox 1771 3286 1843 3296; x_wconf 89' lang='lat'><strong>--</strong></span> <span class='ocrx_word' id='word_1_465' title='bbox 1886 3257 1952 3305; x_wconf 90' lang='lat' dir='ltr'><strong>In</strong></span> <span class='ocrx_word' id='word_1_466' title='bbox 1997 3256 2094 3316; x_wconf 88' lang='lat' dir='ltr'><strong>iis,</strong></span> <span class='ocrx_word' id='word_1_467' title='bbox 2140 3267 2281 3318; x_wconf 87' lang='lat' dir='ltr'><strong>quae</strong></span> <span class='ocrx_word' id='word_1_468' title='bbox 2327 3255 2393 3305; x_wconf 86' lang='lat' dir='ltr'><strong>de</strong></span> <span class='ocrx_word' id='word_1_469' title='bbox 2446 3255 2693 3317; x_wconf 71' lang='lat' dir='ltr'><strong>choaspis</strong></span> 
     </span>
     <span class='ocr_line' id='line_1_92' title="bbox 1604 3323 2692 3391; baseline -0.004 -15"><span class='ocrx_word' id='word_1_470' title='bbox 1604 3340 1748 3391; x_wconf 83' lang='lat' dir='ltr'><strong>aqua</strong></span> <span class='ocrx_word' id='word_1_471' title='bbox 1805 3323 1994 3374; x_wconf 85' lang='lat' dir='ltr'><strong>retulit</strong></span> <span class='ocrx_word' id='word_1_472' title='bbox 2055 3324 2285 3382; x_wconf 82' lang='lat' dir='ltr'><strong>Noster,</strong></span> <span class='ocrx_word' id='word_1_473' title='bbox 2342 3323 2692 3374; x_wconf 87' lang='lat' dir='ltr'><strong>consentiunt</strong></span> 
     </span>
     <span class='ocr_line' id='line_1_93' title="bbox 1603 3391 2690 3458; baseline -0.003 -13"><span class='ocrx_word' id='word_1_474' title='bbox 1603 3396 1723 3457; x_wconf 87' lang='lat' dir='ltr'><strong>alii,</strong></span> <span class='ocrx_word' id='word_1_475' title='bbox 1763 3393 2010 3458; x_wconf 91' lang='lat' dir='ltr'><strong>inprimis</strong></span> <span class='ocrx_word' id='word_1_476' title='bbox 2046 3393 2289 3454; x_wconf 87' lang='lat' dir='ltr'><strong>Ctesias,</strong></span> <span class='ocrx_word' id='word_1_477' title='bbox 2325 3392 2420 3442; x_wconf 90' lang='lat' dir='ltr'><strong>ubi</strong></span> <span class='ocrx_word' id='word_1_478' title='bbox 2460 3391 2690 3455; x_wconf 83' lang='lat' dir='ltr'><strong>consul.‚</strong></span> 
     </span>
     <span class='ocr_line' id='line_1_94' title="bbox 1602 3460 2690 3530; baseline -0.006 -15"><span class='ocrx_word' id='word_1_479' title='bbox 1602 3480 1739 3530; x_wconf 87' lang='lat' dir='ltr'><strong>quae</strong></span> <span class='ocrx_word' id='word_1_480' title='bbox 1775 3463 1967 3513; x_wconf 83' lang='lat' dir='ltr'><strong>notavi</strong></span> <span class='ocrx_word' id='word_1_481' title='bbox 2015 3477 2139 3526; x_wconf 80' lang='lat' dir='ltr'><strong>pag.</strong></span> <span class='ocrx_word' id='word_1_482' title='bbox 2185 3460 2289 3510; x_wconf 86' lang='grc'><strong>226</strong></span> <span class='ocrx_word' id='word_1_483' title='bbox 2340 3476 2454 3526; x_wconf 90' lang='lat' dir='ltr'><strong>seq.</strong></span> <span class='ocrx_word' id='word_1_484' title='bbox 2526 3461 2690 3510; x_wconf 80' lang='lat' dir='ltr'><strong>Nam·</strong></span> 
     </span>
     <span class='ocr_line' id='line_1_95' title="bbox 1601 3529 2687 3599; baseline -0.004 -16"><span class='ocrx_word' id='word_1_485' title='bbox 1601 3550 1706 3599; x_wconf 91' lang='lat' dir='ltr'><strong>que</strong></span> <span class='ocrx_word' id='word_1_486' title='bbox 1730 3533 2054 3582; x_wconf 89' lang='lat' dir='ltr'><strong>Hammerus</strong></span> <span class='ocrx_word' id='word_1_487' title='bbox 2090 3529 2281 3579; x_wconf 85' lang='lat' dir='ltr'><strong>scribit</strong></span> <span class='ocrx_word' id='word_1_488' title='bbox 2307 3530 2396 3581; x_wconf 80' lang='lat' dir='ltr'><strong>vel</strong></span> <span class='ocrx_word' id='word_1_489' title='bbox 2421 3529 2687 3594; x_wconf 83' lang='lat' dir='ltr'><strong>hodieque</strong></span> 
     </span>
     <span class='ocr_line' id='line_1_96' title="bbox 1599 3597 2684 3664; baseline -0.004 -12"><span class='ocrx_word' id='word_1_490' title='bbox 1599 3604 1979 3652; x_wconf 82' lang='lat' dir='ltr'><strong>intemeratam</strong></span> <span class='ocrx_word' id='word_1_491' title='bbox 2035 3597 2365 3650; x_wconf 88' lang='lat' dir='ltr'><strong>remansisse</strong></span> <span class='ocrx_word' id='word_1_492' title='bbox 2409 3599 2684 3664; x_wconf 77' lang='lat' dir='ltr'><strong>egregiam</strong></span> 
     </span>
     <span class='ocr_line' id='line_1_97' title="bbox 1599 3666 2685 3735; baseline -0.005 -15"><span class='ocrx_word' id='word_1_493' title='bbox 1599 3672 1758 3721; x_wconf 89' lang='lat' dir='ltr'><strong>huius</strong></span> <span class='ocrx_word' id='word_1_494' title='bbox 1796 3684 1975 3735; x_wconf 84' lang='lat' dir='ltr'><strong>aquae</strong></span> <span class='ocrx_word' id='word_1_495' title='bbox 2011 3669 2149 3731; x_wconf 80' lang='lat' dir='ltr'><strong>vim,</strong></span> <span class='ocrx_word' id='word_1_496' title='bbox 2193 3682 2331 3733; x_wconf 85' lang='lat' dir='ltr'><strong>quae</strong></span> <span class='ocrx_word' id='word_1_497' title='bbox 2378 3666 2685 3732; x_wconf 80' lang='lat' dir='ltr'><strong>subfrigida</strong></span> 
     </span>
     <span class='ocr_line' id='line_1_98' title="bbox 1600 3735 2686 3805; baseline -0.002 -15"><span class='ocrx_word' id='word_1_498' title='bbox 1600 3739 1842 3805; x_wconf 89' lang='lat' dir='ltr'><strong>quidem,</strong></span> <span class='ocrx_word' id='word_1_499' title='bbox 1898 3735 2060 3787; x_wconf 79' lang='lat' dir='ltr'><strong>facile</strong></span> <span class='ocrx_word' id='word_1_500' title='bbox 2103 3743 2289 3786; x_wconf 85' lang='lat' dir='ltr'><strong>tamen</strong></span> <span class='ocrx_word' id='word_1_501' title='bbox 2333 3737 2485 3789; x_wconf 87' lang='lat' dir='ltr'><strong>cibos</strong></span> <span class='ocrx_word' id='word_1_502' title='bbox 2532 3752 2686 3801; x_wconf 76' lang='lat' dir='ltr'><strong>prae·</strong></span> 
     </span>
     <span class='ocr_line' id='line_1_99' title="bbox 1599 3805 2685 3859; baseline -0.003 0"><span class='ocrx_word' id='word_1_503' title='bbox 1599 3813 1708 3859; x_wconf 87' lang='lat' dir='ltr'><strong>stet</strong></span> <span class='ocrx_word' id='word_1_504' title='bbox 1760 3813 1948 3858; x_wconf 90' lang='lat' dir='ltr'><strong>coctos</strong></span> <span class='ocrx_word' id='word_1_505' title='bbox 2000 3822 2101 3856; x_wconf 88' lang='lat' dir='ltr'><strong>nee</strong></span> <span class='ocrx_word' id='word_1_506' title='bbox 2155 3805 2324 3855; x_wconf 88' lang='lat' dir='ltr'><strong>ullam</strong></span> <span class='ocrx_word' id='word_1_507' title='bbox 2379 3805 2685 3856; x_wconf 87' lang='lat' dir='ltr'><strong>fruentibus</strong></span> 
     </span>
     <span class='ocr_line' id='line_1_100' title="bbox 1599 3875 2686 3940; baseline -0.004 -12"><span class='ocrx_word' id='word_1_508' title='bbox 1599 3878 1771 3928; x_wconf 85' lang='lat' dir='ltr'><strong>faciat</strong></span> <span class='ocrx_word' id='word_1_509' title='bbox 1803 3876 2124 3938; x_wconf 86' lang='lat' dir='ltr'><strong>molestiam,</strong></span> <span class='ocrx_word' id='word_1_510' title='bbox 2164 3891 2285 3925; x_wconf 89' lang='lat' dir='ltr'><strong>cum</strong></span> <span class='ocrx_word' id='word_1_511' title='bbox 2321 3875 2391 3925; x_wconf 85' lang='lat' dir='ltr'><strong>ad</strong></span> <span class='ocrx_word' id='word_1_512' title='bbox 2426 3877 2575 3940; x_wconf 89' lang='lat' dir='ltr'><strong>ipsos</strong></span> <span class='ocrx_word' id='word_1_513' title='bbox 2610 3875 2686 3925; x_wconf 88' lang='lat' dir='ltr'><strong>ei-</strong></span> 
     </span>
     <span class='ocr_line' id='line_1_101' title="bbox 1596 3944 2685 4011; baseline -0.002 -14"><span class='ocrx_word' id='word_1_514' title='bbox 1596 3948 1697 3997; x_wconf 90' lang='lat' dir='ltr'><strong>bos</strong></span> <span class='ocrx_word' id='word_1_515' title='bbox 1735 3944 2149 4011; x_wconf 86' lang='lat' dir='ltr'><strong>concoquendos</strong></span> <span class='ocrx_word' id='word_1_516' title='bbox 2192 3960 2450 4011; x_wconf 86' lang='lat' dir='ltr'><strong>perquam</strong></span> <span class='ocrx_word' id='word_1_517' title='bbox 2487 3946 2561 3996; x_wconf 89' lang='lat' dir='ltr'><strong>sit</strong></span> <span class='ocrx_word' id='word_1_518' title='bbox 2594 3959 2685 3995; x_wconf 88' lang='lat' dir='ltr'><strong>ac-</strong></span> 
     </span>
     <span class='ocr_line' id='line_1_102' title="bbox 1599 4014 2685 4080; baseline -0.001 -14"><span class='ocrx_word' id='word_1_519' title='bbox 1599 4016 1962 4067; x_wconf 84' lang='lat' dir='ltr'><strong>commodata.</strong></span> <span class='ocrx_word' id='word_1_520' title='bbox 2038 4014 2144 4077; x_wconf 76' lang='lat' dir='ltr'><strong>Qui</strong></span> <span class='ocrx_word' id='word_1_521' title='bbox 2189 4016 2331 4066; x_wconf 85' lang='lat' dir='ltr'><strong>idem</strong></span> <span class='ocrx_word' id='word_1_522' title='bbox 2381 4014 2685 4080; x_wconf 85' lang='lat' dir='ltr'><strong>Choaspem</strong></span> 
     </span>
     <span class='ocr_line' id='line_1_103' title="bbox 1599 4084 2686 4152; baseline -0.002 -15"><span class='ocrx_word' id='word_1_523' title='bbox 1599 4085 1881 4137; x_wconf 87' lang='lat' dir='ltr'><strong>contendit</strong></span> <span class='ocrx_word' id='word_1_524' title='bbox 1904 4085 2131 4136; x_wconf 89' lang='lat' dir='ltr'><strong>eundem</strong></span> <span class='ocrx_word' id='word_1_525' title='bbox 2151 4100 2271 4136; x_wconf 89' lang='lat' dir='ltr'><strong>esse</strong></span> <span class='ocrx_word' id='word_1_526' title='bbox 2293 4090 2462 4152; x_wconf 87' lang='lat' dir='ltr'><strong>atque</strong></span> <span class='ocrx_word' id='word_1_527' title='bbox 2472 4084 2686 4135; x_wconf 70' lang='lat' dir='ltr'><strong>Elaeam</strong></span> 
     </span>
     <span class='ocr_line' id='line_1_104' title="bbox 1598 4153 2682 4220; baseline -0.002 -14"><span class='ocrx_word' id='word_1_528' title='bbox 1598 4156 1715 4206; x_wconf 80' lang='lat' dir='ltr'><strong>sive</strong></span> <span class='ocrx_word' id='word_1_529' title='bbox 1750 4154 1992 4205; x_wconf 76' lang='lat' dir='ltr'><strong>Eulaeum</strong></span> <span class='ocrx_word' id='word_1_530' title='bbox 2037 4155 2286 4218; x_wconf 78' lang='lat' dir='ltr'><strong>fluvium,</strong></span> <span class='ocrx_word' id='word_1_531' title='bbox 2338 4156 2493 4206; x_wconf 82' lang='lat' dir='ltr'><strong>euius</strong></span> <span class='ocrx_word' id='word_1_532' title='bbox 2536 4153 2682 4220; x_wconf 86' lang='lat' dir='ltr'><strong>apud</strong></span> 
     </span>
     <span class='ocr_line' id='line_1_105' title="bbox 1596 4223 2681 4290; baseline -0.001 -15"><span class='ocrx_word' id='word_1_533' title='bbox 1596 4225 1860 4287; x_wconf 89' lang='lat' dir='ltr'><strong>Plinium,</strong></span> <span class='ocrx_word' id='word_1_534' title='bbox 1892 4224 2180 4275; x_wconf 85' lang='lat' dir='ltr'><strong>Arrianum</strong></span> <span class='ocrx_word' id='word_1_535' title='bbox 2213 4225 2292 4288; x_wconf 91' lang='lat' dir='ltr'><strong>(in</strong></span> <span class='ocrx_word' id='word_1_536' title='bbox 2324 4223 2536 4290; x_wconf 80' lang='lat' dir='ltr'><strong>Exped.</strong></span> <span class='ocrx_word' id='word_1_537' title='bbox 2559 4224 2681 4275; x_wconf 75' lang='lat' dir='ltr'><strong>Ale·</strong></span> 
     </span>
     <span class='ocr_line' id='line_1_106' title="bbox 1595 4292 2682 4359; baseline -0.002 -15"><span class='ocrx_word' id='word_1_538' title='bbox 1595 4293 1789 4345; x_wconf 86' lang='lat' dir='ltr'><strong>xandr.</strong></span> <span class='ocrx_word' id='word_1_539' title='bbox 1823 4294 1952 4355; x_wconf 88' lang='lat' dir='ltr'><strong>VII,</strong></span> <span class='ocrx_word' id='word_1_540' title='bbox 1990 4293 2066 4359; x_wconf 90' lang='lat'><strong>7.)</strong></span> <span class='ocrx_word' id='word_1_541' title='bbox 2104 4294 2201 4344; x_wconf 87' lang='lat' dir='ltr'><strong>fiat</strong></span> <span class='ocrx_word' id='word_1_542' title='bbox 2224 4296 2446 4357; x_wconf 89' lang='lat' dir='ltr'><strong>mentio,</strong></span> <span class='ocrx_word' id='word_1_543' title='bbox 2486 4292 2682 4359; x_wconf 88' lang='lat' dir='ltr'><strong>cuique</strong></span> 
     </span>
     <span class='ocr_line' id='line_1_107' title="bbox 1595 4362 2681 4428; baseline -0.004 -13"><span class='ocrx_word' id='word_1_544' title='bbox 1595 4380 1740 4416; x_wconf 88' lang='lat' dir='ltr'><strong>nunc</strong></span> <span class='ocrx_word' id='word_1_545' title='bbox 1787 4379 1984 4415; x_wconf 88' lang='lat' dir='ltr'><strong>nomen</strong></span> <span class='ocrx_word' id='word_1_546' title='bbox 2020 4362 2220 4414; x_wconf 66' lang='lat' dir='ltr'><strong>Keraia.</strong></span> <span class='ocrx_word' id='word_1_547' title='bbox 2293 4363 2380 4414; x_wconf 84' lang='lat' dir='ltr'><strong>Tu</strong></span> <span class='ocrx_word' id='word_1_548' title='bbox 2428 4362 2540 4414; x_wconf 84' lang='lat' dir='ltr'><strong>vid.</strong></span> <span class='ocrx_word' id='word_1_549' title='bbox 2587 4377 2681 4428; x_wconf 88' lang='lat' dir='ltr'><strong>po-</strong></span> 
     </span>
    </p>
   </div>
   <div class='ocr_carea' id='block_1_8' title="bbox 2321 1384 2796 1436">
    <p class='ocr_par' dir='ltr' id='par_1_9' title="bbox 2321 1384 2796 1436">
     <span class='ocr_line' id='line_1_108' title="bbox 2321 1384 2796 1436; baseline 0.004 -2"><span class='ocrx_word' id='word_1_550' title='bbox 2321 1384 2596 1435; x_wconf 83' lang='lat' dir='ltr'><strong>Nabouidi</strong></span> <span class='ocrx_word' id='word_1_551' title='bbox 2651 1391 2708 1436; x_wconf 91' lang='lat' dir='ltr'><strong>et</strong></span> <span class='ocrx_word' id='word_1_552' title='bbox 2787 1397 2796 1402; x_wconf 85' lang='grc'><em>“</em></span> 
     </span>
    </p>
   </div>
  </div>
 </body>
</html>
