3109 5092
479 364 560 426 30
1001 347 1004 351 ’
1340 359 1881 421 HERODOTI

474 533 510 606 ὁ
550 536 809 625 Γύγης,
868 530 1033 603 οὐδέ
1073 537 1142 601 οἰ
1182 522 1272 620 ἦν
1310 529 1663 621 ἀπαλλαγὴ
1699 529 2018 622 οὐδεμία,
2074 528 2244 600 ἀλλὰ
2281 539 2430 603 ἔδεε
2463 527 2507 622 ἢ
2549 531 2761 603 αὐτὸν

471 637 892 709 ἀπολωλέναι
929 630 971 725 ἢ
1004 633 1440 723 Κανδαύλεα)
1488 641 1709 705 εἵπετο
1739 633 1807 717 ἐς
1843 633 1964 706 τὸν
1987 635 2302 723 θάλαμον
2341 643 2423 726 τῇ
2464 644 2760 724 γυναικί.

472 750 591 814 καί
616 770 735 831 μιν
775 737 1039 828 ἐκείνη,
1081 735 1484 831 ἐγχειρίδιον
1511 745 1757 825 δοῦσα,
1806 738 2258 830 κατακρύπτει
2295 735 2431 811 ὑπὸ
2472 738 2597 829 τὴν
2632 738 2755 809 αύ-

469 845 594 935 τὴν
624 845 872 936 θύρην.
946 845 1058 912 καὶ
1093 840 1258 931 μετὰ
1293 849 1503 912 ταῦτα
1521 895 1540 929 ,
1579 841 2098 932 ἀναπαυομένου
2126 843 2584 929 Κανδαύλεω,
2625 839 2756 913 ὑπ·

472 949 702 1030 εισδύς
728 976 800 1018 τε
833 949 946 1017 καὶ
974 944 1375 1027 ἀποκτείνας
1402 944 1645 1034 αὐτὸν,
1693 953 1841 1035 ἔσχε
1876 948 1990 1016 καὶ
2014 944 2139 1035 τὴν
2164 963 2456 1033 γυναῖκα
2487 949 2600 1018 καὶ
2634 944 2761 1035 τὴν

538 1144 661 1217 ἔσχε
707 1146 803 1201 καὶ
857 1141 964 1231 τὴν
1011 1151 1254 1214 γυναῖκα
1311 1143 1407 1197 καὶ
1460 1139 1568 1212 τὴν
1670 1147 1895 1198 Cosmas
1933 1147 2003 1197 ad
2040 1162 2205 1198 carm.
2233 1149 2459 1216 Gregor.
2490 1149 2758 1200 Nazianz.

469 1217 779 1286 βασιληΐην
826 1218 1046 1285 Γύγης]
1105 1219 1435 1283 Discrepant
1481 1232 1565 1281 ea,

471 1306 613 1355 quae
660 1288 974 1341 Herodotus
1024 1289 1270 1338 narravit
1318 1302 1567 1353 quaeque

471 1361 744 1425 excerpsit
765 1357 1024 1410 Aristidis
1050 1358 1348 1408 scholiasta
1381 1374 1434 1422 p.
1466 1356 1567 1408 138

472 1430 557 1481 ed.
595 1428 884 1491 Frommel.
923 1427 1168 1478 nonnihil
1218 1428 1285 1477 ab
1335 1428 1563 1477 aliorum

469 1501 794 1564 scriptorum
854 1497 1187 1548 narratione.
1278 1497 1562 1548 Plutarch.

468 1572 721 1633 Quaestt.
744 1570 969 1621 Graece.
990 1584 1045 1633 p.
1063 1568 1160 1619 301
1187 1567 1395 1632 Gygem
1417 1583 1566 1618 exer-

468 1640 609 1689 citus
648 1655 750 1704 ope
780 1654 1006 1704 regnum
1040 1652 1340 1702 occupasse
1374 1635 1562 1700 tradit,
1599 1654 1614 1669 ³

468 1710 614 1774 quod
632 1716 815 1760 utrum
849 1724 915 1758 ex
936 1708 1182 1769 Xantho,
1224 1722 1295 1756 an
1333 1707 1442 1758 alio
1467 1706 1564 1756 ali-

468 1795 575 1844 quo
602 1779 934 1844 Lydicarum
969 1793 1146 1827 rerum
1183 1778 1448 1842 scriptore
1472 1776 1563 1826 ille

468 1850 740 1911 hauserit,
780 1850 887 1914 ipsi
920 1848 1191 1898 Creuzero
1229 1845 1452 1897 dubium
1487 1845 1563 1895 vi-

469 1919 628 1969 detur
676 1921 979 1985 (Fragmm.
1030 1918 1249 1968 historr.
1312 1932 1365 1982 p.
1413 1916 1559 1982 204).

471 1991 557 2039 Ex
592 1989 783 2039 eodem
814 1989 1034 2038 Xantho
1072 1987 1430 2053 probabiliter
1467 1986 1561 2036 du-

470 2064 561 2108 cta
597 2064 749 2123 sunt,
789 2074 929 2124 quae
966 2057 1033 2107 de
1074 2059 1229 2122 Gyge
1279 2058 1349 2106 ad
1385 2057 1565 2122 Lydo-

467 2142 587 2177 rum
627 2143 853 2194 regnum
890 2132 1079 2177 evecto
1130 2128 1403 2191 copiosius
1441 2142 1564 2175 nar-

469 2204 593 2247 rata
640 2201 859 2247 exstant
893 2197 949 2246 in
985 2195 1201 2246 Nicolai
1233 2197 1562 2246 Damasceni

438 2300 442 2309 -
468 2268 758 2331 Excerptis
787 2281 953 2331 supra
971 2264 1064 2331 (ad
1088 2281 1205 2330 cap.
1231 2266 1559 2331 8)laudatis.

468 2338 534 2387 In
571 2337 654 2386 his
693 2337 876 2401 Gyges
914 2342 968 2385 et
1002 2336 1121 2400 ipse
1154 2336 1381 2400 Dascyli
1416 2336 1560 2384 filius

465 2406 806 2471 perhibetur,
847 2406 939 2470 qui
965 2405 1034 2454 ad
1054 2404 1337 2469 Sadyattis
1379 2402 1562 2470 (quem

467 2492 563 2540 pro
589 2476 868 2526 Candaule
892 2475 949 2524 in
984 2475 1067 2524 his
1104 2475 1393 2540 Excerptis
1430 2475 1560 2538 poni

467 2547 577 2595 iam
602 2561 767 2612 supra
803 2546 1059 2611 diximus)
1087 2544 1266 2594 aulam
1291 2545 1561 2594 adductus

467 2615 584 2681 reg-i
629 2616 764 2666 adeo
804 2623 993 2681 gratus
1033 2615 1334 2678 exstiterit,
1381 2617 1443 2663 ut
1490 2614 1560 2663 ab

467 2686 571 2735 hoc
609 2685 679 2736 ad
702 2687 982 2751 Mysorum
1019 2700 1203 2751 regem
1228 2685 1556 2746 mitteretur,

469 2757 621 2805 euius
668 2756 836 2806 filiam
883 2756 1138 2821 Sadyatti
1173 2770 1430 2819 sponsam
1480 2754 1561 2803 af-

470 2825 655 2875 ferret.
717 2826 823 2876 Sed
858 2827 1069 2875 iuvenis
1098 2824 1327 2874 eximiae
1352 2825 1560 2874 formae

472 2899 666 2958 captus
693 2895 906 2958 puellae
935 2910 1117 2945 amore
1142 2910 1261 2945 eam
1283 2896 1340 2943 in
1364 2895 1559 2943 itinere

471 2968 650 3012 tentat
682 2968 1073 3028 repugnantem
1113 2963 1277 3027 idque
1308 2969 1439 3028 post
1466 2964 1562 3013 Sa—

471 3032 651 3097 dyatti
701 3038 1070 3095 enarrantem,
1133 3034 1225 3097 qui
1274 3032 1562 3082 confestim

472 3103 679 3166 Gygem
719 3101 949 3157 interfici
974 3103 1145 3153 iubet.
1217 3103 1302 3151 De
1326 3117 1433 3167 quo
1455 3101 1562 3166 Gy·

470 3186 566 3235 ges
615 3173 815 3222 certior
859 3172 1039 3222 factus
1096 3171 1309 3237 effugit3
1368 3171 1562 3221 deinde

466 3241 737 3290 seditione
766 3246 915 3291 mota
934 3240 1252 3306 Sadyattem
1283 3241 1563 3291 interfecit

469 3311 763 3377 Lydosque
792 3311 1039 3376 quamvis
1066 3311 1224 3360 initio
1246 3310 1560 3376 indignatos

468 3380 736 3447 valdeque
791 3385 1088 3432 commotos
1146 3380 1217 3430 ad
1263 3395 1390 3429 suas
1442 3396 1559 3444 per—

469 3450 624 3501 duxit
676 3456 859 3516 partes
909 3467 975 3501 ac
1020 3450 1252 3516 denique
1306 3450 1559 3514 Delphici

468 3520 556 3570 dei
617 3521 773 3572 iussu
824 3536 1048 3587 regnum
1106 3520 1392 3581 assumsit,
1461 3520 1556 3570 Sa-

468 3590 673 3655 dyattis
712 3607 881 3642 uxore
921 3593 977 3641 in
1022 3591 1424 3642 matrimonium
1461 3589 1555 3639 du-

469 3666 576 3709 cta.
638 3658 862 3711 Fabulis
887 3662 1060 3727 magis
1092 3665 1353 3712 exornata
1373 3660 1558 3710 Plato-

467 3729 553 3777 nis
602 3735 688 3779 est
732 3732 974 3780 narratio
1011 3729 1079 3780 de
1125 3732 1280 3795 Gyge
1328 3732 1555 3795 eiusque

468 3796 669 3847 annulo
706 3798 950 3863 mirifico,
985 3799 1052 3849 de
1087 3801 1165 3850 Re
1205 3799 1353 3864 publ.
1389 3799 1464 3861 11,
1503 3801 1552 3850 3.

467 3880 592 3929 pag.
646 3864 750 3917 359
796 3883 841 3917 s.
876 3884 1019 3933 .pag.
1063 3869 1128 3919 37
1175 3868 1329 3928 Ast.‚
1396 3883 1558 3932 quam

465 3939 550 3984 tot
585 3935 840 4001 deinceps
884 3936 1251 3999 celebrarunt,
1294 3937 1558 3987 laudante

466 4005 624 4054 Astio
672 4004 741 4059 ad
785 4006 838 4055 h.
881 4005 917 4056 l.
958 4022 1013 4070 p.
1063 4004 1165 4057 393
1211 4005 1333 4055 coll.
1380 4006 1558 4056 Xeno-

464 4073 652 4138 phont.
676 4074 979 4140 Cyropaed.
1007 4074 1132 4135 VII,
1158 4076 1209 4136 2,
1236 4076 1323 4135 24,
1360 4075 1554 4139 quibus

466 4144 564 4193 Gr.
602 4143 756 4193 addit
792 4144 975 4195 Nonni
1023 4148 1227 4193 narrat.
1266 4142 1323 4192 in
1360 4144 1550 4193 Creuz.

463 4211 674 4262 Melett.
713 4213 761 4264 1.
794 4210 846 4277 p'.
875 4215 941 4264 72
975 4230 1022 4263 c.
1064 4216 1177 4265 not.
1206 4210 1292 4275 28,
1324 4217 1383 4263 et
1413 4229 1552 4278 quae

463 4281 719 4347 leguntur
743 4282 1025 4347 disputata
1044 4282 1100 4332 in
1115 4283 1458 4346 Menagianis
1474 4282 1548 4333 11.

462 4366 514 4414 p.
554 4350 658 4401 299
694 4351 761 4401 de
785 4352 967 4418 Gyge,
1009 4352 1100 4417 qui
1138 4352 1341 4416 primus
1380 4356 1550 4401 artem

462 4420 693 4470 feminas
737 4422 1014 4471 castrandi
1050 4422 1335 4472 invenerit.
1407 4423 1546 4472 Add.

1667 1219 1726 1267 in
1761 1217 1955 1283 Angel.
2003 1218 2135 1268 Mai.
2183 1219 2440 1286 Spicileg.
2478 1221 2635 1270 Rom.
2679 1220 2756 1269 II.

1667 1304 1724 1352 p.
1760 1286 1864 1339 304
1898 1302 2013 1353 seq.
2088 1287 2173 1338 Ad
2209 1288 2471 1340 historiae
2516 1289 2677 1339 fidem
2712 1291 2758 1340 si

1669 1358 1803 1408 haec
1852 1372 2112 1408 revocare
2165 1358 2332 1423 velis,
2388 1358 2521 1408 mihi
2571 1361 2759 1425 utique

1667 1427 1936 1478 Herodoti
1959 1429 2203 1478 narratio
2227 1429 2585 1494 praeferenda
2614 1429 2759 1479 vide-

1668 1502 1786 1560 tur,
1822 1502 1937 1547 tum
1974 1498 2120 1562 quod
2154 1499 2494 1550 Herodotum
2518 1497 2760 1564 Lydicae

1667 1568 1906 1633 regionis
1954 1572 2010 1617 et
2046 1569 2310 1628 historiae
2347 1571 2565 1620 omnino
2599 1569 2760 1620 valde

1668 1653 1896 1703 gnarum
1944 1637 2117 1689 fuisse
2174 1644 2387 1703 putem,
2446 1645 2561 1689 tum
2614 1639 2759 1705 quod

1667 1706 2012 1757 orientalium
2056 1723 2345 1773 regnorum
2381 1709 2758 1760 ‘conditionem

1667 1777 2174 1843 conversionesque,
2201 1780 2390 1843 quales
2416 1779 2560 1844 apud
2585 1779 2758 1828 orien-

1667 1847 1806 1897 tales
1841 1847 1898 1896 in
1924 1849 2214 1912 gynaeceis
2239 1848 2407 1911 fiunt,
2445 1848 2757 1913 respicienti

1664 1916 1799 1967 haec
1846 1932 2008 1981 quam
2066 1918 2299 1970 maxime
2349 1919 2759 1969 accommodata

1666 1987 2014 2037 videbuntur.
2087 1988 2162 2037 At
2207 2004 2336 2038 vero
2387 1988 2457 2038 ad
2493 1987 2757 2054 mytholo-

1666 2059 1812 2122 giam
1837 2073 2053 2123 quoque
2077 2058 2511 2123 antiquissimam
2547 2058 2757 2108 fabula-

1665 2142 1892 2192 rumque
1909 2129 2154 2177 rationes
2183 2143 2248 2177 ea
2280 2129 2577 2194 pertinere,
2618 2144 2758 2193 quae

1664 2197 1824 2246 Plato
1840 2235 1853 2259 ,
1880 2198 2002 2261 alii,
2042 2197 2108 2247 de
2135 2198 2289 2263 Gyge
2315 2198 2609 2247 memoriae
2637 2213 2758 2262 pro-

1667 2266 1945 2329 diderunt,
1987 2283 2144 2317 nemo
2168 2283 2277 2318 non
2302 2268 2467 2317 videt.
2526 2268 2643 2318 Nec
2677 2273 2758 2317 ta·

1665 2351 1788 2385 men
1831 2352 2008 2386 meum
2056 2353 2176 2386 esse
2211 2338 2346 2387 talia
2384 2336 2656 2402 explicare
2703 2343 2756 2386 et

1666 2405 1736 2454 ad
1770 2405 2033 2470 liquidum
2057 2407 2352 2471 perducere
2388 2408 2524 2458 bene
2557 2407 2755 2457 sentio.

1665 2474 1817 2525 Idem
1864 2476 2257 2541 quodammodo
2311 2477 2459 2527 valet
2510 2476 2578 2526 de
2617 2477 2758 2526 Can-

1665 2543 1850 2608 daule,
1902 2547 1994 2610 qui
2021 2547 2297 2610 Lydorum
2341 2562 2585 2597 sermone
2620 2549 2757 2596 Her-
2835 2597 2860 2618 ἧ

1664 2615 1811 2664 cules
1853 2621 1962 2679 est,
2014 2631 2228 2681 quoque
2276 2617 2404 2667 inde
2442 2617 2512 2666 ad
2549 2617 2756 2667 solares

1663 2686 1902 2735 rationes
1922 2686 2283 2750 perducimur,
2316 2701 2438 2736 cum
2459 2686 2640 2751 Gyges
2663 2686 2756 2735 ille

1663 2755 1976 2818 fabulosus,
2013 2757 2108 2820 qui
2135 2755 2466 2805 Candaulem
2502 2758 2758 2820 opprimit

1664 2824 1848 2874 annuli
1867 2824 2015 2874 illius
2049 2825 2170 2874 miri
2195 2841 2319 2890 ope,
2347 2842 2456 2875 non
2484 2826 2660 2875 minus
2687 2826 2756 2874 ad

1664 2894 2036 2945 huiuscemodi
2080 2895 2320 2945 rationes
2375 2894 2639 2947 coelestes
2677 2900 2756 2945 at-

1665 2980 1769 3028 que
1790 2966 2166 3030 cosmogonias
2191 2965 2462 3030 pertinere
2485 2964 2753 3026 videatur,

1664 3034 1757 3083 ubi
1784 3050 1892 3084 non
1916 3035 2091 3095 minor
2106 3036 2260 3099 solis,
2293 3050 2453 3099 quam
2480 3051 2645 3101 aquae
2671 3040 2756 3084 est

1663 3102 1835 3152 locus.
1912 3103 2019 3155 Sed
2065 3104 2200 3154 haec
2238 3110 2294 3153 et
2329 3105 2436 3155 alia
2473 3104 2754 3153 adumbra-

1664 3173 1744 3222 vit
1776 3173 2027 3224 Creuzer.
2057 3174 2115 3223 in
2139 3175 2322 3239 epistt.
2348 3175 2652 3225 Homerico.
2684 3174 2754 3223 ad

1649 3238 1959 3299 Hermann.
1988 3258 2042 3308 p.
2073 3243 2367 3294 103—106.
2425 3245 2542 3294 Nec
2574 3243 2754 3293 minus

1665 3313 1900 3364 feminae
1927 3329 2141 3376 nomen,
2170 3328 2333 3379 quam
2362 3313 2578 3363 silentio
2600 3328 2754 3377 prae-

1663 3383 1896 3432 termisit
1915 3383 2254 3445 Herodotus,
2288 3382 2359 3432 ad
2382 3382 2598 3433 fabulas
2624 3398 2754 3447 quo-

1665 3451 1949 3503 dammodo
1987 3458 2229 3517 spectat,
2268 3452 2315 3500 si
2342 3453 2559 3516 quidem
2590 3452 2753 3517 Nysia

1661 3536 1706 3571 s.
1755 3521 1926 3587 Nyssa
1976 3538 2041 3572 ea
2084 3523 2142 3572 in
2197 3524 2510 3573 memoriam
2554 3536 2752 3572 vocare

1660 3592 1861 3655 possit,
1911 3607 2050 3656 quae
2089 3590 2254 3655 vulgo
2298 3591 2443 3656 apud
2485 3607 2583 3642 nos
2622 3605 2752 3655 quo-

1660 3676 1763 3726 que
1807 3661 2098 3712 traduntur
2145 3661 2211 3711 de
2258 3661 2432 3725 Nyaeis
2486 3660 2753 3725 (Wasser-

1661 3730 1881 3796 nyxen),
1918 3735 2016 3780 aut
2050 3731 2194 3795 quod
2222 3731 2365 3796 genii
2400 3729 2635 3796 quidam,
2658 3731 2752 3795 qui

1660 3804 1903 3849 veterum
1926 3801 2225 3850 Penatibus
2251 3800 2454 3850 similes
2482 3799 2753 3865 reperiun-

1661 3874 1776 3930 tur,
1810 3870 2012 3931 DaniS,
2066 3870 2255 3920 Suecis
2316 3870 2752 3934 Normannisque

1660 3937 1913 3988 dicuntur
1941 3939 2143 3990 Nissen.
2200 3939 2308 3989 Sed
2335 3943 2509 3989 totum
2551 3939 2754 3989 adscri-

1659 4008 1784 4057 bam
1830 4006 2009 4058 locum
2058 4009 2511 4073 Hephaestionis,
2572 4009 2751 4072 qualis

1657 4075 1858 4141 leg-itur
1894 4077 1950 4126 in
1981 4077 2178 4128 Photio
2217 4077 2300 4127 ed.
2328 4077 2481 4127 Imm.
2511 4077 2748 4128 Bekker.

1657 4161 1712 4209 p.
1757 4145 1884 4196 159:
1941 4139 2058 4211 „nis
2103 4138 2138 4211 ἡ
2190 4139 2535 4197 Κανδαύλου
2583 4138 2747 4210 γυνὴ,

1659 4202 1733 4279 ἧς
1776 4206 2090 4279 Ἡρόδοτος
2145 4207 2214 4265 οὗ
2272 4215 2416 4281 λέγει
2474 4205 2746 4278 τοῦνομα,

1659 4282 1887 4334 Νυσία
1926 4284 2020 4349 (al.
2049 4284 2252 4336 Μυσία
2273 4285 2325 4337 h.
2360 4284 2422 4349 l.)
2463 4275 2746 4332 ἐκαλεῖτο·

1655 4342 1730 4417 ἢν
1766 4350 1862 4403 καὶ
1899 4346 2139 4418 δίκορον
2171 4350 2268 4403 καὶ
2305 4342 2750 4414 ὀξυωπεστάτην

1654 4418 1794 4486 φασὶ
1850 4420 2146 4487 γενέσθαι,
2203 4415 2306 4471 τὸν
2363 4417 2750 4485 δρακοντίτην
