3109 5092
486 386 561 449 12
1345 384 1886 447 HERODOTI

481 564 868 652 τιμωρέειν,
915 559 1252 651 ἀνοήτων·
1309 558 1385 631 τὸ
1429 560 1505 630 δὲ
1550 565 1889 649 μηδεμίαν
1930 557 2115 650 ὤρην
2160 565 2339 647 ἔχειν
2388 554 2763 647 ἁρπασθει-

483 669 694 751 σέων,
741 664 1140 754 σωφρόνων.
1202 670 1373 754 δῆλα
1410 662 1537 753 γὰρ
1573 662 1692 753 δὴ,
1733 660 1870 749 ὅτι,
1919 670 1982 733 εί
2015 661 2105 752 μὴ
2142 661 2343 734 αὐταὶ
2384 666 2766 750 ἐβουλεάτο,

482 769 609 841 οὐκ
636 766 724 840 ἂν
751 766 1137 859 ἡρπάζοντο.
1196 772 1407 857 σφέας
1435 768 1562 858 μὲν
1598 767 1718 858 δὴ,
1755 766 1912 849 τοὺς
1945 771 2020 838 ἐκ
2047 773 2165 857 τῆς
2199 764 2454 856 Ἀσίης,
2500 770 2769 854 λέγουσι

484 876 742 962 Πέρσαι
794 869 1310 960 ἁρπαζομενέων
1357 878 1494 943 τῶν
1543 877 1893 960 γυναικῶν
1937 871 2140 960 λόγον
2182 867 2432 954 οὐδένα
2485 872 2764 961 ποιήσα-

484 991 680 1049 σθαι·
746 973 1074 1065 ’Έλληνας
1131 976 1205 1046 δὲ
1255 984 1793 1067 Λακεδαιμονίης
1840 982 2100 1047 εἵνεκεν
2161 973 2482 1063 γυναικὸς
2528 976 2770 1046 στόλον

483 1087 697 1171 μέγαν
738 1096 1169 1170 συναγεῖραι,
1232 1083 1346 1150 καὶ
1390 1089 1620 1151 ἔπειτα
1665 1078 1990 1163 ἐλθόντας
2044 1085 2110 1162 ἐς
2159 1078 2285 1170 τὴν
2328 1077 2592 1168 Ἀσίην,
2646 1078 2770 1169 τὴν

484 1185 798 1276 Πριάμου
829 1184 1123 1275 δύναμιν
1151 1195 1478 1256 κατελεῖν.
1521 1181 1654 1255 ἀπὸ
1684 1184 1929 1256 τούτου
1959 1187 2093 1255 αἰεὶ
2115 1182 2499 1276 ἡγήσασθαι
2528 1182 2600 1254 τὸ
2620 1180 2758 1253 Ἐλ-

486 1289 763 1380 ληνικὸν
806 1296 999 1377 σφίσι
1038 1289 1212 1360 εἶναι
1259 1294 1599 1380 πολέμιον.

1701 1288 1838 1379 Τὴν
1877 1288 2005 1380 γὰρ
2047 1286 2277 1378 Ἀσίην
2322 1290 2433 1358 καὶ
2469 1286 2550 1357 τὰ
2591 1292 2764 1358 ἐνοι-

487 1397 725 1465 κέοντα
767 1401 975 1464 ἔθνεα
1009 1392 1319 1484 βάρβαρα
1363 1400 1770 1465 οἰκειεῦνται
1807 1399 1879 1464 οἰ
1903 1397 2195 1483 Πέρσαι,
2253 1390 2379 1482 τὴν
2415 1393 2492 1461 δὲ
2527 1390 2766 1481 Εὐρώ-

488 1525 626 1587 πην
663 1500 774 1567 καὶ
819 1495 893 1568 τὸ
930 1492 1322 1587 Ἑλληνικὸν
1357 1496 1641 1589 ἥγηνται
1683 1505 2117 1587 κεχωρίσθαι.

487 1685 554 1720 ex
602 1667 885 1719 Herodoto
930 1666 997 1731 (Ι,
1065 1668 1152 1719 35.
1206 1668 1296 1734 59)
1344 1673 1460 1722 tum
1511 1687 1578 1721 ex

486 1739 610 1790 aliis
667 1739 1025 1804 scriptoribus
1076 1739 1303 1804 adponit
1356 1741 1574 1793 Schaef.

487 1809 558 1861 ad
593 1809 847 1875 Sophocl.
871 1808 1076 1860 Electr.
1116 1808 1239 1873 343,
1272 1826 1339 1861 ex
1375 1813 1580 1863 omissa

484 1879 758 1946 particula
806 1868 948 1928 ὥστε
1007 1878 1151 1930 hunc
1197 1896 1355 1932 usum
1411 1881 1579 1946 expli-

485 1966 637 2002 cans.
675 1950 918 2012 Rectius,
960 1951 1168 2013 opinor,
1213 1950 1285 2001 ad
1333 1968 1399 2003 ea
1440 1953 1578 2003 refe-

483 2037 588 2081 res,
640 2035 781 2084 quae
818 2020 1031 2071 monuit
1078 2021 1276 2074 Matth.
1336 2022 1429 2074 Gr.
1482 2023 1575 2073 Gr.

485 2094 536 2153 §-
578 2089 698 2142 531.
747 2079 1188 2153 ἁρπασθεισέων
1234 2093 1337 2142 erit
1384 2092 1581 2158 geniti-

482 2175 584 2210 vus
622 2158 794 2210 absol.
836 2159 951 2209 eius
988 2160 1222 2225 generis,
1263 2162 1478 2226 qualem
1510 2162 1579 2212 ad

484 2229 530 2291 1,
572 2228 623 2281 3.
660 2229 993 2279 notavimus.

558 2296 705 2362 δῆλα
748 2290 853 2362 γὰρ
899 2290 991 2361 δὴ,
1051 2286 1157 2361 ὅτι,
1198 2293 1252 2348 εἰ
1292 2290 1370 2362 μὴ
1408 2290 1581 2349 αὐταὶ

482 2357 780 2435 ἕβουλέατο
801 2383 852 2416 κ.
879 2384 927 2417 τ.
955 2364 1025 2433 λ.]
1066 2367 1103 2418 i.
1145 2384 1193 2419 e.
1231 2372 1583 2431 „manifestum

485 2441 633 2490 enin»
653 2453 766 2489 esse
813 2433 1022 2501 (dicunt
1066 2453 1143 2488 sc.
1180 2437 1432 2503 Persae),
1482 2441 1586 2490 nisi

484 2513 630 2573 ipsae
665 2505 763 2571 (sc.
801 2506 1037 2558 feminae
1068 2506 1195 2566 illae
1230 2508 1371 2574 rapi)
1395 2510 1579 2559 voluis-

482 2585 610 2637 sent,
651 2593 742 2629 eas
775 2593 875 2628 non
910 2586 1096 2642 raptas
1120 2576 1349 2643 fuisse.“
1419 2577 1577 2641 Quod

485 2647 703 2714 quidem
742 2664 807 2698 ex
825 2649 1114 2698 Persarum
1150 2648 1463 2699 narratione
1495 2665 1578 2699 re-

485 2718 610 2768 tulit
648 2719 899 2784 scriptor,
932 2718 1023 2783 qui
1059 2723 1245 2768 tamen
1279 2717 1427 2768 haud
1462 2720 1575 2769 scio

484 2804 554 2838 an
606 2803 761 2838 suam
818 2788 991 2852 ipsius
1037 2787 1368 2838 sententiam
1416 2788 1576 2838 simul

483 2856 763 2908 declarare
806 2857 1060 2908 voluerit.
1114 2857 1287 2907 Affert
1332 2858 1576 2908 Herodo-

484 2931 577 2975 tea
618 2925 944 2976 Plutarchus
987 2927 1063 2977 11.
1109 2943 1164 2990 p.
1208 2926 1313 2976 856
1358 2929 1424 2977 E.
1481 2928 1574 2977 ubi

484 2996 686 3059 legitur
732 2986 1061 3060 ἐβούλοντο,
1107 2994 1253 3060 quod
1294 2997 1471 3060 ipsum
1518 2998 1577 3044 in

484 3064 766 3115 Herodoto
812 3064 1181 3129 recipiendum
1231 3066 1407 3114 suasit
1442 3065 1576 3115 Din-

486 3133 625 3183 dorf.
676 3133 713 3182 l.
767 3132 806 3181 l.
862 3149 919 3197 p.
973 3133 1204 3184 XXVII.
1260 3135 1576 3199 recepitque

483 3201 732 3254 Dietsch.
772 3203 845 3251 Et
881 3202 1026 3253 conf.
1077 3218 1291 3267 quoque
1337 3204 1574 3256 BredoV.

482 3290 537 3338 p.
577 3270 730 3333 329„
778 3272 870 3336 qui
905 3271 1088 3334 plures
1122 3272 1433 3323 huiusmodi
1469 3274 1576 3323 for-

485 3357 600 3393 mas
635 3340 942 3405 imperfecti
992 3357 1059 3391 ex
1093 3343 1376 3393 Herodoto
1414 3342 1575 3393 colle-

485 3413 594 3477 git:
636 3426 771 3477 quas
812 3427 998 3461 omnes
1036 3412 1084 3460 si
1121 3407 1243 3476 quis
1286 3413 1476 3462 invitis
1512 3412 1574 3462 li·

482 3482 596 3532 bris
642 3482 915 3547 corrigere
958 3486 1126 3546 atque
1172 3481 1242 3532 ad
1293 3482 1576 3548 vulgarem

483 3551 700 3602 dicendi
766 3552 1032 3602 rationem
1102 3568 1362 3603 revocare
1421 3552 1572 3615 velit,

482 3621 631 3672 haud
667 3621 782 3673 scio
822 3638 891 3671 an
924 3622 980 3671 in
1005 3623 1332 3673 temeritatis
1370 3622 1575 3673 crimen

481 3691 744 3741 incurrat.
788 3691 969 3751 Quare
1021 3682 1319 3756 ἕβουλὲατο
1372 3697 1426 3742 et
1469 3693 1576 3743 hoc

479 3758 602 3808 loco
642 3764 698 3808 et
732 3760 835 3819 ΙΠ,
883 3758 985 3810 143
1023 3762 1241 3811 retinui.
1316 3763 1383 3811 In
1419 3778 1571 3827 seqq.

481 3828 552 3877 ad
590 3842 778 3877 vocem
815 3820 1017 3876 στόλον
1034 3830 1119 3879 Cr.
1153 3831 1416 3881 adscribit
1434 3833 1568 3883 Lex.

482 3896 729 3959 Xenoph.
782 3895 878 3953 IV,
920 3895 988 3945 95
1049 3902 1104 3947 et
1163 3898 1342 3949 Schol.
1390 3900 1570 3963 Apoll.

482 3964 657 4015 Rhod.
696 3964 744 4027 1,
784 3963 884 4013 704
933 3954 1130 4020 στόλος
1181 3962 1247 4014 δέ
1288 3957 1438 4016 ἐστιν
1483 3959 1577 4018 ἐπὶ

480 4029 697 4094 πρᾶξίν
738 4046 867 4080 τινα
911 4024 1303 4096 πορευόμενον
1346 4033 1575 4099 πλῆθος

482 4099 595 4152 εἴτε
634 4092 726 4150 ἐπὶ
764 4097 927 4159 νεῶν,
967 4097 1079 4152 εἴτε
1124 4098 1220 4153 καὶ
1264 4100 1428 4167 πεζῇ·
1474 4102 1572 4155 καὶ

483 4163 688 4235 σχεδὸν
723 4159 814 4219 ἐπὶ
851 4163 1039 4232 πάσης
1085 4160 1265 4236 ὁρμῆς
1308 4169 1405 4223 καὶ
1447 4173 1568 4238 μεί-

478 4238 645 4299 ζονος
679 4239 1057 4303 παρασκευῆς.

550 4302 647 4357 καὶ
680 4303 872 4357 ἔπειτα
904 4339 976 4348 —
1010 4300 1119 4372 τὴν
1161 4298 1428 4370 Πριάμου
1467 4299 1566 4358 δύ-

469 4392 653 4437 ,ναμιν
688 4375 960 4441 κατελεῖν]
999 4372 1192 4426 ἔπειτα
1227 4393 1413 4428 omnes
1438 4378 1568 4428 libri

480 4454 534 4497 et
568 4447 625 4498 h.
666 4445 704 4498 1.
753 4450 807 4498 et
851 4447 1036 4497 multis
1076 4446 1229 4510 aliis,
1268 4462 1402 4512 quos
1434 4449 1565 4498 Bre-

1683 1669 1810 1721 dOV.
1848 1685 1903 1734 p.
1947 1665 2047 1718 109
2083 1670 2356 1729 accurate,
2388 1671 2451 1717 ut
2497 1666 2654 1729 solet,
2692 1668 2771 1718 in·

1684 1740 1889 1791 dicavit
1925 1754 2128 1789 omnes.
2178 1738 2285 1802 Qui
2329 1737 2472 1788 idem
2521 1737 2664 1804 quod
2701 1738 2770 1788 ab

1681 1809 1964 1861 Herodoto
2013 1804 2232 1859 ἔπειτεν
2275 1809 2456 1859 ubivis
2509 1809 2770 1872 scriptum

1684 1880 1857 1931 fuisse
1893 1884 2052 1945 putat
2095 1883 2319 1930 auctore
2365 1878 2521 1929 Aelio
2565 1879 2772 1944 Diony-

1685 1951 1768 2000 sio
1813 1949 1957 2016 apud
2004 1949 2260 2000 Eustath.
2310 1965 2366 2014 p.
2419 1948 2571 2009 1158,
2614 1948 2681 1999 38
2717 1953 2773 1999 et

1684 2021 2060 2071 consentiente
2112 2018 2365 2069 Dindorf.
2418 2035 2474 2084 p.
2528 2019 2771 2081 XXXV..

1681 2091 1814 2141 mihi
1837 2091 1894 2140 in
1917 2093 2077 2140 tanta
2091 2088 2351 2154 vulgatae
2370 2089 2577 2139 formae
2597 2105 2773 2139 exem-

1681 2161 1894 2227 plorum
1952 2161 2112 2226 copia
2159 2159 2515 2225 codicumque
2574 2159 2630 2208 in
2684 2158 2771 2210 his

1683 2230 1999 2281 constantia
2051 2229 2400 2280 temerarium
2463 2228 2770 2290 videbatur,

1684 2300 1866 2351 omnia
1917 2299 2056 2349 haec
2121 2300 2177 2349 in
2242 2299 2487 2349 Ionicam
2544 2300 2771 2349 formam

1683 2374 1910 2432 mutare,
1956 2370 2279 2433 praesertim
2328 2384 2450 2419 cum
2496 2368 2632 2419 nihil
2677 2370 2773 2419 im-

1681 2440 1896 2504 pediat,
1936 2454 2042 2504 quo
2086 2439 2266 2488 minus
2305 2437 2672 2499 Herodotum,
2711 2441 2773 2488 ut

1683 2509 1807 2559 aliis
1844 2510 1902 2558 in
1936 2509 2164 2559 vocibus
2217 2509 2541 2573 formisque,
2590 2509 2672 2559 ita
2715 2508 2773 2558 in

1680 2579 1785 2630 hac
1841 2594 2058 2645 quoque
2111 2594 2248 2629 voce
2300 2581 2534 2643 utraque
2596 2579 2775 2630 forma

1680 2664 1839 2699 usum
1901 2664 2021 2699 esse
2080 2649 2466 2698 existimemus.
2522 2647 2771 2699 Dietsch.

1680 2719 1860 2769 ubivis
1896 2718 2141 2784 reposuit
2176 2711 2413 2767 ἔπειτεν.
2440 2743 2507 2752 -
2532 2718 2772 2768 Verbum

1680 2789 1936 2838 κατελεῖν
1971 2790 2228 2840 evertendi
2256 2788 2478 2837 notione
2516 2787 2771 2853 frequens

1679 2857 1821 2924 apud
1865 2859 2224 2920 Pausaniam,
2272 2856 2415 2907 unde
2460 2861 2618 2907 notat
2662 2858 2772 2907 Sie-

1675 2927 1816 2978 belis
1856 2928 1926 2978 ad
1965 2929 2206 2979 Pausan.
2243 2926 2289 2988 I,
2328 2929 2381 2977 4.
2421 2927 2471 2987 5.
2513 2928 2561 2976 1.

1746 2988 1861 3045 ἀπὸ
1905 2990 2114 3046 τούτου
2162 2990 2275 3046 αἰεὶ
2326 2985 2658 3077 ἡγῄσασθαι
2705 2987 2769 3045 τὸ

1663 3056 2001 3128 Ἑλληνικὸν
2036 3081 2086 3116 κ.
2127 3081 2174 3115 τ.
2214 3063 2283 3132 λ.]
2311 3056 2425 3114 ἄπο
2466 3057 2690 3125 τούτου,
2727 3065 2766 3114 i.

1681 3152 1727 3185 e.
1775 3135 1839 3184 ab
1888 3150 1948 3185 eo
1997 3136 2114 3186 inde
2168 3142 2419 3200 tempore,
2464 3136 2559 3186 ubi
2604 3135 2770 3201 vulgo

1679 3204 1934 3270 supplent
1971 3197 2203 3269 χρόνου.
2251 3203 2377 3255 vid.
2415 3204 2575 3256 modo
2611 3206 2772 3255 Lam-

1679 3274 1819 3323 bert.
1880 3275 2010 3324 Bos.
2075 3274 2160 3323 De
2208 3273 2403 3336 Ellips.
2451 3276 2516 3325 L.
2573 3274 2665 3326 Gr.
2712 3290 2768 3339 p.

1681 3343 1784 3394 546
1824 3359 1908 3405 sq.
1947 3343 2249 3394 Literulam
2286 3339 2337 3390 τ’
2380 3349 2508 3394 ante
2542 3339 2654 3392 αἰεὶ
2691 3345 2772 3393 in-

1680 3413 1811 3462 vitis
1856 3412 2010 3463 libris
2062 3429 2094 3463 a
2137 3412 2461 3477 quibusdam
2509 3414 2771 3464 insertam

1682 3497 1803 3531 cum
1875 3481 2179 3547 Schweigh.
2252 3486 2306 3531 et
2364 3483 2537 3533 Gaisf.
2615 3483 2768 3544 eieci,

1679 3567 1813 3615 quos
1873 3551 2090 3603 eosdem
2150 3556 2371 3602 secutus
2428 3553 2552 3603 dedi
2608 3552 2772 3616 σφίσι

1677 3637 1775 3685 pro
1816 3619 2016 3685 σφίσιν
2051 3638 2096 3672 s.
2135 3633 2258 3681 σφι.

1754 3682 1877 3750 Τὴν
1909 3681 2013 3754 γὰρ
2041 3681 2228 3754 Ἀσίην
2260 3681 2453 3739 καὶτὰ
2487 3680 2770 3739 ἐνοικέον-

1677 3774 1746 3808 τα
1792 3754 1969 3808 ἔθνεα
2013 3750 2271 3824 βάρβαρα
2320 3754 2669 3809 οἰκειεῦνται
2711 3751 2774 3808 οἷ

1677 3825 1910 3892 Πέρσαι]
1953 3828 2153 3879 Omnes
2191 3829 2347 3879 codd.
2398 3823 2766 3890 οἰκειεῦνται,

1676 3898 1821 3959 quod
1864 3898 1917 3948 h.
1964 3897 2000 3948 l.
2046 3898 2333 3961 tribusque
2378 3896 2500 3948 aliis
2560 3895 2629 3961 (Ι,
2676 3896 2763 3947 94.

1672 3967 1777 4029 ΙΠ,
1823 3970 1873 4017 2.
1924 3967 2019 4029 IV,
2069 3966 2192 4031 148)
2228 3967 2287 4017 in
2330 3967 2560 4018 formam
2595 3968 2768 4017 Hero-

1675 4035 1805 4086 doto
1841 4037 1899 4085 in
1932 4036 2019 4086 his
2057 4035 2232 4101 magis
2269 4038 2532 4086 usitatam
2582 4030 2764 4097 οἰκητ-

1672 4102 1865 4153 εῦνται
1901 4106 2100 4154 mutari
2136 4104 2254 4155 vult
2290 4106 2522 4156 BredOV.
2564 4122 2616 4168 p.
2644 4104 2762 4165 177,

1675 4189 1832 4237 quem
1871 4176 2116 4239 sequitur
2150 4175 2398 4228 Dietsch.
2462 4174 2600 4224 Mihi
2637 4190 2670 4223 a
2703 4172 2765 4221 li-

1669 4242 1783 4292 bris
1820 4243 2135 4294 discedendi
2163 4244 2252 4294 hio
2290 4242 2442 4293 nulla
2472 4242 2765 4293 videbatur

1671 4313 1992 4362 necessitas.
2038 4312 2224 4376 Ipsum
2261 4313 2488 4361 verbum
2523 4312 2605 4360 ita
2642 4310 2762 4360 red-

1671 4378 1750 4429 dit
1765 4381 2337 4447 Schweighaeuserus:
2375 4380 2489 4447 „ad
2518 4396 2575 4429 se
2602 4383 2763 4441 pertz·-

1667 4465 1791 4500 nere
1848 4457 2108 4502 nummum
2166 4447 2424 4499 Persae.“
2495 4448 2759 4500 Wessel.:
