3109 5092
19 4573 26 4718 *2——

496 378 622 442 260
748 425 759 436 .
1365 370 1910 432 HERODOTI

501 548 745 631 πτύξας
772 546 847 617 τὸ
873 554 1141 636 βιβλίον
1168 548 1280 615 καὶ
1310 542 1815 632 επιλεγόμενος,
1860 546 1991 627 ἔφη
2014 533 2381 621 Ἀστυάγεά
2418 562 2538 622 μιν
2565 557 2767 621 στρα-

499 649 706 742 τηγὸν
731 653 1051 739 Περσέων
1078 647 1597 730 ἀποδεικνύναι,
1630 651 1819 728 Νῦν,
1849 649 1979 729 ἔφη
2008 669 2078 710 τε
2106 641 2324 725 λέγων
2343 689 2363 723 ,
2401 629 2453 706 ὦ
2489 639 2771 725 Πέρσαι,

504 752 936 843 προαγορεύω
965 748 1161 841 ὑμῖν,
1205 766 1517 841 παρεῖναι
1548 752 1831 818 ἕκαστον
1861 750 2094 831 ἔχοντα
2125 744 2484 830 δρέπανον.
2545 744 2772 827 Κῦρος

503 859 628 946 μὲν
670 860 879 925 ταῦτα
916 854 1394 944 προηγόρευσε.
1449 850 1636 921 ’Ἐστι
1681 849 1758 918 δὲ
1779 849 2102 935 Περσέων
2143 841 2356 932 συχνὰ
2387 846 2619 931 γένεα·
2659 843 2772 910 καὶ

503 959 585 1029 τὰ
627 959 751 1048 μὲν
790 955 1017 1027 αὐτῶν
1057 954 1093 1027 ὁ
1135 962 1361 1045 Κῦρος
1407 954 1767 1038 συνάλισε,
1837 951 1948 1018 καὶ
1996 946 2310 1018 ἀνέπεισε
2363 945 2772 1017 ἀπίστασθαι

505 1059 638 1132 ἀπὸ
663 1061 953 1149 Μήδων.
1014 1066 1152 1129 ἔστι
1181 1060 1256 1128 δὲ
1289 1059 1484 1144 ταὸε,
1529 1054 1599 1138 ἐξ
1624 1046 1722 1125 ὦν
1752 1043 1955 1124 ὧλλοι
1983 1078 2229 1131 παντες
2256 1048 2565 1138 ἀρτέαται
2587 1048 2768 1134 Πέρ-

506 1211 632 1277 cula
689 1239 746 1274 τε
803 1226 859 1275 in
913 1226 1094 1275 verbis
1140 1221 1248 1290 ἔφη
1303 1239 1360 1275 τε
1411 1220 1589 1288 λέγων

507 1312 628 1346 cum
688 1310 944 1359 quorsum
990 1295 1289 1358 pertineat,
1353 1292 1589 1356 intelligi

507 1369 765 1430 nequeat,
814 1364 896 1413 ita
928 1365 1302 1428 transponitur
1337 1362 1406 1412 ab
1442 1362 1587 1412 Eltz.

512 1435 567 1483 in
605 1434 829 1495 Quaest.
865 1432 1108 1482 Herodd.
1145 1449 1196 1497 p.
1229 1432 1312 1492 11,
1350 1435 1410 1480 ut
1444 1430 1592 1495 lega·

509 1507 599 1550 tur
635 1498 745 1549 νῦν
774 1515 866 1562 τε,
906 1496 1016 1562 ἔφη
1053 1495 1230 1564 λέγων
1266 1499 1474 1562 κ.τ.λ.,
1513 1499 1593 1547 id-

511 1586 633 1634 que,
674 1570 940 1632 probante
962 1570 1196 1620 BredoV.
1234 1585 1287 1634 p.
1325 1571 1412 1630 85,
1449 1584 1595 1618 reee-

511 1640 592 1703 pit
624 1638 870 1688 Dietsch.
932 1639 1005 1688 At
1032 1640 1126 1689 iun
1167 1639 1277 1688 itur
1311 1654 1407 1702 per
1432 1653 1598 1687 vocu-

511 1708 621 1757 lam
666 1706 729 1760 a
777 1713 1062 1772 utrumque
1138 1723 1249 1771 φη,
1306 1708 1452 1771 quod
1493 1707 1597 1755 hoc

512 1778 633 1827 loco
671 1781 753 1828 ita
825 1778 1023 1828 ositum
1058 1777 1390 1838 invenimus,
1428 1779 1490 1824 ut
1525 1775 1597 1825 ad

511 1846 742 1896 alterum
815 1861 926 1910 φη,
973 1847 1229 1910 quoniam
1264 1845 1437 1910 Cyrus
1481 1845 1599 1908 ipse

513 1916 739 1980 loquens
783 1914 1083 1977 inducitur,
1133 1915 1369 1964 addatur
1403 1909 1598 1977 λέγων.

515 1987 705 2048 Neque
739 1985 844 2034 huc
871 1985 1145 2048 pertinent
1177 1983 1286 2033 loci
1321 1983 1389 2033 ab
1414 1982 1598 2033 Eltzio

518 2053 717 2116 prolati
761 2053 820 2112 1,
862 2052 1106 2102 37.111.
1159 2053 1276 2102 120.
1322 2052 1437 2112 ΙΙΙ,
1482 2051 1600 2113 156,

519 2136 746 2198 quorum
781 2121 921 2168 ratio
958 2135 1178 2182 prorsus
1217 2120 1329 2169 alia
1367 2124 1469 2169 est.

569 2178 726 2236 ’Ἐστι
766 2181 829 2234 δὲ
866 2184 1129 2248 Περσέων
1170 2179 1348 2250 συχνὰ
1383 2183 1599 2252 γένεα]

519 2256 848 2305 Niebuhrius
900 2255 956 2303 in
990 2256 1137 2303 Hist.
1173 2256 1401 2304 Roman.
1452 2256 1500 2304 Ι.
1547 2272 1601 2319 p.

522 2324 624 2374 308
649 2324 734 2373 ed.
770 2322 988 2372 secund.
1013 2322 1102 2371 hic
1120 2331 1315 2384 gentem
1336 2324 1464 2385 poni
1487 2324 1607 2371 vult

521 2408 619 2457 pro
662 2392 825 2450 tribum
871 2407 978 2456 qua
1023 2389 1255 2468 quidem
1284 2406 1420 2440 voce
1466 2389 1606 2438 alias

522 2461 757 2510 reddunt
776 2462 1104 2510 Graecorum
1136 2452 1423 2522 φρήτρην,
1460 2458 1607 2522 quod

523 2530 685 2595 paulo
721 2533 846 2593 post
867 2529 1169 2578 invenimus
1202 2533 1461 2592 tanquam
1487 2541 1608 2590 par-

522 2605 632 2648 tem
671 2598 831 2648 tribus
865 2613 909 2650 s
943 2601 1128 2661 gentis.
1198 2597 1418 2647 Etenim
1463 2595 1608 2675 apud

524 2669 764 2718 Graecos
811 2682 946 2716 voce
991 2664 1241 2730 φρατρία
1285 2681 1330 2715 s.
1381 2659 1607 2728 φρήτρη

526 2737 836 2787 declaratur
861 2734 1171 2785 coniunctio
1197 2734 1432 2798 plurium
1456 2733 1611 2782 fami·

522 2805 718 2855 liarum
743 2820 789 2854 s.
813 2803 1092 2862 domuum3
1131 2818 1162 2851 e
1192 2802 1434 2867 pluribus
1455 2803 1612 2865 phra-

527 2873 647 2922 triis
667 2873 883 2923 exsistit
903 2873 1076 2921 tribus
1103 2869 1339 2935 (γένος);
1366 2872 1611 2935 pluribus

527 2941 775 2990 tribubus
826 2941 1177 2990 constituitur
1221 2940 1342 3002 ipsa
1392 2954 1524 3002 gens
1565 2955 1610 2987 s·

528 3007 759 3072 populus
802 3006 896 3068 (cf.
943 3008 1005 3058 C.
1058 3008 1122 3056 F.
1177 3008 1457 3056 Hermann
1516 3008 1609 3057 Gr.

531 3074 941 3126 Staatsalterth.
979 3078 1030 3136 §-
1058 3078 1107 3136 5,
1145 3089 1214 3124 ne
1249 3073 1448 3138 plura).
1505 3076 1616 3124 Ita-

532 3159 636 3208 que
681 3159 748 3193 ex
788 3143 1056 3192 Herodoti
1100 3149 1281 3192 mente
1326 3145 1616 3193 Persarum

531 3227 665 3276 gens
711 3216 929 3261 constat
975 3226 1003 3260 e
1046 3209 1291 3274 pluribus
1346 3211 1615 3275 tribubus,

534 3295 671 3345 quas
697 3279 835 3329 dixit
856 3274 1045 3343 γένεα·
1089 3294 1230 3343 quae
1251 3280 1465 3344 singula
1489 3296 1616 3330 con-

533 3353 686 3398 stant
715 3347 957 3412 pluribus
996 3348 1219 3398 familiis
1264 3364 1310 3398 s.
1346 3350 1615 3411 domibus,

534 3433 670 3482 quas
704 3417 925 3467 vocavit
961 3410 1235 3480 φρήτρας.
1309 3418 1443 3467 Inde
1486 3433 1613 3468 vero

533 3488 670 3536 satis
705 3485 1088 3550 intelligimus,
1126 3487 1326 3536 Persas
1366 3487 1615 3550 primitus

533 3556 705 3605 fuisse
738 3554 1029 3604 nomadum
1066 3560 1282 3618 gentem
1312 3559 1366 3604 et
1398 3556 1617 3619 quidem

533 3631 785 3689 magnam
803 3628 1013 3688 partem
1031 3630 1242 3673 montes
1261 3624 1618 3683 incolentem;

535 3692 705 3741 fuisse
737 3692 860 3742 illos
885 3707 981 3756 pro
1013 3707 1160 3742 more
1191 3693 1499 3743 istiusmodi
1523 3708 1619 3742 na—

535 3761 745 3810 tionum
792 3761 999 3810 divisos
1046 3776 1143 3824 per
1181 3760 1361 3825 plures
1406 3766 1618 3825 gentes,

537 3843 674 3890 quas
727 3829 884 3878 nobis
937 3828 1113 3878 dicere
1170 3829 1326 3879 licet:
1384 3829 1615 3892 Setinum,

538 3896 776 3957 Ilm-den,
826 3896 1070 3945 diversas
1102 3898 1245 3946 inter
1282 3912 1341 3946 se
1380 3901 1495 3947 tum
1525 3898 1621 3948 ho-

534 3977 667 4011 nore
699 3968 753 4012 et
790 3964 964 4028 gradu
997 3969 1113 4013 tum
1144 3966 1294 4015 vitae
1321 3966 1493 4029 ipsius
1529 3982 1620 4032 ge·

536 4044 666 4078 nere
696 4032 982 4096 victusque
1020 4033 1249 4083 ratione.
1322 4033 1501 4098 Atque
1539 4050 1622 4084 re-

538 4099 806 4148 centiores
841 4099 1002 4148 huius
1035 4105 1214 4150 terrae
1250 4103 1621 4165 peregrinato-

536 4180 623 4214 res
642 4166 909 4231 hodieque
929 4167 1117 4217 eadem
1142 4169 1255 4218 fere
1284 4175 1619 4232 repererunt,

538 4247 678 4299 quae
713 4239 824 4284 tam
861 4234 1028 4284 multo
1059 4241 1186 4286 ante
1224 4236 1487 4287 retulerat
1511 4240 1621 4289 He·

537 4301 782 4354 rodotus.
852 4302 1093 4354 Maxima
1126 4306 1267 4354 enim
1315 4304 1618 4356 incolarum

537 4385 691 4435 pars,
737 4385 834 4436 per
877 4376 1067 4436 gentes
1115 4372 1439 4438 dispertita,
1487 4389 1617 4440 qua-

1688 1237 1807 1271 rum
1852 1219 2083 1284 singulis
2128 1216 2329 1282 singuli
2376 1219 2636 1280 praesunt
2683 1213 2777 1262 du·

1692 1306 1809 1352 ces,
1848 1294 1963 1339 tum
1986 1289 2143 1338 sedes
2168 1287 2302 1337 fixas
2340 1290 2514 1346 tenet,
2550 1289 2667 1333 tum
2697 1288 2777 1333 ta-

1691 1357 2000 1409 bernaculis
2027 1373 2156 1419 usa,
2193 1356 2315 1405 loca
2348 1353 2633 1404 habitandi
2667 1369 2779 1403 cre·

1691 1430 1790 1478 bro
1832 1431 2161 1488 commutat,
2206 1426 2285 1474 ita
2321 1429 2382 1474 ut
2417 1422 2779 1488 agricolarum

1694 1513 1948 1547 numerus
1984 1496 2209 1545 inferior
2246 1495 2320 1542 sit
2355 1493 2647 1543 nomadum
2684 1505 2782 1540 nu·

1695 1582 1872 1626 mero·
1901 1581 2131 1629 quorum
2154 1564 2301 1613 vitae
2328 1563 2513 1627 generi
2536 1562 2658 1626 ipsa
2678 1566 2782 1609 ter·

1697 1651 1792 1684 rae
1834 1635 2043 1684 indoles
2097 1649 2162 1683 ac
2200 1638 2397 1681 natura
2440 1630 2667 1680 multum
2703 1628 2784 1677 sa-

1697 1709 1809 1755 vet.
1885 1705 1969 1752 Tu
2007 1703 2152 1752 conf.
2189 1701 2418 1751 eundem
2456 1699 2784 1750 Heerenium

1697 1772 1737 1824 l.
1772 1773 1810 1822 l.
1850 1788 1976 1837 pag.
2006 1771 2107 1822 396
2141 1787 2286 1836 seq.‚
2333 1771 2425 1835 qui
2473 1769 2617 1819 idem
2652 1768 2785 1816 bina

1698 1842 1825 1891 inde
1863 1841 2162 1901 concludit,
2219 1856 2318 1889 nee
2354 1839 2509 1888 nobis
2547 1838 2616 1888 ad
2664 1837 2783 1886 uui—

1698 1926 1914 1960 versam
1956 1908 2219 1960 Herodoti
2268 1908 2335 1958 de
2370 1907 2554 1958 Persis
2600 1921 2785 1955 narra-

1700 1981 1933 2042 tionem,
1972 1994 2111 2044 quae
2137 1978 2241 2028 hoc
2276 1978 2446 2042 primo
2481 1976 2619 2032 libro
2659 1991 2785 2025 eon·

1700 2050 1931 2112 tinetur‚
1987 2046 2396 2112 intelligendam
2447 2045 2786 2110 praetermit-

1702 2120 1887 2168 tenda.
1956 2118 2138 2181 Negat
2186 2116 2328 2166 enim
2361 2118 2649 2165 Persarum
2692 2129 2785 2163 na-

1702 2188 1906 2237 tionem
1940 2186 2047 2235 sibi
2070 2183 2351 2249 aequalem
2370 2185 2595 2249 pa‘rique
2626 2182 2785 2232 modo

1704 2256 1975 2306 excultam
2000 2255 2197 2314 fuisse,
2231 2270 2352 2303 cum
2377 2256 2491 2304 eius
2516 2268 2643 2318 pars
2668 2258 2788 2301 tan-

1705 2331 1821 2373 tum
1868 2324 1937 2374 ad
1984 2324 2406 2373 dominationem
2460 2323 2787 2387 reliquorum

1706 2394 1870 2442 Asiae
1906 2392 2224 2456 populorum
2270 2393 2575 2456 pervenerit
2620 2397 2675 2440 et
2719 2389 2790 2439 ab

1706 2461 1775 2508 iis
1810 2461 1970 2522 ipsiS,
2011 2476 2145 2525 quos
2181 2461 2391 2511 vicerat
2410 2462 2792 2523 subiectosque

1708 2528 1914 2588 tenuit,
1952 2529 2148 2579 cultior
2182 2530 2397 2581 reddita
2431 2531 2624 2590 fuerit,
2670 2527 2791 2578 reli-

1711 2596 1830 2661 quis
1873 2596 1929 2644 in
1960 2598 2147 2646 eodem
2172 2604 2347 2662 statu,
2387 2614 2494 2663 quo
2521 2603 2649 2648 ante
2677 2598 2793 2647 fue·

1710 2669 1863 2726 rant,
1896 2668 2335 2727 permanentibus
2362 2670 2640 2732 vitamque
2672 2667 2795 2715 bar-

1710 2733 1899 2782 baram
1939 2732 2051 2781 sere
2078 2737 2387 2798 agentibus.
2458 2736 2702 2785 Alterum
2733 2734 2795 2783 il-

1711 2801 1804 2850 lud
1841 2801 1995 2865 ponit
2029 2801 2113 2849 vir
2148 2801 2368 2866 doctus,
2416 2805 2563 2870 apud
2596 2806 2795 2854 Persas

1714 2871 1965 2934 primitus
2004 2870 2187 2920 omnia
2213 2873 2542 2934 pertinuisse
2571 2875 2639 2923 ad
2668 2889 2796 2937 gen·-

1713 2943 1796 2987 tes
1821 2953 2112 3002 earumque
2150 2939 2404 2988 instituta
2428 2939 2656 3004 (Stamm
2684 2941 2795 2991 und

1716 3007 2305 3072 Stammverfassung)‚
2364 3023 2432 3057 ex
2478 3011 2673 3073 quibus
2719 3011 2796 3058 rei

1714 3075 1968 3140 publicae
2013 3075 2144 3125 ordo
2183 3083 2350 3139 atque
2391 3077 2602 3140 imperii
2655 3079 2796 3127 ratio

1716 3144 1916 3193 sensim
1953 3145 2262 3208 sensimque
2298 3146 2626 3209 provenerit.
2689 3147 2798 3195 No-

1715 3218 1829 3263 stra
1866 3217 2045 3262 aetate
2083 3212 2285 3262 similes
2322 3213 2467 3277 apud
2490 3215 2685 3262 Persas
2722 3215 2799 3261 in·

1715 3282 2007 3332 veniuntur
2054 3282 2226 3330 tribus
2261 3298 2308 3331 s.
2349 3286 2566 3346 gentes,
2614 3287 2676 3331 ut
2720 3297 2831 3330 re·-

1717 3351 1985 3400 centiores
2037 3348 2226 3399 harum
2292 3365 2471 3400 rerum
2528 3354 2802 3400 testantur

1717 3419 2031 3483 scriptores.
2105 3418 2189 3468 Os.
2216 3419 2493 3469 Hammer.
2533 3419 2591 3468 in
2621 3419 2800 3468 Wien.

1715 3487 1946 3539 Jahrbb.
1962 3487 2121 3536 VIII.
2136 3503 2189 3551 p.
2201 3487 2306 3539 319
2327 3503 2479 3553 seqq.
2502 3487 2606 3540 395
2628 3503 2779 3551 seqq.
2766 3523 2802 3550 .,

1717 3556 1811 3621 qui
1846 3556 1916 3605 ab
1950 3555 2232 3605 Herodoto
2264 3557 2431 3606 decem
2467 3561 2681 3606 tantum
2709 3556 2804 3604 tri-

1715 3625 1818 3674 bus
1854 3629 2199 3674 enumeratas
2236 3639 2358 3675 esse
2388 3626 2644 3688 miratur,
2681 3639 2803 3674 cum

1717 3694 1975 3742 duodecim
2018 3700 2280 3744 memoret
2314 3694 2614 3758 Xenophon
2666 3694 2805 3758 ipse-

1719 3777 1825 3826 que
1877 3761 2189 3812 Herodotus
2252 3762 2390 3812 alias
2447 3763 2806 3812 duodenarium

1718 3846 1999 3880 numerum
2044 3832 2205 3882 valde
2259 3835 2423 3882 amet.
2506 3830 2805 3894 Plerasque

1719 3904 1903 3949 autem
1935 3900 2072 3948 istas
2098 3905 2290 3965 gentes
2313 3900 2456 3949 idem
2487 3899 2575 3948 vir
2608 3899 2804 3948 doctus

1721 3968 1875 4016 addit
1902 3968 2197 4019 etiamnum
2226 3970 2283 4019 in
2303 3970 2593 4022 Persarum
2615 3967 2806 4031 lingua

1722 4036 1948 4100 agnosci
1990 4038 2324 4100 nominibus,
2362 4053 2486 4087 cum
2513 4037 2807 4087 Achaeme·

1718 4103 1881 4153 nidae
1916 4105 2028 4153 sint
2067 4106 2346 4170 Adsckem,
2393 4107 2501 4156 Dai
2540 4105 2807 4160 nahiston,

1718 4172 1897 4222 Mardi
1924 4173 2088 4223 Merd
2139 4174 2208 4240 (i.
2256 4191 2303 4225 e.
2354 4174 2494 4241 vir),
2552 4172 2810 4225 Germani

1722 4242 1935 4299 Gar-ma,
1976 4241 2221 4308 Sagartii
2255 4243 2498 4306 Salyhar,
2535 4240 2808 4305 Moraphii

1721 4309 1884 4358 Merw
1920 4316 2028 4361 ete.

1783 4368 2140 4443 ἀρτέαται]
2180 4378 2218 4429 i.
2244 4390 2293 4428 e.
2327 4377 2567 4440 pendent.
2613 4377 2807 4426 Ionum
