3109 5092
517 328 642 394 Ἠῶ

1388 329 1740 395 HEROD
1759 328 1930 392 ΟΤΙ

519 504 831 578 δυώδεκα
856 505 1198 594 μυριάδες.
1239 502 1478 585 Νεκῶς
1506 508 1632 595 μέν
1660 534 1794 577 νυν
1817 502 2066 595 μεταξὺ
2092 502 2406 594 ὀρύσσων
2433 507 2815 592 ἐπαύσατο,

517 617 848 700 μαντηΐου
891 612 1217 698 ἐμποδίου
1272 613 1643 697 γενομένου
1698 614 1999 692 τοιοῦδε,
2052 613 2148 701 τῷ
2202 608 2528 703 βαρβάρῳ
2584 610 2817 680 αὐτὸν

518 713 1070 805 προεργάζεσθαι.
1127 713 1513 803 βαρβάρους
1550 715 1627 784 δὲ
1669 713 1922 792 πάντας
1963 717 2033 781 οἱ
2074 712 2437 799 Αἰγύπτιοι
2479 718 2815 785 καλέουσι

389 829 506 891 159
520 816 677 898 τοὺς
709 816 798 907 μὴ
832 823 1026 905 σφίσι
1074 813 1565 906 ὁμογλώσσους.
1629 817 2072 905 Παυσάμευος
2114 816 2191 884 δὲ
2234 821 2350 904 τῆς
2391 815 2723 906 διώρυχος
2772 814 2816 888 ὁ

521 920 761 1001 Νεκώς
813 918 1132 1011 ἐτράπετο
1169 919 1335 1012 πρὸς
1374 929 1763 1009 στρατηΐας·
1808 922 1921 989 καὶ
1960 919 2262 1009 τριήρεες
2295 925 2372 988 αἱ
2402 920 2529 1009 μὲν
2571 924 2679 991 ἐπὶ
2714 929 2813 1012 τῇ

521 1032 764 1115 βορηΐῃ
791 1023 1101 1114 θαλάσσῃ
1134 1023 1585 1114 ἐποιήθησαν,
1634 1029 1711 1093 αἱ
1743 1021 1806 1093 δ’
1843 1028 1918 1093 ἐν
1957 1028 2051 1114 τῷ
2082 1020 2372 1116 Ἀραβίῳ
2416 1025 2645 1117 κόλπῳ
2682 1029 2813 1096 ἐπὶ

519 1135 601 1220 τῇ
623 1126 919 1218 Ἐρυθρῇ
946 1127 1286 1217 θαλάσσῃ,
1329 1133 1466 1196 τῶν
1507 1134 1603 1196 ἔτι
1634 1132 1705 1197 οἰ
1738 1123 1924 1197 ὁλκοὶ
1968 1129 2294 1214 ἐπίδηλοι.
2362 1130 2474 1196 καὶ
2513 1128 2819 1218 ταύτῃσί

521 1260 592 1302 τε
631 1236 863 1320 ἐχρᾶτο
894 1233 968 1299 ἐν
993 1237 1086 1323 τῷ
1123 1233 1376 1316 δέοντι,
1419 1232 1531 1299 καὶ
1563 1230 1849 1319 Σύροισι
1892 1234 2053 1318 πεζῇ
2081 1224 2118 1297 ὁ
2148 1227 2388 1311 Νεκῶς
2424 1231 2812 1320 συμβαλών

522 1402 732 1530 m?
752 1389 1608 1532 ⁶5sssff;{;‡.2¹e.f¹.¹¹⁶.}t⁷⁶ffi{2;2

523 1538 812 1598 secundae,
852 1552 991 1602 quae
1027 1537 1250 1597 dicitur,
1289 1537 1609 1587 declinatio-

522 1609 635 1668 nis;
683 1608 793 1658 vid.
833 1607 1064 1657 Bredov.
1108 1622 1236 1671 pag.
1277 1606 1398 1657 249.
1437 1637 1507 1646 -
1541 1607 1608 1656 In

522 1691 672 1744 seqq.
710 1679 783 1728 ad
816 1669 1023 1741 μεταξὺ
1054 1667 1316 1737 ὀρύσσων
1338 1677 1484 1726 conf.
1509 1677 1606 1739 IV,

524 1748 625 1798 155
660 1751 716 1797 et
746 1762 885 1813 quae
917 1745 989 1796 ad
1027 1744 1250 1796 similem
1277 1751 1607 1796 structuram

520 1816 823 1883 particulae
875 1807 1084 1865 αὐτίκα
1132 1831 1252 1866 cum
1313 1816 1604 1881 participio

522 1888 825 1939 monuimus
859 1885 927 1935 ad
966 1886 1011 1947 1,
1051 1885 1136 1934 79.
1175 1886 1251 1947 ΙΙ,
1297 1884 1411 1936 146.

591 1953 872 2022 μαντηΐου
928 1945 1209 2018 ἐμποδίου
1269 1948 1600 2018 γενομένου]

521 2026 824 2077 Intermissi
860 2024 1068 2074 canalis
1106 2040 1225 2074 eam
1249 2025 1486 2089 produnt
1509 2023 1606 2072 alii

522 2112 771 2157 causam,
810 2095 955 2159 quod
993 2094 1248 2158 Aegyptii
1285 2094 1607 2144 observave-

521 2166 656 2227 rint,
696 2164 916 2216 Arabici
952 2166 1102 2212 sinus
1127 2178 1320 2227 aquam
1357 2163 1605 2213 altiorem

523 2250 643 2284 esse
676 2249 833 2299 quam
873 2232 1185 2297 planitiem,
1236 2247 1265 2281 e
1302 2248 1410 2297 qua
1447 2247 1607 2282 cana-

521 2304 589 2354 lis
625 2306 679 2352 in
711 2317 858 2352 mare
885 2301 1231 2351 deducendus
1266 2308 1404 2351 erat.
1479 2302 1605 2351 Vid.

521 2371 804 2423 Aristotel.
827 2372 1056 2421 Meteor.
1091 2370 1137 2434 1,
1166 2370 1228 2419 14
1260 2371 1385 2421 coll.
1418 2372 1605 2421 Strab.

519 2442 699 2493 XVII.
738 2456 864 2506 pag.
903 2441 1007 2490 804
1041 2455 1086 2488 s.
1119 2454 1243 2504 pag.
1271 2440 1425 2492 1158.
1463 2441 1606 2491 Plin.

520 2511 593 2562 Η.
633 2512 698 2561 Ν.
737 2511 833 2572 VI,
872 2511 957 2561 29.
1032 2508 1286 2571 Accedit,
1336 2510 1508 2574 quod,
1546 2516 1609 2559 ut

521 2580 770 2632 nonnulli
805 2585 945 2630 teste
977 2579 1154 2630 Plinio
1204 2578 1461 2641 tradunt,
1507 2580 1609 2630 Ae-

521 2653 697 2718 gyptii
717 2651 1000 2711 timebant,
1021 2666 1089 2700 ne
1101 2650 1265 2698 maris
1292 2663 1435 2715 aqua
1459 2648 1609 2699 salsa

521 2738 587 2773 ex
611 2721 845 2773 Arabico
869 2721 992 2770 sinu
1020 2721 1074 2770 in
1100 2719 1344 2770 canalem
1371 2720 1608 2770 demissa

521 2792 728 2842 dulcem
772 2791 882 2841 Nili
930 2805 1154 2855 aquam,
1206 2805 1347 2853 quae
1389 2788 1507 2840 sola
1546 2788 1609 2837 il-

518 2862 624 2912 lius
662 2861 900 2926 regionis
937 2859 1145 2910 incolae
1192 2860 1448 2921 nutriret,
1490 2876 1607 2910 cor-

519 2935 810 2996 rumperet.
883 2931 969 2980 Tu
1016 2929 1125 2978 vid.
1169 2929 1437 2978 Mannert.
1491 2927 1525 2979 1.
1565 2928 1602 2979 l.

520 3015 649 3065 pag.
689 3000 808 3049 506.
847 2998 969 3048 511.
1041 2998 1214 3046 Veras
1254 3013 1450 3047 causas
1486 2997 1607 3046 dili-

522 3073 711 3134 genter
761 3067 1013 3129 exposuit
1060 3066 1139 3115 Le
1175 3066 1312 3115 Pere
1348 3065 1470 3116 loco
1519 3082 1607 3117 su-

521 3152 619 3203 pra
664 3136 889 3186 laudato
936 3150 1061 3200 pag.
1120 3134 1188 3184 68
1235 3150 1386 3200 seqq.
1434 3163 1499 3170 —
1539 3136 1605 3186 In

521 3222 674 3271 seqq.
701 3222 821 3256 cum
850 3205 1023 3255 Gaisf.
1058 3205 1315 3270 rescripsi
1337 3195 1415 3269 μὴ
1447 3204 1609 3268 σφίσι

521 3293 617 3342 pro
654 3276 880 3342 vulgata
915 3266 993 3338 μή
1031 3286 1167 3337 σφι..

883 3394 1015 3444 Car.
1057 3393 1248 3444 CLIX.

592 3473 682 3532 ἐπὶ
729 3480 798 3546 τῇ
843 3475 1053 3547 βορηΐῃ
1101 3471 1385 3546 θαλάσσῃ]
1438 3480 1609 3530 Recte

519 3552 831 3617 intelligunt
864 3555 1094 3602 triremes
1128 3555 1178 3601 in
1215 3552 1609 3614 septentrionale

522 3631 573 3673 et
616 3626 844 3673 australe
893 3637 1033 3671 mare
1079 3620 1361 3670 mittendas.
1447 3617 1604 3668 Conf.

520 3693 595 3754 11,
635 3692 733 3743 162
773 3683 864 3740 ἐπὶ
913 3686 1199 3756 βασιληΐῃ.
1273 3689 1354 3738 De
1399 3688 1608 3738 boreali

520 3762 654 3811 mari
685 3767 739 3811 et
775 3761 937 3811 rubro
977 3760 1091 3809 vid.
1131 3763 1244 3809 not.
1281 3757 1351 3807 ad
1388 3758 1464 3820 11,
1506 3758 1607 3807 158

522 3837 576 3880 et
613 3830 679 3880 de
712 3831 858 3896 regis
898 3829 1079 3879 studio
1127 3826 1423 3892 navigandi
1458 3827 1607 3877 conf.

519 3900 615 3960 IV,
652 3902 738 3949 42.
815 3899 1091 3949 Observat
1112 3898 1386 3947 Letronne
1418 3894 1604 3959 (Mem.

520 3968 586 4018 de
624 3958 831 4018 l’Acad.
851 3968 1034 4018 XVII.
1061 3982 1187 4032 pag.
1224 3965 1330 4030 19),
1356 3966 1607 4017 consulto

519 4038 695 4087 videri
738 4038 808 4086 ab
844 4036 1126 4086 Herodoto
1170 4035 1258 4085 hic
1307 4035 1413 4086 dici
1458 4038 1608 4086 trire-

519 4122 648 4170 mes,
686 4122 860 4171 neque
894 4104 1214 4170 simpliciter
1246 4121 1425 4166 naves,
1478 4121 1609 4170 qua-

517 4177 598 4227 les
638 4175 756 4226 scil.
800 4190 895 4240 per
934 4176 1241 4240 Aegyptum
1277 4174 1513 4225 usitatas
1549 4176 1608 4224 in

520 4247 655 4311 ipsis
691 4245 1084 4310 Aegyptiorum
1112 4244 1609 4298 monumentis.ad-

517 4317 625 4367 huc
658 4329 878 4366 cernere
911 4312 1057 4374 licet,
1095 4327 1205 4362 uno
1225 4327 1488 4362 remorum
1524 4328 1610 4363 or-

519 4386 644 4437 dine
673 4385 993 4446 instructas,
1025 4382 1121 4432 sed
1150 4396 1320 4432 naves
1348 4380 1420 4431 ad
1450 4380 1608 4432 belli-

1709 1414 1831 1449 cum
1846 1414 2004 1449 usum
2023 1398 2563 1463 adaptatasindeque
2588 1399 2812 1466 triplici

1708 1483 1976 1519 remorum
2000 1467 2189 1518 ordine
2209 1468 2527 1530 instructas,
2556 1485 2591 1519 a
2607 1469 2810 1521 Corin-

1709 1538 1837 1588 thiis
1870 1538 1993 1588 illas
2022 1538 2241 1602 quidem
2268 1538 2521 1588 inventas
2560 1544 2616 1589 et
2653 1539 2807 1591 inter

1710 1608 1948 1659 Graecos
1978 1607 2059 1657 ita
2087 1608 2345 1668 usitatas,
2375 1613 2437 1658 ut
2460 1607 2546 1657 vel
2573 1625 2605 1658 a
2629 1609 2807 1661 Grae·-

1710 1678 1788 1728 cis
1817 1676 1928 1726 tale
1949 1677 2167 1727 navium
2200 1692 2372 1742 genus
2396 1678 2465 1727 ad
2492 1678 2804 1742 Aegyptios

1707 1747 2016 1797 traductum
2037 1746 2209 1796 videri
2231 1751 2414 1810 queat.
2436 1749 2512 1787 ’-
2528 1749 2614 1798 Ad
2633 1744 2807 1799 ὁλκοὶ

1707 1814 1915 1866 consul.
1936 1820 2051 1866 not.
2077 1816 2147 1865 ad
2172 1816 2252 1877 ΙΙ,
2276 1816 2377 1866 154
2403 1815 2495 1867 fin.
2548 1818 2613 1867 In
2638 1836 2800 1885 seqq.

1708 1876 1908 1950 ἐχρᾶτο
1943 1884 2117 1935 valet:
2154 1887 2227 1935 uti
2253 1885 2477 1947 solebat,
2512 1892 2574 1936 ut
2604 1888 2805 1954 imper-

1707 1955 1841 2004 fecti
1885 1955 2144 2018 temporis
2192 1955 2277 2003 vis
2323 1959 2618 2020 appareat,
2671 1974 2803 2009 curn

1707 2029 2005 2089 sequantur
2026 2024 2215 2073 aoristi
2234 2013 2473 2088 ἐνίκησε,
2510 2019 2638 2090 εἷλε,
2669 2020 2805 2077 άυέ-

1708 2092 1875 2157 θηκε.
1922 2094 2153 2143 Locutio
2178 2086 2238 2140 ἐν
2260 2090 2337 2155 τῷ
2357 2087 2543 2144 δέοντι
2572 2095 2804 2159 (qnmzdo

1707 2177 1835 2226 opus
1871 2171 2012 2222 erat,
2068 2168 2347 2225 opportuno
2398 2166 2639 2230 tempore)
2686 2183 2802 2216 non

1707 2232 1936 2282 multum
1983 2230 2216 2281 discedit
2251 2247 2285 2281 a
2322 2230 2600 2286 locutione
2640 2228 2696 2293 ἐς
2732 2229 2803 2285 τὸ

1709 2296 1873 2361 δέον,
1913 2301 1980 2350 de
2015 2316 2125 2366 qua
2158 2300 2270 2349 vid.
2307 2302 2376 2351 ad
2413 2302 2461 2364 I,
2501 2303 2589 2355 32.

1779 2366 1875 2419 καὶ
1908 2361 2152 2432 Σύροισι
2174 2398 2246 2407 -
2273 2358 2333 2418 ἔν
2358 2366 2648 2441 Mardoi-qo
2685 2363 2803 2422 ἔνι’-

1708 2437 1865 2506 κησε]
1903 2439 2064 2504 Syros
2087 2440 2142 2490 h.
2179 2440 2217 2490 1.
2254 2440 2438 2491 latiori
2469 2457 2650 2504 sensu,
2689 2459 2802 2509 quo

1711 2509 1871 2559 simul
1918 2509 2156 2574 Assyrii,
2212 2509 2534 2575 Babylonii,
2586 2512 2800 2576 Iudaei,

1711 2578 1806 2628 alii
1843 2578 2396 2643 comprehendantur,
2445 2582 2801 2647 accipiendos

1710 2663 1829 2698 esse
1850 2649 1940 2698 vix
1968 2662 2183 2698 monere
2206 2651 2427 2700 attinet.
2496 2653 2635 2702 Sunt
2665 2668 2801 2702 vero

1708 2733 1899 2768 sacrae
1944 2717 2165 2778 literae,
2225 2735 2253 2768 e
2304 2720 2501 2784 quibus
2549 2721 2803 2771 nonnihil

1705 2787 1968 2839 illustrari
1986 2787 2191 2851 poterit
2205 2788 2543 2840 Herodotus:
2581 2790 2657 2840 IV
2682 2791 2801 2856 (ΙΙ)

1708 2859 1882 2922 Regg.
1924 2857 2136 2914 XXIII,
2168 2857 2236 2908 29
2269 2874 2421 2923 seqq.
2462 2859 2520 2909 11
2539 2859 2798 2911 chronic.

1707 2926 1927 2987 XXXV,
1964 2925 2032 2975 20
2076 2941 2226 2991 seqq.
2274 2928 2524 2989 xxxvl,
2572 2930 2605 2980 3
2642 2946 2798 2995 seqq.

1710 2997 1845 3047 Inde
1875 2996 2015 3045 enim
2045 2995 2428 3062 intelligimus,
2466 2998 2800 3063 Aegyptium

1708 3081 1888 3130 regem
1942 3064 2340 3128 expeditionem
2398 3072 2590 3117 contra
2630 3069 2802 3134 Assy-

1708 3135 1820 3185 rios
1856 3135 2164 3186 instituisse
2204 3136 2533 3201 Euphratem
2582 3153 2800 3190 versus.

1711 3205 1830 3266 Quo
1869 3219 1990 3254 cum
2036 3204 2141 3255 iter
2189 3221 2285 3270 per
2331 3206 2654 3257 Iudaeorum
2692 3213 2801 3258 ter-

1708 3289 1823 3323 ram
1845 3273 2086 3335 duceret,
2114 3275 2309 3336 Ionias,
2336 3275 2662 3326 Iudaeorum
2681 3293 2799 3338 rex,

1709 3343 1998 3406 Aegyptiis
2047 3346 2340 3395 transitum
2386 3360 2673 3396 recusasse
2717 3347 2801 3396 vi-

1710 3412 1894 3472 detur,
1948 3427 1980 3460 a
2025 3413 2223 3477 quibus
2280 3419 2460 3464 tamen
2508 3416 2688 3466 victus
2726 3416 2801 3466 ad

1709 3481 1967 3544 Megiddo
2005 3497 2173 3547 prope
2207 3482 2455 3533 'montem
2492 3485 2801 3536 Carmelum

1710 3550 1933 3599 vulnere
1971 3557 2195 3617 accepto
2237 3553 2354 3618 ipse
2390 3554 2545 3605 obiit.
2619 3554 2689 3605 In
2708 3571 2801 3605 cu·

1711 3621 1795 3669 ius
1832 3619 2013 3669 locum
2059 3621 2293 3673 Ioachas
2340 3621 2483 3673 filius
2527 3639 2560 3673 a
2598 3623 2799 3689 populo

1711 3691 2045 3740 constitutus
2111 3706 2205 3741 rex
2276 3692 2449 3741 tribus
2521 3694 2801 3746 mensibus

1710 3758 2098 3824 praeterlapsis
2135 3762 2204 3811 ab
2245 3761 2635 3826 Aegyptiorum
2672 3779 2804 3826 rege

1709 3828 1767 3878 in
1802 3829 2105 3893 Aegyptum
2135 3829 2403 3879 abductus
2441 3839 2525 3880 est
2552 3849 2804 3897 regnum-

1712 3912 1816 3961 que
1844 3898 2253 3949 fratriIoiakim
2290 3900 2572 3951 traditum.
2646 3904 2801 3964 Quae

1711 3967 1792 4016 ita
1823 3968 2036 4032 peregit
2058 3969 2237 4030 Nece,
2276 3970 2665 4033 Aegyptiorum
2686 3987 2801 4030 rex,

1709 4040 1772 4086 ut
1795 4050 2005 4086 omnem
2031 4038 2311 4088 Iudaicam
2336 4044 2555 4101 terram,
2582 4056 2650 4090 ne
2670 4041 2805 4091 Hie-

1710 4105 1998 4169 rosolymis
2035 4107 2251 4172 quidem
2291 4110 2559 4172 exceptis,
2606 4110 2664 4158 in
2701 4125 2808 4161 sua

1712 4179 1987 4240 potestate
2041 4175 2191 4227 illum
2237 4177 2497 4228 habuisse
2560 4178 2807 4230 dubitari

1710 4250 1965 4309 nequeat.
2044 4246 2197 4307 Quod
2235 4247 2374 4296 enim
2396 4247 2806 4311 Hierosolymo-

1712 4329 1831 4364 rum
1867 4314 2081 4377 urbem,
2116 4317 2268 4366 cuius
2289 4332 2551 4381 expressa
2582 4318 2802 4381 quidem

1711 4382 1828 4435 1.1.
1878 4383 2028 4434 nulla
2075 4384 2173 4434 fiat
2221 4385 2451 4450 mentio,
2501 4401 2536 4436 a
2578 4387 2805 4439 Necone
