<?xml version="1.0" encoding="UTF-8"?>
<!DOCTYPE html PUBLIC "-//W3C//DTD XHTML 1.0 Transitional//EN"
    "http://www.w3.org/TR/xhtml1/DTD/xhtml1-transitional.dtd">
<html xmlns="http://www.w3.org/1999/xhtml" xml:lang="en" lang="en">
 <head>
  <title>
</title>
<meta http-equiv="Content-Type" content="text/html;charset=utf-8" />
  <meta name='ocr-system' content='tesseract 3.04.00' />
  <meta name='ocr-capabilities' content='ocr_page ocr_carea ocr_par ocr_line ocrx_word'/>
</head>
<body>
  <div class='ocr_page' id='page_1' title='image "./herodotihalicar02unkngoog_0781.png"; bbox 0 0 3109 5092; ppageno 0'>
   <div class='ocr_carea' id='block_1_1' title="bbox 1082 328 1882 422">
    <p class='ocr_par' dir='ltr' id='par_1_1' title="bbox 1082 328 1882 422">
     <span class='ocr_line' id='line_1_1' title="bbox 1082 328 1882 422; baseline -0.003 -33"><span class='ocrx_word' id='word_1_1' title='bbox 1082 328 1583 422; x_wconf 73' lang='lat' dir='ltr'><strong>EUTERPE.</strong></span> <span class='ocrx_word' id='word_1_2' title='bbox 1627 329 1713 388; x_wconf 92' lang='lat'><strong>11.</strong></span> <span class='ocrx_word' id='word_1_3' title='bbox 1763 337 1882 390; x_wconf 81' lang='lat'><strong>145.</strong></span> 
     </span>
    </p>
   </div>
   <div class='ocr_carea' id='block_1_2' title="bbox 503 497 2772 593">
    <p class='ocr_par' dir='ltr' id='par_1_2' title="bbox 503 497 2772 593">
     <span class='ocr_line' id='line_1_2' title="bbox 503 497 2772 593; baseline -0.006 -18"><span class='ocrx_word' id='word_1_4' title='bbox 503 502 614 575; x_wconf 88' lang='grc' dir='ltr'><strong>Ἐν</strong></span> <span class='ocrx_word' id='word_1_5' title='bbox 634 501 910 593; x_wconf 80' lang='grc' dir='ltr'><strong><em>Ἕλλησι</em></strong></span> <span class='ocrx_word' id='word_1_6' title='bbox 950 507 1076 593; x_wconf 81' lang='grc' dir='ltr'><strong>μέν</strong></span> <span class='ocrx_word' id='word_1_7' title='bbox 1115 531 1247 574; x_wconf 85' lang='grc' dir='ltr'><strong>νυν</strong></span> <span class='ocrx_word' id='word_1_8' title='bbox 1294 502 1619 575; x_wconf 79' lang='grc' dir='ltr'><strong><em>νει-ότατοι</em></strong></span> <span class='ocrx_word' id='word_1_9' title='bbox 1648 508 1785 572; x_wconf 76' lang='grc' dir='ltr'><strong>τῶν</strong></span> <span class='ocrx_word' id='word_1_10' title='bbox 1809 507 2001 572; x_wconf 71' lang='grc' dir='ltr'><strong><em>θεοῖν</em></strong></span> <span class='ocrx_word' id='word_1_11' title='bbox 2036 506 2417 590; x_wconf 77' lang='grc' dir='ltr'><strong><em>νομίζονται</em></strong></span> <span class='ocrx_word' id='word_1_12' title='bbox 2457 497 2632 570; x_wconf 85' lang='grc' dir='ltr'><strong><em>εἶναι</em></strong></span> <span class='ocrx_word' id='word_1_13' title='bbox 2652 503 2772 564; x_wconf 85' lang='grc'><strong>145</strong></span> 
     </span>
    </p>
   </div>
   <div class='ocr_carea' id='block_1_3' title="bbox 2510 322 2625 386">
    <p class='ocr_par' dir='ltr' id='par_1_3' title="bbox 2510 322 2625 386">
     <span class='ocr_line' id='line_1_3' title="bbox 2510 322 2625 386; baseline -0.026 0"><span class='ocrx_word' id='word_1_14' title='bbox 2510 322 2625 386; x_wconf 85' lang='grc'><strong>761</strong></span> 
     </span>
    </p>
   </div>
   <div class='ocr_carea' id='block_1_4' title="bbox 349 600 2639 1114">
    <p class='ocr_par' dir='ltr' id='par_1_4' title="bbox 349 600 2639 1114">
     <span class='ocr_line' id='line_1_4' title="bbox 349 600 2638 699; baseline -0.003 -18"><span class='ocrx_word' id='word_1_15' title='bbox 349 606 714 699; x_wconf 81' lang='grc' dir='ltr'><strong><em>Ἡρακλέης</em></strong></span> <span class='ocrx_word' id='word_1_16' title='bbox 742 636 813 678; x_wconf 87' lang='grc' dir='ltr'><strong>τε</strong></span> <span class='ocrx_word' id='word_1_17' title='bbox 842 609 954 677; x_wconf 79' lang='grc' dir='ltr'><strong><em>καὶ</em></strong></span> <span class='ocrx_word' id='word_1_18' title='bbox 983 607 1321 689; x_wconf 82' lang='grc' dir='ltr'><strong><em>Διόνυσος</em></strong></span> <span class='ocrx_word' id='word_1_19' title='bbox 1347 609 1459 677; x_wconf 79' lang='grc' dir='ltr'><strong><em>καὶ</em></strong></span> <span class='ocrx_word' id='word_1_20' title='bbox 1489 604 1677 693; x_wconf 76' lang='grc' dir='ltr'><strong><em>Πὰν,</em></strong></span> <span class='ocrx_word' id='word_1_21' title='bbox 1720 603 1879 695; x_wconf 86' lang='grc' dir='ltr'><strong><em>παρ’</em></strong></span> <span class='ocrx_word' id='word_1_22' title='bbox 1913 611 2347 692; x_wconf 76' lang='grc' dir='ltr'><strong><em>Αἰγυπτίοισι</em></strong></span> <span class='ocrx_word' id='word_1_23' title='bbox 2377 603 2451 673; x_wconf 71' lang='grc' dir='ltr'><strong>δὲ</strong></span> <span class='ocrx_word' id='word_1_24' title='bbox 2481 600 2638 674; x_wconf 77' lang='grc' dir='ltr'><strong>Πὰν</strong></span> 
     </span>
     <span class='ocr_line' id='line_1_5' title="bbox 357 708 2637 804; baseline -0.003 -20"><span class='ocrx_word' id='word_1_25' title='bbox 357 715 485 804; x_wconf 70' lang='grc' dir='ltr'><strong>μὲν</strong></span> <span class='ocrx_word' id='word_1_26' title='bbox 512 710 948 802; x_wconf 78' lang='grc' dir='ltr'><strong><em>ἀρχαιότατος</em></strong></span> <span class='ocrx_word' id='word_1_27' title='bbox 986 713 1099 780; x_wconf 80' lang='grc' dir='ltr'><strong><em>καὶ</em></strong></span> <span class='ocrx_word' id='word_1_28' title='bbox 1125 715 1262 780; x_wconf 76' lang='grc' dir='ltr'><strong>τῶν</strong></span> <span class='ocrx_word' id='word_1_29' title='bbox 1303 708 1479 781; x_wconf 69' lang='grc' dir='ltr'><strong><em>ὀκτώ</em></strong></span> <span class='ocrx_word' id='word_1_30' title='bbox 1504 716 1644 781; x_wconf 73' lang='grc' dir='ltr'><strong>τῶν</strong></span> <span class='ocrx_word' id='word_1_31' title='bbox 1670 709 1959 800; x_wconf 73' lang='grc' dir='ltr'><strong><em>πρώτων</em></strong></span> <span class='ocrx_word' id='word_1_32' title='bbox 2000 711 2384 798; x_wconf 76' lang='grc' dir='ltr'><strong><em>λεγομένων</em></strong></span> <span class='ocrx_word' id='word_1_33' title='bbox 2424 712 2637 794; x_wconf 74' lang='grc' dir='ltr'><strong><em>θεῶν,</em></strong></span> 
     </span>
     <span class='ocr_line' id='line_1_6' title="bbox 350 810 2639 907; baseline -0.003 -20"><span class='ocrx_word' id='word_1_34' title='bbox 350 814 716 907; x_wconf 77' lang='grc' dir='ltr'><strong><em>Ἡρακλέης</em></strong></span> <span class='ocrx_word' id='word_1_35' title='bbox 754 816 832 885; x_wconf 73' lang='grc' dir='ltr'><strong>δὲ</strong></span> <span class='ocrx_word' id='word_1_36' title='bbox 868 820 1008 885; x_wconf 71' lang='grc' dir='ltr'><strong>τῶν</strong></span> <span class='ocrx_word' id='word_1_37' title='bbox 1040 817 1412 904; x_wconf 79' lang='grc' dir='ltr'><strong><em>δευτέρων,</em></strong></span> <span class='ocrx_word' id='word_1_38' title='bbox 1472 821 1610 884; x_wconf 76' lang='grc' dir='ltr'><strong>τῶν</strong></span> <span class='ocrx_word' id='word_1_39' title='bbox 1656 815 1969 884; x_wconf 76' lang='grc' dir='ltr'><strong><em>δυώδεκα</em></strong></span> <span class='ocrx_word' id='word_1_40' title='bbox 2011 814 2397 901; x_wconf 76' lang='grc' dir='ltr'><strong><em>λεγομένων</em></strong></span> <span class='ocrx_word' id='word_1_41' title='bbox 2441 810 2639 898; x_wconf 82' lang='grc' dir='ltr'><strong><em>εἶναι,</em></strong></span> 
     </span>
     <span class='ocr_line' id='line_1_7' title="bbox 360 915 2637 1009; baseline -0.003 -18"><span class='ocrx_word' id='word_1_42' title='bbox 360 920 699 1002; x_wconf 82' lang='grc' dir='ltr'><strong><em>Διόνυσος</em></strong></span> <span class='ocrx_word' id='word_1_43' title='bbox 741 920 816 990; x_wconf 73' lang='grc' dir='ltr'><strong>δὲ</strong></span> <span class='ocrx_word' id='word_1_44' title='bbox 844 924 984 988; x_wconf 74' lang='grc' dir='ltr'><strong>τῶν</strong></span> <span class='ocrx_word' id='word_1_45' title='bbox 1023 926 1304 1009; x_wconf 78' lang='grc' dir='ltr'><strong><em>τρίτων,</em></strong></span> <span class='ocrx_word' id='word_1_46' title='bbox 1355 926 1423 988; x_wconf 83' lang='grc' dir='ltr'><strong>οἳ</strong></span> <span class='ocrx_word' id='word_1_47' title='bbox 1450 922 1522 989; x_wconf 81' lang='grc' dir='ltr'><strong>ἐκ</strong></span> <span class='ocrx_word' id='word_1_48' title='bbox 1550 923 1689 987; x_wconf 73' lang='grc' dir='ltr'><strong>τῶν</strong></span> <span class='ocrx_word' id='word_1_49' title='bbox 1718 916 2031 988; x_wconf 70' lang='grc' dir='ltr'><strong><em>δυώδεκα</em></strong></span> <span class='ocrx_word' id='word_1_50' title='bbox 2075 921 2265 987; x_wconf 70' lang='grc' dir='ltr'><strong><em>θεῶν</em></strong></span> <span class='ocrx_word' id='word_1_51' title='bbox 2305 915 2637 1002; x_wconf 77' lang='grc' dir='ltr'><strong><em>ἐγένοντο.</em></strong></span> 
     </span>
     <span class='ocr_line' id='line_1_8' title="bbox 350 1017 2635 1114; baseline -0.003 -19"><span class='ocrx_word' id='word_1_52' title='bbox 350 1020 668 1114; x_wconf 78' lang='grc' dir='ltr'><strong><em>Ἡρακλέι·</em></strong></span> <span class='ocrx_word' id='word_1_53' title='bbox 699 1024 826 1113; x_wconf 70' lang='grc' dir='ltr'><strong>μὲν</strong></span> <span class='ocrx_word' id='word_1_54' title='bbox 857 1020 941 1111; x_wconf 81' lang='grc' dir='ltr'><strong>δὴ</strong></span> <span class='ocrx_word' id='word_1_55' title='bbox 975 1017 1098 1091; x_wconf 79' lang='grc' dir='ltr'><strong><em>ὅσα</em></strong></span> <span class='ocrx_word' id='word_1_56' title='bbox 1128 1019 1320 1092; x_wconf 78' lang='grc' dir='ltr'><strong><em>αὐτοὶ</em></strong></span> <span class='ocrx_word' id='word_1_57' title='bbox 1349 1022 1718 1109; x_wconf 80' lang='grc' dir='ltr'><strong><em>Αἰγύπτιοί</em></strong></span> <span class='ocrx_word' id='word_1_58' title='bbox 1749 1043 1916 1110; x_wconf 86' lang='grc' dir='ltr'><strong><em>φασι</em></strong></span> <span class='ocrx_word' id='word_1_59' title='bbox 1957 1019 2133 1091; x_wconf 82' lang='grc' dir='ltr'><strong><em>εἶναι</em></strong></span> <span class='ocrx_word' id='word_1_60' title='bbox 2172 1026 2321 1090; x_wconf 83' lang='grc' dir='ltr'><strong><em>ἔτεα</em></strong></span> <span class='ocrx_word' id='word_1_61' title='bbox 2349 1022 2416 1099; x_wconf 80' lang='grc' dir='ltr'><strong>ἐς</strong></span> <span class='ocrx_word' id='word_1_62' title='bbox 2442 1017 2635 1108; x_wconf 72' lang='grc' dir='ltr'><strong><em>Ἄμα-</em></strong></span> 
     </span>
    </p>
   </div>
   <div class='ocr_carea' id='block_1_5' title="bbox 359 1126 1448 1217">
    <p class='ocr_par' dir='ltr' id='par_1_5' title="bbox 359 1126 1448 1217">
     <span class='ocr_line' id='line_1_9' title="bbox 359 1126 1448 1217; baseline -0.001 -20"><span class='ocrx_word' id='word_1_63' title='bbox 359 1149 473 1198; x_wconf 89' lang='grc' dir='ltr'><strong>σιν</strong></span> <span class='ocrx_word' id='word_1_64' title='bbox 524 1131 841 1217; x_wconf 81' lang='grc' dir='ltr'><strong><em>βασιλέα,</em></strong></span> <span class='ocrx_word' id='word_1_65' title='bbox 909 1126 1293 1216; x_wconf 79' lang='grc' dir='ltr'><strong><em>δεδήλωταί</em></strong></span> <span class='ocrx_word' id='word_1_66' title='bbox 1335 1154 1448 1215; x_wconf 87' lang='grc' dir='ltr'><strong>μοι</strong></span> 
     </span>
    </p>
   </div>
   <div class='ocr_carea' id='block_1_6' title="bbox 349 1330 1450 2079">
    <p class='ocr_par' dir='ltr' id='par_1_6' title="bbox 349 1330 1450 2079">
     <span class='ocr_line' id='line_1_10' title="bbox 358 1330 1448 1396; baseline -0.001 -14"><span class='ocrx_word' id='word_1_67' title='bbox 358 1332 465 1394; x_wconf 84' lang='lat' dir='ltr'><strong>Qui</strong></span> <span class='ocrx_word' id='word_1_68' title='bbox 501 1332 618 1396; x_wconf 91' lang='lat' dir='ltr'><strong>ipse</strong></span> <span class='ocrx_word' id='word_1_69' title='bbox 651 1330 756 1380; x_wconf 92' lang='lat' dir='ltr'><strong>hoc</strong></span> <span class='ocrx_word' id='word_1_70' title='bbox 792 1345 986 1380; x_wconf 88' lang='lat' dir='ltr'><strong>nomen</strong></span> <span class='ocrx_word' id='word_1_71' title='bbox 1023 1344 1132 1379; x_wconf 88' lang='lat' dir='ltr'><strong>non</strong></span> <span class='ocrx_word' id='word_1_72' title='bbox 1169 1331 1448 1396; x_wconf 85' lang='lat' dir='ltr'><strong>proprium</strong></span> 
     </span>
     <span class='ocr_line' id='line_1_11' title="bbox 358 1399 1446 1465; baseline -0.001 -13"><span class='ocrx_word' id='word_1_73' title='bbox 358 1401 455 1453; x_wconf 90' lang='lat' dir='ltr'><strong>sed</strong></span> <span class='ocrx_word' id='word_1_74' title='bbox 489 1399 882 1465; x_wconf 77' lang='lat' dir='ltr'><strong>appellativum</strong></span> <span class='ocrx_word' id='word_1_75' title='bbox 917 1415 1067 1461; x_wconf 88' lang='lat' dir='ltr'><strong>esse,</strong></span> <span class='ocrx_word' id='word_1_76' title='bbox 1106 1400 1250 1465; x_wconf 92' lang='lat' dir='ltr'><strong>quod</strong></span> <span class='ocrx_word' id='word_1_77' title='bbox 1279 1401 1446 1451; x_wconf 88' lang='lat' dir='ltr'><strong>etiam</strong></span> 
     </span>
     <span class='ocr_line' id='line_1_12' title="bbox 357 1469 1448 1532; baseline -0.002 -10"><span class='ocrx_word' id='word_1_78' title='bbox 357 1471 481 1522; x_wconf 88' lang='lat' dir='ltr'><strong>aliis</strong></span> <span class='ocrx_word' id='word_1_79' title='bbox 517 1472 623 1522; x_wconf 90' lang='lat' dir='ltr'><strong>diis</strong></span> <span class='ocrx_word' id='word_1_80' title='bbox 656 1470 916 1520; x_wconf 87' lang='lat' dir='ltr'><strong>tributum</strong></span> <span class='ocrx_word' id='word_1_81' title='bbox 949 1469 1141 1532; x_wconf 85' lang='lat' dir='ltr'><strong>fuerit,</strong></span> <span class='ocrx_word' id='word_1_82' title='bbox 1192 1471 1448 1521; x_wconf 83' lang='lat' dir='ltr'><strong>observat</strong></span> 
     </span>
     <span class='ocr_line' id='line_1_13' title="bbox 349 1539 1447 1607; baseline -0.001 -16"><span class='ocrx_word' id='word_1_83' title='bbox 349 1556 660 1607; x_wconf 80' lang='lat' dir='ltr'><em>poenamque</em></span> <span class='ocrx_word' id='word_1_84' title='bbox 706 1539 1031 1591; x_wconf 75' lang='lat' dir='ltr'><strong>retribuentis</strong></span> <span class='ocrx_word' id='word_1_85' title='bbox 1073 1539 1348 1591; x_wconf 86' lang='lat' dir='ltr'><strong>notionem</strong></span> <span class='ocrx_word' id='word_1_86' title='bbox 1384 1557 1447 1591; x_wconf 92' lang='lat' dir='ltr'><strong>eo</strong></span> 
     </span>
     <span class='ocr_line' id='line_1_14' title="bbox 359 1608 1447 1675; baseline -0.001 -13"><span class='ocrx_word' id='word_1_87' title='bbox 359 1609 628 1662; x_wconf 85' lang='lat' dir='ltr'><strong>declarari</strong></span> <span class='ocrx_word' id='word_1_88' title='bbox 663 1609 841 1660; x_wconf 81' lang='lat' dir='ltr'><strong>addit:</strong></span> <span class='ocrx_word' id='word_1_89' title='bbox 890 1608 1035 1675; x_wconf 90' lang='lat' dir='ltr'><strong>quod</strong></span> <span class='ocrx_word' id='word_1_90' title='bbox 1074 1624 1192 1658; x_wconf 90' lang='lat' dir='ltr'><strong>cum</strong></span> <span class='ocrx_word' id='word_1_91' title='bbox 1227 1610 1327 1661; x_wconf 84' lang='lat' dir='ltr'><strong>deo</strong></span> <span class='ocrx_word' id='word_1_92' title='bbox 1365 1611 1447 1660; x_wconf 92' lang='lat' dir='ltr'><strong>in-</strong></span> 
     </span>
     <span class='ocr_line' id='line_1_15' title="bbox 357 1678 1446 1746; baseline -0.001 -15"><span class='ocrx_word' id='word_1_93' title='bbox 357 1683 592 1731; x_wconf 79' lang='lat' dir='ltr'><strong>ferorum</strong></span> <span class='ocrx_word' id='word_1_94' title='bbox 630 1680 880 1744; x_wconf 81' lang='lat' dir='ltr'><strong>praeside</strong></span> <span class='ocrx_word' id='word_1_95' title='bbox 903 1695 970 1729; x_wconf 87' lang='lat' dir='ltr'><strong>ac</strong></span> <span class='ocrx_word' id='word_1_96' title='bbox 997 1678 1176 1729; x_wconf 89' lang='lat' dir='ltr'><strong>iudice</strong></span> <span class='ocrx_word' id='word_1_97' title='bbox 1197 1696 1446 1746; x_wconf 81' lang='lat' dir='ltr'><strong>supremo</strong></span> 
     </span>
     <span class='ocr_line' id='line_1_16' title="bbox 358 1747 1450 1801; baseline -0.001 0"><span class='ocrx_word' id='word_1_98' title='bbox 358 1751 647 1801; x_wconf 86' lang='lat' dir='ltr'><strong>convenire</strong></span> <span class='ocrx_word' id='word_1_99' title='bbox 684 1765 842 1800; x_wconf 87' lang='lat' dir='ltr'><strong>nemo</strong></span> <span class='ocrx_word' id='word_1_100' title='bbox 870 1765 976 1799; x_wconf 88' lang='lat' dir='ltr'><strong>non</strong></span> <span class='ocrx_word' id='word_1_101' title='bbox 1005 1747 1174 1798; x_wconf 78' lang='lat' dir='ltr'><strong>videt.</strong></span> <span class='ocrx_word' id='word_1_102' title='bbox 1249 1751 1314 1801; x_wconf 90' lang='lat' dir='ltr'><strong>In</strong></span> <span class='ocrx_word' id='word_1_103' title='bbox 1339 1749 1450 1800; x_wconf 87' lang='lat' dir='ltr'><strong>alia</strong></span> 
     </span>
     <span class='ocr_line' id='line_1_17' title="bbox 354 1818 1446 1885; baseline 0.001 -16"><span class='ocrx_word' id='word_1_104' title='bbox 354 1820 516 1884; x_wconf 82' lang='lat' dir='ltr'><strong>plane</strong></span> <span class='ocrx_word' id='word_1_105' title='bbox 568 1819 684 1869; x_wconf 82' lang='lat' dir='ltr'><strong>abit</strong></span> <span class='ocrx_word' id='word_1_106' title='bbox 734 1819 1033 1883; x_wconf 81' lang='lat' dir='ltr'><strong>Seyfl&#39;arth:</strong></span> <span class='ocrx_word' id='word_1_107' title='bbox 1093 1818 1350 1885; x_wconf 71' lang='lat' dir='ltr'><strong>Beitriige</strong></span> <span class='ocrx_word' id='word_1_108' title='bbox 1397 1836 1446 1870; x_wconf 83' lang='lat' dir='ltr'><strong>z.</strong></span> 
     </span>
     <span class='ocr_line' id='line_1_18' title="bbox 358 1888 1445 1954; baseline 0.001 -14"><span class='ocrx_word' id='word_1_109' title='bbox 358 1891 599 1940; x_wconf 85' lang='lat' dir='ltr'><strong>Kenntn.</strong></span> <span class='ocrx_word' id='word_1_110' title='bbox 650 1888 703 1938; x_wconf 91' lang='lat' dir='ltr'><strong>d.</strong></span> <span class='ocrx_word' id='word_1_111' title='bbox 754 1888 852 1939; x_wconf 84' lang='lat' dir='ltr'><strong>alt.</strong></span> <span class='ocrx_word' id='word_1_112' title='bbox 903 1888 1137 1953; x_wconf 78' lang='lat' dir='ltr'><strong>Aegypt.</strong></span> <span class='ocrx_word' id='word_1_113' title='bbox 1187 1888 1264 1941; x_wconf 92' lang='lat'><strong>11.</strong></span> <span class='ocrx_word' id='word_1_114' title='bbox 1316 1904 1445 1954; x_wconf 80' lang='lat' dir='ltr'><strong>pag.</strong></span> 
     </span>
     <span class='ocr_line' id='line_1_19' title="bbox 360 1956 1448 2024; baseline 0 -15"><span class='ocrx_word' id='word_1_115' title='bbox 360 1959 460 2010; x_wconf 85' lang='grc'><strong>113</strong></span> <span class='ocrx_word' id='word_1_116' title='bbox 479 1975 653 2024; x_wconf 66' lang='lat' dir='ltr'><strong>seqq„</strong></span> <span class='ocrx_word' id='word_1_117' title='bbox 684 1957 753 2007; x_wconf 87' lang='lat' dir='ltr'><strong>ad</strong></span> <span class='ocrx_word' id='word_1_118' title='bbox 774 1958 955 2009; x_wconf 89' lang='lat' dir='ltr'><strong>sidera</strong></span> <span class='ocrx_word' id='word_1_119' title='bbox 977 1962 1031 2008; x_wconf 89' lang='lat' dir='ltr'><strong>et</strong></span> <span class='ocrx_word' id='word_1_120' title='bbox 1050 1956 1448 2023; x_wconf 59' lang='lat' dir='ltr'><strong>planetaffOsi-</strong></span> 
     </span>
     <span class='ocr_line' id='line_1_20' title="bbox 357 2028 845 2079; baseline 0.002 -2"><span class='ocrx_word' id='word_1_121' title='bbox 357 2028 527 2079; x_wconf 86' lang='lat' dir='ltr'><strong>ridem</strong></span> <span class='ocrx_word' id='word_1_122' title='bbox 562 2043 845 2079; x_wconf 84' lang='lat' dir='ltr'><strong>revocans.</strong></span> 
     </span>
    </p>
   </div>
   <div class='ocr_carea' id='block_1_7' title="bbox 707 2234 1092 2287">
    <p class='ocr_par' dir='ltr' id='par_1_7' title="bbox 707 2234 1092 2287">
     <span class='ocr_line' id='line_1_21' title="bbox 707 2234 1092 2287; baseline -0.003 -1"><span class='ocrx_word' id='word_1_123' title='bbox 707 2234 838 2287; x_wconf 65' lang='lat' dir='ltr'><strong>Car.</strong></span> <span class='ocrx_word' id='word_1_124' title='bbox 882 2234 1092 2286; x_wconf 85' lang='lat' dir='ltr'>CXLV.</span> 
     </span>
    </p>
   </div>
   <div class='ocr_carea' id='block_1_8' title="bbox 346 2364 1447 4455">
    <p class='ocr_par' dir='ltr' id='par_1_8' title="bbox 346 2364 1447 4455">
     <span class='ocr_line' id='line_1_22' title="bbox 421 2364 1445 2437; baseline 0 -14"><span class='ocrx_word' id='word_1_125' title='bbox 421 2364 764 2436; x_wconf 73' lang='grc' dir='ltr'><strong><em>Ἐν”Ε1λησι</em></strong></span> <span class='ocrx_word' id='word_1_126' title='bbox 786 2366 890 2437; x_wconf 79' lang='grc' dir='ltr'><strong>μέν</strong></span> <span class='ocrx_word' id='word_1_127' title='bbox 910 2388 1018 2422; x_wconf 82' lang='grc' dir='ltr'><strong>νυν</strong></span> <span class='ocrx_word' id='word_1_128' title='bbox 1036 2364 1306 2423; x_wconf 72' lang='grc' dir='ltr'><strong><em>νεώτατοι</em></strong></span> <span class='ocrx_word' id='word_1_129' title='bbox 1329 2371 1445 2423; x_wconf 74' lang='grc' dir='ltr'><strong>τῶν</strong></span> 
     </span>
     <span class='ocr_line' id='line_1_23' title="bbox 358 2441 1445 2510; baseline 0.001 -17"><span class='ocrx_word' id='word_1_130' title='bbox 358 2442 518 2493; x_wconf 76' lang='grc' dir='ltr'><strong><em>θεῶν</em></strong></span> <span class='ocrx_word' id='word_1_131' title='bbox 557 2441 884 2507; x_wconf 78' lang='grc' dir='ltr'><strong><em>νομίζονται</em></strong></span> <span class='ocrx_word' id='word_1_132' title='bbox 920 2458 974 2491; x_wconf 81' lang='grc' dir='ltr'><strong>ιι.</strong></span> <span class='ocrx_word' id='word_1_133' title='bbox 1021 2459 1067 2492; x_wconf 90' lang='grc' dir='ltr'><strong>τ.</strong></span> <span class='ocrx_word' id='word_1_134' title='bbox 1106 2441 1178 2510; x_wconf 82' lang='grc' dir='ltr'><strong>λ.]</strong></span> <span class='ocrx_word' id='word_1_135' title='bbox 1217 2443 1445 2508; x_wconf 88' lang='lat' dir='ltr'><strong>Compa-</strong></span> 
     </span>
     <span class='ocr_line' id='line_1_24' title="bbox 359 2511 1445 2579; baseline 0 -15"><span class='ocrx_word' id='word_1_136' title='bbox 359 2513 533 2564; x_wconf 85' lang='lat' dir='ltr'><strong>randa</strong></span> <span class='ocrx_word' id='word_1_137' title='bbox 566 2518 719 2575; x_wconf 89' lang='lat' dir='ltr'><strong>suut,</strong></span> <span class='ocrx_word' id='word_1_138' title='bbox 768 2529 903 2579; x_wconf 88' lang='lat' dir='ltr'><strong>quae</strong></span> <span class='ocrx_word' id='word_1_139' title='bbox 952 2513 1022 2563; x_wconf 89' lang='lat' dir='ltr'><strong>ad</strong></span> <span class='ocrx_word' id='word_1_140' title='bbox 1059 2512 1139 2575; x_wconf 90' lang='lat'><strong>11,</strong></span> <span class='ocrx_word' id='word_1_141' title='bbox 1181 2511 1249 2562; x_wconf 75' lang='lat'><strong>43</strong></span> <span class='ocrx_word' id='word_1_142' title='bbox 1286 2517 1342 2564; x_wconf 87' lang='lat' dir='ltr'><strong>et</strong></span> <span class='ocrx_word' id='word_1_143' title='bbox 1376 2513 1445 2564; x_wconf 80' lang='lat'><strong>46</strong></span> 
     </span>
     <span class='ocr_line' id='line_1_25' title="bbox 357 2582 1443 2648; baseline 0 -14"><span class='ocrx_word' id='word_1_144' title='bbox 357 2584 745 2648; x_wconf 78' lang='lat' dir='ltr'><strong>adscripsimus</strong></span> <span class='ocrx_word' id='word_1_145' title='bbox 805 2582 1072 2647; x_wconf 87' lang='lat' dir='ltr'><strong>simulque</strong></span> <span class='ocrx_word' id='word_1_146' title='bbox 1115 2582 1443 2645; x_wconf 87' lang='lat' dir='ltr'><strong>adiicienda,</strong></span> 
     </span>
     <span class='ocr_line' id='line_1_26' title="bbox 358 2651 1444 2721; baseline 0.001 -18"><span class='ocrx_word' id='word_1_147' title='bbox 358 2669 497 2721; x_wconf 85' lang='lat' dir='ltr'><strong>quae</strong></span> <span class='ocrx_word' id='word_1_148' title='bbox 532 2652 600 2702; x_wconf 92' lang='lat' dir='ltr'><strong>de</strong></span> <span class='ocrx_word' id='word_1_149' title='bbox 628 2651 842 2718; x_wconf 79' lang='lat' dir='ltr'><strong>triplice</strong></span> <span class='ocrx_word' id='word_1_150' title='bbox 875 2652 1066 2702; x_wconf 85' lang='lat' dir='ltr'><strong>ordine</strong></span> <span class='ocrx_word' id='word_1_151' title='bbox 1101 2653 1322 2703; x_wconf 87' lang='lat' dir='ltr'><strong>deorum</strong></span> <span class='ocrx_word' id='word_1_152' title='bbox 1343 2654 1444 2704; x_wconf 85' lang='lat' dir='ltr'><strong>Ac-</strong></span> 
     </span>
     <span class='ocr_line' id='line_1_27' title="bbox 358 2721 1447 2788; baseline 0.002 -18"><span class='ocrx_word' id='word_1_153' title='bbox 358 2722 699 2788; x_wconf 80' lang='lat' dir='ltr'><strong>gyptiorum,</strong></span> <span class='ocrx_word' id='word_1_154' title='bbox 749 2722 1041 2786; x_wconf 87' lang='lat' dir='ltr'><strong>primorum</strong></span> <span class='ocrx_word' id='word_1_155' title='bbox 1080 2721 1271 2786; x_wconf 89' lang='lat' dir='ltr'><strong>(octo),</strong></span> <span class='ocrx_word' id='word_1_156' title='bbox 1308 2722 1447 2773; x_wconf 87' lang='lat' dir='ltr'><strong>alte·</strong></span> 
     </span>
     <span class='ocr_line' id='line_1_28' title="bbox 356 2790 1442 2857; baseline 0 -15"><span class='ocrx_word' id='word_1_157' title='bbox 356 2807 536 2842; x_wconf 87' lang='lat' dir='ltr'><strong>rorum</strong></span> <span class='ocrx_word' id='word_1_158' title='bbox 592 2790 949 2857; x_wconf 82' lang='lat' dir='ltr'><strong>(duodecim),</strong></span> <span class='ocrx_word' id='word_1_159' title='bbox 1006 2791 1320 2856; x_wconf 87' lang='lat' dir='ltr'><strong>tertiorum,</strong></span> <span class='ocrx_word' id='word_1_160' title='bbox 1384 2793 1442 2843; x_wconf 89' lang='lat' dir='ltr'><strong>in</strong></span> 
     </span>
     <span class='ocr_line' id='line_1_29' title="bbox 357 2859 1440 2926; baseline 0.001 -15"><span class='ocrx_word' id='word_1_161' title='bbox 357 2861 553 2926; x_wconf 89' lang='lat' dir='ltr'><strong>quibus</strong></span> <span class='ocrx_word' id='word_1_162' title='bbox 607 2861 725 2924; x_wconf 89' lang='lat' dir='ltr'><strong>ipse</strong></span> <span class='ocrx_word' id='word_1_163' title='bbox 772 2859 947 2910; x_wconf 79' lang='lat' dir='ltr'><strong>Osiris</strong></span> <span class='ocrx_word' id='word_1_164' title='bbox 997 2860 1275 2926; x_wconf 80' lang='lat' dir='ltr'><strong>Dionysus</strong></span> <span class='ocrx_word' id='word_1_165' title='bbox 1338 2867 1440 2924; x_wconf 89' lang='lat' dir='ltr'><strong>est,</strong></span> 
     </span>
     <span class='ocr_line' id='line_1_30' title="bbox 356 2929 1437 2997; baseline 0.003 -17"><span class='ocrx_word' id='word_1_166' title='bbox 356 2930 615 2981; x_wconf 84' lang='lat' dir='ltr'><strong>disseruit</strong></span> <span class='ocrx_word' id='word_1_167' title='bbox 645 2930 941 2980; x_wconf 84' lang='lat' dir='ltr'><strong>Creuzerus</strong></span> <span class='ocrx_word' id='word_1_168' title='bbox 972 2929 1174 2981; x_wconf 85' lang='lat' dir='ltr'><strong>Comm.</strong></span> <span class='ocrx_word' id='word_1_169' title='bbox 1197 2931 1357 2982; x_wconf 84' lang='lat' dir='ltr'><strong>Herr.</strong></span> <span class='ocrx_word' id='word_1_170' title='bbox 1387 2949 1437 2997; x_wconf 89' lang='lat' dir='ltr'><strong>p.</strong></span> 
     </span>
     <span class='ocr_line' id='line_1_31' title="bbox 355 3000 1443 3066; baseline 0.001 -15"><span class='ocrx_word' id='word_1_171' title='bbox 355 3002 457 3052; x_wconf 82' lang='lat'><strong>205</strong></span> <span class='ocrx_word' id='word_1_172' title='bbox 491 3016 641 3066; x_wconf 87' lang='lat' dir='ltr'><strong>seqq.</strong></span> <span class='ocrx_word' id='word_1_173' title='bbox 718 3000 939 3060; x_wconf 86' lang='lat' dir='ltr'><strong>„Habet</strong></span> <span class='ocrx_word' id='word_1_174' title='bbox 974 3000 1224 3051; x_wconf 84' lang='lat' dir='ltr'><strong>nimirum</strong></span> <span class='ocrx_word' id='word_1_175' title='bbox 1259 3001 1443 3052; x_wconf 89' lang='lat' dir='ltr'><strong>huius-</strong></span> 
     </span>
     <span class='ocr_line' id='line_1_32' title="bbox 353 3069 1441 3137; baseline -0.001 -15"><span class='ocrx_word' id='word_1_176' title='bbox 353 3070 499 3122; x_wconf 86' lang='lat' dir='ltr'><strong>modi</strong></span> <span class='ocrx_word' id='word_1_177' title='bbox 554 3070 805 3121; x_wconf 86' lang='lat' dir='ltr'><strong>doctrina</strong></span> <span class='ocrx_word' id='word_1_178' title='bbox 849 3069 953 3120; x_wconf 89' lang='lat' dir='ltr'><strong>hoc</strong></span> <span class='ocrx_word' id='word_1_179' title='bbox 998 3070 1308 3137; x_wconf 86' lang='lat' dir='ltr'><strong>singulare,</strong></span> <span class='ocrx_word' id='word_1_180' title='bbox 1360 3076 1441 3136; x_wconf 89' lang='lat' dir='ltr'><strong>ut,</strong></span> 
     </span>
     <span class='ocr_line' id='line_1_33' title="bbox 353 3139 1444 3207; baseline 0.001 -16"><span class='ocrx_word' id='word_1_181' title='bbox 353 3156 492 3205; x_wconf 90' lang='lat' dir='ltr'><strong>quae</strong></span> <span class='ocrx_word' id='word_1_182' title='bbox 511 3140 778 3205; x_wconf 89' lang='lat' dir='ltr'><strong>hodieque</strong></span> <span class='ocrx_word' id='word_1_183' title='bbox 790 3141 860 3191; x_wconf 91' lang='lat' dir='ltr'><strong>ad</strong></span> <span class='ocrx_word' id='word_1_184' title='bbox 876 3139 1295 3207; x_wconf 84' lang='lat' dir='ltr'><strong>metaphysicas,</strong></span> <span class='ocrx_word' id='word_1_185' title='bbox 1312 3141 1444 3207; x_wconf 89' lang='lat' dir='ltr'><strong>phy·</strong></span> 
     </span>
     <span class='ocr_line' id='line_1_34' title="bbox 353 3210 1443 3276; baseline 0.001 -16"><span class='ocrx_word' id='word_1_186' title='bbox 353 3211 528 3272; x_wconf 85' lang='lat' dir='ltr'><strong>sicas,</strong></span> <span class='ocrx_word' id='word_1_187' title='bbox 564 3211 960 3261; x_wconf 83' lang='lat' dir='ltr'><strong>astronomicas</strong></span> <span class='ocrx_word' id='word_1_188' title='bbox 992 3210 1239 3276; x_wconf 83' lang='lat' dir='ltr'><strong>inprimis</strong></span> <span class='ocrx_word' id='word_1_189' title='bbox 1276 3212 1443 3262; x_wconf 87' lang='lat' dir='ltr'><strong>ratio-</strong></span> 
     </span>
     <span class='ocr_line' id='line_1_35' title="bbox 352 3279 1443 3342; baseline 0.002 -12"><span class='ocrx_word' id='word_1_190' title='bbox 352 3296 450 3330; x_wconf 88' lang='lat' dir='ltr'><strong>nes</strong></span> <span class='ocrx_word' id='word_1_191' title='bbox 489 3279 836 3342; x_wconf 84' lang='lat' dir='ltr'><strong>rediguntur,</strong></span> <span class='ocrx_word' id='word_1_192' title='bbox 874 3296 939 3331; x_wconf 87' lang='lat' dir='ltr'><strong>ea</strong></span> <span class='ocrx_word' id='word_1_193' title='bbox 972 3279 1333 3331; x_wconf 87' lang='lat' dir='ltr'><strong>sacerdotalis</strong></span> <span class='ocrx_word' id='word_1_194' title='bbox 1355 3297 1443 3332; x_wconf 91' lang='lat' dir='ltr'><strong>ra-</strong></span> 
     </span>
     <span class='ocr_line' id='line_1_36' title="bbox 353 3348 1442 3415; baseline 0.001 -16"><span class='ocrx_word' id='word_1_195' title='bbox 353 3350 432 3399; x_wconf 89' lang='lat' dir='ltr'><strong>tio</strong></span> <span class='ocrx_word' id='word_1_196' title='bbox 469 3348 540 3399; x_wconf 92' lang='lat' dir='ltr'><strong>ad</strong></span> <span class='ocrx_word' id='word_1_197' title='bbox 574 3348 837 3398; x_wconf 86' lang='lat' dir='ltr'><strong>historiae</strong></span> <span class='ocrx_word' id='word_1_198' title='bbox 886 3349 1158 3415; x_wconf 87' lang='lat' dir='ltr'><strong>quandam</strong></span> <span class='ocrx_word' id='word_1_199' title='bbox 1206 3350 1442 3415; x_wconf 88' lang='lat' dir='ltr'><strong>speciem</strong></span> 
     </span>
     <span class='ocr_line' id='line_1_37' title="bbox 356 3416 1443 3484; baseline 0.002 -16"><span class='ocrx_word' id='word_1_200' title='bbox 356 3416 599 3482; x_wconf 83' lang='lat' dir='ltr'><strong>effingat.</strong></span> <span class='ocrx_word' id='word_1_201' title='bbox 656 3417 805 3467; x_wconf 86' lang='lat' dir='ltr'><strong>Hinc</strong></span> <span class='ocrx_word' id='word_1_202' title='bbox 823 3418 1005 3468; x_wconf 89' lang='lat' dir='ltr'><strong>omnia</strong></span> <span class='ocrx_word' id='word_1_203' title='bbox 1039 3418 1151 3480; x_wconf 88' lang='lat' dir='ltr'><strong>illa,</strong></span> <span class='ocrx_word' id='word_1_204' title='bbox 1189 3434 1330 3484; x_wconf 90' lang='lat' dir='ltr'><strong>quae</strong></span> <span class='ocrx_word' id='word_1_205' title='bbox 1349 3419 1443 3471; x_wconf 90' lang='lat' dir='ltr'><strong>ho-</strong></span> 
     </span>
     <span class='ocr_line' id='line_1_38' title="bbox 353 3485 1445 3552; baseline 0 -15"><span class='ocrx_word' id='word_1_206' title='bbox 353 3488 557 3537; x_wconf 88' lang='lat' dir='ltr'><strong>minum</strong></span> <span class='ocrx_word' id='word_1_207' title='bbox 592 3485 902 3537; x_wconf 87' lang='lat' dir='ltr'><strong>memoriam</strong></span> <span class='ocrx_word' id='word_1_208' title='bbox 937 3488 1234 3549; x_wconf 87' lang='lat' dir='ltr'><strong>excedunt,</strong></span> <span class='ocrx_word' id='word_1_209' title='bbox 1269 3487 1445 3552; x_wconf 87' lang='lat' dir='ltr'><strong>dispe-</strong></span> 
     </span>
     <span class='ocr_line' id='line_1_39' title="bbox 358 3553 1444 3622; baseline -0.003 -14"><span class='ocrx_word' id='word_1_210' title='bbox 358 3561 584 3608; x_wconf 87' lang='lat' dir='ltr'><strong>scuntur</strong></span> <span class='ocrx_word' id='word_1_211' title='bbox 602 3570 697 3621; x_wconf 87' lang='lat' dir='ltr'><strong>per</strong></span> <span class='ocrx_word' id='word_1_212' title='bbox 721 3570 882 3619; x_wconf 64' lang='lat' dir='ltr'><strong>regna</strong></span> <span class='ocrx_word' id='word_1_213' title='bbox 905 3556 1109 3606; x_wconf 79' lang='lat' dir='ltr'><strong>deorum</strong></span> <span class='ocrx_word' id='word_1_214' title='bbox 1136 3553 1444 3622; x_wconf 80' lang='grc' dir='ltr'><strong><em>(βασιλείας</em></strong></span> 
     </span>
     <span class='ocr_line' id='line_1_40' title="bbox 355 3623 1441 3690; baseline -0.001 -14"><span class='ocrx_word' id='word_1_215' title='bbox 355 3623 557 3690; x_wconf 76' lang='grc' dir='ltr'><strong><em>θεῶν).</em></strong></span> <span class='ocrx_word' id='word_1_216' title='bbox 629 3623 900 3675; x_wconf 88' lang='lat' dir='ltr'><strong>Videlicet</strong></span> <span class='ocrx_word' id='word_1_217' title='bbox 926 3628 1136 3690; x_wconf 87' lang='lat' dir='ltr'><strong>ponunt</strong></span> <span class='ocrx_word' id='word_1_218' title='bbox 1161 3626 1329 3690; x_wconf 88' lang='lat' dir='ltr'><strong>prisci</strong></span> <span class='ocrx_word' id='word_1_219' title='bbox 1356 3641 1441 3675; x_wconf 90' lang='lat' dir='ltr'><strong>sa-</strong></span> 
     </span>
     <span class='ocr_line' id='line_1_41' title="bbox 355 3694 1438 3760; baseline -0.002 -13"><span class='ocrx_word' id='word_1_220' title='bbox 355 3696 602 3747; x_wconf 89' lang='lat' dir='ltr'><strong>cerdotes</strong></span> <span class='ocrx_word' id='word_1_221' title='bbox 635 3694 848 3760; x_wconf 89' lang='lat' dir='ltr'><strong>copiam</strong></span> <span class='ocrx_word' id='word_1_222' title='bbox 867 3694 1140 3760; x_wconf 87' lang='lat' dir='ltr'><strong>quandam</strong></span> <span class='ocrx_word' id='word_1_223' title='bbox 1176 3699 1438 3758; x_wconf 84' lang='lat' dir='ltr'><strong>aetatum,</strong></span> 
     </span>
     <span class='ocr_line' id='line_1_42' title="bbox 352 3763 1439 3833; baseline -0.003 -17"><span class='ocrx_word' id='word_1_224' title='bbox 352 3781 492 3833; x_wconf 85' lang='lat' dir='ltr'><strong>quae</strong></span> <span class='ocrx_word' id='word_1_225' title='bbox 528 3781 622 3830; x_wconf 91' lang='lat' dir='ltr'><strong>per</strong></span> <span class='ocrx_word' id='word_1_226' title='bbox 657 3768 956 3829; x_wconf 84' lang='lat' dir='ltr'><strong>temporum</strong></span> <span class='ocrx_word' id='word_1_227' title='bbox 986 3763 1269 3815; x_wconf 89' lang='lat' dir='ltr'><strong>decursum</strong></span> <span class='ocrx_word' id='word_1_228' title='bbox 1302 3764 1439 3814; x_wconf 85' lang='lat' dir='ltr'><strong>invi-</strong></span> 
     </span>
     <span class='ocr_line' id='line_1_43' title="bbox 352 3834 1439 3900; baseline -0.003 -13"><span class='ocrx_word' id='word_1_229' title='bbox 352 3852 467 3887; x_wconf 88' lang='lat' dir='ltr'><strong>cem</strong></span> <span class='ocrx_word' id='word_1_230' title='bbox 504 3850 565 3885; x_wconf 89' lang='lat' dir='ltr'><strong>se</strong></span> <span class='ocrx_word' id='word_1_231' title='bbox 604 3834 899 3898; x_wconf 84' lang='lat' dir='ltr'><strong>excipiunt.</strong></span> <span class='ocrx_word' id='word_1_232' title='bbox 970 3834 1036 3884; x_wconf 95' lang='lat' dir='ltr'><strong>In</strong></span> <span class='ocrx_word' id='word_1_233' title='bbox 1079 3834 1347 3900; x_wconf 87' lang='lat' dir='ltr'><strong>principio</strong></span> <span class='ocrx_word' id='word_1_234' title='bbox 1384 3838 1439 3884; x_wconf 91' lang='lat' dir='ltr'><strong>et</strong></span> 
     </span>
     <span class='ocr_line' id='line_1_44' title="bbox 352 3902 1437 3969; baseline -0.001 -14"><span class='ocrx_word' id='word_1_235' title='bbox 352 3905 509 3969; x_wconf 89' lang='lat' dir='ltr'><strong>quasi</strong></span> <span class='ocrx_word' id='word_1_236' title='bbox 544 3905 602 3953; x_wconf 94' lang='lat' dir='ltr'><strong>in</strong></span> <span class='ocrx_word' id='word_1_237' title='bbox 638 3920 815 3955; x_wconf 86' lang='lat' dir='ltr'><strong>rerum</strong></span> <span class='ocrx_word' id='word_1_238' title='bbox 840 3904 1074 3954; x_wconf 87' lang='lat' dir='ltr'><strong>omnium</strong></span> <span class='ocrx_word' id='word_1_239' title='bbox 1104 3903 1337 3954; x_wconf 89' lang='lat' dir='ltr'><strong>culmine</strong></span> <span class='ocrx_word' id='word_1_240' title='bbox 1356 3902 1437 3954; x_wconf 92' lang='lat' dir='ltr'><strong>lo-</strong></span> 
     </span>
     <span class='ocr_line' id='line_1_45' title="bbox 350 3972 1438 4037; baseline 0 -13"><span class='ocrx_word' id='word_1_241' title='bbox 350 3979 480 4024; x_wconf 87' lang='lat' dir='ltr'><strong>cant</strong></span> <span class='ocrx_word' id='word_1_242' title='bbox 516 3972 604 4024; x_wconf 78' lang='lat' dir='ltr'><strong>vel</strong></span> <span class='ocrx_word' id='word_1_243' title='bbox 641 3989 808 4024; x_wconf 87' lang='lat' dir='ltr'><strong>unum</strong></span> <span class='ocrx_word' id='word_1_244' title='bbox 846 3973 931 4024; x_wconf 81' lang='lat' dir='ltr'><strong>vel</strong></span> <span class='ocrx_word' id='word_1_245' title='bbox 968 3972 1149 4037; x_wconf 88' lang='lat' dir='ltr'><strong>plures</strong></span> <span class='ocrx_word' id='word_1_246' title='bbox 1187 3974 1316 4024; x_wconf 89' lang='lat' dir='ltr'><strong>deos</strong></span> <span class='ocrx_word' id='word_1_247' title='bbox 1352 3989 1438 4024; x_wconf 88' lang='lat' dir='ltr'><strong>su·</strong></span> 
     </span>
     <span class='ocr_line' id='line_1_46' title="bbox 349 4042 1437 4108; baseline 0.001 -15"><span class='ocrx_word' id='word_1_248' title='bbox 349 4044 522 4108; x_wconf 87' lang='lat' dir='ltr'><strong>premi</strong></span> <span class='ocrx_word' id='word_1_249' title='bbox 557 4042 762 4093; x_wconf 85' lang='lat' dir='ltr'><strong>ordinis</strong></span> <span class='ocrx_word' id='word_1_250' title='bbox 801 4047 856 4093; x_wconf 90' lang='lat' dir='ltr'><strong>et</strong></span> <span class='ocrx_word' id='word_1_251' title='bbox 900 4042 1020 4092; x_wconf 89' lang='lat' dir='ltr'><strong>sola</strong></span> <span class='ocrx_word' id='word_1_252' title='bbox 1063 4044 1259 4093; x_wconf 87' lang='lat' dir='ltr'><strong>mentis</strong></span> <span class='ocrx_word' id='word_1_253' title='bbox 1293 4044 1437 4108; x_wconf 86' lang='lat' dir='ltr'><strong>cogi-</strong></span> 
     </span>
     <span class='ocr_line' id='line_1_47' title="bbox 349 4110 1439 4179; baseline 0.001 -17"><span class='ocrx_word' id='word_1_254' title='bbox 349 4112 561 4162; x_wconf 85' lang='lat' dir='ltr'><strong>tatione</strong></span> <span class='ocrx_word' id='word_1_255' title='bbox 596 4110 989 4162; x_wconf 89' lang='lat' dir='ltr'><strong>informandos.</strong></span> <span class='ocrx_word' id='word_1_256' title='bbox 1061 4112 1179 4162; x_wconf 87' lang='lat' dir='ltr'><strong>Hos</strong></span> <span class='ocrx_word' id='word_1_257' title='bbox 1207 4128 1439 4179; x_wconf 87' lang='lat' dir='ltr'><strong>sequun-</strong></span> 
     </span>
     <span class='ocr_line' id='line_1_48' title="bbox 352 4179 1439 4246; baseline 0.002 -16"><span class='ocrx_word' id='word_1_258' title='bbox 352 4185 442 4231; x_wconf 86' lang='lat' dir='ltr'><strong>tur</strong></span> <span class='ocrx_word' id='word_1_259' title='bbox 478 4180 556 4231; x_wconf 88' lang='lat' dir='ltr'><strong>dii</strong></span> <span class='ocrx_word' id='word_1_260' title='bbox 601 4179 793 4242; x_wconf 88' lang='lat' dir='ltr'><strong>alteri,</strong></span> <span class='ocrx_word' id='word_1_261' title='bbox 845 4181 1128 4231; x_wconf 79' lang='lat' dir='ltr'><strong>inferiores</strong></span> <span class='ocrx_word' id='word_1_262' title='bbox 1172 4181 1283 4232; x_wconf 88' lang='lat' dir='ltr'><strong>illis</strong></span> <span class='ocrx_word' id='word_1_263' title='bbox 1332 4183 1439 4246; x_wconf 90' lang='lat' dir='ltr'><strong>pri-</strong></span> 
     </span>
     <span class='ocr_line' id='line_1_49' title="bbox 349 4249 1436 4315; baseline 0.001 -16"><span class='ocrx_word' id='word_1_264' title='bbox 349 4249 478 4312; x_wconf 88' lang='lat' dir='ltr'><strong>mis,</strong></span> <span class='ocrx_word' id='word_1_265' title='bbox 517 4249 613 4299; x_wconf 88' lang='lat' dir='ltr'><strong>sed</strong></span> <span class='ocrx_word' id='word_1_266' title='bbox 651 4252 708 4298; x_wconf 92' lang='lat' dir='ltr'><strong>in</strong></span> <span class='ocrx_word' id='word_1_267' title='bbox 745 4249 942 4314; x_wconf 87' lang='lat' dir='ltr'><strong>quibus</strong></span> <span class='ocrx_word' id='word_1_268' title='bbox 985 4255 1169 4301; x_wconf 87' lang='lat' dir='ltr'><strong>tamen</strong></span> <span class='ocrx_word' id='word_1_269' title='bbox 1212 4254 1266 4300; x_wconf 91' lang='lat' dir='ltr'><strong>et</strong></span> <span class='ocrx_word' id='word_1_270' title='bbox 1300 4252 1436 4315; x_wconf 89' lang='lat' dir='ltr'><strong>ipsis</strong></span> 
     </span>
     <span class='ocr_line' id='line_1_50' title="bbox 346 4318 1436 4385; baseline 0.002 -17"><span class='ocrx_word' id='word_1_271' title='bbox 346 4334 482 4369; x_wconf 78' lang='lat' dir='ltr'><strong>vera</strong></span> <span class='ocrx_word' id='word_1_272' title='bbox 514 4319 601 4368; x_wconf 84' lang='lat' dir='ltr'><strong>vis</strong></span> <span class='ocrx_word' id='word_1_273' title='bbox 640 4318 970 4381; x_wconf 79' lang='lat' dir='ltr'><strong>divinitatis,</strong></span> <span class='ocrx_word' id='word_1_274' title='bbox 1010 4335 1119 4385; x_wconf 87' lang='lat' dir='ltr'><strong>qua</strong></span> <span class='ocrx_word' id='word_1_275' title='bbox 1158 4319 1240 4369; x_wconf 90' lang='lat' dir='ltr'><strong>illi</strong></span> <span class='ocrx_word' id='word_1_276' title='bbox 1277 4321 1436 4385; x_wconf 88' lang='lat' dir='ltr'><strong>primi</strong></span> 
     </span>
     <span class='ocr_line' id='line_1_51' title="bbox 346 4388 1441 4455; baseline 0 -15"><span class='ocrx_word' id='word_1_277' title='bbox 346 4392 661 4452; x_wconf 83' lang='lat' dir='ltr'><strong>censentur,</strong></span> <span class='ocrx_word' id='word_1_278' title='bbox 711 4388 868 4451; x_wconf 90' lang='lat' dir='ltr'><strong>iusit;</strong></span> <span class='ocrx_word' id='word_1_279' title='bbox 921 4392 976 4439; x_wconf 91' lang='lat' dir='ltr'><strong>et</strong></span> <span class='ocrx_word' id='word_1_280' title='bbox 1017 4389 1097 4440; x_wconf 90' lang='lat' dir='ltr'><strong>sic</strong></span> <span class='ocrx_word' id='word_1_281' title='bbox 1147 4405 1309 4455; x_wconf 88' lang='lat' dir='ltr'><strong>porro</strong></span> <span class='ocrx_word' id='word_1_282' title='bbox 1361 4389 1441 4440; x_wconf 89' lang='lat' dir='ltr'><strong>di·</strong></span> 
     </span>
    </p>
   </div>
   <div class='ocr_carea' id='block_1_9' title="bbox 1505 1122 2640 1215">
    <p class='ocr_par' dir='ltr' id='par_1_9' title="bbox 1505 1122 2640 1215">
     <span class='ocr_line' id='line_1_52' title="bbox 1505 1122 2640 1215; baseline -0.001 -20"><span class='ocrx_word' id='word_1_283' title='bbox 1505 1124 1800 1215; x_wconf 81' lang='grc' dir='ltr'><strong><em>πρόσθε·</em></strong></span> <span class='ocrx_word' id='word_1_284' title='bbox 1857 1127 2038 1195; x_wconf 79' lang='grc' dir='ltr'><strong><em>Πανὶ</em></strong></span> <span class='ocrx_word' id='word_1_285' title='bbox 2097 1125 2173 1194; x_wconf 72' lang='grc' dir='ltr'><strong>δὲ</strong></span> <span class='ocrx_word' id='word_1_286' title='bbox 2226 1128 2323 1193; x_wconf 83' lang='grc' dir='ltr'><strong>ἔτι</strong></span> <span class='ocrx_word' id='word_1_287' title='bbox 2378 1122 2640 1194; x_wconf 80' lang='grc' dir='ltr'><strong><em>τούτων</em></strong></span> 
     </span>
    </p>
   </div>
   <div class='ocr_carea' id='block_1_10' title="bbox 1539 1326 2639 4459">
    <p class='ocr_par' dir='ltr' id='par_1_10' title="bbox 1539 1326 2639 4236">
     <span class='ocr_line' id='line_1_53' title="bbox 1545 1326 2637 1395; baseline 0 -16"><span class='ocrx_word' id='word_1_288' title='bbox 1545 1330 1719 1381; x_wconf 82' lang='lat' dir='ltr'><strong>versis</strong></span> <span class='ocrx_word' id='word_1_289' title='bbox 1754 1328 2014 1395; x_wconf 87' lang='lat' dir='ltr'><strong>gradibus</strong></span> <span class='ocrx_word' id='word_1_290' title='bbox 2055 1326 2381 1394; x_wconf 89' lang='lat' dir='ltr'><strong>procedente</strong></span> <span class='ocrx_word' id='word_1_291' title='bbox 2427 1326 2637 1380; x_wconf 88' lang='lat' dir='ltr'><strong>ordine.</strong></span> 
     </span>
     <span class='ocr_line' id='line_1_54' title="bbox 1545 1397 2639 1465; baseline -0.003 -14"><span class='ocrx_word' id='word_1_292' title='bbox 1545 1401 1670 1451; x_wconf 86' lang='lat' dir='ltr'><strong>Hoc</strong></span> <span class='ocrx_word' id='word_1_293' title='bbox 1705 1403 1868 1465; x_wconf 88' lang='lat' dir='ltr'><strong>pacto</strong></span> <span class='ocrx_word' id='word_1_294' title='bbox 1905 1397 2000 1461; x_wconf 90' lang='lat' dir='ltr'><strong>fit,</strong></span> <span class='ocrx_word' id='word_1_295' title='bbox 2040 1402 2104 1448; x_wconf 89' lang='lat' dir='ltr'><strong>ut</strong></span> <span class='ocrx_word' id='word_1_296' title='bbox 2140 1412 2405 1447; x_wconf 86' lang='lat' dir='ltr'><strong>summum</strong></span> <span class='ocrx_word' id='word_1_297' title='bbox 2442 1413 2639 1448; x_wconf 88' lang='lat' dir='ltr'><strong>numen</strong></span> 
     </span>
     <span class='ocr_line' id='line_1_55' title="bbox 1549 1466 2638 1535; baseline -0.002 -15"><span class='ocrx_word' id='word_1_298' title='bbox 1549 1474 1604 1520; x_wconf 92' lang='lat' dir='ltr'><strong>et</strong></span> <span class='ocrx_word' id='word_1_299' title='bbox 1650 1473 1911 1535; x_wconf 87' lang='lat' dir='ltr'><strong>tanquam</strong></span> <span class='ocrx_word' id='word_1_300' title='bbox 1969 1469 2092 1534; x_wconf 86' lang='lat' dir='ltr'><strong>ipsa</strong></span> <span class='ocrx_word' id='word_1_301' title='bbox 2141 1466 2401 1517; x_wconf 84' lang='lat' dir='ltr'><strong>divinitas</strong></span> <span class='ocrx_word' id='word_1_302' title='bbox 2446 1483 2638 1533; x_wconf 90' lang='lat' dir='ltr'><strong>propa-</strong></span> 
     </span>
     <span class='ocr_line' id='line_1_56' title="bbox 1547 1536 2638 1605; baseline -0.002 -15"><span class='ocrx_word' id='word_1_303' title='bbox 1547 1540 1676 1605; x_wconf 82' lang='lat' dir='ltr'><strong>gine</strong></span> <span class='ocrx_word' id='word_1_304' title='bbox 1713 1554 1814 1589; x_wconf 97' lang='lat' dir='ltr'><strong>sua</strong></span> <span class='ocrx_word' id='word_1_305' title='bbox 1848 1539 2070 1589; x_wconf 87' lang='lat' dir='ltr'><strong>deorum</strong></span> <span class='ocrx_word' id='word_1_306' title='bbox 2107 1553 2205 1602; x_wconf 87' lang='lat' dir='ltr'><strong>per</strong></span> <span class='ocrx_word' id='word_1_307' title='bbox 2248 1536 2498 1587; x_wconf 92' lang='lat' dir='ltr'><strong>labentes</strong></span> <span class='ocrx_word' id='word_1_308' title='bbox 2548 1554 2638 1588; x_wconf 87' lang='lat' dir='ltr'><strong>ae-</strong></span> 
     </span>
     <span class='ocr_line' id='line_1_57' title="bbox 1548 1606 2634 1673; baseline -0.001 -13"><span class='ocrx_word' id='word_1_309' title='bbox 1548 1613 1693 1660; x_wconf 85' lang='lat' dir='ltr'><strong>tates</strong></span> <span class='ocrx_word' id='word_1_310' title='bbox 1733 1625 1855 1660; x_wconf 86' lang='lat' dir='ltr'><strong>sese</strong></span> <span class='ocrx_word' id='word_1_311' title='bbox 1891 1607 2154 1673; x_wconf 83' lang='lat' dir='ltr'><strong>explicet,</strong></span> <span class='ocrx_word' id='word_1_312' title='bbox 2194 1611 2275 1671; x_wconf 89' lang='lat' dir='ltr'><strong>et,</strong></span> <span class='ocrx_word' id='word_1_313' title='bbox 2311 1606 2443 1657; x_wconf 90' lang='lat' dir='ltr'><strong>licet</strong></span> <span class='ocrx_word' id='word_1_314' title='bbox 2462 1623 2556 1671; x_wconf 89' lang='lat' dir='ltr'><strong>per</strong></span> <span class='ocrx_word' id='word_1_315' title='bbox 2576 1623 2634 1659; x_wconf 87' lang='lat' dir='ltr'><strong>se</strong></span> 
     </span>
     <span class='ocr_line' id='line_1_58' title="bbox 1549 1677 2636 1741; baseline 0 -12"><span class='ocrx_word' id='word_1_316' title='bbox 1549 1695 1787 1741; x_wconf 88' lang='lat' dir='ltr'><strong>summa,</strong></span> <span class='ocrx_word' id='word_1_317' title='bbox 1823 1678 1894 1729; x_wconf 96' lang='lat' dir='ltr'><strong>ad</strong></span> <span class='ocrx_word' id='word_1_318' title='bbox 1918 1677 2103 1729; x_wconf 85' lang='lat' dir='ltr'><strong>infima</strong></span> <span class='ocrx_word' id='word_1_319' title='bbox 2126 1681 2309 1727; x_wconf 89' lang='lat' dir='ltr'><strong>tamen</strong></span> <span class='ocrx_word' id='word_1_320' title='bbox 2336 1678 2517 1727; x_wconf 87' lang='lat' dir='ltr'><strong>omnia</strong></span> <span class='ocrx_word' id='word_1_321' title='bbox 2535 1694 2636 1729; x_wconf 87' lang='lat' dir='ltr'><strong>ncc</strong></span> 
     </span>
     <span class='ocr_line' id='line_1_59' title="bbox 1550 1747 2638 1814; baseline -0.001 -15"><span class='ocrx_word' id='word_1_322' title='bbox 1550 1750 1728 1800; x_wconf 90' lang='lat' dir='ltr'><strong>minus</strong></span> <span class='ocrx_word' id='word_1_323' title='bbox 1763 1749 2055 1814; x_wconf 86' lang='lat' dir='ltr'><strong>pertineat.</strong></span> <span class='ocrx_word' id='word_1_324' title='bbox 2126 1747 2193 1797; x_wconf 90' lang='lat' dir='ltr'><strong>In</strong></span> <span class='ocrx_word' id='word_1_325' title='bbox 2224 1751 2518 1797; x_wconf 84' lang='lat' dir='ltr'><strong>extremum</strong></span> <span class='ocrx_word' id='word_1_326' title='bbox 2544 1763 2638 1798; x_wconf 85' lang='lat' dir='ltr'><strong>au-</strong></span> 
     </span>
     <span class='ocr_line' id='line_1_60' title="bbox 1549 1815 2637 1884; baseline 0 -16"><span class='ocrx_word' id='word_1_327' title='bbox 1549 1822 1658 1869; x_wconf 88' lang='lat' dir='ltr'><strong>tem</strong></span> <span class='ocrx_word' id='word_1_328' title='bbox 1685 1819 1913 1884; x_wconf 89' lang='lat' dir='ltr'><strong>gradum</strong></span> <span class='ocrx_word' id='word_1_329' title='bbox 1953 1831 2245 1882; x_wconf 86' lang='lat' dir='ltr'><strong>progressa</strong></span> <span class='ocrx_word' id='word_1_330' title='bbox 2292 1815 2525 1881; x_wconf 88' lang='lat' dir='ltr'><strong>quadam</strong></span> <span class='ocrx_word' id='word_1_331' title='bbox 2551 1818 2637 1868; x_wconf 89' lang='lat' dir='ltr'><strong>sui</strong></span> 
     </span>
     <span class='ocr_line' id='line_1_61' title="bbox 1549 1886 2635 1955; baseline -0.001 -17"><span class='ocrx_word' id='word_1_332' title='bbox 1549 1893 1706 1955; x_wconf 88' lang='lat' dir='ltr'><strong>parte</strong></span> <span class='ocrx_word' id='word_1_333' title='bbox 1751 1886 2060 1952; x_wconf 86' lang='lat' dir='ltr'><strong>implicatur</strong></span> <span class='ocrx_word' id='word_1_334' title='bbox 2104 1886 2420 1936; x_wconf 84' lang='lat' dir='ltr'><strong>inferiorum</strong></span> <span class='ocrx_word' id='word_1_335' title='bbox 2457 1902 2635 1937; x_wconf 89' lang='lat' dir='ltr'><strong>rerum</strong></span> 
     </span>
     <span class='ocr_line' id='line_1_62' title="bbox 1548 1956 2636 2020; baseline -0.001 -12"><span class='ocrx_word' id='word_1_336' title='bbox 1548 1957 1954 2016; x_wconf 85' lang='lat' dir='ltr'><strong>vicissitudine,</strong></span> <span class='ocrx_word' id='word_1_337' title='bbox 2001 1972 2179 2006; x_wconf 88' lang='lat' dir='ltr'><strong>rerum</strong></span> <span class='ocrx_word' id='word_1_338' title='bbox 2215 1956 2480 2006; x_wconf 86' lang='lat' dir='ltr'><strong>fluxarum</strong></span> <span class='ocrx_word' id='word_1_339' title='bbox 2511 1972 2636 2020; x_wconf 76' lang='lat' dir='ltr'><strong>gur-</strong></span> 
     </span>
     <span class='ocr_line' id='line_1_63' title="bbox 1548 2025 2636 2094; baseline 0 -17"><span class='ocrx_word' id='word_1_340' title='bbox 1548 2029 1664 2094; x_wconf 93' lang='lat' dir='ltr'><strong>gite</strong></span> <span class='ocrx_word' id='word_1_341' title='bbox 1699 2027 2061 2092; x_wconf 82' lang='lat' dir='ltr'><strong>immergitur,</strong></span> <span class='ocrx_word' id='word_1_342' title='bbox 2101 2029 2154 2076; x_wconf 91' lang='lat' dir='ltr'><strong>et</strong></span> <span class='ocrx_word' id='word_1_343' title='bbox 2187 2025 2440 2076; x_wconf 85' lang='lat' dir='ltr'><strong>mortalia</strong></span> <span class='ocrx_word' id='word_1_344' title='bbox 2475 2026 2636 2077; x_wconf 77' lang='lat' dir='ltr'><strong>adeo-</strong></span> 
     </span>
     <span class='ocr_line' id='line_1_64' title="bbox 1549 2095 2631 2164; baseline -0.002 -16"><span class='ocrx_word' id='word_1_345' title='bbox 1549 2113 1656 2164; x_wconf 90' lang='lat' dir='ltr'><strong>que</strong></span> <span class='ocrx_word' id='word_1_346' title='bbox 1692 2102 1916 2148; x_wconf 87' lang='lat' dir='ltr'><strong>mortem</strong></span> <span class='ocrx_word' id='word_1_347' title='bbox 1951 2095 2129 2158; x_wconf 84' lang='lat' dir='ltr'><strong>subit,</strong></span> <span class='ocrx_word' id='word_1_348' title='bbox 2176 2096 2259 2146; x_wconf 89' lang='lat' dir='ltr'><strong>ita</strong></span> <span class='ocrx_word' id='word_1_349' title='bbox 2295 2100 2504 2159; x_wconf 81' lang='lat' dir='ltr'><strong>tamen,</strong></span> <span class='ocrx_word' id='word_1_350' title='bbox 2551 2100 2631 2159; x_wconf 90' lang='lat' dir='ltr'><strong>ut,</strong></span> 
     </span>
     <span class='ocr_line' id='line_1_65' title="bbox 1545 2166 2634 2233; baseline -0.001 -16"><span class='ocrx_word' id='word_1_351' title='bbox 1545 2168 1677 2233; x_wconf 89' lang='lat' dir='ltr'><strong>quia</strong></span> <span class='ocrx_word' id='word_1_352' title='bbox 1711 2182 1985 2233; x_wconf 88' lang='lat' dir='ltr'><strong>nunquam</strong></span> <span class='ocrx_word' id='word_1_353' title='bbox 2021 2170 2207 2230; x_wconf 86' lang='lat' dir='ltr'><strong>potest</strong></span> <span class='ocrx_word' id='word_1_354' title='bbox 2240 2181 2274 2215; x_wconf 86' lang='lat' dir='ltr'><strong>a</strong></span> <span class='ocrx_word' id='word_1_355' title='bbox 2305 2181 2365 2215; x_wconf 89' lang='lat' dir='ltr'><strong>se</strong></span> <span class='ocrx_word' id='word_1_356' title='bbox 2399 2166 2522 2229; x_wconf 89' lang='lat' dir='ltr'><strong>ipsa</strong></span> <span class='ocrx_word' id='word_1_357' title='bbox 2545 2166 2634 2216; x_wconf 84' lang='lat' dir='ltr'><strong>de-</strong></span> 
     </span>
     <span class='ocr_line' id='line_1_66' title="bbox 1545 2236 2633 2301; baseline -0.001 -14"><span class='ocrx_word' id='word_1_358' title='bbox 1545 2238 1810 2298; x_wconf 84' lang='lat' dir='ltr'><strong>sciscere,</strong></span> <span class='ocrx_word' id='word_1_359' title='bbox 1848 2237 1903 2287; x_wconf 78' lang='lat' dir='ltr'><strong>vi</strong></span> <span class='ocrx_word' id='word_1_360' title='bbox 1939 2236 2191 2301; x_wconf 87' lang='lat' dir='ltr'><strong>perennis</strong></span> <span class='ocrx_word' id='word_1_361' title='bbox 2219 2252 2351 2286; x_wconf 88' lang='lat' dir='ltr'><strong>suae</strong></span> <span class='ocrx_word' id='word_1_362' title='bbox 2378 2236 2633 2286; x_wconf 88' lang='lat' dir='ltr'><strong>divinita-</strong></span> 
     </span>
     <span class='ocr_line' id='line_1_67' title="bbox 1543 2305 2633 2371; baseline -0.001 -14"><span class='ocrx_word' id='word_1_363' title='bbox 1543 2308 1617 2357; x_wconf 91' lang='lat' dir='ltr'><strong>tis</strong></span> <span class='ocrx_word' id='word_1_364' title='bbox 1652 2307 1947 2358; x_wconf 85' lang='lat' dir='ltr'><strong>reviviscat</strong></span> <span class='ocrx_word' id='word_1_365' title='bbox 1965 2310 2021 2357; x_wconf 88' lang='lat' dir='ltr'><strong>et</strong></span> <span class='ocrx_word' id='word_1_366' title='bbox 2045 2305 2428 2371; x_wconf 86' lang='lat' dir='ltr'><strong>perpetuitatis</strong></span> <span class='ocrx_word' id='word_1_367' title='bbox 2455 2321 2633 2356; x_wconf 89' lang='lat' dir='ltr'><strong>rerum</strong></span> 
     </span>
     <span class='ocr_line' id='line_1_68' title="bbox 1545 2375 2631 2428; baseline -0.001 -1"><span class='ocrx_word' id='word_1_368' title='bbox 1545 2377 1873 2428; x_wconf 83' lang='lat' dir='ltr'><strong>naturalium</strong></span> <span class='ocrx_word' id='word_1_369' title='bbox 1918 2380 2110 2427; x_wconf 89' lang='lat' dir='ltr'><strong>auctor</strong></span> <span class='ocrx_word' id='word_1_370' title='bbox 2154 2375 2289 2426; x_wconf 83' lang='lat' dir='ltr'><strong>sit.“</strong></span> <span class='ocrx_word' id='word_1_371' title='bbox 2359 2376 2445 2426; x_wconf 92' lang='lat' dir='ltr'><strong>De</strong></span> <span class='ocrx_word' id='word_1_372' title='bbox 2496 2375 2631 2426; x_wconf 82' lang='lat' dir='ltr'><strong>Her·</strong></span> 
     </span>
     <span class='ocr_line' id='line_1_69' title="bbox 1546 2444 2631 2513; baseline 0 -16"><span class='ocrx_word' id='word_1_373' title='bbox 1546 2449 1656 2498; x_wconf 75' lang='lat' dir='ltr'><strong>cute</strong></span> <span class='ocrx_word' id='word_1_374' title='bbox 1691 2448 1827 2498; x_wconf 83' lang='lat' dir='ltr'><strong>satis</strong></span> <span class='ocrx_word' id='word_1_375' title='bbox 1863 2461 2028 2513; x_wconf 88' lang='lat' dir='ltr'><strong>supra</strong></span> <span class='ocrx_word' id='word_1_376' title='bbox 2058 2447 2321 2496; x_wconf 88' lang='lat' dir='ltr'><strong>monitum</strong></span> <span class='ocrx_word' id='word_1_377' title='bbox 2351 2450 2435 2495; x_wconf 89' lang='lat' dir='ltr'><strong>est</strong></span> <span class='ocrx_word' id='word_1_378' title='bbox 2453 2444 2525 2495; x_wconf 90' lang='lat' dir='ltr'><strong>ad</strong></span> <span class='ocrx_word' id='word_1_379' title='bbox 2550 2446 2631 2508; x_wconf 87' lang='grc' dir='ltr'><strong>ΙΙ,</strong></span> 
     </span>
     <span class='ocr_line' id='line_1_70' title="bbox 1545 2514 2632 2579; baseline -0.001 -13"><span class='ocrx_word' id='word_1_380' title='bbox 1545 2517 1633 2579; x_wconf 78' lang='grc'><strong><em>43,</em></strong></span> <span class='ocrx_word' id='word_1_381' title='bbox 1674 2517 1742 2567; x_wconf 87' lang='lat' dir='ltr'><strong>de</strong></span> <span class='ocrx_word' id='word_1_382' title='bbox 1783 2518 1925 2566; x_wconf 79' lang='lat' dir='ltr'><strong>Pane</strong></span> <span class='ocrx_word' id='word_1_383' title='bbox 1970 2515 2041 2566; x_wconf 90' lang='lat' dir='ltr'><strong>ad</strong></span> <span class='ocrx_word' id='word_1_384' title='bbox 2087 2515 2162 2577; x_wconf 89' lang='lat'><strong>11,</strong></span> <span class='ocrx_word' id='word_1_385' title='bbox 2212 2514 2305 2576; x_wconf 79' lang='lat'><strong>463</strong></span> <span class='ocrx_word' id='word_1_386' title='bbox 2360 2516 2632 2577; x_wconf 74' lang='lat' dir='ltr'><strong>Dionysum</strong></span> 
     </span>
     <span class='ocr_line' id='line_1_71' title="bbox 1545 2584 2629 2649; baseline 0.002 -14"><span class='ocrx_word' id='word_1_387' title='bbox 1545 2602 1695 2646; x_wconf 83' lang='lat' dir='ltr'><strong>vere,</strong></span> <span class='ocrx_word' id='word_1_388' title='bbox 1731 2586 1766 2636; x_wconf 93' lang='lat' dir='ltr'><strong>i.</strong></span> <span class='ocrx_word' id='word_1_389' title='bbox 1808 2602 1858 2637; x_wconf 90' lang='lat' dir='ltr'><strong>e.</strong></span> <span class='ocrx_word' id='word_1_390' title='bbox 1882 2584 2130 2636; x_wconf 74' lang='lat' dir='ltr'><strong>osiridem</strong></span> <span class='ocrx_word' id='word_1_391' title='bbox 2162 2584 2301 2649; x_wconf 79' lang='lat' dir='ltr'><strong>(vid.</strong></span> <span class='ocrx_word' id='word_1_392' title='bbox 2325 2584 2397 2634; x_wconf 91' lang='lat' dir='ltr'><strong>ad</strong></span> <span class='ocrx_word' id='word_1_393' title='bbox 2424 2584 2500 2646; x_wconf 88' lang='lat'><strong>11,</strong></span> <span class='ocrx_word' id='word_1_394' title='bbox 2530 2585 2629 2637; x_wconf 74' lang='lat'><strong>144</strong></span> 
     </span>
     <span class='ocr_line' id='line_1_72' title="bbox 1547 2653 2632 2719; baseline -0.003 -13"><span class='ocrx_word' id='word_1_395' title='bbox 1547 2653 1737 2718; x_wconf 86' lang='lat' dir='ltr'><strong>nott.),</strong></span> <span class='ocrx_word' id='word_1_396' title='bbox 1774 2654 1918 2719; x_wconf 91' lang='lat' dir='ltr'><strong>quod</strong></span> <span class='ocrx_word' id='word_1_397' title='bbox 1952 2654 2021 2705; x_wconf 90' lang='lat' dir='ltr'><strong>ad</strong></span> <span class='ocrx_word' id='word_1_398' title='bbox 2046 2654 2267 2704; x_wconf 89' lang='lat' dir='ltr'><strong>tertium</strong></span> <span class='ocrx_word' id='word_1_399' title='bbox 2302 2653 2521 2704; x_wconf 89' lang='lat' dir='ltr'><strong>deorum</strong></span> <span class='ocrx_word' id='word_1_400' title='bbox 2548 2670 2632 2704; x_wconf 90' lang='lat' dir='ltr'><strong>or·</strong></span> 
     </span>
     <span class='ocr_line' id='line_1_73' title="bbox 1544 2722 2631 2785; baseline -0.004 -9"><span class='ocrx_word' id='word_1_401' title='bbox 1544 2726 1724 2776; x_wconf 87' lang='lat' dir='ltr'><strong>dinem</strong></span> <span class='ocrx_word' id='word_1_402' title='bbox 1771 2725 1971 2775; x_wconf 88' lang='lat' dir='ltr'><strong>Noster</strong></span> <span class='ocrx_word' id='word_1_403' title='bbox 2020 2722 2296 2785; x_wconf 88' lang='lat' dir='ltr'><strong>retulerit,</strong></span> <span class='ocrx_word' id='word_1_404' title='bbox 2342 2722 2398 2772; x_wconf 93' lang='lat' dir='ltr'><strong>id</strong></span> <span class='ocrx_word' id='word_1_405' title='bbox 2449 2738 2516 2772; x_wconf 82' lang='lat' dir='ltr'><strong>ex</strong></span> <span class='ocrx_word' id='word_1_406' title='bbox 2549 2739 2631 2773; x_wconf 86' lang='lat' dir='ltr'><strong>er-</strong></span> 
     </span>
     <span class='ocr_line' id='line_1_74' title="bbox 1543 2792 2628 2857; baseline -0.003 -11"><span class='ocrx_word' id='word_1_407' title='bbox 1543 2810 1668 2846; x_wconf 88' lang='lat' dir='ltr'><strong>rore</strong></span> <span class='ocrx_word' id='word_1_408' title='bbox 1716 2794 1921 2844; x_wconf 87' lang='lat' dir='ltr'><strong>factum</strong></span> <span class='ocrx_word' id='word_1_409' title='bbox 1978 2808 2101 2845; x_wconf 86' lang='lat' dir='ltr'><strong>esse</strong></span> <span class='ocrx_word' id='word_1_410' title='bbox 2144 2792 2351 2843; x_wconf 91' lang='lat' dir='ltr'><strong>iudicat</strong></span> <span class='ocrx_word' id='word_1_411' title='bbox 2398 2793 2628 2857; x_wconf 85' lang='lat' dir='ltr'><strong>Lepsius</strong></span> 
     </span>
     <span class='ocr_line' id='line_1_75' title="bbox 1543 2861 2626 2928; baseline -0.003 -13"><span class='ocrx_word' id='word_1_412' title='bbox 1543 2863 1896 2928; x_wconf 78' lang='lat' dir='ltr'><strong>(chronolog.</strong></span> <span class='ocrx_word' id='word_1_413' title='bbox 1923 2864 1976 2914; x_wconf 90' lang='lat' dir='ltr'><strong>d.</strong></span> <span class='ocrx_word' id='word_1_414' title='bbox 2005 2863 2242 2928; x_wconf 82' lang='lat' dir='ltr'><strong>Aegypt.</strong></span> <span class='ocrx_word' id='word_1_415' title='bbox 2282 2863 2327 2913; x_wconf 93' lang='lat'><strong>1.</strong></span> <span class='ocrx_word' id='word_1_416' title='bbox 2352 2877 2478 2926; x_wconf 86' lang='lat' dir='ltr'><strong>pag.</strong></span> <span class='ocrx_word' id='word_1_417' title='bbox 2503 2861 2626 2914; x_wconf 78' lang='lat'><strong>253.</strong></span> 
     </span>
     <span class='ocr_line' id='line_1_76' title="bbox 1541 2931 2629 2985; baseline -0.003 -1"><span class='ocrx_word' id='word_1_418' title='bbox 1541 2933 1922 2985; x_wconf 85' lang='lat' dir='ltr'><strong>Denkschrift.</strong></span> <span class='ocrx_word' id='word_1_419' title='bbox 1960 2933 2026 2985; x_wconf 84' lang='lat' dir='ltr'><strong>d:</strong></span> <span class='ocrx_word' id='word_1_420' title='bbox 2052 2932 2247 2983; x_wconf 59' lang='lat' dir='ltr'><strong>Akad„</strong></span> <span class='ocrx_word' id='word_1_421' title='bbox 2270 2932 2322 2983; x_wconf 92' lang='lat' dir='ltr'><strong>d.</strong></span> <span class='ocrx_word' id='word_1_422' title='bbox 2351 2931 2518 2985; x_wconf 87' lang='lat' dir='ltr'><strong>Wiss.</strong></span> <span class='ocrx_word' id='word_1_423' title='bbox 2561 2948 2629 2982; x_wconf 80' lang='lat' dir='ltr'><strong>zu</strong></span> 
     </span>
     <span class='ocr_line' id='line_1_77' title="bbox 1541 3001 2630 3069; baseline -0.003 -14"><span class='ocrx_word' id='word_1_424' title='bbox 1541 3004 1747 3055; x_wconf 85' lang='lat' dir='ltr'><strong>Berlin.</strong></span> <span class='ocrx_word' id='word_1_425' title='bbox 1792 3004 1943 3056; x_wconf 82' lang='lat'><strong>1851.</strong></span> <span class='ocrx_word' id='word_1_426' title='bbox 1987 3018 2113 3069; x_wconf 85' lang='lat' dir='ltr'><strong>pag.</strong></span> <span class='ocrx_word' id='word_1_427' title='bbox 2159 3002 2299 3066; x_wconf 78' lang='lat'><strong>174),</strong></span> <span class='ocrx_word' id='word_1_428' title='bbox 2337 3001 2480 3069; x_wconf 85' lang='lat' dir='ltr'><strong>quod</strong></span> <span class='ocrx_word' id='word_1_429' title='bbox 2516 3003 2630 3052; x_wconf 88' lang='lat' dir='ltr'><strong>Ho-</strong></span> 
     </span>
     <span class='ocr_line' id='line_1_78' title="bbox 1540 3072 2627 3139; baseline -0.002 -15"><span class='ocrx_word' id='word_1_430' title='bbox 1540 3090 1663 3136; x_wconf 88' lang='lat' dir='ltr'><strong>rus,</strong></span> <span class='ocrx_word' id='word_1_431' title='bbox 1705 3074 1938 3125; x_wconf 88' lang='lat' dir='ltr'><strong>Osiridis</strong></span> <span class='ocrx_word' id='word_1_432' title='bbox 1975 3073 2145 3135; x_wconf 87' lang='lat' dir='ltr'><strong>filius,</strong></span> <span class='ocrx_word' id='word_1_433' title='bbox 2186 3073 2278 3139; x_wconf 93' lang='lat' dir='ltr'><strong>qui</strong></span> <span class='ocrx_word' id='word_1_434' title='bbox 2313 3072 2627 3137; x_wconf 84' lang='lat' dir='ltr'><strong>Typhonem</strong></span> 
     </span>
     <span class='ocr_line' id='line_1_79' title="bbox 1541 3142 2629 3210; baseline -0.002 -16"><span class='ocrx_word' id='word_1_435' title='bbox 1541 3144 1677 3195; x_wconf 81' lang='lat' dir='ltr'><strong>vicit</strong></span> <span class='ocrx_word' id='word_1_436' title='bbox 1711 3145 1993 3210; x_wconf 88' lang='lat' dir='ltr'><strong>patrisque</strong></span> <span class='ocrx_word' id='word_1_437' title='bbox 2029 3142 2229 3193; x_wconf 85' lang='lat' dir='ltr'><strong>vindex</strong></span> <span class='ocrx_word' id='word_1_438' title='bbox 2266 3143 2503 3206; x_wconf 85' lang='lat' dir='ltr'><strong>exstitit,</strong></span> <span class='ocrx_word' id='word_1_439' title='bbox 2549 3142 2629 3192; x_wconf 88' lang='lat' dir='ltr'><strong>ul·</strong></span> 
     </span>
     <span class='ocr_line' id='line_1_80' title="bbox 1542 3213 2632 3277; baseline -0.001 -13"><span class='ocrx_word' id='word_1_440' title='bbox 1542 3215 1706 3265; x_wconf 88' lang='lat' dir='ltr'><strong>timus</strong></span> <span class='ocrx_word' id='word_1_441' title='bbox 1738 3213 1957 3267; x_wconf 87' lang='lat' dir='ltr'><strong>deorum</strong></span> <span class='ocrx_word' id='word_1_442' title='bbox 1990 3229 2085 3264; x_wconf 83' lang='lat' dir='ltr'><strong>rex</strong></span> <span class='ocrx_word' id='word_1_443' title='bbox 2102 3218 2231 3263; x_wconf 90' lang='lat' dir='ltr'><strong>ante</strong></span> <span class='ocrx_word' id='word_1_444' title='bbox 2252 3213 2484 3274; x_wconf 84' lang='lat' dir='ltr'><strong>Menem,</strong></span> <span class='ocrx_word' id='word_1_445' title='bbox 2525 3213 2632 3277; x_wconf 83' lang='lat' dir='ltr'><strong>pri-</strong></span> 
     </span>
     <span class='ocr_line' id='line_1_81' title="bbox 1542 3282 2627 3347; baseline -0.004 -13"><span class='ocrx_word' id='word_1_446' title='bbox 1542 3299 1686 3333; x_wconf 86' lang='lat' dir='ltr'><strong>mum</strong></span> <span class='ocrx_word' id='word_1_447' title='bbox 1709 3283 1986 3334; x_wconf 89' lang='lat' dir='ltr'><strong>hominum</strong></span> <span class='ocrx_word' id='word_1_448' title='bbox 2006 3299 2206 3347; x_wconf 87' lang='lat' dir='ltr'><strong>regem,</strong></span> <span class='ocrx_word' id='word_1_449' title='bbox 2227 3282 2627 3346; x_wconf 85' lang='lat' dir='ltr'><strong>perhiberetur:</strong></span> 
     </span>
     <span class='ocr_line' id='line_1_82' title="bbox 1541 3351 2630 3417; baseline -0.004 -14"><span class='ocrx_word' id='word_1_450' title='bbox 1541 3355 1728 3417; x_wconf 89' lang='lat' dir='ltr'><strong>itaque</strong></span> <span class='ocrx_word' id='word_1_451' title='bbox 1765 3354 1833 3404; x_wconf 89' lang='lat' dir='ltr'><strong>ab</strong></span> <span class='ocrx_word' id='word_1_452' title='bbox 1860 3353 2140 3403; x_wconf 89' lang='lat' dir='ltr'><strong>Herodoto</strong></span> <span class='ocrx_word' id='word_1_453' title='bbox 2169 3366 2385 3416; x_wconf 90' lang='lat' dir='ltr'><strong>quoque</strong></span> <span class='ocrx_word' id='word_1_454' title='bbox 2420 3351 2630 3400; x_wconf 88' lang='lat' dir='ltr'><strong>Horum</strong></span> 
     </span>
     <span class='ocr_line' id='line_1_83' title="bbox 1544 3420 2628 3487; baseline -0.004 -15"><span class='ocrx_word' id='word_1_455' title='bbox 1544 3427 1599 3472; x_wconf 90' lang='lat' dir='ltr'><strong>et</strong></span> <span class='ocrx_word' id='word_1_456' title='bbox 1619 3422 1889 3474; x_wconf 89' lang='lat' dir='ltr'><strong>Osiridem</strong></span> <span class='ocrx_word' id='word_1_457' title='bbox 1906 3459 1919 3480; x_wconf 85' lang='lat'>‚</span> <span class='ocrx_word' id='word_1_458' title='bbox 1959 3437 2114 3487; x_wconf 89' lang='lat' dir='ltr'><strong>quem</strong></span> <span class='ocrx_word' id='word_1_459' title='bbox 2144 3425 2432 3484; x_wconf 85' lang='lat' dir='ltr'><strong>utrumque</strong></span> <span class='ocrx_word' id='word_1_460' title='bbox 2458 3420 2628 3483; x_wconf 90' lang='lat' dir='ltr'><strong>primo</strong></span> 
     </span>
     <span class='ocr_line' id='line_1_84' title="bbox 1543 3488 2630 3553; baseline -0.003 -13"><span class='ocrx_word' id='word_1_461' title='bbox 1543 3491 1765 3541; x_wconf 86' lang='lat' dir='ltr'><strong>deorum</strong></span> <span class='ocrx_word' id='word_1_462' title='bbox 1812 3489 1989 3541; x_wconf 76' lang='lat' dir='ltr'><strong>ordini</strong></span> <span class='ocrx_word' id='word_1_463' title='bbox 2020 3490 2120 3552; x_wconf 87' lang='lat' dir='ltr'><strong>(ad</strong></span> <span class='ocrx_word' id='word_1_464' title='bbox 2158 3503 2315 3553; x_wconf 90' lang='lat' dir='ltr'><strong>quem</strong></span> <span class='ocrx_word' id='word_1_465' title='bbox 2368 3504 2397 3538; x_wconf 92' lang='lat' dir='ltr'><strong>e</strong></span> <span class='ocrx_word' id='word_1_466' title='bbox 2443 3488 2630 3553; x_wconf 90' lang='lat' dir='ltr'><strong>Lepsii</strong></span> 
     </span>
     <span class='ocr_line' id='line_1_85' title="bbox 1541 3556 2629 3622; baseline -0.002 -13"><span class='ocrx_word' id='word_1_467' title='bbox 1541 3560 1820 3610; x_wconf 88' lang='lat' dir='ltr'><strong>sententia</strong></span> <span class='ocrx_word' id='word_1_468' title='bbox 1851 3556 2166 3622; x_wconf 86' lang='lat' dir='ltr'><strong>pertinent),</strong></span> <span class='ocrx_word' id='word_1_469' title='bbox 2189 3557 2504 3607; x_wconf 88' lang='lat' dir='ltr'><strong>adscribere</strong></span> <span class='ocrx_word' id='word_1_470' title='bbox 2541 3557 2629 3607; x_wconf 92' lang='lat' dir='ltr'><strong>de-</strong></span> 
     </span>
     <span class='ocr_line' id='line_1_86' title="bbox 1540 3625 2624 3690; baseline -0.001 -12"><span class='ocrx_word' id='word_1_471' title='bbox 1540 3628 1748 3690; x_wconf 89' lang='lat' dir='ltr'><strong>buerit,</strong></span> <span class='ocrx_word' id='word_1_472' title='bbox 1799 3628 1869 3678; x_wconf 90' lang='lat' dir='ltr'><strong>ad</strong></span> <span class='ocrx_word' id='word_1_473' title='bbox 1904 3628 2156 3689; x_wconf 89' lang='lat' dir='ltr'><strong>tertium,</strong></span> <span class='ocrx_word' id='word_1_474' title='bbox 2206 3627 2243 3676; x_wconf 90' lang='lat' dir='ltr'><strong>i.</strong></span> <span class='ocrx_word' id='word_1_475' title='bbox 2290 3642 2340 3676; x_wconf 86' lang='lat' dir='ltr'><strong>e.</strong></span> <span class='ocrx_word' id='word_1_476' title='bbox 2379 3625 2624 3677; x_wconf 86' lang='lat' dir='ltr'><strong>ultimum</strong></span> 
     </span>
     <span class='ocr_line' id='line_1_87' title="bbox 1541 3695 2628 3762; baseline -0.002 -15"><span class='ocrx_word' id='word_1_477' title='bbox 1541 3697 1760 3747; x_wconf 86' lang='lat' dir='ltr'><strong>deorum</strong></span> <span class='ocrx_word' id='word_1_478' title='bbox 1782 3696 2042 3759; x_wconf 88' lang='lat' dir='ltr'><strong>ordinem,</strong></span> <span class='ocrx_word' id='word_1_479' title='bbox 2082 3711 2218 3762; x_wconf 88' lang='lat' dir='ltr'><strong>quos</strong></span> <span class='ocrx_word' id='word_1_480' title='bbox 2237 3695 2510 3746; x_wconf 88' lang='lat' dir='ltr'><strong>hominum</strong></span> <span class='ocrx_word' id='word_1_481' title='bbox 2535 3696 2628 3745; x_wconf 93' lang='lat' dir='ltr'><strong>im-</strong></span> 
     </span>
     <span class='ocr_line' id='line_1_88' title="bbox 1539 3766 2628 3832; baseline -0.001 -15"><span class='ocrx_word' id='word_1_482' title='bbox 1539 3767 1745 3832; x_wconf 87' lang='lat' dir='ltr'><strong>perium</strong></span> <span class='ocrx_word' id='word_1_483' title='bbox 1790 3768 1849 3817; x_wconf 92' lang='lat' dir='ltr'><strong>in</strong></span> <span class='ocrx_word' id='word_1_484' title='bbox 1897 3766 2147 3832; x_wconf 82' lang='lat' dir='ltr'><strong>Aegypto</strong></span> <span class='ocrx_word' id='word_1_485' title='bbox 2194 3766 2497 3832; x_wconf 87' lang='lat' dir='ltr'><strong>exceperit,</strong></span> <span class='ocrx_word' id='word_1_486' title='bbox 2546 3782 2628 3817; x_wconf 90' lang='lat' dir='ltr'><strong>re-</strong></span> 
     </span>
     <span class='ocr_line' id='line_1_89' title="bbox 1539 3835 2630 3902; baseline -0.001 -15"><span class='ocrx_word' id='word_1_487' title='bbox 1539 3837 1688 3887; x_wconf 83' lang='lat' dir='ltr'><strong>ferri.</strong></span> <span class='ocrx_word' id='word_1_488' title='bbox 1758 3837 1949 3902; x_wconf 89' lang='lat' dir='ltr'><strong>Neque</strong></span> <span class='ocrx_word' id='word_1_489' title='bbox 1977 3836 2119 3886; x_wconf 89' lang='lat' dir='ltr'><strong>enim</strong></span> <span class='ocrx_word' id='word_1_490' title='bbox 2141 3835 2328 3887; x_wconf 85' lang='lat' dir='ltr'><strong>horum</strong></span> <span class='ocrx_word' id='word_1_491' title='bbox 2359 3836 2518 3886; x_wconf 87' lang='lat' dir='ltr'><strong>trium</strong></span> <span class='ocrx_word' id='word_1_492' title='bbox 2545 3852 2630 3886; x_wconf 91' lang='lat' dir='ltr'><strong>or-</strong></span> 
     </span>
     <span class='ocr_line' id='line_1_90' title="bbox 1540 3905 2629 3971; baseline 0 -14"><span class='ocrx_word' id='word_1_493' title='bbox 1540 3908 1728 3958; x_wconf 89' lang='lat' dir='ltr'><strong>dinum</strong></span> <span class='ocrx_word' id='word_1_494' title='bbox 1764 3906 1995 3957; x_wconf 86' lang='lat' dir='ltr'><strong>alterum</strong></span> <span class='ocrx_word' id='word_1_495' title='bbox 2032 3921 2099 3955; x_wconf 86' lang='lat' dir='ltr'><strong>ex</strong></span> <span class='ocrx_word' id='word_1_496' title='bbox 2134 3905 2306 3956; x_wconf 88' lang='lat' dir='ltr'><strong>altero</strong></span> <span class='ocrx_word' id='word_1_497' title='bbox 2330 3911 2506 3957; x_wconf 89' lang='lat' dir='ltr'><strong>ortum</strong></span> <span class='ocrx_word' id='word_1_498' title='bbox 2532 3922 2629 3971; x_wconf 90' lang='lat' dir='ltr'><strong>pu-</strong></span> 
     </span>
     <span class='ocr_line' id='line_1_91' title="bbox 1539 3974 2628 4043; baseline 0.001 -17"><span class='ocrx_word' id='word_1_499' title='bbox 1539 3980 1625 4027; x_wconf 89' lang='lat' dir='ltr'><strong>tat</strong></span> <span class='ocrx_word' id='word_1_500' title='bbox 1660 3976 1895 4040; x_wconf 88' lang='lat' dir='ltr'><strong>Lepsius</strong></span> <span class='ocrx_word' id='word_1_501' title='bbox 1931 3974 1990 4040; x_wconf 88' lang='lat' dir='ltr'><strong>(l.</strong></span> <span class='ocrx_word' id='word_1_502' title='bbox 2016 3974 2054 4026; x_wconf 91' lang='lat' dir='ltr'><strong>l.</strong></span> <span class='ocrx_word' id='word_1_503' title='bbox 2090 3991 2216 4041; x_wconf 85' lang='lat' dir='ltr'><strong>pag.</strong></span> <span class='ocrx_word' id='word_1_504' title='bbox 2247 3976 2344 4027; x_wconf 83' lang='lat'><strong>177</strong></span> <span class='ocrx_word' id='word_1_505' title='bbox 2371 3977 2511 4043; x_wconf 84' lang='lat' dir='ltr'><strong>seq.)</strong></span> <span class='ocrx_word' id='word_1_506' title='bbox 2537 3992 2628 4041; x_wconf 85' lang='lat' dir='ltr'><strong>ge·</strong></span> 
     </span>
     <span class='ocr_line' id='line_1_92' title="bbox 1540 4045 2629 4110; baseline 0.001 -15"><span class='ocrx_word' id='word_1_507' title='bbox 1540 4046 1769 4096; x_wconf 88' lang='lat' dir='ltr'><strong>nerandi</strong></span> <span class='ocrx_word' id='word_1_508' title='bbox 1819 4045 1968 4110; x_wconf 85' lang='lat' dir='ltr'><strong>lege,</strong></span> <span class='ocrx_word' id='word_1_509' title='bbox 2025 4045 2123 4096; x_wconf 84' lang='lat' dir='ltr'><strong>sed</strong></span> <span class='ocrx_word' id='word_1_510' title='bbox 2170 4061 2462 4110; x_wconf 84' lang='lat' dir='ltr'><strong>regnorum</strong></span> <span class='ocrx_word' id='word_1_511' title='bbox 2508 4062 2629 4096; x_wconf 89' lang='lat' dir='ltr'><strong>suc·</strong></span> 
     </span>
     <span class='ocr_line' id='line_1_93' title="bbox 1539 4114 2627 4180; baseline 0.001 -15"><span class='ocrx_word' id='word_1_512' title='bbox 1539 4114 1815 4166; x_wconf 87' lang='lat' dir='ltr'><strong>cessiones</strong></span> <span class='ocrx_word' id='word_1_513' title='bbox 1850 4119 2155 4180; x_wconf 88' lang='lat' dir='ltr'><strong>temporum</strong></span> <span class='ocrx_word' id='word_1_514' title='bbox 2181 4115 2413 4167; x_wconf 88' lang='lat' dir='ltr'><strong>decursu</strong></span> <span class='ocrx_word' id='word_1_515' title='bbox 2450 4117 2627 4166; x_wconf 78' lang='lat' dir='ltr'><strong>factas</strong></span> 
     </span>
     <span class='ocr_line' id='line_1_94' title="bbox 1542 4183 2054 4236; baseline 0 -1"><span class='ocrx_word' id='word_1_516' title='bbox 1542 4183 1809 4236; x_wconf 85' lang='lat' dir='ltr'><strong>declarari</strong></span> <span class='ocrx_word' id='word_1_517' title='bbox 1849 4188 2054 4236; x_wconf 89' lang='lat' dir='ltr'><strong>censet.</strong></span> 
     </span>
    </p>

    <p class='ocr_par' dir='ltr' id='par_1_11' title="bbox 1539 4243 2628 4459">
     <span class='ocr_line' id='line_1_95' title="bbox 1611 4243 2628 4318; baseline -0.001 -16"><span class='ocrx_word' id='word_1_518' title='bbox 1611 4249 1935 4318; x_wconf 72' lang='grc' dir='ltr'><strong><em>δεδήλωταί</em></strong></span> <span class='ocrx_word' id='word_1_519' title='bbox 1958 4268 2057 4317; x_wconf 88' lang='grc' dir='ltr'><strong>μοι</strong></span> <span class='ocrx_word' id='word_1_520' title='bbox 2093 4243 2343 4316; x_wconf 79' lang='grc' dir='ltr'><strong><em>πρόσθε]</em></strong></span> <span class='ocrx_word' id='word_1_521' title='bbox 2382 4251 2505 4301; x_wconf 88' lang='lat' dir='ltr'><strong>Vid.</strong></span> <span class='ocrx_word' id='word_1_522' title='bbox 2539 4267 2628 4301; x_wconf 87' lang='lat' dir='ltr'><strong>su-</strong></span> 
     </span>
     <span class='ocr_line' id='line_1_96' title="bbox 1539 4313 2626 4392; baseline -0.001 -20"><span class='ocrx_word' id='word_1_523' title='bbox 1539 4339 1640 4386; x_wconf 90' lang='lat' dir='ltr'><strong>pra</strong></span> <span class='ocrx_word' id='word_1_524' title='bbox 1664 4324 1740 4386; x_wconf 90' lang='lat'><strong>11,</strong></span> <span class='ocrx_word' id='word_1_525' title='bbox 1764 4321 1850 4374; x_wconf 78' lang='lat'><strong>43.</strong></span> <span class='ocrx_word' id='word_1_526' title='bbox 1906 4325 2014 4375; x_wconf 92' lang='lat' dir='ltr'><strong>Pro</strong></span> <span class='ocrx_word' id='word_1_527' title='bbox 2040 4313 2344 4392; x_wconf 72' lang='grc' dir='ltr'><strong><em>Ἡρακλῆς,</em></strong></span> <span class='ocrx_word' id='word_1_528' title='bbox 2372 4324 2435 4370; x_wconf 93' lang='lat' dir='ltr'><strong>ut</strong></span> <span class='ocrx_word' id='word_1_529' title='bbox 2458 4320 2626 4386; x_wconf 84' lang='lat' dir='ltr'><strong>vulgo</strong></span> 
     </span>
     <span class='ocr_line' id='line_1_97' title="bbox 1539 4381 2628 4459; baseline -0.001 -18"><span class='ocrx_word' id='word_1_530' title='bbox 1539 4391 1826 4459; x_wconf 88' lang='lat' dir='ltr'><strong>legebatur</strong></span> <span class='ocrx_word' id='word_1_531' title='bbox 1839 4430 1854 4457; x_wconf 91' lang='lat'><strong>,</strong></span> <span class='ocrx_word' id='word_1_532' title='bbox 1894 4392 2114 4459; x_wconf 87' lang='lat' dir='ltr'><strong>reposui</strong></span> <span class='ocrx_word' id='word_1_533' title='bbox 2135 4381 2449 4456; x_wconf 74' lang='grc' dir='ltr'><strong><em>ἾΙρακλέης</em></strong></span> <span class='ocrx_word' id='word_1_534' title='bbox 2462 4426 2478 4453; x_wconf 91' lang='grc'><strong><em>,</em></strong></span> <span class='ocrx_word' id='word_1_535' title='bbox 2516 4405 2628 4440; x_wconf 85' lang='lat' dir='ltr'><strong>mo·</strong></span> 
     </span>
    </p>
   </div>
   <div class='ocr_carea' id='block_1_11' title="bbox 3086 0 3098 534">
    <p class='ocr_par' dir='ltr' id='par_1_12' title="bbox 3086 0 3098 534">
     <span class='ocr_line' id='line_1_98' title="bbox 3086 0 3098 534; baseline 0 0"><span class='ocrx_word' id='word_1_536' title='bbox 3086 0 3098 534; x_wconf 95' lang='lat' dir='ltr'><strong> </strong></span> 
     </span>
    </p>
   </div>
  </div>
 </body>
</html>
