3109 5092
462 372 542 433 94
1328 368 1869 431 HERODOTI

460 570 637 631 ρεων
665 544 777 611 καὶ
805 538 985 630 παρὰ
1022 544 1418 635 Τροφώνιον
1436 514 1467 578 .-
1507 508 1579 612 οἱ
1600 542 1677 611 δὲ
1713 524 1829 630 της
1858 548 2199 631 Μιλησίης
2243 539 2310 621 ἐς
2338 549 2737 631 Βραγχίδας.

458 652 667 716 ταῦτα
707 648 833 733 μέν
871 673 1001 715 νυν
1042 643 1123 713 τὰ
1152 641 1503 734 Ἑλληνικὰ
1542 646 1865 735 μαντήΐα,
1927 643 1995 726 ἐς
2033 644 2116 715 τὰ
2161 643 2514 736 ἆπΐέπεμψε
2569 676 2739 735 μαν-

456 748 855 837 τευσόμενος
881 755 1189 839 Κροῖσος.

1263 748 1522 837 Λιβύης
1563 748 1637 819 δὲ
1679 748 1860 839 παρὰ
1879 746 2202 839 ’Ἄμμωνα
2229 746 2577 819 ἀπέστειλε
2618 748 2740 820 ἅλ-

456 861 615 933 λους
641 854 1112 941 χρησομένους.
1162 856 1486 941 διέπεμπε
1520 853 1596 922 δὲ
1628 849 2075 941 παρεπόμενος
2101 858 2240 923 τῶν
2277 861 2624 942 μαντηΐων
2646 905 2665 938 ,
2707 850 2745 923 ὅ

454 984 517 1025 τι
547 958 933 1045 φρονέοιεν·
984 950 1107 1040 ὥς,
1149 963 1212 1026 εἰ
1236 959 1610 1044 φρονέοντα
1623 954 1762 1044 ’τὴν
1795 953 2130 1045 ἀληθείην
2158 952 2511 1045 εὑρεθείη,
2557 953 2741 1027 ἐπεί-

457 1066 656 1150 ρηταί
683 1078 861 1145 σφεα
901 1057 1186 1148 δεύτερα
1226 1062 1541 1148 πέμπων,
1587 1066 1651 1128 εἰ
1687 1058 2041 1151 ἐπιχειρέοι
2084 1056 2197 1129 ἐπὶ
2225 1063 2494 1152 Πέρσας
2535 1080 2738 1149 στρα-

453 1226 663 1275 badeae
702 1225 757 1275 in
776 1225 1008 1275 Boeotia
1034 1208 1268 1276 ‘oracula
1304 1226 1440 1285 edit;
1483 1227 1550 1276 de

456 1312 563 1361 quo
600 1297 839 1344 Pausan.
892 1295 988 1355 IX,
1037 1295 1105 1346 34
1153 1310 1304 1360 seqq.
1352 1300 1407 1346 et
1442 1298 1551 1345 He-

455 1364 636 1414 rodot.
685 1364 839 1425 VIII,
906 1362 1023 1414 131.
1077 1364 1171 1413 ubi
1232 1365 1344 1415 vid.
1405 1372 1546 1416 nott.

455 1435 624 1484 Plura
658 1432 1034 1484 HemsterhuS.
1083 1434 1152 1484 ad
1194 1434 1423 1485 Lucian.
1470 1436 1545 1485 11.

458 1518 511 1567 p.
549 1503 649 1553 411
691 1502 776 1551 ed.
815 1503 938 1565 Bip.

524 1564 585 1620 οἷ
628 1563 692 1619 δὲ
736 1569 840 1636 τῆς
875 1570 1159 1636 Μιλεσίης
1204 1561 1261 1628 ἐς
1309 1572 1549 1639 Βραγχί-

455 1638 581 1707 δας]
622 1641 749 1692 Vid.
881 1638 1119 1693 92.158
1168 1642 1352 1705 ibique
1401 1648 1543 1694 nott.

457 1715 511 1759 et
548 1711 692 1760 infra
728 1641 919 1773 V,136.
970 1701 1036 1760 τὸ
1078 1703 1209 1773 ἱρὸν
1254 1709 1314 1763 ἐν
1362 1712 1543 1777 Βραγ-

450 1777 663 1846 χίδησι,
685 1786 741 1830 et
758 1780 854 1841 VI,
884 1780 967 1831 10.
985 1781 1389 1833 Branchidarum
1414 1787 1546 1832 tem-

453 1849 621 1914 plum,
660 1850 803 1914 quod
828 1849 1120 1914 Didymaei
1155 1852 1423 1916 Apollinis
1452 1867 1544 1901 no

455 1935 577 1969 men
636 1924 835 1984 postea
879 1920 1032 1984 tulit,
1085 1935 1253 1986 prope
1297 1921 1545 1971 Miletum

454 1990 588 2051 suit,
629 2004 791 2053 quam
826 1989 1001 2054 ipsam
1048 1991 1235 2040 urbem
1272 1990 1543 2069 Orphicus

453 2064 620 2122 poeta
670 2058 922 2123 designat
974 2051 1233 2123 Βράγχου
1290 2053 1545 2109 πολύπυ-

455 2141 554 2192 ρος
591 2119 867 2190 ἄρουραν,
919 2129 1249 2192 Argonautt.
1299 2144 1383 2179 vs.
1424 2127 1544 2179 153.

456 2196 580 2247 coll.
620 2195 764 2247 Plin.
802 2197 950 2247 Hist.
988 2198 1114 2247 Nat.
1164 2198 1230 2258 V,
1267 2198 1356 2248 29.
1405 2198 1546 2248 Nam

455 2282 490 2314 a
529 2265 765 2315 Brancho
814 2266 1047 2330 quodam
1093 2267 1371 2316 conditum
1412 2268 1547 2317 fere·

454 2335 646 2398 batur,
694 2334 761 2385 de
809 2350 915 2399 quo
961 2335 1021 2384 in
1065 2335 1234 2386 schol.
1274 2336 1342 2385 ad
1380 2336 1547 2387 Statii

454 2403 626 2454 Theb.
676 2403 833 2465 VIII,
881 2403 999 2455 198.
1060 2404 1218 2469 plura
1271 2404 1546 2470 leguntur.

455 2473 563 2536 Qui
599 2489 722 2523 cum
757 2474 1024 2538 Apollinis
1072 2489 1232 2525 sacra
1255 2480 1323 2525 ,et
1357 2490 1547 2526 oracu-

452 2544 563 2593 lum
589 2545 963 2604 constitueret,
992 2543 1138 2593 haud
1161 2560 1383 2609 prorsus
1402 2560 1547 2597 vana

455 2617 540 2661 est
589 2613 850 2664 Lar-cheri
907 2613 1176 2679 suspiciO,
1237 2615 1546 2665 Branchum

454 2682 680 2747 Delphis
738 2683 844 2733 huc
899 2684 1124 2735 missum
1174 2684 1372 2747 fuisse,
1439 2699 1544 2750 quo

454 2752 722 2816 Apollinis
778 2752 981 2803 cultum
1046 2754 1378 2805 institueret.
1461 2753 1545 2803 Ad

455 2837 575 2871 eam
611 2823 753 2872 enim
789 2822 1131 2873 sacerdotum
1167 2829 1384 2887 gentem
1426 2838 1545 2887 per-

455 2891 689 2941 tinuisse
722 2891 858 2953 vult‚
899 2907 1038 2955 quae
1074 2892 1398 2956 Delphicum
1427 2907 1546 2942 ora-

455 2957 637 3009 culum
692 2961 958 3020 tenuerit3
1038 2975 1341 3026 nomenque
1398 2960 1544 3010 illius

451 3031 698 3092 gurgitem
732 3028 1043 3093 significare
1078 3029 1251 3093 (conf.
1301 3030 1542 3099 Etyn..

455 3112 636 3162 magn.
700 3114 756 3162 p.
820 3099 952 3159 211,
1015 3096 1121 3163 18).
1201 3098 1347 3160 Quid
1402 3100 1546 3164 quod

454 3166 762 3217 Branchum
799 3167 1027 3217 eundem
1050 3182 1171 3217 esse
1199 3173 1365 3232 atque
1386 3168 1547 3232 Apol-

453 3235 619 3286 linem
642 3251 812 3300 nuper
838 3235 1209 3287 demonstrare
1244 3238 1455 3287 studuit
1477 3239 1543 3288 A.

455 3305 799 3356 Sch‘dnbornz
837 3306 1019 3356 Ueber
1046 3304 1144 3356 das
1166 3307 1365 3356 Wesen
1386 3305 1548 3372 Apol-

452 3375 612 3427 lon's.
650 3391 704 3440 p.
744 3375 832 3426 65.
879 3375 1020 3425 Utut
1066 3380 1176 3436 est,
1217 3375 1546 3426 Branchidae

453 3445 765 3497 sacerdotes
811 3445 881 3495 ab
925 3461 989 3496 eo
1036 3444 1299 3511 originem
1338 3449 1546 3510 repete-

453 3516 588 3565 bant
622 3514 1001 3581 Apollinisque
1037 3531 1213 3577 sacra,
1250 3516 1320 3567 ab
1354 3516 1449 3565 illo
1482 3519 1545 3565 ut

452 3586 602 3635 fama
647 3585 859 3636 serebat
902 3585 1183 3648 instituta,
1234 3585 1405 3636 multa
1449 3600 1544 3650 per

453 3653 677 3706 saecula
710 3654 988 3705 tenebant.
1029 3656 1372 3721 Quamquam
1402 3656 1541 3705 enim

450 3725 649 3773 Xerxis
696 3728 879 3774 aetate
922 3728 1222 3774 crematum
1277 3730 1360 3775 est
1410 3729 1542 3775 tem-

452 3792 627 3856 plum,
667 3798 794 3857 post
839 3793 1015 3844 denuo
1065 3793 1400 3859 splendidius
1453 3809 1542 3844 ex-

453 3866 721 3910 structum
775 3867 859 3910 est
917 3862 1165 3926 asylique
1208 3864 1324 3913 iure
1368 3878 1543 3927 usque

454 3929 525 3979 ad
570 3931 936 3980 Romanorum
981 3932 1364 3994 imperatorum
1410 3938 1542 3981 tem·
1567 3988 1584 4001 ο

454 4014 592 4064 pora
628 3999 840 4063 insigne
879 3998 1000 4049 fuit.
1038 4000 1163 4051 Vid.
1214 4002 1396 4052 Tacit.
1433 4002 1541 4051 An-

453 4067 583 4121 nall.
649 4067 755 4127 ΙΙΙ,
810 4066 899 4118 63.
954 4068 1178 4117 Sueten.
1235 4069 1421 4118 Tiber.
1473 4070 1540 4121 37

451 4138 587 4202 ibiq.
624 4138 925 4187 Excursum
972 4138 1192 4187 Ernest.
1230 4137 1543 4201 Inscriptio-

452 4222 550 4261 nes
577 4206 801 4257 Graece.
838 4206 894 4255 in
931 4205 1193 4257 Boeckhii
1236 4205 1397 4270 Corp.
1452 4207 1544 4256 In-

454 4291 560 4327 scr.
600 4291 682 4326 nr.
723 4272 861 4326 2852
896 4291 1047 4340 seqq.
1098 4276 1164 4325 T.
1211 4275 1290 4326 11.
1335 4276 1430 4325 ubi
1466 4276 1538 4325 cf.

451 4345 692 4397 Boeckh.
730 4360 784 4409 p.
822 4344 944 4395 552.
981 4343 1239 4395 Larcher.
1271 4344 1340 4395 ad
1371 4345 1541 4396 Hero-

453 4416 568 4467 dot.
614 4415 682 4479 V,
729 4414 814 4465 36.
856 4414 952 4478 VI,
1002 4412 1089 4467 19.
1148 4428 1215 4467 ac
1250 4414 1540 4480 praecipue

1655 1226 1862 1279 Soldan
1926 1228 2011 1277 int
2073 1228 2392 1278 zeitschrift
2459 1227 2503 1279 f.
2570 1226 2745 1277 Alter-

1655 1297 1989 1347 thumswiss.
2046 1296 2198 1348 1841.
2235 1313 2318 1348 nr.
2371 1297 2597 1360 66-70,
2650 1297 2742 1361 qui

1652 1366 1794 1416 idem
1831 1366 2004 1432 (Rerr.
2043 1366 2250 1417 Miless.
2273 1367 2480 1418 Comm.
2505 1367 2551 1416 Ι.
2588 1382 2641 1432 p.
2676 1365 2744 1416 32

1654 1436 1830 1501 seqq.)
1870 1435 1939 1485 de
1972 1436 2093 1500 ipso
2142 1435 2263 1487 loco
2307 1437 2587 1501 exposuit,
2635 1452 2742 1501 quo

1653 1504 1911 1570 templum
1950 1510 2286 1556 exstructum
2313 1506 2438 1568 fuit,
2473 1505 2621 1555 edito
2652 1506 2746 1555 illo

1652 1575 1886 1639 quidem,
1948 1575 2092 1624 unde
2146 1574 2256 1626 late
2312 1581 2466 1641 patet
2524 1591 2745 1640 prospe·

1651 1651 1790 1708 ctus,
1826 1660 1938 1694 non
1974 1644 2136 1709 longe
2185 1660 2219 1695 a
2263 1647 2400 1695 mari
2451 1660 2620 1710 prope
2667 1644 2747 1693 vi-

1650 1730 1790 1775 cum,
1829 1715 1918 1764 cui
1950 1729 2094 1763 nunc
2130 1729 2324 1764 nomen
2358 1715 2523 1765 Joran
2559 1730 2604 1764 s.
2645 1716 2742 1764 Ge-

1648 1792 1845 1847 rontas,
1884 1784 2083 1848 quique
2121 1798 2154 1833 a
2198 1783 2389 1833 Mileto
2433 1784 2496 1846 (i.
2547 1799 2597 1834 e.
2635 1785 2743 1833 Pa-

1648 1853 1874 1909 latsclm,·
1908 1853 2019 1902 vid.
2060 1853 2128 1902 ad
2167 1853 2212 1915 Ι,
2258 1854 2342 1919 17)
2380 1861 2614 1918 quatuor
2651 1853 2744 1901 ho-

1648 1937 1828 1972 rarum
1867 1922 2061 1972 itinere
2100 1922 2291 1972 distat.
2353 1923 2489 1972 Tres
2528 1927 2743 1972 tantum

1649 1991 1931 2042 columnae
1997 1991 2185 2056 templi
2264 1990 2442 2042 adhuc
2527 1995 2743 2042 erectae

1650 2067 1827 2112 stant:
1864 2061 2075 2126 reliqua
2113 2062 2293 2111 omnia
2321 2061 2505 2112 diruta
2541 2068 2597 2111 et
2634 2061 2743 2110 dis-

1649 2132 1794 2181 iecta
1851 2131 2128 2197 ingentem
2188 2131 2301 2181 fere
2357 2131 2743 2195 horridamque

1651 2200 1895 2264 lapidum
1929 2199 2124 2250 molem
2168 2201 2431 2265 praebere
2466 2200 2740 2251 dicuntur.

1649 2269 1775 2320 vid.
1814 2268 2103 2319 Chandler.
2139 2271 2304 2320 Reise
2343 2270 2400 2319 in
2427 2270 2743 2320 Kleinasien

1652 2355 1771 2404 cap.
1810 2340 1897 2389 43.
1947 2355 1999 2403 p.
2048 2339 2169 2389 213.
2219 2340 2384 2389 Ross:
2422 2339 2742 2389 Kleinasien

1650 2425 1706 2459 u.
1767 2406 2144 2457 Deutschland
2189 2424 2243 2472 p.
2288 2409 2386 2458 132
2422 2424 2575 2474 seqq.
2618 2408 2736 2458 150.

1650 2476 1848 2528 Texier
1881 2477 2157 2542 Descript.
2194 2477 2262 2527 de
2297 2478 2469 2528 l'Asie
2501 2478 2629 2527 min.
2661 2477 2738 2526 11.

1649 2545 1829 2611 p.319
1858 2560 2030 2611 seqq.,
2070 2547 2162 2610 qui
2202 2547 2345 2597 idem
2381 2553 2737 2612 conspectum

1648 2617 1925 2665 ruinarum
1960 2620 2124 2680 atque
2161 2614 2577 2667 delineationem
2606 2622 2739 2666 tem-

1648 2685 1722 2750 pli
1767 2685 1975 2734 vetusti
2019 2684 2264 2735 exhibuit
2299 2686 2373 2750 pl.

1647 2754 1852 2805 Eadem
1888 2769 2100 2819 quoque
2150 2754 2474 2806 exhibentur
2517 2756 2604 2805 in.
2652 2756 2742 2804 Io-

1646 2823 1833 2874 nische
1871 2823 2240 2874 Alterthiimer
2287 2829 2393 2876 etc.
2457 2840 2579 2889 cap.
2626 2824 2738 2873 ΠΙ.

1647 2894 1764 2944 tab.
1803 2893 1850 2943 Ι.
1884 2909 2037 2958 seqq.

1717 2953 1933 3027 Λιβύης
1981 2955 2046 3011 δὲ
2093 2954 2250 3025 παρὰ
2296 2952 2557 3026 ’Ἄμμωνα
2603 2950 2739 3010 ἀπέ-

1649 3028 1844 3095 στειλε]
1881 3032 1966 3081 De
1998 3032 2250 3082 Ammonis
2286 3033 2491 3082 oraculo
2515 3031 2629 3081 vid.
2660 3030 2736 3089 ΙΙ,

1649 3100 1738 3152 32.
1776 3102 1863 3151 55.
1900 3101 1998 3177 IV,
2039 3101 2133 3152 181
2174 3117 2289 3166 seq.

1717 3160 2097 3233 πειρεεόμενος
2127 3167 2242 3219 τῶν
2274 3163 2585 3234 μαντηΐων,
2617 3182 2648 3216 ο
2687 3183 2741 3216 τι

1649 3236 2019 3304 φρονέοιεν]’
2005 3254 2043 3290 ι.
2072 3254 2118 3288 e.
2147 3247 2349 3289 tentans
2367 3239 2594 3301 oracula,
2621 3237 2743 3301 quid

1649 3314 1917 3386 imperent,-
1965 3309 2230 3388 itemque·
2241 3323 2392 3358 mox:
2437 3303 2492 3356 εἰ
2532 3303 2739 3370 φρονέ-

1650 3390 1788 3425 οντα
1837 3368 1943 3441 τὴν
2003 3368 2288 3442 ἀληθείην
2346 3367 2648 3441 stip-§Ocius
2693 3376 2743 3423 εἰ

1647 3449 1846 3497 inventa
1892 3454 2058 3497 essent
2099 3460 2266 3496 verum
2311 3461 2458 3497 nosse
2508 3460 2553 3495 s.
2599 3451 2739 3494 recle

1646 3531 1850 3578 sapere.
1913 3517 2021 3566 Pro
2066 3529 2279 3577 πειρεω
2290 3528 2459 3579 μενος
2503 3517 2736 3563 recentt.

1648 3584 1770 3635 edd.
1820 3576 2235 3664 πειρεόμενοςς
2287 3583 2400 3635 vid.
2449 3582 2519 3633 ad
2556 3583 2602 3645 Ι,
2646 3582 2736 3633 36.

1649 3658 1704 3704 et
1741 3654 1810 3704 de
1845 3653 2019 3704 forma
2049 3620 2351 3717 ἀληθείην,
2385 3668 2548 3718 quam
2582 3668 2738 3717 repo·

1646 3724 1731 3773 sui
1768 3739 1864 3787 pro
1900 3714 2215 3787 ἆληθηΐην,
2253 3726 2396 3773 nott.
2434 3722 2506 3772 ad
2546 3721 2593 3783 Ι,
2646 3720 2736 3771 34.

1645 3792 1885 3842 Dindorf
1928 3797 1983 3842 et
2017 3792 2246 3842 Dietsch
2294 3792 2561 3842 dederunt
2579 3760 2735 3853 ἀλή-

1644 3861 1834 3912 θειαν.
1874 3892 1944 3901 --
1976 3861 2107 3912 Mox
2139 3853 2376 3923 δευτερα
2411 3860 2607 3926 pJurali
2638 3873 2735 3907 nu-

1644 3947 1792 3981 mero
1847 3931 2009 3981 etiam
2056 3931 2102 3993 Ι,
2150 3929 2236 3981 59.
2289 3930 2376 3981 91.
2431 3932 2554 3981 112.
2614 3926 2733 3979 126.

1652 4000 1765 4051 134.
1808 4001 1929 4053 179.
1967 4000 2088 4062 204,
2120 4014 2191 4050 ne
2220 3998 2403 4065 plura3
2432 4000 2578 4049 unde
2603 4012 2736 4062 quo-2

1647 4069 2203 4190 quefapSudbPliizusan.
2255 4069 2300 4131 Ι,
2340 4071 2389 4119 7.
2440 4072 2492 4132 9.
2541 4069 2589 4130 l,
2640 4066 2734 4116 ubi

1647 4154 1750 4188 con
1873 4154 1922 4188 ie
1964 4155 1993 4189 e
2036 4154 2062 4187 s

1716 4202 1770 4256 εἰ
1815 4197 2120 4271 ἐπιχειρέοι
2167 4197 2261 4256 ἐπὶ
2307 4204 2533 4268 Πέρσας
2570 4217 2736 4267 στρα-

1644 4268 1938 4342 τεύεσθαι]
1962 4277 2268 4327 Werferum
2292 4274 2370 4339 (in
2392 4276 2541 4325 Actt.
2577 4271 2730 4337 phill.

1645 4346 1894 4396 Menace.
1929 4347 1978 4396 Ι.
2059 4344 2231 4407 .,23Ο
2255 4345 2350 4394 ubi
2385 4346 2632 4393 nostrum
2654 4339 2735 4391 lo·

1644 4429 1784 4478 cum,
1823 4415 2094 4481 probante
2136 4411 2461 4479 Schweigh„
2502 4411 2582 4461 sic
2616 4427 2736 4461 ver·

2422 2685 2740 2738 136—144.
2805 2738 2822 2747 „
