3109 5092
1125 312 1929 378 EUTERPE.11.121.
2544 322 2668 383 695

399 483 749 574 κεφαλήν
739 513 858 554 ιιιν
885 485 1254 556 κόπτεσθαι
1280 486 1538 574 μεγάλα
1567 493 1867 575 βοῶντα,
1909 519 1999 571 ως
2038 489 2163 561 οὐκ
2190 499 2458 580 ἔχοντα,
2500 494 2667 586 πρὸς

396 580 627 657 ὁκοῖον
677 616 815 657 των
852 586 1034 658 όνων
1086 595 1356 678 πρῶτον
1405 590 1755 680 τράπηται.
1798 591 1955 674 τούς
2008 596 2081 664 δὲ
2137 596 2520 683 φυλάκους,
2574 594 2665 680 ὥς

399 695 575 761 ἰδεῖν
603 690 821 761 πολύν
854 696 1093 781 ῥέοντα
1118 690 1238 762 τὸν
1260 694 1485 779 οἶνον,
1530 699 1926 784 συντρέχειν
1967 700 2033 778 ἐς
2060 697 2186 787 τὴν
2216 694 2381 769 ὁδὸν
2416 696 2663 790 ἆγγήῐα

317 806 406 860 161
427 802 718 883 ἔχοντας,
746 798 858 864 καὶ
887 794 1007 865 τὸν
1026 798 1473 885 ἐκκεχυμένον
1501 797 1692 867 οἶνον
1717 807 2145 888 συγκομίζειν
2162 807 2237 872 ἐν
2262 806 2494 892 κέρδει·
2508 827 2658 873 ποι-

401 902 758 987 ευμένους·
817 896 935 968 τὸν
977 900 1054 968 δὲ
1098 904 1683 990 διαλοιδορέεσθαι
1715 908 1877 973 πᾶσι
1915 900 2128 993 ὀργὴν
2167 905 2657 996 προσποιεύμε-

395 1030 539 1070 νον.
598 1005 1237 1091 παραμυθευμένων
1265 1005 1338 1073 δὲ
1379 1001 1590 1073 αὐτὸν
1616 1009 1754 1073 τῶν
1792 1007 2155 1094 φυλάκων,
2194 1008 2412 1103 χρόνῳ
2442 1009 2658 1099 πρηΰ-

396 1116 641 1174 νεσθαι
669 1110 1194 1193 προσποιέεσθαι
1241 1106 1353 1176 καὶ
1392 1103 1721 1177 ὑπίεσθαι
1751 1115 1868 1196 τῆς
1903 1107 2107 1199 ὀργῆς
2127 1132 2143 1147 ·
2200 1114 2386 1192 τέλος
2416 1113 2492 1182 δὲ
2521 1115 2658 1195 ἐξε-

396 1208 592 1278 λάσαι
621 1205 832 1278 αὐτὸν
858 1207 1014 1289 τούς
1040 1207 1240 1290 ὄνους
1272 1215 1346 1280 έκ
1371 1216 1487 1299 τῆς
1528 1206 1696 1280 ὁδοῦ
1722 1215 1834 1281 καὶ
1873 1214 2412 1297 κατασκευάζειν.
2471 1210 2561 1296 ὥς
2586 1216 2663 1285 δὲ

398 1311 643 1398 λόγους
669 1338 741 1380 τε
769 1320 1042 1393 πλείους
1069 1316 1492 1401 ἐγγίνεσθαι,
1533 1321 1654 1382 καί
1680 1341 1832 1383 τινα
1863 1316 1974 1384 καὶ
2009 1321 2281 1398 σκῶψαί
2300 1346 2421 1405 μιν
2454 1321 2567 1387 καὶ
2595 1323 2662 1398 ές
2689 1321 2699 1332 ’

397 1420 654 1502 γέλωτα
682 1421 1213 1503 προαγαγέσθαι,
1243 1421 1597 1487 ἐπιδοῦναι
1615 1413 1875 1487 αὐτοῖσι
1902 1424 2041 1488 τῶν
2067 1417 2298 1489 ἆσκῶν
2321 1420 2441 1490 ἕνα
2459 1443 2473 1458 ·
2504 1419 2662 1502 τούς

400 1520 475 1587 δὲ
522 1515 770 1601 αὐτοῦ,
820 1512 1046 1606 ὥσπερ
1099 1519 1314 1608 εἶχον,
1370 1522 1898 1601 κατακλιθέντας
1940 1528 2166 1591 πίνειν
2206 1526 2661 1607 διανοέεσθαι,

391 1623 507 1690 καὶ
539 1625 803 1691 ἐκεῖνον
829 1623 1402 1711 παραλαμβάνειν,
1437 1624 1549 1692 καὶ
1580 1623 1888 1693 κελεύειν
1905 1623 2051 1712 μετ’
2088 1628 2361 1695 ἑωυτῶν
2383 1635 2660 1715 μείναν-

393 1753 475 1794 τα
505 1733 902 1813 συμπίνειν·
955 1725 1075 1793 τὸν
1113 1726 1189 1795 δὲ
1216 1732 1589 1814 πεισθῆναί
1610 1753 1681 1794 τε
1713 1725 1797 1815 δὴ
1838 1729 1949 1795 καὶ
1982 1745 2398 1816 καταμεῖναι.
2456 1725 2546 1809 ὥς
2585 1733 2669 1799 δέ

394 1857 513 1917 μιν
545 1827 724 1916 παρὰ
750 1826 876 1918 τὴν
901 1825 1105 1897 πόσιν
1132 1829 1567 1917 φιλοφρόνως
1594 1825 1985 1917 ἠσπάζοντο,
2015 1834 2370 1900 ἐπιδοῦναι
2396 1829 2659 1901 αὐτοῖσι

394 1935 506 2000 καὶ
535 1928 742 2000 ἄλλον
775 1936 914 2001 τῶν
942 1930 1192 2000 ἀσκῶν.
1261 1935 1535 2013 δαψιλέι·
1562 1932 1638 2001 δὲ
1663 1937 1757 2024 τῷ
1801 1938 1985 2024 ποτῷ
2014 1937 2477 2022 χρησαμένους
2502 1932 2659 2016 τοὺς

395 2034 743 2123 φυλάκους
770 2030 1383 2124 ὑπερμεθυσθῆναι
1403 2087 1421 2119 ,
1464 2037 1577 2103 καὶ
1612 2038 2069 2124 κρατηθέντας
2095 2032 2229 2105 ὑπὸ
2259 2042 2382 2105 τοῦ
2411 2034 2658 2124 ὕπνου,

392 2135 605 2207 αὐτοῦ
623 2189 642 2223 ,
673 2136 974 2226 ένθάπερ
1003 2145 1239 2207 ἔπινον
1257 2191 1276 2223 ,
1307 2144 1911 2227 κατακοιμηθῆναι.
1996 2136 2117 2209 τὸν
2159 2140 2233 2208 δὲ
2253 2191 2271 2225 ,
2311 2136 2401 2220 ὥς
2428 2138 2657 2229 πρόσω

392 2247 509 2330 τῆς
537 2237 781 2320 νυκτὸς
799 2292 817 2325 ,
855 2240 932 2307 τό
959 2268 1029 2309 τε
1058 2246 1248 2330 σῶμα
1275 2248 1397 2310 τοῦ
1418 2238 1759 2329 ἀδελφεοῦ
1786 2246 2177 2327 καταλῦσαι,
2210 2244 2322 2311 καὶ
2358 2249 2495 2311 τῶν
2519 2268 2654 2332 φυ-

391 2345 618 2419 λάκων
665 2346 774 2413 ἐπὶ
815 2342 992 2432 λύμῃ
1027 2343 1303 2413 πάντων
1345 2347 1627 2433 ξυρῆσαι
1664 2342 1780 2424 τὰς
1821 2343 2041 2426 δεξιὰς
2085 2352 2453 2434 παρηΐδας,
2510 2348 2655 2415 ἐπι-

1641 2543 1982 2601 ὑπίεσθαι
2035 2550 2153 2616 τῆς
2189 2541 2438 2616 ὀργῆς]
2492 2550 2653 2601 Conf.

390 2539 446 2615 (ὃ
464 2547 568 2600 τοῦ
593 2541 774 2600 ἀσκοῦ
808 2540 1059 2615 προέχει,
1091 2556 1153 2600 ut
1184 2552 1264 2602 ait
1297 2551 1471 2604 schol.

1572 2620 1618 2683 1,
1648 2620 1764 2672 156.
1791 2621 1886 2685 IV,
1918 2621 2036 2671 181.
2067 2648 2133 2656 —
2169 2620 2235 2670 In
2271 2635 2422 2685 seqq.
2457 2620 2657 2671 retinui

388 2622 459 2671 ad
494 2621 681 2684 Eurip.
719 2619 866 2670 Med.
906 2618 1064 2682 679),
1111 2620 1313 2672 lacinia
1349 2636 1473 2686 pen-

388 2689 544 2753 dula,
586 2705 615 2740 o
645 2705 752 2753 qua
775 2689 952 2754 liquor
976 2689 1260 2741 emittitur.
1312 2690 1471 2742 Conf.

389 2760 549 2810 etiam
568 2757 747 2810 Schol.
772 2760 843 2810 ad
863 2759 1141 2823 Aristoph.
1161 2760 1327 2824 Vesp.
1347 2759 1469 2810 670.

386 2829 509 2879 Alio
544 2844 705 2879 sensu
732 2827 799 2879 do
825 2829 1062 2893 regionis
1086 2828 1286 2880 lacinia
1312 2846 1356 2879 s·
1385 2845 1473 2879 ox·

387 2904 559 2949 trema
601 2902 755 2963 parte
801 2899 1039 2948 occurrit
1071 2898 1240 2961 VIII,
1277 2899 1364 2950 31.
1403 2927 1473 2939 —

387 2966 560 3019 Utres
591 2983 687 3031 por
718 2968 1026 3032 Aegyptum
1062 2967 1209 3017 haud
1240 2968 1469 3019 inusita-

386 3042 473 3089 tos
510 3038 697 3099 fuisse,
731 3036 865 3087 licet
898 3036 1080 3102 vulgO‚
1117 3042 1341 3102 postera
1377 3053 1469 3103 po-

387 3106 653 3158 tissimum
690 3109 900 3167 aetate,
950 3105 1224 3170 amphoris
1257 3113 1468 3158 uteren-

387 3182 501 3240 tur,
539 3176 701 3226 docet
722 3143 1052 3226 Wilki'nson.
1078 3176 1333 3227 Manners
1359 3182 1464 3227 otc.

387 3245 684 3328 11.p.158
722 3260 834 3323 seq.
873 3244 976 3296 364
1012 3261 1107 3310 seq

440 3310 547 3379 τὴν
564 3307 817 3378 κεφαλήν
835 3328 932 3375 μιν
951 3261 1290 3391 κόπτεσθαι]
1306 3313 1464 3364 Conf.

386 3385 471 3443 11,
495 3384 557 3435 61
593 3389 646 3434 et
680 3383 747 3432 ad
776 3384 943 3433 verba
976 3373 1036 3432 έν
1061 3374 1254 3446 κέρδεϊ
1274 3396 1467 3431 ποιευ-

384 3445 593 3516 μένους
632 3450 691 3513 (i.
726 3468 772 3502 c.
801 3455 942 3501 lucro
976 3452 1075 3503 sibi
1106 3467 1379 3515 apponere,
1419 3453 1469 3500 in

382 3527 524 3574 lucro
557 3522 655 3573 eibi
682 3524 892 3584 ponere)
928 3521 986 3584 Ι,
1022 3521 1137 3571 118.
1209 3520 1274 3569 Ιιι
1313 3535 1465 3583 seqq.

1572 2688 1832 2749 πλείους,
1871 2659 2146 2739 ’Bmdovio
2182 2692 2406 2739 auctore
2439 2688 2497 2737 in
2532 2683 2661 2737 πλέ-

1574 2773 1676 2815 οις
1706 2759 2050 2809 mutandum:
2103 2759 2200 2808 sed
2246 2756 2357 2806 vid.
2402 2761 2540 2807 nott.
2587 2757 2658 2807 ad

1575 2828 1824 2890 11‚120.
1908 2826 1992 2878 Ad
2027 2818 2458 2885 κατασκευαζειν
2500 2825 2661 2876 intol-

1573 2895 1669 2962 lig.
1706 2891 1843 2954 τοὺς
1876 2885 2077 2958 ὅνους,
2125 2897 2160 2947 i.
2200 2912 2245 2946 e.
2291 2897 2462 2945 asinos
2495 2896 2659 2947 denuo

1569 2968 1819 3017 instruere
1849 2966 1919 3017 ad
1958 2980 2122 3017 onera
2154 2965 2291 3016 beno
2326 2964 2571 3016 ferenda.

1638 3031 1735 3084 καὶ
1757 3025 1810 3092 ἐς
1826 3032 2040 3100 γέλωτα
2063 3024 2517 3100 προαγαγέσθαι]
2548 3035 2586 3085 i.
2607 3049 2656 3084 e.

1566 3108 1868 3169 permovisse
1899 3106 1975 3155 ad
2004 3109 2183 3165 rim,
2219 3109 2373 3157 risum
2406 3105 2652 3167 elicuisse,

1569 3174 1663 3224 ubi
1707 3175 1870 3224 medii
1920 3175 2075 3225 verbi
2121 3190 2278 3225 usum
2327 3188 2423 3238 pro
2470 3173 2654 3223 activo

1571 3244 1759 3309 attigit
1801 3244 2004 3295 Matth.
2062 3244 2154 3294 Gr.
2205 3244 2297 3295 Gr.
2353 3257 2477 3307 pag.
2527 3242 2649 3292 935.

1568 3312 1653 3363 Ad
1682 3313 1835 3362 verbi
1860 3313 2309 3379 significationem
2337 3311 2484 3361 conf.
2511 3312 2653 3360 Pau-

1569 3397 1688 3432 sau.
1740 3382 1849 3443 IX,
1892 3385 1943 3433 5.
1981 3383 2015 3433 8
2054 3386 2109 3431 et
2140 3382 2255 3432 Vit.
2299 3379 2523 3429 Homeri
2556 3379 2651 3438 21;

1568 3466 1704 3527 quos
1736 3450 1887 3499 locos
1921 3450 2113 3500 laudat
2140 3447 2468 3512 Wosseling.

1639 3531 1828 3582 ωσπερ
1869 3511 2046 3583 εἶχον]
2101 3520 2137 3568 i.
2179 3534 2226 3567 e.
2264 3519 2400 3565 nullo
2436 3515 2647 3573 delectu,

384 3608 481 3659 pro
501 3582 685 3641 πολὺν
698 3590 930 3640 Βιειᾶον.
945 3606 999 3653 p.
1018 3588 1086 3640 3ss
1107 3589 1332 3639 rescribi
1349 3588 1469 3638 vult
1562 3594 1721 3650 prout
1753 3602 1809 3636 se
1833 3586 2101 3637 habebant.
2150 3588 2236 3637 Cr.
2269 3585 2481 3635 confert
2499 3585 2654 3650 Wyt-

384 3652 626 3719 πολλόν;
670 3660 765 3709 sod
803 3658 1279 3722 cf.11‚1061biq.
1323 3662 1464 3707 nott.

453 3723 558 3779 τὸν
574 3722 638 3778 δὲ
661 3722 1156 3791 διαλοιδορέεσθαι
1182 3725 1342 3791 πᾶσι]
1381 3727 1465 3775 De

384 3805 662 3851 structura
717 3799 871 3848 vorbi
932 3812 1051 3847 cum
1106 3797 1292 3846 dativo
1349 3795 1462 3845 vid.

385 3869 653 3919 Matthiae
698 3869 791 3919 Gr.
839 3867 932 3918 Gr.
982 3869 1034 3930 §-
1085 3866 1207 3919 383.
1248 3869 1362 3916 not.
1411 3867 1464 3914 2.

384 3954 510 4002 pag.
549 3938 669 3987 705.
718 3932 1168 3996 προσποιεῖσθαι
1207 3935 1266 3984 in
1313 3948 1476 4003 seqq.

386 4011 468 4057 ost
483 4008 733 4068 simulare,
749 4006 834 4069 sig
837 4004 1148 4055 nificationo
1167 4004 1302 4053 satis
1315 4007 1465 4052 nota.

382 4078 468 4127 De
502 4072 979 4140 παραμυθεῖσθαι
1016 4071 1308 4135 (consolari,
1344 4073 1470 4122 miti-

379 4162 530 4212 9are‚
563 4146 726 4196 lenire
749 4140 942 4205 verbis)
961 4142 1072 4193 vid.
1104 4142 1172 4193 ad
1190 4141 1468 4192 Plutarch.

384 4212 900 4278 Aleib.pag.129
948 4228 1064 4277 seq.
1143 4203 1329 4278 χρόνῳ
1385 4214 1471 4261 ost

377 4292 563 4347 postea
578 4320 593 4347 ,
650 4291 869 4346 tempore
923 4284 1092 4346 aliquo
1150 4285 1356 4344 elapso,
1408 4283 1471 4329 ut

385 4352 432 4417 1,
465 4352 553 4403 80.
595 4351 713 4403 171.
756 4353 873 4402 175.

1567 3654 1913 3706 tenbachium
1950 3655 2021 3705 ad
2060 3654 2339 3705 Plutarch.
2373 3652 2568 3705 Mon-al.
2605 3653 2651 3715 Ι,

1566 3728 1617 3776 2.
1657 3739 1786 3789 pag.
1822 3723 1943 3775 936.
2006 3724 2093 3774 Τιι
2128 3724 2274 3775 conf.
2308 3738 2474 3787 supra
2506 3723 2551 3786 1,
2582 3723 2653 3772 24

1566 3794 1695 3859 ibiq.
1734 3798 1850 3843 not.

1636 3852 1793 3924 παρὰ
1836 3854 1945 3925 τὴν
1978 3851 2173 3924 πόσιν]
2220 3861 2258 3910 i.
2298 3875 2345 3910 o.
2390 3862 2523 3910 inter
2532 3874 2650 3937 po-

1566 3931 1785 3983 tandum,
1859 3930 2065 3980 Eodem
2091 3930 2249 3980 modo
2285 3920 2440 3988 παρὰ
2467 3918 2651 3978 πότον

1568 4002 1622 4050 in
1636 3999 2161 4051 PlutarchiFlamin.
2188 3999 2269 4063 17,
2294 3997 2388 4047 ubi
2413 3998 2485 4049 cf.
2507 4001 2646 4047 nott.

1570 4087 1625 4136 p.
1665 4069 1784 4122 120.
1822 4097 1892 4106 —
1938 4069 2004 4118 In
2052 4082 2224 4148 seqq.
2250 4066 2319 4117 ad
2364 4068 2533 4119 verba
2573 4057 2650 4123 ὥς

1569 4130 1767 4199 πρόσω
1802 4126 1878 4201 ἦν
1912 4135 2015 4201 τῆς
2062 4128 2267 4193 νυκτὸς
2312 4137 2385 4187 cf.
2422 4138 2530 4198 IX,
2580 4136 2651 4185 44

1570 4208 1755 4272 ibique
1788 4210 1928 4257 nott.

1641 4272 1739 4325 καὶ
1770 4288 1886 4325 των
1906 4265 2177 4357 φυλάκων
2208 4264 2301 4323 ἐπὶ
2332 4262 2479 4337 λύμῃ
2510 4264 2652 4322 πάν-

1569 4360 1684 4394 των
1722 4359 1774 4394 κ.
1805 4360 1853 4394 τ.
1881 4343 1951 4410 λ.]
1999 4344 2038 4395 i.
2075 4358 2124 4393 o.
2160 4344 2416 4394 custodum
2448 4342 2651 4391 onmium
