3109 5092
1112 374 1609 433 EUTERPE.
1652 374 1734 432 H.
1786 383 1900 436 123.

367 545 446 614 τὰ
487 545 819 634 λεγόμενα
848 540 969 612 ὑπ’
1006 543 1307 614 ἑκάστων
1332 542 1501 633 ἀκοῇ
1537 545 1798 635 γράφω.

2522 371 2634 430 701

1884 540 2361 633 ἆρχηγετεύειν
2390 542 2465 611 δὲ
2506 548 2645 611 τῶν

368 650 547 717 κάτω
585 649 946 735 Αἰγύπτιοι
989 652 1256 735 λέγουσι
1288 648 1615 738 Δήμητρα
1648 650 1757 716 καὶ
1805 646 2167 716 Διόνυσον.
2248 651 2516 733 Πρῶτοι
2568 647 2643 714 δὲ

368 755 478 822 καὶ
521 752 719 821 τόνδε
749 750 868 820 τὸν
895 749 1099 838 λόγον
1139 751 1506 838 Αἰγύπτιοί
1529 758 1657 820 εἰσι
1689 756 1758 821 υἱ
1779 750 2112 835 εἰπόντες,
2152 744 2239 828 ὡς
2266 746 2641 839 ἀνθρώπου

369 955 540 1017 (τοῖσι
571 946 676 1016 μὲν
713 949 823 1001 νῦν
862 942 967 1001 ὑπ’
1012 947 1335 1031 Αἰγυπτίων
1369 952 1452 1001 λε-

366 1019 656 1086 γομένοισι
703 1013 974 1085 χράσθω,
1034 1015 1173 1088 ὅτεῳ
1223 1015 1291 1070 τὰ
1337 1035 1452 1070 τοι·

367 1090 513 1139 αὐτα
549 1086 777 1139 πιθανά
814 1084 956 1149 ἐστι)
994 1092 1132 1141 satis
1173 1091 1454 1141 declarant

369 1162 556 1211 Nostri
608 1161 843 1210 animum
889 1175 991 1210 nec
1033 1160 1307 1210 credulum
1353 1176 1454 1210 nec

368 1231 754 1294 superstitione
778 1236 995 1293 captum
1012 1267 1025 1291 ,
1066 1236 1127 1279 ut
1149 1230 1457 1280 huiusmodi

369 1300 570 1349 fabulis
607 1299 765 1349 fidem
816 1300 1075 1349 continuo
1121 1300 1314 1349 addat:
1366 1303 1490 1364 qui·

367 1369 499 1418 licet
533 1370 702 1418 totius
741 1370 1073 1418 narrationis
1108 1371 1266 1419 initio
1302 1368 1456 1433 (cap.

373 1440 494 1504 121)
535 1438 642 1487 iam
679 1440 955 1502 professus
992 1440 1065 1487 sit
1093 1454 1152 1488 se
1180 1439 1315 1487 haec
1348 1454 1456 1488 om-

368 1509 461 1557 nia
510 1523 574 1556 ex
632 1509 1023 1572 Aegyptiorum
1082 1524 1174 1557 ore
1228 1513 1457 1572 accepta

367 1577 582 1626 tradere
618 1577 852 1642 indeque
890 1579 1052 1627 etiam
1089 1577 1357 1626 indirecto
1395 1583 1456 1625 ut

367 1652 571 1697 vocant
617 1662 861 1696 sermone
907 1648 1090 1697 omnia
1136 1646 1454 1711 prodiderit,

372 1718 511 1765 idem
553 1716 605 1764 in
637 1717 965 1767 narrationis
1002 1715 1106 1765 fine
1139 1718 1334 1765 iterum
1366 1716 1455 1765 de-

374 1786 688 1835 clarandum
727 1787 829 1835 sibi
869 1790 1054 1836 censet
1082 1787 1324 1850 adeoque
1350 1800 1458 1834 am·

369 1855 734 1921 pliflcandum,
754 1862 833 1917 ut,
856 1855 987 1920 quid
1013 1856 1127 1920 ipse
1151 1857 1217 1905 de
1238 1856 1319 1904 his
1340 1871 1454 1903 sen-

371 1927 532 1987 serit,
589 1926 681 1973 vix
729 1940 1049 1990 quemquam
1101 1925 1288 1989 fugere
1337 1940 1457 1989 pos-

373 1996 463 2045 sit.
537 1997 717 2059 Atque
751 1996 854 2044 huc
890 1995 1052 2044 etiam
1085 1995 1280 2057 refero,
1318 2008 1457 2059 quae

373 2081 495 2129 cap.
537 2064 654 2114 121.
695 2068 743 2126 ξ.
797 2066 828 2113 5
874 2064 1115 2129 reliquae
1158 2065 1456 2113 narrationi

373 2134 664 2183 interiecta
720 2133 976 2198 leguntur
1040 2125 1162 2197 ἐμοὶ
1225 2127 1328 2196 μὲν
1390 2125 1457 2181 οῖ’

374 2196 563 2252 πιστά.

395 2326 400 2331 ,
432 2262 840 2351 ἀρχηγετειῖειν
884 2264 948 2320 δὲ
1001 2268 1117 2319 τῶν
1163 2262 1312 2319 κάτω
1367 2265 1460 2320 Al-

373 2335 600 2406 γύπτιοι
640 2338 863 2403 λέγουσι
898 2331 1175 2404 Δήμητρα
1209 2335 1302 2388 καὶ
1326 2332 1460 2388 Διό-

374 2408 572 2475 νυσον]
636 2409 673 2458 i.
729 2424 774 2459 e.
823 2418 1092 2459 memorant
1145 2418 1306 2459 autem
1355 2410 1458 2458 Ae-

368 2481 556 2545 manif,
603 2480 941 2542 principatum
979 2479 1120 2542 apud
1151 2480 1348 2541 inferos
1388 2487 1462 2528 te-

369 2564 494 2599 nere
542 2549 773 2598 Cererem
821 2557 873 2598 et
916 2548 1185 2601 Bacchum.
1266 2542 1461 2611 Δήμη-

370 2634 474 2681 τρα
511 2632 540 2666 0
579 2632 846 2667 conseusu
870 2618 984 2668 fere
1005 2618 1161 2667 codd.
1196 2616 1458 2678 dedimus,

373 2686 679 2752 Schweigh.
725 2688 898 2736 secuti
937 2692 1099 2751 atque
1134 2686 1459 2735 Creuzerum

372 2757 429 2805 in
480 2756 687 2808 Comm.
741 2756 944 2806 Herod.
999 2772 1127 2821 pag.
1179 2755 1282 2806 308
1343 2759 1457 2804 not.

373 2826 495 2889 291,
532 2826 625 2875 ubi
675 2825 862 2891 plura,
868 2826 1175 2904 probante
1223 2825 1458 2875 Bredov.

373 2910 499 2960 pag.
531 2896 653 2946 255.
723 2896 829 2944 Pro
853 2885 1249 2959 ἅρχηγετεύειν
1287 2895 1460 2943 Cobet

374 2965 482 3029 legi
517 2963 638 3014 vult
683 2954 1069 3028 ἀρχηγετέειν,
1121 2964 1265 3028 quod
1310 2963 1458 3012 inve·

374 3035 522 3084 nitur
567 3035 624 3083 in
664 3033 917 3098 Sophocl.
967 3034 1174 3084 Electr.
1224 3033 1309 3094 83,
1361 3032 1456 3082 sed

374 3103 486 3154 alia
519 3101 938 3168 significatione.
1010 3105 1095 3152 De
1139 3107 1458 3167 argumento

373 3174 674 3223 Creuzerus
728 3172 973 3237 disputat
1019 3188 1145 3238 pag.
1203 3172 1299 3223 173
1343 3187 1454 3237 seq.

375 3242 504 3292 310:
561 3243 685 3301 „De
731 3243 934 3292 Bac-clm
980 3248 1035 3291 et
1072 3244 1287 3304 Cerere,
1337 3246 1460 3291 tan-

375 3326 536 3376 quam
571 3316 902 3361 mortuorum
933 3312 1196 3374 dominis,
1234 3326 1342 3361 non
1376 3316 1460 3361 est

376 3380 519 3445 quod
539 3380 724 3430 multis
752 3382 933 3432 verbis
971 3396 1256 3445 exponam.
1319 3381 1459 3430 Sunt

380 3450 545 3499 Osiris
580 3456 634 3499 et
670 3449 789 3511 Isis,
837 3450 928 3515 qui
971 3450 1273 3499 Amentlien
1310 3449 1368 3512 (i.
1406 3466 1453 3500 e.

375 3520 611 3580 inferos,
658 3523 799 3569 teste
846 3518 1140 3569 Plutarcho
1186 3518 1253 3567 de
1289 3519 1365 3568 Is.
1404 3525 1458 3568 et

379 3588 522 3638 Osir.
582 3587 666 3638 29.
716 3604 844 3653 pag.
890 3587 1015 3650 362)
1072 3591 1345 3651 occupant
1405 3592 1460 3636 et

373 3657 740 3708 moderantur.
832 3658 1104 3707 Diodorus
1151 3655 1366 3705 Siculus
1411 3657 1457 3718 1,

376 3726 460 3777 96.
501 3757 569 3765 —-
603 3728 687 3776 De
725 3727 957 3777 Osiridis
994 3730 1048 3775 et
1096 3724 1260 3773 Isidis
1293 3726 1460 3775 nomi-

375 3797 535 3845 nibus
557 3796 778 3847 Graeeis
807 3799 925 3861 ipse
961 3798 1196 3844 testatur
1215 3794 1460 3844 Herodo-

379 3870 468 3914 tus
503 3866 579 3928 II,
615 3867 682 3916 42
716 3870 771 3915 et
794 3866 878 3924 59,
913 3864 1007 3914 ubi
1040 3863 1152 3914 vid.
1184 3868 1325 3914 nott.
1371 3864 1455 3913 Cf.

375 3934 702 3985 Plutarchus
722 3935 788 3984 de
815 3935 889 3985 Is.
910 3938 966 3984 et
996 3933 1200 3983 Osirid.
1226 3949 1347 3999 cap.
1371 3934 1456 3984 28.

375 4020 431 4068 p.
458 4004 561 4055 362
585 4019 630 4053 s.
652 4004 756 4055 485
775 4004 929 4069 seq.“
968 4003 1280 4068 Sequuntur
1306 4003 1461 4068 plura

380 4073 447 4121 de
503 4073 796 4134 Amenthe,
866 4088 1005 4138 quae
1068 4072 1250 4122 malim
1317 4071 1462 4138 apud

378 4143 555 4205 ipsum
589 4140 913 4191 Creuzerum
958 4142 1089 4207 legi.
1161 4144 1275 4192 Nec
1319 4144 1461 4191 euim

380 4209 632 4272 dubium,
687 4210 827 4260 hanc
861 4211 1252 4275 Aegyptiorum
1288 4226 1466 4262 sacer-

380 4279 567 4328 dotum
621 4278 790 4330 fuisse
845 4280 1171 4341 doctrinam,
1220 4284 1310 4343 ut,
1374 4282 1465 4345 qui

381 4347 455 4397 dii
489 4347 671 4397 omnia
716 4348 787 4398 ad
833 4348 1007 4398 lucem
1051 4350 1333 4414 vitamque
1370 4350 1466 4399 du-

380 4422 506 4466 cant
532 4453 546 4479 ,
623 4432 689 4467 ea
758 4433 973 4482 quoque
1041 4424 1256 4471 mortua
1331 4420 1465 4469 reei-

1553 954 1709 1017 piant
1766 950 1998 1015 indeque
2062 951 2179 999 iure
2241 950 2430 999 inferis
2488 964 2643 1013 prae·

1556 1024 1684 1072 sint.

1632 1088 1855 1155 Πρῶτοι
1896 1084 1958 1137 δὲ·
1996 1084 2089 1136 καὶ
2128 1080 2296 1136 τόνδε
2338 1079 2441 1136 τὸν
2471 1080 2644 1151 λόγον

1558 1176 1608 1209 κ.
1650 1177 1696 1208 τ.
1745 1158 1819 1224 ³..]
1869 1160 1993 1208 Hoc
2042 1172 2167 1206 num
2213 1173 2340 1207 vere
2388 1161 2644 1222 recteque

1560 1230 1765 1279 dietum
1803 1230 1895 1291 sit,
1932 1229 1976 1275 si
2004 1242 2356 1291 quaeramus:
2398 1227 2453 1275 id
2479 1242 2644 1276 unum

1563 1316 1658 1364 pro
1699 1304 1848 1348 certo
1886 1296 2066 1346 afferri
2104 1312 2264 1361 posse
2299 1297 2379 1345 ait
2419 1295 2643 1344 Wilkin-

1560 1384 1676 1417 son.
1720 1370 2002 1433 (Manners
2034 1372 2139 1416 etc.
2185 1381 2295 1415 sec.
2335 1381 2437 1415 ser.
2490 1367 2535 1414 1.
2588 1382 2640 1430 p.

1559 1441 1656 1488 211
1701 1454 1817 1501 seq.
1855 1435 1981 1485 coll.
2022 1451 2146 1500 pag.
2189 1436 2292 1485 :31ss
2332 1436 2494 1500 seq.),
2543 1438 2644 1484 Ae-

1558 1509 1866 1572 gyptiorum
1918 1506 2302 1565 monumentis,
2354 1520 2495 1569 quae
2551 1505 2643 1554 ad-

1558 1577 1661 1625 huc
1691 1577 1914 1641 cognita
1950 1579 2105 1636 sunt,
2143 1575 2540 1639 antiquissimis
2566 1579 2643 1623 te-

1556 1651 1759 1695 statam
1796 1646 2029 1694 inveniri
2067 1644 2206 1694 lranc
2245 1647 2389 1694 vitae
2425 1645 2643 1694 futurae

1556 1722 1611 1765 et
1637 1714 2063 1764 immortalitatis
2091 1715 2304 1763 animae
2340 1714 2496 1763 fidem
2523 1713 2643 1762 Osi-

1559 1785 1837 1849 ridemque
1910 1784 2204 1832 inferorum
2271 1783 2503 1833 iudicem
2575 1799 2642 1832 ae

1560 1855 1863 1918 praesidem
1909 1855 2316 1902 commemorari
2370 1855 2423 1913 in
2462 1853 2641 1916 sepulu

1561 1926 1700 1987 eriS,
1747 1937 1973 1987 quorum
2011 1929 2165 1972 aetas
2219 1922 2287 1971 ad
2325 1923 2430 1972 duo
2472 1922 2642 1970 millia

1562 2008 1823 2043 annorum
1846 1998 1977 2043 ante
1998 1992 2123 2042 Chr.
2140 2007 2194 2041 n.
2222 1992 2462 2042 recedat.
2500 1992 2641 2041 Ante

1560 2064 1664 2111 hoc
1724 2063 1889 2127 igitur
1944 2066 2158 2126 tempus
2228 2060 2639 2126 regrediendum

1563 2133 1666 2182 erit
1702 2133 1800 2193 iis,
1849 2133 1895 2180 si
1945 2132 2037 2196 qui
2083 2131 2306 2180 aliunde
2355 2131 2496 2181 banc
2544 2131 2641 2179 do-

1561 2205 1791 2251 ctrinam
1820 2202 1877 2250 in
1904 2201 2210 2266 Aegyptum
2238 2200 2523 2251 advectam
2547 2207 2643 2249 aut

1564 2287 1628 2321 ex
1665 2271 1825 2320 India
1863 2271 1947 2331 (ut
1972 2286 2139 2335 nuper
2168 2271 2297 2320 fecit
2329 2271 2392 2323 G.
2433 2271 2644 2320 Canne-

1560 2341 1656 2390 lin.
1694 2342 1751 2390 in
1786 2341 1942 2390 acad.
1992 2341 2162 2403 Dies„
2201 2355 2360 2406 quam
2393 2341 2643 2405 praeside

1561 2413 1627 2461 A.
1678 2411 1743 2461 G.
1794 2408 2125 2473 Sjoestroem
2183 2425 2334 2461 cens.
2395 2409 2646 2459 submisit

1560 2479 1928 2545 Helsingfors.
1970 2481 2120 2530 1844.
2161 2479 2227 2528 de
2261 2479 2508 2530 hocloco
2532 2480 2643 2528 110-

1562 2551 1787 2599 rodoteo
1808 2564 1935 2614 pag.
1966 2549 2027 2611 4)
2062 2549 2407 2613 repetendam
2430 2553 2644 2613 putent.

1566 2618 1649 2669 Ad
1703 2619 1970 2668 Herodoti
2026 2618 2201 2667 locum
2262 2618 2398 2667 haec
2456 2616 2645 2667 attulit

1564 2688 1815 2737 Creuzer.
1867 2687 1903 2736 l.
1959 2687 2104 2736 laud.
2144 2702 2268 2751 pag.
2315 2688 2417 2736 :315
2454 2703 2640 2751 seqq.=

1565 2757 1907 2819 „Larcherus
1965 2756 2278 2805 Herodotea
2332 2756 2500 2806 verba
2562 2758 2642 2805 ita

1562 2826 1681 2875 vult
1715 2825 1999 2890 explicari,
2044 2830 2104 2874 ut
2146 2826 2401 2890 Aegyptii
2440 2826 2643 2875 fuerint

1562 2895 1902 2961 migrationis
1936 2894 2233 2944 animorum
2274 2896 2432 2959 primi
2467 2910 2641 2945 asser-

1562 2970 1729 3015 tores.
1803 2964 2000 3025 Recte,
2047 2965 2144 3014 sed
2190 2968 2369 3014 tamen
2415 2980 2537 3015 cum
2583 2966 2641 3014 in

1559 3035 1722 3084 aliam
1757 3035 2081 3084 sententiam
2118 3034 2173 3084 h.
2216 3034 2250 3083 l.
2291 3036 2525 3085 traxisse
2558 3036 2642 3084 vi-

1560 3106 1793 3154 deantur
1841 3109 1895 3155 et
1939 3109 2154 3155 veteres
2202 3104 2413 3170 aliquot
2459 3111 2514 3156 et
2559 3119 2637 3154 re-

1558 3175 1855 3237 centiores,
1897 3174 2210 3224 accuratius
2259 3175 2314 3223 in
2353 3175 2438 3224 his
2477 3190 2637 3239 agen-

1561 3244 1686 3294 dum
1732 3244 1949 3294 videtur
1994 3259 2132 3294 esse.
2212 3245 2353 3295 Nam
2408 3244 2638 3308 primum

1558 3314 1821 3364 Clemens·
1830 3313 2229 3364 Alexandrinus
2254 3314 2514 3363 Stromat.
2543 3312 2638 3372 vl,

1561 3386 1611 3434 2.
1648 3399 1776 3448 pag.
1827 3385 1929 3433 752
1966 3385 2174 3433 Potter.
2222 3383 2509 3431 seiunctim
2546 3379 2640 3428 illa

1560 3453 1902 3529 pronuntiat.
1962 3444 2120 3530 παρὰ
2170 3446 2547 3527 Πυθαγόρου
2578 3441 2642 3496 δὲ

1559 3516 1655 3568 καὶ
1710 3513 1816 3583 τὴν
1870 3514 2066 3584 ψυχὴν
2123 3511 2425 3568 ἀθάνατον
2492 3509 2639 3565 εἶναι

1561 3579 1800 3636 Πλάτων
1834 3584 2094 3637 ἔσπακεν·
2167 3581 2228 3635 οἷ
2262 3581 2350 3649 δὴ
2391 3577 2520 3651 παρ’
2550 3581 2644 3635 Al-

1559 3653 1841 3721 γυπτιων,
1879 3657 2129 3706 nimirum
2162 3655 2324 3706 Plato
2359 3660 2416 3705 et
2440 3656 2642 3720 Pytha-

1562 3726 1786 3791 gora8.“
1816 3726 2075 3790 Sequitur
2095 3724 2388 3775 Clementis
2412 3725 2644 3775 Romani

1563 3796 1715 3845 locus
1753 3810 1817 3844 ex
1852 3795 2052 3845 Homil.
2078 3795 2125 3845 I.
2164 3798 2214 3858 ξ.
2252 3795 2304 3846 3.
2342 3796 2395 3844 5.
2430 3794 2643 3844 Deinde

1564 3864 1643 3915 sic
1678 3865 1856 3929 pergit
1880 3864 1993 3915 Cr.:
2034 3864 2332 3928 „Davisius
2357 3867 2536 3914 autem
2572 3864 2643 3913 ad

1565 3934 1739 3984 Cicer.
1790 3933 2014 3984 Tuscul.
2063 3933 2107 3996 1,
2170 3935 2236 3986 16
2288 3938 2643 3999 posteaquam

1562 4005 1870 4053 Pausaniae
1904 4004 2141 4054 Messen.
2179 4020 2226 4053 0.
2258 4003 2325 4053 32
2353 4001 2467 4068 [ubi
2487 4003 2646 4052 Chal-

1566 4073 1689 4122 daei
1738 4079 1792 4122 et
1838 4073 2163 4137 Indi.primi
2215 4073 2644 4123 immortalitatis

1567 4142 1868 4192 doctrinam
1912 4142 2208 4192 tradidisse
2242 4141 2517 4206 dicuntur]
2557 4157 2645 4191 ex-

1566 4212 1792 4271 citavit,
1853 4212 1934 4261 ita
1978 4211 2184 4276 pergit:
2257 4213 2644 4275 ‚„,Aegyptios

1566 4286 1747 4330 autem
1782 4281 1884 4330 hac
1918 4281 2081 4330 laude
2118 4285 2363 4329 mactant
2397 4281 2644 4330 Herodo-

1567 4356 1656 4398 tus
1694 4349 1771 4410 11,
1816 4350 1914 4401 123
1959 4356 2015 4399 et
2054 4349 2301 4399 Clemens
2350 4349 2642 4398 Alexandr.

1566 4419 1662 4468 Vl.
1694 4434 1822 4483 pag.
1859 4420 2074 4469 752.““
2148 4418 2287 4468 Nolo
2320 4417 2477 4481 plura
2521 4432 2644 4467 con-
