3109 5092
458 345 584 409 664

1307 354 1848 449 HERQDOTI

459 543 655 611 μασι,
710 525 784 591 ἐκ
812 520 1126 612 φρεάτων
1153 523 1523 616 χρεόμενοι.
1610 530 1868 602 τούτων
1893 534 2018 622 μὲν
2046 533 2129 625 δὴ
2154 541 2383 609 εἵνεκα
2409 543 2742 632 κατετμή-

325 632 554 714 1Ο9θη
582 619 1008 715 ἡΑἴγυπτος.
1063 635 1481 719 Κατανεϊμαι
1519 632 1595 702 δὲ
1626 631 1750 724 τὴν
1774 635 2004 728 χώρην
2031 645 2465 728 Αἰγυπτίοισι
2493 641 2704 715 ἅπασι
2727 663 2844 717 153

453 790 780 911 {¹38}sz
814 791 1542 920 Ἅῗὲἷᾝέἒίξῖἕίῗὲἐὲἒὲέ

453 875 1240 997 τοοοιιῐίοτοειὲοτεςτίιιειοιεε
1251 936 1425 1003 (conf.
1438 940 1540 991 Po-

443 999 612 1051 -cocln
668 997 949 1050 laudatum
1001 1003 1058 1053 in
1104 1004 1302 1057 Larch.
1350 1007 1537 1071 nota);

454 1084 560 1135 quo
584 1069 705 1133 ipso
742 1068 901 1121 valde
937 1072 1199 1135 probatur
1230 1079 1345 1126 tum
1366 1078 1539 1128 Hero-

452 1138 616 1189 dotea
661 1139 932 1203 narratio,
987 1144 1102 1192 tum
1157 1144 1299 1208 quod
1358 1147 1539 1200 simile

450 1208 651 1272 legitur
686 1207 831 1272 apud
862 1207 1010 1261 Plut.
1047 1210 1114 1262 de
1152 1213 1288 1266 Isid.
1325 1220 1381 1266 et
1417 1217 1539 1268 Osi-

449 1276 551 1327 rid.
602 1290 723 1340 cap.
774 1277 861 1329 40.
914 1293 1041 1344 pag.
1097 1280 1197 1332 367
1228 1284 1302 1334 Be
1359 1284 1537 1337 πᾶσαι

448 1339 626 1409 πηγαὶ
660 1338 757 1393 καὶ
798 1361 842 1409 φ
882 1340 1019 1396 ἕαται
1054 1340 1333 1401 πάντα-
1362 1346 1536 1420 ἁλμυ-

449 1406 555 1479 ρὸν
588 1401 747 1477 ὕδωρ
782 1429 854 1463 κα
910 1409 1122 1481 πικρὸν
1150 1412 1398 1487 ἔχουσιν,
1440 1426 1535 1476 nbi

447 1483 561 1534 vid.
607 1481 848 1602 lBarthey
889 1499 946 1550 p.
992 1486 1098 1537 236
1142 1489 1266 1541 coll.
1303 1493 1530 1547 Diodor.

513 1588 574 1669 ssa’c
632 1635 676 1683 φ
717 1608 896 1670 εᾶτων
943 1618 1354 1693 χρεόμενοι]
1411 1631 1530 1683 scil.

442 1691 592 1740 τοῖσι
623 1704 666 1739 π
704 1701 867 1754 μασι,
905 1691 1047 1741 unde
1084 1699 1338 1760 apparet,
1385 1697 1532 1751 haud

444 1774 666 1810 necesse
710 1773 832 1809 esse
867 1774 988 1811 cum
1014 1761 1380 1817 Valckenario
1418 1785 1530 1821 mu·

441 1835 560 1879 tare
616 1824 914 1894 χρεόμενοι
970 1830 1027 1880 in
1077 1822 1384 1898 ἀρυόμενοι
1442 1840 1530 1890 vel

438 1889 779 1962 ἀρυτόμενοι
841 1898 940 1962 (eoe
982 1903 1151 1962 puteis
1190 1902 1523 1972 haurientes).

359 2022 370 2029 ,
439 1995 511 2006 -
535 1967 825 2017 Caeterum
847 1968 1044 2034 scripsi
1072 1985 1193 2021 cum
1218 1972 1526 2043 Schweigh.

440 2041 496 2087 et
529 2036 704 2087 Gaisf.
741 2028 1039 2101 χρεόμενοι
1090 2043 1146 2089 et
1189 2044 1354 2105 paulo
1399 2051 1529 2099 ante

438 2096 728 2170 ἐχρέοντο,
778 2106 858 2154 uti
900 2106 1150 2159 meliores
1191 2115 1527 2174 praebebant

435 2173 579 2224 libri.
633 2171 812 2238 Vulgo
833 2187 930 2238 χρε
944 2167 1159 2240 αἱμενοι
1184 2184 1239 2229 et
1271 2172 1524 2248 ἐχρέων-

434 2255 519 2293 το.
590 2241 716 2293 Vid.
755 2241 990 2294 BredoV.
1033 2260 1086 2310 p.
1125 2243 1247 2300 384.

821 2413 955 2465 Cu».
994 2414 1138 2467 CIX.

506 2513 858 2578 Κατανεῖμαι
908 2510 972 2566 δὲ
1005 2510 1114 2583 τὴν
1145 2513 1342 2587 χώρην
1375 2539 1427 2576 κ.
1466 2542 1514 2578 τ.

429 2581 500 2649 1.]
541 2582 849 2635 Secundum
881 2586 1184 2640 Diodorum
1219 2592 1279 2656 1,
1318 2595 1388 2645 54
1421 2595 1518 2648 Se-

430 2652 624 2703 sostris
688 2669 897 2705 omnem
950 2657 1260 2724 Aegyptum
1297 2665 1516 2728 ,primus

429 2722 486 2771 in
535 2723 766 2789 triginta
819 2740 914 2775 sex
962 2730 1336 2791 praefecturas
1392 2738 1516 2801 (νο-

425 2783 594 2855 μούς)
646 2793 835 2843 divisit
883 2795 1217 2864 singulisque
1265 2802 1515 2869 singulos

424 2860 690 2925 praefecit
718 2864 893 2926 viros,
942 2866 1034 2930 qui
1070 2870 1255 2919 omnia
1287 2872 1516 2925 admini-

425 2931 683 2981 strarent.
753 2932 943 2996 Neque
977 2934 1139 2986 aliter
1175 2938 1291 2989 fere
1313 2941 1515 2995 Noster

425 2996 501 3058 11,
541 2996 642 3048 164
677 2996 794 3061 (ubi
834 3001 906 3050 cf.
943 3003 1108 3069 nott.)
1155 3005 1277 3059 coll.
1313 3009 1404 3075 11,
1441 3014 1512 3064 42

423 3079 637 3115 omnem
680 3067 990 3134 Aegyptum
1033 3088 1131 3137 per
1186 3092 1375 3130 nomos
1422 3080 1511 3132 de-

422 3134 682 3198 scriptam
719 3151 841 3188 esse
876 3140 1101 3205 usserit,
1144 3143 1294 3196 nullo
1325 3163 1510 3201 nomo·

418 3217 537 3252 rnm
571 3217 795 3255 numero
830 3207 1099 3261 indicato:
1137 3228 1296 3278 quem
1330 3218 1380 3267 si
1413 3220 1509 3270 tri-

421 3272 579 3338 ginta
613 3288 709 3324 sex
747 3275 917 3328 fuisse
954 3294 1076 3330 cum
1117 3282 1360 3336 Diodoro
1395 3294 1508 3341 sta-

419 3346 572 3405 tuas,
628 3342 712 3393 his
762 3347 992 3413 triginta
1038 3365 1136 3401 sex
1180 3355 1384 3420 nomis,
1445 3363 1506 3409 ut

416 3411 498 3461 ait
517 3412 789 3479 Seyffartb
807 3416 1066 3484 Beitriige
1100 3436 1149 3471 z.
1177 3422 1371 3476 Gesch.
1396 3433 1501 3488 etc.

415 3481 493 3531 11.
541 3497 594 3547 p.
645 3482 733 3535 90.
775 3485 843 3537 95
890 3502 956 3536 ex
1006 3504 1131 3540 asse
1175 3495 1504 3559 respondent

411 3548 481 3601 36
521 3552 746 3604 Zodiaci
800 3554 1052 3609 decuriae
1103 3575 1225 3610 cum
1272 3563 1501 3618 dominis

412 3620 527 3670 suis
562 3637 609 3675 s.
646 3623 897 3676 decanis:
934 3632 997 3678 ut
1033 3629 1171 3680 adeo
1208 3635 1330 3683 tota
1364 3634 1499 3689 haec

410 3689 610 3742 divisio
643 3693 712 3747 ad
749 3694 931 3745 sidera
962 3702 1211 3762 spectare
1246 3702 1500 3757 videatur

409 3774 475 3808 eo
512 3760 692 3825 modo,
733 3778 840 3828 quo
877 3767 1044 3816 etiam
1082 3767 1496 3826 dodecarchiam

408 3826 557 3877 illam
590 3844 636 3879 s.
667 3830 950 3883 duodecim
986 3836 1294 3903 regulorum
1328 3843 1496 3910 impe·

404 3896 543 3946 rium
582 3898 676 3963 (de
711 3915 817 3966 quo
852 3903 964 3955 vid.
999 3906 1075 3967 11,
1106 3906 1225 3974 147)
1263 3911 1333 3977 ad
1369 3928 1495 3966 ean-

406 3965 528 4015 dem
574 3965 809 4018 siderum
853 3973 1122 4024 rationem
1172 3992 1217 4027 s.
1251 3980 1322 4030 ad
1367 3986 1494 4034 toti·

400 4034 520 4084 dem
542 4035 767 4087 Zodiaci
790 4045 973 4103 partes
1000 4044 1319 4101 retulerunt.
1365 4053 1488 4104 Hoc

398 4118 527 4154 vero
565 4107 739 4155 totum
784 4121 912 4157 num
959 4110 1029 4161 ad
1075 4120 1321 4169 nostrum
1357 4136 1487 4186 quo-

395 4186 500 4237 que
521 4170 700 4224 locum
734 4177 1023 4243 pertineat,
1063 4197 1206 4234 nunc
1236 4202 1346 4239 non
1375 4190 1486 4243 dis—

393 4241 632 4306 quiram:
689 4244 748 4294 id
792 4247 977 4310 potius
1029 4250 1248 4304 videtur
1289 4263 1484 4311 notan-

392 4310 546 4373 dum,
595 4313 767 4377 quod,
825 4319 967 4368 teste
1013 4320 1202 4372 eodem
1237 4326 1480 4383 Diodoro

386 4380 434 4448 1,
463 4379 548 4449 73,
579 4383 754 4435 omnis
790 4388 941 4439 terra
969 4389 1248 4462 tripartito
1280 4394 1478 4469 divisa,

1643 802 1732 853 vel
1756 806 2133 860 sacerdotibus
2162 809 2250 861 vel
2276 810 2497 877 regibus
2524 810 2612 863 vel
2636 813 2739 862 mi-

1641 871 1831 925 litibus
1881 883 2001 927 erat
2048 879 2282 944 tributa,
2336 881 2513 932 miuus
2546 883 2737 949 utique

1641 959 1878 1008 congrue
1917 962 2037 997 cum
2073 948 2169 1013 iis,
2208 966 2348 1016 quae
2384 950 2441 1001 h.
2476 951 2516 1004 l.
2548 953 2615 1003 de
2640 954 2735 1004 Se·

1641 1014 1806 1062 sostri
1844 1030 2054 1068 omnem
2082 1022 2280 1070 terram
2315 1021 2457 1070 inter
2483 1021 2731 1087 sing-ulos

1638 1082 1940 1149 Aegyptios
1966 1087 2245 1139 dividente
2274 1094 2580 1143 narrantur.
2614 1093 2731 1145 Nec

1640 1153 1857 1203 omnino
1898 1154 1955 1204 in
2000 1157 2068 1206 iis
2107 1158 2399 1225 quidquam
2440 1161 2577 1210 certi
2617 1165 2728 1212 sta-

1638 1224 1792 1273 tuere
1816 1222 2031 1288 licebit,
2069 1242 2211 1292 quae
2235 1229 2456 1279 testium
2481 1234 2729 1280 veterum

1638 1291 1823 1357 inopia
1859 1293 2092 1347 obscura
2131 1301 2260 1347 sunt
2292 1300 2614 1365 magnisque
2647 1304 2729 1350 te·

1636 1360 1821 1412 nebris
1843 1370 2177 1427 premuntur.
2220 1368 2325 1429 Qui
2348 1368 2490 1418 enim
2513 1385 2729 1420 omnem

1635 1433 1838 1481 terram
1871 1432 1941 1483 ad
1963 1450 2024 1485 se
2051 1437 2319 1500 pertinere
2353 1438 2585 1488 credidit
2613 1455 2727 1501 rex,

1632 1499 1682 1547 is
1726 1502 1909 1564 potuit
1958 1504 2149 1570 utique
2197 1505 2429 1572 singulis
2482 1508 2727 1574 singulas

1634 1582 1887 1633 agrorum
1916 1575 2195 1637 portiones
2226 1576 2305 1626 ita
2328 1577 2630 1643 assignare,
2665 1581 2729 1628 ut

1634 1639 1897 1706 vectigali
1918 1645 2209 1707 quotannis
2231 1645 2412 1696 soluto
2437 1647 2608 1711 ipsius
2634 1648 2729 1698 do-

1635 1707 1858 1760 minium
1905 1720 2294 1777 agnoscerent3
2340 1717 2521 1781 potuit
2558 1717 2725 1768 etiam

1632 1791 1726 1826 eas
1748 1781 1960 1830 tantum
1980 1781 2089 1833 illis
2111 1788 2284 1835 terras
2306 1785 2563 1848 tribuere,
2584 1801 2723 1852 quae

1632 1844 1779 1896 bello
1834 1856 2032 1914 captae
2091 1852 2450 1921 hostibusque
2501 1862 2724 1921 ereptae

1632 1922 1813 1978 erent3
1843 1934 2168 1986 quamquam
2189 1922 2294 1974 hoc
2312 1940 2434 1975 cum
2452 1926 2723 1976 Herodoti

1631 1985 1811 2036 verbis
1849 1988 2027 2040 minus
2063 1994 2337 2045 convenit.
2402 1995 2723 2046 Conf.Hee-

1628 2067 1742 2104 ren.
1784 2056 1952 2108 Ideen
1991 2060 2075 2122 11,
2131 2063 2182 2112 2.
2233 2078 2360 2128 pag.
2415 2064 2509 2114 141
2564 2080 2717 2130 seqq.

1629 2122 1695 2171 In
1730 2123 1851 2189 ipsa
1885 2143 2015 2178 vero
2038 2130 2291 2196 Aegypto
2323 2132 2433 2183 iam
2468 2139 2599 2185 ante
2624 2134 2718 2184 hu-

1626 2191 1711 2241 ius
1747 2194 2101 2262 Sesostridis,
2140 2201 2236 2265 qui
2268 2202 2496 2253 Ramses
2535 2220 2582 2257 s.
2611 2205 2721 2255 Ra·

1624 2276 1829 2314 messes
1871 2266 2106 2332 Mag-nus
2152 2269 2412 2335 habetur,
2472 2277 2720 2339 tempora

1623 2328 1944 2384 divisionem
1963 2340 2138 2387 terrae
2160 2339 2301 2389 inter
2321 2340 2568 2408 singulos
2591 2358 2715 2408 pos-

1622 2413 1882 2466 sessores,
1900 2406 1992 2470 qui
2012 2421 2129 2456 eam
2154 2408 2415 2473 colerent,
2430 2412 2712 2463 exstitisse

1622 2469 1993 2539 tributumque
2016 2475 2142 2526 inde
2160 2477 2398 2530 solutum
2421 2479 2610 2544 fuisse,
2629 2484 2712 2532 ita

1621 2539 1881 2591 credibile
1912 2549 2025 2606 est,
2069 2550 2133 2596 ut
2168 2562 2261 2611 ea,
2301 2564 2441 2614 quae
2478 2551 2528 2601 h.
2566 2550 2604 2603 1.
2644 2552 2711 2602 de

1619 2611 1796 2660 terrae
1832 2610 2102 2665 divisione
2140 2631 2174 2666 a
2205 2618 2514 2670 Sesostride
2559 2622 2710 2671 facta

1618 2677 1937 2745 traduntur,
1986 2685 2094 2735 nisi
2149 2686 2220 2735 ad
2266 2689 2460 2752 prioris
2505 2691 2707 2742 aetatis

1617 2756 2330 2890 {35:233323‘202‘3325?
2343 2763 2710 2893 ww:

1617 2884 1764 2949 gium
1791 2888 2084 2942 dominium
2109 2896 2435 2958 pertinuerit
2465 2912 2531 2948 ac
2548 2898 2708 2950 Seso-

1616 2956 1790 3007 stride
1809 2966 2073 3025 reg-nante
2097 2968 2263 3014 aucta
2287 2966 2480 3030 fuerit,
2514 2968 2706 3019 referri

1613 3037 1776 3087 posse
1807 3029 2115 3082 videantur.
2185 3034 2270 3084 Tu
2298 3036 2448 3087 conf.
2475 3036 2703 3087 wilkin-

1613 3107 1733 3143 son.
1771 3096 2028 3149 Manners
2067 3104 2174 3152 etc.
2219 3103 2266 3153 1.
2306 3120 2358 3169 p.
2398 3105 2483 3156 73.
2524 3107 2600 3157 11.
2643 3124 2701 3172 p.

1613 3162 1682 3212 70
1705 3179 1821 3229 seq.
1886 3167 1967 3217 Ac
1998 3169 2191 3220 referri
2222 3172 2329 3224 huc
2365 3189 2576 3241 quoque
2606 3192 2702 3242 po-

1612 3234 1824 3297 terunt,
1865 3250 2003 3300 quae
2038 3239 2095 3289 in
2126 3241 2323 3294 Genes.
2363 3244 2591 3310 XLVII,
2630 3247 2699 3297 20

1611 3314 1764 3367 seqq.
1818 3310 2110 3358 narrantur
2164 3310 2229 3360 de
2281 3311 2542 3377 Iosepbo,
2602 3316 2698 3380 qni

1608 3368 1883 3423 Pharaoni
1945 3378 2135 3428 emerit
2200 3379 2537 3446 singulorum
2596 3385 2697 3435 Ae·

1607 3440 1917 3504 gyptiorum
1974 3448 2239 3513 (exceptis
2292 3451 2694 3520 sacerdotibus)

1605 3522 1799 3573 agros,
1864 3528 2000 3578 quos
2052 3517 2202 3581 ipsos
2254 3518 2448 3571 iisdem
2500 3528 2696 3585 postea

1603 3577 1841 3630 reddidit
1878 3581 2135 3638 colendos
2168 3603 2234 3637 ea
2265 3588 2594 3654 conditione,
2630 3597 2694 3642 ut

1601 3648 1844 3711 quintam
1872 3659 2167 3716 proventus
2190 3661 2399 3722 partem
2419 3659 2693 3711 Pharaoni

1600 3716 1902 3782 solverent3
1932 3724 2079 3774 conf.
2099 3727 2546 3793 Hengstenberg=
2585 3730 2690 3781 Die

1598 3784 1814 3837 Biicher
1838 3791 1979 3842 Mos.
2006 3808 2060 3843 u.
2085 3794 2319 3860 Aegypt.
2357 3814 2412 3862 p.
2441 3797 2511 3850 60
2534 3814 2687 3865 seqq.

1600 3857 1656 3903 et
1700 3856 1933 3922 Lepsius
1982 3861 2314 3931 Chronolog.
2358 3866 2411 3918 d.
2450 3868 2684 3934 Aegypt.

1596 3922 1644 3973 1.
1696 3939 1824 3992 pag.
1863 3928 1967 3981 384
2004 3947 2121 3997 seq.
2165 3960 2229 3971 —
2283 3935 2480 3998 „Quod
2528 3938 2689 3989 Seso-

1594 3993 1723 4043 strIs
1772 3995 1921 4062 leges
1958 4001 2205 4064 agrarias
2254 4004 2567 4072 similesque
2602 4012 2686 4058 at-

1590 4061 1762 4125 tinet,
1825 4065 2015 4118 laudat
2070 4072 2129 4120 in
2193 4073 2464 4124 consimili
2522 4092 2683 4142 argu-

1589 4135 1799 4196 mento,
1849 4137 1944 4188 ubi
1990 4137 2332 4193 Cretensium
2370 4144 2682 4210 Minoisque

1586 4197 1734 4265 leges
1784 4206 2002 4271 attigit,
2060 4209 2336 4261 Sesostrin
2382 4212 2680 4280 Aegyptio-

1585 4282 1810 4335 rumque
1833 4274 2094 4327 instituta
2121 4282 2381 4344 tanquam
2414 4284 2680 4349 antiquis-

1584 4337 1722 4388 sima
1766 4344 2006 4395 omnium
2032 4347 2360 4401 Aristoteles
2412 4350 2470 4400 in
2506 4352 2671 4405 Polit.

1583 4406 1709 4472 VII,
1741 4410 1824 4474 10,
1850 4411 1884 4464 3
1916 4412 2059 4480 (cap.
2079 4415 2131 4467 9.
2170 4432 2224 4482 p.
2244 4417 2349 4470 288
2366 4417 2670 4486 Schneid.).
