3109 5092
1130 340 1626 400 EUTERPE.
1670 340 1754 399 ΙΙ.
1798 348 1888 400 48.

2514 338 2631 398 541

369 509 516 600 ἐμοὶ
544 512 772 599 μέντοι
802 505 1220 603 ἐπισταμένῳ
1251 508 1376 581 οὐκ
1406 508 1930 599 εὐπρεπέστερός
1951 506 2089 579 ἐστι
2118 512 2458 596 λέγεσθαι.
2500 520 2635 578 θυ-

367 622 478 703 σίη
509 614 585 683 δὲ
612 610 735 702 ἥδε
760 619 898 682 τῶν
923 609 1070 683 ὑῶν
1097 619 1179 703 τῇ
1206 614 1479 704 Σελήνῃ
1509 617 1801 684 ποιέεται
1819 636 1832 648 ·
1884 610 2091 683 ἐπεὰν
2115 612 2302 707 θύσῃ
2319 664 2337 698 ,
2367 610 2490 701 τὴν
2518 609 2636 682 ού-

368 716 497 808 ρὴν
548 714 765 805 ἄκρην
804 719 917 785 καὶ
958 715 1078 786 τὸν
1119 723 1386 805 σπλῆνα
1443 720 1556 786 καὶ
1596 715 1715 787 τὸν
1758 715 2083 787 ἐπίπλοον
2127 718 2407 795 συνθεὶς
2446 711 2636 804 ὁμοῦ,

363 818 511 889 κατ’
545 811 644 889 ὧν
675 818 972 902 ἐκάλυψε
1003 820 1181 909 πάσῃ
1208 826 1332 890 τοῦ
1355 821 1632 911 κτήνεος
1658 825 1740 908 τῇ
1770 825 2018 909 πιμελῇ
2047 825 2128 907 τῇ
2167 822 2321 908 περὶ
2360 817 2485 907 τὴν
2513 846 2633 906 νη-

366 922 496 994 δὺν
540 926 893 1013 γινομένη,
941 926 1054 992 καὶ
1100 931 1328 994 ἔπειτα
1378 932 1713 1012 καταγίζει
1755 931 1941 1011 πυρί.
2024 920 2106 989 τὰ
2147 923 2221 991 δὲ
2262 920 2432 991 ἄλλα
2475 925 2638 1010 κρέα

364 1030 693 1097 σιτέονται
732 1023 806 1096 ἐν
837 1031 916 1115 τῇ
958 1032 1355 1120 πανσελήνῳ
1374 1079 1393 1114 ,
1441 1024 1516 1097 ἐν
1541 1033 1622 1119 τῇ
1651 1022 1737 1095 ἂν
1762 1024 1842 1095 τὰ
1872 1023 1983 1115 ίρά
2019 1024 2314 1094 θύσωσι·
2365 1020 2441 1094 ἐν
2467 1022 2636 1114 ἄλλῃ

366 1131 442 1199 δὲ
473 1127 680 1219 ἡμέρῃ
708 1128 832 1200 οὐκ
859 1125 945 1198 ἂν
967 1136 1063 1199 ἔτι
1086 1137 1465 1217 γευσαίατο.
1516 1135 1586 1199 οἰ
1609 1130 1684 1200 δὲ
1711 1131 1991 1217 πένητες
2017 1125 2249 1197 αὐτῶν
2273 1123 2393 1196 ὑπ’
2423 1125 2631 1196 ἆσθε-

365 1241 550 1321 νείης
576 1241 733 1321 βίου
766 1241 1104 1314 σταιτίνας
1132 1232 1506 1314 πλάσαντες
1531 1224 1612 1313 ὗς
1652 1234 1763 1301 καὶ
1792 1228 2200 1320 ὀπτήσαντες
2226 1230 2470 1311 ταύτας
2498 1229 2630 1300 θύ-

365 1358 537 1405 ουσι.
621 1341 728 1429 Τῷ
772 1337 846 1405 δὲ
879 1336 1232 1429 Διονύσῳ,
1281 1343 1396 1426 τῆς
1422 1332 1619 1426 ὁρτῆς
1645 1341 1726 1427 τῇ
1755 1340 2035 1424 δορπίῃ,
2070 1350 2298 1423 χοῖρον
2328 1333 2457 1422 πρὸ
2496 1339 2634 1403 τῶν
2649 1339 2729 1400 48

362 1443 641 1530 θυρέων
680 1439 935 1526 σφάξας
974 1443 1247 1520 ἕκαστος
1297 1446 1482 1510 διδοῖ
1512 1436 1981 1528 ἀποφέρεσθαι
2022 1434 2141 1506 τὸν
2185 1452 2413 1526 χοῖρον
2455 1433 2638 1529 αὐτῷ

363 1548 456 1635 τῷ
482 1540 877 1635 ἀποδομένῳ
911 1548 1050 1612 τῶν
1085 1547 1469 1631 συβωτέων.

1553 1541 1678 1632 τὴν
1715 1543 1791 1611 δὲ
1827 1539 2038 1629 ἄλλην
2073 1536 2400 1627 ἀνάγουσι
2433 1536 2639 1628 ὁρτὴν

363 1651 456 1737 τῷ
498 1644 815 1737 Διονύσῳ
863 1650 934 1714 οἱ
968 1644 1362 1734 Αἰγύπτιοι,
1407 1644 1585 1733 πλὴν
1628 1651 1882 1733 χορῶν,
1939 1640 2106 1713 κατὰ
2147 1639 2355 1711 ταύτὰ
2396 1641 2639 1730 σχεδὸν

364 1747 583 1817 πάντα
617 1744 912 1836 ”Ελλησι.

365 1967 544 2018 φασιν
581 1949 860 2033 εἰρῆσθαι
919 1951 1078 2020 σῦν,
1141 1947 1218 2014 ὥς
1267 1950 1447 2006 οἱονεὶ

363 2021 503 2071 θῦν
537 2016 640 2072 τὸν
687 2018 768 2080 είς
811 2021 1030 2073 θυσίαν
1064 1994 1446 2089 εὐθετοῦντα,

361 2099 426 2142 ut
461 2093 629 2157 igitur
667 2090 767 2148 σῦς
803 2091 944 2157 (sus)
984 2109 1018 2144 a
1042 2087 1216 2144 θύειν
1251 2111 1448 2145 nomen

359 2163 667 2212 invenerit.⁴
676 2162 813 2212 ‘.Cr

432 2222 605 2280 ἐπεὰν
640 2221 822 2297 θύσῃ]
845 2230 975 2282 Scil.
1014 2227 1099 2289 τὶς
1125 2247 1170 2282 s.
1198 2224 1228 2280 ὁ
1257 2223 1447 2283 θύων.

361 2300 584 2362 Vid.1,
636 2299 1058 2351 132.Kuehner
1103 2301 1195 2352 Gr.
1254 2302 1347 2352 Gr.
1395 2301 1446 2364 ξ.

362 2371 484 2432 414,
511 2371 563 2420 2.
604 2370 690 2423 Cr.
713 2368 802 2419 hic
827 2370 1040 2420 confert
1061 2372 1182 2421 Ast.
1207 2371 1280 2420 ad
1299 2371 1445 2422 Plat.

365 2438 527 2489 Polit.
571 2439 648 2489 11.
685 2455 811 2504 pag.
849 2439 973 2494 430,
1023 2431 1127 2488 τὸν
1171 2431 1448 2489 ἐπίπλοον

363 2509 563 2559 Noster
586 2508 845 2590 intelligit
856 2510 1174 2560 Latinorum
1188 2519 1447 2561 omentum.

362 2578 427 2627 In
442 2593 595 2643 seqq.
627 2569 934 2641 ἀσθενείης
960 2594 1056 2643 pro
1071 2571 1351 2642 ἆσθενίης
1370 2595 1449 2629 re-

364 2653 452 2697 cte
477 2647 630 2697 dedit
665 2647 944 2699 Gaisford.
1002 2648 1087 2699 cf.
1121 2649 1353 2698 Bredowr.
1392 2664 1447 2713 p.

368 2716 486 2766 186.
518 2716 700 2767 Verba
723 2706 824 2765 ὑπ’
847 2709 1295 2783 ἀσθενείηςβίου
1313 2717 1450 2768 bene

363 2786 759 2851 wesseling-ius
776 2786 983 2837 reddit:
1012 2796 1231 2850 propter
1253 2794 1448 2850 egesta-

364 2864 460 2907 tem
498 2864 549 2905 et
578 2858 736 2906 victus
771 2858 1072 2914 tenuitatem,
1109 2861 1172 2905 nt
1190 2856 1284 2916 IV,
1326 2854 1447 2907 135

361 2925 520 2988 VIII,
558 2925 645 2976 51.
681 2925 726 2985 Ι,
764 2925 851 2976 85.
925 2926 1075 2975 Idem
1111 2925 1267 2975 addit
1297 2937 1449 2973 σται-

361 2992 521 3050 τίνας
555 2981 624 3051 ὗς
661 2991 990 3057 (farinaceas
1025 2993 1173 3060 sues)
1208 2995 1297 3045 hic
1319 2994 1449 3058 poni

364 3064 527 3114 sicuti
563 3063 761 3113 bovem
806 3065 1140 3114 farinaceam
1187 3065 1245 3113 in
1292 3063 1449 3129 Cyzi-

364 3148 617 3183 cenorum
653 3134 825 3184 sacris
871 3149 959 3199 ap.
1012 3132 1293 3184 Plutarch.
1340 3134 1450 3183 Lu-

362 3201 484 3253 cull.
536 3200 678 3267 (cap.
730 3202 816 3267 10)
866 3219 922 3267 p.
964 3203 1070 3253 498
1113 3203 1178 3253 A.
1254 3203 1332 3252 Ac
1380 3204 1451 3252 si-

362 3271 538 3322 milem
558 3287 759 3321 morem
781 3272 1294 3338 Schweighaeusero
1310 3276 1450 3322 teste

363 3343 544 3406 tangit
594 3341 794 3391 Suidas
849 3343 905 3391 in
938 3331 1229 3407 ’Ἕβδομος
1288 3337 1445 3407 βοῦς.

362 3412 568 3461 Par-vas
593 3410 894 3460 bestiarum
911 3411 1115 3476 figuras
1137 3411 1446 3460 farinaceas

359 3480 419 3528 in
465 3486 708 3530 veterum
750 3480 1140 3545 Aegyptiorum
1186 3479 1448 3544 sepulcris

363 3548 645 3611 inventas,
693 3549 1083 3599 sacrificiorum
1127 3548 1247 3598 loco
1282 3553 1344 3598 ut
1371 3549 1450 3597 vi-

365 3616 523 3668 detur
560 3617 793 3681 oblatas,
830 3625 959 3683 apte
994 3618 1100 3667 huc
1130 3618 1295 3667 refert
1316 3618 1447 3667 Wil-

363 3686 581 3737 kinson.
620 3688 875 3737 Manners
915 3693 1021 3738 etc‘.
1061 3702 1173 3738 sec.
1220 3702 1323 3738 ser.
1365 3688 1442 3738 11.

362 3770 416 3820 p.
457 3757 577 3808 300.

695 3929 826 3979 Car.
860 3927 1121 3980 XLVIII.

431 4026 534 4094 τῆς
567 4021 738 4095 ὁρτῆς
775 4029 847 4096 τῇ
881 4027 1119 4096 δορπίῃ]
1159 4030 1195 4079 i.
1237 4045 1285 4080 c.
1325 4046 1448 4092 „ve-

361 4115 537 4162 spera,
574 4116 704 4164 quae
725 4102 911 4164 festum
936 4098 1245 4162 antecedit‚“
1279 4104 1341 4148 ut
1372 4115 1450 4148 re-

364 4173 450 4216 cte
509 4170 900 4233 interpretatur
949 4168 1447 4232 Schweighaeuser.

361 4237 670 4288 Admoneat
722 4237 1106 4303 Apaturiorum
1168 4237 1296 4286 festi
1359 4235 1449 4299 (de

362 4321 468 4370 quo
503 4307 549 4368 1,
609 4308 747 4369 147),
794 4307 888 4356 nbi
936 4306 1138 4370 primus
1188 4306 1305 4355 dies
1355 4321 1449 4354 vo·

360 4376 593 4426 cabatur
628 4373 861 4440 Δορπία
905 4389 939 4425 a
982 4388 1156 4425 coena
1199 4373 1445 4437 solemni,

1006 1746 1155 1819 ἀντὶ
1200 1750 1276 1818 δὲ
1316 1753 1600 1838 φαλλῶν
1646 1745 1816 1817 ἄλλα
1869 1754 1999 1833 σφί
2041 1748 2180 1814 ἐστι
2231 1748 2637 1835 ἐξευρημένα

1551 1971 1587 2005 a
1632 1954 1861 2021 singulis
1915 1953 2168 2019 gentibus
2214 1954 2503 2005 familiisve
2547 1969 2636 2004 ve-

1550 2040 1704 2089 spere
1756 2024 2031 2074 instituta.
2121 2025 2206 2074 De
2266 2041 2373 2089 quo
2419 2029 2637 2105 praeter

1549 2093 1886 2172 Hesychium
1931 2108 1998 2143 ac
2034 2093 2256 2144 Suidam
2295 2110 2342 2145 s.
2380 2111 2434 2144 v.
2476 2084 2636 2143 Ἀπα-

1549 2155 2181 2283 ἷῖύὲΐωῗῧὲιὲῧί
2211 2165 2316 2284 ιῙιῩ
2347 2179 2494 2298 pp&
2533 2165 2638 2283 ‹¹³ss

1551 2301 1803 2382 Schwgh.
1837 2302 2032 2353 Pollux
2067 2302 2396 2364 Onom.V1,
2427 2303 2636 2353 102.—

1549 2373 1634 2422 De
1665 2363 2002 2451 ἀποδόσθαι
2020 2369 2298 2454 (vendere)
2337 2341 2409 2424 οῖ’.
2463 2374 2510 2434 1,
2549 2372 2634 2423 70.

1549 2442 1617 2491 In
1663 2457 1814 2506 seqq.
1862 2434 1968 2506 τὴν
2010 2432 2187 2505 ἄλλην
2240 2432 2445 2506 ἑορτὴν
2503 2455 2638 2490 cave

1551 2510 1817 2574 accipias.
1852 2513 1959 2560 alia
1986 2511 2349 2576 Aeqypeiorum
2371 2511 2636 2574 Diony-eta,

1551 2595 1674 2630 cum
1710 2581 1821 2628 sint
1857 2582 2054 2643 rquua
2089 2580 2306 2630 eiusdem
2334 2580 2462 2642 sesti
2506 2581 2638 2628 sole-

1549 2651 1700 2711 mnia,
1736 2653 1990 2698 monente
2030 2647 2565 2727 Schweighaeusero.

1620 2686 1780 2795 πλὴν
1807 2714 2014 2781 χορῶν,
2050 2709 2194 2766 κατὰ
2222 2707 2400 2766 ταύτὰ
2436 2707 2639 2780 σχεδὸν

1551 2779 1739 2835 πάντα
1752 2774 2011 2850 Ελλησι]
2031 2784 2220 2849 χορῶν
2241 2785 2489 2836 meliores
2508 2786 2640 2834 scri-

1550 2857 1632 2920 pti
1668 2855 1921 2905 exhibent
1958 2854 2100 2917 libri,
2141 2871 2366 2921 quorum
2404 2856 2638 2905 auetori-

1552 2930 1723 2975 tatem
1744 2924 1918 2975 secuti
1943 2930 2071 2975 sunt
2095 2929 2324 2975 recentt.
2352 2925 2494 2987 edd„
2515 2940 2640 2989 pro-

1549 2995 1719 3045 bante
1737 2993 1970 3044 Studero
1995 2994 2053 3043 in
2084 3000 2224 3046 orat.
2252 2996 2465 3046 Bernae
2495 3009 2638 3044 anno

1555 3063 1689 3116 1830
1723 3063 1914 3113 habita
1935 3064 2000 3113 de
2023 3064 2292 3114 Herodoti
2313 3063 2420 3114 fide
2447 3069 2554 3115 etc.
2584 3080 2637 3128 p.

1551 3133 1640 3184 56.
1677 3131 1889 3197 χοίρων
1908 3148 1974 3183 ex
2002 3132 2205 3183 Aldina
2230 3132 2464 3198 aliisque
2491 3133 2641 3182 codi-

1549 3203 1705 3253 cibus
1724 3203 1900 3252 tenuit
1926 3201 2341 3267 Wesselingius,
2375 3218 2495 3254 cum
2521 3218 2640 3252 sen-

1550 3287 1643 3322 sus
1679 3273 1753 3321 sit
1787 3270 1897 3320 alia
1938 3272 2332 3336 Aegyptiorum
2368 3272 2640 3353 Dionysia

1550 3357 1585 3390 a
1608 3341 1937 3392 Graecorum
1964 3340 2402 3390 Bacchanalibus
2428 3341 2521 3388 vix
2538 3339 2640 3388 dif-

1547 3410 1708 3472 ferre,
1746 3408 2043 3487 eademque
2063 3409 2237 3459 videri
2263 3408 2504 3473 exceptis
2531 3409 2637 3458 sui-

1548 3480 1651 3529 bus
1681 3446 1865 3544 (πλὴν
1900 3476 2157 3542 χοίρων),
2197 3493 2335 3542 quas
2385 3478 2635 3526 nimirum

1548 3547 1633 3596 illi
1674 3548 1732 3597 in
1766 3548 2119 3612 Dionysiacis
2169 3547 2340 3597 sacris
2388 3561 2498 3595 non
2545 3546 2639 3595 ad-

1549 3617 1840 3666 hibuerint.
1921 3616 2027 3667 Sed
2083 3621 2297 3681 praeter
2353 3615 2636 3665 meliorum

1549 3686 1806 3736 librorum
1843 3686 2229 3736 auctoritatem
2266 3684 2402 3735 illud
2451 3688 2637 3734 tenen·

1550 3757 1679 3806 dum
1699 3754 1757 3804 in
1792 3755 2122 3806 Graecorum
2156 3754 2346 3816 sacris,
2381 3760 2443 3804 ut
2474 3752 2636 3819 paulo

1551 3830 1682 3874 ante
1730 3824 1991 3886 diximus,
2046 3824 2395 3888 Dionysiacis
2449 3823 2638 3886 utique

1551 3894 1963 3943 commemorari
1996 3908 2122 3943 sues
2160 3891 2327 3957 (conf.
2364 3892 2534 3943 schol.
2567 3890 2637 3941 ad

1554 3962 1831 4027 Aristoph.
1885 3963 2025 4012 Ran.
2083 3961 2180 4013 341
2232 3963 2415 4027 ibique
2468 3961 2638 4027 Span-

1551 4029 1736 4096 hem.),
1773 4031 2098 4095 easdemque
2120 4031 2364 4081 crebrius
2394 4030 2639 4095 conspici

1552 4100 1609 4148 in
1655 4099 1803 4148 vasis
1851 4100 2040 4163 pictis,
2092 4115 2233 4164 quae
2287 4100 2359 4150 ad
2404 4098 2639 4164 Dionysi

1552 4166 1757 4217 cultum
1777 4169 2109 4231 pertinentia
2124 4170 2182 4218 in
2206 4170 2418 4219 Graeca
2440 4183 2640 4233 magna

1551 4241 1768 4299 reperta
1812 4242 1956 4286 sunt.
2030 4238 2156 4287 Vid.
2207 4237 2398 4288 Creuz.
2450 4238 2637 4301 Symb.

1551 4305 1665 4355 111.
1703 4320 1828 4368 pag.
1867 4304 1971 4356 332
2007 4304 2091 4355 ed.
2131 4321 2240 4356 sec.
2283 4321 2396 4370 seq.
2459 4307 2640 4367 Quare

1551 4372 1892 4424 retinendum
1914 4390 1947 4438 χ
1964 4386 1995 4422 o
2010 4389 2041 4437 ρ
2053 4371 2099 4422 ὦ
2109 4389 2160 4438 ν,
2181 4376 2502 4439 praesertim
2517 4389 2639 4425 cum
