3109 5092
462 302 584 365 218
1324 300 1861 363 HERODOTI

460 478 1003 565 πυνθανομένων
1043 474 1160 555 τὰς
1207 481 1399 556 δίκας
1446 472 1846 564 ἀποβαίνειν
1892 475 2061 546 κατὰ
2107 475 2182 547 τὸ
2231 476 2379 562 ἐὸν,
2440 476 2643 564 γνοὺς
2697 473 2733 548 ὁ

457 580 754 669 Δητόκης
785 583 851 660 ἐς
888 576 1140 650 ἑωυτὸν
1175 582 1310 649 πᾶν
1340 575 1816 669 ἀνακείμενον,
1855 579 2012 651 οὔτε
2046 589 2337 666 κατίζειν
2371 588 2467 650 ἔτι
2502 580 2731 670 ἤθελε,

457 692 631 754 ἔνθα
668 710 796 771 περ
834 684 1163 772 πρότερον
1203 692 1619 773 προκατίζων
1652 688 1947 770 ἐδίκαζε,
2008 682 2154 754 οὔτ’
2206 691 2336 773 ἔφη
2374 690 2573 755 δικᾶν
2611 692 2728 755 ἔτι.

454 785 537 857 οὐ
581 787 709 875 γάρ
756 791 827 856 οἰ
865 790 1310 872 λυσιτελέειν,
1365 793 1504 857 τῶν
1560 792 1816 858 ἑωυτοῦ
1862 787 2335 877 ἐξημεληκότα,
2386 805 2557 858 τοῖσι
2608 793 2726 858 πέ-

454 901 572 971 λας
616 888 710 960 δι’
746 887 990 980 ἡμέρης
1037 891 1351 974 δικάζειν.
1427 892 1662 981 ἐούσης
1700 883 1797 962 ὦν
1831 888 2134 982 ἁρπαγῆς
2169 894 2281 963 καὶ
2321 889 2597 981 ἀνομίης
2632 898 2729 961 ἔτι

453 1000 679 1065 πολλω
713 999 971 1082 μᾶλλον
1008 992 1138 1064 ἄνα
1175 992 1290 1075 τὰς
1324 1023 1547 1085 κωμας
1598 991 1640 1086 ἢ
1677 996 2004 1086 πρότερον
2041 988 2163 1084 ἦν,
2222 999 2730 1083 συνελέχθησαν

454 1104 525 1169 οἱ
551 1103 779 1187 Μῆδοι
817 1095 883 1177 ἐς
927 1095 1176 1180 τώυτὸ,
1218 1101 1328 1168 καὶ
1360 1102 1678 1169 ἐδίδοσαν
1713 1107 1905 1189 σφίσι
1946 1099 2182 1186 λόγον,
2220 1101 2527 1185 λέγοντες
2573 1102 2727 1187 περὶ

453 1208 593 1272 τῶν
634 1201 1083 1290 κατηκόντων.
1153 1230 1242 1281 ως
1280 1199 1344 1271 δ’
1395 1200 1526 1290 ἐγω
1579 1206 1826 1289 δοκέω,
1874 1203 2160 1292 μάλιστα
2204 1209 2439 1289 ἔλεγον
2496 1206 2567 1271 οἰ
2608 1209 2728 1272 τοῦ

456 1305 762 1393 Δηιόκεω
806 1312 1024 1393 φίλοι·
1096 1302 1200 1375 Οὐ
1235 1305 1363 1431 γὰρ
1410 1305 1528 1396 δὴ,
1582 1306 1805 1401 τρόπω
1848 1336 1940 1376 τω
1982 1303 2299 1392 παρεόντι
2338 1333 2726 1394 χρεωμενοι,

456 1415 739 1479 δυνατοί
771 1415 958 1497 εἰμεν
995 1412 1244 1480 οἰκέειν
1285 1408 1407 1500 τὴν
1451 1409 1709 1498 χώρην·
1766 1414 1932 1500 φέρε
1965 1410 2314 1499 στήσωμεν
2342 1405 2568 1498 ἡμέων
2602 1406 2725 1479 αὐ-

453 1518 591 1581 τῶν
647 1516 955 1601 βασιλέα·
1012 1514 1124 1581 καὶ
1166 1510 1343 1583 οὕτω
1393 1510 1435 1600 ἣ
1494 1541 1567 1582 τε
1612 1514 1792 1640 χώρη
1855 1512 2324 1603 εὐνομήσεται,
2381 1514 2494 1609 καὶ
2535 1510 2726 1583 αὐτοὶ

453 1615 617 1705 πρὸς
657 1622 818 1704 ἔργα
854 1616 1275 1705 τρεψόμεθα,
1335 1614 1492 1686 οὐδὲ
1532 1613 1652 1686 ὑπ’
1696 1614 1975 1706 ἀνομίης
2011 1615 2366 1686 ἆναστατοι
2411 1615 2722 1705 ἐσόμεθα.

450 1780 701 1848 τέοντος]
739 1784 775 1833 i.
828 1800 875 1834 e.
928 1800 1034 1834 cnm
1072 1801 1303 1835 numerus
1349 1801 1533 1848 eorum,

450 1857 536 1919 qui
604 1855 925 1916 accederent,
997 1869 1194 1917 semper
1261 1863 1534 1907 cresceret.

448 1924 868 1988 Partieipiornm
892 1928 947 1973 et
965 1924 1355 1975 adiectivorum
1379 1940 1535 1974 usum

449 1994 506 2043 in
568 1999 760 2043 neutro
815 1993 1110 2058 singularis
1168 2010 1266 2058 pro
1318 1994 1535 2059 plurali,

449 2063 542 2113 ubi
588 2067 763 2112 totum
812 2063 1067 2128 quiddam
1123 2063 1423 2126 indicatur,
1470 2079 1536 2113 ox

448 2131 711 2182 hocloco
759 2131 1050 2197 multisque
1095 2134 1217 2183 aliis
1267 2147 1537 2184 common-

450 2205 594 2251 strat
620 2201 818 2251 Matth.
848 2205 899 2264 §-
926 2204 1044 2264 445,
1076 2205 1126 2253 5.
1162 2218 1214 2267 p.
1239 2203 1362 2254 832.
1402 2203 1537 2252 Inde

448 2271 624 2335 ipsum
662 2270 992 2334 singularem
1026 2287 1152 2321 mox
1188 2274 1393 2336 exeipit
1423 2272 1537 2336 plu-

449 2341 579 2390 ralis
616 2355 869 2390 numerus
911 2339 1394 2406 πυνθανομένων.

519 2421 668 2477 ἔνθα
704 2441 809 2490 περ
858 2417 1140 2490 πρότερον
1183 2427 1538 2490 προκατίζων

451 2493 685 2564 ἐδίκαζε]
719 2497 992 2547 Admonet
1003 2498 1398 2563 Wesselingius
1422 2515 1537 2548 ver-

448 2569 506 2618 bi
553 2565 935 2630 προκατίζων,
988 2568 1189 2633 quippe
1234 2568 1300 2617 de
1347 2568 1537 2618 iudici-

448 2639 570 2700 bus,
598 2638 714 2687 sive
742 2635 823 2687 illi
847 2652 1003 2702 reges
1041 2638 1160 2687 sive
1194 2637 1395 2702 privati
1420 2639 1533 2689 fue-

449 2709 575 2772 rint,
621 2707 727 2758 hoe
770 2706 1026 2757 solemne.
1088 2707 1180 2758 Sic
1235 2708 1280 2769 Ι,
1333 2708 1415 2758 1-1.
1464 2709 1531 2769 V,

449 2781 536 2828 26.
577 2808 646 2817 —-
677 2777 742 2825 In
780 2792 931 2842 seqq.
970 2774 1189 2825 δικᾶν
1234 2782 1316 2826 est
1363 2777 1531 2827 futuri

446 2846 749 2897 infinitivus
813 2848 934 2928 (pro
988 2840 1296 2912 δικασειν),
1358 2847 1533 2896 forma

445 2917 633 2981 ntique
675 2915 868 2964 rariori
920 2916 975 2964 in
1011 2916 1221 2978 verbis,
1268 2931 1408 2980 quae
1444 2916 1532 2965 de-

445 3001 698 3051 sinuntin
722 3000 850 3059 αζω.
886 2999 1009 3050 vid.
1032 3001 1267 3051 Bekkeri
1285 3002 1528 3052 Aneedd.

446 3070 538 3121 Gr.
586 3070 632 3119 Ι.
681 3068 941 3133 pag.90,
990 3070 1052 3119 15
1104 3074 1157 3118 et
1202 3071 1347 3120 conf.
1403 3073 1531 3122 Bre-

445 3139 570 3188 dovae
611 3154 663 3204 p.
701 3138 804 3190 300
840 3154 974 3202 seq„
1024 3139 1117 3202 qui
1165 3145 1292 3203 apte
1340 3139 1530 3191 laudat

443 3207 639 3259 Matth.
681 3207 772 3264 Gr.
814 3208 904 3258 Gr.
948 3175 993 3256 1'.
1046 3223 1097 3272 p.
1137 3209 1240 3258 404
1277 3213 1331 3259 ot
1374 3210 1530 3259 Butt-

444 3294 626 3330 mann.
666 3277 759 3328 Gr.
796 3277 890 3327 Gr.
933 3276 976 3326 Ι.
1016 3293 1069 3341 p.
1115 3276 1211 3329 391
1268 3294 1382 3343 seq.
1433 3270 1525 3328 δι’

442 3339 704 3412 ἡμέρης
740 3351 852 3397 ost:
886 3361 985 3409 per·
1009 3354 1157 3397 totum
1184 3348 1325 3398 diem.
1365 3348 1524 3400 Cous.

446 3419 520 3480 ΙΙ,
562 3418 666 3468 174
702 3417 833 3481 ibiq.
872 3416 1223 3482 Wesseling„
1266 3418 1356 3483 qui
1396 3419 1447 3469 h.
1486 3419 1522 3470 l.

440 3489 856 3552 interpretatur:
908 3493 1094 3548 „totum
1130 3487 1255 3537 diem
1290 3488 1525 3543 dirimen-

441 3559 519 3608 dis
555 3558 741 3628 litibus·
758 3556 1105 3620 impendere.“

508 3655 604 3709 καὶ
645 3650 913 3709 ἐδίδοσαν
958 3658 1119 3723 σφίσι
1163 3649 1354 3725 λόγον]
1392 3661 1430 3710 i.
1475 3675 1522 3708 e.

438 3729 785 3780 demet-arunt
817 3733 951 3779 incer
994 3743 1052 3777 se
1083 3728 1239 3778 verba
1278 3730 1528 3789 facientes

438 3800 503 3847 de
537 3801 809 3860 praesenti
850 3813 1018 3847 rerum
1061 3805 1196 3847 statu
1243 3812 1287 3847 s.
1339 3798 1404 3847 de
1444 3799 1524 3862 iis,

437 3882 651 3984 331⁶.ss
652 3868 942 3984 fama!
935 3867 1151 3998 “siff
1174 3875 1362 4000 ἓῗὶἕῖξ
1396 3867 1530 3998 {5³2

436 4007 614 4054 tionem
648 4004 746 4053 sibi
778 4003 1025 4067 reddere,
1062 4017 1227 4052 secum
1259 4013 1520 4067 reputare,

395 4132 403 4136 .
436 4071 745 4137 deliberare)
782 4073 1014 4121 maxime
1049 4072 1383 4136 frequentem
1414 4075 1524 4125 No-

436 4146 551 4191 stro
622 4156 742 4190 osse
807 4144 1112 4190 monstrant
1184 4142 1428 4206 exempla
1486 4159 1520 4192 a

437 4208 742 4275 Schweigh.
783 4208 1014 4259 collecta
1044 4210 1102 4259 in
1123 4210 1312 4260 Lexie.
1350 4212 1522 4262 Hero-

436 4280 549 4330 dot.
588 4280 664 4329 11.
705 4294 758 4343 p.
799 4279 882 4328 77.
921 4279 1139 4329 Confer.
1178 4280 1519 4344 potissimum

433 4349 479 4414 1,
519 4347 606 4400 25.
645 4347 767 4401 209.
804 4348 911 4411 111,
947 4350 1034 4401 45.
1072 4349 1159 4401 68.
1181 4348 1269 4401 76.
1310 4348 1520 4402 138.-

1640 1786 1821 1836 Verba
1868 1780 1998 1849 περὶ
2048 1800 2163 1834 των
2206 1775 2573 1864 κατηκόντων
2622 1784 2725 1833 Ne-

1640 1857 1752 1921 gris
1774 1856 2011 1934 explicat
2037 1850 2166 1917 περὶ
2189 1851 2289 1918 τῆς
2311 1846 2501 1930 παροί
2506 1866 2607 1917 σης
2627 1867 2725 1901 κα-

1640 1916 1953 1981 ταστάσεως
1986 1922 2100 1973 τῶν
2136 1915 2508 1987 πραγμάτων,
2548 1923 2726 1973 affert-

1639 2011 1744 2059 que
1778 1995 2043 2045 Herodot.
2083 1991 2331 2054 LV‚136.
2374 1994 2438 2056 V,
2477 1991 2725 2054 49.V11,

1642 2061 2085 2144 104.V111,19.
2133 2030 2380 2114 4’0.102.

1710 2124 1947 2198 οὐγὰρ
1983 2123 2074 2196 δὴ,
2114 2123 2308 2197 τρόπῳ
2343 2128 2423 2195 τῷ
2451 2120 2725 2194 παρεόντι

1640 2219 1693 2252 κ
1728 2220 1775 2252 τ.
1814 2203 1859 2252 λ.
1867 2201 1889 2269 ]
1919 2202 2166 2252 Pertinet
2201 2201 2253 2250 h.
2297 2199 2334 2251 l.
2366 2199 2435 2250 sd
2480 2215 2591 2262 eos,
2631 2199 2724 2249 ubi

1640 2273 1913 2323 sententia
1963 2271 2223 2333 causalis,
2284 2286 2424 2336 quae
2472 2269 2725 2335 postponi

1639 2342 1892 2404 debebat,
1918 2341 2221 2392 sententiae
2255 2340 2546 2404 primariae
2567 2336 2725 2403 (φέρε

1641 2404 1931 2476 στήσωμεν
1988 2426 2039 2459 κ.
2100 2425 2148 2458 τ.
2213 2408 2290 2468 λ.)
2351 2410 2720 2476 praeponitur.

1640 2482 1797 2532 Cous.
1837 2496 2004 2545 snpra
2052 2479 2122 2529 ad
2169 2480 2212 2542 Ι,
2257 2481 2345 2530 24.
2420 2478 2577 2542 Quod
2612 2493 2723 2527 mo·

1637 2551 1873 2602 nendum
1917 2549 2238 2610 videbatur,
2281 2565 2348 2599 ne
2395 2548 2516 2614 quis
2559 2547 2724 2597 offen-

1638 2621 1789 2671 deret
1824 2620 1880 2669 in
1918 2617 2190 2685 particula
2224 2610 2328 2682 γὰρ
2370 2618 2527 2668 initio
2562 2617 2722 2668 huius

1637 2692 1943 2741 sententiae
1949 2689 2176 2768 posita.

1704 2757 1840 2824 φέρε
1860 2750 2150 2822 στήσωμεν
2182 2746 2372 2821 ἡμέων
2407 2745 2598 2804 αὐτῶν
2623 2751 2720 2821 βα-

1636 2826 1809 2908 σιλέα]
1846 2828 2285 2878 Valckenarians
2315 2825 2722 2876 emendatione·

1634 2891 2007 3031 ἵὲῗῗέῗῖιῗ,
2007 2887 2312 3017 ”ἒ5ημξῗ>’.”
2336 2886 2722 3044 ἕέἷῶζῑέῗὲ.

1634 3053 1791 3116 opus.
1828 3038 1943 3087 Nec
1976 3036 2104 3085 libri
2139 3036 2350 3085 iuvant.
2425 3033 2511 3083 Ad
2556 3024 2719 3082 εὖνο-

1632 3098 1865 3171 μήσεται
1912 3105 1970 3169 (i.
2019 3120 2071 3157 e.
2121 3105 2264 3155 bonis
2312 3103 2503 3168 zeqibus
2534 3106 2721 3153 utetur

1633 3191 1677 3225 s.
1730 3174 2159 3225 administrabitur
2200 3172 2373 3235 terra)
2432 3173 2505 3222 cf.
2555 3187 2722 3238 supra

1634 3247 1681 3308 Ι,
1732 3244 1818 3305 66,
1875 3249 1930 3294 et
1987 3244 2055 3292 de
2108 3244 2291 3293 futuro
2337 3241 2526 3302 medii,
2576 3242 2720 3307 quod

1631 3314 1906 3380 passivam
1937 3313 2210 3363 notionem
2243 3312 2519 3373 assumsit,
2540 3310 2720 3361 Kush-

1631 3400 1730 3434 τισι·
1759 3384 1852 3434 Gr.
1890 3385 1983 3433 Gr.
2022 3386 2073 3445 §-
2115 3381 2235 3442 390,
2268 3381 2320 3444 3,
2357 3396 2409 3431 a.

1700 3449 1797 3502 καὶ
1835 3443 2002 3502 αὐτοὶ
2030 3443 2177 3514 πρὸς
2206 3420 2339 3514 ἔργα
2361 3440 2716 3515 τρεψόμεθα]

1628 3522 1807 3588 Vulgo
1846 3516 1980 3585 ἔργα
2013 3520 2082 3570 ad
2119 3523 2324 3586 quaevis
2344 3519 2610 3569 Medorum
2632 3535 2719 3569 ne-

1624 3597 1761 3656 yotia
1796 3600 1848 3641 et
1875 3605 2035 3653 opera
2072 3606 2117 3640 s.
2156 3591 2533 3667 occupationes
2539 3591 2719 3640 solitas

1628 3662 1892 3711 referunt.
1931 3660 2071 3709 Nam
2106 3650 2311 3722 πρὸςε.
2345 3647 2439 3708 ἐπὶ
2475 3673 2545 3706 τα
2579 3652 2714 3721 ἔργα

1630 3727 1941 3791 τρέπεσθαι
1976 3728 2286 3793 frequenter
2325 3728 2585 3786 occurrit,
2622 3726 2717 3777 ubi

1631 3802 1739 3847 est.
1777 3800 1851 3848 ad
1892 3801 2090 3860 negotia
2121 3798 2339 3847 revorti.
2400 3795 2525 3846 vid.
2561 3797 2716 3859 Wyt-

1631 3867 1885 3917 tenbach.
1920 3867 2101 3931 Epist.
2137 3867 2308 3917 critic.
2352 3880 2477 3929 pag.
2512 3865 2593 3924 12,
2621 3864 2717 3914 nbi

1632 3937 1807 3987 nostri
1845 3937 1951 3986 loci
1989 3952 2099 3986 non
2136 3936 2338 3985 oblitus
2383 3934 2506 3983 fuit.
2570 3933 2713 3985 Add.

1625 4006 1795 4056 Beck.
1834 4004 1903 4056 ad
1940 4004 2215 4069 Aristoph.
2262 4005 2400 4054 Avv.
2445 4003 2604 4063 1450,
2644 4018 2716 4053 ne

1624 4075 1799 4141 plura.
1874 4075 2179 4125 Lareherus
2248 4088 2378 4123 vero
2450 4072 2713 4122 strictiori

1626 4161 1790 4195 sensu
1826 4138 1959 4208 ἔργα
2007 4144 2075 4193 de
2118 4159 2274 4206 opere
2317 4145 2508 4192 rustico
2553 4141 2714 4193 intel·

1621 4214 1718 4279 ligi
1755 4212 1874 4264 vult
1908 4212 1945 4277 (,
1953 4216 2204 4278 ‚utquiete
2223 4212 2366 4263 nobis
2387 4213 2538 4262 liceat
2558 4226 2715 4276 ayros

1622 4284 1809 4333 colere‘
1815 4283 1882 4346 ⁴),
1927 4287 1988 4333 ut
2032 4297 2198 4347 supra
2241 4282 2287 4343 Ι,
2333 4280 2422 4332 36.
2490 4280 2599 4331 Sed
2641 4282 2710 4330 ab

1621 4352 1726 4403 hoc
1754 4353 1875 4402 loco
1911 4351 2146 4402 alienum
2182 4356 2458 4417 putamus,
2493 4366 2617 4400 cum
2651 4350 2711 4399 in
