3109 5092
539 364 661 424 884
1309 360 1850 422 EXCURSUS
1895 360 2057 423 XIV

1217 783 1867 863 EXOURSUS
1937 785 2126 861 XIV

968 953 1140 1019 AD
1227 954 2378 1038 HERODO'P.11,148.

1382 1289 1481 1346 De
1532 1288 1963 1362 labyrintho.

701 1442 954 1494 Veterem
1004 1440 1373 1510 labyrinthum
1418 1448 1641 1511 praeter
1690 1440 2032 1494 Herodotum
2084 1438 2335 1508 inprimis
2386 1439 2834 1509 descripserunt

531 1526 812 1580 Diodorus
841 1524 1063 1579 Siculus
1106 1526 1150 1591 1,
1180 1532 1269 1586 61.
1303 1531 1393 1586 89.
1445 1526 1647 1579 Strabo
1679 1525 1856 1578 xvn.
1891 1543 1946 1594 p.
1975 1531 2081 1585 811
2112 1542 2159 1576 s.
2195 1541 2252 1592 p.
2290 1530 2427 1584 1155
2457 1524 2580 1577 coll.
2610 1523 2822 1595 Pomp.

533 1611 665 1664 Mel.
697 1610 756 1678 1,
797 1614 831 1670 9
868 1617 926 1662 et
950 1609 1095 1662 Plin.
1133 1610 1207 1663 H.
1238 1611 1313 1663 Ν.
1343 1610 1601 1677 xxxvl,
1649 1615 1745 1678 13,
1792 1610 1889 1680 qui
1923 1617 2159 1679 uterque
2204 1625 2271 1661 ex
2309 1608 2580 1661 Herodoti
2612 1627 2823 1661 narra-

529 1697 684 1750 tione
721 1694 1063 1766 potissimum
1103 1695 1326 1766 pendet.
1401 1695 1524 1747 Alia
1564 1695 1943 1764 suppeditabit
1974 1695 2163 1761 zoega
2202 1693 2271 1746 de
2302 1693 2560 1746 obeliscc.
2591 1711 2647 1762 p.
2679 1697 2820 1755 418.

534 1790 650 1835 not.
687 1787 780 1845 10,
824 1780 919 1832 ubi
949 1779 1287 1834 recentiores
1328 1797 1550 1851 quoque
1584 1779 1860 1847 laudavit,
1912 1778 2008 1849 qui
2044 1778 2113 1831 de
2144 1777 2458 1846 labyrintho
2490 1778 2821 1846 retulerint,

534 1875 591 1919 et
618 1866 882 1918 Gatterer
904 1864 961 1917 in
996 1865 1319 1917 Commentt.
1353 1865 1604 1917 societat.
1636 1882 1755 1933 reg.
1788 1864 2043 1931 Gotting.
2075 1862 2198 1915 Vol.
2230 1862 2326 1915 lx.
2360 1881 2415 1933 p.
2448 1867 2548 1931 54,
2579 1863 2677 1932 qui
2708 1880 2821 1931 po-

532 1949 800 2002 tissimum
839 1949 1111 2002 Herodoti
1151 1948 1328 2001 locum
1369 1949 1713 2002 tractandum
1752 1954 1811 2001 et
1849 1947 2227 2018 explicandum
2272 1948 2382 2000 sibi
2418 1947 2633 2002 sumsit.
2712 1947 2817 2000 Tu

531 2034 646 2086 vid.
688 2033 937 2103 inprimis
975 2033 1144 2086 Beck.
1177 2032 1378 2086 Anleit.
1416 2050 1467 2086 z.
1500 2032 1840 2101 Weltgesch.
1875 2034 1921 2085 1.
1951 2051 2006 2102 p.
2039 2035 2163 2099 721,
2208 2040 2265 2086 et
2305 2033 2447 2087 adde
2490 2049 2633 2102 quae
2676 2042 2822 2100 post

530 2118 863 2171 Larcherum
893 2117 950 2169 in
982 2126 1097 2169 not.
1128 2117 1198 2169 ad
1210 2118 1480 2171 Herodoti
1509 2116 1681 2171 locum
1714 2118 2074 2187 disputarunt
2101 2116 2249 2169 docti
2278 2116 2425 2170 Galli
2449 2117 2506 2169 iu
2524 2116 2817 2186 Descript.

532 2204 601 2254 de
629 2202 774 2269 l’ssg.
823 2201 1035 2271 antiqq.
1071 2201 1283 2254 livrais.
1315 2202 1419 2254 111.
1458 2208 1587 2255 tom.
1620 2203 1696 2255 11.
1728 2202 1884 2272 chap.
1930 2200 2106 2252 xvll.
2140 2209 2278 2254 sect.
2309 2202 2414 2254 111.
2447 2220 2503 2271 p.
2532 2206 2602 2260 32
2644 2219 2819 2271 seqq.

532 2285 810 2338 Mannert.
844 2286 1053 2351 Geogr.
1085 2285 1139 2337 d.
1172 2287 1273 2337 Gr.
1305 2285 1565 2339 u.Roem.
1600 2287 1666 2354 X,
1699 2294 1728 2345 1
1760 2304 1814 2355 p.
1845 2292 1952 2346 430
1986 2292 2042 2337 et
2072 2284 2384 2339 Letronne=
2412 2286 2585 2339 Επεὶ
2622 2303 2725 2338 sur
2761 2286 2821 2339 le

533 2368 660 2439 plan
704 2375 762 2421 et
805 2368 859 2421 la
898 2368 1232 2437 disposition
1267 2369 1530 2437 generale
1566 2370 1640 2423 du
1680 2370 1991 2438 labyrinthe
2023 2376 2128 2422 etc.
2168 2370 2226 2424 in
2260 2369 2544 2423 nouvelles
2574 2370 2817 2423 annales

531 2453 632 2506 des
676 2469 923 2521 voyages
962 2470 1063 2522 par
1091 2453 1300 2521 Eyries
1332 2462 1390 2507 et
1419 2454 1734 2508 Maltebrun
1768 2460 1810 2506 t.
1848 2455 1941 2506 vl.
1975 2472 2029 2523 p.
2061 2459 2167 2515 133
2195 2472 2350 2524 seq.,
2396 2454 2489 2507 ubi
2520 2455 2685 2507 etiam
2716 2461 2815 2507 ta-

532 2537 662 2591 bula
689 2538 806 2591 aeri
838 2537 1015 2591 incisa
1044 2538 1256 2591 adiecta
1287 2545 1393 2591 est.
1457 2540 1564 2592 His
1594 2540 1806 2592 accedit
1834 2539 2103 2607 Lepsius,
2139 2539 2207 2592 de
2237 2555 2349 2609 quo
2379 2533 2517 2592 moi
2531 2540 2709 2611 plura,
2748 2548 2817 2592 et

531 2624 789 2676 Buusen=
829 2622 1054 2693 Egypts
1098 2623 1292 2691 Place,
1336 2623 1392 2676 iu
1426 2624 1721 2677 Universa]
1752 2623 1987 2690 History
2032 2630 2137 2676 etc.
2183 2623 2257 2676 ΙΙ.
2306 2643 2360 2694 p.
2390 2628 2499 2684 305
2536 2642 2690 2694 seqq.
2741 2641 2816 2676 ac

531 2707 826 2777 praecipue
856 2725 911 2777 p·
940 2712 1047 2768 313
1075 2726 1232 2779 seqq.
1267 2709 1354 2761 ed.
1387 2709 1616 2762 secund.
1649 2709 1802 2781 (coll.
1830 2709 1902 2762 11.
1932 2712 2109 2776 p.324
2131 2726 2288 2779 seqq.
2321 2709 2409 2762 ed.
2440 2708 2644 2779 prioris
2658 2709 2811 2762 Ger-

530 2792 774 2859 manic.),
803 2792 901 2862 qui
932 2799 988 2845 et
1015 2792 1315 2861 labyrinthi
1349 2792 1789 2861 delineationem,
1822 2792 2121 2863 pyramidis
2151 2793 2440 2862 imaginem
2470 2810 2534 2846 ac
2562 2792 2811 2862 denique

531 2876 807 2946 regionis,
860 2876 917 2929 in
964 2894 1076 2946 qua
1119 2876 1469 2945 labyrinthus
1514 2884 1834 2932 exstructus
1877 2877 2019 2946 suit,
2068 2893 2312 2948 mappam
2359 2878 2580 2932 adiecit.
2656 2878 2806 2930 Add.

534 2960 820 3013 Wheeler:
861 2961 983 3014 The
1010 2963 1327 3031 geography
1362 2964 1426 3015 of
1454 2963 1723 3017 Herodot.
1756 2982 1812 3034 p.
1842 2966 1947 3020 424
1974 2981 2092 3032 seq.

702 3077 786 3129 De
813 3086 1073 3147 tempore,
1119 3095 1228 3148 quo
1296 3079 1645 3148 labyrinthus
1675 3080 1751 3131 sit
1778 3084 2124 3146 exstructus,
2167 3079 2382 3133 minime
2408 3086 2656 3149 constat,
2700 3081 2806 3133 sed

530 3159 691 3213 valde
732 3159 1013 3229 probabile
1043 3163 1135 3230 fit,
1187 3161 1290 3215 iam
1329 3169 1457 3215 ante
1495 3163 1901 3216 dodecarchiam
1940 3162 2089 3216 illum
2117 3163 2295 3216 fuisse
2337 3171 2675 3218 exstructum
2714 3164 2803 3217 in—

532 3244 711 3315 deque
749 3246 817 3298 ad
855 3245 1168 3315 antiquiora
1203 3246 1440 3317 Aegypti
1472 3257 1849 3313 monumenta,
1902 3254 1964 3300 ut
1992 3247 2333 3317 pyramides,
2378 3248 2484 3302 alia
2510 3249 2567 3302 id
2598 3266 2799 3319 genus,

531 3348 658 3383 esse
688 3330 1053 3384 referendum.
1113 3331 1276 3383 Haud
1306 3337 1565 3402 repetam,
1601 3350 1741 3403 quas
1772 3333 1942 3386 Beck.
1975 3332 2009 3383 l.
2050 3331 2085 3383 l.
2119 3333 2353 3402 protulit
2380 3333 2635 3388 diversas
2668 3352 2800 3386 sen-

532 3416 738 3468 tentias
784 3415 852 3470 de
895 3414 1194 3486 labyrinthi
1236 3417 1645 3485 conditoribus3
1704 3417 1839 3470 illud
1883 3417 2040 3470 modo
2083 3416 2303 3487 addam,
2355 3418 2532 3471 Gallis
2575 3435 2801 3489 quoque

532 3499 712 3553 doctis
744 3500 810 3572 (l.
840 3501 877 3554 l.
912 3507 965 3567 S.
990 3507 1044 3561 4.
1077 3521 1131 3572 p.
1162 3501 1262 3569 40)
1296 3502 1376 3554 ita
1404 3504 1758 3556 statuendum
1786 3502 1994 3570 videri,
2042 3509 2105 3553 ut
2142 3501 2492 3571 labyrinthus
2535 3503 2799 3556 dedecar-

532 3584 685 3637 chiae
714 3591 957 3656 tempore
985 3587 1196 3639 minime
1222 3586 1587 3655 adscribatur,
1632 3587 1877 3658 quamvis
1907 3594 2114 3657 partem
2144 3584 2294 3640 illius
2319 3589 2560 3641 fortasse
2587 3589 2797 3642 refece-

533 3669 608 3722 rit
628 3669 1060 3739 Psammiticbus‚
1095 3687 1213 3723 cum
1239 3671 1428 3739 plures
1456 3674 1675 3725 omnino
1696 3690 1859 3741 reges
1886 3679 2188 3741 temporum
2211 3672 2449 3726 decursu
2474 3673 2795 3726 aedificasse

531 3753 860 3823 videantur3
917 3756 1062 3809 unde
1104 3754 1263 3808 simul
1307 3757 1687 3825 perspicuum,
1744 3774 1844 3809 cur
1882 3755 2090 3810 diversi
2133 3757 2448 3810 conditores
2496 3756 2796 3825 labyrinthi

531 3855 692 3905 reges
723 3846 1220 3895 commemorentur.
1283 3841 1404 3893 Nec
1436 3840 1542 3894 alia
1574 3843 1690 3894 sere
1720 3840 1788 3895 de
1811 3841 2105 3908 labyrinthi
2135 3841 2515 3895 conditoribus
2541 3841 2648 3894 fuit
2668 3858 2794 3893 sen-

532 3922 715 3974 sentia
743 3922 1078 3993 lablonskii,
1123 3924 1288 3978 Vocc.
1321 3925 1494 3994 Aegg.
1528 3946 1586 3996 p.
1624 3930 1725 3984 124
1755 3945 1873 3996 seq.
1935 3925 2045 3977 Sed
2079 3925 2432 3980 Mannertum
2459 3926 2496 3978 l.
2528 3925 2566 3978 l.
2598 3944 2652 3995 p.
2688 3929 2794 3984 438

532 4005 580 4057 si
614 4005 837 4075 audias,
873 4008 1262 4062 dodecarchiae
1292 4018 1472 4063 aetate
1505 4017 1789 4064 exstructa
1817 4018 1904 4065 est
1936 4009 2236 4077 labyrinthi
2267 4009 2465 4079 moles,
2509 4011 2669 4064 cuius
2700 4010 2792 4062 de-

528 4089 769 4158 signatio
814 4092 882 4144 ad
922 4092 1202 4146 duodecim
1245 4093 1471 4162 regulos
1512 4095 1816 4164 pertineat,
1857 4096 2124 4165 perfectio
2169 4095 2236 4147 ad
2283 4112 2447 4148 unum
2487 4093 2794 4148 Psammiti-

529 4175 685 4227 chum
720 4175 966 4246 adeoque
999 4176 1158 4228 etiam
1194 4178 1262 4229 ad
1301 4194 1465 4231 unum
1502 4197 1569 4232 ex
1609 4179 1759 4233 illius
1801 4180 2239 4233 successoribus.
2312 4179 2390 4231 Et
2418 4187 2613 4249 postea
2651 4179 2793 4231 idem

527 4258 861 4315 Mannertus
891 4261 926 4313 l.
955 4260 990 4313 1.
1027 4279 1082 4330 p.
1114 4265 1216 4320 441
1260 4262 1399 4315 hanc
1426 4264 1689 4333 proponit
1717 4265 2114 4319 coniecturam=
2160 4264 2390 4317 eundem
2428 4263 2789 4329 Memnonem,

529 4343 626 4413 qui
659 4344 1028 4399 Memnonium
1066 4352 1122 4397 et
1151 4345 1361 4399 Thebis
1393 4354 1450 4399 et
1479 4348 1659 4416 Abydi
1695 4350 2059 4417 exstruxerit,
2101 4367 2201 4419 pro
2236 4348 2536 4417 labyrinthi
2568 4356 2792 4401 auctore

527 4436 693 4499 atque
724 4430 1008 4484 conditore
1044 4447 1170 4484 esse
1200 4431 1523 4484 habendum.
1589 4433 1750 4496 Quae
1784 4451 1945 4505 quam
1976 4433 2189 4488 incerta
2217 4433 2367 4503 sint,
2404 4433 2670 4487 neminem
2700 4432 2788 4485 fu·-
