3109 5092
402 346 543 443 ’Μ
1334 380 1870 462 HERODOTI

466 552 621 634 τοὺς
656 557 927 643 τοκέας,
982 552 1158 624 οὕτω
1197 553 1281 644 δή
1333 551 1706 642 ἐθελοντὴν
1743 550 1960 642 αὐτὴν
1994 568 2164 622 τοῖσι
2203 553 2465 633 Φοίνιξι
2500 569 2747 618 συνεκ-

464 664 761 744 πλῶσαι,
801 654 891 752 ῶς
930 652 1018 728 ἂν
1051 657 1141 747 μὴ
1176 658 1545 747 κατάδηλος
1573 658 1868 745 γένηται.
1923 662 2133 726 ταῦτα
2168 658 2294 744 μέν
2329 681 2461 726 νυν
2490 655 2748 741 Πέρσαι

463 790 536 832 τε
569 763 683 830 καὶ
715 768 1027 841 Φοίνικες
1054 764 1347 849 λέγουσι.
1426 756 1593 849 'Qui
1636 760 1711 830 δὲ
1749 761 1903 850 περὶ
1939 759 2065 848 μὲν
2095 758 2356 829 τούτων
2392 754 2518 829 οὐκ
2555 763 2742 845 ἔρχο-

462 894 581 954 μαι
609 867 854 954 ἐρέων,
890 860 980 946 ῶς
1003 862 1217 946 οὕτως
1246 861 1289 955 ἢ
1325 864 1543 945 ἄλλως
1572 892 1707 945 κως
1741 869 1952 934 ταῦτα
1980 865 2244 950 ἐγένετο
2264 884 2279 898 ·
2326 860 2447 932 τὸν
2479 859 2554 929 δὲ
2588 860 2742 929 οῖδα

462 966 665 1048 αὐτὸς
715 974 984 1058 πρῶτον
1036 964 1426 1059 ὑπάρξαντα
1475 967 1736 1040 ἀδίκων
1793 973 2013 1056 ἔργων
2068 969 2135 1047 ἐς
2184 963 2340 1045 τούς
2390 960 2735 1052 Ἕλληνας,

462 1077 704 1142 τοῦτον
743 1071 1076 1161 σημήνας,
1124 1073 1541 1163 προβήσομαι
1574 1076 1640 1153 ἐς
1672 1069 1748 1141 τὰ
1788 1070 2016 1161 πρόσω
2051 1076 2174 1139 τοῦ
2207 1068 2447 1157 λόγου,
2493 1063 2784 1155 ὁμοίως4

465 1172 711 1265 σμικρὰ
747 1178 860 1244 καὶ
901 1176 1157 1263 μεγάλα
1190 1174 1394 1246 ἄστεα
1428 1173 1822 1264 ἀνθρώπων
1859 1173 2162 1255 ἐπεξιών.
2217 1171 2300 1242 τὰ
2333 1169 2465 1262 γὰρ
2499 1167 2575 1241 τὰ
2613 1170 2738 1240 πά-

465 1289 574 1349 λαι
610 1279 866 1367 μεγάλα
910 1270 1029 1370 ἦν,
1091 1276 1173 1348 τὰ
1225 1279 1439 1350 πολλοὶ
1479 1277 1709 1349 αὐτῶν
1760 1275 2010 1369 σμικρὰ
2047 1280 2319 1365 γέγονε·
2380 1273 2464 1343 τὰ
2508 1274 2584 1344 δὲ
2631 1271 2738 1342 ἐπ’

466 1445 538 1497 ad
584 1446 967 1497 antecedentia
1020 1448 1195 1513 magis
1261 1463 1423 1513 qnam
1483 1446 1554 1497 ad

465 1517 752 1581 sequentia
787 1515 980 1566 referri
1014 1517 1217 1581 voluit,
1252 1533 1392 1583 quae
1426 1518 1555 1567 inde

465 1586 771 1651 separanda
813 1600 934 1637 esse
982 1587 1070 1638 vel
1111 1587 1244 1638 illud
1293 1577 1442 1636 οὕτω
1481 1579 1554 1651 δὴ

466 1671 587 1706 cum
646 1657 701 1705 vi
760 1655 995 1721 quadam
1041 1658 1346 1723 apodoseos
1393 1657 1551 1706 initio

463 1727 703 1792 positum
728 1726 989 1779 declarat.

536 1787 849 1860 ἐθελοντὴν
899 1788 1085 1860 αὐτὴν
1132 1797 1279 1845 τοῖσι
1327 1790 1554 1854 Φοίνιξι

464 1863 877 1931 συνεκπλῶσαι]
939 1866 1158 1917 Laudat
1216 1866 1303 1916 Gr.
1371 1864 1552 1914 locum

463 1935 721 1986 Eustath.
762 1935 831 1985 ad
855 1934 1058 2001 Odyss.
1081 1937 1141 1999 Ι,
1166 1933 1287 1986 431.
1326 1949 1454 1999 pag.
1484 1934 1545 1983 71

465 2022 631 2071 supra
678 2005 763 2056 ed.
823 2006 1020 2069 Basil.,
1079 2006 1172 2057 ubi
1224 2009 1309 2054 est
1356 2017 1551 2053 συνεκ-

464 2073 721 2137 πλεῦσαι,
760 2075 904 2140 quod
939 2076 1118 2141 ipsum
1145 2074 1354 2140 aliquot
1391 2071 1548 2124 codd.

463 2145 757 2210 praebent:
798 2146 894 2195 sed
932 2145 1159 2195 alteram
1187 2145 1416 2194 formam
1444 2157 1555 2191 ma-

464 2214 548 2278 gis
585 2229 652 2263 ex
674 2213 940 2263 Herodoti
970 2229 1072 2263 usu
1102 2229 1221 2263 esse
1250 2229 1394 2264 nunc
1419 2213 1554 2263 satis

467 2287 701 2333 constat.
742 2282 865 2333 Vid.
904 2283 1137 2334 Bredov.
1179 2299 1234 2348 p.
1286 2283 1402 2333 171.
1470 2281 1555 2331 Ad

465 2353 635 2402 verba
679 2344 992 2417 ἐθελοντὴν
1037 2343 1219 2416 αὐτὴν
1272 2351 1415 2401 idem
1463 2351 1549 2403 Gr.

465 2422 657 2473 laudat
690 2420 908 2472 Schaef.
948 2422 1019 2472 ad
1053 2421 1305 2487 Sophocl.
1357 2420 1554 2471 Trach.

464 2507 521 2543 v.
549 2493 702 2542 1127.
723 2507 777 2556 p.
798 2491 901 2543 342
922 2493 1074 2557 Lips.
1103 2493 1190 2543 Tu
1211 2490 1323 2541 vid.
1350 2489 1555 2540 Herod.

466 2562 563 2624 VI,
602 2563 781 2613 25.-
817 2551 893 2619 ῶς
925 2551 1000 2611 ἂν
1035 2565 1296 2627 sequente
1335 2561 1555 2610 coniun-

467 2633 633 2695 ctivo,
665 2637 726 2680 ut
746 2631 791 2695 1,
819 2632 924 2693 11„
958 2631 1218 2697 explicuit
1239 2630 1555 2681 Baeumlein

466 2702 647 2753 Ueber
682 2701 770 2751 die
807 2701 1182 2767 griech.M0di
1218 2717 1271 2766 p.
1308 2701 1430 2751 216.
1466 2699 1553 2750 cf.

466 2773 631 2822 etiam
667 2770 926 2821 Kuehner
955 2772 1049 2823 Gr.
1091 2772 1186 2823 Gr.
1224 2774 1277 2834 §-
1316 2772 1437 2821 775.

537 2832 643 2905 ἕγῶ
703 2833 771 2889 δὲ
830 2837 961 2904 περὶ
1020 2834 1125 2905 μὲν
1178 2832 1399 2889 τούτων
1450 2828 1556 2888 οὐκ

466 2904 703 2975 ἔρχομαι
740 2899 929 2975 ἐρέων]
969 2904 1204 2974 ἔρχομαι
1254 2900 1426 2973 ἐρέων
1462 2923 1555 2958 an·

466 2980 620 3043 tiquo
681 2977 899 3027 dicendi
950 2993 1147 3044 genere
1212 2977 1377 3039 dixit,
1446 2993 1551 3043 quo

466 3046 823 3113 significatur,
859 3062 1016 3111 nunc,
1049 3047 1142 3097 hoc
1173 3048 1285 3110 ipso
1321 3048 1558 3111 tempor-is

463 3124 698 3167 ”tomento
735 3118 928 3181 aliquid
960 3116 1240 3180 indicatum,
1274 3118 1556 3181 expositum

464 3189 550 3239 iri.
589 3185 844 3235 Imitatus
880 3191 964 3235 est
992 3186 1232 3236 Pausan.
1261 3187 1337 3249 X,
1378 3185 1459 3237 19.
1502 3189 1552 3249 ξ.

465 3258 518 3318 2,
565 3254 660 3304 ubi
706 3255 817 3305 vid.
862 3253 1118 3318 Siebelis,
1168 3255 1406 3320 itemque
1448 3255 1554 3304 Lu·

464 3325 673 3385 cianus,
694 3324 806 3387 alii,
836 3339 973 3389 quos
1004 3323 1198 3374 laudat
1216 3324 1276 3375 C.
1302 3325 1393 3375 Fr.
1418 3325 1556 3374 Her-

464 3409 646 3445 mann.
698 3394 768 3444 ad
819 3395 1046 3445 Lucian.
1102 3394 1384 3457 Quomodo
1424 3394 1553 3445 hist.

467 3465 736 3515 conscrib.
791 3479 912 3529 cap.
967 3463 1052 3514 18.
1097 3480 1151 3529 p.
1210 3464 1330 3531 125.
1393 3463 1550 3514 Conf.

469 3534 904 3586 etiamKuehner
943 3533 1036 3585 Gr.
1076 3534 1168 3585 Gr.
1209 3536 1260 3595 §-
1298 3532 1396 3585 661
1436 3538 1551 3585 not.

466 3606 518 3656 2.
564 3606 671 3654 Pro
730 3593 912 3661 οὕτως
955 3604 1013 3653 in
1070 3619 1221 3669 seqq.
1283 3604 1553 3655 Bredovio

472 3678 697 3724 auctore
730 3690 783 3738 p.
822 3674 921 3725 112
959 3677 1014 3723 et
1048 3674 1151 3724 hoc
1183 3674 1303 3725 loco
1341 3678 1395 3724 et
1433 3673 1558 3723 aliis

475 3742 543 3806 (1,
591 3741 679 3792 56.
727 3741 813 3793 76.
864 3742 984 3792 117.
1038 3744 1139 3794 176
1183 3741 1318 3807 eto.)
1365 3744 1556 3794 rescri-

468 3810 702 3860 bendum
740 3800 907 3859 οὕτω.
954 3811 1221 3875 Equidem
1263 3814 1321 3862 in
1350 3814 1553 3864 talibus

469 3895 503 3930 a
535 3877 796 3929 librorum
832 3880 1068 3929 omnium
1092 3883 1422 3933 auctoritate
1447 3883 1554 3932 dis-

470 3947 662 3999 cedere
695 3947 865 3998 nolui.
1251 4002 1260 4010 ,

537 4010 657 4067 τὸν
693 4012 757 4067 δὲ
792 4009 927 4066 οἶδα
966 4046 1036 4058 -
1076 4014 1331 4067 τοῦτον
1377 4011 1551 4084 σημή-

466 4085 589 4167 νας]
638 4079 742 4136 τὸν
781 4087 820 4135 i.
872 4102 920 4142 e.
973 4076 1059 4149 ὃν,
1123 4088 1214 4136 cui
1265 4088 1558 4152 respondet

468 4169 695 4206 τουτον.
733 4155 974 4207 Plurima
1010 4155 1257 4222 exempla
1284 4172 1350 4206 ex
1387 4156 1558 4208 Hero·

471 4224 602 4276 doto
667 4224 888 4290 collegit
953 4227 1150 4277 Struve
1217 4226 1449 4291 Specim.
1506 4227 1553 4277 1.

472 4296 722 4358 Quaestt.
775 4294 842 4344 de
897 4295 1116 4347 dialect.
1171 4297 1461 4348 Herodot.·
1498 4311 1552 4361 p.

470 4365 541 4415 28
576 4379 637 4415 se
677 4400 691 4414 .

539 4380 748 4484 τοῦξον
783 4425 1063 4499 σημήνας,
1100 4425 1465 4500 προβήσομαι
1501 4423 1558 4491 ἐς

1655 1436 1720 1493 τὸ
1757 1436 1952 1508 πρόσω
1991 1440 2097 1493 τοῦ
2135 1435 2329 1510 λόγου]
2382 1436 2744 1579 πριὲβήσομαι

1656 1514 2059 1576 revocavimus,
2136 1529 2259 1563 cum
2321 1527 2478 1576 παρα
2516 1504 2743 1577 ήσομαι,

1658 1582 1804 1649 quod
1829 1584 2020 1633 Reizio
2057 1582 2331 1645 debemus,
2371 1582 2619 1633 codicum
2655 1595 2749 1629 au-

1658 1656 1914 1704 ctoritate
1960 1657 2166 1704 careat.
2223 1652 2427 1704 Similis
2476 1651 2743 1711 confusio,

1655 1722 1918 1773 laudante
1977 1724 2084 1787 Cn,
2141 1724 2198 1772 in
2255 1721 2483 1773 Nicolao
2538 1719 2747 1771 Metho-

1655 1793 1813 1843 nensi
1867 1808 2038 1857 nuper
2097 1792 2323 1858 vulgato
2381 1808 2436 1857 p.
2494 1791 2596 1842 168
2659 1789 2743 1839 ed.

1654 1863 1898 1913 Voemel.
1937 1863 2067 1913 Mox
2110 1868 2342 1928 utroque
2384 1861 2505 1912 loco
2550 1858 2748 1924 scripsi

1657 1922 1863 1996 σμικρὰ
1910 1932 2244 1998 eandemque
2299 1932 2528 1981 sormam
2581 1931 2745 1979 etiam

1656 2000 1779 2052 aliis
1815 2001 1951 2052 locis
2002 2018 2121 2052 cum
2167 2005 2397 2052 recentt.
2448 2000 2568 2051 edd.
2620 1999 2747 2049 reti-

1657 2072 1778 2131 nui;
1847 2070 1959 2122 vid.
2034 2071 2266 2122 Bredov.
2331 2087 2384 2136 p.
2453 2070 2573 2121 121.
2661 2067 2744 2117 Ad

1657 2142 1834 2207 ipsam
1884 2141 2153 2191 Herodoti
2207 2142 2536 2192 locutionem
2598 2137 2744 2188 conf.

1656 2211 1887 2276 Dionys.
1925 2210 2105 2261 Halic.
2155 2211 2377 2276 Antiqq.
2416 2210 2626 2262 Romm.
2670 2207 2745 2269 ΙΙ,

1658 2280 1691 2331 3
1744 2278 2050 2346 (ποιοῦντα
2099 2271 2340 2345 μεγάλας
2405 2270 2464 2329 ἐκ
2527 2275 2747 2343 μικρῶν

1657 2340 1759 2406 τὰς
1802 2341 2042 2413 πόλεις),
2091 2349 2162 2400 ad
2193 2365 2349 2415 quem
2398 2349 2579 2400 locum
2622 2349 2745 2397 Am-

1657 2418 1943 2468 broschius
1981 2419 2243 2470 excitavit
2286 2419 2488 2469 similes
2537 2418 2746 2483 aliquot

1658 2488 1755 2551 VI,
1797 2486 1878 2539 19.
1915 2489 2042 2552 VII,
2077 2489 2162 2541 53.
2201 2489 2464 2553 vm,40.
2503 2488 2633 2537 Mox
2658 2486 2746 2535 de·

1659 2557 1836 2607 dimus
1880 2549 1946 2606 τὸ
1991 2550 2181 2607 πάλαι.
2252 2558 2432 2624 Vulgo
2475 2558 2616 2607 male
2653 2569 2742 2605 το-

1659 2620 1852 2677 πάλαι.
1923 2627 2009 2678 Ad
2057 2634 2436 2693 argumentum
2479 2628 2656 2693 ipsum
2697 2625 2745 2673 si

1659 2701 1986 2762 spectamus,
2025 2696 2316 2748 candidum
2349 2698 2475 2748 inde
2519 2700 2747 2762 apparet

1660 2782 1726 2817 ac
1789 2767 2016 2831 simplex
2069 2767 2259 2818 Nostri
2315 2767 2554 2817 studium
2612 2766 2744 2827 veri,

1659 2852 1766 2902 quo
1804 2837 1999 2887 ductus
2047 2838 2251 2887 nullam
2290 2853 2430 2901 rem,
2476 2837 2564 2887 vel
2608 2851 2744 2897 eam,

1659 2922 1798 2972 quae
1833 2906 2112 2957 levissima
2155 2907 2459 2971 videretur,
2508 2910 2746 2973 praeter-

1658 2977 1899 3026 mitteret
1934 2977 2453 3042 accuratissimeque
2497 2976 2745 3037 referret,

1657 3060 2011 3110 quaecunque
2058 3047 2128 3097 ad
2183 3047 2521 3112 propositum
2566 3046 2746 3096 facere

1657 3115 1991 3165 viderentur.
2066 3115 2226 3179 Quod
2295 3116 2487 3166 merito
2557 3114 2748 3166 laudat

1657 3184 1985 3235 Dahlmann.
2023 3185 2079 3234 in
2111 3184 2316 3237 Herod.
2351 3201 2405 3250 p.
2450 3187 2569 3238 177.
2604 3185 2745 3236 Nam

1658 3252 1793 3304 haec
1855 3254 2024 3304 verba
2078 3253 2529 3305 adumbrationen
2586 3253 2748 3320 quasi

1659 3324 1831 3373 totius
1871 3323 2048 3388 operis
2084 3326 2393 3388 continent,
2447 3325 2747 3390 paucisque

1658 3394 1972 3443 universum
2009 3393 2199 3444 Nostri
2244 3394 2531 3445 consilium
2577 3394 2634 3443 in
2666 3393 2747 3442 hi-

1659 3462 1832 3512 storia
1877 3478 2023 3512 nunc
2074 3463 2392 3528 exponenda
2444 3464 2743 3515 declarant.

1657 3531 1767 3581 Ubi
1828 3532 1911 3582 Gr.
1974 3533 2212 3582 conferri
2266 3534 2419 3583 iubet
2477 3533 2624 3584 Plat.
2679 3532 2748 3582 de

1658 3601 1831 3666 Legg.
1857 3601 1965 3652 III.
1997 3616 2052 3665 p.
2078 3601 2200 3653 676.
2231 3600 2297 3664 (s.
2323 3619 2378 3667 p.
2414 3604 2515 3654 278
2543 3600 2741 3667 Bekk.)

1657 3670 1797 3721 Add.
1825 3670 2035 3735 Iaeger.
2056 3672 2301 3736 Disputt.
2331 3672 2573 3724 Herodd.
2592 3671 2746 3739 (Got-

1657 3739 1795 3805 ting.
1839 3736 2002 3803 1828)
2039 3756 2093 3805 p.
2128 3741 2215 3791 49.

1726 3802 1797 3859 τὰ
1831 3801 1894 3858 δὲ
1930 3798 2024 3858 ἐπ’
2063 3801 2196 3872 ἐμεῦ
2239 3796 2314 3873 ἦν
2347 3800 2579 3875 μεγάλα]
2619 3810 2655 3860 i.
2692 3818 2744 3860 e.

1655 3893 1784 3944 quae
1819 3892 1927 3928 mea
1966 3886 2133 3929 aetate
2167 3894 2366 3944 magna
2391 3878 2625 3942 fuerant,
2652 3893 2746 3929 an-

1654 3952 1747 3998 tea
1795 3962 1966 4012 parva
2006 3948 2246 3999 fuerunt.
2296 3949 2607 3999 Dictionem
2652 3937 2740 3998 ἐπ’

1657 4007 1790 4081 ἐμεῦ
1822 4033 1932 4067 mea
1967 4024 2154 4079 aetate,
2175 4017 2284 4069 med
2315 4018 2568 4079 memorio,
2609 4018 2743 4068 satis

1660 4085 1899 4136 illustrat
1935 4086 2180 4138 Fischer.
2234 4086 2304 4137 ad
2351 4087 2510 4139 Well.
2549 4087 2652 4149 111,
2690 4086 2739 4137 6.

1660 4171 1712 4219 p.
1765 4156 1888 4206 228.
1942 4156 2027 4206 Tu
2074 4156 2147 4206 cf.
2197 4156 2402 4207 Herod.
2457 4157 2612 4220 VIII,
2655 4158 2740 4207 44.

1659 4256 1729 4264 —
1763 4216 1893 4289 ἐμεῦ
1929 4227 2127 4291 scripsi
2175 4240 2295 4277 cum
2342 4230 2571 4276 recentt.
2619 4224 2741 4275 edd.

1657 4310 1755 4359 pro
1793 4293 1942 4359 vulg.
1984 4285 2141 4359 ἐμοῦ,
2182 4310 2323 4361 quae
2346 4295 2521 4345 forma
2544 4294 2612 4343 ab
2635 4295 2746 4343 He-

1658 4363 1851 4485 Ξεέῗοῐο
1896 4364 2078 4415 aliena
2121 4364 2322 4415 dicitur
2372 4363 2643 4414 Bredovio
2685 4378 2741 4427 p.
