3109 5092
401 312 525 392 556

402 482 613 572 κάρτα
663 482 904 551 πολλαὶ
955 478 1366 568 ἀνθρώπων.

1276 301 1811 366 HERODOTI

1472 475 1593 547 τὸν
1639 477 1712 546 δὲ
1766 475 2165 569 τύπτονταιῖ
2219 469 2302 543 οὔ
2339 499 2452 562 μοι
2495 468 2684 541 ὅσιόν

404 590 541 657 ἐστι
570 588 813 672 λέγειν.
884 579 1027 654 ὅσοι
1073 583 1146 652 δὲ
1175 586 1429 669 Καρῶν
1469 580 1599 650 εἰσὶ
1641 584 1717 649 ἐν
1745 577 2070 671 Αἰγύπτῳ
2098 579 2463 661 οἰκέοντες,
2496 565 2681 645 οὗτοι

405 689 482 758 δὲ
508 687 801 781 τοσούτῳ
840 693 937 756 ἔτι
973 687 1155 756 πλέω
1191 688 1455 755 ποιεῦσι
1491 681 1786 766 τούτων,
1826 679 1962 775 ὅσῳ
1989 681 2103 749 καὶ
2142 678 2237 748 τὰ·
2250 682 2526 767 μέτωπα
2563 677 2678 748 κό-

403 816 680 862 πτονται
720 795 1109 879 μαχαίρῃσι·
1158 789 1271 857 καὶ
1310 786 1525 879 τούτῳ
1571 786 1699 854 εἰσὶ
1738 790 1961 873 δῆλοι,
2007 779 2109 853 ὅτι
2155 784 2283 860 εἰσὶ
2326 785 2531 865 ξεῖνοι
2569 783 2681 850 καὶ

310 901 391 963 62
406 890 533 964 οὐκ
589 891 967 980 Αἰγύπτιοι.
1046 889 1146 971 Ἐς
1196 888 1376 960 Σάϊν
1420 889 1494 960 δὲ
1535 887 1737 958 πόλιν
1774 885 1981 959 ἐπεὰν
2018 889 2479 973 συλλεχθέωσι
2529 891 2680 973 τῇσι

403 1106 492 1142 τοι
529 1084 662 1156 δὲ),
699 1096 883 1142 tamen
908 1105 1017 1142 uno
1050 1083 1154 1154 μὲν
1187 1105 1275 1140 res
1313 1086 1494 1140 absol-

404 1162 576 1221 vitun
627 1161 772 1225 quod
818 1176 887 1211 ne
921 1160 1156 1221 mireris,
1207 1158 1365 1209 modo
1404 1173 1494 1208 co·

405 1232 550 1298 gites
586 1231 847 1295 scriptum
885 1243 1033 1279 esse:
1069 1217 1196 1277 ὅσοι
1227 1222 1350 1291 μὲν
1385 1219 1491 1290 γὰρ

406 1291 704 1364 Αἰγύπτιοι
739 1294 836 1347 καὶ
871 1292 1174 1361 Αἰγυπτίαι
1207 1291 1345 1358 εἰσὶ,
1399 1289 1493 1343 τύ-

406 1381 645 1417 πτονται
681 1363 830 1430 μέν.
903 1368 1095 1430 Neque
1130 1365 1258 1415 inde
1293 1363 1492 1415 adduci

480 1450 653 1496 ssum,
690 1439 752 1485 ut
781 1450 904 1486 cum
933 1434 1158 1486 Cobetio
1194 1449 1291 1498 pro
1329 1421 1492 1484 οὗτοι

406 1453 476 1555 33
518 1504 814 1555 rescribam
850 1501 1136 1553 τοσοῦτοι.
1209 1503 1369 1563 Conf.
1407 1517 1495 1553 su-

407 1572 1200 1708 Ρητιὸῗᾎξθτέῗὲἒῖτέιῗῗιω
1226 1644 1392 1705 supra
1417 1640 1494 1702 11,

406 1712 476 1762 42
513 1711 818 1762 invenimus
859 1703 1267 1760 τύπτεσθαί
1309 1724 1492 1770 τινα,

406 1797 462 1831 se
498 1784 550 1832 in
586 1782 797 1832 alieuius
836 1780 920 1831 dei
954 1780 1188 1831 honorem
1220 1778 1496 1830 verberare

407 1865 454 1900 s.
493 1851 775 1915 infliqendis
817 1849 916 1902 sibi
935 1849 1246 1901 'verberibus
1284 1850 1498 1913 aliquem

406 1922 598 1984 lugere.
653 1919 795 1971 Add.
820 1919 896 1982 Π,
937 1919 1036 1971 132
1061 1923 1118 1969 et
1152 1918 1223 1968 cf.
1252 1916 1497 1968 Dorville

407 1989 477 2038 ad
523 1987 804 2038 Chariton.
864 2003 919 2052 p.
979 1987 1110 2050 411,
1174 2001 1332 2051 quem
1386 1987 1494 2036 iam

405 2056 734 2122 wesseling.
777 2055 988 2118 attulit,
1029 2060 1085 2106 et
1114 2056 1367 2106 Kuebner
1400 2055 1493 2107 Gr.

408 2125 503 2176 Gr.
537 2123 587 2184 5.
623 2126 745 2176 553.
798 2126 980 2186 Quare
1011 2124 1157 2175 haud
1193 2140 1329 2189 opus
1368 2125 1497 2174 scri-

405 2192 536 2243 bere
568 2190 655 2254 τῷ
693 2185 764 2241 δὲ
797 2185 1108 2242 τύπτονται
1148 2191 1205 2258 (i.
1240 2209 1287 2244 e.
1325 2195 1377 2243 in
1411 2209 1495 2243 cu·

407 2264 486 2311 ius
522 2259 637 2326 [dei
655 2259 800 2325 scil.]
837 2277 960 2312 vero
979 2261 1251 2326 honorem),
1287 2266 1349 2312 ut
1373 2277 1496 2312 con-

405 2337 493 2379 tra
516 2329 796 2380 meliorum
820 2328 1080 2380 librorum
1111 2332 1495 2381 auctoritatem

408 2397 565 2448 affert
602 2397 828 2460 Aldina,
876 2414 979 2450 nec
1025 2400 1200 2465 magis
1245 2400 1303 2450 id
1351 2399 1528 2450 effici*

405 2472 590 2532 putem
635 2466 892 2533 exemplis
941 2484 975 2518 a
1017 2467 1382 2520 Valckenario
1420 2468 1496 2519 al-

405 2535 569 2600 latis,
619 2551 759 2603 quae
795 2552 829 2586 s
865 2542 1054 2589 nostro
1093 2538 1214 2590 loco
1249 2537 1496 2589 nonnihil

407 2605 592 2658 aliena
637 2606 908 2659 videntur.
1000 2608 1159 2673 Ipsos
1193 2609 1494 2674 Aegyptios

407 2676 490 2726 ita
525 2676 773 2742 lugentes
810 2693 979 2743 seque
1013 2678 1071 2728 in
1105 2677 1259 2730 luctu
1300 2678 1493 2728 ferien-

407 2749 492 2796 tes
536 2746 795 2797 exhibent
844 2752 1312 2798 monumentorum
1364 2748 1499 2796 ima-

408 2815 592 2880 gines3
630 2815 774 2866 conf.
813 2816 972 2868 modo
991 2816 1320 2868 Wilkinson.
1346 2817 1498 2867 Man-

407 2898 531 2933 ners
567 2888 671 2935 etc.
714 2900 824 2936 sec.
862 2899 967 2935 ser.
1004 2886 1111 2937 ΠΙ.
1149 2886 1264 2936 tab.
1288 2887 1376 2936 84.
1407 2887 1495 2936 85.

406 2951 477 3004 86
526 2957 580 3001 et
615 2952 725 3002 vid.
771 2953 1038 3004 Herodot.
1075 2955 1161 3017 11,
1200 2954 1269 3005 85
1312 2954 1498 3020 ibique

408 3024 550 3071 nott.

480 3079 552 3138 οὔ
594 3102 692 3152 μοι
745 3076 907 3138 ὅσιόν
953 3079 1066 3136 ἐστι
1116 3086 1317 3153 λέγειν]
1377 3089 1494 3141 scil.

410 3158 674 3224 religione
717 3156 1010 3221 impeditus
1047 3157 1152 3208 sibi
1189 3157 1494 3223 videbatur,

410 3243 518 3294 quo
551 3227 747 3290 minus,
786 3241 927 3291 quae
961 3231 1174 3276 secreta
1206 3242 1274 3276 ex
1298 3232 1496 3292 myste-

408 3297 504 3349 riis
550 3295 815 3347 didicerat
864 3295 935 3346 ab
970 3296 1359 3361 Aegyptiorum
1411 3312 1496 3347 sa-

410 3366 753 3428 cerdotibus,
803 3364 1130 3431 divulgaret.
1224 3365 1496 3417 Osiridem

408 3452 539 3488 vero
576 3434 986 3502 intelligendum
1029 3450 1151 3486 esse
1187 3450 1351 3501 supra
1385 3436 1495 3486 iam

409 3507 732 3558 monuimus.
774 3533 845 3543 —-
890 3503 975 3555 Ad
1009 3520 1101 3567 ea,
1149 3520 1290 3569 quae
1325 3506 1496 3556 conti-

408 3591 517 3628 nuo
548 3578 866 3641 sequuntur,
903 3573 945 3624 Ο
956 3589 1003 3624 r.
1030 3573 1271 3625 confert:
1308 3575 1496 3626 Leake

407 3645 488 3696 les
558 3645 879 3711 principaux
949 3648 1291 3695 monuments
1351 3646 1497 3709 Egy-

408 3715 590 3779 ptiens
622 3730 688 3765 en
706 3712 1028 3779 Angleterre
1048 3713 1312 3778 (Londin.
1339 3713 1495 3779 1827)

409 3797 536 3848 pag.
580 3785 668 3834 27.
749 3782 835 3834 Ad
878 3784 1048 3833 verba
1093 3771 1220 3832 ὅσοι
1267 3776 1331 3832 δὲ
1380 3782 1497 3832 Κα-

412 3850 528 3915 ρῶν
590 3846 700 3901 εἰσὶ
764 3843 825 3900 ἐν
888 3843 1153 3918 Αἰγύπτῳ
1214 3847 1499 3909 οἰκέοντες

412 3919 559 3971 conf.
596 3924 712 3972 not.
752 3920 822 3970 ad
859 3919 939 3982 11,
981 3920 1100 3970 152.

769 4087 902 4140 Cn.
943 4089 1123 4142 LXII.

470 4184 563 4252 ’Ec
598 4184 750 4244 Σάϊν
786 4185 851 4243 δὲ
887 4183 1056 4241 πόλιν
1100 4181 1286 4243 ἐπεὰν.
1307 4191 1494 4243 συλλε-

408 4261 623 4330 χθέωσι
680 4260 813 4330 τῇσι
868 4258 1132 4326 θυσίῃσι]
1200 4260 1329 4329 τῇσι
1385 4261 1495 4313 θυ-

409 4331 562 4400 σίῃσι
577 4367 593 4397 ,
631 4333 705 4384 ad
733 4347 893 4384 sacra
909 4331 1250 4417 permeatis,
1300 4333 1497 4395 sacrm-

1595 1095 1778 1149 eatum,
1815 1092 1877 1138 ut
1904 1091 2087 1138 monet
2107 1084 2434 1138 Schaeferus
2463 1086 2534 1137 ad
2554 1086 2685 1136 Dio-

1594 1173 1715 1222 nys.
1756 1156 1824 1208 de
1854 1157 2137 1222 composit.
2163 1156 2379 1206 verbor.
2406 1172 2532 1221 pag.
2557 1155 2678 1207 306.

1595 1229 1777 1289 Quare
1832 1242 1940 1276 non
2004 1225 2212 1290 placet,
2279 1226 2427 1290 quod
2490 1241 2683 1290 propo-

1595 1297 1708 1346 suit
1742 1295 2095 1346 Wannowski
2145 1293 2405 1359 (Syntax.
2445 1293 2680 1345 anomal.

1595 1366 1822 1417 Graece.
1872 1366 2009 1415 Pars
2056 1364 2208 1428 Lips.
2263 1362 2417 1414 1835.
2457 1380 2510 1428 p.
2555 1361 2679 1426 87):

1594 1443 1816 1497 tempore
1877 1437 2021 1485 sacri
2066 1433 2369 1515 peragendi.
2428 1460 2497 1474 --
2564 1432 2684 1483 Sais

1595 1506 1726 1555 urbs
1740 1540 1753 1564 ,
1798 1504 1945 1553 nomi
1989 1502 2183 1553 Saitici
2233 1505 2397 1566 caput
2438 1500 2684 1567 adeoque

1595 1573 1870 1624 inferioris
1914 1570 2105 1635 Delta,
2172 1570 2417 1620 nonnihil
2475 1576 2685 1622 remota
2723 1608 2728 1613 .

1597 1643 1857 1693 orientem
1897 1656 2088 1692 versus
2136 1655 2170 1690 a
2204 1640 2483 1705 Canopico
2516 1641 2684 1690 fluvio

1596 1713 1706 1762 sita
1755 1715 1890 1761 erat.
1976 1709 2547 1775 Splendidissimorum
2598 1725 2687 1760 ae-

1598 1780 1923 1842 dificiorum,
1962 1780 2158 1846 quibus
2193 1779 2321 1829 olim
2356 1784 2552 1829 ornata
2580 1779 2688 1829 fuit

1597 1843 1755 1914 urbs,
1791 1864 1967 1914 pauca
2001 1849 2199 1899 rudera
2227 1849 2478 1912 dispersa
2507 1847 2687 1899 adhue

1598 1919 2004 1982 conspiciuntur
2039 1918 2110 1969 ad
2146 1918 2327 1968 vicum
2364 1916 2467 1968 Ssa
2501 1934 2547 1968 s.
2581 1917 2686 1968 Sta

1599 1990 1654 2039 al
1680 1988 1924 2051 Hadjar‚
1966 1989 2023 2037 in
2057 2003 2164 2052 quo
2196 1987 2434 2037 cernitur
2467 1990 2687 2052 etymon

1598 2057 1956 2121 Aegyptium,
2023 2056 2167 2121 quod
2209 2055 2305 2107 Sat·
2353 2055 2525 2106 fuisse
2569 2054 2689 2104 vult

1600 2125 1936 2190 Champollio
1982 2125 2020 2176 l.
2070 2124 2108 2175 l.
2154 2125 2233 2177 11.
2270 2141 2326 2190 p.
2362 2123 2484 2176 219.
2558 2123 2684 2175 vid.

1599 2193 2016 2246 Schlichthorst.
2051 2194 2089 2244 l.
2119 2193 2156 2243 1.
2195 2209 2322 2259 pag.
2353 2193 2440 2245 63.
2515 2194 2687 2244 Hero-

1599 2264 1760 2315 dotus
1798 2263 2086 2328 aliquoties
2120 2263 2269 2313 urbis
2302 2263 2439 2314 facit
2460 2262 2687 2312 mentio-

1596 2348 1720 2383 nem
1748 2333 1824 2394 11,
1858 2331 1958 2382 169
1981 2347 2096 2396 seq.
2166 2333 2307 2382 Nam
2345 2331 2685 2397 splendidum

1541 2451 1546 2456 ,
1595 2403 1653 2451 in
1700 2417 1765 2452 ea
1810 2401 2091 2452 Minervae
2135 2400 2423 2465 templum,
2474 2400 2532 2450 in
2579 2416 2685 2466 quo

1597 2471 1835 2536 Aegypti
1870 2485 2024 2536 reges
2062 2469 2494 2534 sepeliebantur,
2534 2485 2688 2533 prae-

1596 2544 1746 2590 terea
1784 2538 2016 2605 collegia
2057 2538 2401 2589 sacerdotum
2437 2537 2552 2589 illic
2592 2539 2687 2588 flo-

1596 2610 1821 2669 rebant,
1876 2608 2021 2658 unde
2047 2608 2373 2664 Graecorum
2411 2608 2685 2672 sapientes

1598 2694 1699 2730 sua
1735 2677 1995 2727 didicisse
2021 2677 2286 2728 feruntur.
2328 2678 2483 2738 Quae
2503 2680 2685 2727 tamen

1600 2763 1744 2799 nunc
1779 2747 2070 2806 mittimus3
2118 2761 2441 2811 quaeramus
2483 2746 2686 2810 potius,

1602 2815 1761 2882 quale
1820 2816 1987 2866 fuerit
2038 2815 2269 2878 festum,
2324 2816 2392 2865 de
2443 2831 2550 2881 quo
2595 2814 2686 2866 hic

1598 2887 1800 2936 Noster
1835 2885 2032 2946 refert,
2083 2887 2141 2934 et
2174 2885 2232 2933 in
2270 2886 2552 2935 cuiusnam
2588 2899 2687 2934 nu-

1602 2955 1762 3005 minis
1807 2953 2062 3005 honorem
2116 2953 2445 3004 institutum.
2502 2954 2687 3020 §Refe-

1600 3028 1794 3074 runtur
1845 3020 2107 3073 nonnulla
2149 3022 2217 3072 de
2270 3022 2375 3073 hoc
2420 3023 2560 3074 festo
2603 3022 2682 3083 11,

1607 3094 1697 3144 171
1730 3097 1785 3143 et
1818 3097 2078 3142 accurata
2103 3090 2316 3156 templi,
2353 3092 2411 3141 in
2439 3107 2545 3156 quo
2567 3106 2687 3155 per-

1599 3163 1798 3227 agitur,
1833 3161 2118 3211 exhibetur
2141 3160 2436 3225 descriptio
2456 3161 2532 3224 11,
2562 3161 2684 3211 170.

1598 3233 1737 3282 Nam
1766 3230 1942 3281 Osiris
1975 3231 2033 3281 in
2064 3230 2185 3292 hoc,
2222 3231 2506 3281 Minervae
2539 3228 2685 3295 quod

1598 3304 1973 3352 consecratum
2011 3303 2152 3362 erat,
2199 3299 2400 3363 templo
2438 3297 2683 3364 sepultus

1596 3370 1892 3421 ferebatur.
1956 3370 2110 3430 Quae
2147 3369 2195 3418 si
2222 3384 2340 3419 cum
2366 3368 2518 3418 hisce
2540 3383 2683 3418 com-

1595 3454 1878 3504 ponamus,
1903 3439 1994 3488 vix
2017 3439 2236 3488 dubium
2269 3438 2390 3501 erit,
2426 3437 2529 3487 hoc
2550 3451 2682 3500 quo-

1596 3524 1702 3572 que
1763 3508 1962 3559 festum
2025 3505 2258 3557 Osiridis
2313 3509 2371 3557 in
2425 3506 2681 3557 honorem

1600 3577 1771 3628 fuisse
1830 3576 2189 3639 celebratum,
2254 3577 2311 3626 in
2370 3575 2682 3625 memoriam

1599 3647 1790 3711 opinor
1826 3662 2038 3706 eorum,
2077 3661 2217 3709 quae
2252 3644 2346 3696 ille
2377 3644 2683 3695 hominibus

1598 3715 1861 3766 attulerat
1911 3714 2204 3776 beneficia,
2264 3728 2511 3780 quaeque
2566 3713 2685 3776 ipse

1597 3800 1794 3850 passus
1831 3788 1948 3835 erat
1977 3784 2123 3834 mala
2158 3784 2227 3833 ad
2257 3787 2486 3834 mortem
2514 3796 2686 3845 usque

1598 3855 1849 3904 miseram
1901 3870 1934 3903 a
1974 3853 2254 3918 Typhonis
2305 3852 2557 3902 manibus
2604 3852 2686 3900 in-

1597 3924 1821 3974 flictam.
1876 3923 2157 3973 Minervae
2185 3921 2330 3987 quod
2354 3922 2557 3972 festum
2591 3919 2686 3970 ad-

1599 3993 1855 4043 scribitur
1910 3990 2020 4054 (11,
2072 3991 2193 4058 59),
2252 3992 2356 4042 hoc
2391 3988 2686 4041 tenendum

1597 4067 1710 4123 est,
1761 4062 2063 4112 Minervam
2105 4061 2247 4111 banc
2285 4065 2340 4111 et
2373 4060 2547 4123 ipsam
2588 4056 2687 4108 Iei-

1598 4131 1706 4181 dem
1749 4131 1939 4182 vocari
1985 4145 2019 4180 a
2053 4129 2348 4181 Plutarcho
2396 4127 2503 4193 (De
2546 4126 2683 4177 Isid.

1598 4203 1652 4250 et
1685 4198 1886 4249 Osirid.
1925 4215 2045 4264 cap.
2082 4199 2137 4249 9.
2184 4215 2238 4263 p.
2276 4199 2397 4250 354.
2436 4212 2557 4261 cap.
2594 4195 2684 4246 62.

1597 4285 1652 4334 p.
1694 4267 1856 4332 376),
1895 4283 2068 4333 neque
2098 4268 2261 4329 adeo,
2296 4268 2343 4317 si
2373 4266 2687 4318 interiorem

1597 4337 1708 4388 vim
1745 4353 1811 4389 ac
1836 4338 2115 4389 notionem
2139 4336 2381 4390 Saiticae
2406 4336 2541 4388 deae
2568 4349 2687 4398 spe·
