3109 5092
1147 338 1640 422 EUTERPE.
1684 339 1770 399 11.
1814 348 1902 405 σε.

2533 340 2659 405 483

381 503 753 597 ἀβύσσους,
805 503 880 578 ἐκ
907 514 1030 578 τοῦ
1054 507 1265 598 μέσου
1291 516 1429 582 τῶν
1453 508 1717 600 οὐρέων
1745 510 2006 581 τούτων
2035 509 2217 599 ῥέειν
2234 531 2248 545 ·
2291 514 2403 580 καὶ
2430 508 2506 581 τὸ
2532 511 2659 600 μὲν

379 707 749 760 discedentem
771 708 1114 776 scopulisque
1134 711 1471 761 obstructum
1571 710 1707 760 haec
1732 707 2010 775 leguntur:
2048 711 2324 774 „Primum
2360 710 2656 762 incremen-

379 779 470 827 vix
519 777 686 828 ullum
741 780 1000 843 praebere
1057 780 1248 830 scribit
1294 779 1371 845 (p.
1412 779 1466 843 7)

377 847 554 898 locum
599 853 986 914 opportunum,
1043 850 1098 899 in
1146 865 1250 914 quo
1295 864 1465 898 naves

378 917 683 982 appellant3
732 922 848 968 tum
882 934 1051 984 parvo
1085 919 1373 969 intervallo
1407 919 1466 969 in

378 992 719 1037 catarractas
768 987 1068 1051 (inferioris
1118 1004 1287 1054 prope
1334 989 1464 1053 Sye-

376 1056 504 1121 nen)
545 1056 831 1122 angnstias
867 1057 1064 1107 delabi.
1136 1059 1297 1108 Hunc
1334 1073 1463 1108 vero

378 1125 557 1176 locum
599 1127 834 1177 navibus
853 1131 964 1177 tam
996 1126 1272 1177 difficilem
1302 1127 1461 1177 adeo-

376 1211 478 1260 que
500 1194 858 1260 periculosum
881 1196 1219 1258 Herodotus,
1259 1197 1351 1262 qui
1373 1212 1458 1246 us·

377 1280 481 1329 que
514 1264 585 1314 ad
621 1263 1018 1331 Elephantinen
1055 1268 1330 1330 pervenit,
1363 1265 1458 1315 ubi

374 1333 469 1383 illa
491 1339 674 1384 aetate
695 1335 932 1400 Aegypti
958 1336 1091 1386 fines
1112 1337 1277 1402 positi
1301 1341 1458 1386 erant

375 1401 471 1466 (ef.
504 1403 579 1465 11,
610 1401 725 1466 30),
763 1405 1000 1455 transire
1034 1421 1135 1456 nec
1155 1404 1328 1455 voluit
1356 1420 1456 1456 nec

375 1473 610 1522 fortasse
640 1474 847 1538 potuit3
888 1475 1118 1540 indeque
1144 1476 1309 1525 etiam
1330 1474 1456 1525 Phi-

374 1540 543 1591 larum
567 1544 932 1608 cognitionem
953 1551 1050 1594 aut
1076 1544 1278 1595 nullam
1304 1560 1455 1610 pror-

373 1627 464 1660 sus
503 1612 760 1662 habuisse
795 1614 1038 1677 videtur,
1076 1620 1171 1664 aut
1206 1615 1255 1663 si
1293 1629 1452 1679 quam

371 1680 562 1731 habuit
596 1682 805 1733 insulae
842 1691 998 1733 extra
1033 1684 1272 1749 Aegypti
1317 1684 1452 1734 fines

371 1755 484 1800 tum
519 1752 733 1816 positae
768 1767 940 1818 neque
975 1754 1045 1803 iis
1071 1754 1450 1816 monumentis,

370 1821 564 1884 quibus
595 1820 770 1871 adhuc
807 1824 1117 1887 conspicuis
1149 1822 1451 1874 Ptolemae-

368 1904 520 1939 orum
557 1895 741 1941 aetate
776 1898 1039 1942 exornata
1083 1898 1191 1955 est,
1247 1893 1448 1955 clarae,

365 1960 458 2008 vix
495 1974 611 2010 eam
646 1976 1064 2013 commemorare
1098 1978 1323 2013 necesse
1356 1962 1450 2011 ha-

365 2027 503 2079 buit.
563 2028 647 2080 Cf.
678 2030 933 2097 Parthey.
970 2050 1023 2098 p.
1050 2032 1117 2083 67
1142 2048 1293 2097 seqq.
1362 2033 1449 2082 De

365 2098 537 2148 Philis
567 2114 857 2165 earumque
879 2102 1238 2152 monumentis
1266 2102 1448 2166 siugu-

363 2166 431 2215 lis
450 2170 701 2232 exposuit
735 2185 947 2236 quoque
969 2170 1232 2222 Rosellini
1259 2171 1449 2220 Monu-

364 2239 532 2287 menti
568 2237 653 2287 del
691 2237 850 2290 Culto
889 2256 1016 2305 pag.
1060 2241 1158 2292 102
1201 2255 1354 2305 seqq.
1392 2244 1446 2289 et

364 2306 635 2370 Brugsch:
667 2308 1058 2360 Reisebericht.
1085 2324 1182 2359 aus
1209 2311 1443 2374 Aegypt.

363 2391 417 2439 p.
456 2376 557 2426 256
597 2392 748 2442 seqq.

357 2469 362 2474 ·
432 2442 511 2511 τῷ
555 2438 659 2510 μὲν
714 2444 948 2511 Κρῶφι,
1002 2442 1078 2512 τῷ
1131 2439 1194 2495 δὲ
1240 2443 1446 2512 Μῶφι]

363 2514 561 2577 „Hunc
593 2514 768 2565 locum
808 2521 862 2564 et
897 2516 971 2578 11,
1009 2515 1097 2568 29.
1126 2515 1212 2568 30.
1241 2517 1329 2567 42.
1357 2517 1445 2567 94.

367 2583 482 2633 172.
530 2584 596 2638 A.
656 2585 719 2635 G.
770 2584 1021 2650 Schlegel
1074 2586 1132 2637 in
1189 2584 1447 2650 exemplis

361 2653 544 2717 posuit
602 2653 1056 2704 indeclinabiliter
1121 2671 1155 2704 a
1221 2656 1445 2706 Graecis

359 2727 740 2787 usurpatorum
784 2725 1057 2774 nominum
1102 2725 1158 2774 in
1201 2723 1442 2774 Indisch.

357 2790 618 2842 Biblioth.
647 2794 720 2853 11,
757 2792 806 2844 3.
838 2810 896 2859 p.
932 2793 1053 2855 316,
1093 2794 1330 2859 iniquius
1363 2799 1444 2843 ta-

359 2876 510 2924 men,
557 2867 618 2912 ut
652 2864 900 2928 saepius,
945 2863 1012 2913 de
1049 2863 1330 2913 Herodoto
1367 2864 1444 2913 iu-

360 2929 607 2982 dicans.“
646 2934 732 2983 Cr.
789 2933 945 2995 Quod
967 2933 1108 2982 enim
1128 2933 1212 2982 vir
1241 2932 1440 2984 doctis-

358 3001 524 3050 simus
562 3002 843 3053 Herodoto
878 3003 1046 3052 verba
1083 3002 1299 3054 dedisse
1334 3008 1442 3053 sta-

356 3072 464 3119 tuit
499 3071 834 3122 sacerdotem
862 3073 1212 3136 Aegyptium,
1252 3087 1439 3137 parum

355 3140 696 3204 perspexisse
719 3141 935 3190 videtur
962 3157 1120 3191 sacra
1148 3142 1443 3206 Acgyptio-

355 3222 502 3270 rum,
544 3209 610 3259 de
644 3210 836 3275 quibus
867 3210 1106 3259 dicemus
1144 3210 1212 3260 ad
1242 3210 1316 3271 11,
1352 3212 1437 3262 61.

356 3277 542 3327 Monet
574 3294 700 3329 vero
727 3278 1026 3344 Champoll.
1049 3280 1290 3345 l'Egypt.
1313 3295 1440 3330 sous

356 3344 392 3395 l.
436 3346 599 3399 Phar.
633 3348 679 3397 1.
706 3365 832 3414 pag.
875 3345 992 3410 114,
1030 3348 1235 3399 nullum
1275 3348 1440 3399 alium

353 3414 441 3465 hic
461 3415 692 3480 intelligi
727 3433 888 3482 posse
911 3417 1113 3480 locum,
1153 3420 1258 3467 nisi
1298 3435 1436 3480 eum,

353 3486 444 3549 qui
481 3486 623 3550 apud
646 3486 1043 3551 Elephantinen
1079 3487 1153 3536 sit
1184 3487 1436 3549 insulam,

352 3553 445 3603 ubi
481 3555 630 3604 fluvii
669 3556 817 3619 ripae
854 3558 1111 3621 utrinque
1143 3561 1436 3621 assurgant

352 3623 501 3672 saxis
536 3625 955 3689 praecipitibus,
1005 3641 1142 3691 quae
1180 3625 1325 3675 unda
1359 3625 1436 3675 al-

350 3689 467 3741 luat
516 3708 759 3758 quaeque
813 3695 955 3744 notis
1010 3693 1434 3759 hieroglyphicis

349 3761 461 3810 sint
496 3761 786 3828 inscripta3
822 3779 923 3813 nec
951 3769 1130 3813 tamen
1166 3764 1432 3829 gurgitem

354 3834 452 3880 aut
500 3831 671 3881 simile
721 3833 849 3897 quid
895 3848 1015 3882 esse
1062 3833 1431 3897 conspicuum,

347 3899 541 3950 nedum
578 3900 688 3950 Nili
708 3902 907 3951 sontes.
984 3902 1141 3963 Quod
1159 3902 1296 3952 bene
1321 3917 1433 3952 cre-

348 3968 521 4019 dimus
560 3970 675 4020 viro
724 3971 920 4034 docte,
973 3986 1092 4021 cum
1140 3987 1288 4022 veros
1320 3971 1431 4022 Nili

347 4037 525 4088 fontes
551 4055 707 4089 nemo
731 4039 821 4090 hic
847 4041 1159 4104 quaesierit.
1221 4040 1434 4104 Mouplu'

345 4122 390 4157 s.
441 4108 623 4171 Moplu‘
661 4110 935 4175 Aegyptio
984 4125 1231 4161 sermone
1284 4110 1426 4160 idem

341 4178 621 4227 contendit
658 4193 804 4228 esse:
841 4181 894 4228 Ia
923 4179 1098 4240 bonne,
1136 4185 1192 4230 et
1212 4179 1432 4243 obv-opha·

343 4261 463 4296 esse
496 4249 549 4295 Ia
583 4249 864 4299 mauvaise.
940 4248 1076 4298 Mihi
1110 4250 1284 4315 magis
1321 4249 1424 4298 huc

340 4317 609 4379 pertinere
678 4317 896 4367 videtur
965 4318 1202 4368 Senecae
1271 4317 1425 4368 locus

339 4385 467 4435 Nat.
509 4385 733 4447 Quaest.
773 4387 868 4450 IV,
904 4389 955 4449 2,
993 4386 1086 4436 ubi
1132 4388 1275 4437 inter
1316 4386 1426 4437 alia

1570 784 1685 829 tum
1709 779 1821 828 Nili
1842 781 1991 829 circa
2016 779 2274 842 insulam,
2313 797 2473 846 quam
2493 782 2653 832 modo

1568 846 1759 912 retuli,
1799 849 1989 900 Philas
2018 851 2280 900 nascitur.
2341 852 2556 915 Exiguo
2583 851 2653 902 ab

1568 918 1671 968 hac
1707 920 1887 983 spatio
1922 925 2079 984 petra
2112 919 2399 970 dividitur:
2436 917 2654 987 ἄβατον

1568 987 1762 1038 Graeci
1808 995 2007 1039 vocant
2058 1006 2157 1039 nec
2206 989 2357 1039 illam
2404 990 2501 1040 ulli
2541 991 2651 1039 nisi

1565 1058 1842 1108 antistites
1874 1058 2117 1118 caleant3
2157 1058 2252 1109 illa
2268 1059 2497 1124 primum
2516 1075 2651 1109 saxa

1563 1132 1781 1178 auctum
1807 1127 2045 1178 fluminis
2065 1128 2327 1179 sentiunt.
2376 1129 2512 1180 Post
2529 1144 2651 1195 spa-

1560 1197 1695 1246 tium
1733 1196 1926 1247 deinde
1966 1213 2221 1262 magnum
2266 1199 2363 1248 duo
2414 1200 2650 1249 emicant

1558 1268 1752 1330 scopuli
1761 1283 1780 1316 .·
1837 1267 1940 1317 Nili
1979 1283 2138 1318 venas
2171 1271 2374 1318 vocant
2416 1268 2647 1332 incolae,

1561 1351 1627 1385 ex
1666 1336 1861 1402 quibus
1897 1352 2097 1403 magna
2130 1338 2188 1386 vi
2221 1337 2493 1401 funditur,
2539 1354 2648 1388 non

1560 1411 1742 1455 tamen
1781 1411 1987 1471 quanta
2017 1407 2225 1472 operire
2260 1407 2433 1472 possit
2465 1407 2647 1472 Aegy-

1556 1481 1736 1540 ptum3
1774 1476 1831 1525 in
1868 1475 2002 1526 haec
2041 1492 2137 1527 ora
2166 1477 2363 1542 stipem
2391 1476 2646 1527 sacerdo-

1555 1550 1640 1595 tes
1679 1551 1735 1595 et
1770 1559 1938 1596 aurea
1987 1545 2131 1597 dona
2173 1547 2469 1611 praefecti,
2522 1562 2644 1597 cum

1554 1615 1792 1666 solemne
1825 1615 1977 1664 venit
2009 1631 2251 1679 sacrum,
2289 1617 2559 1669 iaciunt.“

1623 1676 1725 1741 τὰς
1763 1671 1846 1732 ὦν
1889 1677 1962 1749 δὴ
2009 1676 2197 1750 πηγὰς
2246 1683 2349 1734 τοῦ
2404 1685 2639 1750 Νείλου,

1554 1741 1758 1809 ἐούσας
1782 1744 2092 1820 ἀβύσσους]
2125 1753 2280 1815 Quod
2313 1754 2533 1804 minime
2562 1756 2643 1804 sic

1551 1821 1832 1886 intelligas
1867 1821 2063 1886 velim,
2097 1828 2159 1873 ut
2194 1838 2352 1873 veros
2384 1824 2497 1874 Nili
2521 1824 2641 1873 fon·

1555 1896 1638 1942 tes
1674 1890 1785 1941 illic
1823 1892 1992 1941 fuisse
2010 1893 2309 1942 existimes.
2372 1894 2479 1955 Qui
2498 1894 2639 1943 enim

1549 1959 2641 2096 {3331}³3{{;‡.{¹¹42133131153221ffl.2.1231

2020 2067 2034 2090 2

1551 2101 1665 2151 iure
1696 2099 1875 2149 dicere
1894 2100 2090 2165 potuit,
2127 2100 2260 2162 illic,
2292 2100 2437 2151 unde
2473 2101 2639 2152 fluere

1547 2169 1776 2235 incipiat
1812 2170 1880 2236 (i.
1922 2185 1971 2221 e.
2008 2169 2103 2219 ubi
2138 2171 2443 2235 Aegyptum
2468 2171 2639 2221 intrat

1547 2238 1941 2304 Aegyptiisque
1987 2240 2155 2289 fluere
2191 2237 2470 2304 incipiat),
2521 2241 2637 2290 eius

1548 2323 1670 2359 esse
1700 2309 1907 2372 fontes?
1945 2307 2105 2358 Conf.
2144 2309 2377 2360 Iomard.
2415 2310 2638 2360 Recueil

1549 2382 1656 2428 etc.
1693 2378 1739 2428 1.
1776 2393 1904 2443 pag.
1943 2377 2029 2429 36.
2070 2377 2157 2430 37.
2214 2379 2294 2428 Ac
2328 2378 2415 2429 vel
2461 2382 2634 2446 magis

1547 2448 1923 2512 respiciendae
1976 2452 2106 2497 sunt
2160 2452 2405 2498 veterum
2459 2450 2635 2515 Aegy-

1546 2517 1782 2581 ptiorum
1805 2516 2128 2583 religiones,
2169 2518 2260 2582 qui
2294 2532 2504 2567 omnem
2531 2523 2636 2568 ter-

1547 2601 1642 2636 rae
1685 2586 1916 2636 salutem
1952 2602 1985 2637 a
2022 2585 2147 2637 Nilo
2195 2601 2514 2650 suspensam
2557 2588 2635 2637 fa-

1547 2661 1734 2706 cerent
1790 2671 2017 2721 eumque
2069 2671 2332 2705 summum
2393 2655 2633 2706 colerent

1547 2724 1707 2775 deum
1751 2740 1816 2775 ac
1866 2726 1957 2789 pie
2009 2729 2400 2775 venerarentur
2460 2726 2630 2789 ipsius

1547 2793 1778 2844 Osiridis
1817 2794 1937 2859 (qui
1974 2794 2113 2844 alias
2159 2810 2255 2859 pro
2292 2793 2434 2844 Solis
2468 2795 2631 2845 habe·

1544 2870 1634 2914 tur
1680 2861 1923 2926 numine)
1970 2864 2213 2924 nomine;
2266 2869 2330 2913 ut
2374 2863 2510 2914 nihil
2557 2866 2630 2914 sit

1545 2934 1760 2993 mirum,
1796 2932 1948 2982 illum
1977 2933 2176 2996 locum,
2217 2933 2308 2982 ubi
2336 2933 2507 2984 intrat
2528 2934 2629 2984 Ae-

1543 3003 1899 3068 gyptumiste
1935 3003 2133 3052 fluvius
2165 3018 2209 3052 s.
2245 3002 2407 3067 deus,
2444 3008 2499 3054 et
2535 3004 2626 3053 ubi

1542 3088 1666 3122 eum
1701 3077 2033 3124 crescentem
2079 3072 2471 3134 observabant,
2521 3074 2627 3122 sin-

1542 3141 1719 3206 gulari
1756 3142 1924 3192 fuisse
1964 3142 2224 3208 religione
2254 3147 2627 3193 consecratum

1543 3212 1613 3261 ab
1666 3212 1983 3277 Aegyptiis,
2047 3212 2138 3276 qui
2191 3211 2303 3261 illic
2357 3211 2626 3262 Osiridem

1541 3280 1813 3346 sepultum
1851 3296 1971 3331 esse
1999 3280 2493 3343 confabularentur,
2529 3282 2625 3331 sed

1540 3350 1841 3400 redivivum
1903 3350 2197 3414 quotannis
2258 3365 2286 3398 e
2346 3349 2626 3414 sepultura

1540 3421 1699 3483 quasi
1738 3419 1936 3468 exoriri
1979 3418 2263 3482 undasque
2311 3432 2439 3467 suas
2483 3418 2625 3467 salu-

1538 3489 1732 3537 tiferas
1770 3503 1837 3538 ex
1870 3487 1974 3536 hoc
2008 3486 2129 3536 loco
2164 3495 2219 3535 ut
2255 3502 2325 3535 ex
2353 3488 2495 3550 sonte
2529 3503 2626 3552 per

1538 3572 1748 3607 omnem
1767 3557 2072 3620 Aegyptum
2096 3555 2337 3604 volvere.
2394 3557 2477 3605 De
2502 3556 2624 3606 Osi-

1537 3626 1681 3689 ride,
1720 3626 1815 3691 qui
1833 3623 1990 3675 Nilus
2029 3628 2141 3687 est,
2181 3624 2420 3673 dicemus
2457 3624 2526 3674 ad
2546 3626 2621 3689 11,

1536 3694 1625 3745 61.
1709 3695 1862 3756 Quae
1912 3693 2001 3743 hic
2049 3692 2461 3757 adscripsimus,
2506 3694 2623 3759 plu·

1535 3764 1686 3812 ribus
1748 3762 2122 3827 disceptantur
2169 3777 2202 3812 a
2249 3761 2517 3814 Creuzero
2565 3766 2621 3815 in

1535 3832 1777 3897 Symbol.
1829 3832 1905 3882 11.
1945 3848 1998 3896 p.
2044 3830 2113 3883 23
2165 3847 2316 3897 seqq.
2366 3832 2454 3883 ed.
2491 3838 2618 3885 tert.

1536 3906 1593 3950 et
1627 3917 1660 3950 a
1712 3901 1915 3951 Ritter:
1965 3901 2262 3951 Erdkunde
2307 3902 2353 3951 1.
2392 3917 2446 3967 p.
2494 3903 2614 3956 688.

1531 3968 1798 4020 Herodoti
1832 3975 2017 4019 tamen
2045 3969 2135 4020 vel
2156 3972 2340 4035 potins
2371 3973 2620 4023 sacerdo-

1533 4041 1606 4089 tis
1619 4039 1812 4090 Saitici
1832 4040 2196 4090 narrationem
2218 4038 2411 4089 irridet
2420 4039 2618 4092 Strabo

1533 4109 1711 4159 XVII.
1750 4124 1803 4173 p.
1840 4109 1991 4170 1174,
2032 4111 2095 4159 A.
2135 4125 2180 4159 s.
2220 4125 2273 4174 p.
2311 4108 2432 4160 819.
2509 4111 2618 4161 Sed

1530 4178 1669 4228 tales
1694 4177 2034 4227 narrationes
2066 4178 2153 4227 vel
2190 4177 2406 4228 fabulas
2441 4180 2616 4230 medio

1529 4263 1667 4298 aevo
1703 4247 1880 4297 adhuc
1925 4260 2145 4311 sparsas
2188 4246 2387 4308 fuisse,
2437 4253 2617 4299 osten-

1530 4316 1666 4367 dunt
1702 4332 1841 4383 quae
1886 4314 2139 4382 leguntur
2182 4316 2242 4366 in
2278 4313 2616 4381 Evagatori‘o

1525 4385 1721 4449 Fabri,
1759 4385 2036 4450 monachi,
2074 4385 2170 4451 qui
2204 4383 2387 4436 seculo
2409 4385 2616 4437 decimo

2050 4465 2186 4529 31*
