3109 5092
1208 364 1461 425 CLIO.
1508 366 1560 423 Ι.
1605 374 1694 428 23.
2506 365 2587 425 47

319 545 463 604 θον.
520 538 615 628 τῷ
659 530 745 623 δὴ
787 538 1061 623 λέγουσι
1088 543 1449 629 Κορίνθιοι
1491 532 1960 626 (ὁμολογέουσι
2004 539 2087 607 δέ
2126 555 2250 624 σφι
2285 537 2594 625 Λέσβιοι)

320 733 694 783 necessitatem
726 734 836 788 sibi
864 738 1258 804 imposuerunt.
1296 741 1405 792 No-

320 802 395 851 bis
431 818 552 852 cum
582 804 772 855 eodem
808 809 927 858 viro
964 812 1184 876 egregio
1224 813 1282 860 in
1317 810 1402 861 his

320 872 499 936 rebus,
542 873 637 923 ubi
684 880 738 924 et
784 878 1005 930 credere
1049 885 1106 930 et
1142 897 1252 931 non
1289 896 1402 931 cre·

321 942 437 991 dere
472 947 653 992 tutum
690 952 793 1010 est,
841 948 974 998 licet
1008 941 1247 1015 ἐπέχειν.
1298 952 1402 1001 Re-

320 1013 448 1075 petit
482 1014 627 1062 enim
646 1014 956 1069 Larcberus
992 1022 1047 1069 in
1080 1022 1305 1084 copiosa
1331 1022 1402 1071 ad

321 1084 371 1133 h.
403 1081 441 1131 l.
479 1086 836 1138 annotatione
880 1090 1099 1139 fabulae
1135 1091 1401 1156 originem

323 1154 532 1232 quavis
566 1156 833 1220 episemo,
882 1158 1025 1225 quod
1063 1159 1273 1210 scilicet
1307 1177 1403 1211 na-

320 1235 418 1284 vis,
454 1238 560 1287 qua
592 1225 834 1277 Tarento
883 1230 1190 1280 Taenarum
1227 1235 1403 1281 trans·

319 1296 503 1341 vectus
558 1297 642 1343 est
696 1297 890 1361 Arion,
943 1298 1187 1365 delphini
1246 1302 1404 1366 signo

316 1376 408 1425 pro
442 1362 588 1411 illins
626 1367 826 1415 aetatis
863 1384 1012 1419 more
1059 1376 1255 1420 ornata
1292 1372 1404 1420 fue·

317 1431 415 1480 rit.⁴
438 1432 686 1497 Heynius
721 1437 778 1485 in
814 1439 962 1489 Diss.
1012 1438 1079 1490 de
1120 1439 1229 1491 fide
1272 1440 1403 1490 hist.

317 1506 479 1551 aetat.
520 1503 691 1567 myth.
729 1506 1148 1572 (commentatt.
1199 1510 1402 1561 Soc-iet.

319 1572 461 1621 Gott.
495 1573 649 1654 Juv,
684 1591 739 1640 p.
786 1578 907 1645 117)
949 1595 1014 1629 ex
1058 1582 1215 1647 signo
1262 1581 1401 1646 ipso,

317 1641 455 1705 quod
489 1657 548 1691 m
570 1644 790 1697 Arionis
827 1649 1083 1714 delphino
1119 1651 1266 1701 vecti
1294 1666 1402 1700 me-

315 1712 537 1793 moriam
566 1720 808 1767 erectum
834 1719 1000 1784 vulgo
1025 1720 1269 1783 tradunt,
1298 1721 1402 1770 ori-

315 1796 493 1845 ginem
544 1785 759 1848 cepisse
818 1789 1060 1840 fabulam
1107 1796 1399 1841 statuerat.

313 1850 450 1901 Add.
489 1853 663 1903 Baur:
702 1858 1035 1925 Naturrelig.
1075 1861 1127 1911 d.
1166 1861 1397 1911 Alterth.

315 1921 359 1971 1.
395 1937 449 1986 p.
489 1921 576 1973 30.
610 1925 684 1974 Et
719 1930 975 1978 convenit
1005 1931 1401 1995 quodammodo

315 2006 431 2040 cum
465 1991 553 2041 his
579 1994 880 2048 Creuzerus
919 1999 977 2048 in
1002 2001 1150 2051 Diss.
1193 2001 1262 2051 de
1286 2018 1399 2066 my·

314 2060 418 2109 this
467 2062 539 2111 ab
586 2067 785 2117 artium
833 2070 1087 2133 operibus
1135 2071 1399 2136 profectis

314 2136 443 2181 sect.
480 2139 685 2196 poster.
727 2136 1027 2205 (Mai-burg.
1071 2140 1206 2192 1803
1244 2158 1297 2206 Ρ.
1332 2140 1401 2191 29

315 2203 370 2250 et
410 2201 644 2265 Opuscc.
692 2208 906 2262 selectt.
968 2225 1096 2275 pag.
1155 2211 1239 2261 17.
1291 2210 1399 2277 18.)

316 2274 562 2352 statuens
596 2275 731 2326 illud
762 2278 996 2328 hominis
1030 2280 1284 2345 delphino
1316 2297 1403 2331 ve-

315 2344 393 2421 cti
427 2341 640 2407 signum
680 2362 805 2397 esse
851 2350 1132 2415 antiquam
1178 2353 1403 2418 naviga-

312 2412 477 2460 tionis
508 2414 904 2479 significandae
924 2420 1236 2486 imaginem,
1263 2436 1404 2487 quae

314 2480 505 2530 deinde
539 2499 700 2535 verso
730 2489 789 2537 in
826 2489 1111 2540 historiam
1156 2491 1401 2556 symbolo

313 2550 383 2599 ad
430 2553 716 2619 Arionem,
781 2558 1131 2611 celebriorem
1188 2577 1285 2626 per
1335 2577 1403 2612 ea

313 2625 560 2703 tempora
591 2632 840 2692 poetam,
880 2634 1061 2681 tracta
1096 2631 1190 2682 sit.
1230 2633 1404 2694 Quem

311 2698 557 2755 sequitur
592 2698 709 2747 fere
751 2700 1009 2750 Lorentz.
1060 2701 1097 2752 l.
1147 2700 1183 2752 l.
1229 2718 1283 2767 p.
1335 2701 1403 2753 16

310 2776 465 2880 ἰὲἓὲ.
501 2765 1213 2904 εῗωῗιίἷὲ“ὲὲἱ3ἳὲ.ἶ”ἑίοόθ
1229 2773 1402 2891 §iffi

308 2898 405 2981 ler.
459 2902 515 2951 in
559 2905 788 2959 Doribb.
837 2909 915 2959 11.
962 2926 1017 2975 p.
1066 2910 1171 2962 369
1216 2926 1400 2961 assen-

306 2974 481 3021 tiente
538 2974 730 3028 Plehn.
801 2979 860 3028 in
919 2980 1205 3032 Lesbiaco.
1275 2981 1401 3033 libr.

304 3054 437 3159 {1251
459 3042 1024 3169 ιῖῗῗὲαὲἓῖἲῑξέἒ
1039 3051 1405 3171 ..ἵιοᾞῗέἷὲίἱῗ

303 3179 497 3231 lantho
570 3184 708 3237 duce
785 3189 1083 3240 Tarentum
1155 3191 1406 3257 profecta

305 3255 456 3300 esset
493 3267 603 3305 una
643 3271 765 3307 cum
809 3259 979 3308 sacris
1027 3276 1091 3310 ac
1139 3259 1405 3325 religione

303 3320 569 3387 Neptuni,
605 3325 709 3376 hoc
748 3328 804 3378 in
840 3328 1041 3378 fabulis
1077 3331 1158 3378 ita
1191 3345 1405 3395 reprae-

303 3394 583 3443 sentatum
629 3411 748 3445 esse
785 3396 930 3460 vult,
977 3404 1039 3448 ut
1083 3399 1401 3462 Tarantem,

300 3459 550 3525 Neptuni
611 3464 782 3515 filium
830 3468 1165 3533 Tarentique
1219 3470 1403 3520 condi·

298 3534 500 3596 torem,
540 3534 795 3600 delphino
828 3537 1126 3588 Tarentum
1150 3539 1402 3589 Taenaro

298 3605 525 3651 vectum
573 3604 918 3667 exhiberent;
964 3606 1020 3657 id
1077 3608 1222 3673 quod
1277 3609 1404 3659 dein

298 3671 635 3723 translatum
661 3675 731 3725 ad
754 3676 1011 3727 Arionem
1046 3682 1282 3742 poetam,
1317 3694 1402 3729 eo-

298 3738 426 3789 dem
469 3744 630 3795 modo
682 3745 926 3797 Tarento
970 3747 1276 3798 Taenarum
1323 3764 1404 3799 re-

296 3814 541 3863 vectum.
582 3815 736 3865 Haec
773 3815 897 3878 ille,
924 3832 1064 3881 quae
1097 3821 1279 3867 utrum
1314 3834 1404 3868 ve·

298 3880 438 3929 teris
467 3882 689 3933 fabulae
716 3885 1059 3949 simplicitati
1088 3891 1252 3953 atque
1280 3903 1405 3938 can·

298 3947 423 4000 dori
463 3954 813 4016 conveniant,
848 3970 949 4020 ego
986 3971 1095 4006 non
1131 3962 1402 4022 exputem,

296 4017 439 4069 illud
487 4022 649 4073 modo
695 4023 916 4088 addam,
967 4026 1144 4076 numia
1189 4043 1406 4093 quoque

300 4088 513 4140 famam
570 4090 685 4142 late
754 4109 1004 4158 sparsam
1075 4095 1404 4147 celebratam

298 4157 498 4210 fuisse.
536 4161 629 4213 Sic
666 4163 724 4212 in
767 4164 1272 4230 Methymnaeorum
1306 4182 1405 4217 nu-

297 4229 403 4309 mis
436 4230 612 4282 Arion
647 4231 901 4297 delphino
952 4239 1144 4286 vectus
1192 4237 1403 4301 conspi-

295 4303 477 4359 citur-3
527 4300 597 4350 de
644 4317 752 4367 quo
802 4304 887 4354 Gr.
933 4304 1127 4356 laudat
1168 4305 1401 4356 Eckhel.

292 4366 367 4418 D.
406 4369 483 4420 N.
524 4370 594 4422 V.
634 4371 685 4422 Ι.
720 4370 847 4423 Vol.
888 4373 967 4425 11.
1006 4391 1059 4440 Ρ.
1098 4374 1220 4427 502.
1260 4376 1403 4428 Nam

294 4434 363 4487 de
401 4436 668 4505 delphino
704 4446 949 4505 taceam,
977 4443 1072 4509 qui
1105 4446 1191 4493 tot
1225 4444 1282 4494 in
1310 4458 1406 4496 nu-

1508 738 1611 787 mis
1635 740 2104 802 repraesentatur,
2131 741 2381 787 monente
2405 738 2596 787 eodem

1508 808 1776 858 Creuzero
1823 806 1974 859 Diss.
2012 806 2162 857 land.
2200 823 2324 873 pag.
2376 810 2445 857 28
2477 813 2593 857 not.

1506 876 1632 927 coll.
1665 893 1791 943 pag.
1834 878 1917 927 11.
1955 877 2251 943 Inquisivit
2286 892 2500 942 quoque
2537 878 2595 926 in

1504 948 1726 998 Arionis
1763 945 2009 997 fabulam
2063 947 2333 998 Welcker.
2371 946 2592 1012 (Rhein.

1503 1017 1649 1068 Mus.
1689 1018 1737 1081 1,
1779 1017 1828 1068 3.
1870 1033 1923 1082 Ρ.
1964 1016 2066 1068 392
2104 1032 2255 1085 seqq.
2305 1033 2350 1066 s.
2400 1015 2594 1065 Kleine

1504 1087 1729 1138 Schrift.
1779 1087 1826 1137 1.
1879 1107 1931 1151 p.
1980 1086 2050 1137 89
2085 1089 2285 1152 seqq.),
2331 1085 2595 1151 pluraque

1503 1158 1732 1207 eandem
1767 1157 1826 1207 in
1860 1173 1972 1207 rem
2008 1156 2196 1207 attulit
2223 1157 2374 1206 Bode
2397 1156 2594 1207 Gesch.

1506 1227 1560 1277 d.
1600 1227 1726 1277 hell.
1764 1229 1927 1279 Poes.
1967 1228 2046 1290 11,
2098 1230 2149 1278 2.
2195 1243 2248 1291 Ρ.
2302 1226 2403 1276 372
2440 1241 2592 1291 seqq.

1505 1298 1628 1347 213.
1666 1299 1745 1347 Ac
1767 1297 2088 1347 Welckerus
2126 1297 2343 1362 quidem
2380 1308 2598 1364 praeter

1503 1367 1647 1430 alia,
1685 1382 1824 1433 qnae
1866 1369 1924 1418 in
1967 1368 2072 1417 hac
2118 1367 2431 1416 narratione
2478 1381 2596 1430 spe-

1507 1439 1710 1487 ctanda
1748 1439 1887 1501 sint,
1924 1438 2151 1501 Arione,
2197 1435 2290 1501 qui
2337 1434 2593 1500 delphino

1508 1512 1699 1558 vectus
1725 1509 1888 1557 maris
1925 1506 2166 1573 pericula
2204 1506 2454 1571 effugerit
2487 1505 2596 1555 sal-

1504 1593 1712 1643 vusque
1747 1579 1804 1627 in
1838 1578 2073 1643 patriam
2109 1576 2348 1638 redierit,
2381 1581 2593 1625 veteres

1507 1648 1786 1698 declarare
1818 1648 2058 1698 voluisse
2084 1647 2363 1697 existimat
2390 1652 2592 1707 vatem,

1505 1719 1599 1783 qui
1655 1719 1713 1767 in
1770 1733 1980 1767 summo
2037 1733 2216 1766 rerum
2281 1716 2595 1765 discrimine

1506 1788 1694 1839 salvus
1747 1792 1913 1853 atque
1971 1786 2265 1837 incolumis
2322 1784 2598 1835 exstiterit

1507 1860 1720 1923 diisque
1757 1858 1988 1907 maxime
2027 1857 2276 1921 propitiis
2314 1860 2593 1904 servatus:

1505 1928 1862 1993 additumque
1895 1927 2022 1977 inde
2046 1926 2214 1976 etiam
2237 1939 2356 1975 esse
2392 1922 2596 1988 delphi-

1501 2013 1659 2060 num,
1708 1996 1914 2047 animal
1955 2000 2019 2046 ut
2067 1995 2171 2045 diis
2223 1999 2468 2060 gratum,
2514 1994 2595 2042 ita

1502 2067 1815 2118 hominibus
1863 2065 2207 2117 benevolum.
2277 2064 2447 2115 Plane
2482 2062 2594 2113 alio

1505 2139 1668 2189 modo
1717 2136 1938 2187 fabulae
1996 2138 2106 2186 vim
2160 2134 2431 2200 explicare
2484 2138 2595 2184 stu-

1505 2209 1628 2258 duit
1662 2208 1807 2261 Guil.
1843 2209 2022 2258 Maur.
2048 2206 2296 2257 Schmidt
2331 2204 2590 2268 (Diatrib.

1506 2280 1573 2329 de
1610 2278 1810 2344 dithyr.
1837 2293 1986 2343 poes.
2013 2276 2237 2342 eiusque
2274 2274 2468 2341 reliqq.
2491 2274 2593 2324 Be-

1506 2349 1665 2399 rolin.
1707 2350 1861 2400 1845.
1908 2365 1961 2413 Ρ.
2014 2348 2111 2398 171
2151 2344 2355 2412 seqq.);
2391 2359 2593 2394 novum

1505 2419 1780 2484 quoddam
1816 2432 2044 2484 poeseos
2084 2418 2328 2482 adeoque
2357 2415 2592 2464 musices

1504 2504 1675 2555 genus
1726 2490 1784 2538 in
1839 2488 2153 2550 Graeciam,
2200 2488 2257 2534 in
2309 2500 2417 2550 qua
2463 2489 2593 2534 ante

1504 2560 1670 2608 fuerit
1715 2558 2078 2623 incognitum,
2125 2556 2344 2606 Arionis
2389 2569 2520 2603 cura
2559 2568 2594 2601 a

1505 2629 1746 2678 Tarento
1783 2644 1877 2692 per
1923 2642 2070 2676 mare
2116 2627 2393 2675 invectum
2431 2622 2597 2688 signi-

1502 2698 1658 2747 ficari
1683 2697 1984 2747 contendit.
2024 2695 2205 2759 Magis
2231 2694 2302 2743 ad
2319 2690 2597 2742 Welclreri

1504 2768 1832 2818 sententiam
1853 2764 2084 2815 inclinat
2102 2762 2354 2814 K.Lehrs
2376 2761 2594 2824 (Rhein.

1505 2838 1650 2888 Mus.
1677 2838 1748 2888 N.
1773 2838 1839 2889 F.
1862 2836 1960 2897 VI,
2001 2836 2068 2885 1.-
2089 2850 2144 2899 Ρ.
2184 2834 2251 2883 58
2287 2834 2466 2898 seqq.)
2491 2830 2596 2880 hac

1508 2908 1573 2957 de
1610 2907 1810 2957 Arione
1845 2904 2036 2956 fabula
2079 2918 2250 2969 aeque
2293 2917 2360 2951 ac
2406 2899 2594 2951 simili·

1505 2978 1608 3027 bus
1636 2978 1702 3027 de
1740 2978 1938 3043 Ibyco,
1977 2975 2042 3025 de
2069 2973 2347 3025 Simonide
2382 2986 2594 3037 reprae-

1506 3048 1712 3098 sentari
1743 3053 1897 3098 ratus
1931 3050 2114 3095 vatem
2156 3044 2214 3093 in
2253 3036 2476 3092 deorum
2512 3046 2597 3091 tu-

1505 3116 1618 3168 tela
1643 3119 1860 3168 omnino
1876 3117 2112 3182 positum
2127 3127 2419 3178 eorumque
2442 3127 2594 3177 prae-

1507 3188 1649 3238 sidio
1695 3204 1724 3238 e
1773 3185 2113 3254 gravissimis
2167 3182 2424 3249 periculis
2481 3197 2594 3232 ere-

1505 3263 1675 3325 ptum.
1728 3259 1792 3307 In
1838 3257 2034 3323 quibus
2078 3253 2193 3304 veri
2238 3253 2369 3319 quid
2412 3253 2592 3302 inesse

1506 3329 1629 3394 quis
1668 3332 1865 3394 neget?
1900 3340 2029 3377 num
2054 3325 2126 3374 ad
2152 3326 2330 3373 totum
2369 3320 2592 3371 fabulae

1507 3413 1726 3449 sensum
1741 3396 2136 3463 expediendum
2156 3391 2452 3452 sufficiant,
2468 3389 2592 3439 aliis

1504 3468 1914 3520 diiudicandum
1949 3464 2220 3528 relinquo.

1574 3528 1910 3601 ἐτυράννευε
1948 3528 2012 3582 δὲ
2037 3523 2068 3580 ὁ
2093 3525 2452 3590 Περίανδρος
2478 3526 2594 3575 Ko-

1505 3605 1748 3672 ρίνθου]
1813 3602 2114 3655 Periander
2180 3602 2445 3663 tyrannus
2513 3611 2593 3645 re-

1503 3693 1670 3743 gnum
1694 3674 1872 3725 tenuit
1908 3670 2067 3737 quasi
2101 3666 2522 3718 haereditarium
2558 3679 2592 3714 a

1507 3744 1742 3811 Cypselo
1778 3747 1932 3808 patre
1969 3742 2271 3803 acceptum.
2322 3738 2457 3788 Inde
2483 3750 2595 3786 non

1507 3816 1702 3866 mirum
1737 3814 1884 3878 apud
1927 3812 2157 3862 Latinos
2194 3807 2460 3874 quosdam
2499 3820 2594 3857 au-

1506 3890 1686 3936 ctores
1713 3899 1880 3948 reyem
1903 3882 2013 3933 dici
2031 3880 2278 3932 eundem.
2312 3879 2438 3932 Vid.
2464 3877 2593 3927 Car.

1505 3958 1637 4006 Ern.
1684 3954 1944 4020 Wagner.
1993 3952 2052 4002 in
2098 3949 2390 4015 scriptione
2441 3947 2592 3998 laud.

1510 4026 1575 4077 de
1613 4024 1915 4075 Periandro
1952 4038 2079 4090 pag.
2121 4020 2185 4070 10
2220 4034 2334 4084 seq.
2397 4019 2480 4068 De
2516 4025 2594 4084 ty-

1506 4097 1661 4145 ranni
1689 4092 1961 4145 vocabulo
1998 4106 2160 4156 supra
2195 4090 2268 4139 ad
2308 4090 2353 4151 Ι,
2393 4088 2446 4138 6.
2487 4102 2598 4135 mo-

1504 4165 1742 4215 nuimus.
1773 4163 2052 4215 Successit
2061 4159 2360 4211 Periander
2381 4157 2524 4221 patri
2541 4156 2600 4202 in

1506 4234 1758 4285 Corinthi
1777 4232 2001 4299 irnperio
2024 4230 2238 4295 Olymp.
2279 4224 2596 4284 XXXVIII,

1507 4307 1542 4355 4
1577 4305 1692 4355 sive
1718 4304 1823 4355 625
1848 4308 1975 4353 ante
1998 4300 2124 4350 Chr.
2148 4315 2224 4359 n.,
2260 4297 2404 4347 unde
2430 4295 2599 4344 etiarn

1507 4375 1727 4425 Arionis
1761 4376 2001 4423 aetatem
2032 4367 2368 4419 constituere
2389 4364 2598 4423 licebit,

1508 4458 1668 4510 quem
1731 4441 1877 4492 circa
1936 4437 2166 4490 eandem
2220 4430 2600 4499 Olympiadem
