3109 5092
461 330 584 405 4⁷4.

1333 335 1870 399 HERODOTI

463 533 693 602 γιστον
718 510 1088 602 μαρτύριον
1121 517 1191 582 οἰ
1209 509 1446 601 ἄνεμοι
1474 514 1897 600 παρέχονται,
1936 516 2251 594 πνέοντες
2279 510 2412 583 ἀπὸ
2439 519 2579 584 τῶν
2606 543 2741 602 χω-

465 621 643 708 ρέων
670 618 964 686 τουτέων
998 623 1263 705 θερμοί.
1324 615 1648 705 δεύτερον
1677 616 1786 702 δὲ,
1826 614 1926 686 ὅτι
1968 615 2304 706 ἄνομβρος
2345 614 2384 707 ἡ
2414 618 2598 707 χώρη
2629 621 2743 688 καὶ

463 790 623 849 valet,
673 786 899 849 colligat,
948 786 1081 836 nullo
1115 785 1256 835 modo
1289 785 1556 849 probabile

466 873 604 918 esse,
655 863 711 904 ut
742 870 770 903 e
807 857 920 904 nive
950 855 1093 904 Nilus
1119 854 1308 919 fluat.“
1376 857 1552 917 Quae-

466 930 603 978 ritur
645 925 816 986 enim,
866 939 1100 988 quonam
1153 926 1423 989 pertineat
1461 941 1555 989 ge-

467 996 671 1048 nitivus
720 991 862 1056 τῶν,
927 994 1079 1043 cuius
1131 994 1251 1044 loco
1299 995 1554 1045 Reiskius

469 1067 595 1119 olim
631 1064 927 1127 repositum
955 1063 1175 1113 volebat
1213 1055 1282 1111 τὰ
1319 1053 1402 1112 ὧν
1436 1079 1555 1113 τεκ-

467 1128 643 1202 μήρια
676 1124 856 1181 πολλά
890 1124 1020 1194 ἔστι,
1052 1132 1374 1196 repudiante
1403 1135 1556 1183 Wes-

470 1204 727 1267 selingio,
769 1201 862 1265 qui
898 1202 966 1251 ad
993 1202 1162 1252 verba
1192 1201 1306 1250 τῶν
1327 1196 1395 1251 τὰ
1416 1202 1552 1252 πολ,

469 1267 537 1325 λὰ
585 1270 922 1336 subintelligi
964 1271 1083 1321 vult
1119 1264 1390 1336 τεκμήρια
1434 1273 1552 1322 sive

469 1333 774 1409 μαρτύρια(
815 1355 1018 1405 quor-mn
1054 1338 1239 1405 (paulo
1273 1347 1401 1391 ante
1425 1342 1554 1391 scri-

471 1407 711 1479 ptorum)
764 1411 951 1459 indicia
995 1413 1147 1459 mulm
1205 1411 1392 1461 adsunt
1445 1414 1553 1461 viro

472 1489 579 1534 etc.
649 1478 807 1528 Hanc
854 1481 1116 1530 rationem
1171 1482 1414 1545 sequitur
1449 1482 1554 1530 Ne-

472 1552 585 1618 gris
626 1565 692 1598 ex
732 1547 935 1598 licans:
975 1546 1087 1596 τῶν
1116 1543 1431 1613 εἰρημένων
1457 1563 1554 1614 μοι

472 1612 650 1670 ταῦτά
703 1631 786 1667 στι
819 1610 997 1666 πολλὰ
1028 1611 1309 1681 μαρτύρια
1341 1635 1392 1668 κ.
1424 1633 1471 1667 τ.
1504 1617 1552 1668 λ.

474 1687 987 1754 Schweighaeusero
1036 1687 1297 1738 articulus
1334 1680 1401 1736 τὰ
1439 1704 1559 1738 ora·

474 1761 676 1811 tionem
723 1760 944 1807 turbare
985 1756 1226 1820 videtur,
1287 1758 1380 1822 qui
1429 1757 1558 1822 quid

473 1831 578 1880 huc
617 1829 804 1889 faciat,
841 1827 987 1876 hand
1013 1842 1072 1876 se
1107 1826 1412 1892 intelligere
1439 1843 1561 1892 pro-

473 1901 676 1950 fitetur.
759 1897 1141 1946 Infelicissime
1187 1898 1244 1946 in
1289 1897 1392 1946 hoc
1437 1897 1558 1947 loco

477 1967 812 2019 emendando
850 1972 905 2016 et
951 1966 1271 2031 explicando
1308 1971 1560 2016 versatus

475 2045 559 2089 cst
595 2039 883 2100 Stegerus,
921 2036 977 2085 in
1012 2037 1255 2086 Praefat.
1293 2036 1561 2086 Herodot.

475 2124 601 2173 pag.
641 2107 747 2166 XI,
801 2106 921 2167 ubi,
971 2106 1116 2170 qnod
1166 2106 1328 2155 scribi
1372 2106 1555 2154 iubet:

476 2177 590 2225 τῶν
631 2168 763 2223 τάδε
797 2164 978 2223 πολλά
1012 2164 1153 2238 ἔστι,
1192 2175 1326 2224 illud
1355 2175 1436 2223 sic
1472 2190 1560 2224 ex-

477 2247 670 2311 plicat:
724 2245 902 2306 „cuius
933 2244 1015 2292 rei
1050 2242 1186 2306 (τῶν
1219 2243 1462 2307 nempe),
1498 2260 1560 2292 ne

471 2315 736 2379 probabile
786 2312 979 2378 quidem
1024 2329 1161 2374 esse,
1220 2329 1323 2362 eum
1374 2329 1402 2362 e
1453 2315 1562 2361 nive

471 2387 659 2452 fluere,
719 2383 844 2432 haec
893 2383 1048 2431 multa
1099 2389 1218 2432 sunt
1268 2391 1561 2445 argumenta

479 2451 615 2520 (τῶν
639 2443 819 2502 πολλοὶ
852 2440 1050 2516 ἔστι),“
1125 2451 1389 2515 Equidem
1425 2450 1563 2499 nihil

479 2523 792 2575 mutandum
840 2521 1115 2583 existimo,
1166 2521 1262 2570 sed
1300 2521 1562 2584 interpre-

478 2594 689 2646 tatione
721 2591 900 2641 locum
949 2590 1358 2653 illustrandum,
1406 2590 1560 2639 cuius

475 2666 566 2714 hic
621 2662 750 2713 mihi
795 2662 1013 2711 videtur
1054 2676 1274 2712 sensus:
1348 2660 1563 2721 Quorum

474 2738 722 2798 pleraque
761 2731 930 2796 (quae
961 2730 1094 2780 scil.
1141 2731 1208 2780 de
1243 2728 1355 2779 Nili
1392 2730 1562 2779 incre-

477 2807 659 2854 mento
690 2802 745 2850 in
770 2800 912 2851 hanc
948 2801 1255 2865 opinionem
1283 2799 1563 2864 disputan-

479 2874 589 2934 tur)
636 2873 761 2920 talia
793 2878 933 2928 sunt,
986 2878 1042 2919 nt
1082 2873 1191 2920 viro
1228 2901 1297 2909 —-
1333 2886 1394 2919 ne
1440 2884 1562 2931 pro-

478 2940 641 2990 babile
689 2940 881 3003 qm'dem
931 2941 1096 2990 videri
1146 2941 1334 3002 possit,
1400 2939 1564 2989 Nilum

474 3011 635 3076 fluere
677 3011 785 3058 nive
830 3016 1040 3057 auctum.
1088 3034 1159 3044 -—
1211 3008 1432 3057 Retinui
1480 3002 1563 3056 οἰ-

481 3072 581 3135 κὸς
624 3076 744 3141 (pro
780 3069 955 3139 εἰκὸς)
992 3082 1048 3126 et
1077 3077 1132 3126 h.
1163 3075 1198 3125 l.
1234 3080 1289 3126 et
1323 3092 1442 3141 cap.
1473 3079 1561 3137 24,

481 3164 602 3199 cum
635 3147 740 3196 hac
772 3146 946 3195 forma
963 3145 1222 3196 Nostrum
1246 3150 1565 3196 constanter

479 3233 635 3267 usum
683 3230 802 3264 esse
842 3220 1105 3279 appareat
1160 3231 1225 3264 ex
1269 3214 1367 3276 iis,
1423 3231 1564 3280 quae

478 3285 714 3339 Bredov.
753 3301 809 3349 p.
852 3286 950 3334 194
994 3300 1106 3350 seq.
1146 3284 1359 3344 attulit3
1410 3285 1563 3334 item-

480 3372 585 3423 que
643 3354 838 3417 scripsi
882 3350 1110 3419 χωρέων
1158 3371 1280 3410 cum
1333 3359 1560 3405 recentt.

481 3427 604 3478 edd.
650 3441 680 3475 e
724 3423 1044 3475 Florentino
1098 3425 1216 3474 cod.
1263 3438 1360 3488 pro
1411 3423 1561 3489 vulg.

476 3492 720 3562 χωρίων.

547 3557 637 3615 ὅτι
669 3556 956 3627 ἄνομβρος
991 3551 1026 3623 ἡ
1062 3551 1216 3624 χώρη
1251 3556 1348 3609 καὶ
1389 3550 1564 3623 ἀκρύ-
1586 3597 1600 3612 .,

479 3632 711 3690 σταλλος
751 3648 802 3681 κ.
828 3647 874 3680 τ.
895 3628 966 3694 L]
1005 3631 1040 3680 i.
1077 3646 1125 3680 e.
1165 3631 1300 3695 quod
1330 3640 1563 3681 constan-

477 3713 557 3754 ter
590 3703 716 3751 haec
751 3704 890 3765 regio
926 3699 1158 3749 imbribus
1192 3707 1243 3749 et
1274 3702 1440 3763 ,qlacie
1474 3714 1561 3747 ca-

477 3781 575 3822 ret.
625 3762 914 3835 ἄνομβρος
953 3769 1099 3818 infra
1137 3768 1225 3831 11,
1275 3769 1343 3818 25
1387 3759 1560 3830 ἀκρύ-

479 3840 711 3896 σταλλος
753 3840 954 3888 Noster
999 3838 1164 3899 dixit,
1217 3837 1310 3902 qui
1351 3838 1454 3899 IV,
1492 3838 1562 3887 28

473 3911 683 3972 glaciem
724 3907 861 3956 dixit
895 3899 1271 3970 κρύσταλλον,
1319 3921 1428 3956 non
1465 3905 1562 3955 ali-

479 3983 562 4027 ter
598 3982 763 4040 atque
800 3977 1022 4027 Homer.
1062 3976 1151 4026 Ili.
1190 3975 1382 4035 XXII,
1442 3975 1556 4024 152.

479 4046 584 4096 Od.
621 4045 777 4104 XIV.
816 4046 917 4093 477
960 4049 1015 4094 et
1060 4043 1409 4108 Thucydides
1451 4044 1558 4105 111,

477 4115 564 4166 223,
656 4113 942 4162 Caeterum
999 4112 1327 4163 Herodoteis
1385 4112 1563 4163 consi-

477 4184 626 4235 milia
663 4181 872 4248 profert
904 4180 1177 4231 Diodorus
1210 4182 1255 4244 Ι,
1293 4181 1378 4232 38.
1453 4183 1560 4232 Sed

479 4253 713 4305 celsiora
746 4249 1068 4314 Aethiopiae
1100 4249 1251 4312 loca,
1298 4251 1562 4301 montium

478 4320 797 4391 praesertim
835 4320 1118 4369 cacumina
1164 4336 1265 4370 nec
1300 4322 1425 4371 nive
1461 4337 1563 4370 nec

479 4392 744 4462 grandine
791 4394 956 4455 atque
998 4388 1123 4455 gelu
1157 4404 1367 4452 carere,
1424 4390 1564 4441 bene

1656 791 1839 836 monet
1860 785 2253 850 Wesselingius
2281 786 2515 836 testibus
2537 785 2741 848 allatis,

1657 857 1854 922 quibus
1908 856 2017 906 alia
2074 856 2265 906 adiicit
2312 855 2618 906 Larcherus
2675 856 2743 905 de

1656 925 1886 991 pluviis,
1925 941 2061 991 quas
2098 926 2361 975 ab·1unio
2396 941 2583 975 mense
2616 926 2744 975 inde

1656 1011 1829 1061 nsque
1866 996 1934 1046 ad
1968 996 2336 1059 Septembrem
2368 996 2423 1044 in
2450 995 2744 1060 Aethiopia

1658 1067 1852 1115 cadere
1879 1066 2207 1116 recentiores
2235 1065 2612 1115 observarunt.
2652 1066 2744 1114 At-

1658 1151 1763 1199 que
1800 1136 1905 1184 iam
1944 1137 2086 1184 inter
2120 1139 2333 1184 veteres
2368 1134 2614 1183 nonnulli
2650 1135 2743 1183 Ni-

1660 1205 1767 1253 lum
1805 1206 1993 1271 angeri
2043 1204 2431 1254 contenderant
2479 1204 2744 1253 imbribus

1659 1275 1921 1336 aestivis,
1978 1275 2069 1338 qui
2115 1275 2171 1324 in
2210 1273 2501 1337 Aethiopia
2537 1279 2593 1323 et
2630 1274 2746 1337 qui-

1660 1345 1782 1394 dem
1826 1345 2118 1409 praecipue
2167 1345 2221 1393 in
2271 1342 2544 1392 montibus
2604 1343 2747 1393 deci-

1660 1414 1812 1464 dant.
1898 1414 2055 1463 Conf.
2093 1413 2348 1463 Strabon.
2397 1413 2575 1463 XVII.
2616 1428 2741 1477 pag.

1662 1482 1796 1534 1138
1824 1484 1887 1532 A.
1920 1484 1983 1532 Β.
2033 1483 2162 1533 1139
2188 1484 2251 1532 Β.
2293 1498 2336 1532 s.
2372 1498 2423 1546 p.
2456 1483 2558 1534 789
2589 1498 2741 1545 seqq.

1607 1606 1615 1614 ,
1659 1553 1778 1615 Sic,
1825 1552 1963 1601 alios
1999 1558 2059 1601 ut
2105 1557 2345 1613 taceam,
2390 1551 2746 1616 Agatharchi-

1661 1622 1757 1671 des
1804 1621 2059 1682 Cnidius,
2120 1623 2210 1686 qui
2255 1621 2382 1670 inde
2440 1621 2509 1670 ad
2564 1637 2743 1669 verum

1659 1693 1898 1757 proxime
1935 1692 2236 1741 accessisse
2274 1691 2474 1740 dicitur
2506 1690 2744 1755 Diodoro

1660 1763 1706 1822 Ι,
1744 1761 1838 1822 41,
1881 1778 1909 1811 e
1938 1761 2155 1826 pluviis,
2196 1777 2333 1824 quae
2369 1760 2656 1824 quotannis
2689 1759 2745 1808 in

1660 1831 1980 1896 Aethiopiae
2015 1830 2286 1879 montibus
2320 1829 2587 1878 exsistant
2621 1844 2745 1877 con-

1660 1902 1928 1958 tinentes⁹
1980 1901 2280 1949 increscere
2317 1897 2501 1947 Nilum
2540 1903 2743 1947 statne-

1660 1975 1765 2021 rat.
1860 1969 1984 2018 Vid.
2042 1969 2291 2018 Frieten:
2354 1969 2438 2016 De
2476 1966 2745 2031 Agathar—

1661 2039 1819 2090 chide
1867 2038 2060 2088 Cnidio
2112 2038 2305 2100 (Bonn.
2360 2036 2535 2098 1848.)
2585 2053 2636 2101 p.
2677 2035 2744 2084 73

1662 2126 1775 2174 seq.
1825 2109 1891 2158 75
1929 2125 2042 2172 seq.
2129 2106 2237 2156 Alii
2273 2106 2556 2171 Aegyptii,
2606 2111 2747 2154 teste

1659 2177 1814 2241 Lydo
1853 2177 1919 2226 de
1956 2193 2153 2229 menss.
2192 2191 2316 2241 pag.
2352 2176 2479 2234 264,
2527 2175 2595 2224 ab
2634 2179 2743 2224 ete-

1662 2248 1759 2297 siis
1797 2246 2137 2295 tradiderant
2173 2261 2355 2294 omnes
2392 2245 2560 2294 nubes
2594 2260 2623 2294 e
2655 2261 2743 2293 su—

1660 2316 1960 2381 perioribus
1989 2315 2297 2379 regionibus
2323 2314 2594 2364 meridiem
2628 2330 2745 2363 ver-

1663 2401 1754 2434 sus
1801 2384 2013 2434 detrudi
2068 2389 2121 2432 et
2172 2383 2327 2444 inde,
2389 2399 2507 2433 cum
2560 2384 2744 2444 gravis

1662 2454 1849 2519 pluvia
1883 2453 2129 2512 decidat,
2180 2452 2363 2502 Nilum
2402 2457 2744 2512 exaestuare3

1664 2529 1826 2588 atque
1886 2525 2052 2572 etiam
2096 2521 2462 2586 Thrasyalces
2511 2523 2747 2571 Thasius

1665 2609 1782 2642 eam
1817 2594 1993 2642 tenuit
2030 2592 2386 2652 sententiam,
2434 2591 2619 2641 etesiis
2651 2591 2747 2639 Ni-

1661 2663 1771 2714 lum
1812 2663 2024 2712 extrudi
2063 2661 2356 2711 affirmans.
2424 2661 2557 2710 Cum
2607 2661 2746 2709 enim

1663 2731 1952 2796 Aethiopia
2001 2731 2284 2781 altioribus
2329 2730 2602 2779 montibus
2648 2729 2747 2778 cir-

1663 2801 1943 2852 cumdetur
1964 2806 2126 2866 atque
2145 2798 2381 2864 excipiat
2398 2800 2586 2860 nubes,
2609 2814 2748 2862 quae

1666 2872 1851 2922 etesiis
1894 2870 2305 2934 protrudantur,
2369 2868 2551 2918 Nilum
2594 2868 2747 2916 inun-

1667 2941 1803 2990 dari.
1902 2941 2090 3005 Neque
2162 2938 2321 2988 aliter
2389 2937 2748 2988 Callisthenes

1665 3010 1847 3060 Nilum
1880 3025 1937 3059 se
1970 3009 2245 3059 invenisse
2276 3012 2511 3058 testatus
2535 3011 2653 3056 erat
2681 3023 2749 3055 ex

1661 3079 1889 3129 infinitis
1916 3078 2177 3128 imbribus
2210 3079 2268 3126 in
2294 3077 2583 3141 Aethiopia
2614 3077 2749 3124 ortis

1666 3148 1882 3197 deferri.
1956 3149 2156 3198 Nostra
2202 3151 2386 3198 aetate
2421 3148 2556 3196 satis
2603 3161 2749 3194 com-

1664 3224 1874 3282 pertum
1917 3217 2202 3276 haberium,
2249 3217 2305 3265 in
2346 3215 2549 3280 pluviis
2579 3216 2751 3279 tropi-

1667 3287 1745 3336 cis
1799 3301 1936 3350 quae
1985 3286 2237 3334 dicuntur
2284 3300 2318 3334 a
2368 3284 2516 3334 Maio
2566 3299 2751 3333 mense

1661 3372 1833 3420 usque
1858 3354 1927 3404 ad
1955 3355 2322 3420 Septembrem
2359 3355 2470 3404 fere
2497 3353 2750 3403 deciden-

1660 3426 1808 3474 tibus
1858 3441 2045 3474 veram
2078 3424 2189 3476 Nili
2227 3423 2523 3475 crescentis
2567 3427 2619 3472 et
2668 3422 2752 3470 in-

1661 3494 1919 3545 undantis
1965 3509 2185 3544 causam
2223 3492 2581 3558 quaerendam
2610 3507 2749 3552 esse,

1659 3563 1823 3628 idque
1853 3569 2002 3613 recte
2033 3563 2142 3612 iam
2178 3561 2507 3624 significavit
2534 3561 2748 3610 Arrian.

1662 3632 1839 3682 Indic.
1896 3632 1950 3682 6.
2030 3632 2186 3681 Conf.
2234 3632 2560 3680 Hartmann.
2611 3629 2749 3678 Erd-

1663 3701 1877 3751 beschr.
1923 3717 1978 3752 v.
2024 3701 2257 3764 Aegypt.
2305 3715 2431 3764 pag.
2481 3699 2549 3748 92
2598 3713 2748 3762 seqq.

1663 3771 1771 3831 97„
1810 3772 2043 3821 Heeren.
2069 3770 2235 3819 Ideen
2272 3774 2377 3818 etc.
2417 3768 2492 3830 11,
2526 3769 2579 3817 2.
2619 3782 2748 3830 pag.

1663 3838 1731 3889 5ss
1778 3855 1890 3903 seq.
1939 3838 2064 3889 coll.
2113 3839 2310 3888 Ritter.
2350 3836 2646 3887 Erdkunde
2698 3835 2745 3884 1.

1661 3924 1788 3973 pag.
1815 3909 1936 3960 835.
1976 3906 2199 3959 Russel:
2236 3908 2439 3971 Egypt.
2477 3903 2555 3966 (in
2583 3904 2749 3955 Edin-

1660 3977 1834 4041 burgh
1875 3977 1990 4027 Cal.
2039 3976 2245 4040 library
2284 3977 2350 4025 Τ.
2399 3973 2529 4038 ΠΙ.)
2577 3990 2627 4038 p.
2678 3975 2748 4024 35

1663 4063 1776 4111 seq.
1828 4049 1911 4096 De
1940 4045 2118 4096 ventis
2152 4043 2411 4094 nonnulla
2444 4042 2749 4092 monuimus

1665 4115 1735 4164 ad
1769 4115 1856 4175 11,
1895 4117 1980 4167 20.
2056 4115 2319 4164 Referunt
2361 4113 2466 4162 huc
2518 4127 2621 4176 quo
2662 4127 2747 4171 ne,

1665 4184 1806 4249 quod
1830 4184 1986 4234 Nilus
2010 4183 2118 4232 iam
2145 4185 2379 4233 Homero
2416 4182 2615 4232 dicitur
2626 4128 2726 4228 ¹ilina·

1664 4245 1862 4316 πετὴς,
1933 4260 2108 4302 auctus
2175 4251 2386 4302 scilicet
2435 4251 2614 4313 pluviis
2684 4249 2748 4298 de

1661 4326 1802 4372 coelo
1826 4324 2068 4384 delapsi&
2096 4325 2158 4371 ut
2181 4325 2396 4387 poetam
2424 4334 2554 4370 vera
2581 4332 2749 4367 causa

1663 4391 1816 4441 fluvii
1850 4391 1997 4441 aucti
2030 4390 2176 4440 haud
2208 4388 2452 4440 latuerit.
2499 4387 2639 4440 Vide
2669 4391 2748 4436 te-
