3109 5092
1111 338 1608 399 EUTERPE.
1650 337 1734 396 ΙΙ.
1784 346 1899 400 148.

2410 385 2417 396 .
2520 333 2644 396 769

361 516 643 603 βορέην,
708 514 775 593 ἓξ
820 511 894 579 δὲ
938 510 1102 599 πρὸς
1162 508 1362 581 νότον
1413 511 1855 599 τετραμμέναι
1909 511 2248 597 συνεχέες·
2308 526 2525 599 τοῖχος
2567 511 2642 580 δὲ

363 620 622 699 ἔξωθεν
666 610 702 684 ὁ
746 610 947 693 αὐτός
979 635 1192 702 σφεας
1230 615 1590 701 περιέργει.
1671 611 1995 701 οἰκήματα
2039 610 2104 682 δ’
2148 619 2366 682 ἔνεστι
2414 619 2640 699 ὃιπλᾶ,

361 718 442 788 τὰ
493 719 620 808 μὲν
681 713 1014 804 ὑπόγαια,
1089 714 1169 785 τὰ
1230 716 1306 785 δὲ
1369 719 1671 804 μετέωρα
1734 712 1839 786 ἐπ’
1906 718 2254 801 ἐκείνοισι,
2311 724 2641 805 τρισχίλια

363 819 698 910 ἀριθμὸν,
776 825 1240 890 πεντακοσίων
1305 821 1419 888 καὶ
1469 826 1708 907 χιλίων
1777 817 2073 909 ἑκάτερα.

435 1014 737 1074 ἀντίπυλοι
761 1010 1050 1086 ἀλλήλῃσι]
1078 1017 1333 1084 Explicat
1357 1018 1457 1068 Le-

365 1099 559 1143 tronne
596 1091 635 1142 l.
672 1091 740 1142 l.:
791 1098 950 1157 ayant
985 1092 1123 1138 leurs
1155 1097 1328 1152 portes
1366 1103 1456 1151 op-

362 1165 547 1225 pose‘es
590 1164 666 1211 les
697 1176 819 1210 unes
853 1174 964 1208 ausc
1000 1166 1192 1210 autres.
1267 1158 1456 1222 Neque

368 1248 497 1281 vero
527 1229 681 1281 aulas
704 1230 784 1278 ita
809 1233 1116 1278 exstructas
1145 1228 1312 1277 fuisse
1338 1242 1458 1276 cen-

370 1307 456 1352 set
498 1299 571 1365 (p.
627 1299 780 1364 144),
838 1302 900 1347 ut
946 1296 1270 1363 quadratum
1321 1297 1456 1346 inte·

369 1386 525 1436 grum
563 1369 692 1418 illae
744 1366 1057 1427 retulerint3
1112 1365 1208 1416 sed
1241 1381 1350 1416 una
1393 1364 1455 1413 li-

369 1456 474 1490 nea
508 1469 579 1479 —-
616 1428 707 1502 ἐφ’
748 1432 848 1486 ἕνα
895 1436 1088 1500 στίχον
1132 1450 1317 1485 omnes
1366 1449 1458 1483 ae-

371 1509 620 1559 dificatas
669 1522 791 1557 esse
838 1520 959 1556 cum
1009 1505 1206 1555 Strabo
1253 1503 1455 1565 tradat,

370 1578 471 1629 hoc
509 1579 588 1627 ita
625 1592 746 1627 esse
780 1574 1223 1639 intelligendum,
1269 1578 1331 1624 ut
1366 1588 1457 1622 au-

368 1648 456 1698 lae
492 1663 589 1697 sex
624 1646 830 1712 priores
873 1645 1295 1709 septentrionem
1339 1657 1459 1692 ver-

371 1733 463 1767 sus
517 1716 847 1782 spectarint,
904 1714 1145 1779 reliquae
1200 1728 1293 1762 sex
1350 1711 1458 1761 illis

369 1785 728 1838 adhaerentes
765 1790 821 1834 et
856 1785 1149 1848 contiguae
1184 1781 1459 1832 meridiem

371 1871 588 1915 versus3
624 1853 769 1904 unde
808 1853 978 1902 totius
1020 1851 1255 1902 aedificii
1295 1850 1459 1902 exsti-

371 1925 499 1975 terit
536 1925 711 1974 forma
745 1920 1272 1988 parallelogramma.

438 1988 501 2054 ἓξ
539 1987 643 2055 μὲν
677 1987 824 2055 πρὸς
859 1985 1096 2057 βορέην,
1132 1984 1194 2050 ’ἐξ
1227 1983 1290 2038 δὲ
1319 1979 1462 2052 πρὸς

375 2057 547 2111 νότον
603 2056 997 2125 τετραμμέναι]
1066 2060 1217 2110 Libri
1273 2057 1461 2123 scripti

375 2131 558 2196 plures
597 2135 652 2180 et
687 2129 900 2194 probati
937 2126 1144 2195 βορέω,
1194 2133 1255 2178 ut
1299 2129 1357 2190 1,
1395 2127 1463 2177 84

379 2200 501 2251 coll.
532 2200 642 2262 111,
674 2199 789 2250 102.
862 2199 968 2248 Sed
1004 2214 1124 2248 cum
1162 2213 1304 2259 mox,
1340 2212 1460 2260 cap.

383 2269 499 2332 149,
536 2265 681 2331 πρὸς
715 2262 927 2335 βορέην
961 2281 1018 2317 τε
1053 2262 1149 2314 καὶ
1179 2259 1348 2315 νότον
1386 2266 1465 2314 in-

381 2340 660 2399 veniatur,
700 2336 823 2388 coll.
849 2338 935 2398 ΙΙ,
967 2337 1061 2387 101
1100 2340 1155 2385 et
1185 2337 1278 2386 121
1319 2336 1462 2396 init„

380 2410 606 2460 aliorum
642 2408 903 2457 librorum
936 2404 1222 2456 lectionem
1255 2401 1465 2471 βορέην

378 2477 474 2543 (cf.
511 2478 743 2528 Bredov.
793 2492 847 2541 p.
886 2475 988 2526 219
1025 2473 1169 2539 seq.)
1218 2489 1338 2524 cum
1383 2488 1465 2522 re-

378 2551 548 2597 centt.
579 2546 700 2597 edd.
723 2547 924 2610 recepi.
983 2546 1141 2609 Ipsas
1167 2543 1321 2593 aulas
1345 2543 1466 2592 duo-

381 2619 561 2678 decim,
614 2631 755 2681 quae
788 2615 857 2664 ad
899 2613 1184 2664 duodecim
1228 2611 1462 2677 regulos,

380 2687 471 2751 qui
502 2683 870 2750 labyrinthum
919 2683 1251 2733 exstruxisse
1288 2682 1467 2730 ferun·

383 2761 496 2817 tur,
536 2753 813 2803 commode
849 2753 1036 2804 referri
1073 2756 1361 2818 poterunt,
1397 2749 1468 2799 ad

384 2824 776 2874 astronomicas
823 2823 1061 2872 rationes
1104 2820 1307 2871 relatas
1349 2819 1468 2869 vult

384 2895 653 2944 Gatterer.
696 2891 752 2941 in
768 2890 970 2941 Comm.
999 2893 1190 2943 societ.
1219 2890 1467 2953 Gotting.

384 2962 493 3013 vol.
515 2962 613 3013 IX.
641 2977 768 3026 pag.
800 2961 868 3012 60
890 2977 1003 3027 seq.
1041 2961 1308 3026 probante
1327 2961 1470 3009 Hee-

384 3048 499 3082 ren.
539 3031 705 3081 Ideen
729 3031 806 3092 11,
834 3033 886 3081 2.
912 3046 1037 3095 pag.
1068 3031 1166 3081 158
1202 3033 1317 3079 not.
1383 3029 1471 3079 ln-

386 3099 555 3151 dicari
593 3102 734 3151 enim
766 3102 1056 3151 tesseraria
1093 3100 1302 3151 ratione
1339 3097 1469 3148 solis

383 3176 619 3221 meatum
676 3186 771 3234 per
822 3170 1105 3220 duodecim
1168 3170 1327 3235 signa
1373 3169 1473 3217 Zo-

385 3240 531 3291 diaci
566 3244 848 3304 totumque
887 3239 1190 3289 aedificium
1230 3241 1472 3287 astrono-

387 3311 528 3358 miae
559 3310 613 3358 in
647 3323 803 3358 usum
840 3314 1171 3359 exstructum
1199 3308 1370 3358 fuisse
1395 3308 1473 3355 vi·

388 3378 521 3428 deri.
592 3377 732 3426 Add.
770 3377 1041 3440 Seyffarth
1080 3378 1134 3425 in
1158 3376 1387 3428 Jahrbb.
1431 3375 1471 3424 f.

386 3444 584 3496 Philol.
628 3446 695 3494 X.
735 3461 787 3509 p.
827 3447 926 3495 211
979 3451 1035 3495 et
1071 3447 1329 3510 Beitriige
1367 3448 1473 3495 etc.

390 3516 468 3565 11.
507 3528 631 3578 pag.
665 3513 751 3563 91.

460 3602 655 3663 τοῖχος
691 3590 752 3646 δὲ
792 3591 1011 3657 ἔξωθεν
1036 3588 1066 3646 ὁ
1103 3587 1277 3653 αὐτός
1302 3609 1477 3660 σφεας

388 3662 690 3734 περιέργει]
729 3667 766 3717 i.
788 3681 836 3717 e.
859 3683 985 3716 unus
1019 3681 1187 3716 nnn-us
1207 3665 1360 3716 hasce
1387 3682 1474 3714 au·

392 3744 473 3790 las
509 3753 673 3788 onmes
710 3739 1028 3788 extrinsecus
1067 3736 1291 3787 includit.
1365 3735 1477 3784 Hu-

387 3810 475 3859 ius
509 3823 638 3858 vero
677 3807 814 3857 muri
839 3810 1009 3856 totum
1048 3803 1345 3870 labyrinthi
1369 3819 1478 3853 am·

388 3880 560 3928 bitum
598 3877 869 3942 cingentis
908 3875 1166 3941 reliquias
1213 3873 1477 3939 quasdam

391 3963 450 3997 se
487 3947 754 4011 reperisse
799 3950 1075 3996 testantur
1122 3943 1268 3994 docti
1307 3942 1476 4003 Galli3

392 4031 718 4082 quamquam
738 4020 955 4066 caetera
977 4016 1092 4064 fere
1111 4013 1291 4063 omnia
1309 4013 1480 4061 ruinis

395 4091 449 4135 et
499 4100 666 4135 arena
712 4082 933 4149 oppleta
974 4088 1118 4134 sunt.
1193 4082 1330 4131 Vide
1371 4082 1482 4131 De-

393 4154 580 4219 script.
620 4154 687 4203 de
722 4151 866 4219 l’Eg.
894 4152 931 4204 l.
957 4153 1026 4216 1.,
1062 4152 1334 4202 Mannert.
1371 4150 1409 4200 1.
1441 4150 1480 4201 1.

393 4239 520 4289 pag.
560 4223 683 4273 443.

464 4300 747 4372 οἰκήματα
783 4298 839 4356 δ’
879 4301 1058 4356 ἔνεστι
1093 4303 1290 4370 διπλᾶ]
1327 4296 1484 4369 οίκή·

391 4392 538 4443 ματα
570 4377 734 4443 vulgo
760 4378 1191 4440 interpretantur
1208 4378 1482 4436 conclavia,

478 4481 814 4524 HERODOT.
861 4480 906 4521 1.

2180 818 2262 889 τὰ
2328 823 2453 909 μέν
2511 847 2645 889 νυν

1560 1023 1622 1070 ut
1658 1020 1704 1081 Ι,
1741 1018 1793 1069 9.
1829 1018 1910 1070 10.
1949 1019 2025 1082 ῙΙ,
2053 1020 2154 1072 100
2180 1026 2285 1071 etc.
2351 1021 2644 1082 „Editores

1562 1090 1770 1153 operis:
1819 1089 2093 1154 Descript.
2132 1090 2199 1139 de
2233 1090 2380 1156 l’Eg.
2417 1090 2528 1141 vol.
2566 1091 2643 1140 11.

1558 1174 1614 1223 p.
1658 1159 1748 1209 151
1793 1173 1907 1223 seq.
1947 1151 2228 1223 οἰκήματα
2260 1159 2314 1210 h.
2349 1159 2385 1210 l.
2424 1176 2520 1224 pro
2558 1175 2645 1209 ca-

1559 1231 1708 1278 meris
1740 1225 2042 1292 (obumbres)
2062 1228 2357 1292 accipiunt,
2396 1245 2429 1279 a
2452 1229 2647 1295 quibus

1560 1297 1902 1362 distinguunt
1936 1293 2135 1354 οἴκους
2185 1296 2297 1362 (des
2329 1300 2486 1348 salles
2527 1314 2647 1362 spa·

1558 1367 1834 1430 cieuses).“
1898 1367 1993 1416 Cr.
2078 1367 2186 1418 Sed
2233 1364 2458 1431 οἴκους,
2510 1382 2647 1433 quos

1560 1437 1619 1485 in
1682 1434 1981 1501 labyrinthi
2056 1435 2420 1500 descriptione
2483 1440 2649 1486 vocat

1561 1505 1801 1574 Strabo„
1827 1520 1935 1554 non
1973 1504 2110 1555 alios
2144 1521 2265 1556 esse
2302 1511 2467 1572 atque
2490 1497 2648 1570 οἰκή-

1560 1589 1709 1638 ματα
1754 1573 1898 1639 apud
1934 1574 2270 1625 Herodotum
2322 1580 2504 1626 monet
2547 1575 2650 1625 Le-

1561 1649 1755 1694 tronne
1788 1644 1825 1693 l.
1865 1642 1902 1693 l.
1930 1660 1983 1708 p.
2015 1644 2131 1706 147,
2167 1645 2261 1710 qui
2294 1645 2436 1695 idem
2465 1661 2517 1709 p.
2548 1645 2648 1696 143

1562 1729 1753 1763 vocem
1792 1707 1969 1761 ἔνεστι
2007 1711 2060 1763 h.
2092 1713 2129 1762 1.
2158 1715 2375 1764 minime
2412 1715 2482 1765 ad
2520 1713 2653 1764 duo-

1561 1782 1737 1832 decim
1779 1781 1963 1842 aulas,
2027 1782 2123 1854 sed
2165 1784 2235 1833 ad
2280 1782 2648 1850 labyrinthum

1564 1852 1877 1902 universum
1924 1857 2175 1915 spectare
2210 1858 2426 1915 censet,
2472 1854 2553 1902 ita
2589 1857 2651 1901 ut

1564 1920 1849 1970 duodecim
1886 1918 2045 1970 aulae
2089 1920 2146 1971 in
2184 1921 2360 1972 medio
2403 1921 2649 1972 aedificio

1565 1991 1675 2041 sint
1723 1988 2102 2058 collocandae,
2161 1990 2374 2042 cinctae
2426 1991 2651 2041 circum·

1565 2060 1713 2109 circa
1748 2059 1831 2108 his
1866 2057 2012 2109 mille
2049 2060 2358 2125 quingentis
2381 2060 2651 2111 conclavi-

1565 2130 1694 2190 bus,
1746 2143 1840 2192 per
1881 2143 2021 2193 quae
2058 2128 2127 2178 ad
2162 2130 2311 2194 ipsas
2349 2130 2502 2181 aulas
2540 2131 2653 2179 fue-

1567 2199 1639 2248 rit
1683 2198 1962 2247 introitus.
2042 2199 2116 2247 At
2169 2199 2299 2248 mihi
2355 2215 2450 2265 per
2497 2198 2651 2248 aulas

1565 2269 1623 2317 in
1665 2271 1896 2332 utraque
1951 2268 2120 2317 totius
2181 2267 2418 2320 aedificii
2474 2268 2654 2318 fronte

1566 2336 1775 2403 positas
1802 2336 2056 2386 introitus
2079 2338 2136 2386 in
2159 2337 2343 2400 cellas,
2379 2353 2517 2404 quae
2546 2353 2653 2387 me-

1567 2406 1713 2456 dium
1757 2406 1902 2456 iuter
1948 2411 2233 2472 utramque
2278 2407 2524 2458 aularum
2570 2423 2655 2459 se-

1568 2476 1700 2526 riem
1721 2474 1898 2526 locum
1917 2475 2268 2540 obtinuerint,
2289 2478 2466 2527 factus
2486 2477 2656 2526 fuisse

1569 2544 1813 2605 videtur3
1858 2560 2030 2610 eoque
2069 2547 2235 2595 etiarn
2273 2546 2448 2595 refero
2486 2545 2654 2594 verba

1569 2615 1625 2664 in
1663 2629 1814 2679 seqq.
1854 2611 1926 2661 αἴ
1951 2628 2009 2662 τε
2044 2606 2152 2677 γὰρ
2187 2608 2381 2674 ἔξοδοι
2415 2606 2512 2662 διὰ
2542 2611 2655 2662 τῶν

1572 2675 1812 2746 στεγέων
1840 2676 1935 2731 καὶ
1969 2676 2029 2730 οἷ
2060 2671 2274 2746 ἑλιγμοὶ
2298 2676 2397 2731 διὰ
2421 2680 2534 2732 τῶν
2556 2673 2659 2730 αὖ·

1569 2750 1713 2801 λέων
1746 2767 1797 2799 κ.
1835 2766 1882 2801 τ.
1925 2749 1971 2800 λ.

1640 2851 1939 2917 τρισχίλια]
1994 2852 2122 2904 Tria
2171 2855 2325 2906 mima
2375 2854 2660 2905 conclavia

1572 2927 1820 2988 spectare
1862 2922 2116 2973 videntur
2152 2924 2221 2973 ad
2258 2924 2472 2974 animae
2516 2938 2659 2974 mea-

1572 2999 1687 3043 turn
1728 2992 1845 3042 sive
1888 2993 2118 3043 reditum
2165 3010 2232 3044 ex
2267 2994 2500 3044 humano
2539 3009 2660 3043 cor-

1574 3078 1704 3129 pore
1739 3063 1793 3111 in
1828 3062 2077 3127 regiones
2113 3064 2406 3125 coelestes3
2454 3066 2547 3130 qui
2581 3079 2661 3114 re·

1574 3133 1722 3183 ditus
1758 3132 1906 3182 trium
1941 3135 2139 3183 millium
2174 3149 2433 3184 annorum
2480 3134 2660 3199 spatio

1572 3200 1897 3253 absolvitur.
1929 3201 2087 3253 Conf.
2113 3202 2189 3266 11,
2217 3204 2317 3254 123
2340 3204 2474 3268 ibiq.
2498 3208 2660 3262 nott„

1577 3273 1767 3322 Creuz.
1806 3271 2045 3337 Symbol.
2083 3273 2158 3322 11.
2192 3288 2248 3337 p.
2285 3272 2384 3323 113
2409 3272 2493 3321 ed.
2534 3276 2661 3322 tert.

1578 3346 1633 3390 et
1667 3341 1918 3392 Gatterer
1953 3340 1991 3390 l.
2029 3341 2067 3391 1.
2093 3356 2218 3405 pag.
2245 3341 2332 3391 62.
2370 3341 2662 3390 Dunckero

1579 3409 1797 3473 (Gesch.
1849 3409 1902 3458 d.
1936 3408 2168 3459 Alterth.
2207 3409 2253 3459 1.
2302 3425 2355 3472 p.
2396 3408 2490 3468 20)
2538 3424 2664 3458 con·

1579 3478 1810 3529 clavium
1862 3492 2140 3526 numerum
2187 3492 2305 3527 cum
2355 3477 2524 3527 totius
2573 3493 2663 3526 ae-

1579 3545 1745 3596 dificii
1783 3545 1962 3608 spatio
2001 3546 2291 3595 convenire
2315 3561 2475 3610 posse
2497 3550 2664 3610 negat

1579 3615 1905 3678 nimiumque
1941 3613 2114 3662 videri
2147 3614 2317 3664 addit.
2346 3645 2416 3654 —-
2449 3615 2513 3665 In
2546 3630 2664 3665 ver·

1579 3683 1664 3734 bis
1718 3680 2111 3730 πεντακοσίων
2156 3679 2251 3731 καὶ
2295 3681 2491 3747 χιλίων
2539 3674 2665 3733 ἕκά-

1581 3766 1716 3815 τερα
1767 3751 1861 3800 vix
1914 3751 2197 3818 qnisquam
2231 3752 2505 3815 haerebit,
2563 3768 2665 3803 nec

1582 3836 1717 3887 opus
1740 3825 1826 3871 est
1845 3821 2079 3871 scribere
2102 3816 2448 3871 πεντακόσια
2466 3818 2561 3872 καὶ
2582 3819 2667 3887 χί-

1580 3891 1672 3940 λια
1732 3889 1819 3939 vel
1876 3888 2268 3941 πεντακοσίων
2326 3885 2421 3940 καὶ
2471 3889 2670 3956 χιλίων

1583 3952 1862 4022 ἑκατέρων
1897 3951 2131 4022 ἐόντων,
2169 3965 2230 4011 ut
2260 3960 2669 4026 Schweighaeu-

1586 4044 1738 4079 serus
1785 4035 2159 4093 proposuerat.
2238 4031 2369 4081 Mox
2415 4029 2671 4081 revocavi

1585 4089 1850 4161 ὦρὲομεν,
1889 4103 1951 4148 ut
1983 4099 2058 4161 ΙΙ,
2088 4099 2212 4160 106,
2251 4100 2345 4149 ubi
2369 4100 2479 4151 vid.
2507 4102 2669 4160 nott„

1585 4181 1682 4234 pro
1732 4158 1999 4230 ὁρέομεν,
2061 4169 2204 4233 quod
2264 4168 2395 4219 ferri
2442 4168 2668 4234 nequit3

1586 4236 1681 4288 sed
1717 4236 1911 4302 reliqui
1946 4232 2323 4302 θεησάμενοι,
2360 4239 2515 4288 cuius
2548 4236 2669 4287 loco

1584 4310 1811 4357 recentt.
1834 4307 1956 4359 edd.
1978 4303 2367 4372 θήησοὶμενοις
2396 4307 2509 4356 vid.
2529 4309 2669 4355 nott.

1588 4375 1657 4426 ad
1695 4375 1750 4438 1,
1783 4375 1838 4427 8.

2230 4454 2313 4515 49
