3109 5092
481 387 558 448 10
1350 383 1885 446 HERODOTI

476 562 722 649 γατέρα
762 560 1101 650 Μήδειαν.
1175 560 1525 646 πέμψαντα
1588 558 1664 627 δὲ
1714 556 1836 627 τὸν
1870 557 2134 645 Κόλχον
2190 560 2257 637 ἐς
2299 553 2427 646 τὴν
2474 553 2759 627 Ἑλλάδα

476 666 769 755 κήρυκα,
816 669 1066 735 αἰτέειν
1101 690 1172 732 τε
1209 667 1401 742 δίκας
1438 668 1554 751 τῆς
1584 657 1889 751 ἁρπαγῆς
1928 662 2039 732 καὶ
2081 658 2425 732 ἀπαιτέειν
2459 658 2585 748 τὴν
2619 673 2752 731 θὐ-

475 772 741 858 γατέρα.
794 768 952 849 τοὺς
989 768 1063 838 δὲ
1093 763 1631 856 ὑποκρίνασθαι,
1665 760 1755 846 ὥς
1791 762 1952 835 οὐδὲ
1980 767 2225 834 ἐκεῖνοι
2257 762 2421 845 Ἰοῦς
2451 770 2568 852 τῆς
2601 762 2750 854 Ἀρ-

475 880 661 960 γείης
698 873 945 943 ἔδοσάν
979 893 1104 960 σφι
1142 876 1335 949 δίκας
1370 874 1487 958 τῆς
1520 865 1862 958 ἁρπαγῆς,
1914 864 2076 939 οὐδὲ
2119 859 2219 938 ὧν
2267 866 2457 938 αὐτοὶ
2506 867 2756 938 δώσειν

422 983 459 1043 3
477 979 814 1046 ἐκείνοισι.

906 976 1215 1064 Δευτέρῃ
1265 973 1340 1043 δὲ
1399 976 1672 1060 λέγουσι
1718 979 1919 1063 γενεῇ
1975 970 2142 1060 μετὰ
2190 977 2398 1041 ταῦτα
2449 968 2750 1054 Ἀλέξαν·

475 1085 644 1168 δρον
686 1077 808 1149 τὸν
838 1079 1185 1167 Πριάμου,
1231 1074 1564 1165 ἀκηκοότα
1598 1082 1843 1162 ταῦτα,
1869 1078 2216 1164 ,ἐθελῆσαί
2246 1080 2315 1146 οί
2340 1079 2414 1145 ἐκ
2453 1069 2747 1163 τῆς·Ἐλ-

472 1182 674 1264 λάδος
734 1180 824 1252 δι’
874 1179 1176 1272 ἁρπαγῆς
1225 1183 1544 1269 γενέσθαι
1590 1196 1913 1267 γυναῖκα,
1972 1179 2416 1270 ἐπιστάμενον
2467 1178 2805 1263 acimaas-‚3

470 1283 571 1357 ὅτι
612 1283 694 1357 οὗ
732 1285 935 1356 δώσει
977 1292 1199 1366 δίκας·
1255 1280 1411 1353 οὔτε
1446 1282 1575 1372 γὰρ
1612 1286 1913 1363 ἐκείνους
1945 1282 2228 1354 διδόναι.
2289 1279 2467 1352 οὕτω
2502 1279 2585 1371 δὴ
2629 1277 2749 1371 ἆρ-

470 1470 658 1506 omnes
707 1455 969 1506 excitavit
1024 1454 1167 1505 idem
1223 1453 1459 1506 Bredov,
1504 1469 1560 1520 p.

469 1525 567 1576 201
609 1541 725 1589 seq.

537 1591 845 1658 πέμψαντα
892 1586 955 1643 δὲ
990 1583 1108 1641 τὸν
1145 1583 1390 1660 Κόλχον]
1432 1594 1468 1645 ἰ.
1506 1609 1555 1644 e.

467 1665 756 1715 colchomm
789 1679 984 1727 regem,
1025 1667 1156 1712 noto
1206 1661 1421 1714 dicendi
1465 1679 1555 1729 ge-

466 1749 596 1784 nere
619 1735 928 1797 Nostroque
957 1731 1247 1783 admodum
1278 1732 1552 1795 familiari,

466 1810 531 1854 ut
567 1805 612 1866 Ι,
652 1803 953 1865 80.111,7
992 1808 1100 1853 etc.
1148 1799 1349 1867 [Quam
1382 1804 1559 1853 brevi-

465 1873 799 1939 loquentiam
846 1872 1162 1953 adoptavit
1180 1872 1345 1922 etiam
1378 1874 1558 1924 Xeno·

466 1944 753 2008 phonCyr
755 1959 844 2007 op.
885 1942 931 2003 1,
970 1944 1019 2003 1,
1056 1943 1092 1992 4
1137 1932 1168 1990 ὁ
1217 1934 1465 2006 Σκύθης
1500 1948 1556 1994 et

465 2006 497 2062 ὁ
536 1961 753 2090 &migr
757 2010 870 2075 Cn]
903 2011 1040 2063 Inde
1084 2013 1319 2077 priorem
1368 2012 1558 2063 lectio-

465 2097 589 2132 nem
649 2074 752 2130 τὸν
801 2074 1038 2145 Κόλχων
1084 2078 1353 2147 βασιλῆα,
1414 2098 1555 2147 quae

468 2149 709 2215 glossam
769 2151 942 2214 sapit,
1004 2150 1199 2200 merito
1250 2152 1554 2202 reiecerunt

465 2220 796 2271 recentiores
831 2219 1087 2270 editores.
1149 2220 1214 2269 In
1252 2235 1404 2285 seqq.
1439 2237 1558 2271 ver-

464 2290 550 2340 bis
588 2281 665 2347 ὥς
700 2279 839 2337 οὐδὲ
873 2278 1079 2336 ἐκεῖνοι
1116 2301 1167 2336 κ.
1205 2303 1254 2337 τ.
1292 2287 1339 2337 λ.
1390 2305 1556 2355 nega-

465 2359 637 2409 tivam
675 2356 995 2423 particulam
1033 2357 1251 2421 utrique
1287 2360 1553 2410 orationis

464 2429 703 2479 membro
749 2426 991 2477 additam
1040 2429 1299 2477 notarunt
1337 2428 1555 2494 Sauppe

464 2499 645 2563 Epist.
710 2497 883 2548 critic.
944 2512 1000 2561 p.
1055 2496 1118 2546 17
1168 2500 1223 2546 et
1276 2498 1550 2562 Hartung.

463 2568 639 2618 Lehre
671 2567 721 2617 d.
761 2566 965 2632 griech.
1001 2566 1215 2618 Partik.
1251 2566 1298 2618 1.
1334 2583 1389 2632 p.
1427 2569 1550 2619 210.

461 2637 802 2688 Nominativi
842 2640 1170 2687 structuram
1220 2630 1407 2699 (αὐτοὶ
1441 2630 1551 2687 δεό-

462 2707 607 2771 σειν)
647 2708 702 2757 iu
737 2706 843 2757 hoc
876 2705 998 2756 loco
1038 2705 1270 2770 aliisque
1304 2708 1551 2758 Herodo-

460 2778 565 2827 teis
604 2775 671 2840 (Ι,
710 2775 796 2828 56.
844 2776 919 2835 ῙῙ,
976 2776 1094 2827 118.
1146 2776 1269 2828 141.
1315 2777 1410 2837 IV,
1462 2776 1548 2843 15)

458 2846 723 2910 explicuit
773 2845 1019 2897 Schoene
1067 2845 1123 2893 in
1166 2845 1318 2897 Diss.
1365 2847 1431 2896 de
1469 2852 1551 2896 at-

455 2916 745 2966 tractionis
783 2915 964 2979 singg.
1002 2913 1233 2977 exempl.
1282 2932 1335 2979 p.
1374 2919 1428 2968 2.
1464 2915 1517 2967 3.

859 3083 990 3134 Cu.
1038 3083 1143 3133 111.

524 3183 774 3251 Δευτέρῃ
829 3178 893 3235 δὲ
928 3181 1115 3251 γενεῇ]
1173 3185 1333 3247 Quod
1376 3184 1543 3249 vulgo

454 3270 597 3306 nuuc
640 3259 889 3305 vertunt:
934 3256 1175 3318 proxima
1219 3260 1416 3316 aetate,
1464 3270 1544 3304 re-

454 3325 596 3375 ctius
646 3324 755 3374 iam
791 3323 1121 3375 Laurentius
1158 3321 1319 3374 Valla
1369 3323 1544 3373 reddi·

453 3394 560 3444 dit:
603 3394 827 3444 secunda
876 3392 1055 3443 abhinc
1092 3400 1277 3443 aetate.
1330 3392 1545 3442 Monuit

453 3462 710 3515 Schultze
744 3464 829 3513 in:
868 3462 1053 3513 Kieler
1077 3462 1234 3514 Stud.
1261 3461 1308 3512 I.
1334 3477 1388 3526 p.
1422 3463 1536 3513 181.

449 3534 535 3584 De
577 3537 821 3598 tempore
867 3529 1105 3597 γενεῶν,
1156 3547 1381 3598 quarum
1427 3536 1537 3582 tres

451 3618 615 3652 unum
673 3603 915 3654 seculum
965 3601 1267 3665 complent,
1319 3600 1432 3653 vid.
1487 3601 1533 3664 1,

451 3673 503 3722 7.
542 3671 617 3732 ΙΙ,
659 3674 759 3721 142
805 3674 989 3737 ibique
1030 3676 1171 3722 nott.
1247 3670 1535 3721 Caeterum

450 3738 598 3789 valet
632 3740 723 3789 hic
745 3739 897 3790 locus
931 3741 1001 3790 ad
1037 3744 1249 3805 tempus
1280 3740 1539 3790 definien-

448 3806 592 3867 dum,
624 3808 770 3871 quod
806 3809 1245 3872 Argonautarum
1282 3810 1424 3859 inter
1451 3825 1538 3859 ex-

449 3875 781 3940 peditionem
815 3882 871 3927 et
904 3876 1103 3926 bellum
1133 3877 1429 3927 Troianum
1458 3879 1539 3926 in-

447 3945 788 3995 tercesserit:
827 3942 1190 4009 quadraginta
1238 3960 1409 3995 annos
1447 3962 1540 4009 po-

446 4014 574 4075 suit,
634 4011 894 4063 laudante
930 4013 1040 4074 Cr..
1100 4012 1163 4063 O.
1223 4012 1290 4062 Ο.
1342 4012 1540 4063 Miiller

449 4082 775 4133 Orchomen.
870 4049 1040 4133 ,306
1083 4080 1413 4131 Larcherum
1459 4098 1539 4132 re-

445 4099 864 4216 prehendens,p
863 4151 957 4227 qui
1001 4164 1123 4200 cum
1168 4149 1303 4199 duas
1348 4149 1537 4213 plenas

444 4220 702 4270 sumserit
749 4209 971 4284 γενεάς,
1037 4218 1325 4282 sexaginta
1368 4218 1537 4269 ferme

447 4303 619 4339 annos
670 4292 951 4352 posuerat.
1021 4287 1102 4337 Ae
1139 4285 1442 4336 Larcherus
1480 4289 1536 4336 in

443 4355 635 4407 tabula
655 4356 1042 4421 chronologica
1068 4354 1156 4418 (T.
1178 4356 1304 4406 VII.
1330 4372 1384 4419 p.
1408 4355 1532 4407 352.

443 4423 570 4491 404)
607 4425 959 4491 Asgonautas
1005 4425 1162 4489 ponit
1208 4440 1351 4474 anno
1397 4424 1533 4478 1363

1664 1466 1717 1503 a.
1757 1452 1883 1502 Chr.
1929 1468 1985 1503 ιι.
2026 1453 2265 1503 Graecos
2312 1451 2515 1502 bellum
2564 1452 2753 1502 Troia-

1663 1530 1790 1571 num
1821 1526 2077 1587 parantes
2114 1521 2251 1573 1289
2282 1537 2334 1572 a.
2359 1522 2485 1572 Chr.
2524 1538 2580 1573 n.
2619 1522 2752 1572 Tro·

1661 1592 1879 1658 iamque
1919 1596 2136 1656 captam
2175 1592 2310 1643 1270
2344 1608 2395 1642 a.
2429 1592 2556 1643 Chr.
2593 1608 2648 1643 n.
2686 1592 2750 1642 In

1661 1677 1767 1725 quo
1808 1678 1928 1713 eum
1953 1662 2128 1712 secuti
2163 1666 2292 1712 sunt
2322 1659 2750 1723 Freret,Raoul-

1657 1731 1939 1794 Rochette,
1978 1731 2092 1795 alii,
2129 1731 2360 1782 eundem
2395 1747 2595 1781 anuum
2617 1733 2752 1781 Tro·

1661 1801 1749 1850 iae
1787 1806 1982 1866 captae
2019 1806 2328 1852 statuentes
2366 1801 2530 1866 idque
2572 1801 2748 1866 ipsum

1660 1870 1731 1920 ad
1768 1871 2035 1922 Herodoti
2070 1872 2452 1922 auctoritatem
2485 1868 2746 1935 (11‚145)

1658 1946 1981 1991 revocantes
2031 1946 2086 1991 et
2139 1941 2256 1991 eius
2313 1940 2609 2002 Herodoti,
2657 1940 2750 2005 qui

1657 2011 1829 2059 vitam
1865 2011 2089 2061 Homeri
2125 2011 2410 2075 scripsisse
2445 2010 2635 2070 fertur,
2670 2014 2750 2059 te-

1657 2080 1913 2131 stimonio
1978 2096 2099 2145 cap.
2171 2079 2241 2131 38
2312 2080 2748 2143 comprobantes.

1658 2149 1785 2201 vid.
1824 2150 2052 2201 Fischer
2090 2149 2308 2200 Griech.
2360 2148 2656 2199 Zeittafeln
2690 2165 2747 2214 p.

1658 2217 1692 2265 9
1730 2235 1882 2284 seqq.
1935 2220 2040 2282 Qui
2089 2218 2472 2269 Eratosthenis
2515 2218 2749 2268 anctori-

1659 2292 1776 2336 tate
1834 2289 2108 2350 nituntur,
2169 2304 2370 2338 annum
2431 2286 2567 2340 1183
2619 2292 2748 2337 ante

1657 2356 1785 2408 Chr.
1825 2373 1879 2408 n.
1917 2361 2154 2422 ponunt:
2193 2357 2304 2409 vid.
2338 2357 2470 2408 ibid.
2511 2374 2565 2423 p.
2607 2359 2661 2409 5.
2692 2362 2747 2407 et

1657 2425 1727 2475 cf.
1769 2425 2006 2476 Clinton.
2043 2427 2200 2476 Fasti
2232 2426 2448 2477 Hellen.
2469 2427 2517 2478 1.
2550 2442 2605 2490 p.
2644 2425 2745 2477 123

1656 2511 1808 2560 seqq.
1849 2495 1988 2558 139„
2040 2496 2134 2560 qui
2167 2496 2288 2560 ipse
2323 2496 2746 2547 Eratosthenem

1655 2568 1903 2627 secutus,
1975 2565 2325 2630 Argonautas
2394 2564 2521 2616 inde
2587 2566 2747 2631 pouit

1656 2649 1798 2684 auno
1854 2635 1990 2686 1225
2031 2650 2082 2685 a.
2121 2634 2248 2685 Chr.
2285 2651 2340 2686 n.
2362 2672 2376 2697 ‚
2428 2635 2572 2700 quod
2609 2651 2743 2686 sane

1654 2702 1845 2753 melius
1900 2705 2157 2754 convenit
2215 2720 2337 2755 cum
2382 2705 2747 2770 quadraginta

1654 2789 1916 2824 annorum
1950 2774 2158 2839 spatio,
2208 2773 2370 2839 quale
2407 2774 2575 2824 ferme
2609 2774 2745 2823 indi

1654 2847 1745 2893 eat
1778 2843 2151 2894 Herodotenm
2186 2837 2421 2908 δευτέρῃ
2455 2873 2526 2883 -
2559 2839 2742 2908 γενεῇ.

1723 2903 1804 2960 δι’
1852 2901 2116 2977 ἁρπαγῆς
2161 2909 2433 2975 γενέσθαι
2477 2927 2531 2961 κ.
2577 2926 2623 2959 τ.
2663 2906 2738 2973 L]

1651 2981 1691 3031 i.
1741 2997 1789 3031 e.
1846 2983 2103 3043 „volrdsse
2144 2982 2245 3033 sibi
2299 2997 2329 3031 e
2385 2982 2606 3031 Graecia
2644 2993 2743 3041 per

1647 3053 1882 3113 rapinam
1900 3065 2200 3114 comparare
2215 3048 2508 3113 feminam.“
2533 3048 2742 3098 Dictio·

1647 3134 1770 3168 nem
1801 3121 1938 3169 satis
1960 3119 2240 3170 illustrant
2277 3135 2311 3169 a
2340 3118 2526 3183 Vigor.
2555 3132 2609 3182 p.
2636 3117 2740 3168 585

1645 3187 1882 3269 prolata.

1717 3271 1849 3305 ουτε
1874 3248 1979 3323 γὰρ
2004 3247 2260 3312 ἐκείνους
2285 3246 2536 3320 διδόναι]
2561 3268 2737 3317 „nam—

1645 3342 1739 3390 que
1773 3328 1888 3377 illos
1921 3342 2018 3377 non
2065 3324 2328 3376 νειίιίενε(ι
2376 3324 2467 3374 Sic
2502 3322 2568 3375 G.
2600 3325 2738 3374 Her·

1643 3410 1827 3445 mann.
1865 3396 1922 3444 in
1960 3393 2336 3459 Opuscc.111.
2376 3408 2431 3456 p.
2467 3393 2568 3443 158
2604 3382 2736 3441 οὔτε

1642 3464 1731 3513 hic
1784 3464 2126 3514 retinendum
2187 3466 2341 3512 ratus
2393 3477 2571 3527 neque
2621 3476 2734 3512 mu-

1640 3532 1867 3583 tandum
1923 3535 1980 3582 in
2050 3522 2213 3595 οὖδέ,
2278 3531 2422 3595 quod
2481 3536 2733 3581 suaserat

1639 3602 1872 3653 Werfer.
1909 3603 1968 3652 in
2001 3603 2151 3654 Actt.
2199 3600 2352 3664 phill.
2396 3601 2645 3651 Monacc.
2685 3600 2730 3661 Ι,

1641 3672 1694 3722 2.
1732 3687 1787 3735 p.
1827 3671 1946 3722 261.
1995 3671 2100 3721 hoc
2136 3685 2328 3721 sensu.
2377 3686 2534 3730 „nam
2575 3686 2637 3719 ne
2672 3670 2735 3717 il-

1641 3742 1719 3791 los
1755 3741 1949 3805 quidem
1968 3740 2232 3791 dedisse.“
2265 3738 2402 3789 Inde
2437 3739 2495 3789 iu
2526 3743 2734 3789 textum

1640 3812 1966 3873 receperunt
2002 3799 2142 3857 οὐδὲ
2175 3808 2345 3860 Dind.
2397 3812 2453 3861 et
2484 3807 2734 3859 Dietsch.

1641 3878 1912 3941 probante
1945 3881 2219 3942 Hartung.
2276 3876 2476 3941 (Lehre
2512 3877 2566 3930 d.
2603 3878 2734 3927 Par-

1642 3946 1743 3997 tik.
1785 3947 1838 3996 d.
1880 3947 2095 3998 Griech.
2122 3946 2364 4010 Spraehe
2407 3946 2454 3997 I.
2491 3963 2547 4011 p.
2586 3944 2731 4010 211),

1642 4015 1737 4079 qui
1788 4029 1921 4064 ουτε
1966 4016 2093 4066 huic
2137 4014 2260 4065 loco
2305 4017 2598 4067 convenire
2642 4030 2732 4064 ne-

1641 4089 1756 4149 gat.
1817 4084 1952 4134 Mihi
2012 4100 2046 4134 a
2088 4084 2347 4134 librorum
2408 4086 2732 4149 scriptorum

1637 4152 1892 4213 lectione,
1932 4168 2095 4217 quam
2130 4159 2280 4205 recte
2326 4155 2500 4205 tuitus
2544 4158 2628 4203 est
2664 4152 2730 4202 G.

1638 4221 2004 4283 Hermaunus,
2041 4222 2187 4272 haud
2227 4222 2614 4272 discedendum
2654 4220 2731 4268 vi-

1639 4287 1815 4339 detur.
1854 4320 1924 4328 —-
1961 4288 2298 4353 πέμψαντας
2335 4295 2546 4340 mutata
2590 4292 2730 4337 stru·

1638 4361 1795 4407 ctura
1836 4359 1973 4408 dixit
2018 4375 2116 4424 pro
2165 4357 2451 4423 πέμψασι,
2502 4372 2612 4422 qua
2661 4356 2730 4407 de

1636 4441 1696 4475 re
1730 4422 1841 4478 vid.
1881 4432 2021 4478 nott.
2061 4425 2131 4476 ad
2164 4427 2209 4489 1,
2253 4425 2336 4476 19.
