3109 5092
514 346 638 409 886
1283 339 1819 403 EXCURSUS
1870 340 2028 399 XIV

517 537 636 573 mus
665 517 840 589 (cons.
875 517 1053 569 Exod.
1093 517 1136 583 1,
1166 518 1219 575 7.
1251 519 1305 575 9.
1341 514 1464 582 12),
1501 513 1677 566 videri
1705 516 2078 579 exstructum3
2126 511 2276 581 quod
2298 510 2606 581 Aegyptios
2638 517 2819 582 post—

519 604 674 658 modo
707 602 784 654 ita
813 602 992 655 fuisse
1021 602 1448 670 interpretatos,
1483 604 1546 650 ut
1572 598 1809 668 plurium
1837 603 1894 649 et
1922 596 2138 667 quidem
2169 595 2454 648 duodecim
2483 597 2819 666 principum

519 706 658 759 opus
687 688 936 740 dicerent
965 685 1353 753 labyrinthum.
1403 684 1603 753 Nuper
1630 683 1698 735 de
1729 681 2029 750 labyrinthi
2060 698 2196 733 voce
2228 680 2309 733 sic
2338 681 2817 734 statuitSickler:

515 771 824 827 Handbuch
857 772 957 824 der
992 771 1136 824 alten
1167 770 1377 838 Geogr.
1408 786 1463 838 p.
1487 771 1610 834 797,
1646 773 1708 819 ut
1733 773 2062 837 exponeret:
2092 761 2509 848 ῃηῖβξϊηξ
2548 764 2813 834 (buvalu-

521 858 812 924 Βϋαηίυι),
845 856 884 908 i.
919 873 969 908 e.
1004 855 1234 910 cohaesit
1262 873 1381 920 arx,
1415 870 1545 922 prox
1574 854 1862 908 cohaerens
1892 870 2023 906 arx:
2054 851 2153 904 das
2183 851 2813 919 zusammenhingende

524 942 752 995 Schloss
785 940 919 993 oder
946 939 1429 1008 Prachtgebiiude!

690 1027 862 1080 Situm
904 1024 1202 1092 labyrinthi
1241 1023 1380 1077 satis
1420 1020 1698 1074 declarare
1744 1019 2005 1073 videntur
2039 1020 2315 1072 Herodoti
2363 1021 2559 1073 verbat
2599 1012 2814 1088 ὀλίγον

517 1106 656 1179 ὑπὲρ
684 1111 783 1180 τῆς
811 1111 1003 1179 λίμνης
1030 1110 1130 1179 τῆς
1149 1110 1391 1176 Μοίριος
1417 1111 1472 1159 et
1499 1121 1643 1175 quae
1672 1111 2004 1175 sequuntur.
2071 1104 2265 1167 Quare
2296 1104 2445 1175 quod
2474 1103 2811 1157 Danvillius

519 1192 786 1265 duplicem
827 1194 1196 1261 labyrinthum
1239 1191 1420 1246 fuisse
1464 1190 1589 1242 olim
1632 1191 1941 1256 statuebat,
1996 1189 2378 1260 Herodotique
2422 1189 2813 1256 labyrinthum

522 1279 1036 1348 Heracleopolitano
1071 1295 1228 1331 nomo
1260 1275 1596 1343 adscriptum
1624 1274 1845 1327 volebat
1884 1290 2057 1343 prope
2094 1273 2577 1344 septentrionalem
2605 1274 2810 1327 termi-

524 1379 651 1416 num
694 1362 815 1415 eius
856 1361 1095 1429 canalis,
1141 1362 1237 1432 qui
1278 1378 1426 1413 nunc
1466 1358 1685 1427 quidem
1729 1357 2041 1428 appelletur
2070 1358 2315 1423 Bathen,
2358 1358 2570 1427 lapsum
2612 1358 2811 1411 fuisse

521 1447 701 1499 virum
741 1445 1024 1514 egregium
1070 1444 1196 1516 ipsa
1233 1443 1502 1497 Herodoti
1547 1444 1717 1495 verba
1762 1448 1929 1512 atque
1968 1442 2262 1496 Strabonis
2301 1442 2464 1495 facile
2506 1442 2807 1495 evincunt.

525 1531 707 1583 Unum
749 1537 960 1584 tantum
1003 1530 1060 1581 in
1095 1529 1350 1600 Aegypto
1390 1528 1795 1580 commemorari
1835 1526 2205 1595 labyrinthum
2247 1544 2281 1580 a
2326 1526 2612 1580 veteribus
2642 1536 2809 1580 recte

524 1614 714 1685 posuit
743 1614 930 1684 zoega
957 1615 1027 1668 de
1059 1614 1219 1667 obell.
1253 1631 1307 1683 p.
1343 1617 1450 1672 418
1477 1618 1593 1665 not.
1611 1619 1679 1671 10
1705 1612 1808 1664 hoc
1838 1610 2075 1665 addens:
2117 1611 2381 1682 reliquias
2412 1611 2534 1664 eius
2562 1611 2811 1681 'primum

523 1699 805 1753 detexisse
836 1700 1039 1752 Lucam
1071 1715 1244 1769 prope
1271 1695 1541 1751 Moeridis
1570 1696 1745 1749 lacum
1788 1714 1853 1749 eo
1886 1695 2035 1763 loco,
2079 1697 2175 1767 qui
2206 1712 2355 1749 nunc
2383 1696 2599 1749 dicatur
2630 1698 2810 1751 Κων-

525 1786 725 1851 Geron,
765 1783 804 1835 i.
843 1802 892 1836 e.
926 1803 1030 1839 arx
1061 1784 1303 1838 Gerrunio.
1366 1783 1507 1835 Nam
1545 1781 1770 1833 multum
1806 1781 1931 1833 olim
1959 1780 2322 1852 disceptatum
2354 1786 2443 1833 est
2468 1781 2613 1834 inter
2640 1781 2808 1833 viros

524 1869 747 1935 doctos,
804 1867 1102 1936 labyrinthi
1151 1874 1333 1920 utrum
1389 1866 1500 1919 ulla
1549 1865 1767 1919 omnino
1820 1865 2109 1936 supersint
2151 1864 2356 1918 rudera
2409 1882 2612 1933 necne3
2675 1865 2805 1918 vid.

524 1951 681 2005 modo
710 1951 879 2005 Beck.
913 1952 950 2004 Ι.
983 1952 1021 2004 Ι.
1066 1971 1121 2021 p.
1150 1955 1256 2012 722
1288 1958 1344 2004 et
1369 1950 1558 2019 zoega
1586 1951 1622 2003 l.
1655 1950 1692 2003 Ι.
1759 1951 1971 2003 Nostra
2006 1956 2186 2003 aetate
2216 1950 2530 2002 accuratius
2571 1949 2628 2002 in
2659 1950 2808 2003 haec

525 2035 941 2106 inquisiverunt
975 2035 1120 2089 docti
1156 2035 1301 2088 Galli
1343 2035 1378 2087 Ι.
1412 2034 1450 2088 Ι.
1499 2054 1555 2104 p.
1589 2040 1678 2094 32.
1740 2033 1966 2087 Minime
2004 2034 2145 2086 enim
2188 2053 2253 2087 eo
2288 2035 2437 2102 loco,
2484 2034 2581 2086 ubi
2608 2036 2807 2087 Lucas

527 2120 730 2190 aliique
763 2120 966 2173 rudera
998 2119 1298 2187 labyrinthi
1327 2118 1608 2172 detexisse
1641 2118 1747 2172 sibi
1776 2119 2138 2184 videbantur,
2181 2119 2485 2186 labyrinthi
2528 2118 2804 2188 reliquias

527 2221 652 2256 esse
687 2205 1035 2273 quaerendas
1076 2203 1305 2270 docent3
1360 2218 1501 2273 quae
1533 2220 1706 2272 prope
1741 2201 2125 2255 Kesr-Caron
2171 2202 2321 2273 (sive
2350 2204 2805 2271 Bucar-Keroun)

525 2287 887 2339 inveniantur
919 2288 1150 2355 rudera,
1196 2304 1262 2338 ea
1295 2287 1363 2339 ad
1404 2285 1605 2355 templa
1640 2286 1918 2356 pertinere
1948 2301 2097 2338 nuuc
2124 2286 2328 2340 diruta.
2396 2287 2519 2339 Vid.
2555 2288 2799 2340 Iomard.

524 2370 562 2421 Ι.
595 2369 632 2421 Ι.
668 2386 722 2439 p.
759 2372 828 2427 13
859 2387 1017 2440 seqq.
1049 2370 1172 2423 coll.
1205 2369 1415 2423 Ritterz
1455 2363 1764 2424 Erdkunde
1794 2370 1840 2421 I.
1874 2388 1928 2441 p.
1959 2375 2066 2429 810
2093 2388 2208 2440 seq.
2249 2378 2305 2423 et
2337 2372 2403 2424 L.
2436 2371 2505 2424 de
2538 2373 2801 2425 Labor-de

524 2453 583 2506 in
614 2452 806 2507 Revue
834 2455 1114 2523 francaise
1146 2458 1300 2514 1829.
1335 2455 1498 2508 Janv.
1532 2459 1692 2524 p.70.
1735 2455 2133 2522 Labyrinthum
2161 2473 2227 2507 eo
2247 2454 2434 2524 potius
2465 2455 2584 2507 loco
2612 2455 2799 2509 fuisse

527 2537 870 2605 existimant,
925 2539 1020 2591 ubi
1049 2539 1255 2592 canalis
1284 2539 1340 2591 in
1373 2538 1642 2592 Moeridis
1676 2538 1850 2592 lacum
1880 2556 1942 2591 se
1969 2538 2229 2592 infundat
2257 2545 2314 2591 et
2342 2540 2583 2608 pyramis
2614 2540 2801 2593 adhuc

526 2622 900 2693 conspiciatur
941 2630 1183 2694 quatuor
1234 2623 1481 2676 laterum.
1556 2623 1794 2692 Magnos
1834 2623 2091 2677 ruderum
2144 2622 2499 2694 lapidumque
2544 2624 2796 2677 cumulos

524 2706 635 2759 illic
672 2714 1026 2761 coacervatos
1069 2726 1224 2776 esse,
1269 2708 1599 2779 conspicuos
1642 2708 1787 2760 haud
1829 2706 1994 2776 longe
2033 2725 2066 2759 a
2102 2707 2223 2760 vico
2264 2710 2590 2777 Hooudruh,
2637 2713 2699 2761 ut
2730 2709 2795 2761 ia

524 2792 729 2861 quibus
752 2793 840 2845 vel
861 2792 1113 2862 singulae
1136 2793 1398 2863 quaedam
1421 2798 1609 2862 partes
1634 2791 1818 2863 operis
1832 2792 1991 2861 plane
2011 2793 2282 2845 destructi
2306 2792 2549 2847 discerni
2566 2800 2792 2863 queant.

525 2876 738 2929 Arabes
770 2882 980 2943 autem,
1022 2878 1116 2947 qui
1153 2879 1445 2930 thesauros
1478 2878 1873 2930 subterraneos
1902 2876 1960 2929 in
1991 2877 2092 2929 hoc
2136 2877 2384 2930 aedificio
2415 2877 2586 2931 latere
2630 2884 2793 2947 puta·

525 2960 725 3025 verint,
755 2960 893 3012 illud
919 2968 1171 3014 vastasse
1194 2961 1354 3014 iidem
1378 2961 1484 3013 viri
1510 2961 1657 3013 docti
1677 2960 2052 3031 suspicantur.
2094 2960 2221 3014 Vid.
2246 2962 2523 3030 Descript.
2550 2961 2617 3015 de
2640 2961 2790 3029 l'Eg.

525 3042 564 3094 l.
596 3041 631 3093 l.
667 3061 721 3111 p.
736 3047 806 3102 32
821 3061 996 3112 seqq„
1032 3045 1230 3098 Ritter.
1263 3045 1300 3096 Ι.
1334 3046 1368 3097 Ι.
1401 3045 1427 3095 1
1457 3064 1512 3114 p.
1545 3048 1651 3105 798
1678 3062 1818 3113 seq„
1851 3044 2131 3098 Mannert.
2172 3044 2206 3096 Ι.
2249 3045 2284 3097 l.
2316 3050 2491 3115 p.443
2513 3063 2633 3115 seq.
2664 3044 2794 3097 Bel-

526 3125 746 3180 zonium
786 3127 838 3179 si
884 3128 1109 3195 audias,
1163 3129 1218 3179 in
1264 3127 1588 3180 occidentali
1627 3126 1781 3180 lacus
1810 3134 1968 3198 parte
2010 3128 2151 3181 haud
2182 3129 2347 3197 longe
2394 3147 2427 3181 a
2455 3129 2574 3182 loco
2604 3129 2791 3196 Tirsa,

528 3211 622 3263 ubi
657 3210 856 3264 multae
899 3219 1032 3265 sunt
1071 3211 1439 3265 columnarum
1471 3211 1766 3281 reliquiae,
1809 3210 2157 3280 labyrinthus
2188 3218 2507 3266 exstructus
2547 3231 2673 3268 esse
2708 3213 2791 3265 vi—

524 3295 706 3349 detur.
770 3295 934 3349 Cons.
968 3296 1020 3349 J.
1037 3296 1385 3349 deHammer.
1416 3296 1472 3347 in
1498 3294 1716 3347 Annall.
1749 3294 2082 3350 Viennenss.
2115 3296 2223 3349 vol.
2237 3296 2385 3349 XLV
2399 3298 2612 3368 (1829).
2631 3315 2684 3367 p.
2697 3301 2788 3356 31.

526 3379 641 3444 Qui
685 3386 815 3449 post
841 3379 1031 3433 Gallos
1068 3379 1193 3433 illos
1236 3380 1427 3434 doctos
1460 3380 1769 3448 Aegyptum
1810 3381 2251 3449 perlustrarunt,
2298 3381 2392 3433 vix
2423 3381 2792 3448 labyrinthum

528 3464 864 3531 attigerunt,
912 3464 1073 3518 cuius
1105 3466 1268 3518 situm
1301 3472 1449 3518 recte
1479 3463 1747 3516 indicavit
1778 3481 1923 3518 unus
1954 3464 2267 3518 Wilkinson
2298 3465 2701 3536 (Topography
2735 3467 2797 3518 of

526 3548 748 3601 Thebes
777 3567 830 3617 p.
845 3553 971 3607 355.
1014 3549 1281 3602 Manners
1310 3551 1417 3602 and
1446 3549 1608 3601 Cust.
1643 3566 1752 3601 sec.
1792 3566 1903 3601 ser.
1920 3548 1993 3600 ΙΙ.
2028 3567 2082 3620 p.
2100 3549 2231 3616 158)
2259 3566 2434 3619 prope
2460 3548 2790 3619 pyramidem

524 3632 697 3701 illam,
742 3648 883 3702 quae
930 3630 1106 3685 adhuc
1146 3633 1485 3702 conspicitur
1534 3650 1644 3685 non
1686 3631 1970 3685 admodum
2012 3640 2220 3685 remota
2259 3650 2293 3686 a
2330 3633 2452 3685 vico
2495 3634 2791 3688 Romamn

526 3716 647 3768 sive
673 3719 766 3786 (ut
794 3715 988 3768 scribit
1016 3715 1108 3770 ille
1142 3716 1398 3785 Anglice)
1426 3717 1691 3781 Honora,
1736 3717 1835 3787 qui
1878 3716 2046 3770 unius
2091 3719 2262 3770 ferme
2304 3716 2539 3769 milliarii
2569 3715 2786 3785 Anglici

526 3799 706 3868 spatio
743 3799 915 3852 distat
941 3801 1010 3852 ab
1042 3801 1180 3853 urbe
1208 3799 1615 3870 Crocodilopoli
1649 3819 1696 3853 s.
1727 3802 1994 3868 Fayoum.
2055 3801 2384 3854 Accuratius
2414 3816 2622 3854 omnem
2652 3801 2791 3853 hanc

527 3881 805 3949 regionem
839 3884 1172 3953 perquisivit
1200 3885 1472 3954 Lepsius,
1522 3885 1619 3954 qui
1652 3884 1707 3935 in
1739 3884 1881 3955 ipsis
1909 3884 2206 3953 labyrinthi
2240 3885 2538 3938 ruderibus
2565 3885 2789 3952 longius

527 3972 885 4019 commoratus
928 3968 1029 4020 hoc
1068 3969 1224 4037 ipso,
1268 3985 1378 4038 quo
1419 3968 1562 4035 dixi,
1622 3968 1774 4035 loco,
1828 3968 1984 4021 iuxta
2022 3968 2352 4038 pyramidem
2391 3968 2568 4033 illam,
2621 3968 2788 4019 maxi-

526 4065 661 4102 mam
691 4048 950 4101 ruderum
981 4050 1146 4120 longe
1175 4051 1395 4121 lateque
1425 4052 1803 4121 dispersorum
1831 4051 2037 4121 molem,
2074 4066 2216 4123 quae
2244 4069 2277 4104 a
2303 4050 2601 4122 pyramidis
2628 4053 2789 4104 fasti-

526 4133 620 4203 gio
649 4134 789 4185 bene
818 4134 1064 4202 conspici
1097 4140 1310 4204 potest,
1353 4134 1576 4190 invenit
1611 4135 1880 4207 simulque
1906 4135 2244 4189 infinitarum
2275 4134 2529 4189 cellarum
2561 4134 2648 4187 vel
2678 4152 2790 4188 ma-

524 4218 702 4271 iorum
746 4215 831 4269 vel
871 4217 1136 4271 minorum
1182 4217 1479 4289 reliquias,
1525 4219 1794 4290 ipsosque
1834 4219 2046 4289 lapides
2089 4220 2269 4287 regis,
2326 4235 2488 4289 quem
2533 4219 2788 4286 diximus,

527 4320 719 4355 nomen
743 4300 1106 4369 declarantes,
1141 4305 1203 4352 ut
1231 4301 1300 4355 de
1329 4301 1643 4370 labyrintho
1674 4320 1821 4357 nunc
1850 4303 2090 4356 dubitari
2112 4309 2368 4373 nequeat.
2416 4303 2789 4371 Conspectum

532 4386 788 4438 ruderum
819 4403 947 4438 aere
979 4402 1300 4457 expressum
1339 4386 1588 4440 exhibuit
1616 4386 1755 4440 idem
1796 4387 1881 4440 vir
1918 4387 2115 4441 doctus
2158 4387 2215 4440 in
2249 4405 2415 4458 opere
2452 4385 2786 4460 splendidi&
