3109 5092
429 335 510 396 72
1289 326 1836 391 HERODOTI

430 535 551 600 ρας
588 512 931 596 διηκοσίας
978 503 1091 573 καὶ
1116 507 1675 609 ,ξεντακισχιλίας
1727 504 1840 574 καὶ
1890 505 2280 591 δισμυρίας,
2344 501 2710 586 ἐμβολίμου

423 711 610 763 dotum
657 705 949 756 tradidisse
996 701 1186 766 videri,
1236 704 1513 753 sententia

425 783 510 831 est
553 775 782 827 Wurmii
827 773 918 835 (de
962 772 1166 837 pondd.
1216 774 1414 825 ration.
1454 789 1508 838 p.

427 849 549 911 170)
589 852 754 912 atque
766 842 1051 894 Letronnii
1073 842 1130 890 in
1158 842 1391 894 Journal
1415 843 1509 893 des

426 918 639 969 Savans
680 912 832 965 1836.
882 928 936 977 p.
987 912 1109 961 244.
1180 911 1321 960 Nam
1366 912 1513 962 infra

428 988 503 1049 ΙΙ,
543 989 595 1037 4.
631 985 750 1049 ipse
795 979 1107 1031 Herodotus
1157 980 1397 1030 Graecos
1434 982 1512 1031 ait

424 1055 589 1107 tertio
627 1067 842 1119 quoque
879 1064 1022 1100 anno
1069 1062 1308 1098 mensem
1350 1050 1513 1099 inter-

426 1124 664 1178 calarem
708 1121 971 1181 adiicere,
1018 1116 1077 1165 id
1134 1116 1278 1181 quod
1325 1117 1517 1168 huicce

424 1195 547 1245 loco
584 1205 805 1257 prorsus
841 1188 1177 1251 refragatur,
1217 1186 1312 1235 ubi
1345 1186 1517 1236 altero

426 1277 643 1329 quoque
677 1275 820 1309 anno
853 1271 1094 1308 mensem
1124 1254 1255 1304 addi
1286 1254 1407 1304 vult
1425 1256 1521 1305 So-

427 1333 499 1384 lo.
571 1330 716 1381 Hinc
771 1328 925 1377 vario
975 1325 1136 1374 modo
1184 1328 1239 1373 et
1297 1324 1417 1373 loco
1466 1328 1521 1373 et

428 1398 733 1451 sententiae
788 1395 992 1446 mederi
1042 1391 1367 1443 studuerunt
1419 1393 1523 1442 viri

434 1468 607 1530 docti,
668 1480 803 1530 quos
855 1462 1111 1515 laudatos
1164 1463 1408 1512 invenies
1466 1462 1523 1510 in

429 1534 783 1589 annotatione
888 1530 1239 1595 Wesselingii
1353 1535 1518 1595 atque

430 1603 735 1671 Schweigh.
786 1601 858 1652 ad
900 1602 954 1653 h.
1005 1600 1044 1653 l.
1104 1600 1270 1663 Sunt,
1307 1601 1402 1665 qui
1438 1616 1518 1649 er-

429 1676 568 1726 roris
604 1676 856 1723 incusent
902 1670 1247 1736 scriptorem,
1297 1670 1355 1718 in
1402 1670 1518 1733 qui-

430 1747 533 1796 bus
570 1758 739 1794 unum
780 1741 869 1791 hic
918 1739 1138 1791 nomino
1190 1741 1299 1789 los.
1346 1739 1516 1789 Scali-

431 1829 638 1881 gerum,
689 1811 783 1877 qui
818 1809 986 1860 talem
1022 1825 1201 1859 annum
1247 1811 1517 1858 comenti-

430 1888 545 1934 tium
599 1881 853 1931 Herodoti
914 1883 1078 1928 vocat
1137 1876 1243 1943 (De
1302 1878 1513 1927 emend.

429 1958 631 2017 tempp.
680 1950 802 1999 Lib.
851 1948 899 1999 1.
958 1953 1094 1998 extr.
1153 1964 1208 2012 p.
1258 1946 1326 1998 59
1374 1944 1513 2012 sq.);

430 2037 549 2082 nec,
573 2019 892 2085 praesertim
929 2017 984 2065 in
1010 2016 1247 2066 secunda
1283 2016 1515 2078 ratione,

433 2090 631 2142 erroris
669 2086 982 2151 suspicione
1027 2086 1347 2149 scriptorem
1388 2085 1517 2133 libc-

432 2159 542 2209 rari
578 2172 757 2223 posse,
795 2160 1203 2204 nostra.aetate
1239 2153 1521 2203 contendit

435 2229 616 2278 Sturz.
665 2227 721 2273 in
770 2222 1087 2272 defensione
1139 2223 1211 2271 H.
1259 2222 1521 2287 Stephani

431 2297 783 2361 (Commentt.
849 2291 1040 2340 societ.
1114 2289 1301 2354 philol.
1367 2292 1519 2354 Lips.

434 2367 513 2427 ΙΙ,
551 2365 602 2413 2.
642 2377 697 2426 p.
735 2358 881 2423 239),
922 2372 1045 2409 cum
1076 2359 1278 2408 Atticis
1307 2359 1520 2409 Solonis

435 2435 618 2485 aetate
651 2446 762 2480 non
799 2429 907 2478 nisi
953 2428 1056 2480 360
1102 2427 1311 2477 dierum
1348 2442 1522 2477 annus

433 2505 491 2553 in
520 2516 625 2551 usu
649 2500 834 2553 fuerit.
870 2497 1133 2549 Librariis
1171 2513 1406 2547 errorem
1430 2499 1524 2547 tri-

435 2571 529 2622 bui
556 2585 720 2635 posse
755 2566 906 2619 idem'
934 2571 1117 2632 negat.
1157 2567 1293 2616 Aliis
1330 2568 1524 2631 proba-

435 2641 596 2692 bilior
631 2639 755 2689 visa
790 2642 875 2689 est
908 2638 1044 2688 haec
1073 2636 1245 2699 ratio,
1286 2651 1393 2700 qua
1431 2638 1525 2687 So-

432 2711 613 2761 lonem
646 2709 737 2758 hic
770 2709 947 2762 minus
988 2708 1321 2757 Graecorum
1366 2721 1527 2770 quam

435 2780 713 2844 Lydorum
747 2794 777 2828 e
814 2776 1039 2827 calculis
1069 2790 1271 2825 annum
1305 2774 1527 2825 definire

434 2852 765 2908 statuerent3
826 2847 920 2911 qui
982 2861 1106 2895 cum
1170 2844 1527 2909 probabiliter

432 2917 534 2966 350
589 2916 751 2965 fuerit
801 2915 1035 2974 dierum,
1086 2913 1310 2962 alternis
1363 2914 1526 2963 inter-

438 2983 800 3035 calationibus
839 2982 903 3032 15
940 2981 1054 3030 dies
1105 2982 1350 3030 adiectos
1389 2997 1524 3045 esse,

430 3053 627 3118 quibus
676 3050 808 3100 solis
864 3050 1051 3100 cursui
1096 3050 1528 3102 accommodare-

432 3128 540 3172 tur.
597 3120 753 3170 Unde
798 3120 854 3168 in
890 3120 1171 3169 Herodoto
1209 3119 1524 3183 legendum:

429 3182 640 3255 ἡμέρας
690 3185 1070 3251 πεντηκοσίας
1106 3182 1200 3236 καὶ
1237 3202 1527 3250 τετρακισ-

430 3257 615 3324 χιλίας
672 3252 770 3306 καὶ
827 3252 1130 3321 δισμυρίας
1190 3255 1419 3320 (24500)
1472 3263 1527 3308 et

431 3329 713 3392 deinceps:
772 3318 1129 3389 πεντήκοντα
1178 3320 1275 3374 καὶ
1320 3340 1524 3376 πεντα-

434 3395 646 3446 κοσίων
669 3390 765 3445 καὶ
782 3392 1253 3458 πεντακισχιλίων
1278 3390 1376 3444 καὶ
1399 3393 1520 3444 δισ-

431 3464 653 3530 μυρίων
706 3463 944 3530 (25550).
1054 3464 1119 3513 In
1184 3462 1294 3514 alia
1344 3466 1526 3515 omnia

434 3536 551 3585 abit
618 3534 1075 3599 wyttenbachius
1157 3533 1380 3585 Selectt.
1444 3535 1523 3584 hi-

437 3609 569 3654 stor.
608 3620 663 3668 p.
701 3603 805 3655 348
841 3621 924 3669 sq.
960 3605 1203 3655 Priorem
1241 3605 1385 3654 enim
1416 3605 1524 3653 He-

434 3673 615 3722 rodoti
647 3689 926 3724 numerum
950 3672 1287 3739 probabilem
1318 3679 1523 3737 censet,

437 3755 560 3790 cum
610 3742 923 3792 Herodotus
982 3743 1098 3808 ipse
1156 3741 1260 3793 360
1319 3744 1526 3793 dierum

435 3823 638 3859 annum
672 3812 1016 3861 constituerit
1051 3811 1128 3872 11,
1173 3813 1225 3860 4.
1281 3812 1388 3875 ΙΙΙ,
1434 3812 1524 3863 90.

438 3875 545 3927 Sed
581 3876 751 3927 altero
787 3879 947 3929 modo
987 3881 1045 3928 in
1079 3895 1359 3930 numerum
1394 3881 1526 3930 anni

437 3946 643 3996 dierum
675 3943 777 3996 375
814 3948 1010 3996 vitium
1054 3948 1337 4009 irrepsisse
1386 3950 1526 4000 arbi-

437 4018 613 4064 tratur
647 4015 1006 4079 voculamque
1045 4011 1380 4096 τοῦτερον
1415 4034 1528 4067 mu-

435 4088 608 4133 tatam
626 4082 744 4132 vult
781 4084 837 4132 in
872 4074 1180 4132 τοῦκτον
1210 4082 1293 4147 (το
1320 4080 1526 4149 ἕκτον),

433 4160 647 4212 sextunx,
671 4168 779 4217 quo
812 4168 986 4203 annus
1018 4152 1144 4202 inde
1168 4154 1398 4203 exsistat
1420 4154 1528 4204 die-

433 4237 551 4271 rum
584 4221 704 4283 365,
750 4238 1027 4287 quum.sc.
1064 4228 1250 4273 sextus
1301 4223 1528 4288 quisque

435 4305 608 4340 annus
641 4306 880 4344 mensem
899 4292 1116 4342 ’habeat
1143 4293 1528 4343 intercalarem

436 4360 644 4413 dierum
689 4361 757 4414 30
816 4366 871 4413 et
926 4362 1299 4431 uuusquisque
1353 4379 1526 4417 annus

1613 707 1728 758 dies
1765 704 2118 756 intercalares
2155 705 2411 769 quinque.
2453 703 2613 754 Unde
2648 705 2707 753 in

1613 776 1967 842 sequentibus
2016 790 2230 839 quoque
2273 774 2453 823 verbis
2508 789 2707 838 magna

1613 846 1696 895 illi
1741 862 1877 912 opus
1935 846 2266 905 mutatione,
2328 859 2437 909 qua
2495 844 2707 893 scilicet

1615 917 1818 966 iustum
1872 916 1931 964 in
1988 930 2268 964 numerum
2332 913 2512 964 omnia
2569 913 2707 963 redi-

1616 990 1832 1052 gantur.
1883 985 2060 1035 Scribi
2106 986 2248 1034 enim
2305 983 2451 1033 vult:
2493 1011 2563 1022 -—-
2643 979 2705 1045 ῆ-

1618 1069 1710 1112 νες
1733 1048 1838 1120 μὲν
1861 1046 2018 1117 παρὰ
2052 1046 2121 1101 τὰ
2153 1043 2182 1102 ἕ
2217 1045 2545 1117 δομήκοντα
2582 997 2707 1101 ἔτεα

1617 1123 2006 1189 γίγνονται
2068 1116 2161 1171 δώ
2220 1136 2342 1171 sna
2402 1118 2708 1176 δέοντος

1619 1190 2111 1258 τριτημορίου·
2153 1182 2358 1254 ἡμέραι
2391 1183 2454 1238 δὲ
2498 1180 2558 1238 ἐκ
2594 1185 2710 1237 τῶν

1622 1260 1817 1322 μηνῶν
1868 1252 2088 1310 τούτων
2135 1250 2536 1324 τριηκόσιοι
2591 1252 2709 1306 καὶ

1624 1324 1915 1402 πεντήκο
1932 1343 2081 1377 ντα·
2121 1326 2370 1378 τουτέων
2393 1326 2509 1377 τῶν
2532 1317 2707 1377 ἁπασ.

1624 1385 1720 1459 ἡμ.
1757 1409 1872 1443 των
1906 1387 1961 1453 ἐς
1994 1390 2064 1446 τὰ
2112 1389 2229 1466 ἕβδ.
2277 1393 2425 1461 ἔτεα,
2466 1386 2710 1446 ἐουσέων

1626 1454 1979 1525 πεντήκοντα
2045 1462 2143 1519 καὶ
2219 1464 2711 1529 πεντηκοσίων

1623 1526 1721 1581 καὶ
1772 1534 2359 1609 πΙεντακισχιλίων
2419 1532 2514 1585 καὶ
2552 1533 2705 1583 δισ-

1622 1612 1930 1666 μυριεων
1982 1613 2034 1646 κ.
2079 1618 2125 1650 τ.
2178 1603 2226 1653 λ.
2311 1607 2464 1667 Quae
2518 1605 2712 1669 utique

1621 1668 1768 1720 haud
1806 1666 1938 1716 talia
1975 1673 2118 1729 sunt,
2143 1687 2281 1733 quae
2307 1675 2557 1739 cuiquam
2587 1689 2709 1738 pro-

1620 1738 1743 1790 bari
1776 1735 2005 1801 possint.
2057 1736 2133 1785 Ut
2169 1741 2308 1789 enim
2355 1744 2474 1793 viro
2512 1743 2711 1793 doctis-

1623 1810 1759 1858 simo
1790 1806 1848 1855 id
1883 1804 2105 1869 largiar,
2127 1805 2461 1860 Herodotum
2496 1828 2604 1861 non
2631 1814 2710 1861 ita

1623 1875 1925 1939 scripsisse,
1967 1874 2415 1938 quemadmodum
2448 1895 2592 1931 nunc
2637 1881 2709 1931 le-

1619 1951 1807 2013 gatur,
1847 1944 1988 1993 idem
2035 1950 2216 1993 tamen
2269 1948 2535 1997 contendo
2572 1950 2712 2000 hanc

1620 2013 1982 2078 corruptelam
2043 2012 2290 2063 altiorem
2345 2028 2496 2074 esse,
2551 2033 2710 2080 quam

1621 2102 1760 2151 quae
1791 2085 1858 2133 iis
1898 2081 2068 2146 copiis
2108 2097 2268 2130 manu
2297 2082 2540 2146 scriptis,
2579 2101 2713 2148 quas

1624 2171 1721 2204 nos
1756 2154 2036 2211 habemus,
2076 2150 2260 2201 sanari
2296 2152 2493 2214 possit.
2526 2152 2715 2216 Neque

1624 2224 1681 2273 id
1717 2222 1948 2271 multum
1982 2220 2147 2282 valet,
2196 2220 2341 2284 quod
2386 2219 2712 2270 Plutarchus

1625 2294 1681 2341 in
1704 2293 1821 2341 vita
1839 2290 2054 2340 Solonis
2081 2306 2130 2339 c.
2152 2291 2218 2339 27
2242 2289 2569 2354 colloquium
2593 2289 2715 2339 hoc-

1625 2378 1687 2413 ce
1719 2374 1946 2409 narrans
1997 2358 2139 2408 hanc
2183 2374 2449 2408 annorum
2487 2357 2715 2408 dierum-

1627 2445 1732 2494 que
1753 2428 2213 2479 enumerationem
2236 2444 2459 2492 prorsus
2484 2429 2721 2490 omittat,

1627 2502 1722 2549 aut
1770 2499 1826 2546 in
1863 2496 2000 2546 libro
2049 2495 2115 2545 de
2160 2496 2504 2562 malignitate
2551 2499 2722 2547 Hero-

1629 2568 1762 2631 doti,
1790 2566 1884 2616 ubi
1921 2565 2058 2616 alios
2089 2566 2278 2615 Nostri
2314 2583 2521 2617 errores
2561 2567 2721 2616 casti-

1628 2642 1742 2703 gat,
1796 2636 1901 2686 hac
1955 2634 2021 2685 de
2069 2650 2127 2685 re
2183 2638 2386 2686 taceat.
2456 2638 2721 2687 Neutrum

1629 2707 1772 2757 enim
1805 2705 1918 2756 tale
1952 2720 2073 2755 esse
2107 2710 2268 2769 puto,
2313 2722 2378 2755 ex
2427 2721 2532 2770 quo
2584 2706 2718 2755 certi

1629 2776 1761 2851 quid
1793 2774 1864 2825 ad
1882 2775 2150 2825 Herodoti
2180 2774 2359 2825 locum
2397 2775 2594 2824 coniici
2626 2780 2721 2824 aut

1629 2844 1882 2896 concludi
1921 2849 2111 2908 queat3
2151 2845 2208 2894 in
2254 2860 2359 2909 quo
2404 2844 2454 2893 si
2491 2844 2720 2909 scripto-

1629 2931 1741 2964 rem
1776 2916 1956 2978 ipsum
1997 2918 2110 2975 aut,
2150 2913 2245 2978 qui
2284 2914 2352 2964 ab
2391 2930 2454 2963 eo
2490 2913 2718 2978 loquens

1627 2984 1922 3045 inducitur,
1967 2982 2222 3034 Solonem
2256 2998 2465 3032 errasse
2497 2987 2719 3033 temere-

1629 3067 1735 3117 que
1761 3058 2105 3116 computasse
2135 3053 2352 3113 dixeris,
2376 3051 2592 3102 facilius
2617 3052 2720 3101 uti-

1629 3137 1734 3189 que
1763 3136 1849 3169 res
1885 3126 2258 3185 componetur.
2307 3120 2415 3171 Sed
2453 3122 2507 3171 id
2544 3122 2719 3186 ipsum

1629 3194 1872 3240 statuere
1921 3190 2164 3254 proclive
2215 3190 2430 3240 videtur
2477 3189 2722 3255 adeoque

1630 3258 2004 3318 temerarium;
2070 3260 2317 3325 quamvis
2369 3265 2552 3311 aetate
2607 3265 2720 3310 tam

1627 3332 1837 3378 remota
1874 3331 2175 3392 temporum
2197 3331 2463 3380 rationem
2502 3345 2722 3379 accura-

1628 3402 1848 3462 tamque
1895 3398 2027 3447 anni
2071 3413 2137 3448 ac
2192 3399 2459 3449 mensium
2520 3399 2721 3449 descri-

1628 3467 1870 3531 ptionem
1905 3466 2216 3517 institutam
2260 3467 2431 3519 fuisse
2462 3469 2558 3517 vix
2605 3485 2720 3518 cre-

1630 3535 1795 3585 dibile
1816 3535 1906 3584 sit.
1951 3537 2036 3585 Tu
2060 3535 2172 3587 vid.
2188 3537 2383 3587 Ukert.
2416 3535 2494 3601 (in
2518 3538 2717 3602 Geogr.

1629 3606 1839 3656 Romm.
1888 3608 1943 3654 et
1989 3604 2213 3657 Graccc.
2263 3606 2308 3669 1,
2363 3608 2416 3657 2.
2469 3622 2523 3670 p.
2567 3607 2720 3671 157),

1631 3674 1725 3738 qui
1756 3673 1858 3722 hoc
1895 3674 2073 3739 ipsum
2120 3676 2256 3724 satis
2303 3675 2486 3725 valere
2536 3676 2722 3725 existi-

1629 3747 1761 3803 mat,
1792 3757 1898 3807 quo
1935 3743 2115 3792 minus
2152 3744 2209 3794 in
2237 3744 2502 3794 Herodoti
2539 3745 2722 3793 verbis

1631 3813 1926 3876 quidquam
1955 3812 2283 3863 immutetur.
2337 3811 2486 3862 Idem
2526 3815 2725 3863 statuit

1630 3881 1808 3931 Ideler
1851 3879 2160 3944 (Lehrbuch
2201 3881 2254 3931 d.
2302 3881 2629 3947 Chronolog.
2666 3899 2722 3949 p.

1635 3950 1753 4000 121.
1789 3950 2114 4001 Handbuch.
2153 3952 2199 4001 1.
2223 3967 2277 4016 p.
2317 3950 2462 4016 271),
2491 3968 2726 4002 errorem

1634 4035 1845 4069 omnem
1882 4019 2008 4070 inde
2052 4026 2329 4085 repetens,
2373 4020 2521 4085 quod
2554 4023 2726 4072 Hero-

1633 4086 1793 4137 dotus
1845 4094 2100 4139 naturam
2158 4090 2454 4141 trieteridis
2513 4090 2724 4141 Soloni-

1633 4172 1731 4207 cae
1765 4172 1877 4207 non
1908 4159 2045 4208 satis
2079 4163 2227 4210 recte
2256 4158 2724 4225 comprehenderit

1633 4241 1859 4291 eamque
1907 4228 1974 4277 ob
2023 4244 2246 4279 causam
2295 4231 2459 4279 etiam
2505 4228 2575 4277 ad
2622 4243 2722 4278 nu-

1631 4310 1807 4346 meros
1849 4296 2022 4347 iustos
2063 4299 2248 4349 omnia
2280 4312 2537 4349 revocare
2571 4296 2720 4348 haud

1632 4365 1891 4431 potuerit.
