<?xml version="1.0" encoding="UTF-8"?>
<!DOCTYPE html PUBLIC "-//W3C//DTD XHTML 1.0 Transitional//EN"
    "http://www.w3.org/TR/xhtml1/DTD/xhtml1-transitional.dtd">
<html xmlns="http://www.w3.org/1999/xhtml" xml:lang="en" lang="en">
 <head>
  <title>
</title>
<meta http-equiv="Content-Type" content="text/html;charset=utf-8" />
  <meta name='ocr-system' content='tesseract 3.04.00' />
  <meta name='ocr-capabilities' content='ocr_page ocr_carea ocr_par ocr_line ocrx_word'/>
</head>
<body>
  <div class='ocr_page' id='page_1' title='image "./herodotihalicar02unkngoog_0296.png"; bbox 0 0 3109 5092; ppageno 0'>
   <div class='ocr_carea' id='block_1_1' title="bbox 489 307 615 369">
    <p class='ocr_par' dir='ltr' id='par_1_1' title="bbox 489 307 615 369">
     <span class='ocr_line' id='line_1_1' title="bbox 489 307 615 369; baseline 0.016 -3"><span class='ocrx_word' id='word_1_1' title='bbox 489 307 615 369; x_wconf 84' lang='lat'><strong>276</strong></span> 
     </span>
    </p>
   </div>
   <div class='ocr_carea' id='block_1_2' title="bbox 1349 304 1892 366">
    <p class='ocr_par' dir='ltr' id='par_1_2' title="bbox 1349 304 1892 366">
     <span class='ocr_line' id='line_1_2' title="bbox 1349 304 1892 366; baseline -0.002 0"><span class='ocrx_word' id='word_1_2' title='bbox 1349 304 1770 366; x_wconf 81' lang='lat' dir='ltr'>HERODO</span> <span class='ocrx_word' id='word_1_3' title='bbox 1790 304 1892 365; x_wconf 86' lang='lat' dir='ltr'><strong>TI</strong></span> 
     </span>
    </p>
   </div>
   <div class='ocr_carea' id='block_1_3' title="bbox 491 474 2755 671">
    <p class='ocr_par' dir='ltr' id='par_1_3' title="bbox 491 474 2755 671">
     <span class='ocr_line' id='line_1_3' title="bbox 491 474 2755 567; baseline -0.003 -19"><span class='ocrx_word' id='word_1_4' title='bbox 491 476 659 548; x_wconf 75' lang='grc' dir='ltr'><strong><em>ἄνευ</em></strong></span> <span class='ocrx_word' id='word_1_5' title='bbox 686 474 815 567; x_wconf 75' lang='grc' dir='ltr'><strong>γὰρ</strong></span> <span class='ocrx_word' id='word_1_6' title='bbox 843 475 928 565; x_wconf 80' lang='grc' dir='ltr'><strong>δὴ</strong></span> <span class='ocrx_word' id='word_1_7' title='bbox 957 475 1175 565; x_wconf 79' lang='grc' dir='ltr'><strong><em>μάγου</em></strong></span> <span class='ocrx_word' id='word_1_8' title='bbox 1202 475 1285 546; x_wconf 78' lang='grc' dir='ltr'><strong>οὔ</strong></span> <span class='ocrx_word' id='word_1_9' title='bbox 1312 498 1436 566; x_wconf 99' lang='grc' dir='ltr'><strong>σφι</strong></span> <span class='ocrx_word' id='word_1_10' title='bbox 1461 477 1666 565; x_wconf 84' lang='grc' dir='ltr'><strong><em>νόμος</em></strong></span> <span class='ocrx_word' id='word_1_11' title='bbox 1696 478 1835 545; x_wconf 81' lang='grc' dir='ltr'><strong><em>ἐστὶ</em></strong></span> <span class='ocrx_word' id='word_1_12' title='bbox 1876 483 2125 556; x_wconf 80' lang='grc' dir='ltr'><strong><em>θυσίας</em></strong></span> <span class='ocrx_word' id='word_1_13' title='bbox 2163 478 2537 546; x_wconf 76' lang='grc' dir='ltr'><strong><em>ποιέεσθαι.</em></strong></span> <span class='ocrx_word' id='word_1_14' title='bbox 2612 476 2755 543; x_wconf 77' lang='grc' dir='ltr'><strong><em>ἑπι-</em></strong></span> 
     </span>
     <span class='ocr_line' id='line_1_4' title="bbox 494 575 2754 671; baseline -0.003 -21"><span class='ocrx_word' id='word_1_15' title='bbox 494 579 675 668; x_wconf 75' lang='grc' dir='ltr'><strong><em>σχών</em></strong></span> <span class='ocrx_word' id='word_1_16' title='bbox 702 579 776 648; x_wconf 77' lang='grc' dir='ltr'><strong>δὲ</strong></span> <span class='ocrx_word' id='word_1_17' title='bbox 803 575 1036 666; x_wconf 78' lang='grc' dir='ltr'><strong><em>ὀλίγον</em></strong></span> <span class='ocrx_word' id='word_1_18' title='bbox 1060 579 1340 671; x_wconf 81' lang='grc' dir='ltr'><strong><em>χρόνον,</em></strong></span> <span class='ocrx_word' id='word_1_19' title='bbox 1370 578 1781 669; x_wconf 77' lang='grc' dir='ltr'><strong><em>ἀποφέρεται</em></strong></span> <span class='ocrx_word' id='word_1_20' title='bbox 1809 575 1845 649; x_wconf 83' lang='grc' dir='ltr'>ὁ</span> <span class='ocrx_word' id='word_1_21' title='bbox 1870 578 2090 659; x_wconf 81' lang='grc' dir='ltr'><strong><em>θύσας</em></strong></span> <span class='ocrx_word' id='word_1_22' title='bbox 2115 578 2196 648; x_wconf 75' lang='grc' dir='ltr'><strong>τὰ</strong></span> <span class='ocrx_word' id='word_1_23' title='bbox 2223 583 2419 668; x_wconf 86' lang='grc' dir='ltr'><strong><em>κρέα,</em></strong></span> <span class='ocrx_word' id='word_1_24' title='bbox 2454 578 2567 646; x_wconf 81' lang='grc' dir='ltr'><strong><em>καὶ</em></strong></span> <span class='ocrx_word' id='word_1_25' title='bbox 2595 581 2754 666; x_wconf 77' lang='grc' dir='ltr'><strong><em>χρᾶ-</em></strong></span> 
     </span>
    </p>
   </div>
   <div class='ocr_carea' id='block_1_4' title="bbox 361 678 1597 772">
    <p class='ocr_par' dir='ltr' id='par_1_4' title="bbox 361 678 1597 772">
     <span class='ocr_line' id='line_1_5' title="bbox 361 678 1597 772; baseline -0.002 -18"><span class='ocrx_word' id='word_1_26' title='bbox 361 694 631 768; x_wconf 86' lang='grc' dir='ltr'><strong><em>133ται,</em></strong></span> <span class='ocrx_word' id='word_1_27' title='bbox 687 678 725 751; x_wconf 81' lang='grc' dir='ltr'>ὅ</span> <span class='ocrx_word' id='word_1_28' title='bbox 774 709 838 750; x_wconf 88' lang='grc' dir='ltr'><strong>τι</strong></span> <span class='ocrx_word' id='word_1_29' title='bbox 891 712 1009 772; x_wconf 83' lang='grc' dir='ltr'><strong>μιν</strong></span> <span class='ocrx_word' id='word_1_30' title='bbox 1048 678 1084 751; x_wconf 80' lang='grc' dir='ltr'>ὁ</span> <span class='ocrx_word' id='word_1_31' title='bbox 1135 682 1328 770; x_wconf 79' lang='grc' dir='ltr'><strong><em>λόγος</em></strong></span> <span class='ocrx_word' id='word_1_32' title='bbox 1365 686 1597 771; x_wconf 81' lang='grc' dir='ltr'><strong><em>αἱρέει.</em></strong></span> 
     </span>
    </p>
   </div>
   <div class='ocr_carea' id='block_1_5' title="bbox 1668 677 2757 771">
    <p class='ocr_par' dir='ltr' id='par_1_5' title="bbox 1668 677 2757 771">
     <span class='ocr_line' id='line_1_6' title="bbox 1668 677 2757 771; baseline -0.005 -20"><span class='ocrx_word' id='word_1_33' title='bbox 1668 677 1962 771; x_wconf 85' lang='grc' dir='ltr'><strong><em>Ἡμέρην</em></strong></span> <span class='ocrx_word' id='word_1_34' title='bbox 2002 682 2079 751; x_wconf 73' lang='grc' dir='ltr'><strong>δὲ</strong></span> <span class='ocrx_word' id='word_1_35' title='bbox 2117 678 2435 752; x_wconf 79' lang='grc' dir='ltr'><strong><em>ἁπασέων</em></strong></span> <span class='ocrx_word' id='word_1_36' title='bbox 2474 679 2757 769; x_wconf 77' lang='grc' dir='ltr'><strong><em>μάλιστα</em></strong></span> 
     </span>
    </p>
   </div>
   <div class='ocr_carea' id='block_1_6' title="bbox 491 781 2760 1183">
    <p class='ocr_par' dir='ltr' id='par_1_6' title="bbox 491 781 2760 1183">
     <span class='ocr_line' id='line_1_7' title="bbox 492 781 2758 876; baseline -0.002 -21"><span class='ocrx_word' id='word_1_37' title='bbox 492 790 763 874; x_wconf 77' lang='grc' dir='ltr'><strong><em>ἐκείνην</em></strong></span> <span class='ocrx_word' id='word_1_38' title='bbox 799 791 1002 873; x_wconf 76' lang='grc' dir='ltr'><strong><em>τιμᾶν</em></strong></span> <span class='ocrx_word' id='word_1_39' title='bbox 1047 794 1391 876; x_wconf 74' lang='grc' dir='ltr'><strong><em>νομίζουσι</em></strong></span> <span class='ocrx_word' id='word_1_40' title='bbox 1410 837 1429 872; x_wconf 88' lang='grc'>,</span> <span class='ocrx_word' id='word_1_41' title='bbox 1487 791 1571 875; x_wconf 86' lang='grc' dir='ltr'><strong>τῇ</strong></span> <span class='ocrx_word' id='word_1_42' title='bbox 1612 788 1886 865; x_wconf 81' lang='grc' dir='ltr'><strong><em>ἕκαστος</em></strong></span> <span class='ocrx_word' id='word_1_43' title='bbox 1926 789 2211 874; x_wconf 81' lang='grc' dir='ltr'><strong><em>ἐγένετο.</em></strong></span> <span class='ocrx_word' id='word_1_44' title='bbox 2294 788 2371 856; x_wconf 81' lang='grc' dir='ltr'><strong>ἐν</strong></span> <span class='ocrx_word' id='word_1_45' title='bbox 2419 782 2628 871; x_wconf 82' lang='grc' dir='ltr'><strong><em>ταύτῃ</em></strong></span> <span class='ocrx_word' id='word_1_46' title='bbox 2683 781 2758 850; x_wconf 72' lang='grc' dir='ltr'><strong>δὲ</strong></span> 
     </span>
     <span class='ocr_line' id='line_1_8' title="bbox 493 883 2755 979; baseline -0.003 -20"><span class='ocrx_word' id='word_1_47' title='bbox 493 892 672 959; x_wconf 83' lang='grc' dir='ltr'><strong><em>πλέω</em></strong></span> <span class='ocrx_word' id='word_1_48' title='bbox 705 895 899 957; x_wconf 81' lang='grc' dir='ltr'><strong><em>δαῖτα</em></strong></span> <span class='ocrx_word' id='word_1_49' title='bbox 923 893 1061 959; x_wconf 71' lang='grc' dir='ltr'><strong>τῶν</strong></span> <span class='ocrx_word' id='word_1_50' title='bbox 1085 885 1313 958; x_wconf 72' lang='grc' dir='ltr'><strong><em>ἄλλων</em></strong></span> <span class='ocrx_word' id='word_1_51' title='bbox 1345 892 1681 959; x_wconf 77' lang='grc' dir='ltr'><strong><em>δικαιεῦσι</em></strong></span> <span class='ocrx_word' id='word_1_52' title='bbox 1710 897 2156 977; x_wconf 80' lang='grc' dir='ltr'><strong><em>προτίθεσθαι</em></strong></span> <span class='ocrx_word' id='word_1_53' title='bbox 2175 911 2190 924; x_wconf 90' lang='grc'><em>·</em></span> <span class='ocrx_word' id='word_1_54' title='bbox 2225 890 2300 956; x_wconf 80' lang='grc' dir='ltr'><strong>ἐν</strong></span> <span class='ocrx_word' id='word_1_55' title='bbox 2325 892 2407 979; x_wconf 83' lang='grc' dir='ltr'><strong>τῇ</strong></span> <span class='ocrx_word' id='word_1_56' title='bbox 2435 891 2504 955; x_wconf 78' lang='grc' dir='ltr'><strong>οἰ</strong></span> <span class='ocrx_word' id='word_1_57' title='bbox 2526 883 2755 955; x_wconf 80' lang='grc' dir='ltr'><strong><em>εὐδαί-</em></strong></span> 
     </span>
     <span class='ocr_line' id='line_1_9' title="bbox 493 988 2756 1081; baseline -0.002 -20"><span class='ocrx_word' id='word_1_58' title='bbox 493 1020 692 1081; x_wconf 84' lang='grc' dir='ltr'><strong><em>μονες</em></strong></span> <span class='ocrx_word' id='word_1_59' title='bbox 721 988 949 1061; x_wconf 75' lang='grc' dir='ltr'><strong><em>αὐτῶν</em></strong></span> <span class='ocrx_word' id='word_1_60' title='bbox 990 995 1161 1080; x_wconf 81' lang='grc' dir='ltr'><strong><em>βοῦν</em></strong></span> <span class='ocrx_word' id='word_1_61' title='bbox 1200 993 1310 1062; x_wconf 82' lang='grc' dir='ltr'><strong><em>καὶ</em></strong></span> <span class='ocrx_word' id='word_1_62' title='bbox 1337 997 1548 1062; x_wconf 78' lang='grc' dir='ltr'><strong><em>ἵππον</em></strong></span> <span class='ocrx_word' id='word_1_63' title='bbox 1585 992 1699 1060; x_wconf 82' lang='grc' dir='ltr'><strong><em>καὶ</em></strong></span> <span class='ocrx_word' id='word_1_64' title='bbox 1736 989 2037 1080; x_wconf 78' lang='grc' dir='ltr'><strong><em>κάμηλον</em></strong></span> <span class='ocrx_word' id='word_1_65' title='bbox 2063 994 2177 1060; x_wconf 83' lang='grc' dir='ltr'><strong><em>καὶ</em></strong></span> <span class='ocrx_word' id='word_1_66' title='bbox 2204 988 2365 1062; x_wconf 83' lang='grc' dir='ltr'><strong><em>ὄνον</em></strong></span> <span class='ocrx_word' id='word_1_67' title='bbox 2394 990 2756 1079; x_wconf 82' lang='grc' dir='ltr'><strong><em>προτιθέα-</em></strong></span> 
     </span>
     <span class='ocr_line' id='line_1_10' title="bbox 491 1088 2760 1183; baseline -0.003 -19"><span class='ocrx_word' id='word_1_68' title='bbox 491 1123 635 1181; x_wconf 85' lang='grc' dir='ltr'><strong><em>ται,</em></strong></span> <span class='ocrx_word' id='word_1_69' title='bbox 677 1092 874 1174; x_wconf 80' lang='grc' dir='ltr'><strong><em>ὅλους</em></strong></span> <span class='ocrx_word' id='word_1_70' title='bbox 900 1091 1146 1175; x_wconf 77' lang='grc' dir='ltr'><strong><em>ὀπτοὺς</em></strong></span> <span class='ocrx_word' id='word_1_71' title='bbox 1175 1097 1251 1165; x_wconf 80' lang='grc' dir='ltr'><strong>ἐν</strong></span> <span class='ocrx_word' id='word_1_72' title='bbox 1276 1102 1614 1183; x_wconf 82' lang='grc' dir='ltr'><strong><em>καμίνοισι</em></strong></span> <span class='ocrx_word' id='word_1_73' title='bbox 1635 1116 1649 1130; x_wconf 87' lang='grc'><em>·</em></span> <span class='ocrx_word' id='word_1_74' title='bbox 1688 1098 1758 1163; x_wconf 78' lang='grc' dir='ltr'><strong>οἰ</strong></span> <span class='ocrx_word' id='word_1_75' title='bbox 1781 1094 1856 1162; x_wconf 74' lang='grc' dir='ltr'><strong>δὲ</strong></span> <span class='ocrx_word' id='word_1_76' title='bbox 1883 1098 2163 1183; x_wconf 86' lang='grc' dir='ltr'><strong><em>πένητες</em></strong></span> <span class='ocrx_word' id='word_1_77' title='bbox 2190 1091 2418 1163; x_wconf 77' lang='grc' dir='ltr'><strong><em>αὐτῶν</em></strong></span> <span class='ocrx_word' id='word_1_78' title='bbox 2444 1090 2525 1160; x_wconf 78' lang='grc' dir='ltr'><strong>τὰ</strong></span> <span class='ocrx_word' id='word_1_79' title='bbox 2556 1088 2760 1161; x_wconf 80' lang='grc' dir='ltr'><strong><em>λεπτὰ</em></strong></span> 
     </span>
    </p>
   </div>
   <div class='ocr_carea' id='block_1_7' title="bbox 493 1284 1597 4050">
    <p class='ocr_par' dir='ltr' id='par_1_7' title="bbox 493 1284 1584 2052">
     <span class='ocr_line' id='line_1_11' title="bbox 562 1284 1577 1376; baseline 0 -33"><span class='ocrx_word' id='word_1_80' title='bbox 562 1286 700 1344; x_wconf 79' lang='grc' dir='ltr'><strong><em>ἄνευ</em></strong></span> <span class='ocrx_word' id='word_1_81' title='bbox 742 1286 848 1358; x_wconf 80' lang='grc' dir='ltr'><strong>γὰρ</strong></span> <span class='ocrx_word' id='word_1_82' title='bbox 884 1285 957 1357; x_wconf 77' lang='grc' dir='ltr'><strong>δὴ</strong></span> <span class='ocrx_word' id='word_1_83' title='bbox 993 1285 1186 1376; x_wconf 72' lang='grc' dir='ltr'><strong><em>μάγου</em></strong></span> <span class='ocrx_word' id='word_1_84' title='bbox 1224 1285 1296 1343; x_wconf 79' lang='grc' dir='ltr'><strong>οὔ</strong></span> <span class='ocrx_word' id='word_1_85' title='bbox 1343 1307 1444 1358; x_wconf 87' lang='grc' dir='ltr'><strong>σφι</strong></span> <span class='ocrx_word' id='word_1_86' title='bbox 1481 1284 1577 1343; x_wconf 84' lang='grc' dir='ltr'><strong>νό-</strong></span> 
     </span>
     <span class='ocr_line' id='line_1_12' title="bbox 493 1356 1579 1429; baseline 0.002 -17"><span class='ocrx_word' id='word_1_87' title='bbox 493 1378 600 1429; x_wconf 80' lang='grc' dir='ltr'><strong>μος</strong></span> <span class='ocrx_word' id='word_1_88' title='bbox 640 1356 754 1413; x_wconf 74' lang='grc' dir='ltr'><strong><em>ἐστὶ</em></strong></span> <span class='ocrx_word' id='word_1_89' title='bbox 800 1360 1012 1421; x_wconf 78' lang='grc' dir='ltr'><strong><em>θυσίας</em></strong></span> <span class='ocrx_word' id='word_1_90' title='bbox 1057 1359 1382 1428; x_wconf 82' lang='grc' dir='ltr'><strong><em>ποιέεσθαι]</em></strong></span> <span class='ocrx_word' id='word_1_91' title='bbox 1439 1364 1579 1414; x_wconf 88' lang='lat' dir='ltr'><strong>Con·</strong></span> 
     </span>
     <span class='ocr_line' id='line_1_13' title="bbox 494 1432 1579 1499; baseline -0.001 -17"><span class='ocrx_word' id='word_1_92' title='bbox 494 1437 607 1483; x_wconf 88' lang='lat' dir='ltr'><strong>stat</strong></span> <span class='ocrx_word' id='word_1_93' title='bbox 643 1433 825 1482; x_wconf 89' lang='lat' dir='ltr'><strong>omnia</strong></span> <span class='ocrx_word' id='word_1_94' title='bbox 861 1448 1017 1482; x_wconf 89' lang='lat' dir='ltr'><strong>sacra</strong></span> <span class='ocrx_word' id='word_1_95' title='bbox 1051 1438 1167 1483; x_wconf 90' lang='lat' dir='ltr'><strong>tum</strong></span> <span class='ocrx_word' id='word_1_96' title='bbox 1203 1432 1422 1499; x_wconf 84' lang='lat' dir='ltr'><strong>publica</strong></span> <span class='ocrx_word' id='word_1_97' title='bbox 1461 1438 1579 1483; x_wconf 86' lang='lat' dir='ltr'><strong>tum</strong></span> 
     </span>
     <span class='ocr_line' id='line_1_14' title="bbox 494 1502 1581 1567; baseline 0.001 -16"><span class='ocrx_word' id='word_1_98' title='bbox 494 1502 713 1567; x_wconf 85' lang='lat' dir='ltr'><strong>privata</strong></span> <span class='ocrx_word' id='word_1_99' title='bbox 758 1502 930 1551; x_wconf 84' lang='lat' dir='ltr'><strong>obiise</strong></span> <span class='ocrx_word' id='word_1_100' title='bbox 974 1518 1161 1567; x_wconf 78' lang='lat' dir='ltr'><strong>magos</strong></span> <span class='ocrx_word' id='word_1_101' title='bbox 1222 1507 1285 1553; x_wconf 97' lang='grc' dir='ltr'><strong>ιιι</strong></span> <span class='ocrx_word' id='word_1_102' title='bbox 1330 1502 1581 1553; x_wconf 86' lang='lat' dir='ltr'><strong>sacerdo-</strong></span> 
     </span>
     <span class='ocr_line' id='line_1_15' title="bbox 493 1571 1584 1636; baseline -0.001 -15"><span class='ocrx_word' id='word_1_103' title='bbox 493 1577 609 1621; x_wconf 86' lang='lat' dir='ltr'><strong>tum</strong></span> <span class='ocrx_word' id='word_1_104' title='bbox 643 1571 868 1633; x_wconf 84' lang='lat' dir='ltr'>tribum,</span> <span class='ocrx_word' id='word_1_105' title='bbox 917 1587 1235 1636; x_wconf 89' lang='lat' dir='ltr'><strong>omnemque</strong></span> <span class='ocrx_word' id='word_1_106' title='bbox 1274 1588 1451 1622; x_wconf 88' lang='lat' dir='ltr'><strong>rerum</strong></span> <span class='ocrx_word' id='word_1_107' title='bbox 1504 1573 1584 1622; x_wconf 88' lang='lat' dir='ltr'><strong>di·</strong></span> 
     </span>
     <span class='ocr_line' id='line_1_16' title="bbox 495 1642 1582 1706; baseline 0 -16"><span class='ocrx_word' id='word_1_108' title='bbox 495 1642 743 1690; x_wconf 84' lang='lat' dir='ltr'><strong>vinarum</strong></span> <span class='ocrx_word' id='word_1_109' title='bbox 767 1642 1158 1706; x_wconf 78' lang='lat' dir='ltr'><strong>cognitionem,</strong></span> <span class='ocrx_word' id='word_1_110' title='bbox 1196 1656 1472 1692; x_wconf 85' lang='lat' dir='ltr'><strong>sacrorum</strong></span> <span class='ocrx_word' id='word_1_111' title='bbox 1502 1647 1582 1692; x_wconf 89' lang='lat' dir='ltr'><strong>at-</strong></span> 
     </span>
     <span class='ocr_line' id='line_1_17' title="bbox 496 1710 1579 1775; baseline 0.001 -15"><span class='ocrx_word' id='word_1_112' title='bbox 496 1726 601 1775; x_wconf 88' lang='lat' dir='ltr'><strong>que</strong></span> <span class='ocrx_word' id='word_1_113' title='bbox 652 1710 831 1760; x_wconf 85' lang='lat' dir='ltr'><strong>cultus</strong></span> <span class='ocrx_word' id='word_1_114' title='bbox 900 1726 1087 1761; x_wconf 90' lang='lat' dir='ltr'><strong>curam</strong></span> <span class='ocrx_word' id='word_1_115' title='bbox 1148 1727 1312 1775; x_wconf 85' lang='lat' dir='ltr'><strong>penes</strong></span> <span class='ocrx_word' id='word_1_116' title='bbox 1363 1711 1579 1761; x_wconf 86' lang='lat' dir='ltr'><strong>eosdem</strong></span> 
     </span>
     <span class='ocr_line' id='line_1_18' title="bbox 494 1779 1583 1846; baseline 0 -17"><span class='ocrx_word' id='word_1_117' title='bbox 494 1780 682 1830; x_wconf 81' lang='lat' dir='ltr'><strong>fnisse.</strong></span> <span class='ocrx_word' id='word_1_118' title='bbox 767 1779 833 1829; x_wconf 92' lang='lat' dir='ltr'><strong>Id</strong></span> <span class='ocrx_word' id='word_1_119' title='bbox 885 1781 1028 1845; x_wconf 92' lang='lat' dir='ltr'><strong>quod</strong></span> <span class='ocrx_word' id='word_1_120' title='bbox 1075 1785 1201 1846; x_wconf 81' lang='lat' dir='ltr'><strong>post</strong></span> <span class='ocrx_word' id='word_1_121' title='bbox 1243 1781 1583 1831; x_wconf 83' lang='lat' dir='ltr'><strong>Herodotum</strong></span> 
     </span>
     <span class='ocr_line' id='line_1_19' title="bbox 493 1848 1583 1915; baseline 0.001 -17"><span class='ocrx_word' id='word_1_122' title='bbox 493 1848 710 1915; x_wconf 84' lang='lat' dir='ltr'><strong>plurimi</strong></span> <span class='ocrx_word' id='word_1_123' title='bbox 779 1854 1052 1900; x_wconf 74' lang='lat' dir='ltr'><strong>testantur</strong></span> <span class='ocrx_word' id='word_1_124' title='bbox 1121 1851 1442 1915; x_wconf 85' lang='lat' dir='ltr'><strong>scriptores,</strong></span> <span class='ocrx_word' id='word_1_125' title='bbox 1515 1849 1583 1900; x_wconf 86' lang='lat' dir='ltr'><strong>de</strong></span> 
     </span>
     <span class='ocr_line' id='line_1_20' title="bbox 497 1919 1580 1983; baseline 0 -15"><span class='ocrx_word' id='word_1_126' title='bbox 497 1919 693 1983; x_wconf 87' lang='lat' dir='ltr'><strong>quibus</strong></span> <span class='ocrx_word' id='word_1_127' title='bbox 740 1920 886 1969; x_wconf 83' lang='lat' dir='ltr'><strong>conf.</strong></span> <span class='ocrx_word' id='word_1_128' title='bbox 935 1921 1274 1970; x_wconf 85' lang='lat' dir='ltr'><strong>Brissonium</strong></span> <span class='ocrx_word' id='word_1_129' title='bbox 1319 1920 1355 1970; x_wconf 89' lang='lat' dir='ltr'><strong>l.</strong></span> <span class='ocrx_word' id='word_1_130' title='bbox 1404 1920 1442 1970; x_wconf 90' lang='lat' dir='ltr'><strong>l.</strong></span> <span class='ocrx_word' id='word_1_131' title='bbox 1502 1919 1580 1969; x_wconf 92' lang='lat'><strong>11.</strong></span> 
     </span>
     <span class='ocr_line' id='line_1_21' title="bbox 497 1990 834 2052; baseline 0.013 -18"><span class='ocrx_word' id='word_1_132' title='bbox 497 1991 546 2050; x_wconf 72' lang='lat'><strong>§-</strong></span> <span class='ocrx_word' id='word_1_133' title='bbox 587 1990 653 2037; x_wconf 80' lang='lat'><strong>52</strong></span> <span class='ocrx_word' id='word_1_134' title='bbox 684 2003 834 2052; x_wconf 86' lang='lat' dir='ltr'><strong>seqq.</strong></span> 
     </span>
    </p>

    <p class='ocr_par' dir='ltr' id='par_1_8' title="bbox 496 2046 1597 4036">
     <span class='ocr_line' id='line_1_22' title="bbox 562 2046 1580 2121; baseline 0 -17"><span class='ocrx_word' id='word_1_135' title='bbox 562 2048 914 2120; x_wconf 80' lang='grc' dir='ltr'><strong><em>ἀποφέρεται</em></strong></span> <span class='ocrx_word' id='word_1_136' title='bbox 968 2046 998 2103; x_wconf 87' lang='grc' dir='ltr'><strong>ὁ</strong></span> <span class='ocrx_word' id='word_1_137' title='bbox 1050 2047 1240 2112; x_wconf 79' lang='grc' dir='ltr'><strong><em>θύσας</em></strong></span> <span class='ocrx_word' id='word_1_138' title='bbox 1294 2047 1365 2105; x_wconf 79' lang='grc' dir='ltr'><strong>τὰ</strong></span> <span class='ocrx_word' id='word_1_139' title='bbox 1421 2051 1580 2121; x_wconf 78' lang='grc' dir='ltr'><strong><em>κρέα]</em></strong></span> 
     </span>
     <span class='ocr_line' id='line_1_23' title="bbox 497 2124 1583 2175; baseline 0 -1"><span class='ocrx_word' id='word_1_140' title='bbox 497 2124 655 2175; x_wconf 83' lang='lat' dir='ltr'><strong>Conf.</strong></span> <span class='ocrx_word' id='word_1_141' title='bbox 703 2139 824 2174; x_wconf 91' lang='lat' dir='ltr'><strong>cum</strong></span> <span class='ocrx_word' id='word_1_142' title='bbox 870 2124 1018 2174; x_wconf 88' lang='lat' dir='ltr'><strong>hisce</strong></span> <span class='ocrx_word' id='word_1_143' title='bbox 1064 2125 1349 2175; x_wconf 77' lang='lat' dir='ltr'><strong>Strabonis</strong></span> <span class='ocrx_word' id='word_1_144' title='bbox 1403 2125 1583 2174; x_wconf 87' lang='lat' dir='ltr'><strong>locum</strong></span> 
     </span>
     <span class='ocr_line' id='line_1_24' title="bbox 497 2193 1582 2258; baseline 0.002 -17"><span class='ocrx_word' id='word_1_145' title='bbox 497 2209 661 2257; x_wconf 86' lang='lat' dir='ltr'><strong>supra</strong></span> <span class='ocrx_word' id='word_1_146' title='bbox 709 2193 1022 2254; x_wconf 89' lang='lat' dir='ltr'><strong>laudatum,</strong></span> <span class='ocrx_word' id='word_1_147' title='bbox 1083 2209 1150 2243; x_wconf 80' lang='lat' dir='ltr'><strong>ex</strong></span> <span class='ocrx_word' id='word_1_148' title='bbox 1203 2209 1309 2258; x_wconf 88' lang='lat' dir='ltr'><strong>quo</strong></span> <span class='ocrx_word' id='word_1_149' title='bbox 1359 2209 1582 2243; x_wconf 89' lang='lat' dir='ltr'><strong>causam</strong></span> 
     </span>
     <span class='ocr_line' id='line_1_25' title="bbox 496 2261 1583 2327; baseline 0 -17"><span class='ocrx_word' id='word_1_150' title='bbox 496 2262 656 2312; x_wconf 89' lang='lat' dir='ltr'><strong>huius</strong></span> <span class='ocrx_word' id='word_1_151' title='bbox 689 2263 854 2311; x_wconf 89' lang='lat' dir='ltr'><strong>moris</strong></span> <span class='ocrx_word' id='word_1_152' title='bbox 885 2261 1160 2312; x_wconf 85' lang='lat' dir='ltr'><strong>discimus.</strong></span> <span class='ocrx_word' id='word_1_153' title='bbox 1212 2263 1452 2326; x_wconf 82' lang='lat' dir='ltr'>Magum,</span> <span class='ocrx_word' id='word_1_154' title='bbox 1491 2264 1583 2327; x_wconf 87' lang='lat' dir='ltr'><strong>qni</strong></span> 
     </span>
     <span class='ocr_line' id='line_1_26' title="bbox 496 2330 1585 2395; baseline 0 -15"><span class='ocrx_word' id='word_1_155' title='bbox 496 2345 712 2380; x_wconf 87' lang='lat' dir='ltr'><strong>sacrum</strong></span> <span class='ocrx_word' id='word_1_156' title='bbox 746 2335 1002 2395; x_wconf 81' lang='lat' dir='ltr'><strong>peragat,</strong></span> <span class='ocrx_word' id='word_1_157' title='bbox 1054 2330 1265 2381; x_wconf 79' lang='lat' dir='ltr'><strong>hostiae</strong></span> <span class='ocrx_word' id='word_1_158' title='bbox 1310 2336 1585 2382; x_wconf 75' lang='lat' dir='ltr'><strong>mactatae</strong></span> 
     </span>
     <span class='ocr_line' id='line_1_27' title="bbox 497 2400 1585 2465; baseline 0.001 -16"><span class='ocrx_word' id='word_1_159' title='bbox 497 2400 740 2465; x_wconf 82' lang='lat' dir='ltr'><strong>singulas</strong></span> <span class='ocrx_word' id='word_1_160' title='bbox 783 2406 966 2464; x_wconf 79' lang='lat' dir='ltr'><strong>partes</strong></span> <span class='ocrx_word' id='word_1_161' title='bbox 1014 2400 1203 2450; x_wconf 78' lang='lat' dir='ltr'><strong>scribit</strong></span> <span class='ocrx_word' id='word_1_162' title='bbox 1261 2400 1585 2451; x_wconf 76' lang='lat' dir='ltr'><strong>distribuere</strong></span> 
     </span>
     <span class='ocr_line' id='line_1_28' title="bbox 496 2469 1586 2535; baseline 0.001 -17"><span class='ocrx_word' id='word_1_163' title='bbox 496 2470 595 2530; x_wconf 86' lang='lat' dir='ltr'><strong>iis,</strong></span> <span class='ocrx_word' id='word_1_164' title='bbox 634 2469 728 2534; x_wconf 90' lang='lat' dir='ltr'><strong>qni</strong></span> <span class='ocrx_word' id='word_1_165' title='bbox 752 2470 922 2518; x_wconf 84' lang='lat' dir='ltr'><strong>sacris</strong></span> <span class='ocrx_word' id='word_1_166' title='bbox 949 2469 1323 2530; x_wconf 83' lang='lat' dir='ltr'><strong>interfuerint;</strong></span> <span class='ocrx_word' id='word_1_167' title='bbox 1359 2471 1455 2535; x_wconf 91' lang='lat' dir='ltr'><strong>qui</strong></span> <span class='ocrx_word' id='word_1_168' title='bbox 1476 2471 1586 2520; x_wconf 91' lang='lat' dir='ltr'><strong>iam</strong></span> 
     </span>
     <span class='ocr_line' id='line_1_29' title="bbox 498 2538 1591 2604; baseline 0 -15"><span class='ocrx_word' id='word_1_169' title='bbox 498 2538 764 2589; x_wconf 85' lang='lat' dir='ltr'><strong>abeuntes</strong></span> <span class='ocrx_word' id='word_1_170' title='bbox 810 2553 965 2587; x_wconf 87' lang='lat' dir='ltr'><strong>suam</strong></span> <span class='ocrx_word' id='word_1_171' title='bbox 1005 2539 1233 2604; x_wconf 85' lang='lat' dir='ltr'><strong>quisque</strong></span> <span class='ocrx_word' id='word_1_172' title='bbox 1261 2544 1472 2603; x_wconf 85' lang='lat' dir='ltr'><strong>partem</strong></span> <span class='ocrx_word' id='word_1_173' title='bbox 1510 2554 1591 2590; x_wconf 80' lang='lat' dir='ltr'><strong>se-</strong></span> 
     </span>
     <span class='ocr_line' id='line_1_30' title="bbox 499 2607 1591 2690; baseline 0.002 -33"><span class='ocrx_word' id='word_1_174' title='bbox 499 2623 622 2658; x_wconf 87' lang='lat' dir='ltr'><strong>cum</strong></span> <span class='ocrx_word' id='word_1_175' title='bbox 652 2608 934 2670; x_wconf 87' lang='lat' dir='ltr'><strong>auferant,</strong></span> <span class='ocrx_word' id='word_1_176' title='bbox 983 2607 1135 2657; x_wconf 86' lang='lat' dir='ltr'><strong>nulla</strong></span> <span class='ocrx_word' id='word_1_177' title='bbox 1179 2609 1282 2657; x_wconf 86' lang='lat' dir='ltr'><strong>diis</strong></span> <span class='ocrx_word' id='word_1_178' title='bbox 1321 2613 1477 2690; x_wconf 89' lang='lat' dir='ltr'><strong>parte</strong></span> <span class='ocrx_word' id='word_1_179' title='bbox 1508 2624 1591 2658; x_wconf 89' lang='lat' dir='ltr'><strong>re-</strong></span> 
     </span>
     <span class='ocr_line' id='line_1_31' title="bbox 499 2671 1590 2742; baseline 0.002 -17"><span class='ocrx_word' id='word_1_180' title='bbox 499 2676 651 2727; x_wconf 88' lang='lat' dir='ltr'><strong>licta.</strong></span> <span class='ocrx_word' id='word_1_181' title='bbox 723 2679 899 2727; x_wconf 89' lang='lat' dir='ltr'><strong>Deum</strong></span> <span class='ocrx_word' id='word_1_182' title='bbox 950 2676 1094 2725; x_wconf 87' lang='lat' dir='ltr'><strong>enim</strong></span> <span class='ocrx_word' id='word_1_183' title='bbox 1128 2677 1298 2742; x_wconf 86' lang='lat' dir='ltr'><strong>(hanc</strong></span> <span class='ocrx_word' id='word_1_184' title='bbox 1337 2671 1590 2727; x_wconf 88' lang='lat' dir='ltr'><strong>nimirum</strong></span> 
     </span>
     <span class='ocr_line' id='line_1_32' title="bbox 497 2746 1592 2810; baseline 0.002 -15"><span class='ocrx_word' id='word_1_185' title='bbox 497 2746 607 2795; x_wconf 85' lang='lat' dir='ltr'><strong>illis</strong></span> <span class='ocrx_word' id='word_1_186' title='bbox 646 2761 766 2795; x_wconf 82' lang='lat' dir='ltr'><strong>esse</strong></span> <span class='ocrx_word' id='word_1_187' title='bbox 802 2746 1232 2810; x_wconf 75' lang='lat' dir='ltr'><strong>persuasionem)</strong></span> <span class='ocrx_word' id='word_1_188' title='bbox 1281 2747 1415 2797; x_wconf 87' lang='lat' dir='ltr'><strong>nihil</strong></span> <span class='ocrx_word' id='word_1_189' title='bbox 1451 2747 1592 2797; x_wconf 84' lang='lat' dir='ltr'><strong>velle</strong></span> 
     </span>
     <span class='ocr_line' id='line_1_33' title="bbox 499 2813 1591 2879; baseline 0.002 -16"><span class='ocrx_word' id='word_1_190' title='bbox 499 2819 714 2879; x_wconf 86' lang='lat' dir='ltr'><strong>praeter</strong></span> <span class='ocrx_word' id='word_1_191' title='bbox 753 2813 968 2864; x_wconf 75' lang='lat' dir='ltr'><strong>hostiae</strong></span> <span class='ocrx_word' id='word_1_192' title='bbox 1017 2815 1270 2863; x_wconf 87' lang='lat' dir='ltr'><strong>animam.</strong></span> <span class='ocrx_word' id='word_1_193' title='bbox 1338 2816 1495 2877; x_wconf 82' lang='lat' dir='ltr'><strong>Quod</strong></span> <span class='ocrx_word' id='word_1_194' title='bbox 1541 2816 1591 2865; x_wconf 82' lang='lat' dir='ltr'><strong>si</strong></span> 
     </span>
     <span class='ocr_line' id='line_1_34' title="bbox 500 2882 1589 2942; baseline 0.001 -10"><span class='ocrx_word' id='word_1_195' title='bbox 500 2898 686 2932; x_wconf 80' lang='lat' dir='ltr'><strong>verum</strong></span> <span class='ocrx_word' id='word_1_196' title='bbox 730 2888 841 2942; x_wconf 83' lang='lat' dir='ltr'><strong>est,</strong></span> <span class='ocrx_word' id='word_1_197' title='bbox 903 2882 1128 2931; x_wconf 89' lang='lat' dir='ltr'><strong>multum</strong></span> <span class='ocrx_word' id='word_1_198' title='bbox 1186 2883 1333 2932; x_wconf 81' lang='lat' dir='ltr'><strong>valet</strong></span> <span class='ocrx_word' id='word_1_199' title='bbox 1379 2885 1450 2933; x_wconf 90' lang='lat' dir='ltr'><strong>ad</strong></span> <span class='ocrx_word' id='word_1_200' title='bbox 1494 2899 1589 2933; x_wconf 91' lang='lat' dir='ltr'><strong>no-</strong></span> 
     </span>
     <span class='ocr_line' id='line_1_35' title="bbox 502 2949 1589 3015; baseline 0 -16"><span class='ocrx_word' id='word_1_201' title='bbox 502 2956 673 3000; x_wconf 87' lang='lat' dir='ltr'><strong>strum</strong></span> <span class='ocrx_word' id='word_1_202' title='bbox 716 2951 784 3000; x_wconf 86' lang='lat' dir='ltr'><strong>de</strong></span> <span class='ocrx_word' id='word_1_203' title='bbox 816 2953 1106 3001; x_wconf 73' lang='lat' dir='ltr'><strong>Persarum</strong></span> <span class='ocrx_word' id='word_1_204' title='bbox 1153 2949 1414 3015; x_wconf 85' lang='lat' dir='ltr'><strong>religione</strong></span> <span class='ocrx_word' id='word_1_205' title='bbox 1450 2951 1589 3000; x_wconf 90' lang='lat' dir='ltr'><strong>iudi-</strong></span> 
     </span>
     <span class='ocr_line' id='line_1_36' title="bbox 502 3018 1587 3084; baseline 0 -16"><span class='ocrx_word' id='word_1_206' title='bbox 502 3020 662 3069; x_wconf 89' lang='lat' dir='ltr'><strong>cium.</strong></span> <span class='ocrx_word' id='word_1_207' title='bbox 727 3019 918 3070; x_wconf 85' lang='lat' dir='ltr'><strong>Rhode</strong></span> <span class='ocrx_word' id='word_1_208' title='bbox 946 3019 1010 3083; x_wconf 89' lang='lat'><strong>(1.</strong></span> <span class='ocrx_word' id='word_1_209' title='bbox 1036 3018 1072 3069; x_wconf 93' lang='lat' dir='ltr'><strong>l.</strong></span> <span class='ocrx_word' id='word_1_210' title='bbox 1109 3034 1236 3084; x_wconf 82' lang='lat' dir='ltr'><strong>pag.</strong></span> <span class='ocrx_word' id='word_1_211' title='bbox 1272 3020 1377 3070; x_wconf 76' lang='lat'><strong>506</strong></span> <span class='ocrx_word' id='word_1_212' title='bbox 1411 3022 1587 3084; x_wconf 88' lang='lat' dir='ltr'><strong>seqq.)</strong></span> 
     </span>
     <span class='ocr_line' id='line_1_37' title="bbox 503 3087 1589 3138; baseline 0.001 -2"><span class='ocrx_word' id='word_1_213' title='bbox 503 3094 651 3138; x_wconf 87' lang='lat' dir='ltr'><strong>recte</strong></span> <span class='ocrx_word' id='word_1_214' title='bbox 714 3088 773 3137; x_wconf 92' lang='lat' dir='ltr'><strong>in</strong></span> <span class='ocrx_word' id='word_1_215' title='bbox 827 3088 912 3137; x_wconf 86' lang='lat' dir='ltr'><strong>his</strong></span> <span class='ocrx_word' id='word_1_216' title='bbox 976 3102 1241 3137; x_wconf 88' lang='lat' dir='ltr'><strong>summum</strong></span> <span class='ocrx_word' id='word_1_217' title='bbox 1296 3087 1589 3138; x_wconf 81' lang='lat' dir='ltr'><strong>discrimen</strong></span> 
     </span>
     <span class='ocr_line' id='line_1_38' title="bbox 505 3155 1589 3220; baseline 0 -14"><span class='ocrx_word' id='word_1_218' title='bbox 505 3156 717 3206; x_wconf 75' lang='lat' dir='ltr'><strong>adverti</strong></span> <span class='ocrx_word' id='word_1_219' title='bbox 754 3155 900 3219; x_wconf 83' lang='lat' dir='ltr'><strong>vult,</strong></span> <span class='ocrx_word' id='word_1_220' title='bbox 944 3156 1089 3220; x_wconf 86' lang='lat' dir='ltr'><strong>quod</strong></span> <span class='ocrx_word' id='word_1_221' title='bbox 1122 3156 1266 3206; x_wconf 89' lang='lat' dir='ltr'><strong>inter</strong></span> <span class='ocrx_word' id='word_1_222' title='bbox 1298 3157 1589 3207; x_wconf 74' lang='lat' dir='ltr'><strong>Persarum</strong></span> 
     </span>
     <span class='ocr_line' id='line_1_39' title="bbox 504 3225 1592 3277; baseline 0.001 -1"><span class='ocrx_word' id='word_1_223' title='bbox 504 3231 560 3276; x_wconf 89' lang='lat' dir='ltr'><strong>et</strong></span> <span class='ocrx_word' id='word_1_224' title='bbox 597 3226 929 3276; x_wconf 83' lang='lat' dir='ltr'><strong>Graecorum</strong></span> <span class='ocrx_word' id='word_1_225' title='bbox 964 3239 1123 3274; x_wconf 87' lang='lat' dir='ltr'><strong>sacra</strong></span> <span class='ocrx_word' id='word_1_226' title='bbox 1160 3225 1424 3277; x_wconf 87' lang='lat' dir='ltr'><strong>obtineat.</strong></span> <span class='ocrx_word' id='word_1_227' title='bbox 1484 3227 1592 3277; x_wconf 86' lang='lat' dir='ltr'><strong>Ne·</strong></span> 
     </span>
     <span class='ocr_line' id='line_1_40' title="bbox 505 3294 1594 3361; baseline -0.001 -16"><span class='ocrx_word' id='word_1_228' title='bbox 505 3311 611 3361; x_wconf 89' lang='lat' dir='ltr'><strong>que</strong></span> <span class='ocrx_word' id='word_1_229' title='bbox 647 3296 788 3344; x_wconf 92' lang='lat' dir='ltr'><strong>enim</strong></span> <span class='ocrx_word' id='word_1_230' title='bbox 812 3296 1016 3344; x_wconf 77' lang='lat' dir='ltr'><strong>Persae</strong></span> <span class='ocrx_word' id='word_1_231' title='bbox 1049 3294 1127 3343; x_wconf 87' lang='lat' dir='ltr'><strong>ita</strong></span> <span class='ocrx_word' id='word_1_232' title='bbox 1161 3299 1223 3344; x_wconf 86' lang='lat' dir='ltr'><strong>nt</strong></span> <span class='ocrx_word' id='word_1_233' title='bbox 1246 3295 1442 3346; x_wconf 84' lang='lat' dir='ltr'><strong>Graeci</strong></span> <span class='ocrx_word' id='word_1_234' title='bbox 1479 3296 1594 3345; x_wconf 91' lang='lat' dir='ltr'><strong>ani-</strong></span> 
     </span>
     <span class='ocr_line' id='line_1_41' title="bbox 504 3364 1594 3429; baseline -0.001 -14"><span class='ocrx_word' id='word_1_235' title='bbox 504 3365 614 3415; x_wconf 89' lang='lat' dir='ltr'><strong>mal</strong></span> <span class='ocrx_word' id='word_1_236' title='bbox 648 3370 908 3429; x_wconf 87' lang='lat' dir='ltr'><strong>tanquam</strong></span> <span class='ocrx_word' id='word_1_237' title='bbox 945 3364 1226 3413; x_wconf 80' lang='lat' dir='ltr'><strong>victimam</strong></span> <span class='ocrx_word' id='word_1_238' title='bbox 1265 3365 1367 3414; x_wconf 88' lang='lat' dir='ltr'><strong>deo</strong></span> <span class='ocrx_word' id='word_1_239' title='bbox 1407 3364 1594 3415; x_wconf 87' lang='lat' dir='ltr'><strong>offere-</strong></span> 
     </span>
     <span class='ocr_line' id='line_1_42' title="bbox 502 3433 1595 3499; baseline -0.001 -14"><span class='ocrx_word' id='word_1_240' title='bbox 502 3435 638 3485; x_wconf 84' lang='lat' dir='ltr'><strong>bant</strong></span> <span class='ocrx_word' id='word_1_241' title='bbox 672 3434 904 3499; x_wconf 80' lang='lat' dir='ltr'><strong>indeque</strong></span> <span class='ocrx_word' id='word_1_242' title='bbox 937 3448 1152 3484; x_wconf 86' lang='lat' dir='ltr'><strong>caesam</strong></span> <span class='ocrx_word' id='word_1_243' title='bbox 1183 3433 1462 3484; x_wconf 82' lang='lat' dir='ltr'><strong>victimam</strong></span> <span class='ocrx_word' id='word_1_244' title='bbox 1496 3439 1595 3484; x_wconf 87' lang='lat' dir='ltr'><strong>ant</strong></span> 
     </span>
     <span class='ocr_line' id='line_1_43' title="bbox 505 3504 1595 3569; baseline -0.001 -15"><span class='ocrx_word' id='word_1_245' title='bbox 505 3505 739 3569; x_wconf 82' lang='lat' dir='ltr'><strong>optimas</strong></span> <span class='ocrx_word' id='word_1_246' title='bbox 772 3504 1013 3554; x_wconf 87' lang='lat' dir='ltr'><strong>eiusdem</strong></span> <span class='ocrx_word' id='word_1_247' title='bbox 1049 3507 1232 3567; x_wconf 84' lang='lat' dir='ltr'><strong>partes</strong></span> <span class='ocrx_word' id='word_1_248' title='bbox 1280 3504 1381 3553; x_wconf 90' lang='lat' dir='ltr'><strong>deo</strong></span> <span class='ocrx_word' id='word_1_249' title='bbox 1419 3519 1465 3553; x_wconf 88' lang='lat' dir='ltr'><strong>s.</strong></span> <span class='ocrx_word' id='word_1_250' title='bbox 1509 3519 1595 3553; x_wconf 84' lang='lat' dir='ltr'><strong>sa·</strong></span> 
     </span>
     <span class='ocr_line' id='line_1_44' title="bbox 505 3572 1597 3637; baseline -0.001 -15"><span class='ocrx_word' id='word_1_251' title='bbox 505 3573 814 3624; x_wconf 86' lang='lat' dir='ltr'><strong>cerdotibus</strong></span> <span class='ocrx_word' id='word_1_252' title='bbox 846 3573 1247 3637; x_wconf 87' lang='lat' dir='ltr'><strong>relinquebant,</strong></span> <span class='ocrx_word' id='word_1_253' title='bbox 1292 3572 1389 3622; x_wconf 88' lang='lat' dir='ltr'><strong>sed</strong></span> <span class='ocrx_word' id='word_1_254' title='bbox 1424 3574 1597 3637; x_wconf 87' lang='lat' dir='ltr'><strong>preci-</strong></span> 
     </span>
     <span class='ocr_line' id='line_1_45' title="bbox 503 3642 1596 3707; baseline 0.001 -15"><span class='ocrx_word' id='word_1_255' title='bbox 503 3642 607 3693; x_wconf 86' lang='lat' dir='ltr'><strong>bus</strong></span> <span class='ocrx_word' id='word_1_256' title='bbox 671 3643 834 3693; x_wconf 81' lang='lat' dir='ltr'><strong>factis</strong></span> <span class='ocrx_word' id='word_1_257' title='bbox 892 3657 1057 3707; x_wconf 77' lang='lat' dir='ltr'><strong>reque</strong></span> <span class='ocrx_word' id='word_1_258' title='bbox 1124 3642 1313 3692; x_wconf 85' lang='lat' dir='ltr'><strong>divina</strong></span> <span class='ocrx_word' id='word_1_259' title='bbox 1371 3647 1596 3707; x_wconf 86' lang='lat' dir='ltr'><strong>peracta</strong></span> 
     </span>
     <span class='ocr_line' id='line_1_46' title="bbox 505 3710 1594 3776; baseline 0.001 -16"><span class='ocrx_word' id='word_1_260' title='bbox 505 3710 704 3761; x_wconf 88' lang='lat' dir='ltr'><strong>animal</strong></span> <span class='ocrx_word' id='word_1_261' title='bbox 734 3727 956 3763; x_wconf 87' lang='lat' dir='ltr'><strong>caesum</strong></span> <span class='ocrx_word' id='word_1_262' title='bbox 990 3712 1047 3761; x_wconf 91' lang='lat' dir='ltr'><strong>in</strong></span> <span class='ocrx_word' id='word_1_263' title='bbox 1085 3726 1213 3761; x_wconf 88' lang='lat' dir='ltr'><strong>snos</strong></span> <span class='ocrx_word' id='word_1_264' title='bbox 1238 3712 1439 3776; x_wconf 91' lang='lat' dir='ltr'><strong>quique</strong></span> <span class='ocrx_word' id='word_1_265' title='bbox 1460 3727 1594 3762; x_wconf 89' lang='lat' dir='ltr'><strong>usus</strong></span> 
     </span>
     <span class='ocr_line' id='line_1_47' title="bbox 502 3778 1596 3865; baseline 0 -36"><span class='ocrx_word' id='word_1_266' title='bbox 502 3780 854 3831; x_wconf 83' lang='lat' dir='ltr'><strong>adhibebant.</strong></span> <span class='ocrx_word' id='word_1_267' title='bbox 883 3811 953 3821; x_wconf 93' lang='lat'><strong>—-</strong></span> <span class='ocrx_word' id='word_1_268' title='bbox 987 3781 1056 3831; x_wconf 91' lang='lat' dir='ltr'><strong>In</strong></span> <span class='ocrx_word' id='word_1_269' title='bbox 1082 3781 1259 3830; x_wconf 82' lang='lat' dir='ltr'><strong>verbis</strong></span> <span class='ocrx_word' id='word_1_270' title='bbox 1279 3796 1431 3865; x_wconf 88' lang='lat' dir='ltr'><strong>seqq.</strong></span> <span class='ocrx_word' id='word_1_271' title='bbox 1461 3778 1596 3845; x_wconf 76' lang='grc' dir='ltr'><strong><em>χρᾶ-</em></strong></span> 
     </span>
     <span class='ocr_line' id='line_1_48' title="bbox 503 3841 1597 3913; baseline 0.001 -16"><span class='ocrx_word' id='word_1_272' title='bbox 503 3863 625 3910; x_wconf 86' lang='grc' dir='ltr'><strong><em>ται,</em></strong></span> <span class='ocrx_word' id='word_1_273' title='bbox 673 3863 703 3896; x_wconf 94' lang='lat' dir='ltr'><strong>o</strong></span> <span class='ocrx_word' id='word_1_274' title='bbox 742 3864 794 3897; x_wconf 90' lang='grc' dir='ltr'><strong>τι</strong></span> <span class='ocrx_word' id='word_1_275' title='bbox 828 3865 928 3913; x_wconf 84' lang='grc' dir='ltr'><strong>μιν</strong></span> <span class='ocrx_word' id='word_1_276' title='bbox 976 3841 1006 3898; x_wconf 87' lang='grc' dir='ltr'>ὁ</span> <span class='ocrx_word' id='word_1_277' title='bbox 1045 3842 1210 3913; x_wconf 79' lang='grc' dir='ltr'><strong><em>λόγος</em></strong></span> <span class='ocrx_word' id='word_1_278' title='bbox 1258 3842 1435 3910; x_wconf 76' lang='grc' dir='ltr'><strong><em>αἱρέει</em></strong></span> <span class='ocrx_word' id='word_1_279' title='bbox 1476 3848 1597 3913; x_wconf 78' lang='lat' dir='ltr'><strong>(uti-</strong></span> 
     </span>
     <span class='ocr_line' id='line_1_49' title="bbox 507 3916 1597 3981; baseline 0.001 -14"><span class='ocrx_word' id='word_1_280' title='bbox 507 3924 615 3979; x_wconf 80' lang='lat' dir='ltr'><strong>tur,</strong></span> <span class='ocrx_word' id='word_1_281' title='bbox 649 3920 823 3980; x_wconf 75' lang='lat' dir='ltr'><strong>prouti</strong></span> <span class='ocrx_word' id='word_1_282' title='bbox 851 3920 985 3968; x_wconf 73' lang='lat' dir='ltr'><strong>ratio</strong></span> <span class='ocrx_word' id='word_1_283' title='bbox 1017 3920 1068 3967; x_wconf 82' lang='lat' dir='ltr'><strong>ei</strong></span> <span class='ocrx_word' id='word_1_284' title='bbox 1094 3916 1303 3981; x_wconf 63' lang='lat' dir='ltr'><strong>suadet)</strong></span> <span class='ocrx_word' id='word_1_285' title='bbox 1339 3918 1597 3968; x_wconf 80' lang='lat' dir='ltr'><strong>revocavi</strong></span> 
     </span>
     <span class='ocr_line' id='line_1_50' title="bbox 507 3978 1593 4050; baseline 0.001 -15"><span class='ocrx_word' id='word_1_286' title='bbox 507 3999 628 4035; x_wconf 88' lang='lat' dir='ltr'><strong>cum</strong></span> <span class='ocrx_word' id='word_1_287' title='bbox 703 3991 936 4037; x_wconf 87' lang='lat' dir='ltr'><strong>recentt.</strong></span> <span class='ocrx_word' id='word_1_288' title='bbox 1007 3984 1130 4035; x_wconf 87' lang='lat' dir='ltr'><strong>edd.</strong></span> <span class='ocrx_word' id='word_1_289' title='bbox 1197 3985 1488 4036; x_wconf 87' lang='lat' dir='ltr'><strong>articulum</strong></span> <span class='ocrx_word' id='word_1_290' title='bbox 1540 3978 1593 4050; x_wconf 80' lang='grc' dir='ltr'><strong>ὁ,</strong></span> 
     </span>
    </p>
   </div>
   <div class='ocr_carea' id='block_1_8' title="bbox 503 4053 1598 4394">
    <p class='ocr_par' dir='ltr' id='par_1_9' title="bbox 503 4053 1598 4394">
     <span class='ocr_line' id='line_1_51' title="bbox 506 4053 1597 4118; baseline 0.004 -16"><span class='ocrx_word' id='word_1_291' title='bbox 506 4068 667 4118; x_wconf 89' lang='lat' dir='ltr'><strong>quem</strong></span> <span class='ocrx_word' id='word_1_292' title='bbox 714 4053 1021 4103; x_wconf 87' lang='lat' dir='ltr'><strong>Florentini</strong></span> <span class='ocrx_word' id='word_1_293' title='bbox 1078 4053 1201 4104; x_wconf 91' lang='lat' dir='ltr'><strong>cod.</strong></span> <span class='ocrx_word' id='word_1_294' title='bbox 1260 4056 1597 4107; x_wconf 88' lang='lat' dir='ltr'><strong>auctoritate</strong></span> 
     </span>
     <span class='ocr_line' id='line_1_52' title="bbox 503 4121 1598 4187; baseline 0.002 -15"><span class='ocrx_word' id='word_1_295' title='bbox 503 4121 785 4172; x_wconf 83' lang='lat' dir='ltr'><strong>deleverat</strong></span> <span class='ocrx_word' id='word_1_296' title='bbox 809 4122 1084 4172; x_wconf 81' lang='lat' dir='ltr'><strong>Gaisford.</strong></span> <span class='ocrx_word' id='word_1_297' title='bbox 1125 4137 1393 4187; x_wconf 87' lang='lat' dir='ltr'><strong>quemque</strong></span> <span class='ocrx_word' id='word_1_298' title='bbox 1428 4125 1598 4174; x_wconf 86' lang='lat' dir='ltr'><strong>etiam</strong></span> 
     </span>
     <span class='ocr_line' id='line_1_53' title="bbox 506 4190 1595 4256; baseline 0.002 -15"><span class='ocrx_word' id='word_1_299' title='bbox 506 4191 630 4241; x_wconf 87' lang='lat' dir='ltr'><strong>aliis</strong></span> <span class='ocrx_word' id='word_1_300' title='bbox 678 4190 814 4241; x_wconf 89' lang='lat' dir='ltr'><strong>locis</strong></span> <span class='ocrx_word' id='word_1_301' title='bbox 856 4191 997 4254; x_wconf 92' lang='lat'>(111,</span> <span class='ocrx_word' id='word_1_302' title='bbox 1037 4193 1125 4242; x_wconf 83' lang='lat'><strong>45.</strong></span> <span class='ocrx_word' id='word_1_303' title='bbox 1179 4192 1286 4253; x_wconf 90' lang='lat' dir='ltr'><strong>IV,</strong></span> <span class='ocrx_word' id='word_1_304' title='bbox 1325 4192 1445 4244; x_wconf 81' lang='lat'><strong>127.</strong></span> <span class='ocrx_word' id='word_1_305' title='bbox 1493 4194 1595 4256; x_wconf 91' lang='lat' dir='ltr'><strong>VI,</strong></span> 
     </span>
     <span class='ocr_line' id='line_1_54' title="bbox 509 4259 1597 4325; baseline 0.001 -14"><span class='ocrx_word' id='word_1_306' title='bbox 509 4259 660 4325; x_wconf 78' lang='grc'><strong>124.)</strong></span> <span class='ocrx_word' id='word_1_307' title='bbox 690 4260 882 4310; x_wconf 83' lang='lat' dir='ltr'><strong>abesse</strong></span> <span class='ocrx_word' id='word_1_308' title='bbox 905 4260 1090 4321; x_wconf 82' lang='lat' dir='ltr'><strong>video,</strong></span> <span class='ocrx_word' id='word_1_309' title='bbox 1131 4260 1186 4308; x_wconf 90' lang='lat' dir='ltr'><strong>in</strong></span> <span class='ocrx_word' id='word_1_310' title='bbox 1224 4260 1421 4324; x_wconf 83' lang='lat' dir='ltr'><strong>quibus</strong></span> <span class='ocrx_word' id='word_1_311' title='bbox 1456 4261 1597 4312; x_wconf 89' lang='lat' dir='ltr'><strong>bene</strong></span> 
     </span>
     <span class='ocr_line' id='line_1_55' title="bbox 506 4327 1597 4394; baseline 0.001 -14"><span class='ocrx_word' id='word_1_312' title='bbox 506 4331 697 4380; x_wconf 83' lang='lat' dir='ltr'><strong>abesse</strong></span> <span class='ocrx_word' id='word_1_313' title='bbox 721 4332 929 4394; x_wconf 81' lang='lat' dir='ltr'><strong>potest3</strong></span> <span class='ocrx_word' id='word_1_314' title='bbox 970 4327 1065 4379; x_wconf 89' lang='lat' dir='ltr'><strong>scd</strong></span> <span class='ocrx_word' id='word_1_315' title='bbox 1089 4328 1193 4379; x_wconf 88' lang='lat' dir='ltr'><strong>hoc</strong></span> <span class='ocrx_word' id='word_1_316' title='bbox 1223 4327 1344 4380; x_wconf 92' lang='lat' dir='ltr'><strong>loco</strong></span> <span class='ocrx_word' id='word_1_317' title='bbox 1379 4329 1475 4380; x_wconf 76' lang='lat' dir='ltr'><strong>vix</strong></span> <span class='ocrx_word' id='word_1_318' title='bbox 1510 4345 1597 4381; x_wconf 86' lang='lat' dir='ltr'><strong>ca·</strong></span> 
     </span>
    </p>
   </div>
   <div class='ocr_carea' id='block_1_9' title="bbox 1676 1290 2763 1359">
    <p class='ocr_par' dir='ltr' id='par_1_10' title="bbox 1676 1290 2763 1359">
     <span class='ocr_line' id='line_1_56' title="bbox 1676 1290 2763 1359; baseline -0.003 -16"><span class='ocrx_word' id='word_1_319' title='bbox 1676 1308 1794 1344; x_wconf 90' lang='lat' dir='ltr'><strong>rere</strong></span> <span class='ocrx_word' id='word_1_320' title='bbox 1829 1293 2032 1359; x_wconf 86' lang='lat' dir='ltr'><strong>poterit</strong></span> <span class='ocrx_word' id='word_1_321' title='bbox 2084 1293 2259 1342; x_wconf 86' lang='lat' dir='ltr'><strong>oratio</strong></span> <span class='ocrx_word' id='word_1_322' title='bbox 2294 1290 2555 1355; x_wconf 87' lang='lat' dir='ltr'><strong>articulo,</strong></span> <span class='ocrx_word' id='word_1_323' title='bbox 2607 1305 2763 1356; x_wconf 89' lang='lat' dir='ltr'><strong>quem</strong></span> 
     </span>
    </p>
   </div>
   <div class='ocr_carea' id='block_1_10' title="bbox 1680 1361 2760 1426">
    <p class='ocr_par' dir='ltr' id='par_1_11' title="bbox 1680 1361 2760 1426">
     <span class='ocr_line' id='line_1_57' title="bbox 1680 1361 2760 1426; baseline -0.002 -13"><span class='ocrx_word' id='word_1_324' title='bbox 1680 1363 1926 1413; x_wconf 86' lang='lat' dir='ltr'><strong>additum</strong></span> <span class='ocrx_word' id='word_1_325' title='bbox 1958 1376 2172 1426; x_wconf 88' lang='lat' dir='ltr'><strong>quoqne</strong></span> <span class='ocrx_word' id='word_1_326' title='bbox 2210 1363 2514 1412; x_wconf 86' lang='lat' dir='ltr'><strong>invenimus</strong></span> <span class='ocrx_word' id='word_1_327' title='bbox 2549 1362 2636 1422; x_wconf 88' lang='lat'><strong>11,</strong></span> <span class='ocrx_word' id='word_1_328' title='bbox 2677 1361 2760 1411; x_wconf 87' lang='lat'><strong>33.</strong></span> 
     </span>
    </p>
   </div>
   <div class='ocr_carea' id='block_1_11' title="bbox 1679 1429 2764 1580">
    <p class='ocr_par' dir='ltr' id='par_1_12' title="bbox 1679 1429 2764 1580">
     <span class='ocr_line' id='line_1_58' title="bbox 1679 1429 2764 1494; baseline -0.004 -11"><span class='ocrx_word' id='word_1_329' title='bbox 1679 1434 1807 1494; x_wconf 87' lang='lat' dir='ltr'>VII,</span> <span class='ocrx_word' id='word_1_330' title='bbox 1842 1434 1930 1483; x_wconf 77' lang='lat'><strong>41.</strong></span> <span class='ocrx_word' id='word_1_331' title='bbox 2000 1430 2123 1481; x_wconf 85' lang='lat' dir='ltr'><strong>Alia</strong></span> <span class='ocrx_word' id='word_1_332' title='bbox 2161 1432 2315 1482; x_wconf 91' lang='lat' dir='ltr'><strong>dabit</strong></span> <span class='ocrx_word' id='word_1_333' title='bbox 2342 1431 2528 1482; x_wconf 89' lang='lat' dir='ltr'><strong>Usteri</strong></span> <span class='ocrx_word' id='word_1_334' title='bbox 2550 1431 2619 1480; x_wconf 89' lang='lat' dir='ltr'><strong>ad</strong></span> <span class='ocrx_word' id='word_1_335' title='bbox 2642 1429 2764 1479; x_wconf 91' lang='lat' dir='ltr'><strong>Plu-</strong></span> 
     </span>
     <span class='ocr_line' id='line_1_59' title="bbox 1680 1499 2661 1580; baseline -0.004 -28"><span class='ocrx_word' id='word_1_336' title='bbox 1680 1502 1855 1554; x_wconf 87' lang='lat' dir='ltr'><strong>tarch.</strong></span> <span class='ocrx_word' id='word_1_337' title='bbox 1898 1499 2119 1552; x_wconf 89' lang='lat' dir='ltr'><strong>Consol.</strong></span> <span class='ocrx_word' id='word_1_338' title='bbox 2155 1501 2226 1550; x_wconf 90' lang='lat' dir='ltr'><strong>ad</strong></span> <span class='ocrx_word' id='word_1_339' title='bbox 2262 1499 2440 1580; x_wconf 81' lang='lat' dir='ltr'><strong>Apoll.</strong></span> <span class='ocrx_word' id='word_1_340' title='bbox 2477 1517 2533 1566; x_wconf 89' lang='lat' dir='ltr'><strong>p.</strong></span> <span class='ocrx_word' id='word_1_341' title='bbox 2570 1500 2661 1551; x_wconf 75' lang='lat'><strong>67.</strong></span> 
     </span>
    </p>
   </div>
   <div class='ocr_carea' id='block_1_12' title="bbox 1983 1671 2466 1723">
    <p class='ocr_par' dir='ltr' id='par_1_13' title="bbox 1983 1671 2466 1723">
     <span class='ocr_line' id='line_1_60' title="bbox 1983 1671 2466 1723; baseline 0.002 -1"><span class='ocrx_word' id='word_1_342' title='bbox 1983 1672 2117 1723; x_wconf 58' lang='lat' dir='ltr'><strong>Car.</strong></span> <span class='ocrx_word' id='word_1_343' title='bbox 2154 1671 2466 1723; x_wconf 85' lang='lat' dir='ltr'>CXXXIII.</span> 
     </span>
    </p>
   </div>
   <div class='ocr_carea' id='block_1_13' title="bbox 1682 1765 2794 4328">
    <p class='ocr_par' dir='ltr' id='par_1_14' title="bbox 1682 1765 2776 3070">
     <span class='ocr_line' id='line_1_61' title="bbox 1742 1765 2764 1840; baseline -0.001 -16"><span class='ocrx_word' id='word_1_344' title='bbox 1742 1765 1990 1840; x_wconf 73' lang='grc' dir='ltr'><strong><em>Ἱίμέρην</em></strong></span> <span class='ocrx_word' id='word_1_345' title='bbox 2034 1773 2097 1823; x_wconf 78' lang='grc' dir='ltr'><strong>δὲ</strong></span> <span class='ocrx_word' id='word_1_346' title='bbox 2133 1766 2400 1825; x_wconf 81' lang='grc' dir='ltr'><strong><em>ἁπασέων</em></strong></span> <span class='ocrx_word' id='word_1_347' title='bbox 2433 1766 2671 1840; x_wconf 77' lang='grc' dir='ltr'><strong><em>μάλιστα</em></strong></span> <span class='ocrx_word' id='word_1_348' title='bbox 2713 1789 2764 1824; x_wconf 81' lang='grc' dir='ltr'><strong>ιι.</strong></span> 
     </span>
     <span class='ocr_line' id='line_1_62' title="bbox 1683 1844 2769 1909; baseline 0 -16"><span class='ocrx_word' id='word_1_349' title='bbox 1683 1860 1730 1894; x_wconf 86' lang='grc' dir='ltr'><strong>τ.</strong></span> <span class='ocrx_word' id='word_1_350' title='bbox 1779 1844 1851 1909; x_wconf 90' lang='grc' dir='ltr'><strong>λ.]</strong></span> <span class='ocrx_word' id='word_1_351' title='bbox 1915 1846 2097 1896; x_wconf 86' lang='lat' dir='ltr'><strong>Locus</strong></span> <span class='ocrx_word' id='word_1_352' title='bbox 2144 1844 2434 1908; x_wconf 84' lang='lat' dir='ltr'><strong>classicus,</strong></span> <span class='ocrx_word' id='word_1_353' title='bbox 2489 1845 2560 1894; x_wconf 84' lang='lat' dir='ltr'><strong>ab</strong></span> <span class='ocrx_word' id='word_1_354' title='bbox 2605 1844 2769 1895; x_wconf 85' lang='lat' dir='ltr'><strong>Athe·</strong></span> 
     </span>
     <span class='ocr_line' id='line_1_63' title="bbox 1683 1913 2766 1979; baseline -0.002 -16"><span class='ocrx_word' id='word_1_355' title='bbox 1683 1930 1821 1964; x_wconf 89' lang='lat' dir='ltr'><strong>naeo</strong></span> <span class='ocrx_word' id='word_1_356' title='bbox 1858 1914 1955 1964; x_wconf 90' lang='lat' dir='ltr'><strong>IV.</strong></span> <span class='ocrx_word' id='word_1_357' title='bbox 1994 1930 2045 1979; x_wconf 86' lang='lat' dir='ltr'><strong>p.</strong></span> <span class='ocrx_word' id='word_1_358' title='bbox 2090 1913 2188 1964; x_wconf 79' lang='lat'><strong>143</strong></span> <span class='ocrx_word' id='word_1_359' title='bbox 2214 1915 2278 1964; x_wconf 78' lang='lat' dir='ltr'><strong>F.</strong></span> <span class='ocrx_word' id='word_1_360' title='bbox 2316 1931 2369 1979; x_wconf 86' lang='lat' dir='ltr'><strong>p.</strong></span> <span class='ocrx_word' id='word_1_361' title='bbox 2410 1915 2478 1965; x_wconf 80' lang='lat'><strong>62</strong></span> <span class='ocrx_word' id='word_1_362' title='bbox 2514 1914 2766 1978; x_wconf 77' lang='lat' dir='ltr'><strong>Schwgh.</strong></span> 
     </span>
     <span class='ocr_line' id='line_1_64' title="bbox 1685 1984 2771 2048; baseline -0.003 -14"><span class='ocrx_word' id='word_1_363' title='bbox 1685 1984 2021 2048; x_wconf 73' lang='lat' dir='ltr'><strong>exscriptus,</strong></span> <span class='ocrx_word' id='word_1_364' title='bbox 2079 1984 2146 2033; x_wconf 87' lang='lat' dir='ltr'><strong>de</strong></span> <span class='ocrx_word' id='word_1_365' title='bbox 2197 1984 2380 2034; x_wconf 87' lang='lat' dir='ltr'><strong>Persis</strong></span> <span class='ocrx_word' id='word_1_366' title='bbox 2431 1984 2568 2033; x_wconf 90' lang='lat' dir='ltr'><strong>diem</strong></span> <span class='ocrx_word' id='word_1_367' title='bbox 2617 1988 2771 2033; x_wconf 91' lang='lat' dir='ltr'><strong>nata-</strong></span> 
     </span>
     <span class='ocr_line' id='line_1_65' title="bbox 1682 2052 2769 2109; baseline -0.002 -6"><span class='ocrx_word' id='word_1_368' title='bbox 1682 2054 1789 2103; x_wconf 89' lang='lat' dir='ltr'><strong>lem</strong></span> <span class='ocrx_word' id='word_1_369' title='bbox 1844 2052 2263 2103; x_wconf 87' lang='lat' dir='ltr'><strong>celebrantibus.</strong></span> <span class='ocrx_word' id='word_1_370' title='bbox 2343 2053 2608 2103; x_wconf 85' lang='lat' dir='ltr'><strong>Addimus</strong></span> <span class='ocrx_word' id='word_1_371' title='bbox 2671 2052 2769 2109; x_wconf 80' lang='lat' dir='ltr'><strong>lx,</strong></span> 
     </span>
     <span class='ocr_line' id='line_1_66' title="bbox 1692 2121 2770 2186; baseline -0.004 -13"><span class='ocrx_word' id='word_1_372' title='bbox 1692 2122 1806 2183; x_wconf 90' lang='lat'>110,</span> <span class='ocrx_word' id='word_1_373' title='bbox 1846 2123 1940 2173; x_wconf 90' lang='lat' dir='ltr'><strong>ubi</strong></span> <span class='ocrx_word' id='word_1_374' title='bbox 1974 2121 2288 2172; x_wconf 85' lang='lat' dir='ltr'><strong>Herodotus</strong></span> <span class='ocrx_word' id='word_1_375' title='bbox 2322 2122 2476 2186; x_wconf 86' lang='lat' dir='ltr'><strong>plura</strong></span> <span class='ocrx_word' id='word_1_376' title='bbox 2513 2122 2579 2171; x_wconf 87' lang='lat' dir='ltr'><strong>de</strong></span> <span class='ocrx_word' id='word_1_377' title='bbox 2610 2122 2770 2181; x_wconf 83' lang='lat' dir='ltr'><strong>festo,</strong></span> 
     </span>
     <span class='ocr_line' id='line_1_67' title="bbox 1686 2191 2771 2257; baseline 0.002 -18"><span class='ocrx_word' id='word_1_378' title='bbox 1686 2191 1832 2257; x_wconf 89' lang='lat' dir='ltr'><strong>quod</strong></span> <span class='ocrx_word' id='word_1_379' title='bbox 1882 2192 2027 2255; x_wconf 84' lang='lat' dir='ltr'><strong>regis</strong></span> <span class='ocrx_word' id='word_1_380' title='bbox 2075 2191 2161 2241; x_wconf 80' lang='lat' dir='ltr'><strong>die</strong></span> <span class='ocrx_word' id='word_1_381' title='bbox 2212 2191 2389 2242; x_wconf 88' lang='lat' dir='ltr'><strong>natali</strong></span> <span class='ocrx_word' id='word_1_382' title='bbox 2448 2191 2771 2242; x_wconf 83' lang='lat' dir='ltr'><strong>celebratur.</strong></span> 
     </span>
     <span class='ocr_line' id='line_1_68' title="bbox 1688 2260 2768 2325; baseline 0.001 -17"><span class='ocrx_word' id='word_1_383' title='bbox 1688 2260 1813 2309; x_wconf 83' lang='lat' dir='ltr'><strong>Alia</strong></span> <span class='ocrx_word' id='word_1_384' title='bbox 1859 2261 2234 2325; x_wconf 86' lang='lat' dir='ltr'><strong>suppeditabit</strong></span> <span class='ocrx_word' id='word_1_385' title='bbox 2266 2262 2513 2311; x_wconf 85' lang='lat' dir='ltr'><strong>Brisson.</strong></span> <span class='ocrx_word' id='word_1_386' title='bbox 2555 2261 2622 2310; x_wconf 89' lang='lat' dir='ltr'><strong>de</strong></span> <span class='ocrx_word' id='word_1_387' title='bbox 2656 2276 2768 2324; x_wconf 80' lang='lat' dir='ltr'><strong>reg.</strong></span> 
     </span>
     <span class='ocr_line' id='line_1_69' title="bbox 1687 2329 2771 2394; baseline 0 -15"><span class='ocrx_word' id='word_1_388' title='bbox 1687 2331 1839 2379; x_wconf 71' lang='lat' dir='ltr'><strong>Pera.</strong></span> <span class='ocrx_word' id='word_1_389' title='bbox 1860 2331 2050 2394; x_wconf 86' lang='lat' dir='ltr'><strong>.princ.</strong></span> <span class='ocrx_word' id='word_1_390' title='bbox 2087 2331 2133 2393; x_wconf 94' lang='lat' dir='ltr'><strong>I,</strong></span> <span class='ocrx_word' id='word_1_391' title='bbox 2171 2332 2260 2380; x_wconf 79' lang='lat'><strong>42.</strong></span> <span class='ocrx_word' id='word_1_392' title='bbox 2300 2330 2376 2393; x_wconf 91' lang='lat'><strong>11,</strong></span> <span class='ocrx_word' id='word_1_393' title='bbox 2405 2331 2474 2381; x_wconf 83' lang='lat'><strong>70</strong></span> <span class='ocrx_word' id='word_1_394' title='bbox 2501 2330 2623 2381; x_wconf 89' lang='lat' dir='ltr'><strong>coll.</strong></span> <span class='ocrx_word' id='word_1_395' title='bbox 2652 2329 2771 2380; x_wconf 79' lang='lat'><strong>135.</strong></span> 
     </span>
     <span class='ocr_line' id='line_1_70' title="bbox 1691 2399 2775 2464; baseline 0 -16"><span class='ocrx_word' id='word_1_396' title='bbox 1691 2401 1785 2449; x_wconf 84' lang='lat' dir='ltr'><strong>Gr.</strong></span> <span class='ocrx_word' id='word_1_397' title='bbox 1843 2399 2026 2448; x_wconf 83' lang='lat' dir='ltr'><strong>addit:</strong></span> <span class='ocrx_word' id='word_1_398' title='bbox 2082 2399 2452 2464; x_wconf 83' lang='lat' dir='ltr'><strong>Olympiodor.</strong></span> <span class='ocrx_word' id='word_1_399' title='bbox 2510 2399 2567 2448; x_wconf 90' lang='lat' dir='ltr'><strong>in</strong></span> <span class='ocrx_word' id='word_1_400' title='bbox 2619 2399 2775 2449; x_wconf 87' lang='lat' dir='ltr'><strong>Com-</strong></span> 
     </span>
     <span class='ocr_line' id='line_1_71' title="bbox 1689 2467 2772 2533; baseline -0.001 -16"><span class='ocrx_word' id='word_1_401' title='bbox 1689 2473 1855 2518; x_wconf 82' lang='lat' dir='ltr'><strong>ment.</strong></span> <span class='ocrx_word' id='word_1_402' title='bbox 1914 2469 1984 2518; x_wconf 86' lang='lat' dir='ltr'><strong>ad</strong></span> <span class='ocrx_word' id='word_1_403' title='bbox 2036 2468 2256 2520; x_wconf 78' lang='lat' dir='ltr'><strong>Platon.</strong></span> <span class='ocrx_word' id='word_1_404' title='bbox 2314 2467 2488 2519; x_wconf 85' lang='lat' dir='ltr'><strong>Alcib.</strong></span> <span class='ocrx_word' id='word_1_405' title='bbox 2542 2484 2597 2533; x_wconf 84' lang='lat' dir='ltr'><strong>p.</strong></span> <span class='ocrx_word' id='word_1_406' title='bbox 2654 2468 2772 2517; x_wconf 83' lang='lat'><strong>157.</strong></span> 
     </span>
     <span class='ocr_line' id='line_1_72' title="bbox 1691 2537 2773 2589; baseline -0.003 -1"><span class='ocrx_word' id='word_1_407' title='bbox 1691 2537 1928 2588; x_wconf 83' lang='lat' dir='ltr'><strong>Gibbon.</strong></span> <span class='ocrx_word' id='word_1_408' title='bbox 1950 2537 2261 2589; x_wconf 86' lang='lat' dir='ltr'><strong>Geschicht.</strong></span> <span class='ocrx_word' id='word_1_409' title='bbox 2286 2539 2339 2588; x_wconf 90' lang='lat' dir='ltr'><strong>d.</strong></span> <span class='ocrx_word' id='word_1_410' title='bbox 2360 2537 2512 2588; x_wconf 84' lang='lat' dir='ltr'><strong>Verf.</strong></span> <span class='ocrx_word' id='word_1_411' title='bbox 2536 2537 2588 2587; x_wconf 84' lang='lat' dir='ltr'><strong>d.</strong></span> <span class='ocrx_word' id='word_1_412' title='bbox 2616 2538 2773 2588; x_wconf 69' lang='lat' dir='ltr'><strong>Rom.</strong></span> 
     </span>
     <span class='ocr_line' id='line_1_73' title="bbox 1690 2604 2773 2674; baseline -0.002 -17"><span class='ocrx_word' id='word_1_413' title='bbox 1690 2608 1758 2657; x_wconf 98' lang='lat' dir='ltr'><strong>R.</strong></span> <span class='ocrx_word' id='word_1_414' title='bbox 1796 2622 1917 2671; x_wconf 88' lang='lat' dir='ltr'><strong>cap.</strong></span> <span class='ocrx_word' id='word_1_415' title='bbox 1941 2608 2091 2657; x_wconf 84' lang='lat' dir='ltr'><strong>XIX.</strong></span> <span class='ocrx_word' id='word_1_416' title='bbox 2128 2608 2312 2674; x_wconf 87' lang='lat' dir='ltr'><strong>(Tom.</strong></span> <span class='ocrx_word' id='word_1_417' title='bbox 2343 2607 2441 2657; x_wconf 87' lang='lat' dir='ltr'><strong>IV.</strong></span> <span class='ocrx_word' id='word_1_418' title='bbox 2476 2621 2605 2672; x_wconf 84' lang='lat' dir='ltr'><strong>pag.</strong></span> <span class='ocrx_word' id='word_1_419' title='bbox 2627 2604 2773 2669; x_wconf 82' lang='lat'><strong>302).</strong></span> 
     </span>
     <span class='ocr_line' id='line_1_74' title="bbox 1692 2675 2774 2742; baseline -0.001 -18"><span class='ocrx_word' id='word_1_420' title='bbox 1692 2675 1952 2726; x_wconf 84' lang='lat' dir='ltr'><strong>Chardin.</strong></span> <span class='ocrx_word' id='word_1_421' title='bbox 1992 2678 2219 2742; x_wconf 75' lang='lat' dir='ltr'><strong>Voyage</strong></span> <span class='ocrx_word' id='word_1_422' title='bbox 2264 2692 2332 2727; x_wconf 88' lang='lat' dir='ltr'><strong>en</strong></span> <span class='ocrx_word' id='word_1_423' title='bbox 2365 2677 2522 2727; x_wconf 87' lang='lat' dir='ltr'><strong>Pers.</strong></span> <span class='ocrx_word' id='word_1_424' title='bbox 2562 2675 2774 2725; x_wconf 84' lang='lat' dir='ltr'><strong>T.111.</strong></span> 
     </span>
     <span class='ocr_line' id='line_1_75' title="bbox 1690 2745 2776 2810; baseline -0.003 -14"><span class='ocrx_word' id='word_1_425' title='bbox 1690 2760 1819 2810; x_wconf 79' lang='lat' dir='ltr'><strong>pag.</strong></span> <span class='ocrx_word' id='word_1_426' title='bbox 1848 2745 1936 2796; x_wconf 80' lang='lat'><strong>90.</strong></span> <span class='ocrx_word' id='word_1_427' title='bbox 2003 2746 2141 2796; x_wconf 88' lang='lat' dir='ltr'><strong>Nam</strong></span> <span class='ocrx_word' id='word_1_428' title='bbox 2180 2761 2279 2796; x_wconf 90' lang='lat' dir='ltr'><strong>nec</strong></span> <span class='ocrx_word' id='word_1_429' title='bbox 2320 2750 2544 2810; x_wconf 85' lang='lat' dir='ltr'><strong>postera</strong></span> <span class='ocrx_word' id='word_1_430' title='bbox 2595 2748 2776 2794; x_wconf 86' lang='lat' dir='ltr'><strong>aetate</strong></span> 
     </span>
     <span class='ocr_line' id='line_1_76' title="bbox 1693 2815 2776 2866; baseline -0.001 -2"><span class='ocrx_word' id='word_1_431' title='bbox 1693 2815 1763 2864; x_wconf 93' lang='lat' dir='ltr'><strong>ab</strong></span> <span class='ocrx_word' id='word_1_432' title='bbox 1800 2830 1863 2864; x_wconf 92' lang='lat' dir='ltr'><strong>eo</strong></span> <span class='ocrx_word' id='word_1_433' title='bbox 1901 2830 2049 2864; x_wconf 91' lang='lat' dir='ltr'><strong>more</strong></span> <span class='ocrx_word' id='word_1_434' title='bbox 2078 2816 2280 2866; x_wconf 88' lang='lat' dir='ltr'><strong>Persae</strong></span> <span class='ocrx_word' id='word_1_435' title='bbox 2321 2815 2776 2865; x_wconf 84' lang='lat' dir='ltr'><strong>desciverunt.—</strong></span> 
     </span>
     <span class='ocr_line' id='line_1_77' title="bbox 1690 2875 2775 2951; baseline -0.002 -19"><span class='ocrx_word' id='word_1_436' title='bbox 1690 2884 1759 2932; x_wconf 92' lang='lat' dir='ltr'><strong>In</strong></span> <span class='ocrx_word' id='word_1_437' title='bbox 1783 2899 1934 2949; x_wconf 88' lang='lat' dir='ltr'><strong>seqq.</strong></span> <span class='ocrx_word' id='word_1_438' title='bbox 1961 2900 2057 2948; x_wconf 90' lang='lat' dir='ltr'><strong>pro</strong></span> <span class='ocrx_word' id='word_1_439' title='bbox 2076 2881 2190 2933; x_wconf 76' lang='grc' dir='ltr'><strong>τῶν</strong></span> <span class='ocrx_word' id='word_1_440' title='bbox 2208 2875 2394 2933; x_wconf 77' lang='grc' dir='ltr'><strong><em>ἄλλων</em></strong></span> <span class='ocrx_word' id='word_1_441' title='bbox 2414 2885 2565 2951; x_wconf 86' lang='lat' dir='ltr'><strong>(post</strong></span> <span class='ocrx_word' id='word_1_442' title='bbox 2588 2880 2775 2947; x_wconf 81' lang='grc' dir='ltr'><strong><em>δαῖτα)</em></strong></span> 
     </span>
     <span class='ocr_line' id='line_1_78' title="bbox 1690 2952 1925 3004; baseline 0 -3"><span class='ocrx_word' id='word_1_443' title='bbox 1690 2952 1925 3004; x_wconf 82' lang='lat' dir='ltr'><strong>Bredov.</strong></span> 
     </span>
     <span class='ocr_line' id='line_1_79' title="bbox 1691 3011 1923 3070; baseline 0.014 -3"><span class='ocrx_word' id='word_1_444' title='bbox 1691 3011 1923 3070; x_wconf 77' lang='grc' dir='ltr'><strong><em>ἀλλέων.</em></strong></span> 
     </span>
    </p>

    <p class='ocr_par' dir='ltr' id='par_1_15' title="bbox 1692 3080 2781 3498">
     <span class='ocr_line' id='line_1_80' title="bbox 1764 3080 2775 3156; baseline 0.001 -20"><span class='ocrx_word' id='word_1_445' title='bbox 1764 3080 1822 3137; x_wconf 77' lang='grc' dir='ltr'><strong>ἐν</strong></span> <span class='ocrx_word' id='word_1_446' title='bbox 1862 3087 1932 3156; x_wconf 86' lang='grc' dir='ltr'><strong>τῇ</strong></span> <span class='ocrx_word' id='word_1_447' title='bbox 1970 3082 2030 3138; x_wconf 80' lang='grc' dir='ltr'><strong>οἷ</strong></span> <span class='ocrx_word' id='word_1_448' title='bbox 2058 3080 2396 3155; x_wconf 77' lang='grc' dir='ltr'><strong><em>εὐδαίμονες</em></strong></span> <span class='ocrx_word' id='word_1_449' title='bbox 2430 3080 2622 3139; x_wconf 79' lang='grc' dir='ltr'><strong><em>αὐτων</em></strong></span> <span class='ocrx_word' id='word_1_450' title='bbox 2652 3105 2702 3138; x_wconf 78' lang='grc' dir='ltr'><strong>κ.</strong></span> <span class='ocrx_word' id='word_1_451' title='bbox 2728 3104 2775 3137; x_wconf 89' lang='grc' dir='ltr'><strong>τ.</strong></span> 
     </span>
     <span class='ocr_line' id='line_1_81' title="bbox 1693 3142 2779 3223; baseline 0.002 -19"><span class='ocrx_word' id='word_1_452' title='bbox 1693 3155 1766 3221; x_wconf 85' lang='grc' dir='ltr'><strong>λ.]</strong></span> <span class='ocrx_word' id='word_1_453' title='bbox 1807 3152 1867 3207; x_wconf 83' lang='grc' dir='ltr'><strong>οἴ</strong></span> <span class='ocrx_word' id='word_1_454' title='bbox 1895 3142 2235 3223; x_wconf 77' lang='grc' dir='ltr'><strong><em>εὐδαίμονες</em></strong></span> <span class='ocrx_word' id='word_1_455' title='bbox 2269 3164 2396 3210; x_wconf 87' lang='lat' dir='ltr'><strong>sunt</strong></span> <span class='ocrx_word' id='word_1_456' title='bbox 2426 3159 2621 3221; x_wconf 76' lang='lat' dir='ltr'><strong>divites,</strong></span> <span class='ocrx_word' id='word_1_457' title='bbox 2656 3174 2779 3222; x_wconf 80' lang='lat' dir='ltr'><strong>opu-</strong></span> 
     </span>
     <span class='ocr_line' id='line_1_82' title="bbox 1692 3227 2777 3292; baseline 0.002 -18"><span class='ocrx_word' id='word_1_458' title='bbox 1692 3228 1859 3276; x_wconf 78' lang='lat' dir='ltr'><strong>lentim</strong></span> <span class='ocrx_word' id='word_1_459' title='bbox 1862 3243 1956 3290; x_wconf 70' lang='grc' dir='ltr'><strong><em>’,σε</em></strong></span> <span class='ocrx_word' id='word_1_460' title='bbox 2002 3232 2064 3277; x_wconf 90' lang='grc' dir='ltr'><strong>ιιι</strong></span> <span class='ocrx_word' id='word_1_461' title='bbox 2115 3228 2260 3278; x_wconf 83' lang='lat' dir='ltr'><strong>infra</strong></span> <span class='ocrx_word' id='word_1_462' title='bbox 2300 3229 2373 3292; x_wconf 92' lang='lat' dir='ltr'><strong>V,</strong></span> <span class='ocrx_word' id='word_1_463' title='bbox 2421 3227 2473 3292; x_wconf 85' lang='lat'><strong>8,</strong></span> <span class='ocrx_word' id='word_1_464' title='bbox 2522 3228 2616 3278; x_wconf 88' lang='lat' dir='ltr'><strong>nbi</strong></span> <span class='ocrx_word' id='word_1_465' title='bbox 2665 3227 2777 3277; x_wconf 79' lang='lat' dir='ltr'><strong>vid.</strong></span> 
     </span>
     <span class='ocr_line' id='line_1_83' title="bbox 1693 3295 2781 3362; baseline 0.001 -18"><span class='ocrx_word' id='word_1_466' title='bbox 1693 3299 1834 3346; x_wconf 84' lang='lat' dir='ltr'><strong>nott.</strong></span> <span class='ocrx_word' id='word_1_467' title='bbox 1902 3296 2091 3346; x_wconf 87' lang='lat' dir='ltr'><strong>Latini</strong></span> <span class='ocrx_word' id='word_1_468' title='bbox 2126 3297 2304 3348; x_wconf 79' lang='lat' dir='ltr'><strong>beatos</strong></span> <span class='ocrx_word' id='word_1_469' title='bbox 2343 3295 2639 3362; x_wconf 89' lang='lat' dir='ltr'><strong>appellant.</strong></span> <span class='ocrx_word' id='word_1_470' title='bbox 2715 3297 2781 3346; x_wconf 92' lang='lat' dir='ltr'><strong>In</strong></span> 
     </span>
     <span class='ocr_line' id='line_1_84' title="bbox 1695 3362 2780 3432; baseline -0.001 -17"><span class='ocrx_word' id='word_1_471' title='bbox 1695 3376 1846 3429; x_wconf 79' lang='lat' dir='ltr'><strong>seqq.</strong></span> <span class='ocrx_word' id='word_1_472' title='bbox 1882 3366 1954 3415; x_wconf 87' lang='lat' dir='ltr'><strong>ad</strong></span> <span class='ocrx_word' id='word_1_473' title='bbox 1977 3365 2205 3415; x_wconf 83' lang='lat' dir='ltr'><strong>sormam</strong></span> <span class='ocrx_word' id='word_1_474' title='bbox 2230 3362 2608 3432; x_wconf 76' lang='grc' dir='ltr'><strong><em>προτιθέαται</em></strong></span> <span class='ocrx_word' id='word_1_475' title='bbox 2634 3365 2780 3417; x_wconf 81' lang='lat' dir='ltr'><strong>conf.</strong></span> 
     </span>
     <span class='ocr_line' id='line_1_85' title="bbox 1693 3434 2182 3498; baseline 0 -14"><span class='ocrx_word' id='word_1_476' title='bbox 1693 3435 1929 3485; x_wconf 80' lang='lat' dir='ltr'><strong>Bredov.</strong></span> <span class='ocrx_word' id='word_1_477' title='bbox 1966 3450 2020 3498; x_wconf 85' lang='lat' dir='ltr'><strong>p.</strong></span> <span class='ocrx_word' id='word_1_478' title='bbox 2062 3434 2182 3486; x_wconf 80' lang='lat'><strong>329.</strong></span> 
     </span>
    </p>

    <p class='ocr_par' dir='ltr' id='par_1_16' title="bbox 1694 3494 2792 4328">
     <span class='ocr_line' id='line_1_86' title="bbox 1763 3494 2780 3571; baseline 0.002 -20"><span class='ocrx_word' id='word_1_479' title='bbox 1763 3495 1834 3551; x_wconf 79' lang='grc' dir='ltr'><strong>τὰ</strong></span> <span class='ocrx_word' id='word_1_480' title='bbox 1873 3494 2048 3552; x_wconf 79' lang='grc' dir='ltr'><strong><em>λεπτὰ</em></strong></span> <span class='ocrx_word' id='word_1_481' title='bbox 2095 3519 2210 3552; x_wconf 89' lang='grc' dir='ltr'><strong>των</strong></span> <span class='ocrx_word' id='word_1_482' title='bbox 2253 3495 2582 3571; x_wconf 77' lang='grc' dir='ltr'><strong><em>προβάτων]</em></strong></span> <span class='ocrx_word' id='word_1_483' title='bbox 2640 3504 2677 3554; x_wconf 92' lang='lat' dir='ltr'><strong>i.</strong></span> <span class='ocrx_word' id='word_1_484' title='bbox 2731 3519 2780 3553; x_wconf 87' lang='lat' dir='ltr'><strong>e.</strong></span> 
     </span>
     <span class='ocr_line' id='line_1_87' title="bbox 1697 3577 2782 3636; baseline 0 -14"><span class='ocrx_word' id='word_1_485' title='bbox 1697 3586 1812 3622; x_wconf 79' lang='lat' dir='ltr'><strong>oves</strong></span> <span class='ocrx_word' id='word_1_486' title='bbox 1828 3608 1843 3636; x_wconf 86' lang='lat'>,</span> <span class='ocrx_word' id='word_1_487' title='bbox 1889 3588 2108 3636; x_wconf 77' lang='lat' dir='ltr'><strong>caprae,</strong></span> <span class='ocrx_word' id='word_1_488' title='bbox 2154 3587 2386 3636; x_wconf 81' lang='lat' dir='ltr'><strong>omneque</strong></span> <span class='ocrx_word' id='word_1_489' title='bbox 2418 3589 2576 3636; x_wconf 75' lang='lat' dir='ltr'><strong>pecus</strong></span> <span class='ocrx_word' id='word_1_490' title='bbox 2608 3577 2782 3634; x_wconf 79' lang='lat' dir='ltr'><strong>minus,</strong></span> 
     </span>
     <span class='ocr_line' id='line_1_88' title="bbox 1698 3641 2783 3704; baseline -0.001 -14"><span class='ocrx_word' id='word_1_491' title='bbox 1698 3641 1764 3690; x_wconf 84' lang='lat' dir='ltr'><strong>du</strong></span> <span class='ocrx_word' id='word_1_492' title='bbox 1813 3658 1953 3692; x_wconf 79' lang='lat' dir='ltr'><strong>menn</strong></span> <span class='ocrx_word' id='word_1_493' title='bbox 1999 3642 2177 3704; x_wconf 77' lang='grc' dir='ltr'><strong><em>ὸέιαίἱ,</em></strong></span> <span class='ocrx_word' id='word_1_494' title='bbox 2238 3646 2301 3690; x_wconf 83' lang='grc' dir='ltr'><strong>ιιι</strong></span> <span class='ocrx_word' id='word_1_495' title='bbox 2346 3641 2488 3694; x_wconf 83' lang='lat' dir='ltr'><strong>Galli</strong></span> <span class='ocrx_word' id='word_1_496' title='bbox 2533 3642 2783 3692; x_wconf 89' lang='lat' dir='ltr'><strong>reddunt.</strong></span> 
     </span>
     <span class='ocr_line' id='line_1_89' title="bbox 1697 3709 2788 3773; baseline 0 -14"><span class='ocrx_word' id='word_1_497' title='bbox 1697 3709 1902 3760; x_wconf 85' lang='lat' dir='ltr'><strong>Eadem</strong></span> <span class='ocrx_word' id='word_1_498' title='bbox 1939 3711 2143 3762; x_wconf 88' lang='lat' dir='ltr'><strong>locutio</strong></span> <span class='ocrx_word' id='word_1_499' title='bbox 2188 3711 2334 3759; x_wconf 82' lang='lat' dir='ltr'><strong>infra</strong></span> <span class='ocrx_word' id='word_1_500' title='bbox 2370 3711 2535 3773; x_wconf 87' lang='lat' dir='ltr'>VIII,</span> <span class='ocrx_word' id='word_1_501' title='bbox 2576 3711 2671 3762; x_wconf 82' lang='lat'><strong>137</strong></span> <span class='ocrx_word' id='word_1_502' title='bbox 2707 3715 2788 3760; x_wconf 89' lang='lat' dir='ltr'><strong>at-</strong></span> 
     </span>
     <span class='ocr_line' id='line_1_90' title="bbox 1699 3770 2787 3843; baseline -0.002 -15"><span class='ocrx_word' id='word_1_503' title='bbox 1699 3794 1805 3843; x_wconf 89' lang='lat' dir='ltr'><strong>que</strong></span> <span class='ocrx_word' id='word_1_504' title='bbox 1855 3781 1935 3830; x_wconf 79' lang='lat' dir='ltr'><strong>sic</strong></span> <span class='ocrx_word' id='word_1_505' title='bbox 1978 3779 2094 3830; x_wconf 81' lang='lat' dir='ltr'><strong>fere</strong></span> <span class='ocrx_word' id='word_1_506' title='bbox 2136 3781 2443 3830; x_wconf 83' lang='lat' dir='ltr'><strong>Pausanias</strong></span> <span class='ocrx_word' id='word_1_507' title='bbox 2490 3781 2599 3841; x_wconf 87' lang='lat' dir='ltr'><strong>IX,</strong></span> <span class='ocrx_word' id='word_1_508' title='bbox 2636 3781 2669 3831; x_wconf 86' lang='lat'><strong>3</strong></span> <span class='ocrx_word' id='word_1_509' title='bbox 2716 3770 2787 3827; x_wconf 79' lang='grc' dir='ltr'><strong>τὰ</strong></span> 
     </span>
     <span class='ocr_line' id='line_1_91' title="bbox 1700 3840 2788 3915; baseline 0.001 -20"><span class='ocrx_word' id='word_1_510' title='bbox 1700 3840 2005 3913; x_wconf 86' lang='grc' dir='ltr'><strong><em>λεπτότερα</em></strong></span> <span class='ocrx_word' id='word_1_511' title='bbox 2025 3864 2141 3897; x_wconf 87' lang='grc' dir='ltr'><strong>των</strong></span> <span class='ocrx_word' id='word_1_512' title='bbox 2160 3840 2484 3915; x_wconf 84' lang='grc' dir='ltr'><strong><em>προβατων.</em></strong></span> <span class='ocrx_word' id='word_1_513' title='bbox 2540 3849 2788 3913; x_wconf 86' lang='lat' dir='ltr'><strong>Namque</strong></span> 
     </span>
     <span class='ocr_line' id='line_1_92' title="bbox 1694 3917 2789 3982; baseline 0.001 -17"><span class='ocrx_word' id='word_1_514' title='bbox 1694 3918 1971 3968; x_wconf 82' lang='lat' dir='ltr'><strong>veteribus</strong></span> <span class='ocrx_word' id='word_1_515' title='bbox 1996 3921 2202 3982; x_wconf 76' lang='lat' dir='ltr'><strong>quaevis</strong></span> <span class='ocrx_word' id='word_1_516' title='bbox 2218 3932 2428 3981; x_wconf 80' lang='lat' dir='ltr'><strong>pecora,</strong></span> <span class='ocrx_word' id='word_1_517' title='bbox 2455 3917 2598 3966; x_wconf 90' lang='lat' dir='ltr'><strong>inter</strong></span> <span class='ocrx_word' id='word_1_518' title='bbox 2630 3917 2789 3967; x_wconf 86' lang='lat' dir='ltr'><strong>eden-</strong></span> 
     </span>
     <span class='ocr_line' id='line_1_93' title="bbox 1698 3982 2786 4052; baseline -0.001 -17"><span class='ocrx_word' id='word_1_519' title='bbox 1698 3986 1823 4036; x_wconf 87' lang='lat' dir='ltr'><strong>dum</strong></span> <span class='ocrx_word' id='word_1_520' title='bbox 1861 3991 2097 4051; x_wconf 87' lang='lat' dir='ltr'><strong>quatuor</strong></span> <span class='ocrx_word' id='word_1_521' title='bbox 2119 3987 2349 4052; x_wconf 84' lang='lat' dir='ltr'><strong>pedibus</strong></span> <span class='ocrx_word' id='word_1_522' title='bbox 2376 3982 2786 4050; x_wconf 82' lang='grc' dir='ltr'><strong><em>προβαίνοντα,</em></strong></span> 
     </span>
     <span class='ocr_line' id='line_1_94' title="bbox 1696 4048 2791 4121; baseline 0.001 -18"><span class='ocrx_word' id='word_1_523' title='bbox 1696 4048 1954 4121; x_wconf 87' lang='grc' dir='ltr'><strong><em>πρόβατα</em></strong></span> <span class='ocrx_word' id='word_1_524' title='bbox 1990 4056 2331 4107; x_wconf 89' lang='lat' dir='ltr'><strong>dicebantur.</strong></span> <span class='ocrx_word' id='word_1_525' title='bbox 2390 4056 2530 4106; x_wconf 84' lang='lat' dir='ltr'><strong>Sunt</strong></span> <span class='ocrx_word' id='word_1_526' title='bbox 2559 4054 2791 4105; x_wconf 85' lang='lat' dir='ltr'><strong>Valcke-</strong></span> 
     </span>
     <span class='ocr_line' id='line_1_95' title="bbox 1696 4123 2792 4187; baseline -0.003 -14"><span class='ocrx_word' id='word_1_527' title='bbox 1696 4125 1840 4174; x_wconf 89' lang='lat' dir='ltr'><strong>narii</strong></span> <span class='ocrx_word' id='word_1_528' title='bbox 1874 4125 2041 4175; x_wconf 83' lang='lat' dir='ltr'><strong>verba</strong></span> <span class='ocrx_word' id='word_1_529' title='bbox 2075 4126 2146 4175; x_wconf 92' lang='lat' dir='ltr'><strong>ad</strong></span> <span class='ocrx_word' id='word_1_530' title='bbox 2180 4124 2386 4175; x_wconf 87' lang='lat' dir='ltr'><strong>Herod.</strong></span> <span class='ocrx_word' id='word_1_531' title='bbox 2427 4125 2525 4187; x_wconf 87' lang='lat' dir='ltr'><strong>lv,</strong></span> <span class='ocrx_word' id='word_1_532' title='bbox 2563 4123 2662 4186; x_wconf 83' lang='lat'><strong>61,</strong></span> <span class='ocrx_word' id='word_1_533' title='bbox 2696 4124 2792 4174; x_wconf 84' lang='lat' dir='ltr'><strong>nbi</strong></span> 
     </span>
     <span class='ocr_line' id='line_1_96' title="bbox 1698 4161 2790 4275; baseline -0.001 -33"><span class='ocrx_word' id='word_1_534' title='bbox 1698 4198 1869 4244; x_wconf 85' lang='lat' dir='ltr'><strong>testes</strong></span> <span class='ocrx_word' id='word_1_535' title='bbox 1895 4194 2135 4245; x_wconf 84' lang='lat' dir='ltr'><strong>Graecos</strong></span> <span class='ocrx_word' id='word_1_536' title='bbox 2173 4194 2333 4244; x_wconf 88' lang='lat' dir='ltr'><strong>huius</strong></span> <span class='ocrx_word' id='word_1_537' title='bbox 2371 4161 2790 4275; x_wconf 74' lang='lat' dir='ltr'><strong>significationis</strong></span> 
     </span>
     <span class='ocr_line' id='line_1_97' title="bbox 1699 4261 2794 4328; baseline -0.001 -17"><span class='ocrx_word' id='word_1_538' title='bbox 1699 4262 1940 4314; x_wconf 87' lang='lat' dir='ltr'><strong>adiicere</strong></span> <span class='ocrx_word' id='word_1_539' title='bbox 1983 4263 2129 4312; x_wconf 84' lang='lat' dir='ltr'><strong>haud</strong></span> <span class='ocrx_word' id='word_1_540' title='bbox 2180 4261 2442 4328; x_wconf 79' lang='lat' dir='ltr'><strong>neglexit.</strong></span> <span class='ocrx_word' id='word_1_541' title='bbox 2516 4263 2674 4312; x_wconf 84' lang='lat' dir='ltr'><strong>Conf.</strong></span> <span class='ocrx_word' id='word_1_542' title='bbox 2712 4263 2794 4310; x_wconf 85' lang='lat' dir='ltr'><strong>in-</strong></span> 
     </span>
    </p>
   </div>
   <div class='ocr_carea' id='block_1_14' title="bbox 1698 4330 2792 4397">
    <p class='ocr_par' dir='ltr' id='par_1_17' title="bbox 1698 4330 2792 4397">
     <span class='ocr_line' id='line_1_98' title="bbox 1698 4330 2792 4397; baseline -0.002 -16"><span class='ocrx_word' id='word_1_543' title='bbox 1698 4331 1786 4381; x_wconf 81' lang='lat' dir='ltr'><strong>fra</strong></span> <span class='ocrx_word' id='word_1_544' title='bbox 1820 4331 2018 4394; x_wconf 82' lang='lat'>1,188</span> <span class='ocrx_word' id='word_1_545' title='bbox 2053 4333 2173 4382; x_wconf 89' lang='lat' dir='ltr'><strong>init.</strong></span> <span class='ocrx_word' id='word_1_546' title='bbox 2214 4332 2343 4395; x_wconf 73' lang='lat'>203,</span> <span class='ocrx_word' id='word_1_547' title='bbox 2402 4330 2600 4397; x_wconf 85' lang='lat' dir='ltr'><strong>quibus</strong></span> <span class='ocrx_word' id='word_1_548' title='bbox 2656 4330 2792 4381; x_wconf 89' lang='lat' dir='ltr'><strong>locis</strong></span> 
     </span>
    </p>
   </div>
   <div class='ocr_carea' id='block_1_15' title="bbox 1966 2949 2865 3017">
    <p class='ocr_par' dir='ltr' id='par_1_18' title="bbox 1966 2949 2865 3017">
     <span class='ocr_line' id='line_1_99' title="bbox 1966 2949 2865 3017; baseline 0 -13"><span class='ocrx_word' id='word_1_549' title='bbox 1966 2968 2019 3017; x_wconf 92' lang='lat' dir='ltr'><strong>p.</strong></span> <span class='ocrx_word' id='word_1_550' title='bbox 2061 2954 2163 3005; x_wconf 87' lang='grc'><strong>223</strong></span> <span class='ocrx_word' id='word_1_551' title='bbox 2196 2952 2406 3004; x_wconf 78' lang='lat' dir='ltr'><strong>mavult</strong></span> <span class='ocrx_word' id='word_1_552' title='bbox 2442 2953 2630 3017; x_wconf 87' lang='lat' dir='ltr'><strong>reponi</strong></span> <span class='ocrx_word' id='word_1_553' title='bbox 2663 2949 2778 3001; x_wconf 77' lang='grc' dir='ltr'><strong>τῶν</strong></span> <span class='ocrx_word' id='word_1_554' title='bbox 2852 2993 2865 3004; x_wconf 92' lang='grc'><strong>.</strong></span> 
     </span>
    </p>
   </div>
  </div>
 </body>
</html>
