3109 5092
1073 346 1569 408 EUTERPE.
1612 347 1699 408 H.
1743 356 1835 410 43.

2466 346 2592 408 527

462 511 826 607 Ἡρακλέος
864 516 939 588 δὲ
978 515 1135 608 πέρι
1176 515 1377 588 τόνδε
1413 514 1533 588 τὸν
1574 515 1779 605 λόγον
1821 515 2112 607 ἥκουσα,
2162 513 2265 587 ὅτι
2309 527 2414 607 εἴη
2451 523 2590 589 τῶν
2607 540 2688 600 43

321 620 633 690 δυώδεκα
668 623 878 692 θεῶν.
951 628 1075 690 τοῦ
1115 620 1346 710 ἑτέρου
1388 622 1465 691 δὲ
1505 621 1661 711 πέρι
1682 617 2040 712 Ἡρακλέος
2059 672 2079 706 ,
2133 618 2252 691 τὸν
2272 617 2594 710 ’Έλληνες

317 785 578 837 Etruschi
614 786 684 836 ad
719 785 835 836 tab.
873 788 942 837 45
980 786 1063 836 de'
1100 787 1222 837 vasi
1257 784 1406 836 fittili

317 869 445 921 pag.
474 858 580 907 444
610 857 765 922 seq.“
826 855 914 906 Ad
946 862 1280 907 mortuorum
1317 871 1403 906 res

318 927 453 976 haec
510 940 671 976 sacra
733 931 1041 990 spectasse,
1112 927 1406 993 eodemque

320 993 484 1044 etiam
534 997 812 1045 Ammonis
861 1001 1074 1045 statuas
1135 998 1406 1061 pertinere

318 1065 611 1129 quotannis
667 1071 1072 1129 transportatus
1129 1067 1408 1116 existimat

317 1134 566 1199 Bmgsch
621 1133 833 1199 (Lettre
879 1135 913 1185 a
959 1136 1062 1186 Mr.
1110 1136 1175 1187 de
1215 1137 1406 1200 Rouge

318 1208 426 1253 etc.
464 1219 519 1268 p.
559 1206 628 1253 44
664 1205 835 1285 seqq)
886 1205 980 1269 qui
1027 1204 1099 1254 ad
1143 1206 1243 1255 has
1279 1204 1405 1255 deo·

315 1287 435 1322 rum
468 1276 683 1323 statuas
728 1275 787 1323 in
819 1274 1153 1325 solemnibus
1188 1279 1408 1340 portan-

317 1342 416 1392 das
454 1343 623 1393 refert
649 1358 864 1409 quoque
889 1358 1082 1422 munus
1106 1360 1291 1395 eorum
1320 1359 1405 1393 sa-

315 1412 629 1476 cerdotum,
679 1414 774 1479 qui
815 1405 1174 1478 παστοφόροι
1224 1414 1403 1480 appel-

384 1542 448 1600 ἐν
492 1545 589 1618 ἷρῇ
634 1541 815 1618 θήκῃ]
866 1542 1065 1616 θήκην
1112 1550 1203 1601 hic
1236 1550 1401 1617 vulgo

315 1620 550 1671 reddunt
584 1623 806 1671 loculum,
863 1619 1059 1670 Melius
1094 1620 1398 1686 Schweigb.

314 1694 625 1756 sepulcrm,
662 1704 783 1740 cum
820 1684 982 1754 θήκη
1014 1689 1297 1741 Herodoto
1328 1691 1403 1739 sit

313 1762 643 1811 conditor-ima
678 1773 723 1809 s.
762 1775 993 1824 camera,
1047 1758 1284 1825 plurium
1320 1775 1402 1810 ar-

315 1843 503 1880 carum
526 1843 700 1894 capax
716 1833 774 1879 et
796 1831 938 1880 arcis
957 1830 1284 1895 recipiendis
1311 1828 1403 1880 de-

317 1900 541 1962 stinata,
564 1904 819 1949 monente
843 1899 1094 1949 Creuzer.
1117 1901 1176 1949 in
1195 1899 1397 1949 Comm.

314 1969 520 2019 Herod.
543 1985 596 2033 p.
620 1970 706 2019 67.
746 1969 832 2019 Cf.
856 1969 992 2019 Her.
1013 1969 1224 2031 111,16.
1271 1969 1402 2034 Spe·

313 2043 469 2088 ctant
504 2054 633 2089 vero
670 2037 804 2089 baec
825 2037 897 2090 ad
921 2039 1238 2088 animalium
1273 2042 1400 2103 post

312 2114 540 2159 mortem
560 2109 1039 2171 consecrationem,
1060 2108 1127 2159 de
1151 2122 1258 2174 qua
1283 2108 1395 2159 vid.

312 2183 454 2229 nott.
492 2178 564 2228 ad
599 2178 676 2242 11,
719 2179 806 2229 65.

664 2349 796 2400 Cn.
829 2349 1044 2401 XLIII.

381 2439 470 2500 ὅτι
492 2447 583 2515 εἴη
607 2467 722 2502 των
745 2445 1008 2502 δυώδεκα
1033 2449 1219 2517 θεῶν]
1252 2450 1396 2501 ΟΙὶιιι

311 2510 417 2583 ὣς,
478 2522 632 2572 cuius
671 2522 792 2574 loco
809 2538 857 2602 ηε
894 2523 1206 2573 melioribus
1243 2522 1395 2571 libris

311 2605 455 2640 nunc
491 2597 768 2656 receptum
801 2581 910 2642 ὅτι.
984 2592 1258 2642 Classicus
1289 2591 1397 2640 He-

311 2660 491 2710 rodoti
535 2660 688 2712 locus
725 2661 792 2712 de
829 2661 1004 2712 tribus
1042 2662 1264 2712 deorum
1294 2661 1397 2710 Ae-

309 2730 621 2795 gyptiorum
655 2731 935 2782 ordinibus
972 2735 1153 2782 exstat
1187 2730 1263 2793 11,
1297 2731 1396 2780 145

309 2798 432 2850 coll.
470 2801 551 2863 11,
588 2802 677 2853 46.
749 2802 823 2852 Et
871 2800 966 2850 alii
1014 2815 1225 2867 quoque
1268 2800 1398 2850 scri-

308 2873 492 2933 ptores
536 2869 758 2921 deorum
813 2871 1031 2921 ordines
1080 2885 1399 2921 commemo-

307 2944 458 3000 rant,
528 2939 881 3006 singulosque
941 2939 1099 3004 deos,
1172 2940 1266 3005 qui
1326 2940 1397 2990 ad

310 3022 577 3073 quemque
613 3009 855 3060 ordinem
890 3009 1200 3074 pertineant
1214 3045 1228 3071 ,
1267 3009 1398 3060 affe-

307 3081 454 3128 runt.
535 3079 674 3129 Nam
713 3079 917 3144 primus
969 3078 1101 3130 ordo
1148 3083 1272 3129 octo
1312 3085 1399 3129 est

307 3145 548 3211 deorum,
585 3147 726 3198 alter
762 3148 1050 3199 duodecim
1081 3149 1252 3199 fuisse
1278 3164 1397 3213 per-

307 3215 542 3281 hibetur,
580 3233 610 3268 e
632 3218 802 3283 priori
825 3216 1037 3268 scilicet
1067 3222 1240 3282 ortus,
1274 3234 1397 3269 cum
1437 3216 1442 3220 ’

306 3286 503 3335 tertius
536 3301 566 3337 e
603 3287 840 3339 secundo
885 3286 1089 3353 pariter
1134 3288 1396 3353 originem

309 3354 494 3405 ducat.
578 3358 664 3408 De
709 3359 882 3421 primo
933 3357 1157 3408 deorum
1207 3358 1397 3408 ordine

306 3423 382 3474 ef.
410 3428 553 3478 nott.
599 3425 674 3476 ad
711 3427 801 3488 11,
836 3426 925 3478 46.
999 3426 1159 3490 Quod
1206 3427 1279 3477 ad
1315 3442 1398 3478 se-

308 3493 571 3559 cundum,
619 3496 709 3545 cui
741 3495 1007 3547 Hercules
1048 3496 1394 3560 adscribitur,

307 3563 554 3622 ordinem
585 3565 850 3629 pertinet,
894 3565 1026 3629 hoc,
1077 3564 1395 3617 Iablonskio

309 3631 586 3699 (Prolegg.
623 3633 694 3684 ad
719 3634 921 3687 Panth.
957 3651 1013 3700 p.
1045 3638 1114 3687 74
1136 3633 1281 3701 seq.)
1310 3636 1397 3686 in-

305 3707 570 3768 terprete,
616 3704 697 3756 sic
744 3704 1122 3772 accipiendum
1156 3707 1286 3768 erit,
1331 3708 1393 3755 ut

306 3769 377 3821 ad
421 3772 653 3837 priorem
705 3781 831 3825 octo
883 3775 1106 3826 deorum
1151 3774 1395 3826 ordinem

307 3846 543 3906 quatuor
570 3843 775 3895 adiecti
811 3843 1045 3906 fuerint,
1081 3843 1227 3894 unde
1258 3843 1394 3895 haec

305 3923 515 3962 summa
558 3914 849 3965 exstiterit.
934 3913 1029 3964 Sol
1076 3913 1220 3964 enim
1266 3929 1395 3979 qua-

304 3980 588 4032 drifariam
632 3983 921 4047 respicitur
967 3983 1026 4033 in
1068 3987 1301 4048 utroque
1339 3987 1396 4034 et

302 4051 652 4117 aequinoctio
690 4058 746 4102 et
776 4051 1050 4116 solstitio,
1085 4052 1229 4102 unde
1264 4067 1395 4118 qua-

303 4124 429 4170 tuor
464 4121 735 4173 exsistunt
771 4121 849 4172 dii
881 4122 1114 4172 Ammun
1150 4120 1230 4187 (et
1267 4138 1399 4189 quo-

305 4188 589 4241 dammodo
646 4191 943 4243 Hercules·
954 4191 1132 4257 Sem),
1193 4192 1397 4255 Horus,

302 4260 554 4324 Serapis,
617 4262 1006 4326 Harpocrates.
1095 4260 1236 4310 Nam
1295 4261 1397 4310 hoc

301 4341 462 4378 nemo
508 4329 623 4379 fere
667 4331 876 4394 nescit,
925 4329 1271 4381 orientalium
1318 4346 1398 4380 re-

301 4395 568 4462 unionum
607 4397 887 4464 paululum
934 4412 1166 4464 gnarus,
1213 4399 1397 4450 varias

1505 785 1667 835 unius
1702 786 2052 853 eiusdemque
2086 783 2322 835 numinis
2356 786 2501 835 vires
2538 784 2595 833 in

1506 855 1754 921 singulas
1802 858 2004 908 formas
2048 854 2383 920 totidemque
2414 869 2596 920 perso-

1506 940 1608 975 nas
1657 925 1856 989 dividi,
1908 927 1990 976 ita
2031 930 2093 976 ut
2140 939 2209 974 ex
2253 924 2596 990 quadruplici

1510 995 1643 1045 solis
1698 995 2012 1046 conditione
2057 1009 2122 1045 ac
2166 997 2317 1044 statu
2362 1001 2595 1060 quatuor

1509 1079 1725 1130 quoque
1761 1065 1894 1115 solis
1932 1065 2009 1116 dii
2045 1064 2207 1130 quasi
2228 1069 2500 1128 emanent,
2536 1064 2595 1111 in

1508 1149 1677 1184 unum
1709 1134 2045 1200 eundemque
2080 1132 2249 1184 solem
2297 1133 2474 1185 denuo
2512 1148 2593 1182 re-

1507 1203 1785 1255 volvendi.
1860 1204 1980 1266 Quo
2014 1201 2219 1253 rectius
2259 1204 2450 1268 opinor
2483 1204 2592 1253 iam

1508 1273 1740 1325 Goerres
1794 1270 2232 1339 (Mythengesch.
2270 1274 2348 1323 II.
2396 1289 2453 1338 p.
2488 1272 2591 1323 372

1504 1343 1649 1408 seq.)
1697 1341 1765 1393 de
1809 1350 1934 1393 octo
1970 1344 2185 1394 Cabiris
2233 1344 2592 1409 cogitaverat,

1506 1413 1703 1478 quibus
1749 1411 1861 1463 alia
1910 1412 2177 1479 quaedam
2226 1414 2448 1462 numina
2505 1428 2595 1462 ac-

1505 1483 1788 1532 cesserint.
1859 1483 1934 1533 Et
1969 1482 2178 1545 confer,
2219 1497 2359 1548 quae
2403 1483 2472 1533 de
2507 1483 2590 1531 his

1505 1552 1728 1602 disserit
1764 1551 2016 1604 Creuzer.
2045 1551 2288 1617 Symbol.
2327 1553 2406 1603 ΙΙ.
2444 1567 2500 1616 Ρ.
2522 1551 2593 1602 48

1503 1636 1658 1687 seqq.
1697 1620 1797 1672 237
1824 1636 1977 1687 seqq.
2003 1622 2090 1672 ed.
2126 1625 2254 1673 tert.
2291 1621 2589 1687 Seyffarth:

1503 1692 1761 1756 Beitrage
1798 1707 1850 1740 s.
1890 1692 2190 1742 Kenntniss
2236 1691 2289 1742 d.
2328 1693 2441 1743 Lit.
2482 1696 2589 1741 etc.

1506 1760 1561 1811 d.
1594 1762 1830 1825 Aegypt.
1867 1760 1976 1812 111.
2010 1776 2063 1826 p.
2094 1761 2180 1812 76.
2255 1761 2362 1823 Qui
2395 1766 2589 1826 postea

1504 1830 1562 1879 in
1608 1829 1854 1894 singulos
1894 1831 2285 1895 Aegyptiorum
2331 1831 2461 1880 deos
2510 1830 2591 1879 in-
2666 1837 2674 1844 ‘

1504 1899 1732 1964 quisivit
1769 1914 1970 1964 eosque
2017 1915 2084 1950 ex
2122 1901 2258 1965 ipsis
2294 1900 2590 1965 Aegyptio-

1502 1984 1621 2018 rum
1656 1970 2017 2019 monumentis
2059 1969 2430 2020 demonstrare
2476 1975 2591 2019 stu-

1503 2038 1624 2088 duit
1668 2038 2008 2102 Wilkinson,
2054 2039 2103 2089 is
2145 2040 2263 2104 ipse
2307 2039 2591 2090 admonuit

1501 2109 1782 2170 (Manners
1799 2114 1904 2159 etc.
1927 2123 2037 2159 sec.
2052 2125 2157 2160 ser.
2173 2109 2250 2160 11.
2269 2126 2324 2175 p.
2342 2111 2367 2160 l
2390 2108 2588 2176 seqq.)‚

1499 2192 1762 2243 perquam
1801 2177 2024 2230 difficile
2060 2194 2181 2230 esse
2225 2179 2468 2245 singulos
2504 2195 2590 2230 se-

1500 2247 1665 2297 cundi
1716 2262 1785 2298 ac
1829 2248 1982 2299 tertii
2021 2250 2226 2299 ordinis
2271 2249 2401 2301 deos
2439 2254 2590 2300 certo

1500 2317 1834 2369 constituere
1865 2333 2156 2385 eorumque
2185 2320 2407 2370 nomina
2433 2334 2591 2370 accu-

1498 2392 1621 2437 rate
1667 2387 1929 2439 indicare.
2012 2389 2099 2439 De
2151 2390 2588 2439 emanationibus

1499 2456 1740 2521 deorum,
1769 2473 1910 2524 quae
1933 2458 2206 2521 dicuntur,
2230 2459 2318 2509 bic
2339 2460 2588 2525 cogitau-

1499 2526 1627 2576 dum
1664 2542 1781 2578 esse
1817 2542 1975 2578 nemo
2009 2543 2120 2578 non
2148 2528 2318 2579 videt.
2389 2529 2588 2594 Itaque

1498 2602 1841 2715 1effissqgjstituor
1888 2596 1993 2646 diis
2036 2597 2343 2715 primitigiis1
2368 2603 2423 2648 et
2459 2603 2585 2649 octo

1721 2681 1773 2728 s,
1813 2681 1907 2731 qm
1929 2681 2160 2731 primum
2189 2682 2250 2716 or
2347 2682 2432 2717 em
2461 2681 2586 2717 con·

1498 2735 1763 2798 stituunt,
1795 2735 2028 2785 alterum
2053 2734 2338 2787 duodecim
2364 2737 2589 2786 deorum

1499 2820 1672 2870 genus
1711 2808 1951 2864 emanat3
1992 2821 2059 2855 ex
2089 2805 2173 2856 his
2211 2806 2431 2856 tertium
2465 2821 2587 2870 pro-

1499 2874 1746 2939 greditur
1772 2889 1941 2939 genus
1976 2873 2218 2939 deorum,
2254 2875 2349 2939 qui
2384 2874 2589 2940 singuli

1498 2959 1566 2994 ex
1612 2943 1716 2994 diis
1771 2944 2145 2995 antecedentis
2210 2945 2415 2996 ordinis
2467 2944 2588 2995 nati

1499 3014 1774 3076 feruntur,
1827 3013 1921 3063 vix
1971 3015 2281 3065 accuratius
2337 3031 2368 3065 e
2402 3030 2587 3066 monu—

1498 3083 1696 3134 mentis
1745 3088 1907 3149 atque
1962 3085 2109 3135 notis
2163 3084 2587 3152 hieroglyphicis

1499 3158 1783 3288 {35³2}sp
1817 3153 1965 3274 Χὲῗῑ.
1978 3155 2196 3288 {rixa
2212 3154 2421 3290 ¹332?
2454 3169 2588 3278 <¹3:32

1497 3292 1622 3341 vius
1648 3292 1783 3343 illud
1819 3298 1930 3356 est,
1968 3293 2111 3358 quod
2143 3294 2460 3355 Herculem,
2497 3307 2587 3343 cu-

1498 3361 1584 3411 ius
1620 3362 1713 3412 vix
1750 3360 1925 3412 simile
1949 3361 2221 3425 quoddam
2251 3377 2448 3415 nomen
2474 3362 2589 3413 effi-

1499 3430 1711 3495 giemve
1748 3443 1815 3481 ex
1847 3432 2243 3495 Aegyptiorum
2276 3445 2589 3481 monumen-

1497 3501 1571 3549 tis
1593 3499 1773 3550 adhuc
1796 3505 2008 3550 erutum
2034 3501 2308 3550 invenitur
2333 3500 2432 3562 (cf.
2457 3501 2590 3550 Par-

1500 3567 1630 3633 they
1667 3568 1738 3618 ad
1772 3568 2052 3620 Plutarch.
2089 3569 2175 3618 De
2202 3570 2280 3619 Is.
2303 3574 2361 3620 et
2383 3567 2585 3618 Osirid.

1496 3654 1551 3702 Ρ.
1602 3638 1706 3688 210
1752 3637 1894 3704 seq.)
1952 3638 2023 3688 ad
2080 3637 2310 3688 alterum
2365 3638 2590 3688 deorum

1496 3722 1668 3772 genus
1706 3708 1908 3758 Noster
1944 3712 1999 3756 et
2050 3706 2153 3756 hoc
2188 3707 2310 3759 loco
2349 3711 2405 3756 et
2442 3707 2590 3757 infra

1494 3776 1727 3838 11,145
1768 3776 1985 3836 retulit3
2035 3790 2161 3826 nam
2208 3777 2257 3826 si
2298 3774 2587 3827 Herculem

1495 3861 1619 3896 cum
1655 3860 1718 3895 eo
1767 3844 1899 3908 deo,
1947 3844 2041 3910 qui
2078 3845 2301 3896 Arveris
2336 3851 2584 3909 vocatur,

1496 3915 1789 3964 convenire
1830 3913 2060 3977 dixeris,
2111 3915 2183 3966 ad
2225 3916 2447 3967 tertium
2490 3931 2588 3981 po-

1495 3983 1606 4033 tius
1631 3982 1855 4035 deornm
1887 3998 2058 4049 genus
2090 3984 2402 4036 referendus
2439 3984 2589 4035 vide-

1495 4054 1672 4115 bitur,
1727 4057 1825 4103 ant
1877 4053 2081 4116 Osiris,
2148 4055 2241 4120 qui
2286 4060 2370 4105 est
2417 4056 2588 4107 frater

1499 4122 1807 4185 Arveridis‚
1868 4123 1939 4173 ad
1992 4124 2291 4174 secundum
2345 4124 2586 4175 ordinem

1500 4193 1606 4242 erit
1623 4191 2040 4253 adscribendus3
2071 4194 2217 4258 quod
2236 4195 2462 4260 negavit
2478 4195 2588 4245 No-

1499 4268 1615 4311 ster
1641 4260 1715 4324 II,
1749 4262 1868 4313 145.
1940 4262 2067 4313 Vid.
2106 4261 2174 4313 de
2209 4263 2295 4314 his
2333 4268 2592 4314 accurate

1502 4330 1877 4395 disputantem
1909 4331 2108 4384 Roeth.
2164 4331 2200 4381 l.
2241 4331 2280 4385 l.
2337 4337 2479 4384 nott.
2532 4347 2589 4396 p.

1505 4398 1837 4466 156-161,
1886 4401 1980 4466 qui
2023 4399 2134 4452 alia
2176 4405 2359 4452 monet
2414 4399 2591 4451 adhuc
