3109 5092
486 380 612 443 436

1350 374 1889 437 HERODOTI

491 564 721 645 Μῆνα.
787 541 894 624 ἐπὶ
937 552 1214 632 τούτου,
1253 549 1430 638 πλὴν
1464 556 1586 618 τοῦ
1614 554 1961 637 Θηβαϊκοῦ
2000 554 2250 637 νομοῦ,
2299 555 2523 618 πᾶσαν
2548 558 2759 636 Αἴγυ-

492 687 659 728 πτον
694 657 868 727 εἶναι
914 660 1093 738 ἕλος,
1157 656 1268 723 καὶ
1317 650 1523 740 αὐτῆς
1580 652 1752 721 εἶναι
1812 648 2020 721 οὐδὲν
2063 647 2396 740 ὑπερέχον
2444 657 2582 722 τῶν
2632 658 2765 723 νῦν

492 769 736 877 ἔνερθε
772 769 1009 850 λίμνης
1046 764 1161 846 τῆς
1201 764 1490 844 Μοίριος
1534 755 1818 838 ἐόντων,
1864 758 1930 834 ἐς
1955 752 2079 843 τὴν
2104 752 2444 835 ἀνάπλους
2473 753 2605 824 ἀπὸ
2631 767 2761 825 θα-

492 964 712 1013 sthenes
730 960 890 1028 (ibid.
906 978 958 1026 p.
974 961 1038 1011 91
1066 976 1110 1011 s,
1130 960 1222 1010 171
1253 959 1341 1010 ed.
1355 959 1531 1008 Bonn.
1536 956 1576 1021 ),

493 1032 636 1097 apud
680 1047 814 1097 quos
860 1036 1089 1080 vocatur
1124 1020 1363 1093 Μήνης,
1420 1041 1577 1091 quem

494 1099 598 1150 M
565 1116 674 1165 ηνα
693 1101 831 1151 dixit
845 1100 1177 1161 HerodotuS,
1208 1095 1426 1161 Μηνᾶν
1445 1095 1577 1145 Dio-

443 1180 451 1188 '
494 1170 683 1229 dorus;
719 1185 895 1234 neque
938 1170 1077 1219 alius
1115 1173 1199 1217 est
1233 1167 1323 1216 ille
1362 1163 1575 1228 Μῆνις,

495 1241 668 1290 Oenei
720 1246 903 1303 pater,
965 1254 1124 1304 quem
1185 1238 1364 1301 Apion
1420 1233 1579 1284 affert

494 1308 637 1374 apud
684 1309 896 1359 Aelian.
945 1309 1012 1359 N.
1073 1308 1138 1357 A.
1186 1306 1285 1369 XI,
1336 1305 1422 1367 41,
1480 1309 1577 1353 aut

492 1377 704 1433 Μεῖνις
748 1394 794 1428 s.
834 1376 1080 1432 Μείνιος
1119 1376 1264 1440 apud
1300 1373 1580 1424 Plutarch.

495 1448 562 1497 de
600 1446 736 1496 Isid.
779 1451 833 1495 et
870 1445 1072 1495 Osirid.
1114 1461 1237 1509 cap.
1274 1445 1326 1494 8.
1363 1460 1419 1508 p.
1458 1443 1579 1492 354.

496 1517 562 1565 In
602 1516 721 1579 ipso
759 1515 1040 1564 Herodoto
1075 1515 1321 1579 plerique
1363 1514 1488 1563 libri
1524 1513 1578 1561 h.

498 1585 533 1635 1.
573 1582 770 1647 Μῆνα,
808 1584 900 1648 qui
939 1585 1083 1634 infra
1117 1585 1191 1646 11,
1229 1583 1297 1632 99
1335 1599 1400 1632 ex
1425 1586 1582 1646 parte

497 1654 663 1702 Μῐνα
690 1654 911 1714 habent,
952 1654 1095 1718 quod
1132 1653 1234 1702 hoc
1261 1653 1424 1702 etiam
1460 1651 1582 1700 loco

496 1737 664 1788 prave
700 1722 918 1773 exhibet
953 1723 1299 1772 Florentinus
1335 1735 1583 1785 unusque

497 1792 799 1843 Parisinus.
885 1793 1000 1843 Nec
1051 1797 1234 1841 tamen
1286 1791 1583 1855 quidquam

499 1862 844 1922 mutandum,
883 1862 978 1911 sed
1009 1861 1065 1910 in
1093 1861 1319 1924 vulgata
1351 1859 1584 1909 lectione

499 1928 679 1994 Μῆνα
714 1931 1108 1995 persistendum
1147 1946 1267 1980 esse
1299 1935 1448 1979 recte
1476 1929 1584 1977 iam

501 2001 640 2050 vidit
673 1999 1093 2066 WesselingiuS,
1140 2001 1304 2064 idque
1343 2013 1584 2062 compro·

498 2070 662 2119 batur
709 2085 774 2119 ea
806 2071 1043 2130 ratione,
1102 2084 1212 2132 qua
1241 2069 1400 2118 huius
1439 2067 1582 2131 regis

499 2154 694 2187 nomen
739 2138 883 2187 notis
928 2137 1348 2202 hieroglyphicis
1398 2151 1586 2186 exara-

499 2213 613 2256 tum
649 2207 915 2270 reperitur
937 2207 994 2256 in
1028 2207 1163 2270 ipsis
1194 2207 1585 2271 Aegyptiorum

499 2278 858 2325 monumentis
897 2275 1123 2325 eundem
1159 2276 1273 2325 fere
1293 2277 1348 2325 in
1370 2276 1585 2325 modum

500 2351 665 2409 atque
700 2360 894 2393 nomen
936 2345 1078 2393 sacri
1113 2345 1283 2406 tauri,
1320 2346 1410 2409 qui
1437 2346 1587 2393 Mne-

502 2415 585 2463 vis
636 2419 890 2463 vocatur:
935 2414 1155 2474 MeNA,
1216 2413 1358 2462 unde
1403 2415 1587 2477 Zoega

501 2484 569 2533 de
605 2483 856 2536 obelisco.
896 2499 950 2547 p.
991 2483 1050 2532 11
1083 2483 1293 2532 Menem
1332 2482 1400 2531 ad
1438 2482 1587 2531 Mne-

501 2554 610 2603 vim
656 2552 852 2614 refert,
901 2550 1034 2601 solis
1083 2557 1297 2602 taurum
1348 2551 1586 2617 solisque

500 2624 615 2672 fere
652 2623 866 2686 sig-num
904 2638 949 2673 s.
976 2622 1277 2686 symbolum
1315 2622 1582 2670 interris:

501 2697 665 2757 atquc
713 2691 989 2742 Diodorus
1037 2692 1090 2753 Ι,
1129 2693 1198 2742 94
1243 2692 1298 2742 ἰιι
1334 2693 1587 2754 Aegypto

500 2767 628 2844 post
670 2761 891 2810 deorum
945 2766 1110 2825 atque
1152 2761 1372 2811 heroum
1424 2762 1589 2836 impe-

502 2833 638 2881 rium
660 2831 911 2908 primum
950 2831 1228 2880 exstitisse
1273 2830 1441 2879 tradit
1487 2821 1591 2877 τὸν

504 2891 776 2962 Μνενην,
827 2900 920 2963 qui
963 2900 1177 2961 legibus
1225 2900 1444 2963 scriptis
1482 2903 1590 2947 tra-

504 2968 634 3016 ditis
674 2966 926 3031 populum
976 2968 1044 3016 ad
1091 2968 1373 3017 cultiorem
1412 2969 1586 3017 vitam

503 3035 831 3085 traduxerit:
871 3036 981 3085 vid.
997 3037 1228 3100 Lepsius
1260 3037 1587 3101 Chronolog.

505 3106 558 3155 d.
606 3106 840 3186 Aegypt.
890 3105 936 3155 1.
975 3121 1028 3169 p.
1081 3107 1168 3156 50.
1218 3107 1339 3156 261.
1413 3108 1589 3156 Huius

505 3173 672 3238 igitur
718 3175 863 3239 regis
901 3189 1095 3223 nomen
1133 3176 1238 3223 iam
1273 3175 1592 3224 Eratosthe-

506 3242 670 3293 nesl.
709 3243 744 3293 l.
785 3243 1055 3307 explicare
1076 3249 1304 3294 conatus
1344 3250 1461 3294 erat
1499 3245 1591 3293 ad—

508 3313 637 3362 ditis
675 3312 758 3361 his
807 3312 1017 3362 verbis.
1071 3305 1284 3377 Μήνης
1320 3344 1387 3352 —-
1434 3328 1464 3362 o
1502 3304 1588 3376 ἕρ-

504 3395 808 3446 μηνενεται
868 3374 1171 3446 διόνιος,
1245 3385 1398 3433 cuius
1467 3382 1587 3432 loco

506 3467 649 3502 nunc
684 3455 960 3515 receptum
998 3457 1110 3526 est,
1147 3454 1304 3530 quod
1341 3452 1591 3502 Iablons-

506 3521 629 3572 kius
665 3521 993 3582 emendavit,
1034 3512 1350 3577 ἇιτόνιοςε
1389 3522 1589 3586 quippe

503 3590 606 3640 hoc
659 3591 714 3640 in
763 3607 971 3655 regem,
1044 3591 1134 3655 qui
1184 3591 1594 3655 antiquissimus

506 3660 739 3710 omnium
787 3660 984 3720 fertur,
1038 3661 1326 3710 convenire
1372 3660 1596 3710 videba-

504 3733 613 3780 tur.
702 3731 906 3779 Nostra
956 3734 1139 3779 aetate
1195 3731 1340 3795 regis
1400 3746 1594 3779 nomen

506 3813 540 3848 a
567 3797 752 3847 radice
786 3815 892 3848 men
919 3797 977 3861 (i.
1008 3814 1055 3848 e.
1080 3814 1298 3863 ponere,
1335 3797 1596 3860 condere)

507 3868 703 3931 repetit
722 3868 939 3917 Bunsen
961 3869 1275 3932 Aegyptens
1296 3868 1465 3917 Stelle
1484 3873 1591 3918 etc.

507 3935 584 3985 11.
621 3951 676 3999 p.
714 3937 782 3986 45
826 3937 950 3987 coll.
989 3937 1299 3987 lVilkinson
1335 3938 1593 3987 Manners

509 4010 612 4053 etc.
636 4004 681 4053 Ι.
712 4020 763 4067 p.
785 4007 877 4053 41·
866 4007 1101 4066 ‚rectius
1124 4007 1312 4070 opinor
1328 4005 1592 4056 Rosellini

506 4073 843 4123 Monument.
886 4075 1072 4124 storici
1124 4074 1168 4124 1.
1211 4092 1263 4141 p.
1306 4075 1404 4126 123
1436 4091 1587 4140 seqq.

507 4140 577 4190 ad
613 4157 802 4190 vocem
841 4142 962 4191 Men
1001 4159 1046 4193 s,
1082 4144 1266 4202 Amen,
1316 4146 1474 4195 Amon
1513 4161 1593 4195 re-

507 4210 754 4275 greditur
815 4211 1136 4276 Menemque
1202 4215 1594 4279 interpretatur

505 4279 766 4329 vadentem
799 4295 906 4328 cum
940 4280 1176 4332 Ammone
1200 4298 1246 4333 s.
1274 4285 1589 4334 Ammonium.

481 4349 589 4406 Oe
627 4353 810 4398 aetate
845 4348 1078 4399 hominis
1110 4366 1242 4401 vera
1270 4354 1441 4403 maior
1473 4355 1594 4402 rixa

505 4422 617 4480 est,
656 4421 718 4468 ut
745 4433 865 4469 cum
895 4418 1260 4487 Wesselingio
1285 4420 1478 4486 loquar
1500 4422 1593 4486 (ad

1680 951 1906 1005 Diodor.
1962 957 2008 1018 1,
2046 957 2158 1019 45),
2209 958 2303 1021 qui
2345 955 2593 1007 laudavit
2649 957 2766 1006 Iac.

1678 1023 1953 1074 Perizonii
1978 1026 2169 1089 Origg.
2197 1027 2457 1091 Aegyptt.
2496 1041 2616 1092 cap.
2641 1028 2673 1077 ὃ
2712 1031 2768 1074 et

1682 1090 1758 1142 1⁸
1796 1095 2047 1146 Newtoni
2068 1094 2321 1146 Chronol.
2353 1112 2406 1178 p.
2434 1095 2556 1146 258.
2605 1095 2769 1145 Nam-

1681 1175 1785 1224 que
1819 1165 2118 1214 Diodorum
2153 1165 2199 1213 si
2225 1167 2380 1230 sequi
2414 1165 2663 1227 velimus,
2699 1164 2771 1213 ad

1680 1244 1808 1283 ann.
1872 1234 2038 1284 14878
2100 1240 2228 1283 ante
2288 1235 2414 1285 Chr.
2472 1251 2528 1287 ιι.
2582 1249 2774 1284 ascen-

1679 1298 1771 1352 det
1809 1304 1983 1352 Menis
2023 1305 2276 1368 regnum!
2324 1304 2482 1354 Conf.
2512 1303 2768 1353 Larcher.

1685 1372 2013 1438 Chronolog.
2064 1373 2383 1425 d'Herodot.
2422 1373 2573 1437 (VII)
2611 1389 2664 1438 p.
2703 1371 2771 1422 53

1685 1457 1836 1507 seqq.
1890 1443 2118 1493 Cautius
2164 1445 2277 1507 egit
2321 1443 2471 1494 Beck
2518 1441 2770 1508 (.Allgem

1686 1512 2018 1593 Weltogesch.
2064 1512 2108 1561 1.
2148 1529 2203 1576 p.
2240 1511 2387 1574 281),
2428 1514 2519 1577 qni
2559 1511 2770 1562 Menem

1684 1581 1868 1644 posuit
1913 1597 2038 1633 ann.
2086 1582 2222 1633 2235
2259 1586 2387 1632 ante
2423 1582 2547 1632 Chr.
2599 1597 2653 1632 ιι.
2737 1597 2772 1630 a

1687 1665 1793 1714 quo
1829 1666 1938 1699 non
1978 1651 2265 1701 admodum
2301 1652 2506 1701 recedit
2540 1620 2771 1702 Wilk'in-

1687 1733 1786 1768 son
1821 1721 2098 1782 (Manners
2132 1726 2234 1770 etc.
2264 1720 2309 1771 1.
2335 1737 2390 1785 p.
2420 1716 2528 1786 41),
2571 1736 2769 1770 annum

1687 1788 1824 1838 2320
1851 1804 1901 1839 a.
1920 1789 2041 1841 Chr.
2069 1805 2122 1838 n.
2140 1791 2503 1848 constituens;
2531 1789 2770 1840 Boeckh.

1684 1858 1870 1922 posuit
1907 1873 2034 1908 ann.
2071 1858 2236 1919 5702,
2274 1861 2494 1910 Bunsen
2516 1859 2574 1922 (l.
2602 1859 2638 1909 l.
2664 1859 2771 1909 111.

1688 1943 1740 1991 p.
1783 1927 1902 1990 123)
1935 1943 2061 1977 ann.
2101 1926 2257 1990 3643,
2296 1930 2524 1993 Lepsius
2564 1927 2603 1979 l.
2640 1929 2678 1979 l.
2723 1928 2769 1978 1.

1688 2012 1814 2060 pag.
1864 1996 1985 2047 499.
2033 1998 2242 2046 invenit
2285 2014 2412 2048 ann.
2466 1997 2602 2049 3893
2646 2004 2774 2048 ante

1689 2066 1812 2115 Chr.
1848 2081 1901 2114 n.
1966 2067 2231 2131 Equidem
2265 2069 2401 2118 satis
2436 2068 2627 2127 habeo,
2668 2067 2775 2131 pri·

1688 2136 1888 2184 marias
1943 2136 2179 2186 virorum
2226 2137 2507 2187 doctorum
2560 2142 2774 2186 senten-

1686 2205 1795 2253 tias
1842 2204 2091 2255 attulisse
2137 2206 2193 2255 in
2247 2221 2313 2255 ea
2362 2223 2446 2268 re,
2499 2222 2640 2271 quae
2690 2221 2774 2256 me

1687 2274 1955 2323 sentiente
1990 2274 2081 2323 vix
2118 2291 2353 2340 unquam
2392 2280 2542 2326 certo
2575 2277 2775 2325 consti-

1685 2344 1769 2392 tui
1802 2344 2023 2407 poterit.
2100 2378 2109 2387 .

1757 2404 1907 2476 πλὴν
1930 2409 2033 2461 τοῦ
2051 2409 2348 2478 Θηβαϊκοῦ
2369 2410 2573 2477 νομοῦ]
2592 2415 2774 2477 „Lau-

1687 2482 1886 2531 dantur
1902 2482 2038 2531 haec
2062 2482 2118 2530 in
2140 2483 2410 2547 Descript.
2442 2482 2509 2532 de
2528 2482 2772 2548 l'Egypt.

1689 2552 1897 2616 antiqq.
1938 2551 1983 2600 1.
2012 2567 2121 2601 sec.
2159 2550 2364 2603 livrais.
2393 2568 2521 2617 pag.
2554 2553 2641 2614 88,
2680 2554 2773 2603 ubi

1689 2621 2073 2684 comprobatur
2096 2622 2262 2672 variis
2285 2622 2640 2686 argumenti8‚
2664 2637 2774 2671 non

1690 2690 1863 2739 solum
1924 2689 2210 2754 planitiem
2264 2691 2617 2752 Thebaicam‚
2680 2690 2775 2740 sed

1689 2760 2000 2809 universam
2025 2761 2349 2825 Aegyptiam
2389 2765 2772 2826 exaggeratam

1693 2844 1813 2878 esse
1848 2829 1978 2878 limo
2026 2831 2351 2880 exundantis
2386 2830 2520 2880 Nili.
2597 2831 2662 2879 In
2711 2845 2773 2880 eo

1692 2903 1874 2948 tamen
1940 2899 2284 2964 refragantur
2309 2937 2321 2961 ,
2395 2900 2539 2965 quod
2590 2900 2777 2963 paula-

1692 2969 1790 3016 tim
1827 2983 2111 3018 arenosam
2150 2984 2433 3019 evasuram
2468 2970 2775 3033 Aegyptum

1693 3037 2001 3086 crediderat
2020 3039 2349 3089 Herodotus.
2387 3039 2599 3088 Etenim
2615 3053 2776 3102 exag-

1693 3111 1885 3168 gerata
1935 3107 2199 3170 paulatim
2252 3110 2505 3157 universa
2548 3106 2775 3172 planitie

1693 3175 1857 3224 etiam
1892 3175 2006 3224 Nili
2042 3178 2212 3241 ipsius
2250 3177 2461 3227 alveum
2486 3178 2630 3227 iusta
2655 3193 2779 3242 pro-

1692 3245 1943 3308 portione
1978 3249 2360 3312 exaggerarifl
2408 3249 2495 3298 Gr.
2540 3248 2625 3297 Tu
2661 3248 2775 3296 vid.

1691 3319 1831 3364 nott.
1870 3314 1941 3363 ad
1976 3314 2138 3377 11,5.
2180 3318 2245 3366 10
2279 3315 2402 3366 coll.
2448 3316 2529 3368 13.

1762 3378 1857 3432 καὶ
1881 3373 2058 3449 αντῆς
2081 3378 2230 3433 εἶναι
2256 3417 2324 3424 —-
2341 3378 2617 3450 ἐόντων],
2625 3386 2776 3446 ‚nihil

1694 3454 1809 3502 eius
1848 3450 1908 3515 (i.
1953 3468 2001 3504 e.
2039 3454 2242 3503 nullam
2284 3457 2513 3521 Aeyypti
2546 3457 2777 3520 partem)

1693 3524 1864 3571 fuisse
1899 3524 2140 3572 eminens
2176 3540 2337 3589 super
2372 3540 2568 3590 aquam
2605 3541 2669 3574 ex
2710 3526 2776 3574 iis

1697 3590 1880 3655 (terris
1918 3592 2034 3641 scil.
2040 3592 2080 3659 )‚
2121 3609 2259 3658 quae
2295 3609 2437 3643 nunc
2466 3594 2611 3643 infra
2634 3595 2778 3645 Moe-

1696 3661 1829 3709 ridis
1861 3660 2036 3711 lacum
2076 3663 2483 3714 invenianturf‘

1767 3722 1822 3786 ἐς
1850 3722 1957 3810 τὴν
1996 3722 2288 3788 ἀνάπλοις
2332 3724 2446 3781 απὸ
2485 3724 2779 3812 θαλάσσης

1696 3790 1836 3847 ἔπτὰ
1873 3791 2129 3862 ἡιιερὲων
2176 3791 2290 3850 ἐστὶ
2325 3793 2438 3849 ἀνὰ
2472 3793 2573 3850 τὸν
2607 3816 2775 3850 ποτα-

1693 3859 1824 3934 μόν]
1860 3869 1918 3918 Si
1952 3885 2119 3919 novem
2155 3870 2374 3920 schoeni
2411 3885 2518 3919 uno
2555 3871 2780 3936 naviga-

1695 3937 1861 3987 tionis
1899 3938 1987 3987 die
2008 3939 2368 3990 conficiuntur
2395 3940 2568 4006 (conf.
2593 3940 2671 4002 ΙΙ,
2696 3938 2778 4004 9),

1694 4007 1922 4056 exsistet
1942 4007 2066 4056 iude
2090 4023 2303 4060 summa
2318 4010 2672 4059 schoenorum
2699 4025 2782 4059 se-

1694 4077 1922 4142 xaginta
1959 4078 2121 4127 trium
2168 4079 2284 4127 sive
2322 4078 2550 4140 378,000
2586 4083 2781 4128 metro—

1695 4161 1810 4195 rum
1846 4145 2126 4210 (metres)3
2179 4148 2235 4196 id
2287 4148 2430 4213 quod
2476 4162 2591 4196 cum
2632 4149 2777 4198 veris

1693 4217 1960 4265 mensuris
1981 4217 2223 4280 apprime
2237 4217 2524 4267 convenire
2534 4217 2778 4267 tradunt.

1693 4285 1817 4333 Vid.
1836 4286 2109 4349 Descript.
2132 4286 2196 4335 de
2215 4285 2356 4350 l'Eg.
2378 4288 2597 4351 Antiqq.
2616 4284 2779 4336 Mem.

1694 4353 1740 4403 1.
1776 4370 1903 4418 pag.
1943 4356 2029 4414 88.
2071 4354 2171 4406 102
2215 4355 2336 4405 coll.
2377 4355 2613 4405 Iomard.
2651 4371 2781 4422 pag.

1696 4422 1816 4474 508.
1846 4424 1953 4474 625
1978 4423 2132 4487 ibid„
2168 4436 2309 4489 quae
2335 4439 2401 4475 ex
2424 4429 2578 4490 parte
2608 4429 2786 4475 trans-
