3109 5092
455 404 576 465 150
1321 391 1863 458 HERODOTI

455 583 673 667 ρέσιος
712 573 919 645 οὐδὲν
949 578 1264 656 ἔλασσον,
1308 569 1527 640 πάντα
1573 565 1939 657 διζήμενοι,
1982 562 2049 645 ἐς
2085 554 2168 633 οὗ
2199 562 2282 653 δὴ
2311 568 2553 650 Λίχης,
2599 566 2737 630 τῶν

457 680 905 770 ἀγαθοεργῶν
931 677 1358 762 καλεομένων
1384 674 1904 762 Σπαρτιητέων,
1945 667 2212 759 ἀνεῦρε.
2268 673 2337 737 οἱ
2371 667 2447 737 δὲ
2475 663 2734 751 ἆγαθο·

461 784 645 874 εργοὶ
676 784 805 853 εἰσὶ
830 785 969 849 τῶν
995 776 1252 861 ἀστῶν,
1298 775 1584 859 ἐξιόντες
1625 773 1699 846 ἐκ
1724 778 1860 844 τῶν
1888 774 2150 843 ἱππέων
2175 773 2308 842 αἰεὶ
2347 775 2417 841 οἱ
2438 768 2734 860 πρεσβύ-

457 913 677 972 τατοι,
736 886 934 956 πέντε
977 887 1156 961 ἔτεος
1197 880 1510 950 ἑκάστου·
1566 877 1724 961 τὀὐς
1777 883 1884 947 δεῖ
1932 882 2174 947 τοῦτον
2223 873 2344 946 τὸν
2397 871 2737 959 ἐνιαυτὸν,

458 987 580 1060 τὸν
607 983 693 1059 ἄν
719 986 941 1071 ἐξίωσι
972 983 1046 1055 ἐκ
1076 988 1214 1053 τῶν
1242 986 1538 1069 ἱππέων,
1580 984 2065 1071 Σπαρτιητέων
2091 984 2187 1075 τῷ
2217 982 2426 1072 κοινῷ
2453 984 2737 1066 διαπεμ-

366 1100 448 1163 68
463 1091 796 1180 πομένους
821 1088 911 1179 μὴ
952 1086 1248 1159 ἐλινύειν
1287 1085 1533 1166 ἄλλους
1573 1084 1763 1175 ἄλλῃ.
1850 1084 2122 1156 Τούτων
2165 1074 2262 1153 ὦν
2303 1088 2440 1152 τῶν
2467 1079 2743 1168 ἀνδρῶν

462 1200 670 1281 Λίχης
709 1192 955 1283 ἆνὲὕρε
996 1189 1073 1261 ἐν
1111 1192 1356 1280 Τεγέῃ,
1402 1192 1517 1259 καὶ
1553 1195 1881 1279 συντυχίῃ
1921 1187 2332 1279 χρησάμενος
2358 1186 2470 1254 καὶ
2509 1190 2737 1273 σοφίῃ.

460 1294 699 1384 ἐούσης
726 1295 856 1384 γὰρ
894 1300 1138 1365 τοῦτον
1174 1293 1293 1363 τὸν
1335 1291 1580 1381 χρόνον
1622 1291 1950 1381 ἐπιμιξίης
1990 1289 2156 1381 πρὸς
2198 1288 2355 1370 τούς
2392 1287 2741 1378 Τεγεήτας,

461 1395 692 1471 ἐλθών
737 1396 802 1478 ἐς
841 1394 1192 1486 χαλκήϊον,
1238 1394 1506 1485 ἐθηεῖτο
1545 1403 1827 1486 σίδηρον
1873 1393 2430 1484 ἐξελαυνόμενον·
2502 1394 2614 1461 καὶ
2666 1388 2743 1462 ἐν

460 1603 644 1665 protea
681 1611 790 1648 non
827 1599 962 1647 satis
998 1602 1145 1650 reete
1179 1597 1359 1651 locum
1394 1598 1574 1663 intel2
1658 1599 1775 1650 170.
1842 1598 2059 1662 Sauppe
2119 1594 2188 1645 ad
2253 1594 2601 1659 Xenophont.
2660 1595 2747 1643 De

457 1668 678 1720 lexisse.
1653 1670 1790 1733 Rep.
1829 1669 1961 1718 Lae.
1996 1667 2091 1728 IV,
2131 1667 2182 1716 7.
2222 1680 2349 1730 pag.
2397 1664 2486 1716 35.
2533 1691 2601 1700 -
2638 1665 2745 1713 Pro

504 1728 594 1817 *Ze
640 1721 717 1784 οὗ
767 1725 840 1796 δὴ
890 1730 1068 1795 Λίχης
1113 1763 1181 1775 —2
1221 1728 1448 1801 ἀνεῦρε]
1498 1726 1555 1793 ἔς
1655 1739 1838 1800 Λίχης
1878 1737 2012 1787 alibi
2061 1735 2297 1785 occurrit
2333 1733 2538 1798 Λίχας,
2573 1735 2747 1783 Laco-

463 1821 553 1869 ου,
579 1805 756 1866 donec,
783 1802 896 1852 dum
919 1797 1047 1864 (pro
1084 1793 1188 1855 ἕως
1222 1791 1337 1866 οὗ),
1361 1806 1555 1868 proba·
1657 1806 1840 1855 nieum
1875 1820 1972 1854 seu
1987 1805 2248 1854 Doricum
2274 1819 2487 1861 nomen,
2515 1803 2748 1867 indeque

466 1881 557 1926 tur
576 1873 768 1925 Nostri
794 1868 1077 1935 scriptoris
1110 1884 1240 1928 usu3
1279 1874 1422 1922 conf.
1446 1873 1552 1933 111,
1660 1875 1823 1924 etiam
1880 1872 2101 1936 Λείχας.
2180 1872 2307 1923 vid.
2370 1871 2622 1924 Siebelis.
2676 1870 2746 1922 ad

466 1945 556 1998 31.
596 1944 692 2002 IV,
734 1943 818 1993 12.
856 1940 943 1993 30.
996 1936 1114 1988 160.
1156 1934 1274 1987 166.
1327 1938 1446 1989 196.
1486 1943 1554 2001 V,

469 2013 560 2067 51.
604 2012 674 2064 86
717 2017 822 2061 etc.
893 2006 1054 2060 Unde
1087 2003 1222 2055 nihil
1266 2007 1561 2058 sollicitan-

469 2083 627 2143 dum,
668 2093 997 2146 quamquam
1044 2075 1205 2125 aliter
1252 2074 1439 2123 crebro
1480 2093 1561 2126 re-

468 2150 677 2232 peritur
713 2140 777 2206 ἐς
815 2138 848 2197 ὃ
895 2147 1060 2210 idque
1107 2145 1283 2209 ipsum
1326 2157 1424 2206 pro
1462 2136 1565 2197 ἕως

472 2235 542 2269 ου
582 2217 713 2283 poni
748 2217 817 2267 ab
855 2215 1082 2266 Ionibus
1118 2216 1301 2262 monet
1335 2211 1563 2275 Gregor.

474 2288 599 2339 Cor.
638 2286 704 2336 de
746 2284 878 2335 dial.
916 2284 1038 2334 Ion.
1085 2280 1136 2343 §-
1186 2280 1284 2342 63,
1321 2280 1416 2330 ubi
1451 2277 1566 2329 vid.

471 2359 648 2409 Koen.
688 2372 741 2420 p.
780 2355 883 2404 472
920 2351 1139 2403 Schaef.
1178 2349 1336 2413 Quod
1368 2349 1568 2399 Struve

473 2422 1115 2491 Quaest.Herod.·Spee.
1147 2420 1194 2471 Ι.
1233 2435 1288 2484 p.
1328 2419 1395 2470 43
1441 2432 1568 2467 eon-

473 2495 669 2557 tendit‚
703 2492 850 2558 apud
887 2491 1261 2551 Herodotum,
1304 2489 1398 2553 qui
1433 2503 1570 2538 sem-

471 2581 568 2632 per
606 2563 805 2615 dixerit
838 2552 894 2620 ἐς
945 2550 1006 2624 ὃ,
1073 2560 1200 2611 ferri
1248 2574 1357 2608 non
1406 2572 1570 2623 posse

474 2635 705 2686 alterum
743 2622 799 2691 ἐς
847 2618 936 2695 οὖ,
982 2631 1145 2696 idque
1190 2629 1318 2679 inde
1359 2642 1571 2693 semper

472 2707 533 2755 in
591 2695 645 2762 ἐς
700 2691 734 2753 ὃ
791 2700 1259 2760 commutandum,
1314 2697 1571 2763 probavit

476 2772 694 2839 quidem
717 2787 817 2823 suo
841 2787 1071 2822 assensu
1094 2769 1328 2821 BredOV.
1365 2785 1418 2833 p.
1444 2766 1568 2829 283,

475 2841 571 2894 sed
609 2841 837 2906 obsequi
870 2840 1163 2891 noluerunt
1212 2838 1448 2889 editores
1486 2853 1570 2886 re-

477 2913 778 2973 centioreS,
819 2912 913 2973 qui
957 2926 991 2960 a
1038 2909 1298 2959 librorum
1337 2906 1574 2957 auetori-

417 3036 427 3045 ,
477 2984 598 3030 tate
626 2995 736 3030 non
765 2979 1156 3029 discesserunt.
1202 3003 1270 3012 —
1314 2977 1398 3025 De
1430 2976 1571 3040 Aya-

479 3048 701 3114 thom-91⁸8
734 3046 856 3098 loeo
890 3047 1140 3109 classico,
1172 3046 1266 3111 qui
1291 3045 1574 3109 subsequi-

480 3123 588 3179 tur,
627 3116 767 3167 adde
814 3121 1059 3166 veterum
1095 3114 1572 3180 grammaticorum

477 3186 692 3252 glossas
731 3184 875 3249 apud
913 3185 1194 3235 Timaeum
1231 3182 1387 3247 (Lex.
1424 3183 1571 3234 Plat.

474 3272 531 3321 p.
599 3258 662 3306 4:
718 3244 1100 3318 ἆγαθοεργοί·
1168 3245 1381 3317 αἱρετοὶ
1446 3243 1572 3302 κατ’

476 3319 939 3388 ἀνδραγαθίαν),
985 3322 1320 3388 Hesychium
1375 3320 1443 3386 (ε.
1493 3322 1573 3388 ν.)

481 3400 535 3447 et
574 3394 631 3445 in
668 3394 871 3445 Lexieo
911 3393 1372 3459 Sangermanensi
1404 3382 1574 3456 (Ἀγα-

476 3459 717 3530 &oswal
765 3494 836 3505 —
880 3457 996 3513 ἔστι
1047 3455 1111 3512 δὲ
1152 3457 1247 3512 καὶ
1294 3452 1442 3526 ἀρχή
1491 3478 1576 3518 τις

478 3526 539 3586 ἐν
605 3532 995 3599 Λακεδαίμονι
1063 3527 1121 3582 οἷ
1175 3523 1572 3598 Ἀγαθοεργοί·

475 3595 745 3733 ἔιιοιξῑ.
762 3593 1217 3736 &miani
1239 3592 1574 3735 ..z‘zssffm

477 3735 725 3804 σάντωνς
765 3742 876 3793 vid.
912 3742 1202 3792 Ruhnken.
1258 3741 1329 3791 ad
1364 3740 1575 3792 Timaei

475 3813 516 3862 1.
554 3811 594 3861 1.
634 3815 688 3860 et
722 3811 963 3862 Bekkeri
987 3810 1231 3861 Anectld.
1263 3812 1489 3862 Graece.
1524 3810 1572 3862 Ι.

480 3897 535 3946 p.
574 3878 698 3941 209,
736 3881 831 3930 ubi
866 3878 1114 3944 pleniora
1146 3880 1285 3932 haee
1319 3881 1575 3946 leguntur

481 3953 705 3999 auctore
740 3948 1006 4013 Didym03
1062 3948 1192 4000 add.
1237 3951 1573 4001 Baehmann.

483 4016 726 4069 Aneodd.
769 4017 815 4067 I.
844 4034 900 4083 p.
941 4016 1072 4081 18.).
1108 4017 1469 4082 Eligebantur
1491 4018 1572 4069 illi

480 4086 838 4150 magistratus
887 4100 916 4136 e
967 4088 1229 4137 trecentis
1278 4089 1570 4153 equitibus,

479 4157 537 4206 in
572 4156 770 4219 quibus
808 4156 909 4205 flos
951 4156 1251 4206 iuventutis
1299 4171 1365 4208 ae
1409 4158 1588 4208 robur.

480 4225 724 4276 eivitatis
785 4226 1096 4276 constabat.
1169 4226 1328 4277 Conf.
1375 4227 1570 4277 Mauso

483 4296 667 4359 Spart.
705 4295 750 4357 Ι,
790 4296 840 4345 1.
878 4311 934 4358 p.
979 4294 1081 4346 153
1117 4300 1173 4345 et
1206 4294 1268 4345 C.
1309 4296 1377 4347 O.
1406 4297 1574 4347 Muel-

477 4364 577 4414 ler.
626 4364 801 4415 Dorer
850 4364 928 4415 11.
968 4381 1020 4428 p.
1059 4366 1182 4417 241.
1232 4366 1465 4416 Kortiim
1514 4367 1574 4416 in

483 4431 767 4487 Sehlosser
801 4449 857 4486 u.
896 4434 1098 4485 Bercht
1134 4435 1353 4487 ArchiV.
1388 4436 1484 4487 IV.
1513 4452 1570 4501 p.

1657 1945 1899 1995 Pausan.
1940 1943 2044 2005 111,
2086 1940 2138 1992 3.
2177 1944 2228 2005 5.
2266 1943 2318 1993 5.

1729 2011 1809 2078 τῷ
1872 2009 2052 2061 κοινοῖ
2109 2008 2616 2074 διαπεμπομένους
2671 2002 2749 2074 μὴ

1664 2074 1908 2131 ἐλινύειν
1963 2072 2170 2137 ἄλλους
2224 2071 2389 2147 ἄλλῃ]
2436 2081 2471 2131 i.
2535 2096 2580 2132 e.
2643 2083 2751 2141 „iis

1663 2163 1762 2199 non
1796 2152 1909 2202 lieet
1940 2154 2090 2202 ocium
2118 2166 2302 2215 amre,
2338 2152 2521 2216 quippe
2557 2153 2644 2216 qui
2673 2154 2756 2201 rei

1664 2217 1892 2276 publicae
1925 2234 2082 2270 causa
2100 2223 2233 2271 alius
2251 2221 2352 2271 alio
2379 2220 2751 2272 dinziuunturf‘

1670 2274 1910 2334 ἐλινύειν
1944 2292 2092 2337 reete
2130 2289 2357 2351 praebet
2391 2290 2752 2341 Schellershe-

1668 2350 1901 2401 mianus.
1941 2353 2046 2403 Alii
2090 2348 2310 2407 ἕλιννύ
2325 2373 2437 2420 ειν,
2484 2375 2627 2425 quae
2665 2375 2753 2410 ea-

1671 2420 1793 2469 dem
1830 2417 1954 2468 aliis
1991 2435 2093 2484 quo
2132 2440 2200 2475 ue
2235 2426 2370 2476 loeis
2410 2445 2529 2478 oum
2567 2446 2753 2480 oecur-

1670 2494 1760 2540 rat
1794 2489 2065 2551 scriptura
2098 2440 2271 2551 azoni.
2315 2497 2442 2558 vn,
2474 2499 2561 2550 56.
2594 2500 2751 2557 VIII,

1671 2560 1758 2611 71.
1806 2557 2055 2623 Apollon.
2112 2557 2286 2608 Rhon.
2346 2566 2393 2626 Ι,
2450 2567 2551 2617 589
2598 2572 2752 2631 (δια),

1673 2629 1899 2680 alteram
1945 2632 2128 2677 tamen
2176 2628 2495 2691 scripturam
2548 2639 2756 2700 praefe-

1671 2699 1894 2751 rendam
1931 2712 2052 2748 esse
2085 2712 2192 2746 non
2231 2697 2480 2748 dubium:
2519 2705 2630 2757 vid.
2669 2708 2756 2755 In-

1673 2773 1921 2829 terprett.
1971 2766 2041 2817 ad
2097 2766 2321 2829 (ἔτερον.
2385 2766 2631 2820 Corinth.
2691 2775 2757 2825 de

1674 2837 1803 2889 dial.
1853 2840 1973 2889 Ion.
2028 2839 2078 2898 9.
2134 2835 2223 2886 92.
2272 2850 2327 2901 p.
2377 2837 2480 2888 502
2541 2838 2757 2893 Sebaet'.

1676 2914 1733 2960 et
1770 2924 1910 2974 quae
1947 2906 2058 2957 alia
2091 2904 2250 2955 affert
2296 2905 2533 2959 BredoV.
2578 2923 2633 2972 p.
2670 2908 2759 2959 98.

1676 2979 1876 3029 Glossa
1930 2978 2320 3040 interpretatur
2374 2975 2478 3026 hoe
2537 2977 2762 3028 verbum

1677 3064 1770 3114 per
1805 3038 2123 3113 ἡσυχάζειν.

2008 3166 2141 3217 Cu.
2173 3166 2430 3217 LXVIII.

1751 3244 1989 3301 Τούτων
2036 3238 2119 3301 ὧν
2163 3248 2279 3301 τῶν
2314 3244 2548 3315 ἀνδρῶν
2585 3251 2764 3318 Λίχης

1675 3314 1905 3386 ἀνεῦρε]
1947 3313 2171 3370 τούτων
2214 3322 2519 3383 Μοᾶίοοιιιι,
2583 3323 2767 3374 Schel-

1673 3391 1947 3454 lershem„
1978 3390 2101 3451 alii3
2131 3407 2300 3458 quare
2333 3408 2452 3443 eum
2476 3393 2650 3445 Gaisf.
2687 3410 2768 3444 re-

1675 3462 1985 3529 cipiendum
2031 3458 2361 3527 putavimus.
2421 3463 2601 3529 Vulgo
2637 3479 2767 3513 του-

1676 3532 1848 3586 τέωνς
1889 3531 2034 3582 conf.
2069 3532 2115 3593 Ι,
2152 3530 2240 3583 66.

1747 3592 1953 3664 ἐούσης
1995 3591 2101 3665 γὰρ
2148 3600 2359 3650 τοῦτον
2403 3591 2507 3649 τὸν
2554 3592 2770 3665 χρόνον

1675 3662 1963 3735 ἐπιμιξίης
2006 3686 2059 3719 κ.
2112 3686 2159 3720 τ.
2201 3669 2273 3736 L]
2321 3663 2573 3734 ἐπιμιξίη
2617 3669 2769 3735 (com-

1674 3738 1931 3801 mercium)
1968 3740 2098 3806 quid
2133 3741 2235 3800 sit,
2273 3742 2625 3792 manifestum
2664 3742 2772 3793 erit

1676 3827 1744 3862 ex
1776 3811 1878 3874 iia,
1916 3826 2056 3875 quae
2088 3810 2162 3860 ad
2199 3810 2257 3872 Ι,
2296 3811 2364 3861 65
2398 3816 2591 3861 notata
2620 3819 2767 3864 sunt.

1677 3879 1837 3932 Conf.
1874 3880 2034 3937 modo
2080 3879 2387 3945 Thucydid.
2423 3881 2483 3937 Ι.
2528 3884 2560 3930 ‘2
2605 3887 2660 3932 et
2699 3884 2768 3945 V,

1677 3951 1763 4001 78.
1815 3950 1994 4015 Atque
2042 3951 2346 4001 Pausanias
2396 3952 2501 4014 III,
2544 3950 2596 4013 3,
2642 3952 2767 4003 loeo

1677 4020 1909 4083 gemino,
1949 4020 2197 4071 inducias
2235 4020 2376 4070 inter
2397 4021 2768 4073 Lacedaemo-

1676 4091 1794 4141 nios
1832 4095 1999 4156 atque
2027 4091 2301 4155 Tegeatae
2337 4094 2468 4140 tune
2503 4093 2765 4157 temporis

1674 4161 1846 4211 fuisse
1884 4164 2090 4212 narrat.
2141 4161 2292 4222 Quas
2338 4159 2590 4210 inducias
2634 4164 2767 4212 Lar-

1676 4228 1868 4280 eherus
1904 4231 2072 4281 refert
2117 4230 2187 4280 ad
2234 4245 2362 4280 ann.
2403 4230 2506 4281 568
2544 4246 2596 4281 a.
2638 4231 2762 4282 Chr.

1672 4316 1748 4360 n.;
1784 4300 1992 4351 calculo
2030 4315 2358 4364 quamquam
2394 4315 2505 4349 non
2543 4316 2765 4364 prorsus

1675 4374 1852 4433 certo,
1896 4371 1988 4419 vix
2052 4374 2236 4420 tamen
2282 4367 2658 4434 improbabili,
2705 4375 2766 4420 ut

1674 4444 1857 4490 monet
1867 4437 2111 4492 Schultz.
2130 4439 2187 4489 in
2197 4441 2463 4505 Apparat.
2490 4442 2595 4490 ete.
2609 4456 2661 4505 p.
2676 4439 2762 4491 29.
