3109 5092
442 324 560 389 184

1301 318 1840 382 HERODOTI

437 508 595 593 ραίῃ
638 504 776 570 τῶν
811 526 963 568 τινα
989 500 1241 567 Λυδῶν
1283 493 1450 566 κατὰ
1490 499 1691 565 τοῦτο
1731 500 1847 587 τῆς
1893 490 2295 584 ἀκροπόλιος
2335 490 2718 581 καταβάντα

438 605 548 678 ἐπὶ
587 606 839 692 κυνέην
878 598 1152 671 ἄνωθεν
1195 608 1810 671 κατακυλισθεῖσαν
1851 600 1964 667 καὶ
2001 594 2448 686 ἀνελόμενον,
2502 593 2714 687 ἐφρά-

437 721 574 798 σθη
613 709 725 778 καὶ
768 703 835 785 ἐς
872 702 1103 794 θυμὸν
1150 700 1447 793 ἐβάλετο.
1513 702 1663 772 τότε
1704 703 1779 773 δὲ
1823 699 1907 790 δὴ
1949 696 1986 771 ὃ
2028 699 2230 783 αὐτός
2268 729 2339 771 τε
2378 697 2713 790 ἀναβεβή-

436 841 584 899 κεε,
637 812 749 881 καὶ
790 806 940 877 κατ’
985 806 1194 877 αὐτὸν
1230 805 1419 877 ἄλλοι
1459 810 1785 896 Περσέων
1829 802 2211 893 ἀνέβαινον.
2274 803 2718 894 προσβάντων

439 916 514 987 δὲ
559 917 862 1002 συχνῶν,
917 908 1093 982 οὕτω
1148 909 1232 1001 δὴ
1274 910 1566 1000 Σάρδιές
1597 937 1669 980 τε
1711 906 2063 1000 ἡλώκεσαν
2102 909 2215 978 καὶ
2253 914 2390 979 πᾶν
2430 905 2505 978 τὸ
2545 905 2717 977 ἄστυ

442 1019 826 1109 ἐπορθέετο.

439 1187 732 1254 quentibus
768 1183 1001 1234 observa
1051 1181 1292 1232 ordinem
1338 1184 1530 1233 verbo-

436 1275 555 1309 rum
572 1258 778 1308 Nostro
816 1253 962 1303 haud
997 1252 1344 1303 inusitatum:
1391 1250 1529 1301 τῶν

436 1342 592 1377 τινα
635 1320 860 1374 Λυδῶν.
946 1321 1103 1371 Conf.
1153 1323 1208 1384 I,
1258 1320 1347 1373 85.
1403 1321 1524 1372 109.

446 1399 542 1448 124
578 1394 714 1455 alia,
761 1406 902 1456 quae
937 1391 1128 1441 afferre
1161 1392 1253 1440 vix
1291 1407 1447 1456 opus,

509 1457 619 1515 ἐπὶ
674 1457 954 1525 κυνέην]
1022 1460 1089 1509 In
1125 1461 1527 1525 praepositione

440 1526 557 1596 ἐπὶ,
598 1532 859 1582 adiuncto
885 1530 1237 1593 accusativo,
1272 1535 1524 1580 notamus

441 1601 896 1669 significationem
956 1604 1162 1661 motus,
1235 1601 1526 1650 coniuncta

440 1672 602 1725 simul
634 1669 850 1722 consilii
884 1669 1137 1718 notione:
1172 1669 1287 1732 „ad
1317 1685 1527 1733 recupe-

438 1738 653 1793 rimdam
688 1743 890 1805 galeam
930 1749 1150 1801 superne
1188 1739 1527 1792 devolutam.“

439 1812 618 1872 Confi,
646 1812 693 1859 si
717 1809 862 1859 tanti
885 1812 987 1870 est,
1013 1807 1257 1858 Fischer.
1287 1808 1357 1858 ad
1382 1806 1529 1859 Wel-

435 1882 532 1932 ler.
570 1881 681 1944 111,
710 1879 764 1929 b.
789 1893 918 1942 pag.
943 1877 1045 1927 243
1083 1882 1137 1926 et
1171 1879 1434 1943 Krueger.
1472 1879 1529 1927 in

441 1950 618 2002 Indie.
661 1949 730 1999 ad
751 1947 999 2011 Xenoph.
1038 1947 1280 1998 Anabas.
1322 1965 1377 2013 p.
1403 1948 1528 1998 487.

441 2023 514 2073 Su
555 2035 617 2069 ra
645 2020 691 2081 1,
732 2017 796 2068 37
830 2017 1015 2081 ibique
1051 2022 1192 2069 nott.

536 2079 776 2153 φράσθη
813 2081 908 2134 καὶ
952 2077 1007 2142 ἐς
1051 2079 1246 2150 θυμὸν
1281 2077 1529 2154 ἐβάλετο]

438 2162 478 2211 i.
518 2174 565 2208 e.
605 2161 854 2218 „animum
890 2156 1135 2220 advertit,
1170 2170 1332 2206 sec-um
1367 2158 1534 2221 αρίια-

439 2230 511 2280 vit
544 2229 705 2276 animo
743 2240 788 2275 s.
826 2224 1183 2274 deliberavie.“
1231 2225 1535 2289 Utrumque

439 2297 662 2348 verbum
721 2310 788 2344 ex
839 2294 1078 2343 Homero
1132 2292 1381 2356 ductum,
1442 2296 1535 2359 qui

442 2366 657 2433 quoties
683 2364 848 2414 verbo
875 2363 1052 2413 medio
1088 2355 1407 2427 φράζεσθαι
1432 2363 1533 2414 hac

443 2434 786 2495 advertendi,
834 2433 1142 2498 cogitandi,
1196 2433 1532 2483 deliberandi

442 2506 664 2557 notione
711 2507 929 2565 utatur,
990 2502 1079 2552 vel
1122 2502 1299 2553 lexica
1342 2518 1532 2553 unum-

442 2589 705 2642 quemque
743 2572 934 2623 docere
979 2577 1225 2636 possunt.
1300 2573 1385 2623 Cf.
1424 2573 1532 2622 He·

389 2637 414 2660 ⁶
440 2645 618 2697 rodot.
659 2644 769 2704 111,
808 2644 894 2695 57.
939 2642 1038 2693 154
1076 2642 1258 2708 ibique
1294 2648 1435 2693 nott.
1462 2643 1529 2706 V,

441 2715 528 2766 92.
568 2713 617 2776 §-
653 2714 704 2766 5.
745 2714 842 2776 IX,
883 2711 966 2762 19.
1010 2712 1125 2763 107.
1199 2714 1314 2763 Nec
1351 2713 1529 2762 minus

441 2786 694 2851 frequens
721 2781 865 2846 apud
883 2783 1175 2832 Homerum
1187 2774 1530 2862 βάλλεσθαι,

440 2854 645 2905 additis
689 2851 902 2902 voculis
940 2841 999 2899 ἐν
1037 2850 1206 2915 θυμῳ
1254 2867 1297 2900 s.
1339 2850 1526 2914 φρενί,

445 2921 732 2972 similibus.
813 2920 940 2970 vid.
987 2919 1194 2970 Herod.
1245 2920 1388 2982 VII,
1441 2921 1526 2971 51.

442 2991 605 3051 VIII,
640 2989 708 3039 68
745 2988 877 3052 ibiq.
915 2993 1057 3038 nott.

511 3056 608 3109 καὶ
643 3046 789 3106 κατ’
827 3047 1045 3106 αὐτὸν
1077 3046 1238 3105 ἄλλοι
1264 3052 1530 3120 Περσέων

438 3121 765 3194 ἀνέβαινον]
802 3123 964 3175 Valla
992 3142 1111 3176 cum
1148 3126 1401 3176 verterit:
1443 3135 1536 3189 „et

438 3205 559 3263 pose
589 3212 697 3248 eum
730 3195 857 3245 alii“
895 3195 952 3243 in
989 3210 1087 3245 suo
1126 3196 1420 3258 exemplari
1458 3195 1532 3246 le-

441 3269 591 3335 gisse
623 3263 796 3315 videri
821 3268 1028 3328 potest:
1064 3255 1203 3328 μετ’
1233 3258 1413 3314 αὐτὸν
1437 3281 1534 3329 pro

441 3326 588 3387 κατ’
630 3325 827 3385 αὐτόν.
900 3335 1082 3400 Atque
1118 3334 1198 3383 sic
1235 3334 1407 3385 edidit
1431 3336 1536 3385 Ne-

441 3408 574 3475 gris.
648 3403 954 3456 Gronovius
1000 3408 1184 3455 tamen
1225 3404 1418 3454 vertit:
1466 3406 1540 3455 ad

442 3483 550 3529 eius
596 3477 898 3538 exemplum,
956 3479 1009 3524 et
1058 3473 1537 3540 Schweighaeuse-

439 3564 552 3611 rus,
580 3561 737 3611 quem
763 3544 1009 3609 sequitur
1030 3544 1281 3607 Dindorf,
1318 3560 1535 3595 sensum

440 3617 617 3682 magis
666 3629 828 3680 quam
875 3613 1044 3665 verba
1095 3613 1313 3681 singula
1364 3615 1535 3680 respi-

443 3688 617 3737 ciens:
664 3691 754 3747 „et
779 3685 888 3734 eius
922 3687 1132 3749 vestigia
1166 3688 1391 3750 legentes
1423 3688 1534 3747 plu·

439 3772 526 3806 res
571 3753 963 3804 adscendebant.
982 3753 1018 3780 ‘⁶
1089 3754 1155 3803 In
1206 3754 1351 3803 notis
1390 3770 1534 3804 com-

443 3827 603 3888 parat
639 3822 903 3871 Herodot.
938 3822 1057 3884 111,
1088 3826 1152 3875 4:
1200 3815 1535 3886 μεταδιώκει

443 3886 507 3941 δὲ
549 3922 621 3932 --
647 3918 718 3928 ·—-
761 3881 1102 3947 ἀποστείλας
1136 3883 1357 3955 τριήρεϊ
1387 3884 1531 3941 κατ’

443 3955 527 4010 αὖ
544 3950 678 4009 τόν.
741 3959 1009 4023 Equidem
1033 3974 1141 4009 non
1167 3955 1360 4024 habeo,
1390 3961 1534 4026 quod

443 4047 478 4081 a
498 4028 759 4105 Gronoqii
784 4029 1231 4093 interpretatione
1265 4031 1532 4093 recedam,

443 4115 565 4150 cum
585 4111 727 4146 κατα
755 4101 1015 4161 sequente
1041 4099 1360 4148 accusativo
1387 4100 1531 4150 haud

443 4185 567 4219 raro
616 4166 688 4216 sit
732 4166 1023 4222 secundum,-
1070 4166 1180 4215 nisi
1215 4167 1337 4232 quis
1379 4170 1534 4219 malit

441 4235 835 4304 praepositioni
894 4236 1134 4286 tribuere
1202 4239 1533 4289 similitudinis

445 4305 925 4373 significationem,
992 4298 1338 4356 coniunctar'n
1405 4322 1534 4372 quo-

445 4376 729 4429 dammodo
777 4390 897 4426 eum
934 4375 1130 4440 priori,
1175 4378 1257 4427 ita
1303 4380 1367 4426 ut
1401 4369 1528 4426 κατ’

1629 1171 1813 1230 αὐτὸν
1865 1180 1964 1230 sit:
2021 1180 2191 1231 eodem
2228 1181 2371 1230 modo
2418 1188 2568 1246 atque
2614 1181 2718 1232 ille.

1629 1250 1894 1316 Exempla
1925 1249 2299 1315 suppeditabit
2320 1251 2613 1301 Fischerus
2651 1249 2723 1299 ad

1630 1320 1851 1370 Weller.
1899 1320 2020 1380 ΙΙΙ,
2062 1320 2115 1370 b.
2177 1335 2304 1385 pag.
2347 1321 2478 1383 181,
2525 1320 2723 1385 quibus

1630 1390 1823 1440 melius
1860 1389 2107 1453 profecto
2141 1397 2389 1439 nostrum
2413 1390 2592 1440 locum
2630 1389 2724 1438 ad-

1631 1460 1972 1525 scripsisset,
2018 1475 2176 1524 quem
2222 1477 2274 1524 p.
2325 1459 2426 1509 179
2474 1459 2726 1509 laudavit

1629 1531 1876 1590 unicum,
1943 1529 2039 1578 ubi
2107 1522 2274 1578 κατὰ
2320 1529 2526 1581 ,valeat
2584 1536 2722 1592 post.

1630 1599 1788 1649 Conf.
1828 1599 1993 1648 etiam
2042 1599 2188 1648 infra
2236 1600 2291 1659 1,
2340 1600 2452 1649 121.
2501 1599 2586 1659 11,
2636 1598 2723 1649 10.

1628 1668 1714 1719 92.
1757 1669 1863 1730 ΙΙΙ,
1900 1668 1987 1717 21.
2028 1668 2122 1730 IV,
2163 1670 2213 1718 2.
2257 1669 2306 1719 3.
2350 1668 2475 1718 coll.
2522 1669 2639 1719 181.

1701 1725 1852 1786 οὕτω
1900 1728 1974 1800 δὴ
2014 1727 2258 1801 Σάρδιές
2306 1752 2360 1786 τε
2414 1728 2724 1802 ἡλώκεσαν]

1629 1808 1774 1868 Iam,
1818 1806 2088 1856 Herodoti
2122 1806 2438 1857 narratione
2492 1806 2560 1857 de
2600 1808 2725 1858 Sar-

1632 1877 1790 1926 dibus
1830 1877 2006 1940 eaptis
2061 1875 2245 1938 finita,
2303 1877 2360 1926 in
2411 1877 2727 1927 universum

1630 1947 1732 1996 hoc
1761 1951 2011 1995 notatum
2045 1944 2302 2007 velimus,
2340 1947 2726 1996 dissentientes

1634 2015 1739 2066 hac
1776 2016 1832 2064 in
1870 2032 1927 2065 re
1972 2016 2199 2079 reperiri
2242 2021 2455 2066 veteres
2499 2017 2729 2080 scripto-

1635 2102 1742 2136 res.
1814 2084 1987 2136 Paulo
2015 2084 2176 2135 aliter
2212 2090 2377 2150 atque
2412 2087 2726 2137 Herodotus

1637 2154 1826 2205 retulit
1893 2154 2212 2219 Xenophon.
2289 2156 2346 2205 in
2418 2156 2726 2220 Cyropaed.

1637 2226 1811 2286 VIII,
1849 2226 1900 2275 2.
1942 2228 1992 2287 ξ.
2035 2224 2230 2275 1-13-
2269 2240 2492 2289 prorsus
2529 2222 2731 2276 discre-

1635 2299 1733 2358 pat
1773 2294 2015 2357 CtesiaS,
2081 2294 2313 2344 Oebaris
2368 2294 2595 2345 consilio
2644 2312 2731 2345 ur-

1635 2365 1758 2415 bem
1792 2378 2019 2413 narrans
2058 2369 2275 2427 captam
2321 2380 2468 2428 esse,
2529 2366 2731 2430 quippe

1637 2435 1729 2498 qui
1766 2435 1942 2482 contis
1977 2433 2159 2495 longis
2213 2434 2541 2484 vestimenta
2577 2436 2731 2485 indu·

1637 2504 1709 2552 tis
1745 2518 2007 2567 muroque
2041 2502 2295 2553 adductis
2336 2509 2542 2554 tantum
2583 2505 2730 2569 oppi-

1639 2573 1795 2622 danis
1829 2577 2091 2622 terrorem
2118 2574 2393 2634 iniecerit,
2431 2580 2493 2624 ut
2524 2575 2729 2625 idcirco

1637 2647 1802 2707 capta
1857 2643 2023 2692 fuerit
2078 2643 2226 2694 urbs.
2313 2644 2439 2694 vid.
2486 2646 2727 2695 Persice.

1636 2714 1921 2777 Excerptt.
1974 2716 2025 2775 ξ.
2059 2714 2140 2774 4.,
2199 2728 2341 2777 quae
2383 2714 2440 2763 in
2476 2729 2535 2764 re
2574 2720 2731 2764 tanta

1636 2782 1891 2832 breviora
1917 2797 2037 2831 esse
2064 2783 2258 2832 merito
2284 2782 2546 2834 dolemus.
2608 2785 2732 2835 Cte-

1634 2852 1748 2901 siae
1785 2851 2153 2902 narrationem
2190 2852 2379 2902 retulit
2415 2852 2729 2915 Polyaenus

1634 2922 1912 2987 Strategg.
1960 2921 2100 2983 VII,
2139 2922 2188 2972 6.
2241 2923 2293 2984 ᾗ.
2334 2921 2427 2985 10,
2470 2924 2574 2973 sibi
2611 2925 2730 2988 ipse

1633 2996 1819 3041 tamen
1841 2991 1988 3041 haud
2013 2997 2294 3054 constans,
2321 2992 2447 3042 dum
2474 2992 2583 3042 alio
2608 2993 2729 3044 loeo

1637 3058 1790 3124 (ibid.
1832 3063 1882 3122 ς.
1923 3059 1978 3124 2)
2026 3060 2226 3126 Cyrum
2264 3062 2342 3111 ait
2376 3062 2612 3113 induciis
2651 3063 2730 3113 fa-

1635 3131 1740 3180 ctis
1761 3145 2084 3194 regressum,
2107 3136 2268 3182 noete
2292 3147 2423 3181 vero
2444 3132 2731 3197 ingruente

1637 3199 1813 3250 denuo
1851 3200 2052 3250 Sardes
2083 3215 2400 3266 aggressum
2439 3203 2601 3252 scalis
2635 3204 2731 3253 ad-

1638 3269 1859 3333 positis,
1922 3285 2045 3319 eum
2092 3271 2306 3320 moenia
2353 3270 2730 3322 defensoribus

1638 3344 1920 3401 vacarent,
1941 3339 2076 3388 urbe
2099 3341 2333 3404 potitum
2360 3356 2500 3392 esse.
2554 3343 2731 3404 Quam

1639 3407 1855 3473 quidem
1901 3409 2270 3459 narrationem
2306 3409 2413 3460 alio
2461 3426 2527 3460 ex
2578 3411 2732 3462 fonte

1639 3478 1858 3528 ductam
1894 3478 2099 3540 videri,
2130 3480 2254 3529 -iam
2294 3478 2406 3529 alio
2452 3479 2573 3530 loco
2619 3497 2731 3531 mo-

1638 3548 1752 3597 nui.
1825 3548 2016 3611 Neque
2061 3563 2206 3598 nunc
2257 3548 2418 3599 aliter·-
2453 3550 2583 3600 mihi
2622 3555 2732 3601 sta-

1637 3615 1897 3666 tuendum
1935 3616 2180 3680 videtur,
2220 3620 2267 3668 si
2303 3634 2567 3684 quaeraS,
2604 3625 2733 3670 utra

1637 3687 1816 3736 verior
1866 3687 1940 3736 sit
1996 3688 2271 3750 narratio,
2335 3689 2604 3740 Herodoti
2658 3706 2731 3740 an

1640 3756 1884 3819 Ctesiae,
1922 3772 1993 3806 an
2028 3757 2278 3817 aliorum.
2339 3755 2729 3824 Relin'quamus

1638 3840 1793 3875 suam
1835 3826 2030 3891 cuique
2065 3826 2254 3890 fidem,
2304 3843 2425 3877 cum
2480 3835 2731 3880 neutrum

1638 3895 1757 3944 sine
1791 3895 2025 3945 testibus
2062 3902 2158 3946 aut
2192 3897 2507 3948 auctoribus
2542 3899 2621 3948 ita
2650 3915 2732 3949 re-

1639 3964 1833 4015 tulisse
1878 3965 2009 4014 mihi
2048 3982 2366 4028 persuasum
2404 3967 2494 4018 sit.
2566 3968 2729 4020 Conf.

1637 4038 1837 4085 notatt.
1884 4035 1953 4085 ad
1998 4035 2216 4086 Ctesiae
2268 4036 2307 4087 l.
2356 4036 2394 4088 1.
2439 4052 2566 4102 pag.
2608 4039 2726 4089 100.

1638 4103 1808 4166 Quid,
1864 4104 2009 4168 quod
2046 4105 2304 4169 Nanidis,
2357 4122 2497 4170 quae
2542 4108 2731 4158 Croesi

1637 4173 1802 4224 fuerit
1835 4173 1973 4234 filia,
2014 4189 2206 4239 opera,
2254 4176 2433 4239 pactis
2471 4177 2601 4241 Cyri
2631 4193 2729 4227 nu-

1634 4242 1765 4305 ptiis
1809 4242 2099 4307 legitimis,
2148 4245 2332 4295 Persis
2380 4260 2559 4296 arcem
2608 4262 2729 4310 pro-

1636 4311 1808 4361 ditam
1861 4313 2060 4376 fuisse,
2108 4319 2306 4378 poetae
2346 4314 2544 4365 Graeci
2588 4316 2729 4378 ceci-

1633 4385 1857 4445 nerant,
1913 4384 1996 4433 uti
2043 4388 2236 4434 auctor
2281 4389 2365 4435 est
2395 4384 2727 4437 Parthenius
