3109 5092
468 303 590 362 544
1345 303 1874 366 HERODOTI

462 481 708 564 θυσίης
725 475 969 562 ταύτης
999 471 1124 543 οὐκ
1157 473 1330 544 εἶναι
1362 469 1596 562 ἀδαὴς,
1642 471 1793 543 ἀλλ’
1829 481 2163 565 ἔμπειρος.
2205 470 2478 563 Ἕλλησι
2509 472 2638 564 γὰρ
2671 473 2756 563 δὴ

463 577 882 667 Μελάμπους
901 579 1039 646 ἐστὶ
1070 573 1106 646 ὁ
1134 577 1618 666 ἐξηγησάμενος
1634 582 1755 647 τοῦ
1769 577 2118 648 Διονύσου
2151 578 2229 648 τό
2257 605 2328 646 τε
2360 575 2617 667 οὕνομα
2641 579 2754 647 καὶ

459 680 584 771 τὴν
596 689 854 768 θυσίην
879 678 1132 770 καὶτὴν
1160 678 1431 770 πομπὴν
1458 685 1581 748 τοῦ
1609 686 1894 769 φαλλοῦ.
1936 679 2263 769 ἀτρεκέως
2278 682 2405 770 μὲν
2431 678 2513 750 οὗ
2538 681 2755 752 πάντα

461 782 819 872 συλλαβὼν
834 781 951 854 τὸν
976 785 1179 872 λόγον
1206 791 1436 872 ἔφηνε,
1456 781 1595 853 ἀλλ’
1618 789 1685 853 οἱ
1702 785 2164 874 ἐπιγενόμενοι
2197 785 2412 877 τούτῳ
2442 786 2755 873 σοφισταὶ

460 887 749 976 μεζόνως
777 889 1128 976 ἐξέφηναν.
1204 885 1323 956 τὸν
1352 883 1418 956 δ’
1459 878 1558 956 ὦν
1584 885 1848 976 φαλλὸν
1874 886 1992 957 τὸν
2018 893 2113 980 τῷ
2140 888 2460 981 Διονύσῳ
2490 886 2748 977 πεμπό-

459 1019 670 1079 μενον
699 990 1121 1080 Μελάμπους
1158 988 1296 1060 ἒστὶ
1333 985 1369 1059 ὃ
1405 991 1988 1080 κατηγησάμενος,
2027 993 2140 1059 καὶ
2184 987 2316 1061 άπὸ
2347 990 2594 1060 τούτου
2619 1019 2747 1079 μα-

520 1152 752 1223 ’Έλλησι
798 1150 904 1223 γὰρ
962 1149 1035 1221 δὴ
1085 1149 1444 1222 Μελάμπους
1488 1187 1562 1196 —-

409 1269 418 1280 .
465 1227 570 1278 τοῦ
607 1227 854 1292 φαλλοῦ]
903 1218 1234 1292 ἐξηγεῖσθαι
1281 1228 1371 1277 hie
1410 1226 1561 1276 valet

464 1298 665 1362 docere,
684 1306 985 1358 monstrare,
1009 1298 1091 1346 die
1109 1298 1378 1361 Anteituuy
1394 1296 1558 1360 geben

466 1383 530 1416 zu
563 1370 658 1417 der
675 1368 985 1430 Benearnum
1012 1367 1116 1415 und
1130 1383 1193 1416 zu
1223 1366 1330 1416 dem
1351 1366 1561 1415 Dienste

471 1437 562 1486 des
592 1438 869 1502 Dionysus,
911 1440 970 1485 ut
990 1435 1377 1501 interpretatur
1399 1435 1561 1484 Oreu-

473 1520 584 1557 zer.
621 1507 676 1554 in
712 1504 956 1571 Symbol.
995 1503 1090 1557 IV.
1127 1520 1253 1570 pag.
1293 1505 1416 1567 488,
1463 1503 1560 1553 ubi

470 1574 660 1625 laudat
707 1575 911 1626 Herod.
963 1574 1055 1634 Vl,
1112 1575 1229 1626 135.
1277 1574 1405 1636 VII,
1457 1571 1558 1623 183

469 1644 689 1710 aliaque
724 1645 951 1710 attingit
985 1644 1256 1694 vocabula
1282 1643 1384 1693 hac
1420 1643 1476 1692 in
1499 1657 1559 1691 re

471 1717 695 1766 usitata.
779 1713 917 1765 Add.
969 1713 1222 1763 Creuzeri
1274 1710 1556 1777 Opuscull.

472 1784 683 1835 seleett.
722 1801 775 1849 p.
812 1785 882 1834 4ss
919 1798 1034 1847 seq.
1072 1789 1126 1833 et
1162 1782 1309 1833 conf.
1341 1797 1556 1847 quoque

472 1853 648 1904 locum
695 1852 960 1918 Evangel.
999 1852 1191 1902 Ioann.
1231 1851 1276 1914 1,
1320 1852 1401 1902 18.
1471 1851 1556 1900 Ad

471 1925 641 1973 verba
673 1923 915 1989 proxime
955 1922 1335 1972 antecedentia
1358 1913 1463 1970 οὐκ
1487 1951 1558 1959 -—-

469 1985 683 2058 ἀδαὴς,
727 1984 849 2041 ἀλλ’
898 1986 1191 2055 ἔμπειρος,
1244 2006 1384 2056 quae
1434 2006 1559 2040 eum

473 2064 529 2111 vi
559 2062 791 2126 quadam
815 2061 884 2111 ad
911 2060 1148 2111 eiusdem
1169 2061 1249 2110 rei
1278 2059 1561 2110 confirma·

473 2134 674 2180 tionem
709 2131 860 2180 dicta
885 2145 1006 2180 esse
1034 2146 1190 2180 nemo
1225 2145 1333 2179 uon
1371 2129 1558 2190 sentit,

474 2201 545 2250 ef.
589 2200 832 2250 Lobeck.
869 2200 940 2248 ad
971 2199 1224 2264 Sophocl.
1255 2199 1407 2248 Aiac.
1434 2197 1558 2248 288.

472 2286 526 2334 p.
559 2269 681 2321 211.
738 2270 946 2318 Nomen
970 2268 1199 2331 Dionysi,
1227 2267 1368 2332 quod
1395 2267 1563 2318 Grae-

474 2355 567 2389 cos
593 2338 878 2388 edocuisse
899 2337 1071 2386 fertur
1095 2336 1414 2401 Melampus,
1440 2352 1562 2386 eum

476 2424 540 2458 eo
578 2413 663 2457 est
688 2407 1065 2468 coniunctum,
1107 2405 1248 2471 quod
1277 2406 1435 2455 initio
1474 2421 1565 2456 ca-

474 2479 602 2543 pitis
628 2477 904 2543 sequentis
937 2475 1197 2541 legimus:
1236 2476 1416 2525 omnia
1442 2490 1565 2541 pro-

473 2548 758 2613 pemodum
805 2546 1024 2596 deorum
1073 2546 1296 2595 nomina
1353 2561 1419 2594 ex
1463 2546 1565 2594 Ae-

472 2622 642 2682 gypto
668 2618 725 2666 in
744 2616 1028 2667 Graeciam
1051 2616 1379 2680 pervenisse.
1410 2615 1563 2678 Quae

472 2702 603 2736 vero
656 2687 853 2738 Graeci
905 2686 972 2736 de
1018 2686 1137 2751 ipso
1186 2686 1422 2750 Dionysi
1466 2701 1562 2734 no-

472 2758 616 2807 mine
648 2756 820 2821 deque
843 2756 996 2821 Nysa
1022 2755 1154 2805 urbe
1178 2755 1275 2814 (cf.
1305 2755 1381 2816 ΙΙ,
1417 2755 1559 2818 146),

473 2826 616 2876 unde
649 2825 787 2875 illud
822 2829 1103 2889 repetunt,
1153 2823 1386 2873 fabulati
1429 2824 1559 2884 sint,

474 2900 718 2958 repetere
771 2894 955 2943 nolim.
1049 2893 1173 2944 Vid.
1224 2893 1421 2943 Moser.
1490 2892 1561 2941 ad

475 2964 657 3013 Nonni
692 2963 921 3026 Dionys.
957 2978 1083 3025 pag.
1123 2961 1217 3011 201
1250 2977 1400 3027 seqq.
1435 2961 1560 3010 coll.

475 3033 725 3082 Creuzer.
743 3030 985 3095 Symbol.
999 3031 1094 3080 IV.
1115 3046 1168 3094 p.
1183 3031 1250 3081 23
1268 3045 1419 3095 seqq.
1436 3029 1561 3082 309.

543 3092 819 3164 ἀτρεκέως
851 3092 954 3162 μὲν
992 3089 1060 3148 οὐ
1098 3130 1166 3139 —-
1199 3093 1398 3164 ἔφηνε]
1432 3101 1468 3149 i.
1509 3115 1556 3149 e.

475 3173 728 3220 accurate
759 3167 976 3233 quidem
1016 3167 1162 3217 haud
1198 3169 1381 3218 omnia
1418 3184 1561 3218 com·

474 3237 810 3304 prehendens
838 3237 1140 3287 doctrinam
1175 3237 1398 3289 Graecis
1435 3254 1561 3303 ape-

471 3309 609 3370 ruit,
647 3308 791 3370 sive,
830 3312 890 3356 ut
928 3306 1182 3357 Creuzeri
1218 3311 1343 3357 utar
1377 3307 1558 3357 verbis

472 3377 742 3443 (Symbol.
784 3377 878 3426 lv.
918 3391 1041 3442 pag.
1079 3376 1165 3427 35.
1202 3375 1356 3440 4885:
1408 3377 1560 3438 „Me-

471 3448 683 3511 lampus
706 3446 859 3496 hatte
872 3445 1075 3508 jedoch
1099 3445 1251 3495 nicht
1278 3446 1362 3496 die
1383 3461 1559 3511 ganze

468 3517 644 3567 Lehre
676 3517 748 3565 im
776 3514 1245 3581 Zusammenhang
1268 3515 1558 3580 gewiesen,

470 3602 528 3636 er
572 3586 725 3636 hatte
773 3585 877 3635 den
924 3585 1201 3649 Dionysus
1247 3584 1359 3634 und
1409 3585 1560 3635 seine

471 3654 787 3706 Gebriiuehe
824 3654 977 3704 nicht
1023 3669 1120 3703 aus
1168 3654 1290 3703 dem
1337 3655 1558 3705 Grande

474 3724 703 3787 erkffirt,
741 3724 978 3773 sondern
1001 3723 1087 3773 die
1121 3722 1556 3788 nachfolgenden

471 3793 690 3842 Weisen
726 3792 902 3842 haben
937 3791 1070 3842 alles
1103 3795 1325 3856 grosser
1360 3807 1559 3856 ausge-

473 3862 659 3910 deutet
704 3861 791 3910 od.
829 3861 1224 3924 vollstandiger
1255 3860 1403 3910 Alles
1438 3876 1558 3911 vor-

472 3930 798 3992 gewiesen“‚
836 3936 1103 3993 quatenus
1128 3929 1427 3994 Melampus
1447 3945 1555 3979 uon

473 3999 656 4048 omnia
689 3997 930 4062 singula,
968 4013 1107 4063 quae
1136 3998 1207 4047 ad
1229 3997 1430 4049 Bacchi
1470 4015 1555 4049 sa-

471 4084 564 4116 cra
600 4066 927 4131 pertineant,
957 4068 1366 4117 accuratissime
1388 4068 1553 4118 Grae-

471 4138 551 4184 cis
587 4135 924 4199 exposuerit,
965 4135 1061 4183 sed
1099 4135 1222 4198 alii,
1260 4136 1352 4200 qui
1378 4136 1552 4199 ipsum

468 4205 643 4254 secuti
668 4207 796 4253 sunt
817 4207 971 4253 vates
993 4204 1391 4267 sacerdotesve‚
1418 4205 1554 4254 haec

466 4274 699 4337 amplius
747 4272 1143 4322 declaraverint
1190 4277 1353 4338 atque
1403 4279 1554 4338 pate-

468 4342 716 4393 fecerint.
789 4341 971 4392 Verba
1016 4338 1278 4406 φαίνειν,
1328 4333 1552 4391 δεικνύ-

1662 1173 1759 1208 ναι
1793 1158 1850 1208 in
1886 1173 2164 1209 sacrorum
2208 1156 2460 1210 doctrina
2504 1159 2751 1224 mysteri-

1661 1228 1819 1293 isque
1865 1229 2154 1293 praecipue
2204 1228 2447 1278 adhiberi
2494 1230 2752 1279 observat

1660 1298 1806 1347 idem
1853 1297 2046 1350 Creuz.
2097 1297 2135 1349 l.
2187 1296 2226 1349 1.
2308 1298 2450 1349 Add.
2505 1298 2749 1348 Lobeck.

1660 1366 1931 1432 Aglaoph.
1968 1384 2022 1433 p.
2060 1370 2148 1420 49.

1729 1427 1848 1484 ἀλλ’
1893 1430 1953 1486 οἷ
1985 1427 2379 1556 ἐπιγενόέιιενοι
2424 1427 2608 1504 τούτῳ
2657 1450 2751 1485 σο-

1662 1501 1861 1568 φισταὶ
1905 1499 2150 1571 μεζόνως
2227 1501 2510 1571 ξέφηναν]
2571 1518 2747 1570 σωφι-

1664 1567 1798 1630 στὰς
1832 1575 1887 1624 h.
1923 1575 1962 1626 l.
2004 1576 2140 1624 dixit
2175 1576 2405 1626 honesto
2442 1575 2531 1624 vel
2565 1576 2753 1639 potius.

1661 1643 1958 1694 honorifico
2006 1660 2201 1706 sensu,
2252 1649 2314 1693 ut
2359 1659 2526 1709 supra
2569 1645 2614 1704 1,
2656 1645 2744 1705 29,

1660 1713 1753 1762 ubi
1790 1714 1904 1764 vid.
1976 1714 2091 1765 Nec
2138 1715 2297 1765 aliter
2340 1714 2485 1763 infra
2529 1713 2750 1764 Melam·

1660 1782 1851 1847 podem
1875 1789 2039 1833 vocat
2063 1775 2267 1847 σοφόν.
2340 1783 2483 1833 Add.
2509 1784 2751 1854 Pausan4

1660 1851 1814 1915 V111,
1853 1852 1937 1902 49.
1977 1856 2028 1915 ξ.
2051 1855 2102 1903 2.
2153 1851 2545 1917 Intelliguntur
2566 1859 2750 1903 autem

1659 1920 1714 1971 h.
1758 1921 1793 1969 l.
1848 1922 2163 1972 sacerdotes
2211 1921 2578 1986 Melampodei
2632 1924 2750 1972 sive

1661 1989 1973 2040 sacerdotes
1998 1989 2097 2054 illi,
2134 1992 2227 2056 qui
2249 1990 2647 2056 Melampodem
2668 2007 2750 2042 se·

1663 2060 1777 2109 cuti
1813 2058 1902 2109 vel
1937 2076 2002 2109 ex
2038 2076 2101 2110 eo
2138 2062 2393 2125 prognati
2428 2076 2587 2111 sacra
2611 2063 2749 2111 Bac-

1664 2128 1820 2179 chica
1837 2130 2068 2194 amplius
2092 2137 2464 2195 propagarunt
2474 2147 2569 2196 per
2583 2131 2748 2182 Grae-

1663 2198 1822 2248 ciam.
1897 2199 1962 2248 In
1988 2200 2186 2264 quibus
2217 2200 2485 2264 Orphicos
2514 2214 2747 2266 quoque,

1665 2269 1758 2332 qui
1802 2269 2084 2332 dicuntur,
2131 2269 2410 2320 habendos
2458 2285 2578 2321 esse
2626 2285 2748 2319 cum

1665 2337 1932 2388 Creuzero
1957 2337 1995 2389 l.
2023 2339 2059 2388 1.
2084 2337 2231 2388 haud
2248 2338 2622 2390 dubitandum.
2674 2341 2749 2389 Et

1668 2407 1858 2456 confer
1890 2407 2096 2458 Herod.
2143 2408 2219 2472 11,
2267 2407 2355 2459 81.
2426 2409 2608 2460 Verba
2653 2422 2747 2472 με·

1663 2471 1841 2535 ζόνως
1873 2467 2156 2540 ἐξέφηναν
2193 2479 2444 2538 (maiorem
2476 2483 2526 2530 in
2561 2478 2751 2529 modum

1662 2545 2060 2610 patefecerunt),
2118 2547 2440 2612 quibuscum
2503 2548 2750 2598 conferre

1664 2613 1792 2664 licet
1829 2615 2172 2666 Platonicum
2206 2609 2450 2680 μεζόνως
2479 2613 2658 2682 λέγειν
2691 2617 2749 2665 in

1665 2683 1872 2748 Cratyl.
1913 2700 1966 2748 p.
2010 2686 2110 2737 407
2152 2687 2215 2746 Β,
2254 2685 2326 2736 ad
2370 2686 2645 2737 meliorem
2692 2691 2749 2736 et

1661 2755 2054 2804 accuratiorem
2065 2755 2454 2805 Bacchicorum
2473 2770 2752 2807 sacrorum

1663 2822 2002 2887 disciplinam
2039 2839 2105 2874 ac
2129 2823 2429 2874 doctrinam
2466 2825 2752 2876 reserenda

1663 2896 1816 2954 sunt,
1865 2908 2025 2957 quam
2080 2893 2229 2943 hisee
2287 2894 2508 2945 vatibus
2562 2895 2751 2945 debuit

1664 2961 1921 3020 Graecia;
1966 2977 2193 3026 quorum
2241 2963 2533 3014 eorundem
2583 2979 2750 3028 opera

1663 3031 1829 3080 etiam
1867 3032 2136 3095 Apollinis
2163 3046 2321 3082 sacra
2355 3037 2523 3099 atque
2545 3032 2751 3083 Bacchi

1662 3105 1787 3162 post
1806 3099 1952 3150 bella
1980 3116 2178 3166 magna
2209 3102 2572 3168 diuturnaque
2605 3105 2748 3152 inter

1661 3169 1945 3235 utriusque
1973 3171 2061 3220 dei
2095 3171 2329 3221 cultores
2359 3177 2575 3236 exorta,
2620 3187 2749 3237 quo-

1663 3237 1947 3289 dammodo
1984 3240 2286 3304 composita
2316 3247 2372 3291 et
2396 3240 2751 3292 reconciliata

1664 3307 1885 3370 fuerint,
1926 3314 2179 3359 monente
2199 3311 2284 3360 Cr.
2320 3310 2358 3360 1.
2385 3310 2445 3375 1.,
2481 3313 2575 3376 qui
2610 3311 2748 3361 haec

1660 3382 1941 3441 praeterea
2001 3377 2320 3443 adscripsitt
2393 3381 2576 3442 „Cum
2645 3379 2749 3430 hac

1661 3446 2039 3497 emendatione
2106 3448 2387 3498 doctrinae
2443 3448 2749 3500 Bacchicae

1660 3515 1905 3580 adeoque
1942 3515 2212 3580 phallicae
2247 3519 2548 3582 comparari
2586 3518 2749 3568 debet

1661 3599 1726 3635 ea
1740 3585 2061 3635 vicissitudo
2077 3585 2387 3637 Indicarum
2404 3586 2744 3653 religionum,

1661 3668 1769 3718 qua
1808 3654 2069 3703 Wischnu
2115 3654 2419 3719 phallorum
2465 3657 2670 3708 cultum
2712 3673 2747 3706 a

1660 3723 1874 3773 Schiwa
1914 3723 2173 3773 traditum
2210 3726 2528 3776 emendasse
2556 3727 2746 3777 fertur.

1660 3791 1818 3841 Cons.
1857 3792 2118 3842 Goerres:
2167 3793 2577 3859 Mythengesch.
2614 3810 2744 3860 pag.

1659 3860 1761 3910 559
1797 3876 1913 3925 seq.
1953 3862 2085 3926 ibiq.
2116 3861 2343 3913 laudd.“
2417 3864 2745 3926 Lobeckius‚

1660 3930 1814 3979 cuius
1839 3932 2167 3981 sententiam
2191 3931 2259 3981 de
2286 3932 2627 3998 Melampode
2659 3950 2747 3984 su-

1656 4013 1757 4063 pra
1789 3999 1980 4061 retuli,
2017 4001 2183 4050 verba
2219 3993 2463 4063 μεζόνως
2500 3994 2747 4067 ἐκφῆναι

1657 4067 1731 4116 ad
1773 4069 2105 4132 posteriores
2150 4069 2462 4137 (Graeciae)
2511 4071 2774 4137 philoso-‘

1656 4136 1792 4200 phos
1831 4141 2079 4201 spectare
2124 4143 2310 4202 putat,
2361 4140 2455 4205 qni
2506 4157 2617 4191 rem
2668 4142 2749 4191 ita

1656 4205 1999 4269 adornarint‚
2038 4211 2097 4256 ut
2135 4222 2291 4257 sacra
2327 4209 2535 4260 Graeca
2571 4212 2750 4275 Aegy-

1654 4275 1784 4338 ptiis
1827 4276 2100 4325 simillima
2145 4276 2357 4340 fierent,
2396 4280 2510 4330 vid.
2548 4279 2748 4344 Aglao-

1653 4341 1836 4408 pham.
1876 4359 1931 4409 p.
1973 4344 2128 4396 1103.
