3109 5092
1165 316 1664 381 EUTERPE.
1711 319 1795 378 11.
1842 329 1893 380 ὁ.
1940 328 1991 382 6.

2543 322 2667 384 437

381 487 626 575 λάσσης
667 485 830 556 ἑπτὰ
861 481 1167 577 ἡμερέων
1203 490 1340 558 ἐστὶ
1370 485 1499 558 devo}
1539 487 1659 559 τὸν
1698 491 2016 581 ποταμόν.
2087 495 2224 562 Καὶ
2263 487 2351 577 εὖ,
2368 525 2481 586 μοι
2510 498 2656 568 ἐδό-
2678 510 2716 570 5

381 619 539 662 κεον
567 595 790 678 λέγειν
819 593 974 679 περὶ
1001 597 1116 680 τῆς
1143 592 1379 681 χώρης.
1410 598 1581 682 δῆλα
1611 592 1738 683 γὰρ
1768 591 1852 682 δὴ
1881 597 1994 662 καὶ
2022 593 2111 684 μὴ
2144 600 2661 686 προακούσαντι,

382 693 595 765 ἰδόντι
628 696 724 779 δὲ,
758 691 938 773 ὅστις
968 722 1046 781 γε
1072 695 1352 765 σύνεσιν
1380 702 1550 784 ἔχει,
1588 694 1688 766 ὅτι
1718 707 2082 782 Αἴγυπτος,
2115 702 2181 778 ἐς
2205 699 2330 790 τὴν
2344 699 2661 791 ’Έλληνες

381 806 878 881 ναυτίλλονται,
907 800 1046 867 ἐστὶ
1075 806 1508 886 Αἰγυπτίοισι
1542 801 1890 889 ἐπίκτητός
1919 829 1990 870 τε
2018 807 2105 890 γῆ
2137 804 2249 871 καὶ
2289 809 2517 896 δῶρον
2538 813 2661 876 τοῦ

383 907 685 988 ποταμοῦ
705 923 719 938 ·
754 903 864 969 καὶ
896 899 977 970 τὰ
1004 903 1391 991 κατύπερθε
1421 909 1516 972 ἔτι
1543 910 1659 991 τῆς
1681 913 1918 993 λίμνης
1946 904 2209 992 ταύτης,
2233 910 2423 997 μέχρι
2453 902 2663 998 τριῶν

381 1002 686 1095 ἡμερέων
719 1004 952 1090 πλόου,
983 1010 1098 1093 τῆς
1121 1010 1269 1097 πέρι
1302 1009 1544 1076 ἐκεῖνοι
1578 1004 1784 1076 οὐδὲν
1812 1014 1908 1076 ἔτι
1937 1007 2203 1077 τοιόνδε
2235 1016 2491 1097 ἔλεγον,
2523 1018 2660 1080 ἔστι

385 1107 450 1178 δ’
482 1113 715 1196 ἕτερον
740 1112 1071 1177 τοιοῦτον.

543 1210 891 1297 Αἰγύπτου
928 1209 1056 1301 γὰρ
1091 1209 1296 1308 φύσις
1330 1216 1446 1299 τῆς
1487 1210 1707 1300 χω’ρης
1754 1214 1890 1280 ἐστὶ
1934 1211 2181 1302 τοιήδε.
2256 1222 2502 1304 Πρῶτα
2537 1216 2663 1305 μὲν

387 1318 817 1403 προσπλέων,
864 1320 960 1382 ἔτι
989 1316 1100 1382 καὶ
1118 1309 1367 1401 ἡμέρης
1393 1314 1648 1403 δρόμον
1666 1312 1933 1402 ἀπέχων
1957 1312 2090 1385 ἆπό
2118 1322 2259 1405 γῆς,
2290 1321 2512 1398 κατεὶς
2539 1348 2656 1389 κα-

386 1424 926 1506 ταπειρητηρίην,
952 1415 1165 1505 πηλόν
1191 1444 1261 1484 τε
1290 1413 1582 1497 ἀνοίσεις
1603 1419 1714 1485 καὶ
1743 1421 1818 1486 ἐν
1842 1421 2085 1487 ἕνδεκα
2115 1417 2424 1509 ὀργυιῇσι
2455 1428 2655 1491 ἔσεαι.

386 1526 581 1589 τοῦτο
608 1521 731 1607 μὲν
767 1521 876 1588 ἐπὶ
910 1525 1190 1590 τοσοῦτο
1219 1525 1416 1608 δηλοῖ
1442 1521 1772 1609 πρόχυσιν
1802 1527 1916 1609 τῆς
1950 1527 2071 1610 γῆς
2108 1525 2374 1592 ἐοῦσαν.
2434 1522 2714 1612 Αὐτῆςθ

390 1624 462 1693 δὲ
490 1628 603 1711 τῆς
634 1621 984 1708 Αἰγύπτου
1013 1625 1151 1692 ἐστὶ
1180 1629 1388 1710 μῆκος
1414 1622 1487 1692 τὸ
1518 1622 1697 1713 παρὰ
1725 1623 2099 1711 θάλασσαν,
2132 1627 2196 1708 ἑξ
2208 1627 2449 1715 ἥκοντα
2477 1644 2657 1715 σχοῖ-

387 1791 702 1857 scripsimus
727 1790 797 1839 ad
823 1790 900 1851 11,
926 1789 977 1852 9,
1005 1790 1099 1840 ubi
1124 1790 1261 1840 alios
1289 1790 1474 1841 schoe-

385 1877 485 1911 nos
535 1858 769 1925 intelligi
813 1860 933 1909 vult
983 1859 1295 1922 Iomardus,
1351 1876 1472 1911 cum

387 1929 474 1980 vel
508 1930 685 1980 obiter
731 1944 982 1994 mappam
1029 1929 1339 1994 inspicienti
1381 1945 1472 1994 ap·

387 2004 604 2064 pareat,
647 1999 964 2049 distantiam
1001 1998 1070 2047 ab
1097 1997 1376 2063 Heliopoli
1402 2000 1470 2048 ad

389 2069 607 2119 Thebas
645 2069 814 2118 multo
861 2069 1116 2117 maiorem
1153 2083 1272 2116 esse
1310 2084 1470 2132 quam

390 2139 706 2187 distantiam
744 2155 777 2187 a
814 2138 949 2186 mari
989 2135 1058 2186 ad
1098 2136 1357 2186 Moeridis
1397 2137 1471 2187 la-

391 2224 531 2258 cum.

812 2377 945 2426 cn.
982 2377 1049 2427 V.

459 2477 604 2545 δῆλα
652 2471 755 2544 γὰρ
800 2471 872 2542 δὴ
923 2473 1018 2527 καὶ
1069 2469 1147 2542 μὴ
1184 2469 1472 2542 προακού-

391 2565 576 2611 σαντι,
632 2540 814 2598 ἰδόντι
856 2540 945 2604 δὲ,
1017 2537 1175 2603 ὅστις
1219 2563 1278 2611 γε
1332 2563 1383 2595 κ.
1423 2562 1471 2595 τ.

389 2619 461 2684 λ.]
513 2621 595 2668 Ex
640 2618 725 2667 his
779 2617 962 2667 verbis
1009 2616 1069 2666 fit
1105 2618 1472 2676 manifestum,

390 2704 497 2738 non
554 2687 728 2736 solum
781 2686 1094 2751 pervenisse
1139 2685 1474 2736 Herodotum

389 2759 445 2807 in
480 2758 811 2821 Aegyptum,
859 2755 915 2803 id
952 2754 1096 2819 quod
1130 2756 1225 2805 alii
1262 2770 1476 2819 quoque

389 2831 660 2877 testantur
692 2826 798 2876 loci
831 2825 899 2874 ab
931 2826 1115 2889 Heyse
1155 2825 1211 2873 in
1247 2826 1472 2887 Quaest.

393 2894 594 2946 Herod.
645 2896 693 2945 1.
730 2911 855 2960 pag.
901 2894 998 2944 108
1044 2909 1196 2958 seqq.
1236 2893 1473 2953 collecti,

387 2981 572 3015 verum
609 2965 772 3014 etiam
816 2979 1025 3013 summa
1071 2979 1192 3012 cum
1231 2978 1362 3012 cura
1398 2961 1477 3010 hi-

387 3035 591 3085 storiae
626 3038 835 3098 patrem
863 3048 1170 3097 permeasse
1198 3032 1337 3081 hanc
1369 3036 1475 3080 ter-

387 3120 504 3153 ram
540 3108 902 3167 accurateque
936 3103 993 3150 in
1032 3103 1213 3151 omnia
1250 3101 1475 3165 inquisi-

385 3189 548 3225 visse.

458 3230 552 3291 ὅτι
589 3237 874 3304 Αἴγυπτος
909 3254 960 3288 κ.
1007 3253 1054 3287 τ.
1094 3235 1168 3304 λ.]
1205 3239 1472 3288 Herodoti

388 3311 712 3362 sententiam
747 3324 932 3358 veram
972 3322 1092 3358 esse
1117 3313 1170 3357 et
1206 3324 1327 3357 cum
1351 3309 1472 3372 ipsa

388 3387 566 3431 terrae
598 3377 782 3429 indole
805 3391 1103 3441 congruere
1139 3378 1194 3426 in
1223 3379 1474 3428 Excursu

389 3450 458 3500 ad
493 3450 549 3500 h.
590 3448 628 3499 l.
666 3447 1106 3496 monstravimus.

456 3516 558 3583 τῆς
593 3508 724 3578 πέρι
763 3506 969 3564 ἐκεῖνοι
1008 3506 1183 3563 οὐδὲν
1217 3528 1268 3562 κ.
1310 3529 1354 3562 τ.
1394 3513 1471 3579 λ.]

388 3578 596 3637 ἐκεῖνοι
660 3590 788 3635 sunt
841 3584 1097 3648 Aegyptii
1158 3582 1472 3632 sacerdotes

391 3656 486 3720 (11,
525 3654 601 3721 3),
652 3655 847 3720 quibus
899 3668 999 3702 sua
1047 3653 1209 3702 debet
1243 3653 1469 3712 Noster3

388 3725 461 3776 cf.
501 3725 575 3786 ΙΙ,
613 3726 663 3774 4.
740 3723 806 3773 In
841 3722 1022 3772 verbis
1048 3715 1161 3770 ἔστι
1200 3712 1256 3768 δ’
1280 3715 1473 3783 ἕτερον

388 3791 656 3843 τοιοῦτον
691 3793 892 3842 Noster
939 3790 1260 3856 particulam
1302 3784 1366 3839 δὲ
1403 3791 1474 3840 si-

388 3863 568 3913 milem
595 3863 649 3912 in
675 3861 893 3911 modum
924 3862 1128 3926 posuit,
1158 3875 1265 3924 quo
1301 3859 1347 3921 1,
1385 3860 1472 3909 20.

392 3934 470 3995 ΙΙ,
508 3932 627 3994 120,
667 3930 790 3980 aliis
835 3930 1000 3991 locis,
1048 3926 1345 3993 respiciens
1380 3943 1474 3992 po·

388 4003 497 4052 tius
535 4000 607 4050 ad
643 4016 739 4060 ea,
789 4014 929 4064 quae
977 3999 1033 4049 in
1078 3998 1348 4048 sententia
1388 3997 1480 4047 ad-

389 4071 604 4122 iectitia
657 4069 904 4134 proxime
973 4083 1295 4132 praegressa
1378 4064 1479 4131 τῆς

389 4131 520 4203 πέρι
551 4128 761 4188 ἐκεῖνοι
799 4128 973 4186 οὐδὲν
1007 4131 1086 4186 ἔτι
1112 4128 1341 4185 τοιόνδε
1391 4135 1476 4184 λε-

388 4207 514 4273 γον)
577 4207 857 4268 dicuntur,
931 4206 1094 4271 idque
1167 4206 1476 4266 enuntians,

389 4292 717 4343 quamquam
744 4276 810 4326 de
830 4276 934 4326 hoc
953 4280 1130 4326 terrae
1146 4280 1328 4325 tractu
1343 4273 1479 4324 nihil

389 4347 501 4400 tale
546 4345 859 4398 sacerdotes
906 4345 1258 4410 tradiderint,
1315 4353 1477 4396 tamen

1579 1791 1803 1842 eandem
1835 1793 1952 1842 cius
1978 1807 2097 1842 esse
2121 1792 2408 1842 rationem.
2479 1792 2564 1842 Ad
2586 1791 2665 1842 lo-

1578 1861 1850 1910 cutionem
1888 1856 2081 1923 ἕτερον
2113 1858 2381 1909 τοιοῦτον
2417 1861 2488 1909 cf.
2521 1865 2663 1910 nott.

1578 1930 1646 1980 ad
1685 1930 1731 1979 Ι.
1772 1930 1891 1980 120.
1917 1961 1987 1969 --
2014 1931 2080 1979 ln
2116 1946 2269 1994 seqq.
2292 1919 2506 1993 ἡμέρης
2531 1921 2661 1992 δρό-

1575 2013 1682 2063 μος
1718 2004 1919 2063 aequat
1955 1998 2067 2049 fere
2105 2000 2241 2050 1300
2275 1998 2457 2047 stadia
2494 1997 2664 2060 (conf.

1578 2069 1673 2130 IV,
1712 2067 1832 2130 86);
1868 2083 2008 2132 quae
2032 2068 2304 2119 Larchero
2330 2072 2556 2117 auctore
2578 2084 2666 2117 ex-

1576 2137 1729 2202 plent
1762 2140 1827 2186 25
1864 2137 2059 2196 lieues;
2098 2128 2318 2201 ὀργυιά,
2365 2152 2528 2201 quam
2565 2152 2665 2188 nos

1575 2206 1806 2255 dicimus
1840 2207 2069 2269 Klafter,
2118 2210 2436 2256 constanter
2470 2206 2666 2256 veteri-

1574 2276 1676 2325 bus
1716 2281 1798 2324 est
1834 2290 2086 2324 mensura
2123 2291 2219 2325 sex
2238 2274 2454 2338 pedum.
2501 2274 2663 2326 Conf.

1460 2380 1481 2398 .
1576 2346 1765 2394 Wurm
1802 2343 1869 2394 de
1916 2345 2118 2410 pondd.
2163 2349 2298 2394 vett.
2350 2348 2480 2393 ratt.
2534 2360 2661 2409 pag.

1575 2413 1664 2464 91.
1700 2413 1787 2464 92.
1863 2414 2190 2477 Scripsimus
2237 2417 2417 2463 autem
2461 2418 2518 2462 et
2563 2413 2667 2463 hoc

1581 2484 1702 2534 loco
1741 2488 1796 2534 et
1830 2498 1947 2547 cap.
1987 2498 2101 2547 seq.
2138 2473 2403 2547 ὀργυιῇσι
2426 2498 2548 2531 cum
2584 2498 2667 2532 re-

1580 2557 1748 2602 centt.
1788 2567 1884 2616 pro
1933 2542 2222 2616 ὀργυίῃσι,
2260 2555 2322 2599 ut
2358 2550 2487 2600 olim
2522 2550 2667 2614 lege·

1576 2623 1758 2671 batur.
1840 2618 2353 2683 καταπειρητηρίη,
2403 2635 2543 2682 quae
2590 2626 2667 2669 te-

1579 2697 1664 2740 ste
1702 2688 1884 2740 Schol.
1923 2689 1995 2739 ad
2031 2689 2118 2738 Ili.
2156 2689 2354 2748 XXIV,
2392 2687 2463 2737 80
2497 2687 2662 2754 vulgo

1581 2760 1780 2808 dicitur
1833 2753 2014 2823 βολὶς,
2069 2761 2154 2806 est
2214 2756 2493 2806 nauticum
2548 2773 2669 2822 per-

1579 2828 1923 2894 pendiculum
1966 2842 2011 2875 s.
2065 2827 2509 2888 instrumentum,
2556 2842 2663 2891 quo

1579 2899 1743 2947 maris
1776 2895 2201 2961 profunditatem
2240 2894 2550 2959 explorant,
2604 2901 2666 2946 ut

1579 2968 1725 3017 infra
1760 2967 1835 3026 II,
1870 2965 1956 3015 28.
2006 2957 2286 3029 πρόχυσιν
2321 2970 2376 3014 et
2408 2965 2512 3014 hoc
2543 2964 2666 3016 loeo

1576 3043 1630 3085 et
1674 3037 1854 3098 11‚·12
1890 3039 2069 3084 terrae
2114 3049 2148 3082 a
2189 3035 2354 3084 fluvio
2407 3034 2669 3085 devectae

1573 3104 1946 3171 proluvionem
1958 3101 2573 3169 („Anschwemmung⁴‘)
2590 3104 2669 3154 di-

1576 3178 1668 3226 cit.
1730 3175 1851 3226 Alio
1894 3189 2059 3226 sensu
2095 3189 2261 3238 supra
2305 3175 2350 3235 I,
2400 3172 2531 3236 160,
2576 3175 2667 3226 ubi

1574 3245 1688 3295 vid.
1727 3249 1868 3294 nott.

1981 3413 2112 3462 CAP.
2151 3412 2250 3461 VI.

1646 3506 1831 3596 Αὖτῇς
1870 3508 2075 3592 δὲ,τῆς’
2094 3506 2384 3578 Αἰγύπτου
2419 3506 2532 3562 ἐστὶ
2562 3511 2667 3594 μῆ.-

1573 3598 1676 3641 κος
1714 3599 1777 3632 το
1812 3598 1969 3646 παρα
1992 3583 2290 3633 θαλασσαν
2314 3597 2365 3630 κ.
2392 3597 2442 3630 τ.
2467 3580 2536 3648 λ.]
2568 3597 2670 3631 αυ-

1551 3646 1674 3717 ’τῆς
1699 3645 1885 3729 δὲττῆς
1916 3667 2035 3701 cnm
2061 3656 2292 3702 recentt.
2319 3651 2443 3700 edd.
2472 3652 2669 3716 scripsi

1573 3737 1671 3787 pro
1708 3736 1871 3777 αυτις
1909 3714 1971 3769 δὲ
2000 3713 2200 3783 αὐτῆς.
2244 3721 2511 3784 Spectant
2534 3736 2665 3770 vero

1572 3792 1709 3841 haec
1729 3789 1800 3839 ad
1824 3790 2212 3853 praecedentia
2242 3789 2436 3839 verba:
2472 3787 2669 3853 πρῶτα

1571 3852 1693 3924 μὲν
1735 3850 2076 3922 προσπλέων
2106 3889 2177 3899 —-
2212 3855 2382 3906 τοῦτο
2419 3852 2540 3922 μὲν
2575 3849 2668 3908 ἐπὶ

1576 3926 1818 3977 τοσοῦτο
1855 3942 1907 3976 κ.
1944 3944 1992 3977 τ.
2031 3928 2077 3977 λ.
2151 3928 2463 3980 Genitivum
2498 3919 2667 3992 Αίγύ-

1580 4011 1726 4050 πτου
1765 4012 1900 4046 cave
1934 3997 2004 4047 ad
2050 3999 2271 4062 σχοῖνοι
2307 3997 2549 4058 referas,
2604 4002 2666 4047 ut

1581 4068 1636 4116 in
1674 4065 1779 4115 fine
1815 4082 1936 4130 cap.
1967 4054 2118 4116 οὕτω
2153 4056 2227 4115 ἄν
2261 4063 2464 4131 εἴησαν
2497 4058 2667 4129 Αίγύ-

1580 4150 1725 4185 πτου
1764 4126 1984 4184 στάδιοι
2017 4150 2067 4184 κ.
2099 4151 2144 4184 τ.
2170 4135 2238 4194 λ.,
2273 4152 2399 4186 nam
2435 4140 2668 4200 utroque

1580 4205 1699 4254 loco
1740 4204 1808 4253 ad
1856 4197 1921 4253 τὸ
1958 4196 2113 4268 παρὰ
2157 4196 2454 4254 θάλασσαν
2504 4205 2665 4269 perti-

1580 4279 1694 4333 net3
1733 4275 1943 4323 monuit
1979 4276 2308 4324 Letronnius
2334 4290 2387 4339 p.
2409 4274 2507 4325 157
2543 4273 2665 4323 loco

1580 4359 1702 4396 mox
1729 4342 1876 4396 laud.
1950 4345 2031 4396 Ad
2057 4349 2432 4412 argumentum
2460 4344 2566 4394 loci
2588 4344 2668 4396 fa-
