<?xml version="1.0" encoding="UTF-8"?>
<!DOCTYPE html PUBLIC "-//W3C//DTD XHTML 1.0 Transitional//EN"
    "http://www.w3.org/TR/xhtml1/DTD/xhtml1-transitional.dtd">
<html xmlns="http://www.w3.org/1999/xhtml" xml:lang="en" lang="en">
 <head>
  <title>
</title>
<meta http-equiv="Content-Type" content="text/html;charset=utf-8" />
  <meta name='ocr-system' content='tesseract 3.04.00' />
  <meta name='ocr-capabilities' content='ocr_page ocr_carea ocr_par ocr_line ocrx_word'/>
</head>
<body>
  <div class='ocr_page' id='page_1' title='image "./herodotihalicar02unkngoog_0217.png"; bbox 0 0 3109 5092; ppageno 0'>
   <div class='ocr_carea' id='block_1_1' title="bbox 1274 371 1756 436">
    <p class='ocr_par' dir='ltr' id='par_1_1' title="bbox 1274 371 1756 436">
     <span class='ocr_line' id='line_1_1' title="bbox 1274 371 1756 436; baseline 0.002 -6"><span class='ocrx_word' id='word_1_1' title='bbox 1274 371 1530 433; x_wconf 76' lang='lat' dir='ltr'><strong>OLIO.</strong></span> <span class='ocrx_word' id='word_1_2' title='bbox 1574 373 1624 431; x_wconf 95' lang='grc' dir='ltr'><strong>Ι.</strong></span> <span class='ocrx_word' id='word_1_3' title='bbox 1667 380 1756 436; x_wconf 88' lang='grc'><strong>90.</strong></span> 
     </span>
    </p>
   </div>
   <div class='ocr_carea' id='block_1_2' title="bbox 2536 374 2657 437">
    <p class='ocr_par' dir='ltr' id='par_1_2' title="bbox 2536 374 2657 437">
     <span class='ocr_line' id='line_1_2' title="bbox 2536 374 2657 437; baseline 0 -1"><span class='ocrx_word' id='word_1_4' title='bbox 2536 374 2657 437; x_wconf 87' lang='grc'><strong>197</strong></span> 
     </span>
    </p>
   </div>
   <div class='ocr_carea' id='block_1_3' title="bbox 285 529 2652 1465">
    <p class='ocr_par' dir='ltr' id='par_1_3' title="bbox 285 529 2652 1465">
     <span class='ocr_line' id='line_1_3' title="bbox 285 529 2651 653; baseline 0.001 -35"><span class='ocrx_word' id='word_1_5' title='bbox 285 564 354 618; x_wconf 81' lang='lat'><strong>46</strong></span> <span class='ocrx_word' id='word_1_6' title='bbox 375 552 443 653; x_wconf 63' lang='grc' dir='ltr'><strong>οί</strong></span> <span class='ocrx_word' id='word_1_7' title='bbox 467 529 929 634; x_wconf 74' lang='grc' dir='ltr'><strong><em>ἐπανηλόγησε</em></strong></span> <span class='ocrx_word' id='word_1_8' title='bbox 956 551 1181 616; x_wconf 79' lang='grc' dir='ltr'><strong><em>πᾶσαν</em></strong></span> <span class='ocrx_word' id='word_1_9' title='bbox 1216 541 1341 632; x_wconf 84' lang='grc' dir='ltr'><strong>τὴν</strong></span> <span class='ocrx_word' id='word_1_10' title='bbox 1370 547 1625 615; x_wconf 82' lang='grc' dir='ltr'>ἑωυτοῦ</span> <span class='ocrx_word' id='word_1_11' title='bbox 1656 545 1965 614; x_wconf 77' lang='grc' dir='ltr'><strong><em>διάνοιαν</em></strong></span> <span class='ocrx_word' id='word_1_12' title='bbox 1984 598 2001 631; x_wconf 94' lang='grc'><strong><em>,</em></strong></span> <span class='ocrx_word' id='word_1_13' title='bbox 2050 550 2163 617; x_wconf 85' lang='grc' dir='ltr'><strong>καὶ</strong></span> <span class='ocrx_word' id='word_1_14' title='bbox 2202 555 2340 618; x_wconf 74' lang='grc' dir='ltr'><strong>τῶν</strong></span> <span class='ocrx_word' id='word_1_15' title='bbox 2365 573 2651 642; x_wconf 88' lang='grc' dir='ltr'><strong><em>χρηστη-</em></strong></span> 
     </span>
     <span class='ocr_line' id='line_1_4' title="bbox 375 643 2647 745; baseline 0.003 -27"><span class='ocrx_word' id='word_1_16' title='bbox 375 657 543 738; x_wconf 90' lang='grc' dir='ltr'><strong><em>ρίων</em></strong></span> <span class='ocrx_word' id='word_1_17' title='bbox 565 648 679 729; x_wconf 76' lang='grc' dir='ltr'><strong><em>τὰς</em></strong></span> <span class='ocrx_word' id='word_1_18' title='bbox 706 645 1091 737; x_wconf 74' lang='grc' dir='ltr'><strong><em>ὑποκρίσις,</em></strong></span> <span class='ocrx_word' id='word_1_19' title='bbox 1123 650 1233 717; x_wconf 83' lang='grc' dir='ltr'><strong>καὶ</strong></span> <span class='ocrx_word' id='word_1_20' title='bbox 1262 647 1545 735; x_wconf 79' lang='grc' dir='ltr'><strong><em>μάλιστα</em></strong></span> <span class='ocrx_word' id='word_1_21' title='bbox 1570 645 1652 718; x_wconf 76' lang='grc' dir='ltr'><strong><em>τὰ</em></strong></span> <span class='ocrx_word' id='word_1_22' title='bbox 1678 643 2080 738; x_wconf 79' lang='grc' dir='ltr'><strong><em>ἀναθήματα</em></strong></span> <span class='ocrx_word' id='word_1_23' title='bbox 2100 671 2114 685; x_wconf 92' lang='grc'><em>·</em></span> <span class='ocrx_word' id='word_1_24' title='bbox 2171 654 2283 722; x_wconf 82' lang='grc' dir='ltr'><strong>καὶ</strong></span> <span class='ocrx_word' id='word_1_25' title='bbox 2327 649 2416 733; x_wconf 78' lang='grc' dir='ltr'><strong>ὦς</strong></span> <span class='ocrx_word' id='word_1_26' title='bbox 2444 651 2647 745; x_wconf 79' lang='grc' dir='ltr'><strong><em>ἐπαρ-</em></strong></span> 
     </span>
     <span class='ocr_line' id='line_1_5' title="bbox 374 746 2646 845; baseline 0.002 -23"><span class='ocrx_word' id='word_1_27' title='bbox 374 754 523 833; x_wconf 81' lang='grc' dir='ltr'><strong><em>θεὶς</em></strong></span> <span class='ocrx_word' id='word_1_28' title='bbox 562 758 656 845; x_wconf 78' lang='grc' dir='ltr'><strong><em>τῷ</em></strong></span> <span class='ocrx_word' id='word_1_29' title='bbox 694 760 995 845; x_wconf 75' lang='grc' dir='ltr'><strong><em>μαντηΐφ</em></strong></span> <span class='ocrx_word' id='word_1_30' title='bbox 1026 749 1509 840; x_wconf 78' lang='grc' dir='ltr'><strong><em>ἐστρατεύσατο</em></strong></span> <span class='ocrx_word' id='word_1_31' title='bbox 1558 746 1668 821; x_wconf 78' lang='grc' dir='ltr'><strong>ἐπὶ</strong></span> <span class='ocrx_word' id='word_1_32' title='bbox 1695 756 1979 843; x_wconf 83' lang='grc' dir='ltr'><strong><em>Πέρσας.</em></strong></span> <span class='ocrx_word' id='word_1_33' title='bbox 2044 756 2263 841; x_wconf 78' lang='grc' dir='ltr'><strong><em>λέγων</em></strong></span> <span class='ocrx_word' id='word_1_34' title='bbox 2304 756 2378 825; x_wconf 77' lang='grc' dir='ltr'><strong>δὲ</strong></span> <span class='ocrx_word' id='word_1_35' title='bbox 2417 764 2646 844; x_wconf 87' lang='grc' dir='ltr'><strong><em>ταῦτα,</em></strong></span> 
     </span>
     <span class='ocr_line' id='line_1_6' title="bbox 375 846 2650 949; baseline 0.001 -22"><span class='ocrx_word' id='word_1_36' title='bbox 375 851 724 943; x_wconf 63' lang='grc' dir='ltr'><strong><em>κατέβαινε</em></strong></span> <span class='ocrx_word' id='word_1_37' title='bbox 772 846 962 935; x_wconf 86' lang='grc' dir='ltr'><strong><em>αὖτις</em></strong></span> <span class='ocrx_word' id='word_1_38' title='bbox 1022 854 1573 943; x_wconf 78' lang='grc' dir='ltr'><strong><em>παραιτεόμενος,</em></strong></span> <span class='ocrx_word' id='word_1_39' title='bbox 1629 852 1894 926; x_wconf 78' lang='grc' dir='ltr'><strong><em>ἐπεῖναί</em></strong></span> <span class='ocrx_word' id='word_1_40' title='bbox 1938 860 2010 924; x_wconf 79' lang='grc' dir='ltr'><strong>οἰ</strong></span> <span class='ocrx_word' id='word_1_41' title='bbox 2054 862 2147 949; x_wconf 75' lang='grc' dir='ltr'><strong><em>τῷ</em></strong></span> <span class='ocrx_word' id='word_1_42' title='bbox 2200 863 2345 949; x_wconf 74' lang='grc' dir='ltr'><strong><em>θεῷ</em></strong></span> <span class='ocrx_word' id='word_1_43' title='bbox 2389 862 2650 931; x_wconf 84' lang='grc' dir='ltr'><strong><em>τούτων</em></strong></span> 
     </span>
     <span class='ocr_line' id='line_1_7' title="bbox 373 957 2645 1051; baseline 0.002 -22"><span class='ocrx_word' id='word_1_44' title='bbox 373 957 720 1029; x_wconf 85' lang='grc' dir='ltr'><strong><em>ὀνειδίσαι.</em></strong></span> <span class='ocrx_word' id='word_1_45' title='bbox 803 964 1028 1047; x_wconf 85' lang='grc' dir='ltr'><strong><em>Κῦρος</em></strong></span> <span class='ocrx_word' id='word_1_46' title='bbox 1069 959 1142 1027; x_wconf 72' lang='grc' dir='ltr'><strong>δὲ</strong></span> <span class='ocrx_word' id='word_1_47' title='bbox 1172 961 1455 1045; x_wconf 76' lang='grc' dir='ltr'><strong><em>γελάσας</em></strong></span> <span class='ocrx_word' id='word_1_48' title='bbox 1498 957 1677 1027; x_wconf 87' lang='grc' dir='ltr'><strong><em>εἷπε·</em></strong></span> <span class='ocrx_word' id='word_1_49' title='bbox 1760 961 1893 1028; x_wconf 86' lang='grc' dir='ltr'><strong>Καὶ</strong></span> <span class='ocrx_word' id='word_1_50' title='bbox 1920 958 2161 1029; x_wconf 86' lang='grc' dir='ltr'><strong><em>τούτου</em></strong></span> <span class='ocrx_word' id='word_1_51' title='bbox 2187 961 2448 1043; x_wconf 82' lang='grc' dir='ltr'><strong><em>τεύξεαι</em></strong></span> <span class='ocrx_word' id='word_1_52' title='bbox 2485 962 2645 1051; x_wconf 90' lang='grc' dir='ltr'><strong><em>παρ’</em></strong></span> 
     </span>
     <span class='ocr_line' id='line_1_8' title="bbox 374 1057 2652 1154; baseline 0.001 -21"><span class='ocrx_word' id='word_1_53' title='bbox 374 1060 574 1150; x_wconf 76' lang='grc' dir='ltr'><strong><em>ἐμεῦ,</em></strong></span> <span class='ocrx_word' id='word_1_54' title='bbox 615 1069 901 1150; x_wconf 72' lang='grc' dir='ltr'><strong><em>Κροῖσε,</em></strong></span> <span class='ocrx_word' id='word_1_55' title='bbox 944 1062 1055 1130; x_wconf 84' lang='grc' dir='ltr'><strong>καὶ</strong></span> <span class='ocrx_word' id='word_1_56' title='bbox 1096 1058 1308 1131; x_wconf 73' lang='grc' dir='ltr'><strong><em>ἄλλου</em></strong></span> <span class='ocrx_word' id='word_1_57' title='bbox 1349 1058 1635 1147; x_wconf 81' lang='grc' dir='ltr'><strong><em>παντὸς,</em></strong></span> <span class='ocrx_word' id='word_1_58' title='bbox 1689 1066 1811 1130; x_wconf 82' lang='grc' dir='ltr'><strong><em>τοῦ</em></strong></span> <span class='ocrx_word' id='word_1_59' title='bbox 1847 1057 1934 1132; x_wconf 76' lang='grc' dir='ltr'><strong>ἄν</strong></span> <span class='ocrx_word' id='word_1_60' title='bbox 1971 1062 2280 1134; x_wconf 74' lang='grc' dir='ltr'><strong><em>ἑκάστοτε</em></strong></span> <span class='ocrx_word' id='word_1_61' title='bbox 2321 1069 2460 1154; x_wconf 80' lang='grc' dir='ltr'><strong><em>δέῃ.</em></strong></span> <span class='ocrx_word' id='word_1_62' title='bbox 2536 1063 2652 1147; x_wconf 83' lang='grc' dir='ltr'><strong>Ὡς</strong></span> 
     </span>
     <span class='ocr_line' id='line_1_9' title="bbox 376 1158 2651 1257; baseline 0.002 -22"><span class='ocrx_word' id='word_1_63' title='bbox 376 1167 687 1235; x_wconf 78' lang='grc' dir='ltr'><strong><em>δὲταῦτα</em></strong></span> <span class='ocrx_word' id='word_1_64' title='bbox 726 1162 976 1252; x_wconf 82' lang='grc' dir='ltr'><strong><em>ἤκουσε</em></strong></span> <span class='ocrx_word' id='word_1_65' title='bbox 1017 1158 1054 1234; x_wconf 84' lang='grc' dir='ltr'>ὁ</span> <span class='ocrx_word' id='word_1_66' title='bbox 1083 1172 1409 1254; x_wconf 83' lang='grc' dir='ltr'><strong><em>Κροῖσος,</em></strong></span> <span class='ocrx_word' id='word_1_67' title='bbox 1455 1167 1739 1254; x_wconf 78' lang='grc' dir='ltr'><strong><em>πέμπων</em></strong></span> <span class='ocrx_word' id='word_1_68' title='bbox 1781 1170 1918 1234; x_wconf 69' lang='grc' dir='ltr'><strong>τῶν</strong></span> <span class='ocrx_word' id='word_1_69' title='bbox 1943 1171 2196 1235; x_wconf 73' lang='grc' dir='ltr'><strong><em>Λυδῶν</em></strong></span> <span class='ocrx_word' id='word_1_70' title='bbox 2237 1165 2304 1249; x_wconf 79' lang='grc' dir='ltr'><strong>ἐς</strong></span> <span class='ocrx_word' id='word_1_71' title='bbox 2332 1167 2651 1257; x_wconf 79' lang='grc' dir='ltr'><strong><em>Δελφοὺς</em></strong></span> 
     </span>
     <span class='ocr_line' id='line_1_10' title="bbox 376 1264 2651 1356; baseline 0.001 -18"><span class='ocrx_word' id='word_1_72' title='bbox 376 1267 784 1352; x_wconf 77' lang='grc' dir='ltr'><strong><em>ἐνετέλλετο,</em></strong></span> <span class='ocrx_word' id='word_1_73' title='bbox 841 1271 1153 1348; x_wconf 81' lang='grc' dir='ltr'><strong><em>τιθέντας</em></strong></span> <span class='ocrx_word' id='word_1_74' title='bbox 1192 1266 1311 1347; x_wconf 79' lang='grc' dir='ltr'><strong><em>τὰς</em></strong></span> <span class='ocrx_word' id='word_1_75' title='bbox 1348 1271 1554 1347; x_wconf 81' lang='grc' dir='ltr'><strong><em>πέδας</em></strong></span> <span class='ocrx_word' id='word_1_76' title='bbox 1597 1264 1707 1337; x_wconf 77' lang='grc' dir='ltr'><strong>ἐπὶ</strong></span> <span class='ocrx_word' id='word_1_77' title='bbox 1749 1274 1870 1336; x_wconf 85' lang='grc' dir='ltr'><strong><em>τοῦ</em></strong></span> <span class='ocrx_word' id='word_1_78' title='bbox 1909 1274 2078 1355; x_wconf 87' lang='grc' dir='ltr'><strong><em>νηοῦ</em></strong></span> <span class='ocrx_word' id='word_1_79' title='bbox 2104 1266 2222 1339; x_wconf 83' lang='grc' dir='ltr'><strong>τὸν</strong></span> <span class='ocrx_word' id='word_1_80' title='bbox 2259 1268 2499 1356; x_wconf 82' lang='grc' dir='ltr'><strong><em>οὐδὸν,</em></strong></span> <span class='ocrx_word' id='word_1_81' title='bbox 2556 1278 2651 1341; x_wconf 84' lang='grc' dir='ltr'><strong>εί-</strong></span> 
     </span>
     <span class='ocr_line' id='line_1_11' title="bbox 377 1366 2651 1465; baseline 0.002 -26"><span class='ocrx_word' id='word_1_82' title='bbox 377 1376 632 1460; x_wconf 84' lang='grc' dir='ltr'><strong><em>ρωτᾶν,</em></strong></span> <span class='ocrx_word' id='word_1_83' title='bbox 676 1375 741 1439; x_wconf 81' lang='grc' dir='ltr'><strong>εἰ</strong></span> <span class='ocrx_word' id='word_1_84' title='bbox 764 1367 849 1439; x_wconf 81' lang='grc' dir='ltr'><strong>οὕ</strong></span> <span class='ocrx_word' id='word_1_85' title='bbox 888 1397 950 1438; x_wconf 90' lang='grc' dir='ltr'><strong>τι</strong></span> <span class='ocrx_word' id='word_1_86' title='bbox 982 1366 1452 1458; x_wconf 79' lang='grc' dir='ltr'><strong><em>ἐπαισχύνεται</em></strong></span> <span class='ocrx_word' id='word_1_87' title='bbox 1479 1385 1652 1440; x_wconf 82' lang='grc' dir='ltr'><strong><em>τοῖσι</em></strong></span> <span class='ocrx_word' id='word_1_88' title='bbox 1691 1378 2069 1458; x_wconf 83' lang='grc' dir='ltr'><strong><em>μαντηΐοισι</em></strong></span> <span class='ocrx_word' id='word_1_89' title='bbox 2102 1368 2416 1465; x_wconf 75' lang='grc' dir='ltr'><strong><em>ἐπαείρας</em></strong></span> <span class='ocrx_word' id='word_1_90' title='bbox 2443 1383 2651 1465; x_wconf 85' lang='grc' dir='ltr'><strong><em>Κροῖ-</em></strong></span> 
     </span>
    </p>
   </div>
   <div class='ocr_carea' id='block_1_4' title="bbox 337 1559 1465 4475">
    <p class='ocr_par' dir='ltr' id='par_1_4' title="bbox 337 1559 1465 4475">
     <span class='ocr_line' id='line_1_12' title="bbox 337 1559 1461 1633; baseline -0.004 -10"><span class='ocrx_word' id='word_1_91' title='bbox 337 1585 342 1590; x_wconf 87' lang='grc'>’</span> <span class='ocrx_word' id='word_1_92' title='bbox 375 1570 562 1623; x_wconf 85' lang='lat' dir='ltr'><strong>dotum</strong></span> <span class='ocrx_word' id='word_1_93' title='bbox 597 1571 652 1632; x_wconf 95' lang='lat' dir='ltr'><strong>I,</strong></span> <span class='ocrx_word' id='word_1_94' title='bbox 688 1569 789 1620; x_wconf 89' lang='lat'><strong>118</strong></span> <span class='ocrx_word' id='word_1_95' title='bbox 826 1573 1008 1620; x_wconf 84' lang='lat' dir='ltr'><strong>exstat</strong></span> <span class='ocrx_word' id='word_1_96' title='bbox 1040 1559 1461 1633; x_wconf 75' lang='grc' dir='ltr'><strong><em>ἐπαλιλλόγητο.</em></strong></span> 
     </span>
     <span class='ocr_line' id='line_1_13' title="bbox 371 1639 1463 1704; baseline -0.005 -10"><span class='ocrx_word' id='word_1_97' title='bbox 371 1641 616 1704; x_wconf 81' lang='lat' dir='ltr'><strong>Longius</strong></span> <span class='ocrx_word' id='word_1_98' title='bbox 649 1639 837 1704; x_wconf 87' lang='lat' dir='ltr'><strong>utique</strong></span> <span class='ocrx_word' id='word_1_99' title='bbox 873 1655 907 1689; x_wconf 91' lang='lat' dir='ltr'><strong>a</strong></span> <span class='ocrx_word' id='word_1_100' title='bbox 936 1639 1195 1689; x_wconf 89' lang='lat' dir='ltr'><strong>librorum</strong></span> <span class='ocrx_word' id='word_1_101' title='bbox 1226 1639 1463 1689; x_wconf 87' lang='lat' dir='ltr'><strong>lectione</strong></span> 
     </span>
     <span class='ocr_line' id='line_1_14' title="bbox 372 1698 1463 1773; baseline -0.005 -11"><span class='ocrx_word' id='word_1_102' title='bbox 372 1710 579 1762; x_wconf 82' lang='lat' dir='ltr'><strong>recedit</strong></span> <span class='ocrx_word' id='word_1_103' title='bbox 621 1698 1050 1773; x_wconf 77' lang='grc' dir='ltr'><strong><em>ἕπαντιλόγησε,</em></strong></span> <span class='ocrx_word' id='word_1_104' title='bbox 1109 1713 1172 1758; x_wconf 90' lang='lat' dir='ltr'><strong>ut</strong></span> <span class='ocrx_word' id='word_1_105' title='bbox 1216 1708 1463 1772; x_wconf 85' lang='lat' dir='ltr'><strong>Heringa</strong></span> 
     </span>
     <span class='ocr_line' id='line_1_15' title="bbox 371 1776 1462 1830; baseline -0.005 0"><span class='ocrx_word' id='word_1_106' title='bbox 371 1779 687 1830; x_wconf 84' lang='lat' dir='ltr'><strong>restitutum</strong></span> <span class='ocrx_word' id='word_1_107' title='bbox 722 1776 960 1829; x_wconf 80' lang='lat' dir='ltr'><strong>volebat.</strong></span> <span class='ocrx_word' id='word_1_108' title='bbox 1021 1776 1344 1828; x_wconf 87' lang='lat' dir='ltr'><strong>Schaeferus</strong></span> <span class='ocrx_word' id='word_1_109' title='bbox 1381 1792 1462 1826; x_wconf 89' lang='lat' dir='ltr'><strong>re-</strong></span> 
     </span>
     <span class='ocr_line' id='line_1_16' title="bbox 373 1838 1461 1913; baseline -0.006 -13"><span class='ocrx_word' id='word_1_110' title='bbox 373 1848 520 1913; x_wconf 90' lang='lat' dir='ltr'><strong>cepit</strong></span> <span class='ocrx_word' id='word_1_111' title='bbox 545 1838 960 1910; x_wconf 75' lang='grc' dir='ltr'><strong><em>ἐπαλιλλόγησε,</em></strong></span> <span class='ocrx_word' id='word_1_112' title='bbox 986 1846 1132 1911; x_wconf 87' lang='lat' dir='ltr'><strong>quod</strong></span> <span class='ocrx_word' id='word_1_113' title='bbox 1156 1846 1321 1895; x_wconf 86' lang='lat' dir='ltr'><strong>etiam</strong></span> <span class='ocrx_word' id='word_1_114' title='bbox 1336 1846 1461 1895; x_wconf 87' lang='lat' dir='ltr'><strong>Phi-</strong></span> 
     </span>
     <span class='ocr_line' id='line_1_17' title="bbox 374 1914 1457 1980; baseline -0.004 -12"><span class='ocrx_word' id='word_1_115' title='bbox 374 1918 514 1969; x_wconf 86' lang='lat' dir='ltr'><strong>lonis</strong></span> <span class='ocrx_word' id='word_1_116' title='bbox 553 1917 672 1966; x_wconf 89' lang='lat' dir='ltr'><strong>loco</strong></span> <span class='ocrx_word' id='word_1_117' title='bbox 710 1914 777 1965; x_wconf 89' lang='lat' dir='ltr'><strong>de</strong></span> <span class='ocrx_word' id='word_1_118' title='bbox 825 1915 1074 1966; x_wconf 82' lang='lat' dir='ltr'><strong>fortitud.</strong></span> <span class='ocrx_word' id='word_1_119' title='bbox 1111 1930 1237 1980; x_wconf 86' lang='lat' dir='ltr'><strong>pag.</strong></span> <span class='ocrx_word' id='word_1_120' title='bbox 1273 1915 1375 1967; x_wconf 87' lang='lat'><strong>738</strong></span> <span class='ocrx_word' id='word_1_121' title='bbox 1408 1916 1457 1964; x_wconf 93' lang='lat' dir='ltr'>D</span> 
     </span>
     <span class='ocr_line' id='line_1_18' title="bbox 374 1984 1460 2052; baseline -0.004 -15"><span class='ocrx_word' id='word_1_122' title='bbox 374 1987 604 2052; x_wconf 87' lang='lat' dir='ltr'><strong>probare</strong></span> <span class='ocrx_word' id='word_1_123' title='bbox 679 1984 966 2035; x_wconf 84' lang='lat' dir='ltr'><strong>studuerat</strong></span> <span class='ocrx_word' id='word_1_124' title='bbox 1047 1984 1460 2049; x_wconf 85' lang='lat' dir='ltr'><strong>Wesselingius.</strong></span> 
     </span>
     <span class='ocr_line' id='line_1_19' title="bbox 373 2053 1462 2119; baseline -0.006 -11"><span class='ocrx_word' id='word_1_125' title='bbox 373 2059 510 2107; x_wconf 83' lang='lat' dir='ltr'><strong>Post</strong></span> <span class='ocrx_word' id='word_1_126' title='bbox 553 2054 812 2119; x_wconf 79' lang='lat' dir='ltr'>vulgatae</span> <span class='ocrx_word' id='word_1_127' title='bbox 864 2053 1115 2104; x_wconf 87' lang='lat' dir='ltr'><strong>lectionis</strong></span> <span class='ocrx_word' id='word_1_128' title='bbox 1166 2055 1462 2104; x_wconf 87' lang='lat' dir='ltr'><strong>acerrimus</strong></span> 
     </span>
     <span class='ocr_line' id='line_1_20' title="bbox 376 2123 1460 2188; baseline -0.004 -12"><span class='ocrx_word' id='word_1_129' title='bbox 376 2125 632 2176; x_wconf 82' lang='lat' dir='ltr'><strong>defensor</strong></span> <span class='ocrx_word' id='word_1_130' title='bbox 667 2123 879 2173; x_wconf 83' lang='lat' dir='ltr'><strong>exstitit</strong></span> <span class='ocrx_word' id='word_1_131' title='bbox 897 2123 1460 2188; x_wconf 79' lang='lat' dir='ltr'><strong>Schweighaeuserus,</strong></span> 
     </span>
     <span class='ocr_line' id='line_1_21' title="bbox 373 2193 1463 2259; baseline -0.003 -15"><span class='ocrx_word' id='word_1_132' title='bbox 373 2193 730 2259; x_wconf 82' lang='lat' dir='ltr'><strong>reprehensus</strong></span> <span class='ocrx_word' id='word_1_133' title='bbox 784 2197 967 2242; x_wconf 86' lang='lat' dir='ltr'><strong>tamen</strong></span> <span class='ocrx_word' id='word_1_134' title='bbox 1024 2207 1057 2241; x_wconf 91' lang='lat' dir='ltr'><strong>a</strong></span> <span class='ocrx_word' id='word_1_135' title='bbox 1123 2207 1345 2242; x_wconf 78' lang='lat' dir='ltr'><strong>censore</strong></span> <span class='ocrx_word' id='word_1_136' title='bbox 1405 2193 1463 2241; x_wconf 91' lang='lat' dir='ltr'><strong>in</strong></span> 
     </span>
     <span class='ocr_line' id='line_1_22' title="bbox 373 2262 1460 2328; baseline -0.004 -14"><span class='ocrx_word' id='word_1_137' title='bbox 373 2263 598 2328; x_wconf 87' lang='lat' dir='ltr'><strong>Ephem.</strong></span> <span class='ocrx_word' id='word_1_138' title='bbox 645 2262 863 2312; x_wconf 84' lang='lat' dir='ltr'><strong>lenens.</strong></span> <span class='ocrx_word' id='word_1_139' title='bbox 901 2262 1054 2313; x_wconf 90' lang='grc'><strong><em>1817.</em></strong></span> <span class='ocrx_word' id='word_1_140' title='bbox 1103 2276 1186 2312; x_wconf 89' lang='lat' dir='ltr'><strong>nr.</strong></span> <span class='ocrx_word' id='word_1_141' title='bbox 1228 2262 1347 2313; x_wconf 83' lang='lat'><strong>165.</strong></span> <span class='ocrx_word' id='word_1_142' title='bbox 1405 2277 1460 2325; x_wconf 92' lang='lat' dir='ltr'><strong>p.</strong></span> 
     </span>
     <span class='ocr_line' id='line_1_23' title="bbox 374 2331 1465 2396; baseline -0.003 -14"><span class='ocrx_word' id='word_1_143' title='bbox 374 2333 472 2384; x_wconf 82' lang='lat'><strong>381</strong></span> <span class='ocrx_word' id='word_1_144' title='bbox 517 2347 632 2396; x_wconf 87' lang='lat' dir='ltr'><strong>seq.</strong></span> <span class='ocrx_word' id='word_1_145' title='bbox 672 2335 727 2380; x_wconf 86' lang='lat' dir='ltr'><strong>et</strong></span> <span class='ocrx_word' id='word_1_146' title='bbox 770 2346 804 2380; x_wconf 91' lang='lat' dir='ltr'><strong>a</strong></span> <span class='ocrx_word' id='word_1_147' title='bbox 849 2331 1127 2381; x_wconf 84' lang='lat' dir='ltr'><strong>Lobeckio</strong></span> <span class='ocrx_word' id='word_1_148' title='bbox 1176 2331 1245 2380; x_wconf 88' lang='lat' dir='ltr'><strong>ad</strong></span> <span class='ocrx_word' id='word_1_149' title='bbox 1294 2331 1465 2394; x_wconf 82' lang='lat' dir='ltr'><strong>Phry-</strong></span> 
     </span>
     <span class='ocr_line' id='line_1_24' title="bbox 372 2398 1462 2466; baseline -0.003 -14"><span class='ocrx_word' id='word_1_150' title='bbox 372 2401 518 2452; x_wconf 86' lang='lat' dir='ltr'><strong>nich.</strong></span> <span class='ocrx_word' id='word_1_151' title='bbox 561 2417 631 2466; x_wconf 60' lang='lat' dir='ltr'><strong>‘p.</strong></span> <span class='ocrx_word' id='word_1_152' title='bbox 685 2398 816 2462; x_wconf 85' lang='lat'><strong>703„</strong></span> <span class='ocrx_word' id='word_1_153' title='bbox 867 2404 929 2450; x_wconf 89' lang='lat' dir='ltr'><strong>ut</strong></span> <span class='ocrx_word' id='word_1_154' title='bbox 975 2399 1068 2465; x_wconf 82' lang='lat' dir='ltr'><strong>qui</strong></span> <span class='ocrx_word' id='word_1_155' title='bbox 1118 2401 1273 2450; x_wconf 81' lang='lat' dir='ltr'><strong>varia</strong></span> <span class='ocrx_word' id='word_1_156' title='bbox 1320 2415 1462 2449; x_wconf 91' lang='lat' dir='ltr'><strong>com-</strong></span> 
     </span>
     <span class='ocr_line' id='line_1_25' title="bbox 373 2468 1459 2534; baseline -0.002 -13"><span class='ocrx_word' id='word_1_157' title='bbox 373 2471 652 2521; x_wconf 76' lang='lat' dir='ltr'><strong>miscuerit</strong></span> <span class='ocrx_word' id='word_1_158' title='bbox 708 2484 1026 2534; x_wconf 79' lang='lat' dir='ltr'><strong>erroresque</strong></span> <span class='ocrx_word' id='word_1_159' title='bbox 1086 2468 1459 2532; x_wconf 80' lang='lat' dir='ltr'><strong>cumulaverit,</strong></span> 
     </span>
     <span class='ocr_line' id='line_1_26' title="bbox 374 2538 1459 2605; baseline -0.003 -14"><span class='ocrx_word' id='word_1_160' title='bbox 374 2556 494 2591; x_wconf 89' lang='lat' dir='ltr'><strong>cum</strong></span> <span class='ocrx_word' id='word_1_161' title='bbox 542 2540 613 2590; x_wconf 88' lang='lat' dir='ltr'><strong>ad</strong></span> <span class='ocrx_word' id='word_1_162' title='bbox 665 2539 949 2605; x_wconf 78' lang='lat' dir='ltr'>vulgatam</span> <span class='ocrx_word' id='word_1_163' title='bbox 993 2538 1251 2588; x_wconf 89' lang='lat' dir='ltr'><strong>tuendam</strong></span> <span class='ocrx_word' id='word_1_164' title='bbox 1298 2539 1459 2588; x_wconf 90' lang='lat' dir='ltr'><strong>modo</strong></span> 
     </span>
     <span class='ocr_line' id='line_1_27' title="bbox 371 2596 1459 2674; baseline -0.004 -14"><span class='ocrx_word' id='word_1_165' title='bbox 371 2596 741 2674; x_wconf 69' lang='grc' dir='ltr'><strong><em>ἔπηγορέύειν</em></strong></span> <span class='ocrx_word' id='word_1_166' title='bbox 777 2613 1068 2673; x_wconf 89' lang='lat' dir='ltr'><strong>componat</strong></span> <span class='ocrx_word' id='word_1_167' title='bbox 1119 2623 1239 2657; x_wconf 91' lang='lat' dir='ltr'><strong>cum</strong></span> <span class='ocrx_word' id='word_1_168' title='bbox 1287 2622 1459 2671; x_wconf 87' lang='grc' dir='ltr'><strong><em>κατη-</em></strong></span> 
     </span>
     <span class='ocr_line' id='line_1_28' title="bbox 371 2677 1458 2743; baseline -0.002 -16"><span class='ocrx_word' id='word_1_169' title='bbox 371 2680 579 2743; x_wconf 83' lang='grc' dir='ltr'><strong><em>λογεῐν,</em></strong></span> <span class='ocrx_word' id='word_1_170' title='bbox 614 2677 775 2728; x_wconf 78' lang='lat' dir='ltr'><strong>modo</strong></span> <span class='ocrx_word' id='word_1_171' title='bbox 827 2679 1166 2742; x_wconf 78' lang='grc' dir='ltr'><strong><em>κατηγορεῖν</em></strong></span> <span class='ocrx_word' id='word_1_172' title='bbox 1214 2692 1311 2741; x_wconf 92' lang='lat' dir='ltr'><strong>pro</strong></span> <span class='ocrx_word' id='word_1_173' title='bbox 1360 2691 1458 2724; x_wconf 81' lang='grc' dir='ltr'><strong>κα·</strong></span> 
     </span>
     <span class='ocr_line' id='line_1_29' title="bbox 369 2745 1459 2814; baseline -0.002 -17"><span class='ocrx_word' id='word_1_174' title='bbox 369 2750 636 2811; x_wconf 72' lang='grc' dir='ltr'><strong><em>ταγορεῐν</em></strong></span> <span class='ocrx_word' id='word_1_175' title='bbox 669 2747 921 2814; x_wconf 84' lang='lat' dir='ltr'><strong>usurpari</strong></span> <span class='ocrx_word' id='word_1_176' title='bbox 968 2745 1282 2796; x_wconf 80' lang='lat' dir='ltr'><strong>contendat.</strong></span> <span class='ocrx_word' id='word_1_177' title='bbox 1344 2746 1459 2796; x_wconf 88' lang='lat' dir='ltr'><strong>Nec</strong></span> 
     </span>
     <span class='ocr_line' id='line_1_30' title="bbox 369 2815 1460 2880; baseline -0.005 -12"><span class='ocrx_word' id='word_1_178' title='bbox 369 2817 503 2868; x_wconf 88' lang='lat' dir='ltr'><strong>mihi</strong></span> <span class='ocrx_word' id='word_1_179' title='bbox 525 2816 1094 2880; x_wconf 80' lang='lat' dir='ltr'><strong>Schweighaeuserum</strong></span> <span class='ocrx_word' id='word_1_180' title='bbox 1120 2815 1460 2865; x_wconf 78' lang='lat' dir='ltr'><strong>satisfecisse</strong></span> 
     </span>
     <span class='ocr_line' id='line_1_31' title="bbox 369 2885 1460 2952; baseline -0.004 -15"><span class='ocrx_word' id='word_1_181' title='bbox 369 2889 604 2952; x_wconf 86' lang='lat' dir='ltr'><strong>ingenue</strong></span> <span class='ocrx_word' id='word_1_182' title='bbox 641 2885 928 2946; x_wconf 80' lang='lat' dir='ltr'><strong>conflte0r3</strong></span> <span class='ocrx_word' id='word_1_183' title='bbox 977 2900 1098 2934; x_wconf 89' lang='lat' dir='ltr'><strong>cum</strong></span> <span class='ocrx_word' id='word_1_184' title='bbox 1148 2885 1460 2935; x_wconf 82' lang='lat' dir='ltr'><strong>Gaisfordio</strong></span> 
     </span>
     <span class='ocr_line' id='line_1_32' title="bbox 371 2953 1463 3019; baseline -0.006 -11"><span class='ocrx_word' id='word_1_185' title='bbox 371 2963 557 3008; x_wconf 84' lang='lat' dir='ltr'><strong>tamen</strong></span> <span class='ocrx_word' id='word_1_186' title='bbox 593 2956 649 3005; x_wconf 89' lang='lat' dir='ltr'><strong>in</strong></span> <span class='ocrx_word' id='word_1_187' title='bbox 686 2954 921 3005; x_wconf 85' lang='lat' dir='ltr'><strong>lectione</strong></span> <span class='ocrx_word' id='word_1_188' title='bbox 966 2953 1193 3018; x_wconf 80' lang='lat' dir='ltr'><strong>vulgata</strong></span> <span class='ocrx_word' id='word_1_189' title='bbox 1240 2954 1463 3019; x_wconf 86' lang='lat' dir='ltr'><strong>adquie-</strong></span> 
     </span>
     <span class='ocr_line' id='line_1_33' title="bbox 372 3021 1464 3086; baseline -0.005 -9"><span class='ocrx_word' id='word_1_190' title='bbox 372 3026 644 3077; x_wconf 88' lang='lat' dir='ltr'><strong>scendum·</strong></span> <span class='ocrx_word' id='word_1_191' title='bbox 674 3025 877 3086; x_wconf 74' lang='lat' dir='ltr'><strong>censui,</strong></span> <span class='ocrx_word' id='word_1_192' title='bbox 897 3024 1043 3073; x_wconf 86' lang='lat' dir='ltr'><strong>-dnm</strong></span> <span class='ocrx_word' id='word_1_193' title='bbox 1079 3021 1309 3076; x_wconf 81' lang='lat' dir='ltr'><strong>meliora,</strong></span> <span class='ocrx_word' id='word_1_194' title='bbox 1337 3022 1464 3073; x_wconf 88' lang='lat' dir='ltr'><strong>edo-</strong></span> 
     </span>
     <span class='ocr_line' id='line_1_34' title="bbox 372 3092 1463 3156; baseline -0.005 -10"><span class='ocrx_word' id='word_1_195' title='bbox 372 3110 515 3147; x_wconf 86' lang='lat' dir='ltr'><strong>cear.</strong></span> <span class='ocrx_word' id='word_1_196' title='bbox 556 3095 784 3144; x_wconf 87' lang='lat' dir='ltr'><strong>Sensum</strong></span> <span class='ocrx_word' id='word_1_197' title='bbox 820 3093 899 3142; x_wconf 86' lang='lat' dir='ltr'><strong>ita</strong></span> <span class='ocrx_word' id='word_1_198' title='bbox 933 3092 1171 3142; x_wconf 82' lang='lat' dir='ltr'><strong>reddidit</strong></span> <span class='ocrx_word' id='word_1_199' title='bbox 1191 3092 1463 3156; x_wconf 79' lang='lat' dir='ltr'><strong>Schweig-</strong></span> 
     </span>
     <span class='ocr_line' id='line_1_35' title="bbox 368 3163 1464 3225; baseline -0.005 -11"><span class='ocrx_word' id='word_1_200' title='bbox 368 3165 590 3214; x_wconf 82' lang='lat' dir='ltr'><strong>haeus.:</strong></span> <span class='ocrx_word' id='word_1_201' title='bbox 635 3166 826 3225; x_wconf 74' lang='lat' dir='ltr'><strong>„alcius</strong></span> <span class='ocrx_word' id='word_1_202' title='bbox 851 3170 1084 3225; x_wconf 72' lang='lat' dir='ltr'><strong>repetens</strong></span> <span class='ocrx_word' id='word_1_203' title='bbox 1107 3163 1325 3212; x_wconf 70' lang='lat' dir='ltr'><strong>Croesus</strong></span> <span class='ocrx_word' id='word_1_204' title='bbox 1345 3176 1464 3211; x_wconf 81' lang='lat' dir='ltr'><strong>con-</strong></span> 
     </span>
     <span class='ocr_line' id='line_1_36' title="bbox 368 3231 1463 3294; baseline -0.004 -11"><span class='ocrx_word' id='word_1_205' title='bbox 368 3236 492 3284; x_wconf 72' lang='lat' dir='ltr'><strong>silia</strong></span> <span class='ocrx_word' id='word_1_206' title='bbox 534 3248 629 3283; x_wconf 68' lang='lat' dir='ltr'><strong>sua</strong></span> <span class='ocrx_word' id='word_1_207' title='bbox 663 3235 823 3282; x_wconf 78' lang='lat' dir='ltr'><strong>omnia</strong></span> <span class='ocrx_word' id='word_1_208' title='bbox 858 3231 1156 3294; x_wconf 61' lang='lat' dir='ltr'><strong>exposuitf‘</strong></span> <span class='ocrx_word' id='word_1_209' title='bbox 1218 3232 1298 3281; x_wconf 83' lang='lat' dir='ltr'><strong>Ac</strong></span> <span class='ocrx_word' id='word_1_210' title='bbox 1329 3245 1463 3279; x_wconf 87' lang='lat' dir='ltr'><strong>sane</strong></span> 
     </span>
     <span class='ocr_line' id='line_1_37' title="bbox 369 3293 1461 3365; baseline -0.005 -13"><span class='ocrx_word' id='word_1_211' title='bbox 369 3302 594 3353; x_wconf 83' lang='lat' dir='ltr'><strong>verbum</strong></span> <span class='ocrx_word' id='word_1_212' title='bbox 640 3293 1042 3365; x_wconf 77' lang='grc' dir='ltr'><strong><em>έπαναλογείν,</em></strong></span> <span class='ocrx_word' id='word_1_213' title='bbox 1093 3299 1254 3350; x_wconf 90' lang='lat' dir='ltr'><strong>modo</strong></span> <span class='ocrx_word' id='word_1_214' title='bbox 1312 3303 1461 3349; x_wconf 83' lang='lat' dir='ltr'><strong>recte</strong></span> 
     </span>
     <span class='ocr_line' id='line_1_38' title="bbox 369 3368 1461 3437; baseline -0.006 -15"><span class='ocrx_word' id='word_1_215' title='bbox 369 3373 422 3423; x_wconf 85' lang='lat' dir='ltr'><strong>h.</strong></span> <span class='ocrx_word' id='word_1_216' title='bbox 464 3372 502 3422; x_wconf 87' lang='lat' dir='ltr'><strong>l.</strong></span> <span class='ocrx_word' id='word_1_217' title='bbox 539 3370 780 3437; x_wconf 80' lang='lat' dir='ltr'><strong>positum</strong></span> <span class='ocrx_word' id='word_1_218' title='bbox 810 3372 900 3433; x_wconf 86' lang='lat' dir='ltr'><strong>sit,</strong></span> <span class='ocrx_word' id='word_1_219' title='bbox 934 3368 1068 3419; x_wconf 91' lang='lat' dir='ltr'><strong>nihil</strong></span> <span class='ocrx_word' id='word_1_220' title='bbox 1106 3369 1258 3419; x_wconf 87' lang='lat' dir='ltr'><strong>aliud</strong></span> <span class='ocrx_word' id='word_1_221' title='bbox 1294 3369 1461 3434; x_wconf 84' lang='lat' dir='ltr'><strong>signi-</strong></span> 
     </span>
     <span class='ocr_line' id='line_1_39' title="bbox 369 3440 1462 3505; baseline -0.007 -12"><span class='ocrx_word' id='word_1_222' title='bbox 369 3442 536 3492; x_wconf 86' lang='lat' dir='ltr'><strong>ficare</strong></span> <span class='ocrx_word' id='word_1_223' title='bbox 570 3440 789 3505; x_wconf 88' lang='lat' dir='ltr'><strong>poterit,</strong></span> <span class='ocrx_word' id='word_1_224' title='bbox 827 3441 934 3490; x_wconf 86' lang='lat' dir='ltr'><strong>nisi</strong></span> <span class='ocrx_word' id='word_1_225' title='bbox 981 3443 1159 3489; x_wconf 80' lang='lat' dir='ltr'><strong>iterum</strong></span> <span class='ocrx_word' id='word_1_226' title='bbox 1203 3453 1462 3500; x_wconf 71' lang='lat' dir='ltr'><strong>exponere</strong></span> 
     </span>
     <span class='ocr_line' id='line_1_40' title="bbox 370 3505 1461 3563; baseline -0.005 -3"><span class='ocrx_word' id='word_1_227' title='bbox 370 3528 418 3563; x_wconf 85' lang='lat' dir='ltr'><strong>s.</strong></span> <span class='ocrx_word' id='word_1_228' title='bbox 493 3525 778 3561; x_wconf 72' lang='lat' dir='ltr'><strong>recensere.</strong></span> <span class='ocrx_word' id='word_1_229' title='bbox 866 3510 1120 3559; x_wconf 87' lang='lat' dir='ltr'><strong>Recentt.</strong></span> <span class='ocrx_word' id='word_1_230' title='bbox 1196 3507 1319 3559; x_wconf 90' lang='lat' dir='ltr'><strong>edd.</strong></span> <span class='ocrx_word' id='word_1_231' title='bbox 1391 3505 1461 3556; x_wconf 89' lang='lat' dir='ltr'><strong>ad</strong></span> 
     </span>
     <span class='ocr_line' id='line_1_41' title="bbox 371 3577 1460 3631; baseline -0.006 0"><span class='ocrx_word' id='word_1_232' title='bbox 371 3580 652 3631; x_wconf 84' lang='lat' dir='ltr'><strong>Schaeferi</strong></span> <span class='ocrx_word' id='word_1_233' title='bbox 701 3578 987 3628; x_wconf 89' lang='lat' dir='ltr'><strong>lectionem</strong></span> <span class='ocrx_word' id='word_1_234' title='bbox 1045 3577 1338 3628; x_wconf 87' lang='lat' dir='ltr'><strong>redierunt.</strong></span> <span class='ocrx_word' id='word_1_235' title='bbox 1390 3605 1460 3615; x_wconf 91' lang='lat'><strong>—-</strong></span> 
     </span>
     <span class='ocr_line' id='line_1_42' title="bbox 369 3642 1459 3698; baseline -0.004 0"><span class='ocrx_word' id='word_1_236' title='bbox 369 3642 641 3698; x_wconf 79' lang='grc' dir='ltr'><strong><em>διάνοιαν</em></strong></span> <span class='ocrx_word' id='word_1_237' title='bbox 713 3663 779 3696; x_wconf 84' lang='lat' dir='ltr'><strong>ex</strong></span> <span class='ocrx_word' id='word_1_238' title='bbox 847 3647 1103 3698; x_wconf 82' lang='lat' dir='ltr'><strong>Bredovii</strong></span> <span class='ocrx_word' id='word_1_239' title='bbox 1186 3646 1459 3696; x_wconf 86' lang='lat' dir='ltr'><strong>sententia</strong></span> 
     </span>
     <span class='ocr_line' id='line_1_43' title="bbox 369 3713 1456 3780; baseline -0.004 -11"><span class='ocrx_word' id='word_1_240' title='bbox 369 3717 810 3770; x_wconf 80' lang='lat' dir='ltr'><strong>commutandum</strong></span> <span class='ocrx_word' id='word_1_241' title='bbox 870 3717 925 3765; x_wconf 91' lang='lat' dir='ltr'><strong>in</strong></span> <span class='ocrx_word' id='word_1_242' title='bbox 982 3713 1279 3780; x_wconf 78' lang='grc' dir='ltr'><strong><em>διανοίην;</em></strong></span> <span class='ocrx_word' id='word_1_243' title='bbox 1343 3714 1456 3764; x_wconf 87' lang='lat' dir='ltr'><strong>vid.</strong></span> 
     </span>
     <span class='ocr_line' id='line_1_44' title="bbox 369 3786 1459 3936; baseline -0.005 -31"><span class='ocrx_word' id='word_1_244' title='bbox 369 3788 735 3936; x_wconf 47' lang='grc' dir='ltr'><strong><em>Ραξαὶητταῖῗ</em></strong></span> <span class='ocrx_word' id='word_1_245' title='bbox 756 3786 1116 3919; x_wconf 52' lang='grc' dir='ltr'><strong><em>ἕὲηιξτηξίων</em></strong></span> <span class='ocrx_word' id='word_1_246' title='bbox 1164 3845 1263 3910; x_wconf 80' lang='grc' dir='ltr'><strong><em>τὰς</em></strong></span> <span class='ocrx_word' id='word_1_247' title='bbox 1313 3843 1459 3933; x_wconf 53' lang='grc' dir='ltr'><strong><em>«Σιπο-</em></strong></span> 
     </span>
     <span class='ocr_line' id='line_1_45' title="bbox 369 3922 1459 3990; baseline -0.005 -15"><span class='ocrx_word' id='word_1_248' title='bbox 369 3924 578 3990; x_wconf 82' lang='grc' dir='ltr'><strong><em>κρίσις]</em></strong></span> <span class='ocrx_word' id='word_1_249' title='bbox 630 3923 933 3988; x_wconf 81' lang='grc' dir='ltr'><strong><em>υποκρίσις</em></strong></span> <span class='ocrx_word' id='word_1_250' title='bbox 975 3940 1073 3988; x_wconf 90' lang='lat' dir='ltr'><strong>pro</strong></span> <span class='ocrx_word' id='word_1_251' title='bbox 1119 3922 1267 3986; x_wconf 71' lang='lat' dir='ltr'><strong>vulg.</strong></span> <span class='ocrx_word' id='word_1_252' title='bbox 1317 3936 1459 3971; x_wconf 81' lang='grc' dir='ltr'><strong><em>υπο-</em></strong></span> 
     </span>
     <span class='ocr_line' id='line_1_46' title="bbox 369 3992 1459 4056; baseline -0.005 -12"><span class='ocrx_word' id='word_1_253' title='bbox 369 3993 595 4056; x_wconf 82' lang='grc' dir='ltr'><strong><em>κρίσιας</em></strong></span> <span class='ocrx_word' id='word_1_254' title='bbox 661 3993 786 4043; x_wconf 87' lang='lat' dir='ltr'><strong>dedi</strong></span> <span class='ocrx_word' id='word_1_255' title='bbox 848 3998 1072 4044; x_wconf 88' lang='lat' dir='ltr'><strong>auctore</strong></span> <span class='ocrx_word' id='word_1_256' title='bbox 1117 3992 1349 4043; x_wconf 71' lang='lat' dir='ltr'><strong>BredoV.</strong></span> <span class='ocrx_word' id='word_1_257' title='bbox 1406 4007 1459 4054; x_wconf 88' lang='lat' dir='ltr'><strong>p.</strong></span> 
     </span>
     <span class='ocr_line' id='line_1_47' title="bbox 371 4059 1457 4127; baseline -0.004 -12"><span class='ocrx_word' id='word_1_258' title='bbox 371 4063 480 4115; x_wconf 82' lang='lat'><strong>269</strong></span> <span class='ocrx_word' id='word_1_259' title='bbox 527 4061 653 4114; x_wconf 86' lang='lat' dir='ltr'><strong>coll.</strong></span> <span class='ocrx_word' id='word_1_260' title='bbox 699 4079 757 4127; x_wconf 88' lang='lat' dir='ltr'><strong>p.</strong></span> <span class='ocrx_word' id='word_1_261' title='bbox 793 4061 881 4113; x_wconf 81' lang='lat'><strong>37.</strong></span> <span class='ocrx_word' id='word_1_262' title='bbox 944 4063 1050 4123; x_wconf 82' lang='lat' dir='ltr'><strong>Qui</strong></span> <span class='ocrx_word' id='word_1_263' title='bbox 1085 4061 1226 4111; x_wconf 85' lang='lat' dir='ltr'><strong>idem</strong></span> <span class='ocrx_word' id='word_1_264' title='bbox 1306 4097 1319 4111; x_wconf 91' lang='lat'><strong>.</strong></span> <span class='ocrx_word' id='word_1_265' title='bbox 1356 4059 1457 4111; x_wconf 85' lang='lat'><strong>193</strong></span> 
     </span>
     <span class='ocr_line' id='line_1_48' title="bbox 369 4126 1460 4199; baseline -0.004 -17"><span class='ocrx_word' id='word_1_266' title='bbox 369 4149 472 4199; x_wconf 87' lang='lat' dir='ltr'><strong>pro</strong></span> <span class='ocrx_word' id='word_1_267' title='bbox 516 4126 790 4194; x_wconf 74' lang='grc' dir='ltr'><strong><em>ἐπαρθεὶς</em></strong></span> <span class='ocrx_word' id='word_1_268' title='bbox 840 4132 1058 4183; x_wconf 81' lang='lat' dir='ltr'><strong>restitui</strong></span> <span class='ocrx_word' id='word_1_269' title='bbox 1100 4130 1219 4181; x_wconf 85' lang='lat' dir='ltr'><strong>vult</strong></span> <span class='ocrx_word' id='word_1_270' title='bbox 1289 4144 1460 4193; x_wconf 86' lang='grc' dir='ltr'><strong><em>παερ-</em></strong></span> 
     </span>
     <span class='ocr_line' id='line_1_49' title="bbox 369 4194 1462 4266; baseline -0.005 -14"><span class='ocrx_word' id='word_1_271' title='bbox 369 4201 518 4258; x_wconf 77' lang='grc' dir='ltr'><strong><em>θείς.</em></strong></span> <span class='ocrx_word' id='word_1_272' title='bbox 548 4231 618 4241; x_wconf 89' lang='grc'><strong>--</strong></span> <span class='ocrx_word' id='word_1_273' title='bbox 643 4201 709 4250; x_wconf 91' lang='lat' dir='ltr'><strong>In</strong></span> <span class='ocrx_word' id='word_1_274' title='bbox 747 4216 898 4266; x_wconf 83' lang='lat' dir='ltr'><strong>seqq.</strong></span> <span class='ocrx_word' id='word_1_275' title='bbox 937 4200 1268 4251; x_wconf 90' lang='lat' dir='ltr'><strong>locutionem</strong></span> <span class='ocrx_word' id='word_1_276' title='bbox 1301 4194 1462 4248; x_wconf 83' lang='grc' dir='ltr'><strong><em>κατέ-</em></strong></span> 
     </span>
     <span class='ocr_line' id='line_1_50' title="bbox 370 4262 1462 4339; baseline -0.002 -21"><span class='ocrx_word' id='word_1_277' title='bbox 370 4269 534 4339; x_wconf 81' lang='grc' dir='ltr'><strong><em>βαινε</em></strong></span> <span class='ocrx_word' id='word_1_278' title='bbox 573 4301 643 4310; x_wconf 90' lang='lat'><strong>--</strong></span> <span class='ocrx_word' id='word_1_279' title='bbox 694 4262 1136 4334; x_wconf 84' lang='grc' dir='ltr'><strong><em>παραιτεόμενος</em></strong></span> <span class='ocrx_word' id='word_1_280' title='bbox 1178 4270 1355 4320; x_wconf 86' lang='lat' dir='ltr'><strong>refero</strong></span> <span class='ocrx_word' id='word_1_281' title='bbox 1391 4266 1462 4317; x_wconf 88' lang='lat' dir='ltr'><strong>ad</strong></span> 
     </span>
     <span class='ocr_line' id='line_1_51' title="bbox 373 4337 1464 4404; baseline -0.005 -13"><span class='ocrx_word' id='word_1_282' title='bbox 373 4356 526 4401; x_wconf 83' lang='lat' dir='ltr'><strong>eam,</strong></span> <span class='ocrx_word' id='word_1_283' title='bbox 572 4354 714 4404; x_wconf 81' lang='lat' dir='ltr'><strong>quae</strong></span> <span class='ocrx_word' id='word_1_284' title='bbox 761 4340 907 4389; x_wconf 85' lang='lat' dir='ltr'><strong>infra</strong></span> <span class='ocrx_word' id='word_1_285' title='bbox 952 4338 1226 4388; x_wconf 81' lang='lat' dir='ltr'><strong>invenitur</strong></span> <span class='ocrx_word' id='word_1_286' title='bbox 1261 4339 1319 4403; x_wconf 95' lang='lat'><strong>1,</strong></span> <span class='ocrx_word' id='word_1_287' title='bbox 1362 4337 1464 4386; x_wconf 84' lang='lat'><strong>122</strong></span> 
     </span>
     <span class='ocr_line' id='line_1_52' title="bbox 368 4400 1462 4475; baseline -0.002 -17"><span class='ocrx_word' id='word_1_288' title='bbox 368 4400 498 4475; x_wconf 77' lang='grc' dir='ltr'><strong>(ἥῒὲ</strong></span> <span class='ocrx_word' id='word_1_289' title='bbox 530 4422 589 4457; x_wconf 89' lang='grc' dir='ltr'><strong>τε</strong></span> <span class='ocrx_word' id='word_1_290' title='bbox 633 4437 706 4448; x_wconf 91' lang='lat'><strong>--</strong></span> <span class='ocrx_word' id='word_1_291' title='bbox 748 4401 975 4472; x_wconf 82' lang='grc' dir='ltr'><strong><em>αἰνέων,</em></strong></span> <span class='ocrx_word' id='word_1_292' title='bbox 1024 4407 1118 4457; x_wconf 90' lang='lat' dir='ltr'><strong>ubi</strong></span> <span class='ocrx_word' id='word_1_293' title='bbox 1161 4407 1274 4457; x_wconf 83' lang='lat' dir='ltr'><strong>vid.</strong></span> <span class='ocrx_word' id='word_1_294' title='bbox 1322 4405 1462 4471; x_wconf 84' lang='lat' dir='ltr'><strong>not.)</strong></span> 
     </span>
    </p>
   </div>
   <div class='ocr_carea' id='block_1_5' title="bbox 1560 1570 2685 4333">
    <p class='ocr_par' dir='ltr' id='par_1_5' title="bbox 1560 1570 2657 2256">
     <span class='ocr_line' id='line_1_53' title="bbox 1569 1570 2657 1640; baseline 0.004 -20"><span class='ocrx_word' id='word_1_295' title='bbox 1569 1570 1793 1636; x_wconf 83' lang='lat' dir='ltr'><strong>eiusque</strong></span> <span class='ocrx_word' id='word_1_296' title='bbox 1829 1572 2049 1622; x_wconf 82' lang='lat' dir='ltr'><strong>similes.</strong></span> <span class='ocrx_word' id='word_1_297' title='bbox 2113 1573 2345 1639; x_wconf 87' lang='lat' dir='ltr'><strong>Propius</strong></span> <span class='ocrx_word' id='word_1_298' title='bbox 2397 1573 2502 1624; x_wconf 90' lang='lat' dir='ltr'><strong>huc</strong></span> <span class='ocrx_word' id='word_1_299' title='bbox 2536 1590 2657 1640; x_wconf 87' lang='lat' dir='ltr'><strong>spe-</strong></span> 
     </span>
     <span class='ocr_line' id='line_1_54' title="bbox 1566 1638 2657 1707; baseline 0.002 -17"><span class='ocrx_word' id='word_1_300' title='bbox 1566 1644 1684 1690; x_wconf 87' lang='lat' dir='ltr'><strong>ctat</strong></span> <span class='ocrx_word' id='word_1_301' title='bbox 1720 1641 1764 1703; x_wconf 91' lang='lat'><strong>1,</strong></span> <span class='ocrx_word' id='word_1_302' title='bbox 1814 1642 1965 1691; x_wconf 79' lang='lat'><strong>118.:</strong></span> <span class='ocrx_word' id='word_1_303' title='bbox 2012 1638 2307 1707; x_wconf 80' lang='grc' dir='ltr'><strong><em>κατέβαινε</em></strong></span> <span class='ocrx_word' id='word_1_304' title='bbox 2357 1640 2561 1707; x_wconf 76' lang='grc' dir='ltr'><strong><em>λέγων,</em></strong></span> <span class='ocrx_word' id='word_1_305' title='bbox 2601 1648 2657 1692; x_wconf 89' lang='lat' dir='ltr'><strong>et</strong></span> 
     </span>
     <span class='ocr_line' id='line_1_55' title="bbox 1569 1702 2655 1774; baseline 0.001 -15"><span class='ocrx_word' id='word_1_306' title='bbox 1569 1710 1615 1771; x_wconf 87' lang='lat'><strong>1,</strong></span> <span class='ocrx_word' id='word_1_307' title='bbox 1668 1710 1820 1761; x_wconf 78' lang='lat'><strong>116.:</strong></span> <span class='ocrx_word' id='word_1_308' title='bbox 1877 1706 2171 1774; x_wconf 76' lang='grc' dir='ltr'><strong><em>κατέβαινε</em></strong></span> <span class='ocrx_word' id='word_1_309' title='bbox 2231 1702 2285 1767; x_wconf 73' lang='grc' dir='ltr'><strong>ἐς</strong></span> <span class='ocrx_word' id='word_1_310' title='bbox 2347 1704 2501 1768; x_wconf 82' lang='grc' dir='ltr'><strong><em>λιτὰς</em></strong></span> <span class='ocrx_word' id='word_1_311' title='bbox 2557 1708 2655 1760; x_wconf 78' lang='grc' dir='ltr'><strong>καὶ</strong></span> 
     </span>
     <span class='ocr_line' id='line_1_56' title="bbox 1566 1769 2654 1844; baseline 0.001 -17"><span class='ocrx_word' id='word_1_312' title='bbox 1566 1770 1905 1842; x_wconf 73' lang='grc' dir='ltr'><strong><em>συγγνώμην</em></strong></span> <span class='ocrx_word' id='word_1_313' title='bbox 1951 1769 2142 1843; x_wconf 73' lang='grc' dir='ltr'><strong><em>ἑωυτῷ</em></strong></span> <span class='ocrx_word' id='word_1_314' title='bbox 2193 1772 2440 1828; x_wconf 76' lang='grc' dir='ltr'><strong><em>κελεύων</em></strong></span> <span class='ocrx_word' id='word_1_315' title='bbox 2489 1775 2654 1844; x_wconf 76' lang='grc' dir='ltr'><strong><em>ἔχειν.</em></strong></span> 
     </span>
     <span class='ocr_line' id='line_1_57' title="bbox 1565 1846 2649 1912; baseline 0.001 -15"><span class='ocrx_word' id='word_1_316' title='bbox 1565 1846 1707 1897; x_wconf 86' lang='lat' dir='ltr'><strong>Add.</strong></span> <span class='ocrx_word' id='word_1_317' title='bbox 1744 1848 1849 1910; x_wconf 94' lang='lat'><strong>111,</strong></span> <span class='ocrx_word' id='word_1_318' title='bbox 1869 1849 1956 1898; x_wconf 83' lang='lat'><strong>75.</strong></span> <span class='ocrx_word' id='word_1_319' title='bbox 1983 1848 2082 1908; x_wconf 82' lang='lat' dir='ltr'><strong>lx,</strong></span> <span class='ocrx_word' id='word_1_320' title='bbox 2102 1846 2190 1899; x_wconf 83' lang='lat'><strong>94.</strong></span> <span class='ocrx_word' id='word_1_321' title='bbox 2226 1849 2371 1898; x_wconf 89' lang='lat' dir='ltr'><strong>Hinc</strong></span> <span class='ocrx_word' id='word_1_322' title='bbox 2398 1849 2649 1912; x_wconf 80' lang='lat' dir='ltr'><strong>Schwgh.</strong></span> 
     </span>
     <span class='ocr_line' id='line_1_58' title="bbox 1562 1917 2655 1980; baseline 0.002 -15"><span class='ocrx_word' id='word_1_323' title='bbox 1562 1921 1752 1966; x_wconf 84' lang='lat' dir='ltr'><strong>nostro</strong></span> <span class='ocrx_word' id='word_1_324' title='bbox 1775 1917 1830 1965; x_wconf 91' lang='lat' dir='ltr'><strong>in</strong></span> <span class='ocrx_word' id='word_1_325' title='bbox 1856 1917 1977 1966; x_wconf 91' lang='lat' dir='ltr'><strong>loco</strong></span> <span class='ocrx_word' id='word_1_326' title='bbox 2002 1917 2192 1966; x_wconf 80' lang='lat' dir='ltr'><strong>vertit:</strong></span> <span class='ocrx_word' id='word_1_327' title='bbox 2229 1932 2410 1967; x_wconf 73' lang='lat' dir='ltr'><strong>rursus</strong></span> <span class='ocrx_word' id='word_1_328' title='bbox 2431 1919 2504 1966; x_wconf 87' lang='lat' dir='ltr'><strong>ad</strong></span> <span class='ocrx_word' id='word_1_329' title='bbox 2532 1934 2655 1980; x_wconf 82' lang='lat' dir='ltr'><strong>pre-</strong></span> 
     </span>
     <span class='ocr_line' id='line_1_59' title="bbox 1564 1983 2655 2053; baseline 0.001 -19"><span class='ocrx_word' id='word_1_330' title='bbox 1564 2003 1648 2035; x_wconf 76' lang='lat' dir='ltr'><strong>ces</strong></span> <span class='ocrx_word' id='word_1_331' title='bbox 1680 2000 1737 2034; x_wconf 78' lang='lat' dir='ltr'><strong>se</strong></span> <span class='ocrx_word' id='word_1_332' title='bbox 1767 1988 2024 2046; x_wconf 80' lang='lat' dir='ltr'><strong>convertit,</strong></span> <span class='ocrx_word' id='word_1_333' title='bbox 2052 2000 2174 2036; x_wconf 89' lang='lat' dir='ltr'><strong>cum</strong></span> <span class='ocrx_word' id='word_1_334' title='bbox 2208 1983 2573 2053; x_wconf 83' lang='grc' dir='ltr'><strong><em>καταβαίνειν</em></strong></span> <span class='ocrx_word' id='word_1_335' title='bbox 2600 1988 2655 2035; x_wconf 91' lang='lat' dir='ltr'><strong>in</strong></span> 
     </span>
     <span class='ocr_line' id='line_1_60' title="bbox 1566 2055 2652 2123; baseline 0 -18"><span class='ocrx_word' id='word_1_336' title='bbox 1566 2055 1813 2105; x_wconf 90' lang='lat' dir='ltr'><strong>oratione</strong></span> <span class='ocrx_word' id='word_1_337' title='bbox 1848 2056 1946 2104; x_wconf 84' lang='lat' dir='ltr'><strong>sit:</strong></span> <span class='ocrx_word' id='word_1_338' title='bbox 1981 2055 2228 2118; x_wconf 66' lang='lat' dir='ltr'><strong>prom-edi</strong></span> <span class='ocrx_word' id='word_1_339' title='bbox 2257 2055 2652 2123; x_wconf 81' lang='lat' dir='ltr'><strong>(descendere),</strong></span> 
     </span>
     <span class='ocr_line' id='line_1_61' title="bbox 1560 2126 2654 2190; baseline 0 -16"><span class='ocrx_word' id='word_1_340' title='bbox 1560 2139 1796 2189; x_wconf 72' lang='lat' dir='ltr'><strong>peryere,</strong></span> <span class='ocrx_word' id='word_1_341' title='bbox 1833 2132 2124 2174; x_wconf 76' lang='lat' dir='ltr'><strong>convertere</strong></span> <span class='ocrx_word' id='word_1_342' title='bbox 2156 2141 2213 2176; x_wconf 78' lang='lat' dir='ltr'><strong>se</strong></span> <span class='ocrx_word' id='word_1_343' title='bbox 2241 2127 2314 2176; x_wconf 83' lang='lat' dir='ltr'><strong>ad</strong></span> <span class='ocrx_word' id='word_1_344' title='bbox 2346 2126 2493 2176; x_wconf 75' lang='lat' dir='ltr'><strong>aliud</strong></span> <span class='ocrx_word' id='word_1_345' title='bbox 2510 2126 2654 2190; x_wconf 78' lang='lat' dir='ltr'><strong>quid-</strong></span> 
     </span>
     <span class='ocr_line' id='line_1_62' title="bbox 1565 2194 2085 2256; baseline 0.008 -13"><span class='ocrx_word' id='word_1_346' title='bbox 1565 2195 1679 2243; x_wconf 81' lang='lat' dir='ltr'><strong>dam</strong></span> <span class='ocrx_word' id='word_1_347' title='bbox 1708 2194 2085 2256; x_wconf 77' lang='lat' dir='ltr'><strong>proferendum.</strong></span> 
     </span>
    </p>

    <p class='ocr_par' dir='ltr' id='par_1_6' title="bbox 1560 2251 2685 4333">
     <span class='ocr_line' id='line_1_63' title="bbox 1635 2251 2653 2331; baseline -0.001 -21"><span class='ocrx_word' id='word_1_348' title='bbox 1635 2254 1862 2311; x_wconf 74' lang='grc' dir='ltr'><strong><em>ἔπείναί</em></strong></span> <span class='ocrx_word' id='word_1_349' title='bbox 1895 2256 1955 2311; x_wconf 81' lang='grc' dir='ltr'><strong>οἷ</strong></span> <span class='ocrx_word' id='word_1_350' title='bbox 1984 2260 2063 2331; x_wconf 83' lang='grc' dir='ltr'><strong><em>τῷ</em></strong></span> <span class='ocrx_word' id='word_1_351' title='bbox 2089 2260 2212 2330; x_wconf 73' lang='grc' dir='ltr'><strong><em>θεῷ</em></strong></span> <span class='ocrx_word' id='word_1_352' title='bbox 2248 2252 2469 2310; x_wconf 80' lang='grc' dir='ltr'><strong><em>τούτων</em></strong></span> <span class='ocrx_word' id='word_1_353' title='bbox 2507 2251 2653 2311; x_wconf 84' lang='grc' dir='ltr'><strong><em>ὀνει-</em></strong></span> 
     </span>
     <span class='ocr_line' id='line_1_64' title="bbox 1564 2328 2652 2396; baseline 0.001 -17"><span class='ocrx_word' id='word_1_354' title='bbox 1564 2328 1742 2396; x_wconf 86' lang='grc' dir='ltr'><strong><em>δίσαι]</em></strong></span> <span class='ocrx_word' id='word_1_355' title='bbox 1779 2332 1818 2382; x_wconf 86' lang='lat' dir='ltr'><strong>i.</strong></span> <span class='ocrx_word' id='word_1_356' title='bbox 1856 2348 1903 2382; x_wconf 89' lang='lat' dir='ltr'><strong>e.</strong></span> <span class='ocrx_word' id='word_1_357' title='bbox 1941 2341 1995 2382; x_wconf 81' lang='lat' dir='ltr'><strong>ut</strong></span> <span class='ocrx_word' id='word_1_358' title='bbox 2035 2334 2134 2387; x_wconf 74' lang='lat' dir='ltr'><strong>sibi</strong></span> <span class='ocrx_word' id='word_1_359' title='bbox 2178 2333 2361 2382; x_wconf 79' lang='lat' dir='ltr'><strong>liceret</strong></span> <span class='ocrx_word' id='word_1_360' title='bbox 2406 2334 2505 2382; x_wconf 73' lang='lat' dir='ltr'><strong>ista</strong></span> <span class='ocrx_word' id='word_1_361' title='bbox 2557 2333 2652 2380; x_wconf 84' lang='lat' dir='ltr'><strong>deo</strong></span> 
     </span>
     <span class='ocr_line' id='line_1_65' title="bbox 1562 2400 2685 2468; baseline -0.002 -17"><span class='ocrx_word' id='word_1_362' title='bbox 1562 2401 1905 2464; x_wconf 75' lang='lat' dir='ltr'><strong>exprobrare.</strong></span> <span class='ocrx_word' id='word_1_363' title='bbox 1956 2403 2021 2453; x_wconf 89' lang='lat' dir='ltr'><strong>In</strong></span> <span class='ocrx_word' id='word_1_364' title='bbox 2073 2418 2226 2468; x_wconf 87' lang='lat' dir='ltr'><strong>seqq.</strong></span> <span class='ocrx_word' id='word_1_365' title='bbox 2274 2400 2387 2451; x_wconf 89' lang='lat' dir='ltr'><strong>noli</strong></span> <span class='ocrx_word' id='word_1_366' title='bbox 2429 2400 2685 2454; x_wconf 62' lang='lat' dir='ltr'><strong>haerere,</strong></span> 
     </span>
     <span class='ocr_line' id='line_1_66' title="bbox 1561 2461 2652 2542; baseline -0.003 -22"><span class='ocrx_word' id='word_1_367' title='bbox 1561 2471 1619 2520; x_wconf 89' lang='lat' dir='ltr'><strong>in</strong></span> <span class='ocrx_word' id='word_1_368' title='bbox 1652 2471 1858 2521; x_wconf 79' lang='lat' dir='ltr'><strong>verbis:</strong></span> <span class='ocrx_word' id='word_1_369' title='bbox 1897 2464 2142 2536; x_wconf 73' lang='grc' dir='ltr'><strong><em>εἰρωτᾶν</em></strong></span> <span class='ocrx_word' id='word_1_370' title='bbox 2178 2464 2233 2542; x_wconf 68' lang='grc' dir='ltr'><strong><em>εἰ</em></strong></span> <span class='ocrx_word' id='word_1_371' title='bbox 2265 2461 2343 2519; x_wconf 79' lang='grc' dir='ltr'><strong>οὔ</strong></span> <span class='ocrx_word' id='word_1_372' title='bbox 2392 2484 2442 2516; x_wconf 86' lang='grc' dir='ltr'><strong>τι</strong></span> <span class='ocrx_word' id='word_1_373' title='bbox 2494 2463 2652 2518; x_wconf 74' lang='grc' dir='ltr'><strong><em>ἐπαι-</em></strong></span> 
     </span>
     <span class='ocr_line' id='line_1_67' title="bbox 1563 2531 2651 2604; baseline -0.002 -16"><span class='ocrx_word' id='word_1_374' title='bbox 1563 2531 1856 2604; x_wconf 81' lang='grc' dir='ltr'><strong><em>σχύνεται,</em></strong></span> <span class='ocrx_word' id='word_1_375' title='bbox 1910 2541 2004 2590; x_wconf 89' lang='lat' dir='ltr'><strong>ubi</strong></span> <span class='ocrx_word' id='word_1_376' title='bbox 2053 2533 2123 2590; x_wconf 78' lang='grc' dir='ltr'><strong>οὗ</strong></span> <span class='ocrx_word' id='word_1_377' title='bbox 2166 2539 2346 2589; x_wconf 88' lang='lat' dir='ltr'><strong>locum</strong></span> <span class='ocrx_word' id='word_1_378' title='bbox 2392 2538 2559 2587; x_wconf 89' lang='lat' dir='ltr'><strong>habet</strong></span> <span class='ocrx_word' id='word_1_379' title='bbox 2596 2538 2651 2586; x_wconf 91' lang='lat' dir='ltr'><strong>in</strong></span> 
     </span>
     <span class='ocr_line' id='line_1_68' title="bbox 1561 2607 2655 2675; baseline -0.005 -16"><span class='ocrx_word' id='word_1_380' title='bbox 1561 2607 1784 2672; x_wconf 88' lang='lat' dir='ltr'><strong>obliqua</strong></span> <span class='ocrx_word' id='word_1_381' title='bbox 1808 2609 2252 2675; x_wconf 80' lang='lat' dir='ltr'><strong>interrogatione.</strong></span> <span class='ocrx_word' id='word_1_382' title='bbox 2293 2608 2509 2657; x_wconf 83' lang='lat' dir='ltr'><strong>Monuit</strong></span> <span class='ocrx_word' id='word_1_383' title='bbox 2531 2607 2655 2656; x_wconf 85' lang='lat' dir='ltr'><strong>Sin-</strong></span> 
     </span>
     <span class='ocr_line' id='line_1_69' title="bbox 1560 2674 2652 2744; baseline -0.005 -17"><span class='ocrx_word' id='word_1_384' title='bbox 1560 2677 1702 2727; x_wconf 83' lang='lat' dir='ltr'><strong>tenis</strong></span> <span class='ocrx_word' id='word_1_385' title='bbox 1739 2678 1808 2727; x_wconf 84' lang='lat' dir='ltr'><strong>ad</strong></span> <span class='ocrx_word' id='word_1_386' title='bbox 1843 2677 2022 2728; x_wconf 90' lang='lat' dir='ltr'><strong>locum</strong></span> <span class='ocrx_word' id='word_1_387' title='bbox 2057 2692 2277 2744; x_wconf 84' lang='lat' dir='ltr'><strong>prorsus</strong></span> <span class='ocrx_word' id='word_1_388' title='bbox 2323 2674 2553 2724; x_wconf 85' lang='lat' dir='ltr'><strong>similem</strong></span> <span class='ocrx_word' id='word_1_389' title='bbox 2595 2676 2652 2723; x_wconf 90' lang='lat' dir='ltr'><strong>in</strong></span> 
     </span>
     <span class='ocr_line' id='line_1_70' title="bbox 1560 2743 2648 2811; baseline -0.004 -14"><span class='ocrx_word' id='word_1_390' title='bbox 1560 2746 1842 2798; x_wconf 82' lang='lat' dir='ltr'><strong>Plutarchi</strong></span> <span class='ocrx_word' id='word_1_391' title='bbox 1888 2747 2084 2798; x_wconf 88' lang='lat' dir='ltr'><strong>Pericl.</strong></span> <span class='ocrx_word' id='word_1_392' title='bbox 2134 2762 2255 2811; x_wconf 86' lang='lat' dir='ltr'><strong>cap.</strong></span> <span class='ocrx_word' id='word_1_393' title='bbox 2306 2745 2354 2806; x_wconf 89' lang='lat' dir='ltr'><strong>l,</strong></span> <span class='ocrx_word' id='word_1_394' title='bbox 2404 2743 2495 2794; x_wconf 90' lang='lat' dir='ltr'><strong>ubi</strong></span> <span class='ocrx_word' id='word_1_395' title='bbox 2533 2743 2648 2793; x_wconf 82' lang='lat' dir='ltr'><strong>vid.</strong></span> 
     </span>
     <span class='ocr_line' id='line_1_71' title="bbox 1563 2814 2652 2881; baseline -0.005 -15"><span class='ocrx_word' id='word_1_396' title='bbox 1563 2820 1702 2867; x_wconf 86' lang='lat' dir='ltr'><strong>nott.</strong></span> <span class='ocrx_word' id='word_1_397' title='bbox 1744 2832 1796 2881; x_wconf 89' lang='lat' dir='ltr'><strong>p.</strong></span> <span class='ocrx_word' id='word_1_398' title='bbox 1839 2817 1926 2867; x_wconf 78' lang='lat'><strong>54.</strong></span> <span class='ocrx_word' id='word_1_399' title='bbox 1983 2818 2058 2867; x_wconf 88' lang='lat' dir='ltr'><strong>Et</strong></span> <span class='ocrx_word' id='word_1_400' title='bbox 2105 2816 2249 2866; x_wconf 86' lang='lat' dir='ltr'><strong>conf.</strong></span> <span class='ocrx_word' id='word_1_401' title='bbox 2291 2829 2508 2879; x_wconf 89' lang='lat' dir='ltr'><strong>quoque</strong></span> <span class='ocrx_word' id='word_1_402' title='bbox 2542 2814 2652 2862; x_wconf 88' lang='lat' dir='ltr'><strong>He-</strong></span> 
     </span>
     <span class='ocr_line' id='line_1_72' title="bbox 1563 2881 2654 2951; baseline -0.005 -15"><span class='ocrx_word' id='word_1_403' title='bbox 1563 2885 1681 2936; x_wconf 88' lang='lat' dir='ltr'><strong>rod.</strong></span> <span class='ocrx_word' id='word_1_404' title='bbox 1738 2885 1842 2949; x_wconf 82' lang='lat' dir='ltr'><strong>VI,</strong></span> <span class='ocrx_word' id='word_1_405' title='bbox 1893 2884 1928 2934; x_wconf 82' lang='lat'>9</span> <span class='ocrx_word' id='word_1_406' title='bbox 1982 2886 2166 2951; x_wconf 91' lang='lat' dir='ltr'><strong>ibique</strong></span> <span class='ocrx_word' id='word_1_407' title='bbox 2223 2888 2365 2934; x_wconf 85' lang='lat' dir='ltr'><strong>nott.</strong></span> <span class='ocrx_word' id='word_1_408' title='bbox 2431 2913 2501 2922; x_wconf 90' lang='lat'>—</span> <span class='ocrx_word' id='word_1_409' title='bbox 2567 2881 2654 2931; x_wconf 86' lang='lat' dir='ltr'><strong>Ad</strong></span> 
     </span>
     <span class='ocr_line' id='line_1_73' title="bbox 1565 2944 2651 3018; baseline -0.004 -14"><span class='ocrx_word' id='word_1_410' title='bbox 1565 2945 1830 3017; x_wconf 73' lang='grc' dir='ltr'><strong><em>ἐπαείρας</em></strong></span> <span class='ocrx_word' id='word_1_411' title='bbox 1867 2955 1941 3006; x_wconf 84' lang='lat' dir='ltr'><strong>cf.</strong></span> <span class='ocrx_word' id='word_1_412' title='bbox 1987 2955 2033 3018; x_wconf 88' lang='lat'><strong>1,</strong></span> <span class='ocrx_word' id='word_1_413' title='bbox 2080 2956 2166 3006; x_wconf 85' lang='grc'><strong>87.</strong></span> <span class='ocrx_word' id='word_1_414' title='bbox 2228 2945 2333 3003; x_wconf 85' lang='grc' dir='ltr'><strong>τὸν</strong></span> <span class='ocrx_word' id='word_1_415' title='bbox 2372 2944 2556 3001; x_wconf 78' lang='grc' dir='ltr'><strong><em>οὐδὸν</em></strong></span> <span class='ocrx_word' id='word_1_416' title='bbox 2592 2954 2651 3001; x_wconf 82' lang='grc' dir='ltr'><strong>Ιί-</strong></span> 
     </span>
     <span class='ocr_line' id='line_1_74' title="bbox 1563 3021 2648 3089; baseline -0.003 -15"><span class='ocrx_word' id='word_1_417' title='bbox 1563 3040 1669 3074; x_wconf 82' lang='lat' dir='ltr'><strong>men</strong></span> <span class='ocrx_word' id='word_1_418' title='bbox 1706 3025 1907 3074; x_wconf 84' lang='lat' dir='ltr'><strong>Noster</strong></span> <span class='ocrx_word' id='word_1_419' title='bbox 1940 3025 2098 3089; x_wconf 82' lang='lat' dir='ltr'><strong>dixit,</strong></span> <span class='ocrx_word' id='word_1_420' title='bbox 2134 3028 2197 3073; x_wconf 88' lang='lat' dir='ltr'><strong>ut</strong></span> <span class='ocrx_word' id='word_1_421' title='bbox 2226 3023 2330 3084; x_wconf 90' lang='lat'><strong>111,</strong></span> <span class='ocrx_word' id='word_1_422' title='bbox 2354 3023 2440 3074; x_wconf 80' lang='lat'><strong>14.</strong></span> <span class='ocrx_word' id='word_1_423' title='bbox 2482 3021 2648 3071; x_wconf 87' lang='lat' dir='ltr'><strong>Conf.</strong></span> 
     </span>
     <span class='ocr_line' id='line_1_75' title="bbox 1564 3084 2657 3158; baseline -0.005 -14"><span class='ocrx_word' id='word_1_424' title='bbox 1564 3093 1798 3144; x_wconf 71' lang='lat' dir='ltr'><strong>BredOV.</strong></span> <span class='ocrx_word' id='word_1_425' title='bbox 1847 3110 1901 3158; x_wconf 86' lang='lat' dir='ltr'><strong>p.</strong></span> <span class='ocrx_word' id='word_1_426' title='bbox 1955 3094 2072 3146; x_wconf 83' lang='lat'><strong>166.</strong></span> <span class='ocrx_word' id='word_1_427' title='bbox 2121 3124 2190 3134; x_wconf 90' lang='lat'>—</span> <span class='ocrx_word' id='word_1_428' title='bbox 2251 3092 2335 3144; x_wconf 88' lang='lat' dir='ltr'><strong>Ad</strong></span> <span class='ocrx_word' id='word_1_429' title='bbox 2380 3092 2550 3142; x_wconf 80' lang='lat' dir='ltr'><strong>verba</strong></span> <span class='ocrx_word' id='word_1_430' title='bbox 2602 3084 2657 3139; x_wconf 81' lang='grc' dir='ltr'><strong>εἰ</strong></span> 
     </span>
     <span class='ocr_line' id='line_1_76' title="bbox 1566 3151 2651 3227; baseline -0.004 -16"><span class='ocrx_word' id='word_1_431' title='bbox 1566 3153 1920 3227; x_wconf 77' lang='grc' dir='ltr'><strong><em>ἀχαρίστοισι</em></strong></span> <span class='ocrx_word' id='word_1_432' title='bbox 1958 3156 2134 3226; x_wconf 83' lang='grc' dir='ltr'><strong><em>νόμος</em></strong></span> <span class='ocrx_word' id='word_1_433' title='bbox 2171 3153 2319 3212; x_wconf 81' lang='grc' dir='ltr'><strong><em>εἶναι</em></strong></span> <span class='ocrx_word' id='word_1_434' title='bbox 2356 3164 2503 3211; x_wconf 76' lang='grc' dir='ltr'><strong><em>τοῖσι</em></strong></span> <span class='ocrx_word' id='word_1_435' title='bbox 2526 3151 2651 3208; x_wconf 81' lang='grc' dir='ltr'><strong><em>Ἑλ-</em></strong></span> 
     </span>
     <span class='ocr_line' id='line_1_77' title="bbox 1561 3230 2652 3296; baseline -0.001 -17"><span class='ocrx_word' id='word_1_436' title='bbox 1561 3231 1845 3296; x_wconf 79' lang='grc' dir='ltr'><strong><em>ληνικοῖσι</em></strong></span> <span class='ocrx_word' id='word_1_437' title='bbox 1902 3230 2095 3282; x_wconf 74' lang='grc' dir='ltr'><strong><em>θεοῖσι</em></strong></span> <span class='ocrx_word' id='word_1_438' title='bbox 2152 3231 2376 3282; x_wconf 82' lang='lat' dir='ltr'><strong>consule</strong></span> <span class='ocrx_word' id='word_1_439' title='bbox 2429 3234 2652 3295; x_wconf 87' lang='lat' dir='ltr'><strong>propter</strong></span> 
     </span>
     <span class='ocr_line' id='line_1_78' title="bbox 1564 3300 2649 3368; baseline -0.004 -18"><span class='ocrx_word' id='word_1_440' title='bbox 1564 3300 1832 3367; x_wconf 84' lang='lat' dir='ltr'><strong>duplicem</strong></span> <span class='ocrx_word' id='word_1_441' title='bbox 1869 3301 2110 3352; x_wconf 82' lang='lat' dir='ltr'><strong>dativum</strong></span> <span class='ocrx_word' id='word_1_442' title='bbox 2146 3307 2362 3368; x_wconf 90' lang='lat' dir='ltr'><strong>praeter</strong></span> <span class='ocrx_word' id='word_1_443' title='bbox 2390 3315 2474 3360; x_wconf 92' lang='lat' dir='ltr'><strong>ea,</strong></span> <span class='ocrx_word' id='word_1_444' title='bbox 2509 3313 2649 3363; x_wconf 87' lang='lat' dir='ltr'><strong>quae</strong></span> 
     </span>
     <span class='ocr_line' id='line_1_79' title="bbox 1564 3367 2647 3434; baseline -0.004 -15"><span class='ocrx_word' id='word_1_445' title='bbox 1564 3369 1956 3434; x_wconf 84' lang='lat' dir='ltr'><strong>Wesselingius</strong></span> <span class='ocrx_word' id='word_1_446' title='bbox 1991 3375 2194 3432; x_wconf 86' lang='lat' dir='ltr'><strong>monet,</strong></span> <span class='ocrx_word' id='word_1_447' title='bbox 2227 3368 2424 3419; x_wconf 87' lang='lat' dir='ltr'><strong>Matth.</strong></span> <span class='ocrx_word' id='word_1_448' title='bbox 2446 3371 2496 3429; x_wconf 78' lang='lat'><strong>§.</strong></span> <span class='ocrx_word' id='word_1_449' title='bbox 2526 3367 2647 3417; x_wconf 79' lang='lat'><strong>536.</strong></span> 
     </span>
     <span class='ocr_line' id='line_1_80' title="bbox 1563 3438 2649 3514; baseline -0.006 -25"><span class='ocrx_word' id='word_1_450' title='bbox 1563 3456 1690 3504; x_wconf 84' lang='lat' dir='ltr'><strong>pag.</strong></span> <span class='ocrx_word' id='word_1_451' title='bbox 1733 3439 1885 3490; x_wconf 79' lang='lat'><strong>1‹·53.</strong></span> <span class='ocrx_word' id='word_1_452' title='bbox 1938 3440 2203 3489; x_wconf 82' lang='lat' dir='ltr'><strong>Infinitivi</strong></span> <span class='ocrx_word' id='word_1_453' title='bbox 2246 3453 2379 3487; x_wconf 85' lang='lat' dir='ltr'><strong>usus</strong></span> <span class='ocrx_word' id='word_1_454' title='bbox 2425 3438 2481 3484; x_wconf 88' lang='lat' dir='ltr'><strong>in</strong></span> <span class='ocrx_word' id='word_1_455' title='bbox 2531 3450 2649 3514; x_wconf 55' lang='lat' dir='ltr'><strong>ora:</strong></span> 
     </span>
     <span class='ocr_line' id='line_1_81' title="bbox 1562 3506 2656 3573; baseline -0.006 -16"><span class='ocrx_word' id='word_1_456' title='bbox 1562 3511 1712 3558; x_wconf 82' lang='lat' dir='ltr'><strong>tione</strong></span> <span class='ocrx_word' id='word_1_457' title='bbox 1747 3508 2016 3558; x_wconf 85' lang='lat' dir='ltr'><strong>indirecta</strong></span> <span class='ocrx_word' id='word_1_458' title='bbox 2053 3508 2139 3573; x_wconf 89' lang='lat' dir='ltr'><strong>(ut</strong></span> <span class='ocrx_word' id='word_1_459' title='bbox 2177 3506 2339 3571; x_wconf 87' lang='lat' dir='ltr'><strong>paulo</strong></span> <span class='ocrx_word' id='word_1_460' title='bbox 2373 3510 2528 3553; x_wconf 89' lang='lat' dir='ltr'><strong>ante:</strong></span> <span class='ocrx_word' id='word_1_461' title='bbox 2554 3509 2656 3551; x_wconf 84' lang='grc' dir='ltr'><strong><em>απ’</em></strong></span> 
     </span>
     <span class='ocr_line' id='line_1_82' title="bbox 1561 3565 2651 3642; baseline -0.006 -17"><span class='ocrx_word' id='word_1_462' title='bbox 1561 3565 1631 3642; x_wconf 83' lang='grc' dir='ltr'><strong>ἧς</strong></span> <span class='ocrx_word' id='word_1_463' title='bbox 1670 3570 1731 3625; x_wconf 84' lang='grc' dir='ltr'><strong>οἷ</strong></span> <span class='ocrx_word' id='word_1_464' title='bbox 1761 3567 2073 3640; x_wconf 74' lang='grc' dir='ltr'><strong><em>ἀκροθίνια</em></strong></span> <span class='ocrx_word' id='word_1_465' title='bbox 2096 3573 2333 3625; x_wconf 82' lang='grc' dir='ltr'><strong><em>τοιαῦτα</em></strong></span> <span class='ocrx_word' id='word_1_466' title='bbox 2359 3568 2651 3636; x_wconf 78' lang='grc' dir='ltr'><strong><em>γενέσθαι)</em></strong></span> 
     </span>
     <span class='ocr_line' id='line_1_83' title="bbox 1562 3644 2652 3712; baseline -0.005 -17"><span class='ocrx_word' id='word_1_467' title='bbox 1562 3646 1699 3695; x_wconf 85' lang='lat' dir='ltr'><strong>satis</strong></span> <span class='ocrx_word' id='word_1_468' title='bbox 1735 3649 1924 3707; x_wconf 88' lang='lat' dir='ltr'><strong>notus,</strong></span> <span class='ocrx_word' id='word_1_469' title='bbox 1962 3660 2123 3712; x_wconf 89' lang='lat' dir='ltr'><strong>quam</strong></span> <span class='ocrx_word' id='word_1_470' title='bbox 2171 3644 2237 3694; x_wconf 92' lang='lat' dir='ltr'><strong>de</strong></span> <span class='ocrx_word' id='word_1_471' title='bbox 2283 3659 2390 3709; x_wconf 91' lang='lat' dir='ltr'><strong>quo</strong></span> <span class='ocrx_word' id='word_1_472' title='bbox 2436 3656 2652 3691; x_wconf 88' lang='lat' dir='ltr'><strong>monea-</strong></span> 
     </span>
     <span class='ocr_line' id='line_1_84' title="bbox 1563 3701 2649 3780; baseline -0.006 -15"><span class='ocrx_word' id='word_1_473' title='bbox 1563 3720 1671 3765; x_wconf 87' lang='lat' dir='ltr'><strong>tur.</strong></span> <span class='ocrx_word' id='word_1_474' title='bbox 1707 3714 1854 3763; x_wconf 91' lang='lat' dir='ltr'><strong>Hinc</strong></span> <span class='ocrx_word' id='word_1_475' title='bbox 1889 3719 2083 3780; x_wconf 86' lang='lat' dir='ltr'><strong>sponte</strong></span> <span class='ocrx_word' id='word_1_476' title='bbox 2119 3713 2280 3763; x_wconf 84' lang='lat' dir='ltr'><strong>cadet</strong></span> <span class='ocrx_word' id='word_1_477' title='bbox 2312 3711 2477 3760; x_wconf 90' lang='lat' dir='ltr'><strong>lectio</strong></span> <span class='ocrx_word' id='word_1_478' title='bbox 2514 3701 2649 3775; x_wconf 81' lang='grc' dir='ltr'><strong><em>ἀχα-</em></strong></span> 
     </span>
     <span class='ocr_line' id='line_1_85' title="bbox 1564 3780 2649 3848; baseline -0.003 -16"><span class='ocrx_word' id='word_1_479' title='bbox 1564 3784 1778 3848; x_wconf 83' lang='grc' dir='ltr'><strong><em>ριστεῖν</em></strong></span> <span class='ocrx_word' id='word_1_480' title='bbox 1824 3783 1882 3833; x_wconf 90' lang='lat' dir='ltr'><strong>in</strong></span> <span class='ocrx_word' id='word_1_481' title='bbox 1930 3783 2073 3834; x_wconf 89' lang='lat' dir='ltr'><strong>binis</strong></span> <span class='ocrx_word' id='word_1_482' title='bbox 2116 3782 2280 3832; x_wconf 80' lang='lat' dir='ltr'><strong>obvia</strong></span> <span class='ocrx_word' id='word_1_483' title='bbox 2326 3780 2500 3842; x_wconf 84' lang='lat' dir='ltr'><strong>libris,</strong></span> <span class='ocrx_word' id='word_1_484' title='bbox 2548 3795 2649 3829; x_wconf 90' lang='lat' dir='ltr'><strong>nec</strong></span> 
     </span>
     <span class='ocr_line' id='line_1_86' title="bbox 1563 3842 2650 3918; baseline -0.006 -14"><span class='ocrx_word' id='word_1_485' title='bbox 1563 3853 1739 3904; x_wconf 84' lang='lat' dir='ltr'><strong>minus</strong></span> <span class='ocrx_word' id='word_1_486' title='bbox 1776 3852 1815 3900; x_wconf 91' lang='lat' dir='ltr'><strong>ii</strong></span> <span class='ocrx_word' id='word_1_487' title='bbox 1849 3857 2098 3917; x_wconf 86' lang='lat' dir='ltr'><strong>peccant,</strong></span> <span class='ocrx_word' id='word_1_488' title='bbox 2134 3854 2229 3918; x_wconf 90' lang='lat' dir='ltr'><strong>qui</strong></span> <span class='ocrx_word' id='word_1_489' title='bbox 2260 3866 2357 3916; x_wconf 91' lang='lat' dir='ltr'><strong>pro</strong></span> <span class='ocrx_word' id='word_1_490' title='bbox 2392 3842 2539 3898; x_wconf 84' lang='grc' dir='ltr'><strong><em>εἶναι</em></strong></span> <span class='ocrx_word' id='word_1_491' title='bbox 2561 3865 2650 3898; x_wconf 84' lang='lat' dir='ltr'><strong>ex-</strong></span> 
     </span>
     <span class='ocr_line' id='line_1_87' title="bbox 1561 3916 2649 3986; baseline -0.002 -14"><span class='ocrx_word' id='word_1_492' title='bbox 1561 3923 1752 3972; x_wconf 86' lang='lat' dir='ltr'><strong>hibent</strong></span> <span class='ocrx_word' id='word_1_493' title='bbox 1800 3919 1890 3986; x_wconf 76' lang='grc' dir='ltr'><strong>εἴη</strong></span> <span class='ocrx_word' id='word_1_494' title='bbox 1937 3922 2026 3972; x_wconf 81' lang='lat' dir='ltr'><strong>vel</strong></span> <span class='ocrx_word' id='word_1_495' title='bbox 2066 3916 2196 3971; x_wconf 76' lang='grc' dir='ltr'><strong><em>ἔστι.</em></strong></span> <span class='ocrx_word' id='word_1_496' title='bbox 2272 3919 2471 3971; x_wconf 89' lang='lat' dir='ltr'><strong>Omnia</strong></span> <span class='ocrx_word' id='word_1_497' title='bbox 2511 3919 2649 3970; x_wconf 87' lang='lat' dir='ltr'><strong>haec</strong></span> 
     </span>
     <span class='ocr_line' id='line_1_88' title="bbox 1563 3988 2650 4058; baseline -0.004 -17"><span class='ocrx_word' id='word_1_498' title='bbox 1563 3995 1684 4041; x_wconf 89' lang='lat' dir='ltr'><strong>orta</strong></span> <span class='ocrx_word' id='word_1_499' title='bbox 1733 4007 1798 4040; x_wconf 86' lang='lat' dir='ltr'><strong>ex</strong></span> <span class='ocrx_word' id='word_1_500' title='bbox 1846 3993 2190 4058; x_wconf 84' lang='lat' dir='ltr'><strong>ignoratione</strong></span> <span class='ocrx_word' id='word_1_501' title='bbox 2227 3995 2323 4041; x_wconf 87' lang='lat' dir='ltr'><strong>aut</strong></span> <span class='ocrx_word' id='word_1_502' title='bbox 2373 3988 2650 4054; x_wconf 86' lang='lat' dir='ltr'><strong>negligen-</strong></span> 
     </span>
     <span class='ocr_line' id='line_1_89' title="bbox 1561 4059 2651 4126; baseline -0.004 -15"><span class='ocrx_word' id='word_1_503' title='bbox 1561 4062 1642 4111; x_wconf 88' lang='lat' dir='ltr'><strong>tia</strong></span> <span class='ocrx_word' id='word_1_504' title='bbox 1676 4059 2021 4112; x_wconf 87' lang='lat' dir='ltr'><strong>librariorum</strong></span> <span class='ocrx_word' id='word_1_505' title='bbox 2044 4061 2346 4126; x_wconf 81' lang='lat' dir='ltr'><strong>elegantem</strong></span> <span class='ocrx_word' id='word_1_506' title='bbox 2376 4059 2483 4109; x_wconf 92' lang='lat' dir='ltr'><strong>loci</strong></span> <span class='ocrx_word' id='word_1_507' title='bbox 2511 4063 2651 4108; x_wconf 85' lang='lat' dir='ltr'><strong>stru-</strong></span> 
     </span>
     <span class='ocr_line' id='line_1_90' title="bbox 1560 4130 2650 4196; baseline -0.003 -16"><span class='ocrx_word' id='word_1_508' title='bbox 1560 4135 1769 4180; x_wconf 88' lang='lat' dir='ltr'><strong>cturam</strong></span> <span class='ocrx_word' id='word_1_509' title='bbox 1794 4133 1970 4182; x_wconf 88' lang='lat' dir='ltr'><strong>minus</strong></span> <span class='ocrx_word' id='word_1_510' title='bbox 2007 4131 2439 4196; x_wconf 88' lang='lat' dir='ltr'><strong>percipientium.</strong></span> <span class='ocrx_word' id='word_1_511' title='bbox 2477 4130 2650 4179; x_wconf 88' lang='lat' dir='ltr'><strong>Kaer-</strong></span> 
     </span>
     <span class='ocr_line' id='line_1_91' title="bbox 1561 4190 2650 4260; baseline -0.005 -10"><span class='ocrx_word' id='word_1_512' title='bbox 1561 4200 1752 4250; x_wconf 90' lang='lat' dir='ltr'><strong>cherus</strong></span> <span class='ocrx_word' id='word_1_513' title='bbox 1787 4193 1935 4250; x_wconf 79' lang='grc' dir='ltr'><strong><em>εἶναι</em></strong></span> <span class='ocrx_word' id='word_1_514' title='bbox 1970 4217 2079 4251; x_wconf 90' lang='lat' dir='ltr'><strong>non</strong></span> <span class='ocrx_word' id='word_1_515' title='bbox 2115 4201 2186 4251; x_wconf 89' lang='lat' dir='ltr'><strong>ad</strong></span> <span class='ocrx_word' id='word_1_516' title='bbox 2221 4194 2276 4249; x_wconf 81' lang='grc' dir='ltr'><strong>εἰ</strong></span> <span class='ocrx_word' id='word_1_517' title='bbox 2318 4190 2512 4260; x_wconf 86' lang='grc' dir='ltr'><strong><em>νόμος,</em></strong></span> <span class='ocrx_word' id='word_1_518' title='bbox 2554 4195 2650 4246; x_wconf 85' lang='lat' dir='ltr'><strong>sed</strong></span> 
     </span>
     <span class='ocr_line' id='line_1_92' title="bbox 1563 4259 2649 4333; baseline -0.003 -14"><span class='ocrx_word' id='word_1_519' title='bbox 1563 4268 1633 4319; x_wconf 88' lang='lat' dir='ltr'><strong>ad</strong></span> <span class='ocrx_word' id='word_1_520' title='bbox 1657 4259 2034 4333; x_wconf 77' lang='grc' dir='ltr'><strong><em>Ἑλληνικοῖσι</em></strong></span> <span class='ocrx_word' id='word_1_521' title='bbox 2050 4307 2055 4310; x_wconf 82' lang='grc'>-</span> <span class='ocrx_word' id='word_1_522' title='bbox 2071 4269 2144 4319; x_wconf 82' lang='grc' dir='ltr'><strong>θε</strong></span> <span class='ocrx_word' id='word_1_523' title='bbox 2183 4273 2264 4319; x_wconf 81' lang='grc' dir='ltr'><strong>ῑσι</strong></span> <span class='ocrx_word' id='word_1_524' title='bbox 2296 4266 2488 4318; x_wconf 82' lang='lat' dir='ltr'><strong>referri</strong></span> <span class='ocrx_word' id='word_1_525' title='bbox 2512 4264 2649 4316; x_wconf 81' lang='lat' dir='ltr'><strong>vult.</strong></span> 
     </span>
    </p>
   </div>
   <div class='ocr_carea' id='block_1_6' title="bbox 1562 4333 2648 4473">
    <p class='ocr_par' dir='ltr' id='par_1_7' title="bbox 1562 4333 2648 4473">
     <span class='ocr_line' id='line_1_93' title="bbox 1562 4333 2648 4457; baseline -0.005 -69"><span class='ocrx_word' id='word_1_526' title='bbox 1562 4337 1874 4457; x_wconf 42' lang='lat' dir='ltr'><strong>&#39;³⁶23&#39;me</strong></span> <span class='ocrx_word' id='word_1_527' title='bbox 1910 4333 2262 4404; x_wconf 82' lang='grc' dir='ltr'><strong><em>ἀχαρίστοισι</em></strong></span> <span class='ocrx_word' id='word_1_528' title='bbox 2304 4337 2374 4387; x_wconf 87' lang='lat' dir='ltr'><strong>ef.</strong></span> <span class='ocrx_word' id='word_1_529' title='bbox 2413 4334 2648 4386; x_wconf 81' lang='lat' dir='ltr'><strong>Bredov.</strong></span> 
     </span>
     <span class='ocr_line' id='line_1_94' title="bbox 1564 4424 1780 4473; baseline -0.005 -16"><span class='ocrx_word' id='word_1_530' title='bbox 1564 4424 1617 4473; x_wconf 87' lang='lat' dir='ltr'><strong>p.</strong></span> <span class='ocrx_word' id='word_1_531' title='bbox 1767 4442 1780 4456; x_wconf 93' lang='lat'><strong>.</strong></span> 
     </span>
    </p>
   </div>
  </div>
 </body>
</html>
