3109 5092
1279 354 1530 417 OLIO.
1576 355 1628 414 Ι.
1679 365 1800 420 180.

2547 358 2670 422 355

397 554 509 614 χος
550 524 867 616 ἑκάτερον
898 523 1056 607 τούς
1093 523 1405 614 ἀγκῶνας
1447 530 1515 608 ἐς
1555 526 1679 598 τὸν
1719 525 2019 618 ποταμὸν
2069 528 2404 618 ἐλήλαται.
2478 529 2554 601 τὸ
2594 532 2671 603 δὲ

395 627 528 699 ἀπὸ
556 630 836 716 τούτου,
873 635 950 699 αἱ
984 633 1351 719 ἐπικαμπαὶ
1389 628 1572 721 παρὰ
1599 640 1817 719 χεῖλος
1848 632 2165 722 ἑκάτερον
2192 640 2313 704 τοῦ
2343 641 2668 724 ποταμοῦ,

396 732 671 823 αἱμασιὴ
714 740 1031 804 πλίνθων
1070 731 1332 834 ὀπτέων
1371 742 1779 824 παρατείνει.
1851 734 1927 804 τὸ
1969 736 2045 806 δὲ
2084 733 2252 807 ἄστυ
2304 735 2505 824 αὐτὸ,
2557 738 2670 808 ἐὸν

398 843 645 926 πλῆρες
677 840 949 907 οἰκιέων
974 836 1377 928 τριωρόφων
1404 864 1478 905 τε
1505 840 1617 906 καὶ
1657 838 2139 929 τετρωρόφων,
2186 843 2668 930 κατατέτμηται

396 1002 468 1053 ad
534 1003 787 1067 fiuvium,
859 1004 952 1068 qui
1019 1004 1206 1055 urbem
1267 1004 1481 1064 dividit,

395 1073 690 1137 pertinent.
752 1074 948 1136 „Quod
986 1075 1231 1139 sequitur
1265 1065 1331 1124 τὸ
1364 1066 1481 1124 ἀπὸ

393 1133 619 1204 τούτου,
646 1141 891 1208 intelligo
922 1143 991 1193 de
1018 1159 1082 1194 eo
1104 1144 1303 1209 spatio,
1335 1143 1482 1209 quod

394 1212 513 1276 ripa
551 1212 702 1261 fluvii
750 1213 876 1262 inde
922 1213 992 1262 ab
1040 1229 1149 1263 uno
1185 1214 1322 1262 muri
1359 1213 1482 1264 bra-

396 1281 517 1331 chio
544 1297 714 1346 usque
742 1281 809 1332 ad
835 1282 1063 1333 alterum
1088 1283 1317 1334 obtinet.
1371 1283 1481 1333 Ubi

396 1351 537 1399 enim
590 1352 729 1401 muri
780 1352 1006 1402 brachia
1043 1352 1266 1402 fluvium
1316 1353 1479 1401 attin-

395 1425 555 1484 gunt,
594 1422 719 1472 inde
747 1422 998 1472 inflexam
1024 1422 1158 1471 dicit
1186 1421 1478 1486 procedere

393 1490 647 1555 utrinque
682 1493 745 1557 (i.
784 1507 832 1541 e.
870 1492 1025 1542 iuxta
1060 1496 1345 1558 utramque
1381 1491 1477 1541 flu-

394 1559 471 1608 vii
504 1559 705 1625 ripam)
753 1562 1041 1611 maceriam
1085 1577 1154 1611 ex
1188 1561 1475 1610 coctilibus

389 1628 681 1693 lateribus,
720 1646 859 1695 quae
895 1631 1113 1695 utrique
1148 1630 1299 1681 fluvii
1329 1630 1475 1680 labio

391 1700 811 1816 praetendatur,
850 1701 977 1751 dum
1012 1699 1104 1750 ille
1136 1700 1323 1750 urbem
1360 1715 1476 1764 per·

428 1769 584 1817 uat.“

458 1831 524 1886 αἷ
549 1827 861 1902 ἐπικαμπαὶ
877 1868 949 1877 -
968 1836 1314 1905 παρατείνει]
1340 1838 1479 1889 Loci

390 1911 666 1957 structura
688 1908 878 1972 utique
908 1908 1246 1972 impeditior,
1284 1922 1476 1958 sensus

389 1976 508 2041 ipse
560 1976 653 2026 vix
712 1976 927 2027 dubius.
1013 1977 1278 2028 Absolute
1334 1978 1475 2027 enim

388 2046 569 2110 posita
605 2046 859 2096 videntur
894 2046 1063 2097 verba
1098 2038 1162 2095 τὸ
1193 2038 1309 2096 ἀπὸ
1342 2038 1475 2096 τού-

387 2129 519 2178 του,
567 2109 632 2164 αἷ
664 2107 1005 2179 ἐπικαμπαὶ,
1050 2120 1149 2167 aut
1192 2121 1339 2166 certe
1375 2116 1472 2177 ita,

388 2189 449 2234 ut
477 2185 726 2248 verbum,
775 2185 921 2251 quod
958 2185 1054 2235 illa
1102 2186 1350 2250 excipere
1385 2184 1475 2235 de·

389 2254 576 2318 bebat,
614 2270 737 2305 mox
773 2254 1109 2320 neglectum,
1157 2257 1315 2321 eique
1351 2254 1475 2305 sub-

389 2324 658 2385 stantivo,
706 2324 851 2389 quod
887 2340 982 2390 per
1019 2325 1369 2390 epexegesin,
1413 2327 1475 2373 ut

388 2393 744 2444 Grammatici
804 2398 1036 2456 vocant,
1091 2394 1336 2445 iunctum
1390 2398 1474 2443 est

388 2462 555 2526 priori
595 2456 682 2527 (αἱ
713 2452 1051 2529 ἐπικαμπαὶ)
1068 2500 1083 2525 ,
1132 2464 1472 2514 adstructam

388 2531 477 2580 sit.
551 2532 800 2596 Namque
845 2534 1014 2583 verba
1049 2525 1115 2580 at
1157 2523 1471 2596 ἐπικαμπαὶ

386 2592 541 2665 παρὰ
595 2601 781 2666 χεῖλος
833 2590 1101 2665 ἕκάτερον
1150 2600 1255 2652 τοῦ
1297 2615 1470 2651 ποτα-

386 2667 498 2733 μοῦ
546 2671 856 2722 accuratius
901 2670 1183 2722 declarant
1216 2671 1470 2736 spatium,

388 2738 533 2803 quod
571 2744 699 2790 ante
751 2740 968 2791 omnino
1016 2740 1317 2791 indicatum
1354 2746 1472 2790 erat

384 2808 564 2858 verbis
621 2801 685 2857 τὸ
749 2800 868 2858 ἀπὸ
926 2801 1158 2872 τούτου,
1220 2809 1473 2875 quodque

383 2876 557 2942 ipsum
589 2878 758 2928 fuisse
789 2877 942 2928 addit
977 2879 1296 2942 maceriam,
1332 2894 1472 2944 quae

382 2946 529 2996 labio
550 2946 787 2997 fluminis
819 2948 1037 3013 utrique
1061 2948 1470 3013 praetendatur.

382 3016 522 3067 Nam
541 3015 867 3080 παρατείνει
888 3017 976 3067 hic
997 3017 1247 3068 absolute
1272 3033 1316 3069 s.
1340 3032 1471 3068 neu-

383 3084 598 3135 traliter
633 3086 1025 3151 accipiendum.
1061 3115 1133 3126 —-
1181 3087 1266 3138 Ad
1300 3081 1465 3150 αἷμα-

384 3147 477 3219 σίὴ
523 3154 667 3206 conf.
716 3155 803 3218 ΙΙ,
850 3154 937 3207 69.
990 3155 1089 3206 138
1125 3161 1182 3206 et
1216 3156 1322 3220 VI,
1364 3156 1464 3207 134

381 3224 474 3275 fin.
511 3224 639 3285 VII,
666 3224 735 3274 00
770 3224 896 3276 coll.
935 3226 1175 3278 Pausan.
1207 3225 1339 3288 Vll,
1374 3225 1463 3276 21.

382 3295 433 3356 9.
477 3295 528 3345 5.
598 3292 844 3344 Eandem
889 3309 1078 3345 vocem
1129 3294 1275 3345 infra
1323 3309 1466 3345 com—

378 3367 643 3413 memorat
691 3363 892 3414 Noster
928 3364 981 3426 I,
1022 3364 1142 3415 191.
1206 3364 1313 3420 ,De
1348 3379 1464 3414 sen-

380 3434 546 3482 tic-etis
590 3432 850 3498 intelligit
890 3433 1114 3483 Homer.
1168 3433 1226 3483 in
1262 3433 1462 3497 Odyss.

379 3501 600 3564 XVIII,
640 3500 770 3564 358,
820 3502 914 3552 ubi
962 3502 1073 3551 vid.
1110 3502 1366 3554 Eustath.
1406 3516 1460 3566 p.

383 3571 487 3621 676
516 3586 663 3636 supr.
683 3607 697 3632 ,
734 3574 988 3622 monente
1023 3573 1144 3635 Cr„
1182 3572 1275 3636 qui
1309 3570 1465 3621 addit

382 3639 634 3705 Apollon.
673 3640 806 3691 Lex.
849 3640 1010 3692 Hom.
1055 3656 1111 3706 p.
1148 3640 1237 3692 69.
1275 3642 1343 3692 70
1374 3639 1460 3690 ed.

381 3708 523 3760 Toll.
604 3708 690 3759 Ad
724 3710 1063 3761 Herodotum
1103 3711 1276 3776 magis
1330 3708 1463 3760 facit

381 3778 731 3829 Grammatic.
768 3780 824 3828 in
862 3779 1099 3830 Bekkeri
1129 3777 1372 3830 Anecdd.
1409 3777 1456 3829 Ι.

380 3863 506 3913 pag.
542 3847 662 3911 336,
703 3848 763 3900 6:
806 3840 1075 3913 Αἰμασιά·
1112 3839 1176 3897 τὸ
1213 3838 1271 3898 ἐκ
1307 3843 1461 3912 χαλί-

378 3930 498 3966 κων
551 3908 998 3983 ᾦκοδομημένον
1052 3931 1133 3970 τει
1172 3916 1289 3966 ίον·
1360 3929 1459 3963 κυ-

380 3984 515 4049 ρίως
560 3980 623 4035 δὲ
672 3989 795 4043 τοῖς
832 3978 1117 4051 ἠκανθωμ
1146 3999 1269 4042 νοις
1309 3981 1457 4049 λέγε-

375 4069 471 4172 ζέῑ
506 4070 550 4172 2⁰
588 4057 790 4181 &3⁴:³53
801 4046 966 4174 «1ιῖἓῖ
969 4051 1283 4189 εζῗῦΐξιῖῗ
1293 4050 1473 4187 5:53).-

375 4186 441 4242 δὲ
474 4182 546 4241 ‘H
583 4185 817 4249 όὸοτος·
833 4183 895 4242 ἐν
934 4140 1015 4259 ryg
1037 4183 1262 4258 πρώτῃ·
1313 4182 1459 4256 φαύ-

374 4262 500 4341 λωςε
522 4209 585 4312 ὃς
636 4255 697 4311 οἰ
738 4256 940 4311 πολλοὶ
977 4253 1042 4312 τὸ
1075 4259 1289 4327 χωρίον
1321 4252 1463 4311 αὐτὸ

372 4322 438 4380 τὸ
474 4323 591 4380 υπὸ
632 4324 697 4380 αῖ
777 4328 917 4380 σιῶν
943 4325 1349 4396 περιεχόμενον
1374 4324 1463 4379 αἱ-

371 4391 587 4464 μασιὰν
609 4415 643 4450 κ
718 4397 904 4450 οὖσιν.
956 4398 1099 4452 Add.
1123 4398 1460 4452 Bachmann.

1585 1006 1826 1057 Anecdd.
1856 1007 1904 1057 1.
1942 1023 1995 1071 p.
2029 1007 2146 1070 144,
2188 1009 2271 1060 17.
2328 1008 2508 1075 Atque
2542 1015 2666 1061 ante

1582 1075 1719 1126 haec
1764 1076 2021 1141 evulgata
2074 1077 2185 1127 iam
2228 1079 2663 1131 Winckelmann.

1584 1144 1725 1210 Opp.
1758 1146 1805 1196 1.
1855 1162 1910 1210 p.
1946 1145 2050 1198 360
2084 1147 2169 1198 ed.
2215 1148 2412 1199 Dresd.
2450 1165 2668 1201 monue-

1582 1220 1697 1276 rat,
1742 1215 1890 1265 baud
1935 1216 2107 1266 fuisse
2142 1217 2313 1267 videri
2351 1221 2566 1270 moenia
2600 1235 2666 1269 ex

1581 1285 1811 1349 integris
1846 1284 2110 1336 lateribus
2146 1290 2537 1353 superstructis
2573 1304 2667 1353 pa-

1579 1358 1729 1415 rata,
1783 1354 1877 1404 sed
1926 1354 2111 1420 qualia
2154 1372 2190 1406 a
2235 1358 2495 1408 Romanis
2543 1362 2667 1423 post

1580 1422 1804 1473 condita
1858 1424 2088 1486 fuerint,
2148 1425 2412 1476 lateribus
2457 1427 2667 1478 scilicet

1579 1493 1915 1544 extrinsecus
1972 1494 2132 1560 qussi
2183 1496 2388 1546 cortice
2439 1497 2669 1547 circum-

1581 1561 1729 1624 data,
1771 1563 2063 1614 introrsum
2099 1579 2228 1616 vero
2264 1565 2558 1630 lapidibus,
2594 1567 2666 1616 si-

1579 1631 1801 1695 licibus,
1840 1632 2017 1694 calce,
2054 1633 2110 1683 id
2140 1649 2311 1699 genus
2342 1634 2463 1686 aliis
2494 1634 2666 1701 reple-

1578 1705 1656 1751 ta.
1731 1702 1797 1751 In
1827 1700 2176 1752 munimentis
2199 1695 2435 1768 αἰμασιὰ
2459 1705 2554 1754 ubi
2578 1721 2665 1755 oc-

1578 1771 1773 1832 currit,
1812 1776 1899 1821 est
1934 1786 2094 1836 aqqer
2129 1788 2158 1821 e
2190 1773 2443 1836 lapidibus
2472 1775 2664 1837 suem,

1577 1840 1862 1902 Steinwall,
1916 1839 2233 1894 Steindanw.
2319 1841 2446 1892 Vid.
2494 1842 2665 1892 Orelli

1578 1909 1649 1959 ad
1668 1911 1908 1960 Aeneam
1929 1910 2143 1960 Tactic.
2168 1926 2288 1975 cap.
2311 1912 2362 1961 2.
2390 1926 2516 1977 pag.
2539 1913 2659 1962 127.

1576 2009 1648 2018 -
1683 1979 1970 2028 Caeterum
1997 1981 2147 2044 ipsas
2173 1979 2335 2032 huius
2360 1980 2518 2030 molis
2554 1981 2664 2031 rui·

1576 2062 1677 2098 nas
1704 2049 2001 2100 secundum
2031 2049 2230 2099 flumen
2253 2049 2530 2100 invenisse
2556 2050 2663 2100 sibi

1576 2117 1832 2168 videntur
1857 2120 2185 2170 recentiores
2209 2120 2661 2184 peregrinatores,

1575 2187 1712 2238 Rich
1763 2192 1818 2237 et
1861 2188 2258 2254 Buckingham.
2274 2226 2287 2251 ,
2345 2190 2500 2240 cuius
2547 2189 2662 2241 vid.

1575 2256 1827 2308 Itinerar.
1876 2257 1933 2308 in
1978 2259 2339 2325 Mesopotam.
2398 2257 2658 2325 (Berolin.

1582 2325 1735 2392 1828)
1810 2343 1844 2377 a
1887 2364 1900 2378 .
1938 2326 2044 2378 484
2082 2344 2231 2394 seqq.

1644 2386 1709 2444 τὸ
1742 2342 1807 2446 ἃς
1840 2342 1981 2446 ἔστι)
2003 2388 2171 2460 αὐτὸ,
2209 2386 2304 2447 ἐὸν
2339 2391 2549 2461 πλῆρες
2577 2388 2662 2444 οἰ-

1575 2462 1744 2514 κιέων
1788 2457 2129 2547 τριωρόφων
2163 2479 2221 2515 τε
2257 2461 2353 2515 καὶ
2387 2455 2660 2528 τετρωρό-

1575 2531 1727 2598 φων]
1756 2548 2085 2599 τριοροφων
2112 2533 2232 2600 (pro
2262 2534 2374 2598 vlg.
2402 2524 2658 2597 τριωρό-

1573 2601 1723 2667 φων)
1757 2603 1973 2668 Schwg.
2007 2604 2213 2668 recepit
2243 2619 2272 2653 e
2293 2601 2658 2653 Schellershe-

1574 2672 1756 2722 miano
1802 2673 2007 2723 codice.
2081 2672 2324 2724 Probare
2360 2675 2544 2721 tamen
2580 2670 2659 2719 vi-

1577 2742 1734 2791 detur
1769 2741 2049 2807 vulgarem
2083 2741 2314 2792 formam
2347 2755 2382 2788 a
2419 2741 2505 2790 Gr.
2543 2737 2659 2790 lau-

1575 2810 1736 2860 datus
1786 2809 2117 2862 Schaeferus
2161 2809 2234 2860 ad
2276 2808 2509 2874 Dionys.
2545 2808 2660 2857 Ha-

1572 2879 1660 2930 lic.
1722 2879 1789 2930 de
1846 2881 2130 2945 composit.
2192 2877 2379 2928 verbb.
2429 2892 2482 2941 p.
2535 2877 2655 2940 203,

1570 2948 1802 2999 laudans
1828 2949 2083 3000 Eustath.
2124 2948 2195 2999 ad
2227 2948 2449 3025 Homer.
2483 2945 2571 2996 Ili.
2598 2962 2655 3011 p.

1571 3018 1693 3081 640,
1732 3020 1781 3069 1.
1823 3016 1974 3082 (499,
2019 3017 2135 3083 10),
2176 3007 2500 3083 ὖπερῳους,
2550 3029 2655 3065 πο-

1569 3085 1893 3153 λυστέγους,
1932 3078 2349 3152 πολυωρόφους
2382 3086 2657 3150 proferen-

1569 3160 1699 3208 tem.
1767 3156 1986 3207 Etenim
2028 3157 2259 3221 Dionys.
2309 3153 2495 3206 Halic.
2532 3155 2652 3206 Art.

1569 3225 1709 3276 rhet.
1754 3225 1809 3287 1,
1859 3225 1892 3277 3
1942 3225 2284 3276 Herodotum
2338 3224 2652 3288 respiciens,

1568 3295 1664 3345 sed
1699 3295 1757 3344 in
1792 3295 2033 3345 numeris
2077 3292 2420 3345 declarandis
2457 3308 2654 3343 memo-

1567 3364 1652 3414 ria
1691 3363 1878 3427 lapsus
1925 3353 2024 3428 (ὥς
2057 3378 2174 3413 που
2209 3358 2304 3411 καὶ
2343 3353 2654 3425 Ἡρόδοτος

1566 3420 2342 3565 1:5‘30233„303.f>⁵⁰⁰22232{
2368 3420 2653 3548 3:²⁶5&ss

1565 3568 1912 3634 producenda
1934 3569 2225 3620 consentit.
2263 3566 2532 3632 Intelligit
2558 3581 2651 3616 au-

1566 3642 1675 3688 tem
1700 3638 2013 3689 Herodotus
2042 3638 2204 3689 aedes
2234 3637 2400 3685 trium
2437 3640 2492 3686 et
2520 3650 2651 3700 qua-

1564 3713 1689 3758 tuor
1712 3706 2105 3771 tabulatorum,
2144 3705 2353 3771 amplas
2381 3705 2549 3771 igitur
2572 3703 2650 3754 al-

1563 3782 1652 3828 tas
1692 3791 1778 3826 ue.

1627 3790 2030 3909 κίιικτατέτμηται
2074 3834 2174 3900 τὰς
2221 3831 2397 3898 ὁδοὺς
2432 3834 2643 3905 ἰθείας]

1560 3916 1600 3966 i.
1640 3930 1689 3966 e.
1735 3912 1858 3964 urbs
1889 3943 1960 3953 -
1994 3913 2157 3963 dimica
2198 3927 2244 3964 s.
2298 3911 2519 3963 dissecta
2573 3918 2652 3962 est

1558 3988 1610 4036 in
1665 3986 1774 4034 vias
1827 3983 1902 4033 ad
1971 3990 2157 4033 rectam
2209 3984 2390 4033 lineam
2449 3982 2645 4032 auectas.

1563 4051 1867 4117 Schweigh.
1919 4052 2180 4117 explicat:
2238 4045 2647 4115 κατατετμημέ-

1564 4138 1667 4180 νας
1715 4116 1825 4186 ἔχει
1881 4111 1982 4179 τὰς
2033 4112 2241 4182 ὁδοὺς,
2302 4135 2403 4172 nec
2453 4117 2647 4170 melius

1559 4190 2157 4325 3¹:30532‘33h21313
2199 4188 2648 4310 322213'222113232

1565 4346 1679 4381 ner.
1717 4330 1810 4382 Gr.
1838 4330 1932 4382 Gr.
1970 4333 2021 4394 θ.
2048 4330 2170 4382 562.
2207 4333 2323 4379 not.
2348 4329 2399 4380 5.
2426 4327 2495 4377 de
2527 4342 2648 4377 ver-

1564 4399 1651 4452 bls
1688 4397 1967 4451 dividendi
2011 4404 2066 4450 et
2110 4397 2382 4448 similibus
2418 4396 2645 4461 cogitat,

2096 4474 2229 4538 23*
