3109 5092
1259 352 1510 415 OLIO.
1554 354 1611 413 1.
1659 362 1782 418 139.

2528 351 2649 415 285

386 528 727 618 φέροντες.
802 523 905 607 Ἐς
946 524 1248 615 ποταμὸν
1280 526 1355 596 δὲ
1398 523 1556 596 οὔτε
1596 528 1983 616 ἐνουρέουσι
2001 574 2021 611 ,
2062 520 2220 595 οὔτε
2262 524 2649 615 ἐμπτύουσι,

387 627 469 700 οὐ
497 646 722 719 χεῖρας
749 633 1249 713 ἐναπονίζονται
1265 681 1285 714 ,
1324 626 1486 699 οὐδὲ
1511 627 1720 700 ἄλλον
1743 627 1991 699 οὐδένα
2018 632 2446 719 περιορέωσι,
2483 626 2652 699 ἀλλὰ

389 737 698 822 σέβονται
755 731 1092 821 ποταμοὺς
1139 733 1444 823 μάλιστα.

1545 735 1682 802 Καὶ
1732 731 1885 803 τόδε
1934 729 2097 802 ἄλλο
2136 752 2258 821 σφι
2304 722 2438 802 ὦδε
2478 753 2645 821 συμ-
2670 739 2787 801 139

389 839 696 907 πέπτωκε
736 843 1084 923 γίνεσθαι,
1124 835 1199 906 τὸ
1225 840 1489 926 Πέρσας
1524 835 1652 924 μὲν
1688 833 1934 915 αὐτοὺς
1971 838 2252 923 λέληθε,
2292 832 2495 926 ἡμέας
2529 837 2655 924 μέν

387 965 490 1009 τοι
516 936 620 1009 οὗ.
679 937 761 1007 τὰ
784 936 1125 1029 οὐνόματά
1150 962 1307 1030 σφι,
1349 938 1545 1010 ἐόντα
1571 934 1767 1028 ὁμοῖα
1795 954 1968 1008 τοῖσι
1996 937 2254 1027 σώμασι
2285 941 2397 1010 καὶ
2424 943 2505 1029 τῇ
2533 966 2649 1028 με·

390 1135 431 1187 1.
467 1137 810 1187 Herodotum
855 1138 913 1187 in
949 1137 1047 1201 iis,
1097 1154 1239 1204 quae
1285 1139 1352 1191 de
1387 1156 1474 1191 co-

394 1204 590 1256 lumbis
616 1207 862 1272 scripsit,
904 1222 1083 1257 errore
1105 1208 1316 1274 lapsum
1354 1225 1475 1260 esse

394 1276 600 1326 iudicat
618 1313 632 1338 ‚
690 1277 763 1326 ad
810 1279 1009 1327 Persas
1057 1278 1475 1329 transferentem

393 1360 462 1395 ea
466 1382 489 1463 l,
529 1359 669 1463 qutae
699 1345 764 1396 de
787 1345 1030 1411 Assyriis
1069 1351 1125 1397 et
1153 1348 1473 1414 Babyloniis

393 1429 464 1465 va
487 1429 589 1464 ean
620 1451 634 1465 .

461 1477 570 1547 τὴν
620 1474 803 1547 αὐτὴν
845 1477 1040 1548 αἰτίην
1083 1477 1471 1551 ἐπιφέροντες]

393 1553 553 1604 Conf.
602 1554 660 1615 I,
708 1554 777 1604 26
832 1554 898 1604 de
941 1553 1234 1608 locutione.
1281 1585 1352 1596 -
1406 1555 1474 1605 In

391 1622 636 1687 proxime
661 1624 1110 1675 antecedentibus
1129 1625 1330 1675 retinui
1351 1639 1474 1674 cum

392 1691 645 1743 Dindorf.
687 1692 969 1757 vulgatam
1013 1690 1215 1744 πολλοὶ
1254 1685 1475 1753 ἐξελαύ-

393 1774 586 1826 νουσι,
647 1763 802 1812 cuius
858 1762 981 1813 loco
1042 1763 1386 1814 Gaisfordius
1443 1778 1473 1812 e

392 1829 637 1881 Florent.
684 1831 802 1881 cod.
843 1831 1087 1882 ediderat
1133 1828 1334 1882 πολλοὶ
1376 1826 1475 1881 καὶ

394 1890 722 1964 ἐὲαύνουσις
796 1900 1121 1951 Schaeferus
1178 1907 1474 1966 praeeunte

395 1969 568 2020 Corae
613 1968 837 2019 dederat
878 1963 1049 2019 πάλιν
1094 1962 1474 2031 ἐξελαύνουσι.

397 2039 558 2100 Quod
600 2038 826 2089 Reiskio
862 2039 919 2089 in
961 2044 1195 2090 mentem
1230 2045 1472 2103 venerat,

392 2108 450 2157 id
484 2122 651 2157 unum
683 2108 867 2172 placet
899 2109 1171 2160 Bredovio
1207 2125 1260 2174 p.
1289 2108 1357 2160 85
1391 2113 1474 2158 at-

396 2191 502 2242 que
536 2176 662 2226 inde
686 2193 720 2227 a
745 2177 1031 2229 Dietschio
1061 2183 1338 2243 receptum
1370 2183 1472 2240 est,

396 2246 488 2312 qui
508 2245 705 2296 vocula
725 2243 821 2296 καὶ
847 2248 1023 2298 eiecta
1057 2243 1260 2298 πολλοὶ
1296 2255 1473 2298 trans·

395 2315 524 2365 tulit
550 2319 678 2365 ante
711 2311 808 2365 καὶ
842 2308 943 2374 τὰς
987 2309 1188 2373 λευκὰς
1220 2329 1473 2382 περιστε-

397 2375 516 2447 ράς.
555 2384 640 2435 cf.
656 2386 822 2434 etiam
833 2386 1084 2436 Creuzer.
1108 2387 1177 2436 ad
1196 2387 1472 2452 Fragmm.

393 2453 525 2503 hist.
586 2456 642 2518 p.
687 2454 802 2505 106.
887 2456 1148 2521 Stegerus
1197 2455 1474 2520 (Praefat.

396 2523 467 2572 ad
495 2522 760 2574 Herodot.
787 2540 838 2588 p.
857 2523 934 2589 X)
970 2525 1304 2575 coniecerat:
1339 2525 1474 2574 πολ-

393 2590 463 2658 λῇ
497 2590 719 2660 κραυγῇ
754 2592 812 2659 (i.
837 2609 885 2644 e.
923 2597 1073 2645 melio
1104 2597 1336 2656 clamore,
1366 2610 1473 2660 quo

396 2661 515 2712 scil.
555 2668 900 2714 occurrentes
938 2664 1201 2715 admoniti
1245 2663 1349 2714 sibi
1387 2679 1476 2714 ca-

397 2735 562 2781 veant
624 2746 658 2780 a
703 2733 965 2796 pestifero
1020 2731 1235 2783 illorum
1291 2732 1472 2799 tactu)

396 2789 696 2849 ἐλαύνουσι
723 2791 782 2850 ἐκ
815 2799 915 2866 τῆς
944 2794 1147 2868 χώρης.

465 2859 521 2925 ἒς
555 2862 818 2935 ποταμὸν
862 2863 926 2921 δὲ
963 2862 1096 2921 οὔτε
1129 2862 1474 2934 ἐνουρέουσι,

397 2926 528 2986 οὔτε
562 2931 872 3001 ἐμπτύουσι
905 2955 958 2990 κ.
982 2954 1030 2989 τ.
1054 2939 1124 3006 L]
1172 2938 1477 2990 Admodum

396 3010 663 3071 negantes
718 3008 809 3058 hie
863 3010 1082 3059 variant
1140 3008 1474 3075 particulae:

397 3066 528 3124 οὔτε
560 3104 633 3115 --
674 3068 804 3127 οὔτε
833 3106 905 3118 --
940 3069 1010 3127 οὐ
1029 3108 1102 3117 -
1129 3069 1291 3140 οὐδὲ,
1329 3079 1475 3143 quod

392 3144 570 3207 ipsum
622 3145 820 3196 fortius
866 3151 1054 3213 negat.
1134 3147 1338 3212 Attigit
1382 3162 1475 3196 no-

397 3218 569 3263 strum
601 3214 782 3266 locum
815 3217 908 3267 Fu
944 3216 1163 3266 Franks
1207 3215 1314 3278 (De
1349 3231 1475 3280 par-

396 3281 524 3334 ticc.
549 3298 710 3350 neg-g.
739 3285 947 3337 Oomm.
976 3286 1053 3336 11.
1079 3284 1281 3336 Rintel.
1313 3284 1472 3350 1833)

396 3367 448 3415 p.
497 3351 566 3403 23
630 3357 885 3420 recteque
942 3358 1184 3405 statuere
1236 3355 1471 3416 videtur,

396 3436 491 3485 pro
540 3411 610 3470 οὗ
660 3438 726 3473 ex
769 3439 878 3474 uno
921 3423 1060 3474 libro
1103 3423 1473 3488 recipiendum

397 3504 519 3539 esse
575 3481 733 3556 οὔτε,
792 3494 972 3557 prouti
1023 3494 1132 3543 iam
1179 3494 1368 3543 Reizio
1420 3497 1474 3543 et

397 3559 692 3612 Schaefero
746 3566 864 3612 erat
909 3562 1105 3613 visum.
1176 3562 1305 3612 Mox
1356 3561 1475 3612 reli-

398 3627 488 3692 qui
523 3627 887 3694 περιορέωσι,
936 3647 965 3681 e
1001 3631 1319 3681 Florentino
1366 3631 1475 3681 edi-

397 3701 512 3746 tum
535 3712 634 3763 pro
655 3697 989 3764 περιοροῑσι,
1026 3700 1169 3766 quod
1193 3700 1289 3749 alii
1315 3699 1473 3751 codd.

398 3764 647 3816 afferunt.
720 3769 970 3820 Recentt.
1010 3770 1133 3820 edd.
1160 3785 1305 3819 nunc
1341 3770 1476 3819 scri·

395 3835 533 3884 bunt
569 3836 961 3902 περιορέουσις
1001 3839 1075 3889 cf.
1104 3838 1289 3888 laudd.
1331 3838 1402 3888 ad
1426 3839 1473 3900 Ι,

401 3905 515 3954 124.
553 3903 639 3954 Ad
663 3911 1039 3971 argumentum
1055 3906 1164 3957 loci
1187 3906 1313 3957 nolo
1334 3922 1477 3958 nunc

395 3972 588 4023 afferre
616 3974 849 4026 aliorum
881 3973 1206 4042 scriptorum
1237 3978 1478 4027 testimo-

395 4042 489 4091 nia
514 4043 582 4093 de
593 4043 880 4094 fluminum
915 4046 1082 4108 cultu,
1115 4044 1345 4097 collecta
1378 4045 1477 4096 illa

396 4112 614 4176 quidem
650 4128 684 4162 a
717 4115 999 4165 Brissonio
1038 4116 1076 4165 l·.
1118 4113 1157 4165 l.
1194 4115 1272 4165 ΙΙ.
1319 4113 1368 4176 §-
1407 4116 1476 4165 22

396 4194 570 4246 seqq„
611 4182 707 4232 sed
735 4182 840 4233 hoc
864 4185 1038 4234 teneri
1059 4184 1247 4248 velim,
1289 4199 1356 4233 ex
1391 4199 1474 4248 eo,

396 4249 541 4314 quod
566 4265 712 4317 aqua
735 4267 907 4318 aeque
943 4258 1108 4319 atque
1137 4252 1346 4318 reliqua
1374 4254 1479 4303 ele-

393 4324 580 4369 menta
636 4335 794 4371 sacra
845 4321 1220 4383 habebantur,
1282 4326 1478 4386 sponte

391 4387 560 4438 fluere
596 4404 688 4454 ea,
727 4404 865 4456 quae
901 4391 1006 4442 hoc
1039 4390 1163 4443 loco
1196 4390 1264 4442 de
1289 4390 1480 4442 fluvio-

1575 1157 1694 1193 rum
1731 1141 2025 1193 sanctitate
2046 1140 2472 1207 praecipinntur.
2528 1137 2656 1191 vid.

1576 1212 1776 1264 Roeth.
1813 1212 1853 1262 1.
1892 1210 1930 1261 l.
1970 1226 2022 1277 p.
2062 1209 2183 1260 428.
2460 1221 2471 1228 ·

1886 1381 2015 1433 Car.
2056 1381 2354 1434 cxxxix.

1645 1475 1710 1532 τὸ
1748 1483 1974 1550 Πέρσας
2015 1481 2121 1549 μὲν
2170 1475 2382 1543 αὐτοὺς
2424 1478 2650 1547 λέληθε]

1574 1554 1614 1605 i.
1653 1568 1700 1603 e.
1739 1554 1882 1619 quod
1917 1555 2066 1620 ipsos
2103 1554 2247 1620 fugit
2280 1556 2509 1615 Persas,
2548 1567 2654 1618 quo

1577 1623 1684 1686 ipsi
1727 1625 1928 1674 Persae
1972 1623 2210 1674 animum
2255 1640 2364 1674 non
2408 1622 2656 1672 adverte-

1575 1697 1725 1754 runt,
1785 1694 2031 1759 equidem
2076 1709 2207 1744 vero
2249 1694 2370 1757 (qui
2413 1692 2655 1742 Graecus

1577 1761 1803 1812 Graecis
1832 1764 2011 1813 scribo
2034 1761 2362 1828 hominibus)
2399 1761 2536 1811 bene
2560 1758 2655 1808 ad·

1576 1832 1734 1881 verti.
1792 1832 1858 1881 In
1887 1831 2335 1882 antecedentibus
2368 1830 2512 1895 quod
2529 1827 2655 1878 Eltz

1577 1897 1828 1964 (Jahrbb.
1855 1900 1895 1951 f.
1915 1900 2111 1952 Philol.
2130 1917 2185 1952 u.
2202 1899 2443 1964 Paedag.
2465 1896 2655 1962 Suppl.

1581 1969 1681 2021 IX.
1717 1986 1769 2034 p.
1802 1969 1922 2034 115)
1960 1971 2210 2021 voculam
2235 1958 2345 2020 ὦδε
2376 1968 2486 2018 nisi
2508 1981 2659 2032 pror-

1581 2053 1675 2088 sus
1713 2039 2021 2100 delendam,
2056 2040 2111 2089 in
2146 2031 2205 2088 ἐκ
2239 2034 2421 2088 τῶνδε
2447 2041 2660 2086 mutan·-

1581 2107 1706 2157 dam
1740 2123 1864 2158 esse
1897 2113 2110 2172 censet,
2161 2108 2305 2175 quod
2340 2109 2659 2171 interpreta—

1578 2182 1668 2227 tur
1707 2186 2009 2240 praeceraea‚
2072 2178 2203 2228 mihi
2248 2177 2400 2228 nulla
2442 2176 2659 2226 videtur

1579 2261 1713 2312 opus
1750 2263 1871 2298 esse
1904 2248 2189 2298 verborum
2218 2248 2541 2300 mutatione.

1646 2308 1715 2366 τὰ
1763 2308 2056 2381 οὐνόματά
2098 2330 2228 2382 σφι,
2279 2310 2445 2366 ἐόντα
2482 2307 2658 2380 ὁμοῖα

1576 2387 1726 2435 τοῖσι
1749 2378 1965 2449 σώμασι
1982 2382 2080 2436 καὶ
2111 2383 2182 2454 τῇ
2202 2383 2655 2451 μεγαλοπρεπείῃ

1576 2471 1628 2504 κ.
1654 2470 1701 2504 τ.
1731 2452 1802 2520 7..]
1842 2456 2077 2508 Nomina
2105 2457 2354 2518 Persica,
2394 2471 2535 2521 quae
2559 2468 2656 2519 pa-

1576 2526 1708 2574 riter
1745 2523 1805 2585 (i.
1835 2541 1884 2577 e.
1911 2526 2033 2590 pari
2068 2524 2212 2590 apud
2249 2541 2435 2575 omnes
2471 2521 2654 2587 modo)

1575 2599 1692 2643 tum
1742 2594 1810 2643 de
1856 2594 2097 2658 corporis
2145 2594 2362 2655 habitu,
2416 2599 2531 2643 tum
2587 2592 2655 2641 de

1577 2663 1847 2728 dignitate
1891 2667 2056 2729 atque
2096 2663 2270 2728 gradu
2319 2661 2654 2726 singulorum

1577 2731 1828 2782 desumta
1846 2732 2073 2793 fuerint,
2113 2747 2159 2781 s.
2180 2732 2384 2796 pariter
2407 2737 2519 2781 tum
2540 2744 2657 2781 cor-

1575 2802 1725 2867 pori,
1784 2804 1900 2851 tum
1959 2801 2217 2866 dignitati
2268 2796 2655 2866 (singulorum)

1577 2871 1968 2935 respondeant,
2018 2872 2198 2920 omnia
2234 2871 2290 2920 in
2336 2869 2560 2920 eandem
2595 2868 2659 2917 li-

1578 2944 1749 2990 teram
1787 2942 1959 3003 exire,
1992 2955 2131 3005 quae
2152 2940 2390 2990 Doribus
2413 2939 2540 3002 San,
2569 2939 2657 2988 Io-

1577 3009 1737 3059 nibus
1770 3009 1940 3076 Sz'yma
1974 3011 2076 3070 sit,
2114 3009 2380 3060 Herodoti
2416 3014 2502 3059 est
2536 3024 2656 3059 sen·

1579 3079 1771 3129 tentia.
1841 3080 2100 3129 Extrema
2151 3080 2320 3129 verba
2369 3078 2656 3144 praecipue

1578 3148 1930 3198 adverterunt
1964 3148 2112 3198 viros
2149 3149 2367 3211 doctos,
2418 3147 2658 3212 Scalige-

1576 3232 1723 3279 rum,
1761 3217 1949 3282 Hyde,
2000 3218 2334 3269 Gatakerum
2373 3218 2654 3280 (Adverss.

1576 3286 1729 3336 XXI.
1776 3303 1830 3351 p.
1869 3287 2023 3349 661),
2062 3286 2229 3347 alios,
2285 3286 2379 3351 qui
2412 3286 2658 3336 Herodo-

1577 3360 1692 3405 tum
1729 3358 1784 3404 in
1824 3355 1907 3405 his
1952 3355 2166 3420 lapsum
2211 3371 2332 3405 esse
2368 3355 2657 3405 contende-

1577 3429 1728 3486 rent,
1766 3425 1966 3489 quippe
2005 3424 2289 3488 deceptum
2319 3424 2658 3475 Graeca·n0-

1577 3494 1780 3543 minum
1846 3493 2187 3542 Persicorum
2253 3489 2655 3553 terminatfbne,

1578 3577 1742 3627 quae,
1788 3566 1852 3611 ut
1885 3561 2068 3611 omnia
2101 3562 2216 3610 fere
2247 3561 2534 3626 peregrina
2563 3575 2658 3609 vo-

1578 3617 1776 3682 cabu'la
1808 3629 2095 3680 masculini
2139 3630 2383 3695 generis,
2430 3628 2658 3694 plerum-

1578 3715 1683 3766 que
1726 3700 1936 3750 Graeco
1978 3713 2225 3754 sannone
2264 3699 2321 3748 in
2364 3699 2505 3749 hanc
2539 3698 2658 3747 lite-

1575 3785 1692 3819 ram
1737 3772 1952 3819 exeant.
2033 3768 2279 3829 Addunt,
2333 3783 2472 3833 quae
2512 3782 2657 3817 nunc

1577 3839 1633 3889 in
1659 3838 1949 3888 Persarum
1983 3836 2173 3901 lingua
2194 3837 2541 3886 inveniantur
2563 3851 2658 3885 no-

1576 3908 1749 3970 mina,
1785 3906 2134 3958 Herodoteae
2168 3907 2471 3956 sententiae
2506 3905 2659 3955 mini-

1577 3991 1662 4027 me
1720 3991 2035 4042 congruere.
2126 3975 2200 4026 At
2247 3975 2315 4025 de
2368 3977 2657 4026 Persarum

1576 4046 1766 4110 lingua
1783 4061 1893 4096 non
1914 4045 2205 4095 recentiori
2224 4045 2322 4095 sed
2344 4043 2657 4111 antiquiori,

1579 4114 1731 4165 cuius
1777 4115 1870 4164 vix
1916 4114 2029 4165 ulla
2075 4116 2385 4165 accuratior
2431 4115 2503 4164 ad
2556 4128 2655 4163 nos

1580 4184 1799 4234 devenit
1817 4184 2037 4245 notitia,
2062 4184 2375 4235 Herodotus
2393 4182 2657 4249 loquitur.

1577 4253 1726 4303 Beue
1754 4252 1859 4304 hoc
1893 4252 2034 4303 vidit
2066 4253 2131 4303 A.
2164 4253 2230 4304 G.
2265 4251 2512 4316 Schlegel
2544 4250 2659 4313 (cu-

1578 4322 1664 4372 ius
1699 4336 1785 4372 me
1819 4322 2104 4372 admonuit
2128 4322 2245 4385 Gn,
2283 4321 2338 4370 in
2361 4315 2539 4371 Indic.
2565 4319 2659 4369 Bi·

1577 4389 1771 4441 blioth.
1812 4390 1889 4454 11,
1927 4390 1979 4444 3.
2016 4404 2071 4454 p.
2109 4389 2214 4442 308
2245 4388 2451 4455 seqq.),
2487 4389 2660 4438 Hero·
