3109 5092
1071 398 1075 402 ·
1120 384 1616 447 EUTERPE.
1660 388 1746 448 H.
1796 396 1917 452 109.
2531 385 2655 447 665

381 564 624 631 τοῦτον
668 562 906 646 ἔλεγον
947 557 1068 630 τὸν
1104 561 1417 649 βασιλέα,
1439 566 1713 651 κλῆρον
1744 572 1895 632 ἴσον
1936 562 2189 657 ἑκάστῳ
2230 561 2656 653 τετράγωνον

387 661 698 747 διδόντα,
739 664 852 732 καὶ
892 659 1024 732 ἆπό
1065 661 1310 734 τούτου
1347 660 1464 745 τὰς
1506 665 1885 755 προσόδους
1923 664 2369 758 ποιήσασθαι,
2422 665 2651 735 έπιτά-
2720 745 2725 749 ,

391 771 596 851 ξαντα
640 764 1002 857 ἀποφορὴν
1028 769 1396 838 ἐπιτελέειν
1435 766 1584 837 κατ’
1638 769 1972 839 ἐνιαυτόν.
2082 776 2146 839 εἰ
2194 771 2277 840 δέ
2312 797 2495 851 τινος
2532 775 2657 839 τοῦ

384 868 641 961 κλήρου
693 863 729 938 ὁ
773 871 1072 959 παταμός
1106 900 1170 941 τι
1214 873 1603 959 παρέλοιτο,
1651 872 1881 944 ἐλθών
1914 868 2002 944 ἂν
2041 871 2208 964 πρὸς
2244 870 2455 943 αὐτὸν
2497 872 2652 961 έσή-

384 1001 582 1065 μαινε
611 971 685 1043 τὰ
715 977 1167 1063 γεγενημένον
1190 994 1205 1010 ·
1300 970 1336 1044 ὁ
1369 975 1443 1045 δὲ
1474 982 1729 1066 ἔπεμπε
1756 975 1914 1058 τοὺς
1943 979 2512 1065 ἐπισκεψομένους
2543 978 2655 1050 καὶ

385 1076 999 1167 ἀναμετρήσοντας,
1038 1075 1172 1172 ὅσφ
1201 1077 1503 1148 ἐλάσσων
1531 1075 1568 1149 ὁ
1596 1087 1807 1171 χῶρος
1840 1083 2077 1169 γέγονε
2096 1133 2114 1166 ,
2161 1077 2333 1161 ὅκως
2361 1085 2484 1149 τοῦ
2512 1089 2653 1151 λοι-

390 1187 524 1252 ποῦ
550 1179 719 1251 κατᾶ
760 1180 965 1268 λόγον
993 1187 1111 1271 τῆς
1153 1184 1559 1273 τεταγμένης
1598 1181 1949 1274 ἀποφορῆς
1985 1187 2220 1255 τελέοι.
2330 1184 2551 1254 δοκέει
2583 1184 2665 1256 δέ

383 1313 496 1376 μοι
535 1287 864 1355 ἐνθεῦτεν
892 1292 1265 1376 γεωμετρίη
1294 1282 1656 1376 εὑρεθεῖσα
1688 1290 1753 1368 ἐς
1769 1286 1896 1376 τὴν
1915 1283 2199 1358 Ἐλλάδα
2226 1289 2654 1357 ἐπανελθεῖν.

382 1453 618 1505 Easdem
643 1453 793 1520 leges
818 1468 887 1503 ex
911 1452 1177 1504 Herodot.
1210 1453 1317 1505 l.·1.
1347 1470 1468 1507 cum
1571 1455 1870 1507 Benedicto
1892 1455 1952 1506 in
1972 1455 2119 1507 Actt.
2149 1455 2341 1506 semin.
2368 1470 2482 1521 reg.
2503 1454 2657 1520 Lips.

382 1523 687 1575 sinensium
710 1522 923 1589 legibus
944 1524 1281 1588 comparavit
1298 1540 1470 1591 nuper
1572 1527 1648 1577 H.
1697 1542 1751 1591 p.
1798 1524 1949 1590 200),
2007 1524 2418 1591 intelligendum
2476 1530 2661 1575 monet

381 1593 466 1644 vir
502 1592 696 1644 doctus
721 1593 778 1644 in
802 1592 920 1642 The
944 1591 1161 1644 classic.
1176 1591 1360 1657 journ.
1387 1595 1466 1649 11.
1572 1594 1877 1661 Schweigh.
1925 1591 2132 1660 μέρος
2175 1591 2277 1659 τῆς
2321 1590 2659 1659 τεταγμένης

380 1679 508 1729 pag.
538 1662 702 1714 587.“
761 1662 1015 1713 Creuzer.
1054 1663 1112 1714 in
1141 1663 1469 1718 Commentt.

381 1731 626 1784 Berodd.
661 1747 717 1798 p.
757 1731 857 1784 198
893 1746 1010 1796 seq.

450 1793 792 1864 ἐπιτάξαντα
825 1791 1140 1866 ἀποφορὴν
1169 1793 1471 1851 ἐπιτελέειν

379 1863 505 1921 κατ’
545 1862 829 1936 ἐνιαυτόν]
868 1871 976 1921 Pro
1003 1860 1303 1920 ἐπιτελέειν
1340 1869 1468 1922 libri

378 1932 685 2061 ἕίῗέῗὶἶοῗ
696 1937 1226 2061 ᾬῗῖῗὲἶὲῃαῗὲθ
1282 1944 1467 2061 Ἑΐξῗ

379 2080 644 2133 Herodot.
696 2080 774 2143 V,
822 2078 911 2131 49.
957 2079 1044 2130 82.
1096 2079 1184 2130 84.
1233 2079 1342 2143 lx,
1376 2079 1463 2130 64.

379 2150 586 2201 Similis
631 2149 879 2201 confusio
925 2148 1067 2198 inter
1118 2140 1469 2213 ἀποκρατεῖν

380 2224 436 2271 et
467 2209 793 2283 ἐπικρατεῖν
829 2218 1043 2270 obtinet
1077 2218 1174 2281 IV,
1212 2218 1299 2270 50.
1360 2218 1468 2268 Vo-

378 2305 493 2340 cem
547 2279 863 2368 ἀποφορὴν
915 2287 1101 2365 glossa
1151 2288 1468 2339 Herodotea

379 2358 603 2423 exponit
640 2372 747 2422 την
778 2356 1124 2421 τελουμενην
1158 2349 1328 2422 τιμὴν
1349 2346 1466 2407 ὑπὸ

375 2426 492 2477 τῶν
525 2417 752 2477 δούλων
782 2428 904 2484 τοῖς
936 2417 1260 2484 δεσπόταις.
1333 2426 1467 2478 Cae-

375 2502 550 2549 terum
586 2496 691 2547 hoc
726 2511 792 2547 ex
830 2494 951 2546 loco
986 2496 1280 2560 suspiceris
1314 2495 1465 2559 licet,

375 2582 517 2633 quae
551 2566 716 2618 fuerit
751 2564 1112 2631 agricolarum
1136 2566 1193 2616 in
1214 2565 1465 2633 Aegypto

376 2636 644 2698 conditio,
681 2650 948 2700 quaenam
983 2635 1177 2685 tributi
1214 2635 1466 2702 exigendi

375 2707 538 2758 ratio.
587 2706 665 2755 Ut
702 2706 847 2756 enim
879 2704 1151 2769 hodieque
1185 2704 1321 2755 illud
1354 2721 1465 2756 non

375 2777 446 2827 ad
483 2774 731 2841 sing-ulos
764 2774 1011 2826 homines
1043 2773 1277 2825 rusticos
1301 2776 1467 2839 perti-

372 2849 497 2908 net,
532 2860 725 2896 verum
761 2844 831 2895 ad
861 2845 1106 2909 integros
1139 2844 1312 2907 vicos,
1351 2844 1467 2910 qui-

373 2916 476 2966 bus
539 2915 805 2966 tributum
867 2913 1161 2978 imponitur
1182 2952 1196 2978 ,
1263 2914 1465 2979 quique

373 2985 648 3036 communi
683 2985 851 3036 etiam
878 2998 1047 3048 opera
1080 2998 1244 3049 agros
1274 2982 1466 3035 colunt

376 3053 519 3119 (cum
558 3053 769 3105 scilicet
814 3057 1037 3127 propfflr
1074 3053 1463 3106 inundationes

374 3122 578 3190 sing-uli
603 3122 940 3190 singulorum
972 3138 1225 3188 agrorum
1249 3124 1465 3174 termini

373 3193 686 3246 accuratius
723 3194 932 3244 servari
956 3208 1065 3243 non
1089 3192 1347 3258 possint),
1383 3195 1465 3244 ita

373 3264 538 3314 etiam
577 3263 880 3327 antiquitus
916 3262 1241 3325 obtinuisse,
1275 3279 1343 3313 ex
1380 3264 1463 3329 ip-

372 3334 487 3383 sius
525 3337 706 3383 terrae
747 3331 932 3399 indole
977 3331 1273 3383 verisimile
1315 3332 1464 3383 vide-

371 3408 462 3453 tur
495 3401 769 3451 Heerenio
802 3400 997 3465 (Ideen
1030 3400 1107 3463 11,
1128 3404 1180 3453 2.
1208 3416 1333 3465 pag.
1357 3402 1462 3453 340

371 3468 539 3534 σαψ).
623 3470 869 3534 Namque
919 3484 1042 3519 cum
1096 3467 1383 3520 canalibus
1431 3485 1461 3520 e

370 3538 498 3591 Nilo
534 3536 785 3588 deductis
822 3542 975 3588 arcte
1011 3537 1305 3587 coniuncta
1337 3539 1461 3602 ipsa

371 3618 624 3675 agrorum
663 3607 861 3658 divisio
899 3611 954 3656 et
982 3604 1176 3657 tributi
1213 3604 1461 3657 solvendi

370 3679 539 3738 ratim
598 3676 791 3744 quibus
846 3676 1094 3727 omnibus
1151 3690 1274 3727 cum
1318 3675 1460 3726 bene

371 3746 712 3813 prospexerit
727 3745 1011 3811 Sesostris,
1032 3749 1461 3796 consentaneum

372 3822 457 3868 est
490 3817 576 3878 (ut
611 3815 914 3867 Heerenius
949 3813 1278 3880 existimat),
1315 3813 1459 3864 hunc

369 3899 552 3953 regem
582 3886 814 3950 primum
844 3884 956 3935 dici
980 3883 1118 3935 haec
1151 3883 1459 3936 instituisse

371 3961 427 4007 et
460 3954 848 4006 introduxisse.

439 4014 630 4073 ἐλθών
673 4013 748 4073 ἄν
781 4014 930 4088 πρὸς
974 4011 1156 4071 αὐτὸν
1193 4010 1459 4083 ἐσήμαινε

369 4082 434 4142 τὸ
487 4088 886 4156 γεγενημένον]
947 4093 1033 4142 De
1077 4078 1178 4150 ἂν,
1238 4087 1455 4154 quando

368 4161 612 4226 iungitur
647 4161 931 4225 praeteriti
953 4158 1271 4221 indicativo,
1307 4157 1455 4211 conf.

368 4230 424 4294 1,
461 4231 550 4281 42.
584 4229 707 4281 196.
1170 4282 1184 4301 ,
1328 4281 1344 4302 ‚

433 4288 578 4348 κατὰ
611 4288 784 4361 λόγον
817 4291 920 4358 τῆς
950 4307 1291 4357 τεταγμενης
1311 4306 1455 4347 απο-

364 4364 553 4430 φορῆς
587 4360 792 4430 τελέοι]
835 4365 920 4415 Ne
952 4363 1076 4429 quis
1112 4362 1270 4413 malit
1309 4352 1454 4410 ἀπο-

1568 1657 1893 1729 ἆποφορῆς.
1966 1666 2139 1728 Quem
2182 1679 2242 1715 se
2279 1664 2428 1714 uitur
2463 1664 2658 1729 Negris

1572 1734 1883 1800 explicans:
1945 1721 2093 1790 ὅκως
2149 1733 2237 1783 τελ
2270 1746 2326 1781 οι
2389 1722 2497 1798 (ἐκ)
2557 1730 2660 1798 τῆς

1569 1798 1910 1868 τεταγμένης
1941 1794 2249 1885 ἀποφορῇς
2285 1796 2427 1851 κατὰ
2466 1793 2656 1867 λόγον.

1568 1872 1833 1940 Equidem
1858 1872 1930 1923 ad
1958 1885 2098 1922 κατα
2127 1870 2301 1936 λογον
2324 1870 2526 1922 referre
2546 1888 2660 1922 ma-

1567 1943 1661 1994 lim
1685 1942 2014 2009 genitivum3
2050 1946 2112 1992 ut
2136 1940 2509 2006 unusquisque
2538 1946 2660 1992 tan-

1569 2016 1685 2064 tum
1723 2010 1935 2063 solvere
1974 2009 2338 2076 intelligatur,
2393 2015 2658 2075 quantum

1570 2098 1668 2147 pro
1713 2082 1929 2132 ratione
1975 2080 2219 2132 universi
2264 2078 2459 2131 tributi
2493 2095 2656 2145 nunc,

1570 2152 1838 2202 diminuto
1873 2151 2084 2203 scilicet
2129 2149 2396 2211 dominio,
2444 2149 2657 2202 solvere

1568 2238 1670 2287 par
1714 2226 1819 2273 est.
1876 2212 2022 2271 κατὰ
2069 2211 2242 2284 λόγον
2294 2219 2483 2270 eodem
2542 2220 2657 2271 fere

1569 2307 1735 2343 sensu
1767 2291 1895 2353 VII,
1920 2290 2009 2343 36.
2070 2289 2231 2354 Quod
2265 2289 2337 2340 ad
2373 2305 2658 2356 argumen-

1567 2367 1683 2413 tum
1717 2362 1946 2423 attinet,
1984 2376 2052 2412 ex
2088 2360 2187 2423 iis,
2229 2373 2371 2424 quae
2393 2358 2508 2410 h.1.
2534 2375 2658 2425 pro-

1569 2432 1796 2495 duntur,
1834 2434 1969 2480 nata
1993 2428 2210 2480 videtur
2239 2429 2538 2479 necessitas
2574 2433 2658 2480 ta-

1567 2500 1818 2552 bularum
1855 2497 2209 2564 publicarum,
2249 2499 2305 2547 in
2326 2496 2523 2563 quibus
2548 2500 2657 2549 sin·

1569 2569 1683 2635 guli
1736 2567 1889 2620 fundi
1942 2581 2236 2633 eorumque
2281 2582 2565 2617 mensurae
2602 2574 2658 2620 et

1569 2640 1770 2690 domini
1791 2637 2243 2698 describerentur,
2256 2641 2319 2686 ut
2336 2641 2482 2686 recte
2502 2639 2658 2701 ponit

1566 2707 1841 2760 Amadeus
1885 2708 2097 2771 Peyron
2136 2703 2389 2769 (Papyn.
2426 2705 2652 2759 Graecc.

1567 2795 1622 2844 p.
1672 2777 1779 2829 111-
1812 2775 1979 2841 seq.);
2031 2774 2158 2825 inde
2206 2789 2419 2840 quoque
2465 2773 2655 2826 eodem

1568 2852 1794 2898 auctore
1830 2846 1936 2897 orti
1982 2837 2044 2893 ot
2071 2845 2563 2908 τοπογραμματείς
2599 2850 2656 2898 et

1566 2915 2101 2980 κωμογραμματεῖς,
2169 2913 2263 2979 qui
2320 2913 2378 2963 in
2430 2917 2653 2980 papyris

1566 2987 1792 3039 Graecis
1815 2989 1871 3037 et
1892 2983 2338 3048 inscriptionibus
2364 2980 2468 3048 (nr.
2493 2983 2652 3038 4699.

1564 3055 1705 3108 4956
1753 3057 1810 3107 in
1846 3054 2006 3119 Corp.
2052 3053 2229 3104 Inscr.
2274 3053 2366 3105 Gr.
2415 3054 2484 3105 Τ.
2516 3055 2652 3120 111.)

1565 3128 2083 3186 commemorantur,
2120 3124 2213 3188 qui
2237 3122 2545 3175 huiusmodi
2572 3129 2656 3176 ta-

1563 3195 1722 3248 bulas
1766 3197 1824 3247 in
1869 3193 2100 3259 singulis
2146 3192 2286 3243 vicis
2332 3193 2654 3262 oppidisque

1565 3270 1623 3317 et
1650 3264 2012 3318 conficiebant
2038 3267 2096 3313 et
2117 3262 2440 3313 servabant:
2478 3279 2653 3330 eoque

1563 3336 1729 3386 etiam
1769 3334 1962 3385 referri
2006 3331 2126 3382 vult
2159 3331 2301 3382 idem
2336 3332 2422 3381 vir
2458 3330 2651 3382 doctus

1560 3396 1664 3453 τὸν
1687 3394 1979 3471 βασιλικὸν
1996 3397 2338 3465 γραμματέα.
2364 3399 2456 3465 qui
2478 3400 2535 3448 in
2559 3414 2655 3464 pa-

1561 3488 1697 3536 pyro
1735 3472 1812 3537 (p.
1847 3470 1936 3534 30)
1973 3472 2450 3520 commemoratur:
2495 3468 2652 3518 multi

1564 3541 1706 3590 enim
1762 3554 1883 3590 cum
1950 3542 2135 3588 essent
2193 3551 2290 3601 per
2340 3535 2650 3602 Aegyptum

1561 3609 1718 3659 fundi
1741 3608 1896 3673 regii,
1916 3605 2060 3656 hunc
2080 3605 2437 3656 constitutum
2460 3605 2650 3669 fuisse,

1563 3678 1656 3742 qui
1689 3676 1843 3741 regia
1878 3675 2000 3724 iura
2047 3674 2375 3724 intemerata
2408 3680 2652 3726 servaret

1563 3751 1619 3796 et
1657 3742 1920 3812 quidquid
1959 3743 2127 3793 ceteri
2160 3742 2403 3792 vicorum
2430 3758 2477 3795 s.
2499 3745 2651 3810 oppi-

1562 3815 1755 3866 dorum
1801 3812 2014 3863 scribae
2060 3813 2118 3861 in
2152 3812 2490 3876 privatorum
2523 3829 2651 3865 cau-

1563 3885 1641 3936 sis
1680 3882 1872 3934 testati
1918 3885 2126 3943 essent,
2174 3895 2276 3930 sua
2321 3883 2650 3935 auctoritate

1563 3952 1912 4018 approbaret.
1984 3951 2071 4001 Tu
2094 3949 2220 4001 add.
2245 3964 2387 4014 quae
2410 3951 2459 4003 1.
2480 3952 2650 4004 Fran-

1564 4024 1685 4073 sius
1721 4022 1779 4071 in
1811 4019 1973 4083 Corp.
2012 4020 2189 4071 Inscr.
2226 4019 2319 4070 Gr.
2349 4021 2413 4073 Τ.
2446 4022 2554 4073 111.
2589 4040 2645 4088 p.

1561 4090 1667 4145 293
1701 4090 1767 4141 de
1802 4089 1889 4139 his
1923 4087 2200 4141 disseruit.

1629 4151 1823 4210 δοκέει
1871 4149 1938 4208 δέ
1981 4173 2079 4222 μοι
2125 4149 2401 4207 ἐνθεῦτεν
2442 4172 2647 4224 γεωμε-

1555 4227 1686 4293 τρίη
1729 4217 2052 4292 εὑρεθεῖσα]
2112 4228 2231 4289 Quo
2276 4242 2345 4277 ex
2380 4224 2502 4278 loco
2536 4228 2648 4279 He-

1556 4296 1737 4350 rodoti
1766 4296 2002 4361 profecti
2022 4295 2167 4347 haud
2201 4296 2364 4360 pauci
2399 4300 2646 4348 veterum

1555 4366 1909 4430 geometriam
1953 4381 2021 4417 ex
2057 4365 2308 4431 Aegypto
2354 4367 2645 4431 repetitam

361 4430 554 4501 φορὴν
608 4426 775 4504 (quod
826 4434 886 4483 in
940 4435 1175 4485 mentem
1227 4435 1453 4483 venerat
1551 4435 1895 4487 tradiderunt
1910 4470 1925 4500 ,
1990 4447 2128 4500 quos
2178 4433 2371 4486 laudat
2420 4435 2642 4502 Menag.
