3109 5092
17 4047 36 4182 ——-

1136 342 1631 406 EUTERPE.
1676 347 1761 408 ΙΙ.
1804 358 1893 411 44.
2530 350 2655 411 529

373 514 621 599 τιλίῃσι
697 513 1056 600 ἐχρέωντο,
1125 515 1238 584 καὶ
1288 507 1463 605 ἦσαν
1512 513 1851 608 Ἑλλήνων
1913 522 2091 601 τινες
2151 530 2494 610 ναυτίλοι,
2565 521 2654 606 ὥς

374 618 666 701 ἔλπομαί
686 641 758 682 τε
787 617 899 684 καὶ
930 613 1051 706 ἐμὴ
1085 617 1318 707 γνώμη
1348 624 1596 710 αἱρέει,
1639 620 1808 693 ὥστε
1839 623 2101 694 τούτων
2134 620 2222 695 ἂν
2247 627 2359 695 καὶ
2395 633 2651 716 μᾶλλον

372 721 513 784 τῶν
560 722 749 786 θεῶν
800 715 883 787 τα
933 716 1270 808 οὐνόματα
1322 725 1748 812 ἐξηπιστεάτο
1786 727 2147 815 Αἰγύπτιοι
2189 723 2231 817 ἢ
2285 735 2405 797 τοῦ
2445 726 2645 821 Ἡρα-

373 822 583 900 κλέος.
650 816 849 890 Ἀλλά
877 851 976 903 τις
1002 821 1272 912 ἀρχαῖός
1302 827 1440 895 ἐστι
1469 824 1631 907 θεὸς
1664 836 2095 916 Αἰγυπτίοισι
2115 826 2511 921 Ἡρακλέης·
2561 829 2650 913 ὥς

376 921 451 990 δὲ
480 919 672 991 αὐτοὶ
703 927 1008 1010 λέγουσι,
1056 926 1207 995 ἔτεά
1238 924 1377 998 ἐστι
1416 932 1872 1021 ἑπτακισχίλια
1898 936 2011 1003 καὶ
2048 933 2256 1022 μύρια
2286 931 2353 1014 ἐς
2365 933 2649 1023 ’Ἄμασιν

372 1025 903 1114 βασιλεύσαντα,
967 1032 1120 1099 ἐπεί
1165 1057 1238 1099 τε
1293 1028 1368 1100 ἐκ
1404 1038 1543 1103 τῶν
1583 1032 1758 1104 ὀκτώ
1800 1041 1989 1107 θεῶν
2041 1043 2110 1107 οἱ
2144 1036 2457 1107 δυώδεκα
2493 1041 2646 1109 θεοὶ

374 1130 720 1214 ἐγένοντο,
772 1136 910 1200 τῶν
946 1127 1275 1222 Ἡρακλέα
1326 1138 1447 1205 ἕνα
1490 1145 1856 1226 νομίζουσι.
1946 1141 2081 1209 Καὶ
2110 1143 2340 1210 θέλων
2377 1142 2452 1210 δὲ
2489 1141 2645 1211 τού·
2663 1134 2743 1196 44

371 1258 508 1299 των
548 1235 700 1322 πέρι
737 1238 946 1322 σαφές
977 1263 1040 1303 τι
1071 1240 1360 1322 εἰδέναι,
1407 1241 1475 1321 ἐξ
1504 1229 1604 1309 ὧν
1635 1237 1783 1311 οἷόν
1821 1271 1893 1311 τε
1934 1235 2052 1331 ἦν,
2092 1247 2387 1324 ἔπλευσα
2428 1247 2541 1314 καὶ
2581 1248 2649 1325 ἐς

384 1333 605 1423 Τύρον
648 1340 765 1424 τῆς
808 1345 1164 1427 Φοινίκης,
1211 1342 1728 1431 πυνθανόμενος
1759 1342 2005 1415 αὐτόθι
2044 1345 2219 1415 εἶναι
2262 1343 2410 1434 ἱρὸν
2443 1343 2644 1437 Ἡρα-

373 1439 566 1517 κλέος
602 1434 829 1525 ἅγιον·
879 1443 990 1510 καὶ
1032 1441 1219 1512 εἶδον
1255 1452 1595 1526 πλουσίως
1623 1451 2247 1540 κατεσκευασμένον
2281 1445 2549 1520 ἄλλοισί
2576 1477 2649 1520 τε

373 1615 474 1652 στα
510 1598 740 1669 ἔμελλον
772 1599 1004 1671 μνήμην
1027 1603 1198 1673 ἕξειν]
1239 1607 1457 1659 Laudat

372 1672 550 1724 locum
597 1676 798 1725 Matth.
844 1676 940 1728 Gr.
988 1678 1080 1728 Gr.
1132 1681 1183 1741 §-
1229 1677 1351 1729 498.
1397 1694 1455 1743 p.

372 1743 475 1793 944
529 1743 598 1794 ob
647 1760 804 1794 usum
850 1747 1003 1796 verbi
1049 1744 1293 1811 μέλλειν,
1348 1763 1455 1812 quo

370 1811 459 1862 hic
494 1812 548 1861 id
587 1813 888 1878 indicatur,
952 1817 1097 1881 quod
1134 1832 1199 1866 ex
1237 1832 1454 1881 praece-

371 1880 523 1931 denti
548 1882 837 1947 hypothesi
859 1886 1170 1936 necessario
1194 1902 1455 1937 consecu-

370 1955 548 2000 turum
595 1957 731 2003 erat.
814 1956 996 2016 Quare
1033 1948 1261 2019 ἔμελλον
1307 1951 1458 2016 ἕξειν

369 2019 512 2069 idem
548 2020 660 2084 fere
694 2023 839 2087 quod
870 2018 1037 2088 ἔσχον
1069 2012 1171 2086 ἂν,
1206 2029 1459 2075 monente

369 2088 659 2140 Schaesero
686 2092 742 2140 in
765 2091 974 2143 Melett.
1009 2094 1217 2143 criticc.
1245 2110 1298 2158 p.
1337 2093 1453 2156 131,

369 2174 527 2223 quem
583 2158 761 2210 locum
814 2162 1106 2227 adscripsit
1160 2163 1257 2212 Cr.
1353 2165 1456 2213 Est

366 2243 497 2278 vero
533 2227 667 2279 haec
712 2228 822 2280 loci
869 2233 1190 2282 sententiar
1226 2247 1290 2281 ac
1332 2247 1457 2295 pro-

361 2298 525 2361 fecte,
585 2301 634 2348 si
678 2300 871 2363 quidem
920 2318 1104 2352 revera
1149 2316 1319 2351 nomen
1372 2304 1457 2353 dei

365 2368 621 2417 cm‘usclam
656 2385 690 2417 a
727 2370 940 2421 Graecis
985 2374 1297 2433 accepissent
1330 2369 1453 2435 (Ae-

366 2437 585 2501 gyptii),
620 2446 757 2488 certe
792 2439 963 2489 horma
996 2442 1275 2490 memoriam
1309 2457 1454 2505 quam

364 2508 577 2556 mceoee‘me
642 2518 1047 2571 conservassent,
1118 2509 1454 2575 quandoqui-

367 2574 487 2624 dem
522 2576 968 2642 navigationibus
1014 2583 1068 2628 et
1112 2579 1218 2642 ipsi
1255 2576 1454 2644 (Aegy-

365 2645 489 2709 ptii)
549 2651 665 2695 tum
722 2646 829 2696 iam
886 2648 1183 2697 utebantur
1226 2653 1280 2698 et
1321 2664 1451 2698 vero

367 2714 529 2763 etiam
563 2715 891 2766 Graecorum
922 2717 1141 2781 quidam
1177 2733 1274 2781 per
1303 2732 1452 2767 mare

363 2784 721 2849 navigabant.
741 2812 810 2822 —
831 2787 916 2836 De
941 2786 1173 2837 formula
1197 2778 1302 2835 οὐκ
1329 2776 1452 2851 ἥκι-

365 2865 484 2916 στα,
529 2845 667 2902 ἄλλα
700 2846 966 2919 μάλιστα,
1018 2871 1160 2920 quae
1194 2856 1335 2906 redit
1372 2856 1449 2917 11,

365 2922 484 2984 117,
521 2922 630 2973 vid.
668 2924 933 2974 Herodot.
971 2925 1067 2985 IV,
1109 2925 1209 2976 170
1255 2929 1311 2974 et
1347 2925 1448 2976 cfr.

364 3006 504 3055 quae
540 2992 762 3045 Herbst.
818 2991 943 3055 (Die
974 2993 1233 3044 Schlacht
1267 2995 1359 3044 bei
1395 2994 1449 3043 d.

363 3061 691 3126 Arginusen.
726 3062 1011 3128 Hambnrg
1039 3064 1191 3114 1855.
1220 3079 1346 3129 pag.
1382 3065 1450 3113 67

362 3127 507 3194 seq.)
556 3130 837 3195 disseruit,
894 3147 1078 3182 omnes
1115 3133 1452 3197 Thucydidis

363 3199 511 3248 locos
552 3199 804 3251 afferens.
848 3201 932 3250 Of.
959 3201 1212 3252 Kuehner
1233 3203 1325 3253 Gr.
1356 3203 1449 3252 Gr.

361 3271 413 3331 §-
445 3267 563 3320 530.
589 3273 704 3320 not.
730 3270 780 3319 Ιι.
849 3269 935 3320 Ad
967 3261 1258 3334 ἐχρέωντο,
1298 3271 1451 3321 cuins

360 3336 481 3388 loco
504 3342 733 3388 recentt.
749 3338 873 3388 edd.
888 3330 1196 3388 dederunt&
1233 3335 1449 3402 ρέοντο,

360 3411 542 3457 mente
579 3407 1008 3458 subandiendum
1041 3402 1102 3457 οἱ
1132 3410 1174 3456 A
1201 3400 1449 3471 γύπτιοι.

431 3466 507 3533 ὡς
554 3471 800 3540 ἔλπομαί
848 3491 905 3526 τε
961 3471 1058 3526 καὶ
1107 3469 1208 3557 ἐμὴ
1254 3469 1450 3542 γνώμη

359 3538 558 3610 αἱρέει]
612 3546 843 3596 Locutio
890 3537 992 3611 ἐμὴ
1028 3560 1222 3609 γνωμη
1273 3538 1452 3607 αἱρέει

357 3616 647 3665 sententiam
674 3615 953 3666 rationibus
976 3618 1147 3665 navam
1181 3613 1451 3680 exprimit,

359 3685 523 3733 sicuti
560 3676 726 3748 λόγος
759 3676 966 3747 αἱρέει,
1004 3684 1140 3749 quod
1159 3687 1334 3733 sanior
1359 3699 1448 3733 ra-

358 3754 426 3803 tio
459 3755 766 3816 persuadet,
804 3754 922 3816 111,
961 3754 1048 3803 45.
1088 3753 1195 3814 IV,
1236 3753 1335 3803 127
1376 3750 1451 3817 [et

360 3823 405 3883 Ι,
438 3822 535 3873 132
561 3822 654 3874 fin.
681 3822 755 3886 11,
782 3822 878 3885 33,
915 3822 1010 3872 ubi
1046 3820 1239 3887 conf.].
1294 3822 1450 3871 Haec

361 3896 416 3940 et
452 3889 607 3955 plura
641 3891 971 3958 wesseling.
1024 3890 1095 3940 ad
1137 3891 1193 3941 h.
1231 3890 1269 3941 1.
1341 3890 1448 3941 Sed

357 3955 595 4024 ἔλπομαι
644 3959 964 4026 simpliciter
1013 3964 1097 4011 est
1134 3969 1283 4023 puta,
1339 3963 1450 4010 exi·

360 4031 518 4089 elimo,
555 4033 616 4079 ut
642 4030 716 4092 ΙΙ,
745 4030 827 4091 11,
854 4030 948 4080 ubi
966 4030 1081 4080 vid.
1106 4058 1179 4070 —
1199 4029 1265 4080 In
1295 4044 1447 4093 seqq.

361 4113 457 4162 pro
508 4098 657 4164 vulg.
707 4090 957 4148 τουτέων
1006 4116 1125 4149 cum
1172 4099 1448 4150 Gaisford.

360 4166 507 4216 edidi
551 4159 790 4218 τούτων.
863 4169 946 4218 Ad
993 4163 1091 4217 καὶ
1124 4166 1337 4232 μᾶλλον
1374 4167 1449 4216 cf.

360 4240 499 4285 nott.
554 4236 625 4287 ad
671 4237 729 4298 Ι,
767 4236 855 4287 65.
909 4228 1275 4301 ἔξηπιστέατο
1326 4235 1450 4301 (pro

361 4305 511 4370 vulg.
543 4296 946 4374 ἐξεπιστέατο)
987 4307 1179 4370 scripsi
1213 4321 1333 4355 cum
1370 4321 1451 4355 re-

362 4378 532 4424 centt.
585 4374 706 4424 edd.
755 4375 906 4425 iussu
941 4374 1200 4426 Bredovii
1235 4390 1289 4438 p.
1328 4373 1450 4436 301,

447 4475 783 4519 ΗΕΒΟΒΟΤ.
830 4477 876 4517 1.

1559 1614 1655 1665 ubi
1704 1615 1816 1666 vid.
1898 1616 2062 1667 Valet
2114 1620 2296 1668 autem
2348 1618 2649 1668 sententia:

1556 1701 1717 1750 quare
1755 1685 1930 1736 hor-um
1981 1686 2185 1736 deor-acm
2241 1688 2439 1737 nomina
2492 1690 2652 1753 magis

1556 1755 1706 1803 etiam
1744 1756 1879 1804 scire
1916 1754 2203 1804 debuissent
2234 1755 2476 1822 Aegyptii
2504 1772 2649 1822 quam

1556 1823 1815 1874 Herculis.
1915 1824 2184 1873 Nesciunt
2240 1840 2371 1875 vero
2431 1825 2647 1876 illorum

1559 1890 1821 1956 (Neptuni
1866 1899 1920 1942 et
1956 1892 2368 1959 Dioscurorum)
2406 1897 2646 1957 nomina,

1558 1960 1653 2010 sed
1686 1960 1940 2011 Herculis
1974 1976 2171 2011 nomen
2202 1964 2408 2025 sciunt,
2449 1965 2647 2029 quippe

1562 2031 1654 2095 qui
1688 2045 1815 2081 vere
1852 2031 2108 2095 antiquus
2136 2032 2525 2096 Aegyptiorum
2562 2038 2647 2083 est

1559 2099 1718 2162 deus,
1754 2116 1894 2150 unus
1920 2115 1985 2149 ex
2007 2100 2243 2150 secundo
2269 2101 2491 2152 deorum
2516 2102 2647 2152 duo-

1559 2169 1734 2219 decim
1780 2170 1994 2231 ordine‚
2048 2171 2139 2235 qui
2190 2186 2256 2220 ex
2300 2171 2471 2236 primo
2518 2177 2644 2222 octo

1556 2238 1778 2290 deorum
1807 2239 1996 2289 ordine
2019 2239 2137 2289 nati
2162 2244 2292 2290 sunt
2319 2230 2645 2306 (ἐγένοντο),

1554 2309 1701 2371 sive,
1753 2313 1817 2358 ut
1851 2324 2015 2375 supra
2052 2309 2386 2373 monuimus,
2434 2325 2647 2361 emana-

1554 2382 1700 2428 runt.

1626 2437 1765 2496 ἇλλοὶ
1800 2462 1887 2504 τις
1930 2437 2169 2512 ἀρχαῖός
2222 2437 2337 2495 ἐστι
2376 2439 2518 2504 θεὸς
2550 2442 2646 2496 Αἰ-

1554 2514 1842 2578 γυπτίοισι
1866 2506 2202 2579 Ἡρακλέης]
2230 2516 2377 2565 Hinc
2402 2516 2544 2580 apud
2563 2516 2650 2565 ci-

1558 2600 1807 2634 ceronem
1841 2600 2056 2649 quoque
2093 2583 2160 2632 de
2194 2588 2307 2635 nat.
2335 2584 2510 2634 deorr.
2538 2585 2647 2645 111,

1561 2654 1649 2704 16:
1691 2653 1874 2716 „alter
1911 2650 2222 2717 (Hercules)
2258 2653 2493 2702 traditur
2517 2652 2643 2703 Nilo

1558 2727 1741 2784 ortus,
1775 2721 2143 2788 Aegyptius.“

1623 2782 1678 2848 ἐς
1697 2780 1931 2854 ’Ἄμασιν
1966 2780 2400 2855 βασιλεύσαντα]
2452 2789 2645 2854 Coepit

1553 2874 1785 2926 regnare
1821 2859 2037 2910 Amasis
2087 2874 2229 2908 anno
2278 2857 2383 2908 570
2429 2875 2480 2908 a.
2517 2858 2659 2910 chr..

1553 2945 1639 2991 n.‚
1679 2929 1842 2980 desiit
1879 2945 2007 2979 ann.
2034 2928 2158 2979 5⁶26.
2228 2926 2356 2978 Vid.
2384 2928 2641 2979 Larcher.

1553 2998 1806 3050 Chronol.
1848 2997 2110 3049 d'Herod.
2147 3013 2200 3062 p.
2230 2996 2349 3047 117.
2376 2997 2500 3048 629.
2553 2999 2644 3047 Fi-

1554 3069 1739 3119 scher:
1777 3068 1992 3121 Griech.
2024 3063 2322 3117 Zeittafeln
2356 3083 2483 3133 pag.
2521 3066 2642 3118 131.

1911 3238 2043 3289 Cu’.
2083 3238 2283 3289 XLIV.

1626 3332 1682 3401 ἐξ
1728 3328 1810 3389 ὧν
1873 3332 2001 3390 οἷόν
2061 3355 2120 3390 τε
2163 3327 2263 3405 ἦν]
2323 3338 2645 3404 Suspicatur

1555 3409 1756 3459 Sti-uve
1792 3408 1829 3458 l.
1868 3409 1906 3459 l.
1945 3427 2070 3476 pag.
2109 3410 2202 3470 45,
2251 3408 2356 3457 hoc
2390 3406 2543 3469 loco,
2582 3413 2645 3457 nt

1554 3478 1615 3541 Ι,
1654 3480 1774 3532 125.
1815 3479 1899 3542 ΙΙ,
1939 3481 2029 3531 92.
2080 3481 2199 3530 154.
2251 3475 2365 3536 ΙΙΙ,
2396 3476 2463 3526 82
2514 3478 2645 3526 scri-

1552 3546 1786 3597 bendum
1821 3563 1940 3597 esse
1972 3540 2039 3597 έκ
2074 3544 2228 3596 τῶν.
2288 3545 2555 3609 Equidem
2581 3544 2644 3593 li-

1552 3616 1667 3665 bris
1699 3616 1890 3666 invitis
1927 3617 2063 3667 nihil
2099 3618 2318 3665 mutem.

1633 3675 1846 3733 αὐτόθι
1915 3678 2064 3735 εἶναι
2140 3675 2271 3746 ἱρὸν
2335 3671 2644 3744 Ἡρακλέος

1551 3741 1742 3818 ἅγιον]
1778 3742 1944 3818 ἅγιον
1979 3771 2102 3805 cnm
2136 3754 2191 3804 vi
2230 3750 2464 3817 quadam
2494 3751 2644 3802 addi-

1551 3826 1696 3883 tum,
1744 3827 1806 3871 ut
1841 3822 1930 3884 ΙΙ,
1967 3825 2065 3886 41,
2113 3822 2207 3872 ubi
2242 3820 2352 3871 vid.
2428 3822 2642 3871 Etenim

1548 3891 1815 3941 Hercules
1843 3891 2013 3952 hicce,
2054 3892 2206 3941 cuius
2232 3888 2490 3954 templum
2521 3905 2643 3940 san·

1552 3959 1853 4009 ctissimum
1891 3962 1948 4010 in
1981 3961 2126 4025 Tyro
2156 3960 2291 4009 urbe
2324 3959 2378 4008 h.
2418 3959 2456 4009 l.
2496 3975 2643 4009 com-

1551 4033 1905 4091 memoratur,
1954 4044 2193 4079 summus
2230 4029 2418 4091 utique
2453 4030 2644 4093 Tyrio—

1552 4113 1671 4147 rum
1714 4103 1882 4162 atque
1917 4097 2249 4148 Phoenicum
2293 4096 2424 4145 deus
2482 4097 2644 4146 habe-

1551 4167 1742 4229 batur,
1795 4167 1941 4216 haud
1992 4167 2239 4216 diversus
2289 4165 2404 4228 fere
2452 4166 2520 4215 ab
2560 4181 2643 4228 ee,

1555 4251 1714 4300 quem
1750 4235 1870 4286 Beli
1903 4237 2120 4287 nomine
2153 4234 2446 4298 Babylonii
2481 4235 2639 4300 (Her.

1553 4305 1602 4367 Ι,
1630 4305 1722 4354 181
1754 4304 1937 4371 ibique
1965 4303 2136 4367 nott.)
2175 4302 2429 4353 colebant
2464 4318 2645 4368 qnem-

1555 4387 1659 4439 que
1710 4372 1908 4425 Graeci
1969 4389 2035 4424 ac
2086 4372 2320 4424 Romani
2383 4375 2643 4436 tanquam

2197 4451 2277 4512 34
