3109 5092
515 302 638 364 784

1385 304 1920 368 HERODOTI

447 464 454 471 ⁶
516 472 774 564 χώρους
827 485 1111 563 οἴκησαν
1163 476 1410 566 χρόνον
1465 478 1577 547 ἐπὶ
1632 480 1912 549 πολλόν·
1971 479 2100 547 εἰσὶ
2142 478 2218 547 δὲ
2256 468 2441 549 οὗτοι
2486 484 2557 549 οἱ
2587 487 2804 569 χῶροι

517 575 684 668 πρὸς
736 579 1114 667 θαλάσσης,
1168 577 1401 668 ὀλίγον
1451 585 1694 672 ἔνερθε
1745 581 2156 669 Βουβάστιος
2206 581 2471 668 πόλιος,
2540 587 2650 653 ἐπὶ
2700 589 2802 676 τῷ

514 687 879 775 Πηλουσίῳ
936 686 1326 776 καλευμένφ
1378 683 1653 772 στόματι
1699 691 1821 755 τοῦ
1859 693 2137 754 Νείλου.
2219 685 2498 766 τούτους
2539 687 2665 775 μὲν
2706 685 2800 775 δὴ

511 785 731 879 χρόνῳ
765 782 1052 875 ὕστερον
1087 784 1406 875 βασιλεὺς
1430 785 1709 875 ’Ἄμασις
1755 788 2238 877 ἐξαναστήσας,
2294 792 2623 859 ἐνθεῦτεν
2664 818 2795 858 κα-

512 897 762 958 τοίκισε
807 891 873 968 ές
903 892 1226 979 Μέμφιν,
1275 888 1594 980 φυλακὴν
1634 894 1891 963 ἑωυτοῦ
1929 892 2329 979 ποιεύμενος
2372 889 2539 982 πρὸς
2574 900 2797 980 Αἰγυ-

513 1000 748 1062 πτίων.
815 992 1089 1062 Τούτων
1125 994 1200 1063 δὲ
1228 998 1677 1064 οἰκισθέντων
1710 998 1785 1064 έν
1825 993 2181 1087 Αἰγύπτῳ,
2225 1001 2296 1064 οἰ
2324 992 2642 1083 Ἕλληνες
2669 993 2796 1066 οὗ-

512 1123 605 1165 τω
653 1096 1152 1186 ἐπιμισγόμενοι
1203 1097 1499 1167 τούτοισι
1554 1094 1637 1167 τά
1690 1100 1843 1187 περὶ
1887 1108 2237 1186 Αἴγυπτον
2288 1099 2611 1189 γινόμενα
2657 1096 2800 1169 ἀπὸ

520 1196 961 1288 Ψαμμητίχου
987 1202 1297 1288 βασιλέος
1319 1198 1677 1289 ἀρξάμενοι
1706 1200 1924 1272 πάντα
1950 1202 2063 1270 καὶ
2091 1199 2173 1269 τὰ
2199 1197 2485 1291 ὕστερον
2513 1203 2791 1272 ἐπιστά-

513 1313 692 1390 μεθα
736 1300 1083 1389 ἀτρεκέως.
1170 1309 1423 1392 πρῶτοι
1466 1303 1595 1392 γὰρ
1624 1294 1811 1373 οὗτοι
1854 1307 1930 1372 έν
1964 1302 2289 1397 Αἰγύπτῳ
2331 1303 2795 1392 ἀλλόγλωσσοι

515 1412 1065 1493 κατοικίσθησαν.
1123 1408 1188 1487 ἐξ
1219 1397 1316 1475 ὧν
1355 1406 1431 1475 δὲ
1458 1409 1902 1496 ἐξανέστησαν
1928 1406 2199 1497 χώρων,
2242 1410 2317 1476 έν
2343 1409 2637 1478 τούτοισι
2671 1407 2757 1498 δὴ
2776 1429 2891 1482 180

518 1513 589 1576 οἴ
609 1535 681 1577 τε
709 1503 896 1577 ὁλκοὶ
925 1514 1060 1577 τῶν
1098 1514 1275 1578 νεῶν
1317 1512 1428 1578 καὶ
1471 1508 1552 1578 τὰ
1583 1513 1843 1598 ἐρείπια
1885 1515 2023 1580 τῶν
2058 1509 2441 1599 οἰκημάτων
2481 1509 2555 1579 τὸ
2597 1514 2797 1601 μέχρι

518 1616 683 1699 ἐμεῦ
715 1603 907 1700 ἦσαν.
971 1612 1402 1703 Ψαμμήτιχος
1429 1614 1555 1702 μέν
1586 1641 1719 1682 νυν
1746 1609 1924 1682 οὕτω
1953 1620 2102 1701 ἔσχε
2136 1612 2260 1701 τὴν
2285 1623 2657 1702 Αἴγυπτον.

590 1781 801 1853 χρόνον
827 1780 917 1839 ἐπὶ
938 1782 1171 1856 πολλόν]
1195 1790 1354 1841 Conf.
1381 1791 1456 1853 11,
1485 1788 1601 1841 119.

585 1923 695 1978 εἰσὶ
735 1923 798 1977 δὲ
836 1915 997 1977 οὗτοι
1033 1920 1093 1976 οἱ
1115 1924 1290 1990 χῶροι
1319 1921 1466 1992 πρὸς
1491 1926 1602 1976 θα-

516 1990 726 2060 λάσσης
761 2013 812 2045 κ.
838 2012 885 2045 τ.
910 1994 978 2060 λ.]
1017 1991 1162 2059 πρὸς
1197 1989 1492 2059 θαλάσσης
1517 2001 1602 2047 est

516 2084 656 2118 mare
688 2081 880 2127 versus,
918 2071 982 2115 ut
1019 2066 1091 2128 ΙΙ,
1129 2067 1246 2129 148,
1285 2066 1434 2115 alibi.
1487 2067 1603 2116 Mo-

517 2153 620 2186 neo
642 2136 710 2185 ob
731 2136 1025 2195 Kuehner„
1047 2137 1140 2200 qui
1163 2135 1220 2183 in
1245 2135 1482 2185 Gramm.
1502 2136 1598 2188 Gr.

518 2211 569 2270 §-
611 2205 715 2256 616
764 2205 1221 2268 praepositionem
1268 2197 1413 2268 πρὸς
1452 2205 1506 2255 h.
1561 2205 1598 2256 l.

516 2275 780 2340 explieat:
853 2275 1168 2323 unmiuelbar
1226 2275 1414 2332 dovor,
1474 2273 1605 2324 nahe

519 2347 714 2403 dar-atu
765 2345 821 2392 in
877 2357 1037 2407 quam
1094 2343 1420 2393 sententiam
1469 2343 1605 2393 facit

519 2413 792 2464 Diodorus
828 2412 1099 2474 scribone,
1136 2411 1259 2462 illos
1295 2427 1457 2477 agros
1492 2428 1604 2463 am-

518 2484 638 2549 plos
701 2496 820 2531 esse
874 2482 1096 2532 sortitos
1150 2476 1355 2546 μικρὸν
1414 2472 1603 2531 ἐπάνω

517 2551 622 2602 τοῦ
672 2549 1077 2615 Πηλουσιακοῦ
1124 2543 1417 2615 στόματος.
1490 2553 1605 2602 Nec

522 2623 680 2672 aliter
700 2620 1241 2686 Schweighaeuserus
1267 2622 1320 2671 in
1342 2622 1476 2672 Lex.
1496 2622 1607 2671 He-

521 2692 698 2744 rodot.
735 2691 886 2740 reddi
919 2692 1036 2741 vult
1068 2706 1249 2756 prope,
1287 2697 1349 2741 ut
1379 2691 1435 2754 1,
1481 2691 1604 2741 145:

523 2780 628 2829 quo
666 2768 813 2812 certe
846 2761 966 2811 loco
1001 2759 1149 2826 πρὸς
1183 2757 1479 2816 Σικυῶνος
1513 2775 1606 2808 va-

521 2834 621 2884 let:
657 2830 916 2897 Sicyonem
950 2846 1154 2890 versun
1202 2830 1313 2879 vid.
1353 2829 1428 2878 ibi
1462 2833 1605 2880 nott.

522 2933 592 2942 --
639 2903 722 2950 De
760 2900 979 2950 Bubasti
1015 2899 1126 2949 vid.
1165 2904 1280 2949 not.
1317 2897 1388 2948 ad
1423 2898 1498 2960 ΙΙ,
1537 2897 1606 2948 59

524 2976 578 3020 et
615 2970 681 3018 de
709 2968 816 3018 Nili
847 2970 989 3019 ostio
1021 2970 1284 3018 Pelueiaco
1304 2969 1604 3018 Excursum

523 3039 592 3089 ad
626 3039 711 3099 11,
753 3038 836 3087 17.

591 3104 936 3156 κατοίκισε
1008 3094 1063 3160 ἐς
1127 3101 1394 3168 Μέμφιν]
1463 3104 1611 3155 Male

527 3177 654 3228 olim
702 3172 1061 3237 κατοίκησε
1080 3188 1141 3236 ν,
1203 3172 1349 3238 quod
1390 3173 1609 3224 minime

521 3247 627 3297 huc
663 3245 912 3311 quadrat.
984 3242 1297 3307 Requiritur
1329 3243 1468 3292 enim
1495 3259 1612 3293 ver·

523 3318 652 3368 bum
687 3310 1052 3373 κατοικίζειν,
1092 3311 1235 3377 quod
1272 3312 1338 3362 de
1373 3313 1441 3361 iis
1480 3313 1611 3362 dici-

525 3392 640 3450 tur,
679 3386 770 3450 qui
807 3384 916 3434 alio
957 3384 1012 3432 in
1048 3381 1169 3432 loco
1206 3381 1363 3432 sedes
1400 3382 1612 3433 habita-

523 3463 637 3507 tum
695 3456 782 3506 cui
842 3451 1160 3504 concedunt.
1235 3451 1394 3503 Conf.
1448 3452 1609 3502 modo

525 3523 832 3590 Thucydid.
896 3523 986 3585 11,
1052 3521 1152 3572 120
1206 3521 1389 3586 ibique
1448 3522 1613 3571 inter-

524 3600 688 3661 prett.
713 3593 957 3658 Xenoph.
988 3591 1164 3642 Anah.
1191 3591 1258 3655 V,
1292 3591 1344 3652 6,
1389 3591 1472 3642 15.
1509 3592 1610 3653 VI,

525 3669 587 3726 2,
624 3667 677 3716 7.
721 3664 956 3714 BredoV.
994 3675 1048 3723 p.
1085 3661 1207 3712 311.
1278 3659 1448 3710 Recte
1480 3661 1613 3710 Dio·

526 3736 691 3784 dorus
726 3733 771 3795 Ι,
810 3734 916 3783 67:
960 3724 1064 3786 οὓς
1092 3723 1363 3779 ἐντεῦθεν
1387 3721 1610 3794 ’Ἄμασις

525 3831 596 3841 —-
645 3794 912 3865 ἀνέστησε
963 3794 1058 3849 καὶ
1111 3790 1485 3864 κατῴκισεν
1530 3793 1614 3855 εἰς

524 3865 784 3936 Μέμφιν.
859 3870 1004 3919 Hinc
1038 3868 1347 3934 Polyaenus
1382 3868 1488 3918 VII
1512 3904 1526 3929 ,
1579 3867 1612 3918 3

527 3947 581 3992 et
639 3938 897 4003 Stephan.
934 3940 1091 4003 ·Byz.
1147 3953 1191 3987 s.
1247 3953 1299 3989 ν.
1362 3928 1615 4000 Καρικὸν

527 4008 777 4067 tradunt,
850 4009 1016 4057 Cares
1075 4011 1284 4071 partem
1340 4007 1611 4072 quandam

522 4076 790 4141 Memphis
845 4076 994 4125 urbis
1045 4075 1338 4126 incoluisse
1382 4076 1615 4140 indeque

527 4141 969 4209 Καρομεμφίτας
1004 4144 1307 4208 appellatos
1334 4160 1472 4196 esse.
1514 4146 1612 4196 Su-

525 4217 767 4283 spicatur
817 4218 997 4262 autem
1036 4213 1444 4266 Schlichthorst.
1492 4213 1530 4264 1.
1571 4214 1606 4264 l.

524 4303 654 4354 pag.
704 4283 800 4342 93,
846 4297 1169 4346 comparans
1212 4283 1475 4333 Herodot.
1529 4283 1608 4344 11,

526 4359 658 4420 112,
703 4352 1003 4404 Phoenices
1049 4351 1345 4417 Tyr-ieme,
1381 4367 1610 4418 quorum

1704 1789 1760 1840 h.
1788 1789 1825 1840 l.
1859 1789 2059 1838 mentio
2091 1787 2206 1849 flat,
2244 1790 2697 1840 mercenariorum
2726 1790 2802 1839 ab

1705 1858 1893 1909 Amasi
1914 1857 2191 1922 Memphin
2210 1861 2666 1924 transpositorum
2692 1875 2796 1924 pro

1705 1928 1937 1993 posteris
1989 1942 2109 1977 esse
2154 1927 2453 1979 habendos.
2526 1928 2634 1979 Sed
2679 1928 2801 1979 nul-

1703 1998 1788 2047 lus
1822 1999 2023 2048 Noster
2056 2003 2319 2048 memorat
2346 1998 2648 2048 Phoenices
2685 1999 2801 2062 Ty-

1704 2068 1884 2118 riosve
1924 2068 2314 2130 mercenarios,
2359 2068 2452 2132 qui
2502 2066 2664 2117 Iones
2715 2073 2803 2117 at-

1704 2153 1806 2201 que
1855 2137 2021 2186 Cares
2070 2140 2282 2186 tantum
2329 2137 2513 2199 novit,
2565 2151 2801 2201 quorum

1704 2206 1861 2256 sedes
1912 2207 1968 2255 in
2012 2206 2144 2255 urbe
2181 2205 2420 2270 Memphi
2468 2207 2562 2255 vix
2616 2205 2803 2271 Tyrio-

1704 2291 1810 2324 rum
1843 2276 2027 2324 Castra
2062 2275 2651 2340 appellaripotuerint.

1776 2336 2038 2409 φυλακὴν
2095 2369 2166 2381 --
2230 2341 2374 2409 πρὸς
2446 2339 2801 2408 Αἰγυπτίων]

1705 2406 2543 2548 Ξεξῑ..ςῑῑτ”ξζέωι.;ῑὶΐ“ᾞ
2572 2421 2803 2532 wem?

1706 2552 1811 2614 111,
1846 2552 1901 2603 b.
1940 2568 1991 2616 p.
2027 2552 2149 2603 253.
2212 2551 2477 2617 Equidem
2515 2550 2724 2600 malim:
2766 2569 2803 2600 a

1703 2630 1858 2685 parte
1892 2621 2270 2686 Aegyption-mn,
2298 2628 2359 2671 ut
2388 2620 2508 2670 scil.
2546 2629 2682 2670 tutus
2718 2637 2802 2670 es-

1706 2699 1782 2741 set
1816 2690 1879 2739 ab
1916 2692 2180 2754 Aeyyptiis
2212 2707 2350 2741 neve
2385 2690 2514 2756 quid
2550 2690 2682 2739 mali
2724 2690 2798 2739 ab

1706 2761 1775 2809 iis
1814 2760 2103 2824 acciperet.
2176 2760 2332 2811 Conf.
2381 2759 2652 2810 Matthiae
2701 2759 2799 2809 Gr.

1709 2831 1802 2880 Gr.
1842 2845 1894 2893 p.
1937 2829 2086 2880 1179.

1778 2889 2202 2963 ἐπιμισγόμενοι
2237 2887 2508 2964 τούτοισι]
2556 2897 2636 2946 De
2677 2885 2801 2944 ἔπι-

1707 2966 2009 3031 μίσγεσθαι
2047 2967 2193 3017 conf.
2232 2966 2307 3028 11,
2352 2968 2465 3017 151.
2539 2965 2604 3016 In
2639 2980 2799 3030 seqq.

1708 3037 2066 3102 iungendum:
2098 3030 2155 3084 oi
2165 3026 2436 3099 ’Έλληνες
2456 3035 2569 3100 (nos
2590 3036 2803 3100 Graece)

1710 3134 1776 3143 —
1825 3097 2198 3170 ἐπιστάμεθα.
2242 3099 2497 3154 τούτοισι
2540 3105 2610 3154 ad
2666 3119 2804 3153 mer-

1710 3176 1988 3237 cenarios,
2026 3176 2117 3240 qui
2151 3173 2391 3239 Memphi
2428 3178 2613 3236 erant,
2662 3173 2804 3223 refe·

1711 3246 1957 3296 rendum.
2025 3243 2290 3295 Herodoti
2332 3243 2474 3294 enim
2523 3243 2804 3293 sententia

1712 3315 1848 3364 haec
1888 3318 1999 3364 est:
2039 3329 2105 3363 ex
2132 3328 2239 3379 quo
2274 3312 2331 3362 hi
2361 3313 2561 3362 milites
2601 3313 2803 3375 (Cares

1714 3388 1768 3434 et
1803 3382 1996 3440 Iones)
2030 3383 2088 3433 in
2116 3385 2368 3448 Aegypto
2393 3381 2642 3434 habitare
2679 3395 2806 3430 coe-

1710 3454 1917 3518 perint,
1973 3452 2209 3504 Graecos
2252 3467 2372 3502 cum
2416 3451 2501 3501 his
2543 3466 2806 3501 commer-

1713 3523 1857 3572 cium
1891 3528 2117 3588 agentes
2154 3537 2246 3583 ea,
2284 3536 2425 3585 quae
2461 3522 2519 3569 in
2546 3521 2801 3585 Aegypto

1714 3597 1872 3656 gesta
1917 3593 2059 3655 sint,
2114 3607 2148 3642 a
2197 3589 2583 3641 Psammiticho
2639 3589 2803 3638 initio

1711 3661 1889 3722 facto,
1936 3663 2145 3723 omnia,
2191 3665 2247 3711 et
2282 3675 2349 3710 ea
2379 3674 2620 3724 quoque,
2660 3673 2804 3723 quae

1714 3738 1839 3796 post
1864 3729 2309 3780 Psammitichum
2339 3734 2499 3795 gesta
2534 3729 2673 3790 sint,
2712 3742 2805 3776 ac-

1717 3805 1912 3862 curate,
1940 3800 2177 3850 novisse.
2250 3798 2334 3848 Ad
2368 3798 2612 3863 proxime
2648 3811 2803 3861 seqq.

1715 3867 1934 3932 πρῶτοι
1970 3864 2076 3932 γὰρ
2103 3856 2263 3917 οὗτοι
2286 3882 2340 3918 κ.
2366 3883 2417 3919 τ.
2443 3867 2491 3916 λ.
2520 3865 2634 3916 vid.
2660 3870 2804 3916 nott.

1716 3939 1786 3988 ad
1841 3938 1926 4000 ΙΙ,
1983 3939 2084 3989 152
2131 3942 2185 3987 et
2225 3937 2370 3988 conf.
2421 3938 2695 3987 Letronne
2747 3937 2807 3984 in

1712 4005 1877 4058 Mem.
1931 4006 1999 4057 de
2032 4007 2210 4057 l'Aad.
2270 4005 2365 4057 des
2410 4006 2693 4070 Inscriptt.
2732 4005 2803 4054 T.

1712 4076 1893 4127 XVII.
1936 4092 1990 4141 p.
2030 4077 2063 4126 8
2099 4092 2246 4153 seqq.

1784 4143 1851 4194 οἷ’
1871 4159 1930 4195 τε
1969 4136 2129 4196 ὁλκοὶ
2162 4159 2277 4193 των
2313 4140 2480 4208 νεῶν]
2518 4134 2681 4192 ὁλκοὶ
2710 4158 2809 4192 na·

1710 4217 1849 4265 valia
1888 4220 2039 4278 sunt,
2086 4215 2384 4277 interprete
2419 4212 2809 4276 wesseling-ic,

1712 4285 1804 4348 qui
1842 4275 2050 4340 ὁλκοὺς
2096 4283 2150 4332 in
2201 4298 2260 4331 re
2295 4281 2519 4332 nautica
2553 4296 2677 4331 esse
2715 4280 2812 4330 do·

1711 4358 1799 4403 cet
1834 4354 2070 4404 rudentes
2107 4352 2179 4401 ad
2204 4367 2358 4403 naves
2407 4351 2686 4401 trahendas
2718 4350 2812 4416 (li-
