3109 5092
1125 346 1619 409 EUTERPE.
1665 345 1750 405 ΙΙ.
1795 351 1885 408 47.

2515 341 2640 404 539

361 519 478 603 ὖός
496 575 515 609 ,
570 519 833 592 αὐτοῖσι
875 527 1194 608 ἱματίοισι
1220 517 1339 590 ἀπ’
1378 511 1476 591 ὦν
1508 526 1720 607 ἔβαψε
1748 517 2001 590 ἑωυτὸν
2021 571 2039 605 ,
2077 516 2201 605 βὰς
2230 522 2339 589 ἐπὶ
2365 516 2486 590 τὸν
2513 546 2635 590 πο-

359 627 602 715 ταμόν·
663 631 862 695 τοῦτο
902 625 978 694 δὲ
1017 630 1087 695 οἱ
1126 630 1462 713 συβῶται,
1520 622 1742 704 ἐόντες
1784 622 2145 710 Αἰγύπτιοι
2187 618 2522 710 ἐγγενέες,
2571 620 2640 704 ἐς

365 728 518 819 ἱρὸν
549 725 757 799 οὐδὲν
787 733 927 798 τῶν
954 731 1029 797 ἐν
1070 727 1393 821 Αἰγύπτῳ
1422 731 1805 818 ἐσέρχονται
1840 733 2083 816 μοῦνοι
2124 725 2430 796 πάντων·
2479 722 2644 796 οὐδέ

362 856 485 923 σφι
527 837 925 903 ἐκδίδοσθαι
972 835 1322 921 θυγατέρα
1349 828 1576 912 οὐδεὶς
1604 834 1861 918 ἐθέλει,
1901 827 2055 901 οὐδ’
2089 827 2379 918 ἄγεσθαι
2408 832 2474 912 ἐξ
2512 827 2637 898 αὐ-

362 1018 467 1068 que
515 1018 647 1052 sane
697 1001 893 1051 attinet
947 1001 1036 1051 hic
1080 1001 1283 1051 referre
1327 999 1449 1050 reli-

361 1087 587 1138 quorum
623 1072 945 1137 scriptorum
984 1071 1296 1121 testimonia
1333 1075 1448 1119 tum

364 1143 431 1194 de
471 1141 787 1206 Aegyptiis,
827 1147 940 1190 tum
961 1141 1027 1191 de
1055 1140 1180 1190 aliis
1211 1139 1448 1204 antiqui—

361 1212 494 1262 tatis
551 1211 805 1275 gentibus
869 1226 994 1260 sues
1047 1210 1446 1271 aversantibus,

361 1285 458 1332 ant
473 1281 655 1330 varias
682 1295 998 1331 enumerare
1031 1295 1228 1329 causas
1251 1278 1449 1328 abillis

360 1351 635 1416 proditu,
686 1365 806 1399 cum
856 1349 1072 1400 abunde
1106 1348 1210 1398 hoc
1257 1348 1450 1398 fecerit

359 1420 618 1472 Bochart.
672 1420 982 1470 Hierozoic.
1022 1418 1122 1484 011,
1182 1418 1267 1467 57.
1318 1434 1448 1483 pag.

361 1491 493 1552 702,
540 1490 628 1539 eui
672 1504 816 1540 nunc
862 1488 989 1539 add.
1041 1489 1286 1538 Movere:
1345 1487 1450 1537 Die

358 1560 617 1612 Phoeniz.
660 1560 708 1610 1.
736 1575 791 1624 p.
820 1560 922 1610 218
959 1572 1106 1622 seq.‚
1145 1558 1238 1608 ubi
1276 1557 1450 1608 diver-

363 1645 454 1680 sas
515 1628 860 1693 antiquitatis
915 1621 1167 1678 recenset
1236 1634 1447 1692 gentes,

360 1715 500 1765 quae
537 1715 571 1749 a
608 1698 762 1748 suilis
812 1697 993 1749 carnis
1041 1712 1138 1747 esu
1173 1697 1448 1747 abstinue-

358 1771 469 1820 rint
521 1784 780 1833 suemque
826 1771 1115 1818 aversatae
1168 1767 1298 1817 sint.
1358 1769 1443 1817 Cr.

363 1838 574 1890 consuli
609 1837 729 1888 vult
756 1838 955 1889 Gesen.
990 1837 1061 1887 ad
1090 1836 1253 1887 Iesai.
1278 1838 1445 1899 LXV,

357 1913 409 1961 4.
447 1925 497 1973 p.
540 1908 660 1969 278,
699 1908 789 1973 qui
835 1908 1070 1958 Iudaeos
1118 1906 1217 1966 (cf.
1264 1907 1441 1957 Levit.

357 1979 455 2041 XI,
479 1981 510 2027 7
538 1979 761 2028 Denter.
782 1978 930 2038 XIV,
965 1975 1025 2038 8)
1052 1976 1107 2024 in
1131 1975 1258 2025 suili
1281 1991 1446 2026 carne

357 2046 664 2098 aversanda
684 2047 860 2097 minus
896 2045 1226 2096 valetudinis
1260 2061 1445 2096 curam

356 2118 642 2178 habuisse,
680 2116 774 2166 sed
804 2115 1154 2165 finitimarum
1181 2116 1442 2180 gentium,

357 2187 779 2252 Aegyptiorum,
818 2186 1074 2245 Arabum,
1110 2185 1443 2236 Phoenicum

355 2272 557 2309 morem
592 2261 810 2306 secutos
835 2270 954 2305 esse
991 2255 1203 2305 statuit.
1266 2256 1440 2317 Quam

356 2331 538 2378 antem
576 2325 741 2375 moris
793 2340 1013 2375 causam
1062 2325 1351 2374 habuerint
1388 2329 1443 2376 et

355 2397 496 2448 aliae
534 2400 725 2461 gentes
761 2397 815 2445 et
838 2410 968 2444 vero
985 2395 1321 2458 potissimum
1345 2396 1443 2446 Ae-

356 2466 556 2530 gyptii,
594 2465 814 2514 vixdum
853 2469 999 2514 certo
1036 2464 1279 2514 indicare
1315 2466 1444 2515 lice-

355 2537 456 2586 bit.
524 2535 610 2585 Cf.
645 2534 882 2584 Heeren.
920 2534 1086 2583 Ideen
1113 2534 1187 2593 ΙΙ,
1229 2537 1279 2582 2.
1312 2550 1439 2600 pag.

361 2605 450 2658 151
482 2607 537 2654 et
561 2603 787 2654 Bohlen.
818 2603 939 2656 Iud.
975 2604 1053 2654 ΙΙ.
1091 2619 1144 2666 p.
1188 2603 1305 2653 163.
1357 2605 1442 2654 Ad

357 2673 615 2725 sanitatis
653 2672 889 2723 tuendae
933 2674 1174 2723 rationes
1224 2689 1441 2724 carnem

355 2743 551 2795 anilem
609 2744 885 2807 sapienter
913 2742 1284 2793 interdictam
1335 2744 1440 2793 Ae·

354 2815 559 2880 gyptiis
582 2816 805 2864 revocat
827 2811 1158 2863 Wilkinson.
1184 2813 1440 2862 Manners

356 2889 460 2935 etc.
500 2899 609 2934 sec.
660 2898 765 2933 ser.
814 2882 893 2932 ΙΙ.
939 2898 993 2946 p.
1041 2882 1134 2932 181
1188 2883 1439 2948 idemque

355 2955 520 3004 etiam
556 2952 701 3018 apud
735 2951 969 3002 Iudaeos
998 2950 1240 3003 valuisse
1275 2957 1438 3015 atque

354 3022 531 3073 adhuc
564 3020 747 3071 valere
785 3021 928 3086 apud
966 3021 1302 3072 Christianos
1345 3022 1439 3072 ho-

353 3093 523 3142 mines
550 3090 890 3154 Abessyniae
925 3091 1237 3141 contendit:
1285 3108 1436 3142 suem

350 3161 477 3212 inde
514 3160 816 3224 Aegyptios
853 3161 1213 3211 immunditiei
1239 3166 1293 3211 et
1316 3178 1436 3225 pra-

350 3231 541 3281 vitatis
590 3230 831 3280 cuiusvis
879 3230 1184 3294 symbolum
1230 3231 1437 3281 sedem-

351 3316 457 3365 que
493 3303 678 3364 aptam
715 3300 910 3349 animis
944 3300 1231 3362 impiorum
1268 3300 1438 3350 homi-

349 3386 478 3421 num
493 3369 749 3420 habuisse
774 3368 946 3419 addit.
1016 3370 1235 3420 Movers
1255 3371 1292 3420 l.
1319 3369 1355 3420 l.
1378 3386 1433 3433 p.

349 3439 453 3491 219
478 3455 594 3504 seq.
617 3437 894 3502 religionis
914 3439 1252 3502 potissimum
1272 3441 1437 3489 ratio-

351 3525 471 3560 nem
505 3509 692 3558 baberi
734 3507 877 3569 vult,
918 3523 983 3556 ex
1026 3509 1228 3572 qna'in
1262 3510 1435 3559 sacris

351 3579 567 3644 quidem
578 3575 907 3627 animalibus
920 3577 1254 3626 numeral-int
1268 3594 1433 3640 suem,

351 3649 445 3699 sed
481 3647 638 3697 malis
674 3662 741 3696 ac
778 3646 1138 3696 nocivis.diis
1175 3662 1220 3696 s.
1258 3648 1435 3711 geniis

352 3717 644 3782 (Typhoni,
678 3716 862 3777 Marti,
889 3713 1034 3780 aliis)
1066 3717 1435 3766 consecrarint

349 3787 582 3851 indeque
616 3801 824 3836 summo
859 3785 984 3835 odio
1015 3788 1077 3835 et
1120 3788 1435 3849 contemptu

349 3857 621 3922 persecuti
656 3856 795 3904 sint:
831 3855 976 3905 unde
999 3852 1077 3903 nil
1103 3855 1313 3914 mirum,
1349 3855 1432 3905 vel

350 3925 526 3975 adhuc
564 3924 726 3975 talem
762 3925 1068 3989 opinionem
1108 3923 1175 3974 de
1205 3939 1303 3974 sue
1337 3940 1433 3988 per

350 3996 607 4045 orientem
649 4009 769 4044 esse
804 3997 1180 4059 propagatam.
1250 3993 1430 4057 Atque

349 4064 588 4114 affirmat
637 4063 790 4114 Lane
837 4064 892 4113 in
946 4063 1085 4112 libi-o
1132 4077 1296 4126 supra
1341 4060 1432 4126 (ad

346 4133 421 4192 ΙΙ,
461 4133 552 4195 37)
588 4132 814 4183 laudato
854 4133 899 4183 Ι.
939 4149 993 4195 p.
1035 4132 1165 4192 112,
1212 4147 1432 4182 carnem

347 4201 540 4252 suilem
558 4201 734 4252 adhuc
753 4217 940 4251 severe
951 4201 1293 4250 interdictam
1312 4215 1433 4251 esse

345 4271 413 4321 iis
450 4271 686 4336 Aegypti
723 4271 944 4332 incolis,
989 4270 1079 4335 qui
1122 4269 1432 4319 Mohamedi

346 4355 505 4390 sacra
548 4345 864 4405 sequuntur.
955 4339 1096 4389 Add.
1147 4337 1429 4401 Ghillany:

343 4409 758 4474 Menscbenopf.
782 4409 834 4459 d.
865 4409 1034 4459 Hebr.
1072 4424 1127 4473 p.
1159 4407 1278 4459 191.
1304 4407 1429 4459 463.

1624 1015 1660 1047 α
1670 989 1848 1050 ὖτοῖσι
1861 993 2157 1064 ΐματίοισι]
2171 995 2471 1047 Articulum
2491 999 2641 1047 τοῖσι

1554 1074 1682 1120 ante
1716 1065 1988 1133 ἱματίοισι
2018 1074 2167 1119 recte
2204 1064 2406 1116 delevit
2425 1067 2641 1119 Wesse-

1552 1140 1709 1206 ling.‚
1746 1140 1841 1205 qui
1878 1139 2021 1188 idem
2062 1138 2391 1188 locutionem
2432 1136 2640 1201 aliquot

1554 1209 1813 1274 exemplis
1839 1208 2154 1261 illustravit.
2183 1206 2268 1256 Cf.
2286 1206 2637 1272 Herod.V11‚

1553 1279 1622 1332 39
1641 1280 1824 1344 ibique
1840 1283 1978 1328 nott.
2042 1277 2327 1328 Pertinent
2353 1291 2484 1326 vero
2503 1276 2640 1328 haec

1551 1349 1722 1399 verba
1758 1348 1829 1398 ad
1873 1363 1932 1398 se
1970 1364 2024 1413 q.
2059 1338 2164 1396 ἀπ’
2207 1333 2289 1393 ὦν
2321 1337 2497 1409 ἔβαψε
2533 1348 2636 1413 (cf.

1552 1419 1629 1481 ΙΙ,
1669 1418 1754 1469 39.
1797 1414 1895 1481 40)
1960 1409 2148 1467 ωυτὸν
2189 1421 2243 1465 et
2277 1429 2399 1464 cum
2436 1416 2520 1465 his
2555 1432 2640 1467 ar-

1553 1493 1643 1539 cte
1678 1488 2060 1552 coniungenda
2084 1491 2234 1548 sunt,
2271 1499 2393 1534 cum
2424 1491 2641 1537 senten-

1550 1560 1632 1609 tia
1654 1558 1789 1608 haec
1814 1558 1912 1608 sit:
1954 1557 2041 1623 „si
2062 1558 2182 1621 quis
2209 1569 2392 1605 eorum
2426 1547 2640 1618 (αὐτῶν

1550 1644 1627 1678 sc.
1668 1623 2019 1692 Αἰγυπτίων)
2056 1626 2145 1675 vel
2185 1625 2515 1675 transeundo
2562 1631 2640 1678 te-

1549 1698 1740 1763 tigerit
1775 1712 1954 1758 suem‚
1993 1695 2180 1745 statim
2206 1695 2421 1745 accedit
2443 1696 2512 1745 ad
2544 1697 2640 1747 flu-

1548 1783 1672 1817 men
1709 1765 1942 1831 (Nilum)
1994 1767 2159 1830 inque
2207 1780 2327 1815 eum
2372 1780 2479 1814 cum
2512 1768 2639 1829 ipsis

1547 1838 1848 1889 vestimentis
1882 1850 2005 1887 sese
2036 1836 2356 1900 immergere
2395 1839 2450 1884 et
2488 1836 2638 1886 ablu-

1548 1923 1638 1958 ere
1674 1905 1874 1956 so'let.“

1618 1969 1679 2024 οἴ
1697 1972 1970 2040 συβῶται,
2013 1963 2200 2029 ἐόντες
2230 1962 2528 2036 Αἰγύπτιοι
2551 1964 2635 2038 ἔγ-

1546 2042 1733 2110 γενέες
1755 2061 1806 2094 κ.
1828 2061 1874 2093 τ.
1902 2041 1975 2108 L]
2002 2042 2269 2093 Valcken.
2299 2046 2427 2092 ante
2448 2032 2637 2101 ἐόντες

1545 2117 1715 2165 inseri
1747 2114 1868 2165 vult
1905 2111 2229 2178 particulam
2267 2107 2379 2175 καὶ,
2416 2117 2479 2161 ut
2514 2129 2636 2164 sen-

1546 2202 1641 2236 sus
1676 2186 1777 2235 sit:
1814 2185 2033 2249 quamvis
2066 2182 2335 2247 indiyenae
2360 2186 2476 2236 sint.
2528 2183 2637 2234 Sed

1544 2256 1677 2305 nihil
1698 2269 1832 2318 opus
1858 2254 1962 2303 hac
1980 2251 2278 2318 particula,
2313 2268 2476 2317 quam
2503 2254 2634 2303 scri-

1543 2327 1625 2391 pti
1662 2325 1785 2375 libri
1820 2339 1931 2373 non
1979 2327 2304 2386 agnoscunt.
2376 2324 2460 2372 De
2495 2324 2630 2389 ipsis
2712 2337 2727 2370 ·.

1544 2394 1788 2445 subulcis
1812 2391 1935 2459 (qui
1967 2393 2128 2442 etiam
2160 2398 2526 2443 memorantur
2552 2394 2630 2457 11,

1548 2464 1669 2529 164)
1696 2463 1879 2514 infimo
1914 2464 2034 2512 loco
2061 2462 2264 2512 habitis
2291 2462 2435 2525 apud
2455 2462 2632 2526 Aegy·

1543 2536 1688 2600 ptios
1705 2572 1718 2595 ‚
1744 2533 1857 2583 alia
1880 2531 2110 2581 aliorum
2132 2531 2456 2596 scriptorum
2481 2533 2633 2582 testi-

1543 2604 1728 2653 monia
1775 2600 2146 2666 suppeditabit
2191 2600 2450 2651 Bochart.
2498 2602 2631 2651 Hie-

1544 2673 1744 2723 rozoic.
1783 2673 1858 2734 11,
1896 2672 1982 2720 57.
2036 2686 2091 2734 p.
2131 2669 2253 2720 707.
2324 2669 2403 2719 Ac
2444 2674 2631 2719 tenen-

1544 2743 1672 2793 dum
1698 2746 1811 2802 est,
1848 2739 2218 2805 agriculturae
2232 2739 2630 2803 promovendae

1544 2817 1600 2863 et
1635 2811 1871 2861 tuendae
1907 2824 2102 2872 causa,
2150 2810 2239 2859 cui
2274 2809 2510 2858 maxime
2545 2825 2631 2859 as-

1542 2885 1753 2932 suetam
1794 2884 1849 2929 et
1886 2879 2208 2929 adstrictam
2244 2878 2517 2928 voluerint
2545 2894 2629 2938 sa-

1542 2951 1788 3002 cerdotes
1825 2947 2170 3014 legislatores
2207 2953 2423 3010 gentem
2449 2948 2630 3013 Aegy-

1540 3022 1739 3086 ptiam,
1780 3020 1951 3069 vitam
1978 3019 2325 3083 pastoritiam
2353 3022 2516 3082 atque
2535 3034 2630 3068 no·

1540 3091 1809 3150 madicam
1856 3089 2033 3151 refici,
2098 3093 2160 3138 ut
2210 3088 2346 3138 adeo
2399 3088 2628 3138 infamia

1538 3161 1772 3226 quadam
1796 3162 2052 3209 notentur
2083 3160 2154 3221 ii,
2195 3159 2289 3222 qui
2322 3158 2449 3210 huic
2475 3158 2628 3209 vitae

1538 3231 1725 3296 generi
1768 3244 1889 3280 sese
1950 3228 2209 3289 dicarint,
2270 3227 2524 3291 qnoniam
2569 3229 2626 3277 in

1538 3301 1687 3365 agris
1720 3299 1827 3349 rite
1877 3298 2119 3348 colendis
2167 3297 2496 3361 sedibusque
2540 3296 2627 3346 fir-

1536 3372 1640 3419 mis
1686 3368 1965 3432 capiendis
2013 3368 2186 3417 omnis
2236 3368 2505 3417 consistat
2545 3367 2626 3416 rei

1535 3438 1787 3505 publicae
1824 3437 1974 3487 salus
2014 3442 2179 3501 atque
2213 3435 2369 3498 ordo,
2407 3434 2622 3500 qualem

1537 3508 1852 3559 sacerdotes
1890 3506 1972 3556 illi
1995 3506 2227 3556 maxime
2263 3508 2621 3555 sectarentur.

1535 3578 1702 3628 Plura
1749 3575 1981 3627 Heeren.
2033 3576 2201 3627 Ideen
2258 3574 2336 3635 11,
2387 3576 2440 3626 2.
2490 3589 2619 3639 pag.

1537 3646 1640 3698 159
1674 3662 1825 3712 seqq.
1879 3645 2003 3695 coll.
2055 3644 2174 3695 150.
2248 3643 2406 3694 Conf.
2456 3644 2622 3693 etiam

1533 3716 1863 3766 Wilkinson.
1902 3716 2157 3765 Manners
2187 3718 2292 3763 etc.
2334 3713 2383 3764 Ι.
2417 3729 2469 3778 p.
2498 3713 2620 3766 239.

1535 3786 1613 3836 Π.
1649 3802 1704 3848 p.
1740 3786 1807 3837 16
1845 3800 1960 3850 seq.

1606 3849 1745 3904 οὐδὲ
1793 3867 1892 3918 σφι
1943 3846 2284 3903 ἐκδίδοσθαι
2332 3849 2414 3900 &v
2451 3847 2623 3914 ατέρα

1532 3940 1585 3973 κ.
1634 3938 1682 3972 τ.
1727 3922 1801 3989 L]
1849 3924 1931 3973 De
1983 3922 2352 3973 locutionibus
2427 3919 2621 3970 κὸίδο-

1535 3991 1676 4042 σθαι
1728 3989 2019 4055 θυγατέρα
2071 3997 2126 4041 et
2180 3982 2423 4055 ἄγεσθαι
2472 3992 2619 4042 conf.

1535 4065 1651 4112 not.
1693 4060 1763 4111 ad
1794 4062 1840 4122 Ι,
1876 4060 1963 4112 34.
1986 4061 2072 4111 59.
2123 4061 2207 4112 Or.
2240 4060 2475 4111 conferri
2501 4059 2622 4110 vult

1532 4130 1819 4180 Heindorf.
1880 4129 1948 4179 ad
2006 4130 2224 4180 Platon.
2274 4129 2440 4192 Gorg.
2491 4145 2618 4194 pag.

1533 4200 1656 4249 226.
1694 4229 1765 4238 -
1799 4200 1907 4249 Pro
1945 4190 2271 4248 ἐκδίδονται
2308 4205 2363 4248 et
2385 4191 2623 4261 ἄγονται

1533 4267 1785 4332 Schwgh.
1825 4272 1881 4318 et
1924 4269 2096 4320 Gaisf.
2136 4284 2201 4317 ex
2238 4283 2346 4318 uno
2370 4269 2511 4317 libro
2537 4282 2621 4316 re-

1532 4340 1791 4402 ceperunt
1817 4328 2141 4386 ἐκδιδόαται
2175 4344 2340 4402 atque
2367 4329 2620 4401 ἆγέαται.

1529 4406 1795 4471 Equidem
1841 4406 2123 4472 vulgatam
2169 4405 2456 4457 lectionem
2500 4404 2622 4456 reli-
