3109 5092
400 1144 483 1206 99

495 329 619 406 64‘0
1368 345 1911 409 HERODOTI

489 548 596 590 ται
626 526 748 590 τοῦ
775 519 1418 613 αἰεὶ“βασιλεύοντος
1447 520 1801 607 ,Αἰγύπτου
1828 526 1911 611 τῇ
1936 531 2232 610 γυναικί.
2302 530 2502 593 τοῦτο
2545 524 2619 593 δὲ
2662 530 2772 610 yl—
2860 570 2879 583 -

493 651 714 707 νεται,
756 626 823 706 ἐξ
863 620 1028 693 ὅσον
1058 620 1194 692 ὑπὸ
1223 626 1532 711 Πέρσῃσί
1555 627 1692 692 ἐστι
1720 634 2087 711 Αἴγυπτος.
2174 623 2214 714 ἡ
2248 626 2325 696 δὲ
2356 629 2546 717 ἑτέρη
2574 629 2774 707 πόλις

494 731 714 797 δοκέει
741 754 854 816 μοι
881 724 956 794 τὸ
985 724 1243 814 οὔνομα
1280 732 1459 813 ἔχειν
1486 723 1620 795 ἀπὸ
1648 732 1772 795 τοῦ
1802 735 2088 798 Δαναοῦ
2136 735 2468 821 γαμβροῦ,
2495 726 2767 819 Ἀρχάν-

495 836 666 918 δρου
698 836 821 899 τοῦ
863 836 1124 913 Φθίου,
1166 834 1288 898 τοῦ
1316 825 1617 917 Ἀχαιοῦ·

1710 833 2016 901 καλέεται
2057 829 2187 923 γὰρ
2228 830 2313 921 δὴ
2354 830 2775 923 Ἀρχάνδρου

493 931 704 1014 πόλις.
762 943 866 1020 εἴη
910 929 974 1000 δ’
1020 928 1107 1002 ἂν
1135 930 1246 1001 καὶ
1276 928 1474 1011 ἄλλος
1519 958 1620 1012 τις
1634 929 2082 1027 Ἄρχανδρος,
2130 933 2214 1004 οὐ
2241 938 2468 1023 μέντοι
2498 962 2577 1021 γε
2607 942 2733 1005 Αἰ·
2764 951 2865 1006 148

495 1036 783 1123 γύπτιον
809 1033 885 1104 τὸ
917 1032 1197 1124 οὔνομα.

639 1142 865 1230 Μέχρι
891 1138 1017 1227 μὲν
1042 1136 1286 1208 τούτου
1316 1134 1469 1220 ὄψις
1496 1164 1570 1205 τε
1597 1134 1721 1226 ἐμὴ
1748 1140 1859 1207 καὶ
1881 1137 2117 1227 γνώμη
2134 1141 2248 1208 καὶ
2268 1143 2526 1228 ἱστορίη
2558 1127 2775 1206 ταῦτα

493 1337 693 1401 qandos
724 1337 851 1386 haec
882 1338 1006 1387 urbs
1034 1337 1104 1399 (s.
1126 1336 1289 1388 huius
1321 1338 1471 1387 urbis
1503 1352 1586 1388 re-

499 1402 674 1467 ditus)
718 1409 1046 1470 singulariter
1091 1411 1352 1471 assignata
1395 1423 1440 1460 a.
1490 1409 1585 1456 ad-

499 1476 685 1524 tributa
720 1484 797 1525 esc
837 1477 996 1525 uxori
1033 1478 1140 1526 eius
1172 1483 1421 1538 satrapae
1457 1476 1586 1525 Per-

497 1546 617 1608 sici,
666 1548 752 1606 qm·
787 1546 836 1593 in
870 1546 1104 1610 Aegypto
1139 1548 1373 1608 imperat.
1441 1545 1582 1595 Nam

497 1606 601 1667 τὸν
632 1607 723 1663 ἀεὶ
759 1611 1131 1680 βασιλεύοντα
1169 1605 1462 1678 Αἰγύπτου
1498 1629 1584 1663 sa-

499 1690 711 1748 trapam
749 1683 887 1746 diei,
926 1687 1017 1750 qui
1036 1684 1182 1749 regis
1210 1683 1385 1733 instar
1409 1683 1464 1731 in
1482 1683 1585 1733 Ae-

467 1759 670 1820 'gypto
719 1758 939 1819 regnat,
1000 1768 1108 1804 non
1156 1752 1331 1817 magis
1382 1753 1584 1802 attinet

500 1839 735 1885 monere,
772 1838 932 1889 quam
956 1822 1109 1883 illud,
1145 1822 1425 1886 imperium
1454 1822 1586 1870 isto-

497 1908 615 1943 rum
646 1893 1041 1957 praefectorum
1067 1906 1258 1956 reapse
1287 1891 1494 1956 regium
1517 1894 1585 1940 ·et

498 1964 590 2012 vix
636 1962 849 2027 legibus
891 1962 1358 2025 citoumscriptum
1412 1961 1586 2009 fuisse

499 2032 553 2081 in
578 2032 847 2094 subditos,
878 2031 1039 2097 quale
1059 2030 1324 2095 hodieque
1343 2034 1428 2079 est
1451 2030 1587 2078 Tur-

499 2115 682 2151 earum
703 2102 1100 2164 praefectorum
1116 2137 1129 2162 ,
1168 2100 1366 2163 quibus
1390 2113 1586 2149 nomen

500 2174 586 2219 est
633 2169 853 2218 Pascha.
925 2169 1059 2218 Inde
1105 2171 1241 2233 regis
1285 2166 1584 2232 appellatio

497 2240 556 2287 in
581 2241 803 2301 satrapa
818 2236 951 2287 nihil
972 2237 1138 2286 habet
1156 2237 1366 2287 absoni.
1416 2235 1587 2285 Plura

500 2307 567 2357 de
582 2307 815 2370 satrapis
831 2306 1001 2355 citavi
1012 2305 1083 2355 ad
1097 2306 1314 2355 Ctesiae
1333 2305 1582 2370 fragmm.

499 2391 627 2441 pag.
678 2377 775 2425 122
826 2379 880 2424 et
927 2375 997 2425 ad
1043 2374 1307 2425 Herodot.
1362 2374 1407 2435 1,
1460 2374 1579 2424 192.

503 2446 609 2506 Qui
655 2449 910 2509 satrapae
954 2444 1118 2494 etiam
1166 2443 1222 2493 in
1257 2442 1381 2492 aliis
1421 2444 1582 2492 rebus

501 2515 731 2577 exteris,
766 2528 902 2579 quas
938 2513 1155 2574 dieunt,
1200 2513 1238 2563 i.
1278 2528 1326 2562 e.
1367 2517 1582 2574 ornatu,

498 2583 799 2635 aulicorum
841 2584 1211 2634 ministrorum
1267 2597 1335 2631 ac
1380 2580 1586 2631 satelli-

502 2659 615 2704 tum
660 2654 817 2718 oopia
861 2668 1043 2719 regem
1087 2667 1354 2702 summum
1391 2652 1586 2701 Persa-

500 2740 618 2774 rum
655 2723 858 2773 imitari
878 2723 1193 2774 studebant.
1251 2722 1395 2771 Hine
1420 2720 1587 2771 etiam

502 2795 739 2857 ipsorum
780 2807 977 2851 uxores
1012 2792 1237 2857 reginae
1273 2795 1328 2840 et
1364 2805 1427 2840 eo
1463 2789 1585 2840 loco

500 2862 750 2925 habitae,
788 2877 894 2926 quo
927 2862 1071 2925 regis
1112 2860 1308 2911 summi
1333 2859 1585 2909 feminae.

505 2931 611 2991 Qui
646 2946 768 2980 eum
813 2931 1027 2980 feminis
1074 2931 1188 2979 suis
1235 2928 1305 2978 ad
1341 2927 1588 2992 singulas

505 3002 729 3048 ornatus
766 3004 944 3062 partes
981 2997 1196 3062 singula
1233 2996 1434 3060 oppida
1470 2997 1588 3046 sive

505 3081 690 3116 eorum
724 3066 931 3116 reditus
956 3065 1086 3115 dare
1121 3065 1347 3127 soleret,
1385 3080 1589 3115 morem

503 3136 669 3187 istum
704 3135 907 3186 imitati
943 3139 1069 3184 sunt
1113 3133 1286 3199 reguli
1330 3135 1423 3183 isti
1469 3149 1591 3197 pro·

503 3204 803 3255 vinciarum
864 3205 981 3255 sive
1035 3211 1307 3267 satrapae.
1410 3204 1592 3264 Quare

503 3288 695 3339 parum
740 3273 948 3335 differt,
1006 3272 1152 3339 quod
1205 3286 1345 3338 quae
1397 3271 1487 3321 hie
1535 3262 1591 3329 ἐς

504 3335 847 3408 ὑποδήματα
894 3342 1100 3393 tradita
1136 3342 1336 3392 dieitur
1369 3341 1591 3405 reginae

503 3415 660 3476 urbs,
714 3413 858 3479 apud
893 3412 1231 3465 Athenaeum
1271 3411 1320 3462 Ι.
1363 3424 1492 3474 pag.
1518 3408 1588 3462 33

503 3479 587 3541 εἰς
647 3478 831 3548 ζώνην
901 3482 985 3547 (ut
1036 3481 1183 3546 apud
1239 3479 1586 3543 Xenophont.

503 3552 745 3604 Atrabas.
780 3553 825 3615 1,
860 3555 912 3615 4,
949 3554 1002 3604 9.
1061 3550 1280 3601 Platon.
1318 3548 1589 3599 Alcibiad.

506 3623 555 3674 1.
594 3638 646 3686 p.
689 3621 787 3673 123
818 3622 883 3671 Β.
925 3619 1243 3671 Philostrat.
1283 3619 1393 3667 Vit.
1429 3617 1593 3682 Apol-

504 3690 615 3741 lon.
660 3692 737 3753 11,
782 3689 872 3753 31)
921 3689 1205 3754 assignata
1251 3687 1421 3738 fuisse
1468 3702 1591 3736 nar-

505 3766 677 3810 ratur.
750 3761 833 3809 Tu
857 3758 1009 3821 vide,
1044 3773 1185 3824 quae
1208 3757 1486 3822 disputavi
1519 3757 1590 3806 ad

506 3828 724 3878 Ctesiae
762 3827 1012 3893 fragmm.
1054 3843 1105 3892 p.
1145 3825 1267 3878 209.

569 3887 911 3960 Ἀρχάνδρου
928 3894 1032 3945 τοῦ
1054 3894 1262 3957 Φθίου,
1289 3892 1392 3943 τοῦ
1414 3886 1589 3958 Ἀχαι-

507 3962 601 4029 οὗ]
641 3966 794 4014 Haec
835 3964 912 4015 ita
947 3969 1074 4013 sunt
1102 3965 1341 4028 prolata,
1379 3968 1443 4013 ut
1473 3964 1591 4012 iure

507 4033 673 4083 Phthia·
706 4032 872 4081 filium
906 4037 961 4081 et
996 4033 1192 4083 Achaei
1224 4036 1476 4096 nepotem
1513 4032 1592 4081 di-

506 4117 627 4153 cere
647 4115 805 4166 posse
823 4101 1060 4150 videaris
1077 4101 1450 4151 Arc-leandrum.
1475 4101 1590 4151 Neo

505 4171 666 4222 aliter
701 4168 1009 4233 Stephanus
1035 4169 1270 4234 Byzant.
1307 4184 1352 4219 s.
1386 4185 1440 4219 v.
1465 4162 1590 4218 Ἐλ-

503 4231 606 4296 λὰς
643 4244 808 4304 atque
842 4237 1097 4287 Eustath.
1137 4238 1206 4287 ad
1239 4239 1460 4289 Homer.
1497 4237 1586 4288 Ili.

506 4310 584 4370 ΙΙ,
616 4307 738 4359 683.
777 4322 904 4372 pag.
940 4306 1061 4369 320,
1098 4307 1185 4358 30.
1264 4307 1422 4368 Quod
1459 4322 1587 4357 vero

506 4376 650 4444 apud
687 4377 925 4428 Pausan.
946 4373 1078 4438 VII,
1118 4375 1168 4427 1.
1191 4377 1244 4439 ὃ.
1278 4375 1329 4427 3.
1352 4374 1589 4427 Archan-

1686 1340 1829 1390 drum
1880 1338 2079 1390 Achaei
2142 1338 2308 1389 filium
2366 1355 2434 1390 ae
2478 1338 2774 1405 postmodo

1685 1410 1867 1460 Danai
1901 1424 2189 1474 generum,
2230 1424 2293 1459 ex
2320 1409 2603 1460 Phthiotide
2625 1414 2776 1458 terra

1687 1480 1863 1545 Arg-os
1914 1478 2131 1528 venisse
2183 1478 2440 1543 legimus,
2495 1478 2618 1528 inde
2663 1476 2778 1527 col-

1684 1550 1856 1612 ligas,
1915 1547 2060 1612 apud
2103 1548 2445 1597 Herodotum
2492 1562 2629 1597 voce
2666 1544 2777 1595 τοῦ

1686 1616 1880 1666 Φθίου
1913 1632 2109 1667 nomen
2136 1616 2436 1666 Archandri
2455 1615 2659 1681 gentile
2684 1631 2779 1665 ne·
2882 1651 2889 1656 .

1686 1703 1791 1752 que
1826 1687 1997 1751 patris
2036 1702 2231 1736 nomen
2270 1686 2529 1747 indicari,
2576 1688 2622 1736 si
2658 1686 2780 1750 qui-

1686 1757 1807 1806 dem
1860 1755 2051 1805 eodem
2102 1760 2242 1805 teste
2284 1755 2581 1806 Eustathio
2628 1754 2695 1821 (l.
2732 1754 2773 1803 l.

1686 1840 1814 1890 pag.
1852 1825 1973 1887 320,
2010 1824 2099 1887 25)
2136 1824 2467 1875 Phthiotidis
2501 1825 2681 1874 incola
2719 1827 2778 1873 et

1689 1893 1879 1951 Φθῖος
1902 1899 1958 1944 et
1980 1886 2252 1958 Φθιώτης
2285 1893 2517 1944 dicatur.
2583 1893 2691 1943 Sed
2714 1894 2778 1942 in

1686 1963 1997 2024 Herodoto,
2045 1963 2137 2029 qui
2182 1962 2250 2011 de
2284 1961 2443 2014 huius
2481 1968 2659 2013 terrae
2692 1962 2777 2011 in-

1688 2033 1822 2082 eolis
1839 2032 2066 2082 alteram
2091 2036 2303 2082 tantum
2321 2032 2548 2083 formam
2562 2022 2779 2096 (Φθιώ-

1684 2116 1788 2164 της
1822 2102 1950 2163 VII,
1998 2102 2093 2153 132
2132 2101 2260 2152 coll.
2294 2102 2340 2165 1,
2389 2102 2478 2165 56)
2530 2100 2776 2163 adhibet,

1688 2170 1793 2220 hoo
1826 2171 1956 2220 ferri
1992 2185 2152 2235 posse
2198 2177 2346 2221 reete
2396 2176 2564 2236 negat
2603 2170 2778 2221 Schu-

1689 2239 1838 2289 bart:
1883 2242 2110 2301 Quaest.
2146 2239 2470 2305 genealogg.
2494 2241 2774 2290 historice.

1688 2324 1742 2373 p.
1767 2309 1834 2359 36
1869 2324 2013 2374 seq.;
2036 2324 2210 2374 neque
2228 2311 2369 2359 enim
2396 2308 2777 2369 dubitandum,

1687 2393 1815 2497 2¹53?
1843 2378 2446 2513 ἇέζίῗῧῗάἯξιέἶᾞζ
2462 2377 2779 2511 θῖξὲῗηῗῗ
2840 2473 2844 2476 «

1687 2516 1965 2567 Pausania
2001 2516 2162 2566 aliam
2199 2518 2399 2567 famam
2435 2515 2644 2567 aliosve
2680 2532 2780 2567 au-

1686 2590 1866 2635 ctores
1900 2590 2163 2650 sequente
2190 2587 2496 2652 eidemque,
2533 2591 2595 2635 ut
2627 2586 2778 2636 idem

1687 2654 1976 2705 Sohubart.
2003 2654 2036 2704 1.
2065 2655 2099 2704 1.
2124 2657 2337 2718 statuit,
2366 2654 2777 2720 praeferendus.

1687 2724 1774 2773 'l'u
1820 2724 1945 2774 add.
1987 2722 2257 2775 Merleker
2306 2726 2360 2774 in
2406 2724 2664 2775 Achaico.
2712 2723 2779 2773 li-

1686 2791 1800 2842 bris
1839 2809 1963 2857 pag.
2005 2795 2035 2842 7
2078 2807 2193 2857 seq.
2452 2790 2455 2795 '

1761 2854 1829 2910 οὗ
1875 2860 2069 2926 μέντοι
2104 2875 2164 2926 γε
2210 2853 2527 2925 Αἰγύπτιον
2554 2853 2635 2911 τὸ·
2673 2851 2776 2909 οὔ·

1691 2927 1861 2995 νομα]
1920 2931 1959 2981 i.
2018 2947 2067 2982 e.
2114 2946 2208 2981 nec
2260 2939 2422 2981 tamen
2471 2931 2778 2996 Aegyptium

1690 3001 1883 3066 quidem
1928 3007 2005 3050 est
2054 3015 2226 3050 nomen
2276 3015 2319 3050 s.
2375 3007 2430 3050 at
2478 2999 2779 3065 Aegyptium

1689 3076 1825 3119 certe
1858 3084 1956 3119 non
1988 3077 2067 3119 eu
2110 3084 2296 3119 nomen.
2372 3071 2455 3119 De
2490 3067 2778 3132 particulis

1690 3129 1759 3186 οὗ
1794 3134 1987 3201 μέντοι
2032 3151 2091 3201 γε
2133 3138 2246 3189 vid.
2283 3141 2425 3189 nott.
2461 3137 2533 3188 ad
2570 3138 2647 3200 11,
2684 3137 2778 3189 63.

2048 3308 2181 3359 Cu.
2218 3309 2416 3360 XCIX.

1760 3400 1897 3474 ὄψις
1930 3424 1987 3459 τε
2015 3399 2116 3475 ἐμὴ
2145 3405 2240 3459 καὶ
2273 3403 2467 3475 γνώμη
2501 3405 2597 3458 καὶ
2626 3403 2780 3459 ἴστο-

1692 3478 1788 3543 ρίη
1824 3476 1999 3528 ταῦτα
2033 3472 2272 3543 urowa}
2308 3471 2444 3545 ἐστι]
2480 3480 2517 3529 i.
2550 3495 2598 3529 e.
2621 3495 2778 3530 enar-

1692 3550 1807 3598 ravi
1837 3549 2105 3609 hactenus,
2142 3565 2272 3614 quae
2292 3551 2404 3613 ipse
2436 3548 2542 3598 vidi
2562 3555 2611 3597 et
2644 3563 2780 3613 quae

1690 3618 1801 3681 ipse
1833 3620 1993 3668 sentio
2029 3625 2079 3668 el
2122 3633 2252 3683 quae
2284 3618 2662 3682 percunctando
2709 3616 2778 3665 ab

1692 3686 1808 3736 aliis
1842 3689 2031 3750 accepi.
2103 3686 2371 3737 Creuzero
2404 3686 2535 3750 (Die
2578 3686 2776 3735 histor.

1691 3755 1876 3804 Kunst
1905 3753 1957 3806 d.
1997 3755 2090 3807 Gr.
2129 3771 2183 3820 p.
2226 3755 2294 3807 85
2341 3755 2426 3806 ed.
2468 3753 2601 3820 sec.)
2640 3744 2781 3819 ὄψις

1692 3829 1802 3873 est:
1864 3824 2117 3874 Kenntm’s
2172 3841 2267 3875 aas
2318 3824 2777 3888 Ansehauuny,

1690 3884 1915 3957 ἱστορίη
1966 3893 2246 3944 Κεηηιηίεε
2303 3910 2400 3944 aus
2457 3892 2779 3942 Erkundt‘-

1686 3962 1880 4026 yun'y,
1938 3954 2159 4026 γνώμη,
2217 3979 2324 4013 was
2368 3979 2428 4013 er
2470 3978 2565 4012 aus
2606 3965 2783 4027 eiyner

1692 4031 1761 4080 M
1768 4034 1828 4082 ei
1836 4048 1954 4081 nun
1962 4048 1998 4096 9
2026 4035 2275 4096 vorcrei'yt.
2304 4033 2421 4083 Neo
2439 4031 2598 4081 aliter
2608 4030 2781 4081 Dabl-

1690 4115 1888 4150 manno
1924 4097 2073 4165 (pag.
2114 4101 2234 4165 111)
2271 4092 2467 4165 γνώμη
2503 4104 2615 4150 est:
2652 4103 2781 4151 mein

1690 4169 1988 4304 ῗὲξέῑιυρ
1988 4164 2780 4289 ‘'²⁸‘302‘122‘2'05520mffi1553

1691 4307 1761 4356 ad
1795 4308 1917 4357 init.
1950 4308 2149 4371 operis.
2220 4306 2379 4370 Quod
2414 4322 2544 4359 vero
2576 4322 2643 4356 ex
2675 4307 2781 4357 hoc

1688 4375 1956 4426 Herodoti
2004 4376 2126 4427 loeo
2179 4374 2397 4427 efficere
2452 4373 2576 4426 vult
2634 4375 2779 4426 idem
