3109 5092
1133 344 1629 406 EUTERPE.
1674 346 1759 406 Π.
1806 355 1926 407 102.

2538 343 2657 404 651

396 517 609 585 θέντα
652 520 726 585 ἐκ
770 522 894 584 τοῦ
919 514 1236 608 Ἀραβίου
1277 519 1571 604 κόλπου,
1612 516 1772 597 τούς
1803 515 1983 606 παρὰ
2013 515 2138 607 τὴν
2160 516 2499 610 Ἐρυθρὴν
2527 518 2657 589 θά-

397 630 655 689 λασσαν
707 622 1229 708 κατοικημένους
1277 624 1860 712 καταστρέφεσθαι
1879 672 1897 706 ,
1974 624 2042 702 ἐς
2104 617 2143 691 ὃ
2202 621 2491 691 πλέοντά
2543 652 2661 713 μιν

395 721 660 812 πρόσω,
714 719 1080 793 ἀπικέσθαι
1123 727 1190 805 ἐς
1214 725 1572 796 θάλασσαν
1611 724 1832 796 εὐκέτι
1862 721 2133 813 πλωτὴν
2172 720 2657 814 ὑπὸβραχέων.

394 829 724 896 ἐνθεῦτεν
750 828 824 896 δὲ
863 823 954 907 ὥς
979 825 1195 897 ὀπίσω
1236 826 1512 898 ἀπίκετο
1559 833 1626 909 ἐς
1647 840 2029 917 Αἴγυπτον,
2086 826 2253 898 κατὰ
2289 835 2429 898 τῶν
2458 832 2660 918 ἱρέων

388 927 515 1019 τὴν
541 929 784 1018 φάτιν,
831 930 1153 1021 στρατιὴν
1192 931 1450 1022 πολλὴν
1486 931 1720 1021 λαβών
1755 928 2010 1021 ἤλαυνε
2040 929 2154 1001 διὰ
2195 936 2312 1021 τῆς
2349 928 2657 1020 ἠπείρου,

229 1106 234 1109 ,
307 1040 558 1103 Ιόθποῖν
585 1039 786 1113 ἔθνος
813 1032 889 1101 τὸ
915 1032 1228 1123 ἐμποδών
1254 1037 1894 1125 καταστρεφόμενος.
1950 1030 2193 1104 ὁτέοισι
2221 1037 2347 1125 μέν
2372 1063 2505 1104 νυν
2530 1033 2654 1104 αὐ-

390 1143 529 1206 τῶν
569 1134 906 1226 ἀλκίμοισι
960 1139 1360 1227 ἐνετύγχανε
1407 1141 1522 1210 καὶ
1563 1144 1803 1219 δεινῶς
1849 1141 2295 1227 γλιχομένοισι
2344 1140 2498 1227 περὶ
2542 1144 2658 1227 τῆς

392 1242 785 1329 ἐλευθερίης
809 1291 827 1325 ,
886 1241 1182 1313 τούτοισι
1229 1242 1355 1331 μὲν
1394 1243 1640 1334 στήλας
1682 1246 1909 1330 ἐνίστη
1963 1244 2030 1322 ἐς
2072 1238 2189 1322 τὰς
2240 1240 2488 1329 χώρας,
2543 1240 2658 1312 διὰ

390 1344 799 1433 γραμμάτων
824 1346 1150 1433 λεγούσας
1176 1347 1257 1417 τό
1280 1374 1352 1417 τε
1383 1349 1642 1419 ἑωυτοῦ
1669 1343 1925 1436 οὕνομα
1954 1347 2065 1417 καὶ
2092 1351 2209 1434 τῆς
2236 1346 2510 1434 πάτρης,
2544 1347 2655 1415 καὶ

383 1547 540 1597 niuut
560 1545 792 1597 Diodori
813 1547 983 1598 verba
1002 1547 1050 1609 Ι,
1077 1548 1144 1599 55
1167 1548 1289 1601 init.
1327 1549 1468 1600 Nam

382 1616 615 1666 classem
672 1615 1186 1681 quadringentarum
1245 1620 1466 1669 navium

380 1687 439 1735 in
474 1700 621 1736 mare
655 1685 874 1735 rubrum
910 1701 945 1736 a
975 1702 1100 1751 rege
1131 1688 1349 1737 missam
1386 1704 1467 1739 re-

382 1756 516 1817 fert,
554 1755 649 1820 qui
679 1754 914 1805 omnium
949 1757 1152 1820 primus
1186 1757 1467 1822 indigena-

383 1840 502 1874 rum
518 1823 681 1891 longa
702 1825 925 1889 navigia
949 1827 1294 1878 exstruxerit.
1345 1829 1466 1890 Qua

381 1894 559 1945 classe
593 1899 648 1944 et
677 1893 882 1945 insulas
917 1894 1028 1945 illic
1052 1895 1189 1946 sitas
1223 1900 1280 1946 et
1315 1912 1463 1947 oram

381 1964 706 2014 maritimam
744 1963 812 2013 ad
833 1963 1052 2013 Indicas
1086 1979 1259 2030 usque
1286 1969 1463 2016 terras

381 2033 575 2083 ditioni
600 2048 734 2083 suae
756 2033 1044 2085 adiecisse.
1105 2034 1268 2084 Haud
1305 2035 1464 2085 aliter

381 2103 580 2154 Strabo
616 2103 797 2153 XVII.
833 2118 957 2168 pag.
1007 2103 1110 2153 769
1156 2105 1326 2155 refert
1371 2106 1463 2156 Se-

382 2172 669 2222 sostridem
688 2173 915 2236 primum
951 2176 1151 2223 terram
1181 2174 1460 2239 Aethiopi-

381 2258 500 2292 cam
556 2246 611 2293 et
654 2241 1098 2307 Troglodyticam
1159 2243 1459 2309 subegisse,

381 2311 575 2363 deinde
600 2312 657 2361 in
702 2311 961 2362 Arabiam
1004 2311 1305 2376 profectum
1351 2330 1458 2364 om·

378 2397 500 2431 nem
552 2382 680 2432 inde
720 2381 905 2431 Asiam
959 2397 1079 2431 esse
1128 2398 1464 2447 aggressum.

377 2452 586 2501 Harum
648 2450 1043 2515 expeditionum
1098 2450 1256 2501 fidem
1320 2468 1464 2503 nunc

380 2520 591 2570 faciunt
625 2521 748 2584 ipsa
781 2519 878 2569 illa
913 2519 1227 2585 anaglypha
1265 2521 1321 2571 in
1360 2523 1463 2572 Ae-

378 2590 582 2654 gyptiis
627 2590 988 2640 monumentis
1033 2591 1356 2654 conspicua,
1408 2596 1463 2642 et

380 2658 594 2724 quidem
631 2659 968 2722 potissimum
999 2659 1056 2708 in
1094 2666 1314 2710 externo
1350 2676 1463 2710 mu-

378 2744 439 2778 ro
475 2728 695 2793 palatii,
731 2727 875 2792 quod
900 2732 984 2777 est
1002 2744 1171 2793 prope
1194 2729 1463 2780 Medinat-

378 2798 507 2849 abu.
565 2797 852 2848 Exhibitas
869 2797 1231 2860 conspicimus
1248 2814 1460 2864 pugnas

376 2865 600 2918 navales
638 2866 938 2931 Aegyptios
985 2867 1128 2917 inter
1172 2872 1339 2933 atque
1372 2868 1461 2918 In-

376 2935 476 2986 dos
509 2936 899 3000 Aethiopesve‚
947 2951 1083 2999 quos
1130 2937 1326 2999 armis,
1364 2953 1457 2988 ve-

378 3005 510 3055 stitu
549 3005 798 3069 omnique
844 3004 1035 3055 habitu
1070 3005 1233 3057 facile
1268 3006 1459 3071 digno-

375 3090 500 3125 scas
535 3075 605 3125 ab
639 3075 950 3140 Aegyptiis3
984 3076 1114 3140 quin
1139 3076 1262 3141 ipsa
1295 3076 1460 3143 longa

374 3144 625 3210 navigia,
663 3160 804 3210 quae
839 3150 1261 3196 commemorant
1290 3148 1461 3198 Hero·

376 3215 536 3264 dotus
564 3218 730 3279 atque
767 3214 1069 3279 Diodorus,
1123 3222 1455 3281 comparent.

375 3284 541 3334 Plura
584 3283 1039 3334 Heeren.1deen
1091 3285 1169 3347 11,
1217 3287 1268 3336 2.
1324 3302 1453 3352 pag.

374 3352 691 3404 287-201,
743 3351 864 3404 310.
937 3352 1194 3403 Eiusdem
1237 3356 1314 3404 rei
1366 3357 1453 3406 Gr.

374 3436 590 3486 quoque
626 3421 695 3471 ad
730 3420 784 3470 b.
821 3419 859 3469 1.
898 3420 1177 3483 admonet,
1224 3421 1456 3475 laudans

371 3490 643 3555 Descript.
663 3488 894 3555 delNJEg
913 3491 1041 3540 Ant.
1055 3489 1162 3540 vol.
1179 3491 1256 3542 ΙΙ.
1279 3492 1454 3545 Theb.

372 3576 496 3624 cap.
532 3559 584 3610 9.
623 3563 757 3609 sect.
804 3559 854 3608 1.
893 3574 1020 3623 pag.
1068 3558 1153 3611 60.
1226 3560 1312 3610 De
1354 3562 1456 3611 Ae·

373 3629 683 3694 gyptiorum
712 3628 1065 3692 navigatione
1088 3643 1185 3691 per
1202 3644 1350 3679 mare
1368 3646 1454 3680 ru-

372 3700 525 3750 brum
544 3698 790 3763 disputat
812 3712 1026 3762 quoque
1059 3696 1291 3749 Roziere
1318 3699 1450 3750 ibid.

370 3769 496 3819 Ant.
534 3767 643 3819 vol.
680 3768 728 3819 Ι.
764 3783 890 3834 pag.
927 3765 1050 3818 133.

439 3885 575 3929 τους
607 3864 764 3934 παρὰ
787 3862 894 3949 τὴν
920 3860 1215 3933 Ἐρυθρὴν
1237 3859 1452 3920 θάλασ-

371 3954 477 3989 σαν
514 3932 980 4005 κατοικημένους]
1017 3940 1100 3989 1)ο
1133 3941 1265 3989 mari
1297 3940 1451 3991 rubro

371 4009 601 4059 diximus
637 4009 707 4060 ad
754 4009 799 4070 Ι,
841 4010 867 4059 1
919 4014 975 4059 et
1009 4009 1130 4059 202.
1199 4008 1284 4059 Ad
1318 4024 1446 4058 κατ-

369 4068 710 4140 οικημένους
754 4078 898 4129 conf.
947 4079 994 4140 Ι,
1035 4076 1105 4127 28
1137 4076 1271 4144 ibiq.
1306 4083 1445 4129 nott.

435 4168 552 4227 ὑπὸ
589 4169 867 4244 βραχέων]
918 4170 1130 4245 βραχέα
1177 4178 1266 4230 hic
1312 4178 1448 4231 dicit

366 4248 528 4311 vada,
588 4250 703 4298 loca
754 4249 974 4299 vadosa.
1045 4252 1105 4298 ut
1160 4248 1265 4311 IV,
1324 4250 1442 4300 178.

255 4338 276 4357 ·
365 4318 516 4368 Alios
560 4315 710 4368 locos
749 4317 1121 4383 suppeditabit
1162 4318 1328 4368 Thes.
1373 4318 1437 4367 L.

365 4387 458 4443 Gr.
497 4386 573 4439 11.
613 4403 669 4454 p.
715 4388 820 4439 404
866 4388 953 4439 ed.
990 4386 1241 4439 Dindorf.
1306 4386 1441 4438 Inde

1572 1548 1836 1614 Virgilius
1872 1550 1928 1599 in
1963 1548 2100 1599 Aen.
2127 1548 2173 1612 Ι,
2225 1548 2350 1600 1-11:
2387 1549 2443 1599 in
2478 1548 2655 1601 brevia

1571 1624 1626 1669 et
1661 1622 1859 1699 syrtes.

1639 1678 1978 1752 κατὰ-τὴν
1996 1681 2196 1752 φάτιν]
2230 1676 2400 1749 φάτις
2425 1692 2510 1738 est
2530 1704 2652 1737 nar-

1570 1760 1723 1809 ratio.
1796 1757 1954 1808 Conf.
1988 1757 2035 1817 Ι,
2058 1757 2145 1807 60.

1640 1818 1908 1902 στρατιὴν
1955 1793 2172 1890 πολλὴν
2218 1816 2427 1889 λαβὼν]
2493 1824 2653 1887 Quod

1569 1900 1696 1961 post
1737 1885 1956 1959 πολλὴν
2001 1894 2059 1943 in
2118 1892 2438 1959 quibusdam
2488 1895 2648 1945 codd.

1570 1969 1750 2015 exstat
1785 1961 1926 2026 τῶν,
1965 1963 2022 2012 id
2044 1962 2407 2014 Valckenario
2442 1969 2651 2014 mutan-

1568 2035 1693 2085 dum
1728 2033 1946 2084 videtur
1989 2033 2045 2082 in
2087 2026 2276 2081 ἀστῶν
2324 2029 2407 2096 (ut
2450 2033 2651 2083 intelli-

1568 2110 1766 2169 gantur
1800 2104 2094 2167 t‘ndi‘qenae,
2132 2102 2397 2167 Aegyptii,
2435 2104 2528 2167 qui
2563 2120 2650 2154 co-

1565 2174 1672 2238 piis
1718 2172 2062 2223 mercenariis
2107 2176 2165 2221 et
2210 2172 2509 2237 peregrinis
2557 2189 2650 2238 op-

1564 2244 1888 2307 ponantur),
1928 2246 2024 2292 aut
2059 2257 2279 2305 prorsus
2307 2242 2645 2293 eiiciendum.

1563 2314 1678 2364 Nos
1725 2328 1846 2363 cum
1901 2315 2132 2362 recentt.
2190 2311 2315 2362 edd.
2371 2313 2646 2377 eiecimus,

1566 2382 1883 2447 praesertim
1923 2397 2045 2432 cum
2079 2381 2150 2431 ab
2187 2380 2312 2431 aliis
2348 2382 2523 2433 bonae
2555 2400 2648 2434 no-

1566 2457 1658 2502 tae
1691 2452 1846 2504 libris
1882 2451 2031 2501 absit
2064 2449 2277 2502 vocula.

1619 2514 1841 2601 ὁτέοισι
1887 2516 1992 2583 μέν
2025 2534 2133 2569 νυν
2168 2511 2362 2569 αὐτων
2395 2534 2446 2568 κ.
2484 2534 2531 2568 τ.
2571 2518 2647 2601 λ.]

1563 2580 1753 2638 αὐτων
1791 2604 1913 2639 cum
1940 2588 2114 2640 Gaisf.
2139 2589 2393 2653 rescripsi
2427 2603 2522 2651 pro
2547 2581 2648 2637 αὖ·

1561 2657 1741 2708 τέων.
1814 2658 1923 2707 Ad·
1916 2661 2310 2721 argumentum
2341 2657 2486 2706 conf.
2518 2657 2649 2707 Dio-

1563 2728 1680 2778 dor.
1720 2728 1774 2789 1,
1811 2729 1878 2777 55
1913 2727 2099 2776 eadem
2137 2726 2250 2776 fere
2284 2730 2645 2779 enarrantem.

1642 2793 2019 2861 γλιχομένοισι
2074 2791 2206 2857 περὶ
2267 2793 2368 2859 τῆς
2422 2784 2647 2844 ἐλευθε-

1565 2863 1713 2929 ρίης]
1768 2867 1853 2915 De
1903 2868 2179 2916 structura
2220 2864 2334 2915 vid.
2378 2865 2645 2916 Matthiae

1563 2935 1657 2985 Gr.
1697 2935 1791 2985 Gr.
1823 2939 1875 2999 g.
1908 2935 2029 2986 350.
2066 2951 2192 2999 pag.
2227 2934 2360 2998 660,
2397 2934 2493 2984 ubi
2527 2951 2648 2985 ver-

1563 3007 1634 3054 tit
1677 3004 1731 3056 h.
1768 3004 1835 3056 1.·
1885 3019 2022 3067 „aus
2060 3005 2227 3056 Liebe
2273 3020 2371 3054 zur
2403 3004 2647 3055 Freiheit

1563 3074 1656 3124 fiir
1688 3074 1770 3124 sie
1803 3074 2079 3139 kampfen.
2087 3075 2123 3103 ‘⁴
2196 3076 2379 3139 Quare
2413 3090 2514 3126 nec
2552 3076 2646 3125 ab·

1563 3143 1796 3195 iicienda
1842 3145 2176 3209 praepositio
2220 3139 2376 3208 περὶ,
2431 3150 2494 3196 ut
2528 3145 2646 3210 qui-

1559 3214 1787 3265 busdam
1827 3214 1955 3265 olim
1992 3214 2225 3280 placuit,
2263 3229 2364 3264 nec
2393 3210 2643 3278 γλιχομέ-

1558 3296 1709 3333 νοισι
1756 3284 1928 3350 (quod
1984 3283 2210 3335 reddere
2267 3285 2432 3335 etiam
2484 3283 2641 3333 licet·

1552 3354 1817 3433 pugnandi
1847 3353 2067 3417 cupidis)
2105 3352 2421 3403 mutandum
2459 3352 2514 3401 in
2539 3365 2642 3413 μα-

1555 3418 1875 3485 χομένοισι,
1913 3427 1975 3472 tu
2012 3422 2090 3482 V,
2118 3426 2170 3473 2.
2207 3421 2342 3482 VII,
2386 3419 2503 3482 135,
2541 3434 2643 3471 nec

1559 3489 1789 3554 denique
1824 3487 2027 3546 δεινῶς
2071 3490 2137 3553 (ἰ.
2178 3505 2226 3539 ο.
2264 3489 2515 3549 studiose,
2560 3503 2643 3537 ve-

1553 3557 1832 3620 hementer,
1872 3563 1934 3609 ut
1962 3556 2057 3619 IX,
2081 3558 2167 3609 35.
2197 3558 2304 3619 ΙΙΙ,
2330 3557 2448 3607 152.
2474 3557 2520 3617 Ι,
2547 3555 2641 3618 44)

1555 3626 1929 3692 retingendum
1955 3628 2012 3676 in
2048 3623 2284 3687 δεινῶν,
2324 3628 2386 3675 ut
2406 3625 2524 3675 vlro
2548 3624 2642 3675 do-

1555 3700 1646 3746 cto
1685 3695 1896 3761 placuit
1928 3696 1985 3745 in
2022 3696 2164 3745 Mus.
2203 3694 2448 3746 Rhenan.
2476 3694 2544 3744 N.
2574 3695 2637 3744 F.

1552 3765 1651 3816 VI.
1692 3782 1746 3829 p.
1774 3765 1901 3827 153,
1934 3763 2203 3814 declarari
2224 3763 2308 3813 his
2331 3763 2510 3814 verbis
2546 3779 2640 3814 eos

1551 3834 1798 3899 putanti,
1832 3835 1925 3899 qui
1961 3833 2233 3883 libertatis
2269 3849 2454 3883 amore
2491 3833 2642 3883 ducti

1552 3904 1735 3954 omnia
1769 3902 2011 3967 pericula
2061 3901 2308 3953 lubenter
2355 3902 2638 3954 subierint.

1550 3974 1682 4023 Mox
1715 3972 1905 4023 itidem
1941 3971 2134 4036 reliqui
2171 3963 2390 4034 ἐνίστη,
2445 3987 2479 4021 a
2508 3972 2640 4022 Din-

1554 4041 1725 4092 dorfio
1756 4040 1850 4106 (cf.
1877 4041 2123 4092 Praefat.
2152 4057 2205 4106 p.
2231 4041 2547 4104 XXXVIII)
2584 4045 2640 4091 et

1549 4111 1835 4162 Dietschio
1872 4114 2140 4160 mutatum
2170 4112 2227 4160 in
2267 4099 2483 4170 ἔνίστα,
2522 4110 2635 4161 vid.

1548 4184 1689 4231 nott.
1724 4180 1793 4231 ad
1820 4179 2104 4237 Ῑ.106.-
2138 4180 2203 4230 Ιιι
2235 4194 2296 4229 se
2373 4214 2387 4229 .
2423 4146 2618 4242 adpar

1546 4249 1768 4301 ticulam
1803 4244 1867 4299 δὲ
1903 4249 2190 4315 repetitam
2227 4240 2315 4310 (ὅτ
2349 4262 2431 4296 ων
2467 4242 2540 4298 δὲ
2566 4280 2637 4289 —-

1543 4311 1798 4368 τούτοισι
1854 4312 1949 4383 δὲ)
2008 4318 2153 4370 conf.
2203 4317 2288 4380 ΙΙ,
2338 4316 2406 4367 39
2452 4316 2637 4383 ibique

1543 4391 1684 4438 nott.
