3109 5092
1255 376 1510 439 CLIO.
1558 379 1609 438 Ι.
1655 387 1744 443 94.
2510 377 2637 439 209

347 559 564 641 ἔχεται
603 555 729 620 τοῦ
769 549 1056 640 σήματος
1100 549 1389 640 μεγάλη,
1447 549 1575 642 τὴν
1627 552 1899 636 λέγουσι
1942 550 2159 618 Λυδοὶ
2202 545 2480 620 ἀείναον
2533 550 2629 621 εἴ·

346 676 492 726 ναι·
552 656 858 724 καλέεται
905 655 981 724 δὲ
1024 651 1196 744 αὕτη
1224 662 1505 743 Γυγαίη.
1566 659 1765 722 τοῦτο
1790 651 1918 740 μὲν
1963 649 2046 740 δὴ
2073 651 2338 723 τοιοῦτό
2366 657 2525 722 ἐστι.

501 759 719 828 Λυδοὶ
759 758 835 827 δὲ
879 756 1138 848 νόμοισι
1176 757 1302 847 μὲν
1333 762 1855 847 παραπλησίοισι
1879 757 2208 844 χρέωνται
2243 758 2355 824 καὶ
2383 752 2622 844 Ἕλλη·
2644 767 2724 827 94

352 887 496 947 νες,
532 863 733 951 χωρὶς
773 856 815 950 ἢ
851 857 954 931 ὅτι
990 860 1072 931 τὰ
1113 863 1333 952 θήλεα
1366 866 1569 932 τέκνα
1611 857 2209 948 καταπορνεύουσι.
2268 863 2520 950 πρῶτοι
2554 861 2630 929 δὲ

351 960 774 1053 ἀνθρώπων,
827 970 966 1035 τῶν
1007 961 1195 1055 ἡμεῖς
1246 971 1476 1054 ἴδμεν,
1535 963 1828 1051 νόμισμα
1875 966 2134 1050 χρυσοῦ
2174 964 2285 1033 καὶ
2327 959 2631 1053 ἀργύρου

351 1067 718 1157 κοψάμενοι
749 1067 1142 1158 ἐχρήσαντο·
1200 1074 1452 1160 πρῶτοι
1483 1067 1558 1137 δὲ
1594 1069 1707 1136 καὶ
1736 1063 2023 1153 κάπηλοι
2054 1061 2386 1152 ἐγένοντο.
2454 1069 2630 1135 Φασὶ

353 1235 473 1297 661,
527 1234 666 1284 vidit
703 1234 996 1286 Chandler.
1037 1234 1075 1287 l.
1111 1235 1149 1286 l.
1187 1252 1309 1302 cap.
1339 1236 1437 1296 78;

352 1303 477 1353 add.
501 1303 721 1355 Curtius
745 1320 800 1369 p.
829 1305 948 1355 152.
979 1335 1049 1345 —--
1086 1296 1339 1369 ἀείναος,
1378 1311 1439 1355 ut

349 1373 493 1438 Lydi
526 1372 702 1424 lacum
740 1379 969 1438 vocant,
1008 1375 1328 1426 Latinorum
1355 1380 1440 1425 est

342 1446 602 1504 perennis,
631 1443 862 1509 aliisque
888 1443 1023 1494 locis
1046 1443 1130 1508 (ut
1153 1446 1200 1507 Ι,
1225 1445 1346 1511 145)
1373 1445 1441 1494 de

352 1512 533 1561 fluviis
582 1511 809 1577 dicitur,
857 1513 1305 1578 quemadmodum
1351 1515 1441 1564 Ci—

351 1582 533 1631 ceroni
587 1579 694 1646 (De
727 1598 842 1648 rep.
880 1583 955 1647 11,
998 1581 1058 1641 5)
1104 1584 1318 1635 Tiberis
1357 1588 1442 1635 est

346 1655 588 1713 perennis
618 1653 820 1715 amuis,
859 1654 930 1704 ad
960 1668 1116 1718 quem
1152 1653 1328 1704 locum
1367 1655 1439 1705 cf.

354 1719 605 1770 Creuzer.
653 1738 707 1787 p.
745 1723 865 1771 214.
940 1723 1026 1773 Ad
1075 1723 1249 1787 ipsam
1286 1723 1438 1773 vocis

353 1789 611 1851 formam,
652 1793 834 1856 'quam
890 1796 1124 1856 utroque
1176 1792 1443 1843 Herodoti

349 1857 473 1908 loco
500 1859 558 1908 in
579 1853 783 1919 ἀέναος
805 1867 1138 1911 commutare
1171 1862 1289 1912 vult
1308 1863 1441 1912 Din-

353 1927 480 1978 dorf
521 1926 725 1992 (Praef.
774 1946 830 1995 p.
875 1929 1176 1994 XXXIII),
1230 1930 1440 1982 consul.

352 1997 584 2048 BredoV.
632 2014 687 2063 p.
728 2001 813 2052 44.
865 2000 962 2051 151
1005 2005 1061 2050 et
1097 2000 1225 2052 add.
1262 2000 1442 2051 Ideler

352 2066 424 2116 ad
489 2067 770 2119 Aristotel.
837 2069 1193 2136 Meteorolog.
1262 2071 1317 2134 Ι,
1353 2070 1437 2121 13.

719 2308 850 2360 Cu.
887 2309 1083 2360 XCIV.

420 2405 696 2476 χρέωνται
729 2408 826 2461 καὶ
841 2400 1130 2478 Ἕλληνες]
1167 2414 1290 2464 Non
1312 2414 1442 2464 scri-

352 2481 557 2545 psimus
627 2475 916 2546 χρέονται,
976 2483 1230 2547 quoniam
1290 2482 1438 2533 nullo

353 2550 511 2601 modo
547 2550 636 2602 hic
673 2566 706 2600 a
741 2549 968 2616 vulgata
1002 2552 1261 2602 recedunt
1291 2553 1436 2603 libri.

352 2619 512 2670 Cons.
550 2619 595 2683 I,
627 2618 715 2670 34.
754 2652 826 2680 ,-
859 2622 1169 2671 Proximum
1207 2618 1322 2683 καὶ,
1360 2631 1441 2673 at-

353 2704 466 2753 que,
491 2706 652 2754 quam,
676 2694 803 2755 post
837 2690 1105 2741 vocabula
1134 2690 1441 2742 similitudi-

351 2759 438 2807 nis
474 2760 610 2808 satis
652 2763 841 2809 notum
883 2767 987 2810 est.
1061 2760 1217 2811 Conf.
1256 2762 1311 2824 I,
1349 2763 1438 2814 35.

349 2826 523 2877 Plura
546 2827 743 2879 Struve
766 2829 999 2895 Specim.
1015 2829 1062 2881 I.
1085 2831 1311 2893 Quaest.
1334 2834 1442 2882 He·

356 2895 477 2946 rod.
519 2911 572 2961 p.
611 2898 678 2948 25
713 2913 827 2964 seq.

444 2993 616 3063 χωρὶς
673 2988 715 3064 ἢ
769 2993 856 3050 ὅτι
915 2992 984 3050 τὰ
1035 2993 1219 3065 θήλεα
1279 2998 1447 3052 τέκνα

349 3062 878 3134 καταπορνεύουσι]
933 3063 1444 3135 καταπορνεύουσι,

351 3137 497 3202 quod
527 3153 809 3203 perperam
832 3143 1137 3190 vertet-anti
1172 3144 1320 3191 vitam
1348 3152 1450 3192 mes

267 3245 274 3250 .
349 3209 604 3257 retr-iciam
652 3216 830 3274 ayunt,
881 3224 1026 3260 nunc
1072 3210 1275 3261 rectius
1326 3211 1445 3261 red-

354 3275 516 3325 dunt:
552 3278 687 3328 vitae
723 3281 1038 3330 meretriciae
1070 3281 1296 3329 tradunt.
1352 3281 1443 3331 Sic

350 3345 500 3395 infra
545 3346 590 3400 Ι,
635 3346 735 3398 196
783 3353 948 3413 atque
984 3347 1223 3398 Thomas
1271 3350 1445 3414 Magi-

349 3418 466 3464 ster
490 3430 544 3479 p.
569 3414 674 3467 376
702 3416 1008 3481 explicans:
1046 3413 1128 3473 εἰς
1164 3417 1446 3482 πορνείαν

347 3474 665 3603 ξκὸιιὸιὶναι.
724 3487 926 3553 Attigit
954 3488 1271 3537 Herodotea
1297 3489 1447 3540 Stra-

389 3568 423 3603 o
484 3589 497 3603 .
561 3590 574 3604 .

422 3653 638 3720 πρῶτοι
688 3650 752 3705 δὲ
800 3647 1135 3737 ἄνθ’·ρῶπων
1169 3689 1240 3697 --
1286 3649 1442 3736 voju-

350 3720 1443 3861 ἶὲῗᾆὲξῖἓυπέῗὶεὲξῖἷξὲἶρῖἵῆῑὶἓὲ

349 3863 678 3927 Argivorum
730 3868 1018 3928 tyrannum
1065 3865 1297 3928 primum
1329 3881 1441 3915 mo-

348 3935 536 3981 netam
583 3933 824 3998 Aeg-inae
870 3933 1169 3984 cudendam
1224 3947 1443 3985 curasse

350 4004 620 4051 statuant.
674 4002 760 4052 De
790 4018 897 4068 quo
923 4003 1168 4053 Phidone
1198 4004 1314 4068 ipse
1336 4005 1445 4054 He·

351 4068 579 4120 rodotus
632 4071 896 4122 nonnulla
947 4072 1130 4137 prodit
1174 4073 1283 4135 VI,
1345 4073 1444 4127 127

354 4135 473 4202 (ubi
497 4140 608 4190 vid.
632 4139 820 4204 nott.),
843 4157 999 4207 quem
1025 4147 1209 4192 tamen
1229 4142 1445 4193 veriora

349 4208 444 4258 hic
483 4209 695 4261 tradere
739 4215 938 4275 putant
978 4212 1046 4263 de
1089 4217 1309 4262 moneta
1354 4228 1444 4262 cu·

353 4277 535 4327 denda
561 4294 594 4329 a
617 4280 788 4345 Lydis
813 4280 1057 4331 inventa.
1122 4284 1272 4344 Quae
1299 4282 1442 4332 enim

350 4345 679 4399 Plutarchus
718 4349 787 4400 de
822 4351 999 4402 numis
1033 4366 1068 4401 a
1105 4350 1318 4402 Theseo
1354 4366 1446 4401 cu-

352 4415 434 4464 sis
471 4421 526 4466 et
568 4417 727 4469 bovis
766 4417 947 4486 effigie
998 4420 1232 4486 signatis
1266 4421 1445 4485 prodi-

435 4517 771 4563 HERODO'I'.
820 4520 865 4563 1.

1542 1234 1686 1286 derit
1719 1233 1862 1299 (vit.
1890 1232 2061 1283 II'hes.
2098 1249 2220 1298 cap.
2250 1231 2361 1298 [24]
2401 1234 2469 1284 25
2504 1249 2629 1299 pag.

1543 1302 1652 1368 11),
1689 1317 1757 1352 ea
1780 1303 1849 1352 ab
1875 1303 2021 1352 omni
2053 1302 2403 1353 historiarum
2437 1302 2543 1354 fide
2579 1309 2635 1354 et

1541 1374 1622 1422 rei
1659 1372 2000 1437 antiquariae
2035 1372 2248 1423 ratione
2285 1388 2507 1437 prorsus
2542 1373 2635 1422 ab·

1540 1442 1761 1492 horrere
1785 1449 1970 1492 censet
1992 1440 2241 1505 (notante
2269 1440 2397 1504 Gr.)
2424 1443 2636 1507 Payne-

1541 1511 1753 1575 Knight
1814 1511 1870 1560 in
1916 1511 2171 1576 Prolegg.
2219 1512 2528 1562 Homerico.
2580 1514 2633 1574 §-

1543 1577 1753 1631 LVIII.
1793 1595 1919 1645 pag.
1950 1582 2016 1631 55
2056 1582 2143 1632 ed.
2169 1582 2342 1645 Lips.‚
2377 1597 2504 1631 cum
2525 1583 2637 1632 Ho-

1544 1650 1760 1700 mericis
1799 1650 1965 1699 etiam
1996 1650 2356 1715 temporibus,
2394 1651 2487 1700 diu
2510 1657 2635 1715 post

1544 1718 1745 1769 Thesei
1780 1722 2047 1780 aetatem,
2099 1734 2256 1769 omne
2290 1720 2635 1770 numismatis

1544 1802 1716 1853 genus
1731 1787 1957 1839 Graecis
1976 1787 2138 1852 plane
2160 1788 2496 1853 incognitum
2521 1788 2635 1838 fue-

1545 1857 1637 1907 rit.
1708 1858 1832 1907 Hoc
1869 1857 2115 1907 additum
2151 1857 2345 1920 velim,
2384 1873 2506 1907 cum
2525 1858 2635 1907 He-

1543 1925 1739 1976 rodoto
1771 1927 1941 1991 Lydis
1980 1925 2349 1976 inventionem
2381 1931 2634 1978 monetae

1545 1994 1827 2046 cudendae
1860 1996 2101 2045 tribuere
2124 1995 2511 2059 Xenophanem
2533 1996 2635 2046 Co-

1538 2064 1853 2129 lophonium
1887 2065 2028 2128 apud
2052 2064 2259 2114 Polluc.
2287 2064 2384 2126 lx,
2405 2064 2455 2115 6.
2484 2069 2536 2128 ἕ.
2565 2064 2632 2116 83

1542 2139 1599 2184 et
1632 2133 1983 2184 Eustathium
2009 2133 2077 2184 ad
2110 2134 2339 2198 Dionys.
2361 2135 2632 2200 Perieget.

1541 2219 1626 2254 vs.
1663 2203 1786 2256 840.
1858 2204 1974 2254 Nec
2018 2202 2271 2254 abhorret
2317 2219 2350 2253 a
2384 2220 2443 2254 re
2478 2205 2632 2270 ipsa3

1543 2272 2133 2393 33532322‘3335332
2154 2278 2635 2409 {Zff‘ffiasstffiil

1541 2416 1656 2462 tam
1710 2411 1991 2462 cultiorem
2040 2412 2286 2477 adeoque
2333 2412 2634 2463 molliorem

1540 2481 1842 2545 pertinent,
1878 2481 2040 2531 valde
2063 2481 2302 2531 deditam
2326 2483 2497 2531 fuisse
2520 2481 2636 2546 plu-

1541 2566 1604 2599 ra
1642 2551 1902 2600 evincunt
1937 2551 2279 2612 testimonia,
2327 2550 2529 2600 collata
2564 2552 2633 2600 ab

1539 2618 1812 2669 Heerenio
1842 2620 1898 2668 in
1920 2619 2079 2681 libro,
2099 2620 2186 2669 cui
2210 2620 2429 2669 titulus:
2467 2619 2635 2670 Ideen

1544 2693 1649 2738 etc.
1689 2689 1734 2750 Ι,
1768 2688 1814 2737 1.
1843 2703 1971 2753 pag.
1998 2689 2117 2738 155.
2170 2689 2315 2738 Hinc
2352 2689 2534 2750 etiam,
2572 2694 2636 2738 ut

1542 2758 1837 2820 adscripsit
1878 2759 1986 2819 Cr„
2025 2757 2364 2807 Herodotum
2399 2757 2518 2806 iure
2553 2772 2635 2807 se-

1545 2828 1729 2893 quitur
1764 2826 2001 2877 Boeckh.
2041 2826 2098 2875 iu
2133 2825 2273 2876 libro
2302 2827 2369 2876 de
2391 2826 2634 2877 Oecono-

1545 2897 1656 2946 mia
1682 2895 2027 2946 Athenieuss.
2056 2895 2101 2958 Ι,
2128 2896 2178 2946 5.
2212 2911 2268 2961 p.
2296 2895 2364 2948 32
2395 2895 2479 2946 ed.
2503 2911 2634 2960 sec„

1546 2965 1682 3016 illud
1718 2981 1930 3031 quoque
1969 2981 2220 3028 mouens,
2270 2981 2431 3030 quam
2466 2982 2633 3032 egens

1548 3036 1668 3086 auri
1694 3035 1859 3086 fuerit
1881 3035 2113 3087 Graecia
2139 3051 2202 3086 eo
2230 3040 2489 3100 tempore,
2525 3051 2633 3101 quo

1548 3106 1782 3155 Croesus
1826 3107 1937 3155 iam
1990 3109 2222 3155 stateres
2266 3119 2460 3156 aureos
2508 3105 2635 3155 cudi

1539 3175 1737 3237 -iussit,
1790 3190 1887 3239 per
1939 3175 2224 3225 Graeciam
2279 3175 2455 3240 ipsam
2509 3175 2636 3225 dein

1545 3259 1834 3377 3322‘32..
1872 3243 2318 3377 ῗιῖἦεέἒέιῗθῗ.
2354 3260 2435 3362 ¹3¹ss
2462 3243 2633 3379 Ῑέξὲζζ

1549 3382 1648 3433 129
1680 3397 1831 3447 seqq.
1871 3386 1927 3431 et
1951 3381 2185 3433 Graesse
2218 3382 2545 3432 Numismat.
2586 3382 2632 3431 Ι.

1544 3468 1599 3517 p.
1637 3453 1704 3501 24
1742 3466 1893 3516 seqq.
1931 3450 2020 3501 28.

1613 3516 1831 3584 πρῶτοι
1879 3511 1943 3567 δὲ
1999 3512 2095 3567 καὶ
2151 3508 2464 3580 κάπηλοι
2521 3506 2633 3580 ἐγέ-

1546 3587 1738 3652 νοντο]
1760 3586 1846 3636 Ad
1869 3586 2323 3651 significationem
2347 3585 2635 3636 verborum

1543 3648 1892 3720 καπηλεύειν
1917 3659 1974 3704 et
1996 3647 2249 3718 κάπηλος
2278 3655 2507 3718 insignis
2529 3656 2637 3705 No-

1545 3726 1647 3776 stri
1704 3725 1855 3775 locus
1902 3728 1987 3774 est
2031 3723 2147 3786 111,
2184 3724 2280 3784 89,
2344 3723 2438 3773 ubi
2486 3723 2633 3774 conf.

1543 3793 1873 3858 VVesseling.
1938 3794 2183 3858 Namque
2210 3787 2457 3856 κάπηλοι
2490 3793 2636 3858 apud

1546 3865 1786 3916 Graecos
1823 3862 2135 3927 plerumque
2191 3863 2368 3911 minus
2402 3861 2635 3914 honesta

1544 3932 1910 3999 appellatione
1936 3937 1991 3982 et
2014 3931 2228 3995 opificio
2250 3929 2505 3982 dicuntur
2525 3948 2636 3982 non

1514 4017 1821 4067 ·caupones
1852 4006 2093 4064 tantum,
2135 4000 2229 4051 sed
2264 4002 2439 4051 omnis
2476 4018 2636 4069 geue-

1547 4073 1623 4122 ris
1660 4071 1946 4137 propolae,
1985 4071 2079 4136 qui
2115 4071 2173 4121 in
2210 4071 2329 4121 foro
2367 4076 2423 4121 et
2456 4072 2636 4123 taber—

1544 4143 1630 4192 nis
1679 4157 1763 4192 res
1814 4142 1883 4192 ab
1930 4140 2053 4192 aliis
2109 4140 2424 4206 plerumque
2482 4142 2633 4206 prius

1547 4216 1721 4262 emtas
1764 4212 2011 4263 vendunt
2062 4216 2118 4262 et
2165 4216 2451 4275 quaestum
2507 4210 2636 4259 hinc

1546 4282 1777 4332 faciunt.
1859 4282 1933 4331 Et
1981 4297 2045 4331 eo
2100 4280 2441 4345 potissimum
2487 4277 2636 4330 diffe-

1539 4356 1674 4402 runt
1719 4350 1788 4400 ab
1850 4349 1972 4400 aliis
2019 4355 2379 4400 mercatorum
2428 4347 2637 4413 generi·

1545 4420 1677 4483 bus,
1716 4435 1770 4469 ν.
1810 4435 1859 4469 e.
1899 4411 2196 4483 ἐμπόροις,
2254 4418 2400 4482 quod
2432 4430 2636 4466 merces

2138 4499 2213 4559 14
