3109 5092
470 376 597 438 654

468 550 715 640 νοήσας
741 548 1073 638 πρότερον
1101 546 1366 641 αὐτὸςῆ
1392 551 1685 633 ἀκούσας
1720 550 1948 623 ἄλλων
1984 555 2180 638 λέγω.

471 659 783 744 φροντίδι
824 656 1120 739 ἐγένετο,
1158 654 1434 745 εἰρόμην
1460 652 1881 746 ἀμφοτέρους
1907 677 1920 689 ·

1332 379 1869 441 HERODOTI

2289 548 2379 631 ὥς
2420 554 2500 621 δέ
2526 578 2636 639 μοι
2670 553 2751 619 ἐν

2030 657 2143 723 καὶ
2171 659 2428 743 μᾶλλον
2469 658 2541 722 οἱ
2560 652 2741 723 Κόλ-

469 785 572 846 χοι
621 759 985 845 ἐμεμνέατο
1028 763 1168 827 τῶν
1205 764 1607 846 Αἰγυπτίων
1642 754 1685 847 ἦ
1730 764 1799 828 οἱ
1829 757 2191 844 Αἰγύπτιοι
2247 763 2388 828 τῶν
2428 757 2738 843 Κόλχων.

469 868 766 948 νομίζειν
809 856 872 927 δ’
920 867 1182 947 ἔφασαν
1207 861 1568 948 Αἰγύπτιοι
1611 867 1728 951 τῆς
1754 861 2176 947 Σεσώστριος
2222 864 2536 950 στρατιῆς
2564 858 2740 928 εἶναι

469 961 627 1043 τοὺς
668 961 1002 1049 Κόλχους·

472 1072 601 1135 εἰσι
646 1068 760 1135 καὶ
805 1061 1207 1157 οὐλότριχες.

468 1239 671 1284 terram
693 1232 1008 1295 Kabardah‚
1037 1248 1178 1298 quae
1201 1240 1450 1296 vocatur,
1477 1235 1559 1284 in-

471 1303 686 1365 colunt,
744 1303 1040 1353 arbitratur
1092 1303 1334 1355 Rottiers
1389 1304 1556 1354 Itine-

470 1374 612 1423 raire
669 1372 737 1422 de
791 1372 946 1421 Tiflis
1010 1376 1066 1422 et
1117 1372 1554 1438 Constantinopl.

473 1441 782 1503 (Bruxelles
835 1440 997 1503 1829)
1034 1456 1089 1506 p.
1133 1443 1192 1492 14
1246 1458 1429 1508 seqq.;
1486 1442 1554 1492 de

471 1512 709 1576 zitwar-1⁸
753 1509 890 1561 adeo
926 1511 1157 1576 cogitari
1204 1512 1323 1562 vult
1356 1513 1552 1562 Vivien

471 1580 538 1630 de
593 1580 1001 1630 saint-Martin
1064 1580 1119 1630 in
1169 1581 1396 1632 Journal
1457 1581 1552 1631 des

470 1651 724 1715 Voyages
773 1650 925 1700 1847.
981 1649 1136 1700 Juill.
1184 1665 1236 1715 p.
1280 1652 1349 1701 26
1397 1666 1550 1716 seqq.

470 1719 593 1769 coll.
627 1736 682 1785 p.
712 1720 776 1771 16
802 1735 980 1784 seqq.;
1017 1720 1073 1768 in
1105 1720 1300 1785 quibus
1335 1719 1552 1785 longius

469 1790 741 1840 immorari
769 1789 862 1838 vix
890 1804 1091 1853 operae
1120 1790 1372 1854 pretium.
1432 1791 1552 1852 Quo

469 1859 671 1910 rectius
694 1859 1000 1909 sententiae
1016 1858 1300 1921 Herodoti,
1322 1861 1416 1925 qui
1437 1860 1553 1924 ipse

469 1930 540 1979 ad
580 1928 891 1979 Colchidem
929 1943 1050 1978 cum
1084 1930 1418 1993 pervenerit,
1467 1929 1556 1979 de·

470 2000 580 2064 cipi
615 2000 709 2048 vix
737 1999 936 2063 potuit,
972 1998 1345 2062 patrocinatur
1365 1998 1556 2048 Whee-

469 2068 550 2118 ler
584 2068 909 2147 Geography
949 2068 1011 2117 of
1045 2067 1308 2118 Herodot.
1346 2083 1400 2131 p.
1431 2068 1553 2119 313.

539 2129 778 2200 εἰρόμην
814 2128 1199 2202 ἀμφοτέρους]
1256 2137 1362 2198 Qui
1399 2136 1553 2187 locus

469 2207 672 2271 insigni
709 2210 794 2254 est
827 2204 1177 2267 documento,
1215 2206 1552 2257 Herodotum

469 2277 645 2341 ipsum
696 2273 1016 2324 Colchorum
1072 2279 1273 2324 terram
1328 2274 1555 2325 Phasin-

469 2358 576 2410 que
611 2344 832 2394 fluvium
869 2342 1092 2404 vidisse,
1130 2348 1190 2392 ut
1211 2343 1348 2393 bene
1370 2349 1555 2394 monet

469 2416 655 2478 Heyse
682 2413 933 2473 Quaestt.
960 2411 1201 2463 Hei-odd.
1228 2426 1281 2477 p.
1312 2413 1410 2464 104
1436 2429 1549 2479 seq.

469 2483 554 2535 Ad
580 2483 805 2533 formam
821 2481 1064 2533 Ionicam
1081 2471 1383 2545 ἐμεμνέατο
1405 2484 1551 2534 conf.

469 2552 704 2603 Βιοᾶον.

467 2614 566 2679 τὸς
612 2616 675 2672 δὲ
730 2620 929 2672 εἴκασα
983 2618 1120 2688 τῇδε
1171 2621 1383 2672 valent:
1441 2626 1553 2688 ipse

469 2707 590 2743 vero
621 2694 812 2743 conieci
854 2691 1109 2756 (Colchos
1145 2691 1262 2743 scil.
1298 2706 1417 2741 esse
1451 2693 1553 2743 Ae-

469 2762 779 2827 gyptiorum
817 2760 1094 2826 posteros)
1129 2777 1200 2811 ex
1222 2761 1342 2817 Ιιοο,·
1385 2760 1551 2813 idem-

471 2846 578 2897 que
635 2832 862 2882 verbum
912 2828 1113 2880 εἴκασα
1168 2836 1347 2881 mente
1403 2845 1554 2896 repe-

467 2899 691 2950 tendum
727 2900 830 2949 erit
853 2899 922 2949 ad
946 2915 1039 2961 ea,
1076 2913 1216 2963 quae
1241 2898 1405 2964 paulo
1428 2906 1556 2966 post

472 2969 749 3032 leguntur·
785 2959 924 3016 ἀλλὰ
955 2966 1169 3017 τοιοίδε
1199 2964 1295 3018 καὶ
1319 2967 1550 3031 μᾶλλον.

470 3039 624 3100 Quae
677 3037 966 3087 interiecta
1017 3033 1326 3088 suavitati
1378 3035 1550 3087 τοῦτο

468 3100 572 3170 μὲν
595 3096 652 3162 ἐς
678 3096 903 3154 οὖδὲν’
870 3096 1070 3170 ανήκει
1095 3105 1433 3169 significant:
1472 3116 1550 3156 ot-

468 3192 565 3241 que
598 3175 725 3225 haec
760 3175 953 3240 quidem
986 3178 1120 3225 ratio
1153 3176 1226 3225 ad
1249 3176 1445 3226 ηἰΙιίἱιοπ
1469 3192 1552 3226 re-

469 3246 575 3305 dit,
609 3246 682 3294 m'l
676 3244 890 3320 efficit.

538 3281 632 3363 alal
671 3298 758 3362 οτι
794 3303 1130 3391 μελάγχροές
1175 3307 1283 3361 εἰσι
1320 3306 1416 3360 καὶ
1453 3302 1552 3362 οὐ·

467 3375 739 3449 λότριχες]
785 3372 1121 3447 μελάγχροες
1166 3380 1384 3431 minime
1424 3386 1551 3431 sunt

469 3455 603 3517 atri,
640 3453 763 3517 sed,
811 3456 872 3502 ut
907 3452 987 3501 ait
1007 3450 1278 3502 Ammian.
1305 3450 1552 3502 Marcell.

469 3489 666 3587 XXII,
729 3522 818 3586 16,
870 3521 1158 3586 ruffa-scau,
1211 3520 1549 3579 selendum-h,

469 3592 843 3656 dunkelsarbi’q.
896 3591 1058 3641 Hunc
1094 3590 1235 3641 enim
1258 3589 1553 3654 Aegyptio-

469 3676 587 3710 rum
639 3661 874 3712 colorem
929 3674 1050 3710 esse
1106 3660 1265 3710 docet
1316 3659 1551 3709 Heeren.

473 3729 640 3780 Ideen
670 3730 744 3791 H,
782 3733 833 3781 2.
860 3744 912 3794 p.
942 3729 1011 3780 83
1036 3744 1151 3794 seq.
1177 3728 1264 3791 90,
1302 3728 1556 3779 eundem·

470 3814 576 3863 que
630 3799 927 3849 ostendunt
979 3801 1325 3848 monumenta
1377 3798 1556 3862 Aegy-

470 3867 614 3932 ptia,
664 3868 721 3916 in
767 3867 962 3932 quibus
1007 3867 1266 3932 Aegyptii
1310 3866 1553 3916 homines

470 3940 943 4000 repraesentantur
975 3935 1256 3987 suffusculi
1279 3939 1334 3986 et
1367 3936 1550 3999 crispi.

471 4005 538 4057 In
573 4004 787 4054 mumiis
823 4004 1097 4054 invenitur
1130 4009 1245 4055 tum
1280 4005 1461 4055 brevis
1496 4011 1552 4054 et

469 4074 682 4136 crispus
726 4071 983 4137 capillus,
1042 4077 1157 4122 tum
1205 4088 1336 4123 vero
1385 4074 1550 4123 etiam

470 4146 652 4192 rectus
687 4146 741 4191 et
779 4141 1093 4206 promissus.
1164 4143 1388 4192 Praeter
1410 4143 1551 4193 Hec-

469 4224 583 4262 ren.
618 4209 653 4260 1,
694 4209 732 4261 1.
771 4211 855 4260 Gr.
893 4208 1103 4259 consuli
1150 4210 1267 4260 vult
1300 4210 1551 4261 Blumen-

468 4279 627 4331 bach.
664 4278 834 4329 Beitr.
875 4295 924 4328 z.
951 4278 1310 4344 Naturgescb.
1350 4279 1427 4330 11.
1463 4296 1544 4331 nr.

467 4349 648 4400 XVII.
698 4363 824 4413 pag.
879 4346 977 4399 136
1020 4352 1074 4398 et
1116 4362 1242 4413 pag.
1287 4348 1410 4409 132,
1455 4349 1549 4398 nbi

467 4419 535 4471 de
569 4418 960 4484 Aegyptiorum
1009 4416 1153 4469 facie
1187 4416 1550 4473 lineamentis.-

792 2552 964 2605 3,29.
1046 2551 1229 2609 Verba
1262 2567 1414 2617 seqq.
1454 2543 1558 2602 αὖ·

1110 959 1311 1044 αὗτός
1364 965 1440 1034 δὲ
1489 976 1726 1034 εἴκασα
1782 970 1978 1056 τῇδε,
2033 967 2145 1033 καὶ
2195 959 2297 1033 ὅτι
2339 962 2745 1051 μελήγχροές

1314 1070 1427 1137 καὶ
1472 1074 1671 1138 τοῦτο
1710 1067 1836 1155 μὲν
1879 1071 1945 1148 ἐς
1986 1064 2194 1137 οὐδὲν
2234 1062 2500 1156 ἀνήκει·

2610 1068 2743 1135 εἰσὶ

1658 1248 1763 1299 que
1798 1233 1998 1299 agitur.
2072 1232 2136 1283 In
2171 1248 2378 1298 papyro
2414 1233 2643 1296 Graeco,
2672 1232 2745 1282 ad

1658 1318 1788 1354 ann.
1839 1304 1935 1353 104
1981 1307 2108 1352 ante
2157 1302 2284 1352 Chr.
2331 1318 2386 1352 n.
2435 1302 2745 1364 recedente,

1608 1387 1817 1437 ‘quem
1865 1371 2037 1422 edidit
2098 1376 2153 1421 et
2199 1371 2457 1437 explicuit
2498 1371 2743 1422 Boeckh.

1656 1441 1973 1507 (Abhandll.
1999 1440 2052 1491 d.
2076 1441 2278 1492 Berlin.
2309 1440 2487 1492 Akad.
2526 1442 2580 1492 d.
2603 1442 2745 1491 Wis-

1656 1510 1871 1561 sensch.
1910 1511 2040 1561 hist.
2078 1510 2210 1575 phil.
2235 1511 2410 1561 Class.
2446 1527 2574 1561 ann.
2605 1510 2745 1561 1820

1657 1586 1713 1632 et
1742 1581 1891 1631 1821.
1913 1595 2040 1645 pag.
2056 1581 2088 1629 4
2112 1596 2264 1646 seqq.
2279 1583 2350 1631 20
2373 1580 2569 1646 seqq.),
2599 1596 2744 1630 com-

1654 1655 1983 1701 memoratur
2033 1649 2085 1711 §-
2134 1651 2187 1700 2.
2235 1651 2538 1727 Aegyptius
2580 1650 2742 1701 homo

1660 1715 2143 1784 11αμοόνθης,ᾳιιί
2177 1719 2378 1769 dicitur
2400 1710 2741 1784 μελαγχρως,

1656 1805 1721 1839 ac
1768 1794 1880 1838 tres
1915 1788 2011 1838 alii
2058 1789 2176 1840 eius
2222 1789 2452 1851 subditi,
2513 1803 2742 1854 quorum

1654 1874 1935 1978 32:333ae
1939 1857 2744 1993 {25255535351‘2‘024315‘3553

1656 1998 1856 2047 flavum
1879 2002 2146 2059 transeat,
2170 1997 2445 2062 designari
2478 1997 2619 2047 idem
2647 1996 2745 2047 do·

1657 2067 1771 2117 cuit
1790 2066 2030 2118 Boeckb.
2068 2066 2105 2118 l.
2130 2066 2169 2117 l.
2194 2071 2249 2116 et
2285 2068 2341 2116 in
2362 2065 2579 2118 Platon.
2603 2067 2739 2117 Min.

1655 2151 1783 2201 pag.
1829 2137 1925 2186 138
1963 2151 2077 2201 seq.
2159 2137 2314 2187 Haec
2364 2151 2494 2187 vero
2540 2134 2741 2185 coloris

1656 2206 1948 2256 diversitas
1973 2206 2116 2255 inter
2130 2205 2279 2270 ipsos
2297 2205 2595 2270 Aegyptios
2616 2221 2744 2255 con-

1654 2277 1846 2338 spicua
1879 2274 2024 2326 haud
2055 2279 2213 2324 tanta
2250 2275 2437 2339 utique
2462 2275 2635 2325 fuisse
2664 2275 2745 2324 vi-

1655 2344 1838 2407 detur,
1878 2359 2019 2410 quae
2042 2344 2291 2394 diversae
2328 2345 2515 2409 stirpis
2546 2349 2742 2408 gentes

1652 2414 1710 2463 in
1751 2415 2055 2479 Aegyptum
2109 2412 2234 2463 olim
2293 2414 2621 2463 confluxisse
2680 2417 2743 2463 ut

1655 2488 1960 2534 statuamus
2012 2492 2111 2531 nos
2166 2488 2355 2547 cogat:
2411 2482 2508 2532 sed
2554 2483 2741 2532 varios

1655 2553 1845 2617 utique
1907 2551 2108 2618 gradus
2163 2552 2322 2602 huius
2367 2551 2563 2602 coloris
2623 2551 2740 2602 suf-

1655 2620 1874 2683 fusculi,
1913 2636 2017 2686 quo
2048 2621 2141 2686 qui
2174 2625 2419 2672 veterum
2442 2622 2741 2687 Aegyptio-

1654 2706 1769 2741 rum
1807 2691 2009 2756 posteri
2048 2691 2295 2739 seruntur
2317 2690 2524 2756 Coptae
2559 2690 2737 2740 adhuc

1653 2761 1895 2825 insignes
1929 2765 2084 2821 sunt,
2120 2759 2358 2810 discerni
2388 2760 2635 2824 potuisse
2660 2761 2741 2808 in-

1654 2834 1739 2879 ter
1786 2831 1934 2894 ipsos
1970 2829 2270 2894 Aegyptios
2312 2835 2737 2880 consentaneum

1655 2904 1742 2949 est
1774 2899 2019 2965 ipsisque
2054 2899 2415 2950 monumentis
2448 2898 2737 2964 probatum

1652 2968 1897 3019 homines
1932 2966 2113 3019 colore
2149 2968 2440 3019 distinctos
2484 2967 2739 3018 exhiben-

1654 3037 1827 3088 tibus:
1875 3038 1971 3102 qni
2017 3035 2167 3087 color
2200 3036 2330 3087 licet
2366 3038 2438 3088 ab
2477 3043 2598 3087 atro
2631 3037 2737 3087 Ne-

1652 3121 1868 3171 grorum
1904 3105 2085 3156 colore
2121 3121 2281 3172 quam
2314 3106 2547 3157 maxime
2582 3107 2734 3157 abes·

1652 3180 1764 3237 set,
1822 3175 2046 3227 Graecis
2108 3180 2319 3238 tamen,
2378 3178 2471 3240 qui
2523 3177 2737 3240 Negros

1650 3259 1872 3308 prorsus
1901 3249 2052 3295 atros
2085 3245 2178 3294 vix
2211 3245 2618 3311 cognovissent,
2658 3252 2739 3295 ta·

1647 3313 1718 3363 lis
1766 3328 1887 3364 esse
1930 3312 2245 3375 videbatur,
2308 3315 2400 3379 qni
2438 3314 2507 3365 ad
2559 3319 2737 3365 atrum

1653 3382 1883 3434 colorem
1930 3384 2163 3433 maxime
2209 3383 2513 3434 accederet.
2600 3383 2737 3433 Inde

1653 3453 1710 3501 in
1755 3451 2011 3515 Aeschyli
2053 3451 2240 3516 Suppl.
2288 3451 2391 3502 719
2441 3457 2645 3503 nautae
2679 3452 2735 3501 in

1652 3521 1889 3585 Aegypti
1913 3520 2147 3572 filiorum
2170 3521 2427 3584 navibus,
2453 3522 2592 3572 albis
2617 3518 2738 3585 (lin-

1652 3591 1784 3652 teis,
1820 3605 1918 3655 pro
1956 3605 2104 3640 more
2127 3590 2537 3656 Aegyptiorum)
2572 3590 2737 3640 vesti·

1652 3659 1755 3709 bus
1802 3659 1980 3709 induti
2018 3674 2244 3724 corpore
2275 3664 2420 3725 mro
2460 3656 2738 3724 (μελαγχί-

1656 3740 1785 3791 μοις
1819 3727 2053 3795 γυίοισι)
2098 3728 2269 3779 fuisse
2316 3729 2583 3780 dicuntur.
2656 3728 2737 3778 Ac

1654 3797 1791 3847 satis
1817 3813 1962 3849 nunc
1996 3802 2234 3860 constat,
2269 3798 2469 3849 veteris
2498 3796 2738 3863 Aegypti

1656 3865 1893 3929 incolae,
1953 3867 2194 3930 corporis
2239 3865 2474 3918 colorem
2519 3882 2586 3917 ac
2631 3866 2739 3916 for-

1654 3951 1825 3998 mam,
1880 3935 2075 3987 faciem
2122 3951 2190 3986 ac
2237 3935 2452 4000 vultus,
2506 3939 2737 4001 ipsaque

1654 4006 1844 4055 crania
1879 4005 1971 4066 (de
2005 4005 2200 4070 quibus
2234 4005 2307 4055 cf.
2348 4010 2487 4057 nott.
2521 4005 2593 4056 ad
2626 4004 2735 4065 111,

1657 4073 1743 4137 12)
1782 4075 1830 4124 si
1863 4074 2246 4138 respiciamus,
2281 4074 2479 4140 Negris
2516 4091 2564 4127 s.
2596 4073 2737 4124 Afri·

1653 4157 1790 4191 cano
1836 4142 2109 4193 hominum
2156 4145 2338 4208 generi
2383 4144 2605 4195 minime
2648 4158 2740 4193 ac-

1653 4212 1861 4261 censeri
1897 4226 2086 4276 posse,
2137 4210 2232 4262 sed
2267 4213 2442 4278 magis
2482 4213 2551 4262 ad
2583 4213 2739 4263 Asia·

1651 4279 1819 4329 ticum
1843 4296 2013 4345 genus
2038 4280 2295 4331 accedere
2322 4282 2483 4347 idque
2513 4283 2600 4334 vel
2629 4299 2740 4333 nia·

1654 4348 1738 4411 gis
1775 4348 1863 4399 vel
1898 4349 2074 4399 minus
2107 4364 2239 4414 prae
2276 4364 2335 4401 se
2369 4351 2538 4409 ferre3
2587 4352 2735 4404 conf.

1653 4415 1916 4467 Prichard
1940 4417 2272 4473 Researcbes
2300 4420 2358 4469 in
2390 4423 2448 4469 to
2480 4419 2572 4469 the
2605 4419 2737 4485 phy-
