3109 5092
478 379 597 445 100

1336 377 1876 443 HERODOTI

473 555 724 648 χρυσὸν
752 554 1070 639 ἄπλετον,
1132 550 1534 641 ἡμιπλίνθια
1581 550 1650 634 ἐξ
1688 548 1900 620 αὐτοῦ
1930 547 2251 638 ἐξήλαυνε
2270 601 2288 634 ,
2351 545 2463 617 ἐπὶ
2508 548 2634 636 μὲν
2675 545 2757 616 τὰ

473 660 851 751 μακρότερα
892 661 1141 728 ποιέων
1186 656 1662 740 ἑξαπάλαιστα,
1711 651 1822 723 ἐπὶ
1863 652 1937 722 δὲ
1976 650 2057 722 τὰ
2099 651 2478 740 βραχύτερα
2513 650 2751 741 τριπά-

473 775 742 849 λαιστα,
795 759 965 844 ὕψος
1020 759 1095 828 δὲ
1156 767 1620 843 παλαιστιαῖα,
1676 755 1972 846 ἀριθμὸν
2024 754 2099 824 δὲ
2143 757 2591 825 ἑπτακαίδεκα
2642 756 2755 822 καὶ

543 954 890 1042 ἡμιπλίνθια
935 951 991 1024 ἐξ
1038 952 1219 1010 αὐτοῦ
1267 950 1560 1024 ἐξήλαυνε]

472 1022 796 1093 ἐξελαύνειν
852 1031 939 1080 hic
998 1030 1062 1080 de
1108 1028 1370 1091 metallis,
1423 1043 1564 1094 quae

473 1103 721 1151 ducuntur
742 1103 940 1164 mallee,
965 1115 1075 1149 non
1096 1100 1224 1165 igne
1254 1096 1560 1163 liquefiunt.

472 1171 587 1221 Nos
638 1170 828 1235 vulgo.
888 1169 1108 1232 treiben,
1159 1168 1417 1231 schlayen.
1477 1167 1566 1216 Tu

473 1239 585 1290 vid.
635 1239 780 1289 infra
830 1237 1035 1288 Herod.
1097 1238 1153 1300 I,
1205 1237 1273 1286 68
1323 1243 1378 1285 et
1424 1250 1565 1301 quae

474 1307 611 1371 alia,
650 1313 902 1358 monente
957 1308 1072 1368 Cr„
1127 1307 1332 1355 excitat
1396 1305 1566 1355 Grae-

473 1379 596 1426 vius
637 1379 695 1426 in
738 1377 918 1427 Lectt.
979 1375 1242 1425 Hesiodd.
1300 1389 1421 1438 cap.
1474 1373 1558 1424 19.

474 1445 543 1494 ad
580 1462 662 1496 vs.
705 1444 820 1496 143.
877 1443 1015 1495 Add.
1057 1444 1264 1494 Herod.
1303 1443 1433 1505 VII,
1472 1444 1559 1494 84.

474 1515 619 1565 Hinc
658 1504 1022 1578 σφυρήλατος
1056 1505 1232 1562 εἰκών
1273 1513 1419 1577 apud
1455 1513 1564 1561 He-

474 1584 651 1632 rodot.
690 1583 815 1645 VII,
853 1582 1112 1642 69ς1ιὶιιο
1159 1572 1437 1646 ἐλάσματα
1482 1595 1562 1629 σι-

475 1645 659 1717 ὃήρου
696 1650 757 1715 (i.
796 1666 844 1701 e.
886 1651 1201 1716 Eisenblech)
1234 1651 1381 1716 apud
1421 1651 1563 1701 Pau-

473 1723 686 1771 saniam
722 1722 790 1781 Χ,
832 1721 920 1784 16,
961 1723 1051 1785 qui
1088 1720 1231 1770 idem
1261 1720 1445 1787 (vm,
1476 1721 1561 1780 17,

475 1790 561 1853 14)
613 1790 1050 1855 antiquissimum
1122 1805 1256 1854 opus
1308 1805 1373 1839 ex
1436 1803 1564 1838 aere

470 1859 615 1909 hunc
660 1861 712 1909 in
759 1860 978 1910 modum
1037 1859 1375 1909 elaboratum
1422 1873 1564 1906 com-

471 1936 763 1991 memorat,
815 1929 1000 1979 Iovem
1062 1930 1297 1993 Hypatis
1342 1929 1564 1992 Sparta·

470 2013 680 2049 norum.
746 1999 831 2047 Cr.
892 1998 1046 2048 addit
1093 1999 1286 2063 Heyne
1334 1998 1560 2064 Antiqq.

470 2068 720 2117 Aufsatz.
784 2068 828 2116 1.
892 2084 943 2132 p.
1008 2067 1075 2118 73
1128 2072 1184 2117 et
1245 2068 1442 2131 Apion.
1506 2066 1564 2113 in

472 2135 653 2186 Gloss.
672 2136 977 2187 Homerico.
1017 2152 1100 2186 nr.
1131 2138 1218 2187 55,
1257 2151 1311 2201 p.
1350 2135 1401 2185 8.
1445 2134 1563 2197 (ubi

471 2202 732 2269 legimus=
774 2195 949 2268 ἤλασε
979 2234 1048 2243 —-
1071 2196 1410 2269 ἕχάλκευσε),
1452 2203 1564 2253 alia

470 2274 527 2322 in
565 2272 892 2323 Commentt.
932 2272 1221 2323 Herodott.
1261 2288 1385 2337 pag.
1435 2271 1558 2322 302.

471 2372 542 2381 —-
604 2332 978 2405 ἡμιπλίνθια,
1038 2343 1284 2391 dimidiati
1349 2345 1559 2403 lateres

470 2409 636 2474 vulgo
672 2410 835 2460 iidem
872 2410 1138 2460 habentur
1184 2416 1349 2474 atque
1398 2409 1563 2459 πλίν-

473 2478 605 2541 θοι,
652 2481 871 2543 laceres,
937 2480 1030 2545 qui
1076 2479 1287 2529 scilicet
1331 2479 1562 2529 formam

472 2554 665 2599 exacte
709 2549 1031 2614 quadratam
1093 2553 1148 2599 et
1198 2553 1431 2614 quatuor
1480 2548 1562 2598 la-

468 2624 589 2668 tera
607 2619 862 2684 aequalia
873 2619 1190 2684 praebeant.
1208 2619 1376 2669 Plura
1394 2620 1558 2668 Hem-

469 2688 703 2739 sterhus.
744 2689 813 2738 ad
859 2689 1086 2739 Lucian.
1128 2688 1429 2752 Contempl.
1472 2689 1554 2738 12.

470 2759 627 2808 Tom.
665 2757 775 2809 111.
812 2772 940 2823 pag.
980 2757 1084 2809 390
1129 2757 1213 2807 ed.
1265 2759 1387 2823 Bip.
1450 2757 1559 2808 Sed

467 2826 767 2876 Herodotei
805 2826 1004 2877 lateres
1043 2826 1308 2877 eiusmodi
1341 2827 1559 2876 minime

468 2895 709 2956 fuerunt,
747 2899 807 2944 ut
842 2896 1012 2945 verba
1044 2901 1168 2959 post
1203 2896 1394 2945 addita
1422 2896 1559 2946 satis

470 2969 921 3023 commonstrant3
944 2964 1099 3013 fuere
1119 2965 1263 3014 enim
1282 2964 1365 3013 illi
1385 2966 1561 3014 forma

468 3047 577 3082 non
602 3046 993 3096 usquequaque
1030 3033 1317 3096 quadrata,
1341 3033 1437 3083 sed
1461 3034 1558 3083 ob-

468 3100 651 3164 longa,
691 3116 812 3150 cum
845 3116 941 3151 sex
987 3100 1286 3164 palmarum
1322 3102 1555 3166 longitu-

469 3168 667 3230 dinem,
695 3170 857 3219 trium
894 3185 1023 3219 vero
1059 3175 1274 3219 tantum
1312 3170 1555 3222 latitudi-

468 3254 591 3287 nem
629 3239 894 3288 referrent
946 3236 1140 3303 (nequc
1187 3254 1309 3297 sex,
1359 3240 1553 3305 quibus

468 3307 643 3357 forma
666 3314 857 3358 exacte
891 3307 1161 3373 quadrata
1197 3308 1552 3373 efficeretur);

467 3377 600 3439 sive,
641 3382 704 3427 ut
743 3377 1243 3443 Schweighaeuseri
1281 3383 1406 3428 utar
1431 3394 1554 3429 ver-

464 3446 570 3509 bis,
630 3450 719 3509 „in
777 3449 1043 3513 longiorem
1092 3457 1292 3512 partem
1349 3440 1442 3496 ἐπὶ
1488 3440 1558 3497 τὰ

465 3508 784 3581 μακρότερα
839 3516 937 3579 (sc.
1005 3516 1169 3582 μέρη)
1208 3533 1307 3568 sex
1359 3519 1558 3581 palmas

463 3585 805 3647 metiebantur,
834 3604 884 3637 m
913 3588 1187 3639 breviorem
1204 3596 1310 3638 tres
1323 3589 1558 3650 palmas,-

463 3654 544 3703 ita
578 3660 642 3705 ut
679 3656 784 3706 duo
821 3657 956 3707 talia
1000 3648 1377 3722 ἡμιπλίνθια,
1420 3656 1555 3706 alte-

465 3739 581 3773 rum
638 3725 792 3775 iuxta
844 3726 1070 3777 alterum
1129 3727 1336 3791 posita,
1393 3727 1553 3775 unius

466 3791 712 3910 intezgrae
775 3793 1030 3845 πλίνθου
1099 3795 1328 3860 figuram
1385 3796 1554 3846 refer·

467 3874 563 3909 ren

533 3916 627 3976 ἐπὶ
684 3919 787 3990 μὲν
850 3920 920 3976 τὰ
965 3922 1284 3992 μακρότερα
1337 3929 1551 3981 ποιέων

466 3984 847 4073 ἑξαπάλαιστα
885 4011 936 4044 κ.
998 4012 1043 4045 τ.
1094 3996 1163 4073 λ.]
1224 3999 1408 4050 Verba
1455 3991 1550 4049 ἐπὶ

462 4077 531 4112 τα
566 4076 900 4126 μακροτερα,
929 4056 1260 4128 βραχυτερα,
1294 4056 1447 4127 υψος
1478 4069 1548 4119 ad

459 4130 727 4196 triplicem
764 4131 1149 4181 dimensionem
1198 4134 1255 4183 in
1307 4135 1546 4200 longum,

460 4202 633 4256 latum
686 4205 744 4251 et
788 4199 1114 4265 profundum
1161 4204 1434 4266 pertinere
1480 4222 1546 4255 ex

460 4269 828 4336 Barthelemyi
902 4270 1283 4323 observatione
1364 4280 1545 4324 monet

460 4339 784 4403 Lai-cherua,
808 4354 964 4405 quem
991 4346 1211 4391 secutus
1236 4347 1320 4392 est
1344 4342 1543 4393 Sohae-

460 4410 555 4462 ser.
599 4411 714 4460 Nec
750 4410 911 4460 aliter
943 4411 1275 4476 Wagnerum
1312 4412 1371 4461 in
1410 4413 1543 4463 scri-

1665 959 1852 1023 ptione
1895 972 2019 1007 mox
2073 955 2350 1007 laudanda
2391 960 2447 1005 et
2489 955 2761 1020 Schweig-

1667 1027 1990 1077 haeuserum
2028 1024 2105 1089 (in
2158 1027 2345 1076 Lexic.
2391 1024 2658 1075 Herodot.
2709 1026 2755 1074 1.

1759 1096 1885 1177 248)
1921 1097 2057 1146 haec
2075 1096 2375 1174 accepisse
2422 1094 2613 1155 video,
2666 1096 2760 1159 qui

1666 1112 1760 1215 {ni
1796 1159 1864 1215 τὰ
1901 1156 2241 1229 μακρότερα,
2274 1164 2451 1246 quod
2457 1164 2526 1213 ad
2556 1164 2759 1213 similes

1664 1235 1969 1285 locutiones
2009 1225 2102 1284 ἐπὶ
2134 1226 2313 1296 δεξιὰ,
2355 1224 2451 1282 ἐπ’
2493 1224 2762 1298 ἀριστερὰ

1667 1305 1930 1369 explicari
1974 1303 2162 1366 debet,
2214 1302 2418 1352 reddit.
2462 1304 2516 1351 in
2569 1306 2762 1367 longio-

1663 1390 1769 1424 rem
1809 1382 2007 1451 partem
2054 1388 2099 1422 s.
2145 1379 2195 1422 in
2241 1373 2618 1437 longitudinem,
2668 1362 2762 1419 ἐπὶ

1664 1436 1734 1492 τὰ
1766 1435 2084 1509 βραχύτερα
2116 1443 2173 1492 in
2207 1441 2510 1492 breviorem
2528 1445 2758 1505 partem,

1665 1514 1702 1561 i.
1744 1528 1789 1562 e.
1829 1516 1882 1563 in
1916 1512 2257 1569 latitudinem
2292 1500 2449 1574 νψος
2484 1509 2569 1575 (ut
2602 1509 2760 1574 μέγε-

1666 1580 1796 1645 θος,
1837 1567 2024 1644 εὖρος,
2062 1580 2173 1631 alia
2208 1549 2265 1629 id
2309 1580 2504 1645 genus)
2544 1580 2611 1629 de
2645 1581 2762 1629 alet·-

1666 1652 1855 1711 tudine,
1892 1651 1929 1699 i.
1959 1666 2007 1700 e.
2045 1651 2403 1714 crassitudine,
2441 1654 2589 1699 reete
2616 1648 2758 1698 idem

1663 1719 1900 1783 intelligi
1911 1720 2048 1772 vult.
2077 1720 2274 1784 Itaque
2299 1735 2332 1768 a
2355 1718 2460 1768 loci
2485 1719 2760 1768 sententia

1665 1803 1887 1854 prorsus
1913 1789 2254 1850 aberrarunt,
2288 1789 2382 1853 qui
2410 1803 2531 1837 eum
2566 1789 2645 1837 sic
2674 1802 2761 1837 ac-

1668 1856 1947 1923 ceperant,
1983 1861 2046 1908 ut
2081 1863 2315 1922 quatuor
2355 1857 2478 1907 illos
2518 1858 2635 1907 auri
2673 1872 2762 1907 co-

1669 1929 1742 1978 cti
1779 1927 1980 1977 lateres
2013 1927 2319 1990 breviores,
2369 1925 2608 1991 reliquos
2645 1927 2761 1976 lon-

1668 1998 1846 2062 giores
1883 1996 2053 2046 fuisse
2088 2000 2347 2075 putarent
2381 1996 2544 2075 idque
2578 1996 2759 2046 verbis

1668 2066 1999 2117 Herodoteis
2037 2058 2129 2115 ἐπὶ
2155 2058 2225 2114 τὰ
2255 2057 2574 2131 βραχύτερα
2592 2070 2758 2130 atque

1665 2127 1756 2184 ἐπὶ
1811 2128 1879 2184 τὰ
1948 2127 2270 2199 μακρότερα
2328 2132 2596 2185 declarari
2648 2134 2761 2184 vel-

1665 2205 1809 2263 lent3
1849 2204 1995 2254 conf.
2030 2204 2188 2254 modo
2207 2204 2497 2254 Aemilium
2531 2205 2760 2255 Portum

1666 2274 1722 2323 in
1773 2274 1962 2323 Lexic.
2008 2273 2180 2322 Ionic.
2251 2273 2335 2322 Ad
2368 2279 2589 2323 nostras
2626 2288 2758 2323 vero

1666 2356 1947 2392 mensuras
2006 2342 2054 2391 si
2110 2342 2452 2392 Herodoteas
2497 2358 2760 2392 revocare

1665 2412 1911 2473 velimus,
1947 2412 2238 2461 tenendum
2275 2412 2378 2461 erit
2402 2448 2415 2474 ,
2453 2409 2524 2477 τῇ
2559 2411 2759 2461 παλαι-

1666 2477 1786 2546 στῇ,
1839 2484 1902 2529 ut
1961 2495 2028 2529 ex
2077 2480 2153 2543 ΙΙ,
2207 2480 2321 2532 149.
2382 2480 2759 2545 intelligimus,

1664 2549 1898 2599 indicari
1920 2553 2170 2613 quartam
2190 2549 2343 2614 pedis
2361 2553 2591 2613 partem,
2622 2549 2759 2600 adeo

1661 2623 1724 2668 ut
1771 2618 2004 2669 laterum
2055 2619 2336 2683 longitudo
2387 2620 2552 2668 fuerit
2595 2621 2757 2669 unius

1662 2687 1816 2752 pedis
1847 2704 1911 2738 ac
1941 2688 2166 2750 dimidii,
2193 2688 2425 2737 latitudo
2456 2693 2567 2738 tres
2601 2689 2756 2753 pedis

1661 2763 1863 2821 partes,
1907 2758 2142 2807 altitudo
2179 2773 2223 2807 s.
2249 2757 2556 2809 crassitudo
2593 2773 2756 2808 unam

1664 2843 1708 2876 s.
1748 2827 2106 2892 quadrantem
2140 2827 2491 2877 continuerit.
2733 2832 2754 2871 t

1733 2895 1949 2945 ποιέων
2009 2886 2395 2956 ἑξαπάλαιστα
2460 2911 2512 2944 κ.
2577 2912 2625 2945 τ.
2683 2895 2754 2962 λ.]

1661 2965 1785 3015 Duo
1843 2964 1966 3015 libri
2026 2964 2244 3044 probati
2291 2965 2576 3015 exhibent·
2631 2954 2755 3026 ἑξα-

1662 3027 1935 3097 πάλαστα,
1971 3026 2339 3097 τριπάλαστα,
2386 3034 2751 3094 παλαιστιαῖα,

1659 3117 1822 3167 quam
1854 3103 2179 3167 scripturam
2207 3103 2549 3154 commendat
2583 3103 2752 3180 Phry—

1658 3171 1849 3221 nichus
1895 3172 1953 3220 in
1990 3172 2220 3237 Eclogg.
2273 3187 2317 3223 s.
2373 3189 2423 3223 v.
2475 3163 2753 3236 παλαστή.

1659 3240 1766 3290 Sed
1813 3240 1975 3291 huius
2027 3241 2235 3291 formae
2288 3241 2527 3306 vestigia
2578 3256 2754 3305 paene

1658 3309 1840 3359 omnia
1893 3309 2189 3360 obliterata
2236 3326 2382 3373 esse,
2440 3310 2600 3360 docet
2648 3310 2752 3360 Lo-

1657 3378 1815 3429 beck.
1863 3394 1988 3444 pag.
2041 3381 2161 3430 205.
2221 3381 2322 3430 Cui
2365 3385 2582 3444 praeter
2616 3379 2669 3428 h.
2713 3379 2750 3429 l.

1660 3453 1826 3512 atque
1862 3448 2488 3512 Odyss.1,252.(ubi
2528 3448 2755 3513 quibus-

1661 3516 1786 3565 dam
1825 3516 2032 3581 placuit
2067 3487 2519 3583 παλαιστήσασα)
2565 3532 2754 3569 ιιιοιιιι-

1661 3592 2007 3650 mentumque
2045 3587 2284 3636 Atticum
2329 3585 2622 3636 Chandleri
2671 3585 2749 3651 (p.

1659 3653 1746 3705 38.
1813 3654 1924 3711 ubi
2004 3660 2185 3705 exstat
2267 3648 2750 3720 πεντεπάλαστον)

1660 3723 1865 3773 nullum
1913 3723 2062 3773 aliud
2106 3724 2252 3774 illius
2316 3725 2521 3774 formae
2578 3725 2747 3774 vesti-

1659 3793 1806 3859 gium
1845 3794 2090 3845 oblatum
2127 3799 2228 3856 est,
2265 3793 2525 3859 vulgatae
2560 3798 2745 3844 autem

1655 3864 1864 3915 formae
1911 3863 2146 3928 plurima
2194 3862 2469 3927 exempla,
2516 3868 2578 3912 ut
2628 3878 2747 3913 eam

1653 3932 1706 3981 h.
1745 3933 1783 3983 1.
1813 3934 2061 3983 deserere
2091 3933 2339 3998 equidem
2359 3947 2467 3982 non
2494 3931 2743 3982 audeam.

1651 4000 1736 4049 De
1771 4001 1972 4066 plurali
2020 4018 2242 4052 numero
2288 4002 2345 4051 in
2393 4001 2547 4051 hisce
2583 4017 2748 4052 voca-

1651 4068 1795 4120 bulis
1833 4070 1975 4120 idem
2010 4073 2222 4122 monuit
2256 4070 2499 4121 Lobeck.
2534 4086 2587 4136 p.
2622 4073 2745 4135 540,

1651 4136 1718 4187 de
1754 4139 1929 4189 forma
1967 4140 2045 4203 (in
2092 4139 2266 4204 ιαῖος)
2318 4155 2446 4205 pag,
2486 4141 2588 4190 544
2627 4156 2741 4205 seq.

1649 4207 1734 4256 Tu
1781 4209 1909 4259 add.
1962 4209 2205 4259 Fischer.
2256 4209 2323 4258 ad
2385 4208 2741 4259 Weller.11.

1761 4278 1937 4328 1.66.
1977 4279 2098 4329 167.
2138 4283 2193 4327 et
2229 4278 2464 4328 Bredov.
2504 4276 2675 4341 p.69.

1686 4292 1972 4411 αριθμὸν
2001 4340 2064 4395 δὲ
2087 4336 2467 4396 ἑπτακαίδεκα
2492 4293 2589 4394 καὶ
2615 4341 2744 4393 ἕκα-

1644 4414 1768 4481 τον]
1801 4416 1986 4465 Minus
2010 4422 2266 4466 accurate
2287 4415 2563 4466 Diodorus
2589 4415 2740 4477 XVI,
