3109 5092
1096 366 1603 428 EUTERPE.
1650 369 1736 426 H.
1781 377 1832 429 3.
1876 375 1929 428 4.

2521 360 2645 423 433

365 540 620 619 πάντας
676 535 1086 628 ἀνθρώπους
1133 551 1284 610 ἴσον
1325 541 1480 630 περὶ
1525 536 1754 611 αὐτῶν
1800 543 2200 610 ἐπίστασθαι
2223 559 2237 573 ·
2314 513 2394 607 io}
2442 537 2507 606 δ’
2561 535 2647 610 ἂν

366 646 761 731 ἐπιμνησθῶ
807 639 1063 729 αὐτῶν,
1124 640 1257 713 ὑπὸ
1301 649 1421 713 τοῦ
1457 643 1664 729 λόγου
1710 641 2306 732 ἐξαναγκαζόμενος
2360 644 2639 732 ἐπιμνη-

363 747 724 836 σθήσομαι.

453 847 653 918 ’Ὅσα
694 848 770 917 δὲ
810 845 1215 938 ἀνθρωπήϊα
1255 848 1646 939 πρήγματα,
1711 837 1843 917 ὧδε
1887 855 2122 936 ἔλεγον
2170 844 2695 937 ὁμολογέοντες4

448 1009 668 1074 πάντας
723 1006 1079 1079 ἀνθρώπους
1138 1015 1267 1066 ἴσον
1323 1011 1455 1080 περὶ

366 1079 556 1136 αὐτῶν
597 1077 963 1150 ἐπίστασθαι]
1008 1087 1045 1136 i.
1073 1102 1121 1137 e.
1171 1102 1335 1136 omnes
1366 1086 1456 1135 Ιιο-

364 1159 517 1207 mines
548 1159 751 1219 pariter
782 1155 909 1206 haec
956 1153 1196 1221 (nomina
1234 1156 1457 1207 deorum

368 1226 787 1292 Aegyptiorum,
828 1240 966 1290 quae
1003 1225 1121 1275 sola
1156 1242 1300 1275 nunc
1337 1241 1458 1290 pro·

370 1298 510 1346 ferre
531 1295 704 1360 lubet)
723 1299 872 1346 scire.
901 1297 989 1347 Gr.
1009 1297 1282 1360 Heynium
1303 1296 1456 1357 citat,

372 1366 466 1430 qui
500 1368 558 1416 in
588 1365 885 1418 Comment.
928 1367 995 1427 de
1032 1365 1193 1414 fontt.
1232 1365 1460 1414 Diodori

371 1451 500 1500 pag.
525 1436 570 1484 L
595 1435 679 1486 cd.
707 1436 926 1499 Bipont.
960 1440 1002 1484 t.
1033 1434 1078 1483 Ι.
1112 1435 1167 1484 h.
1191 1434 1229 1485 l.
1267 1435 1348 1484 ita
1381 1435 1460 1482 in-

373 1509 730 1568 terpretatur:
776 1520 981 1563 „omnes
1018 1506 1186 1555 eodem
1219 1505 1362 1554 modo
1397 1504 1460 1552 de

370 1575 449 1624 Itis
483 1574 754 1624 nominibus
782 1582 1035 1636 statuere,
1071 1583 1125 1624 ut
1149 1589 1252 1637 pro
1289 1575 1463 1624 iisdem

373 1645 596 1692 nineirum
623 1644 720 1693 diis
744 1659 848 1692 cum
878 1644 1148 1708 Aeyyptae’is
1172 1642 1460 1700 habenam-‘⁴

375 1712 465 1761 ubi
504 1704 695 1761 αὐτῶν
732 1713 898 1762 refert
943 1713 1011 1762 ad
1052 1713 1462 1763 antecedentia:

373 1775 442 1830 τὰ
480 1773 772 1845 οὐνόματα
807 1774 1002 1831 αὐτῶν
1026 1798 1102 1832 sc.
1124 1781 1241 1831 τῶν
1263 1781 1464 1831 θείων.

376 1852 439 1900 In
460 1867 567 1916 quo
587 1866 797 1912 vereor,
818 1857 879 1902 ut
899 1854 1017 1902 viro
1041 1851 1357 1902 doctissimo
1381 1865 1465 1900 as-

376 1922 566 1970 sentiri
601 1922 834 1985 possim,
875 1937 976 1972 nec
1000 1921 1173 1986 magis
1207 1921 1468 1971 accedere

375 2005 598 2055 possum
644 1990 922 2040 Lobeckio
977 1991 1056 2053 (in
1105 1991 1465 2054 Aglaopbam.

376 2076 430 2124 p.
463 2060 596 2111 1287
623 2059 783 2124 not.),
821 2075 850 2109 e
879 2060 1033 2110 cuius
1061 2062 1337 2109 sententia
1361 2060 1467 2108 He-

378 2130 603 2179 rodotus
642 2129 801 2190 dicit,
841 2145 939 2190 „se
977 2130 1044 2179 de
1066 2129 1151 2179 his
1173 2129 1335 2179 rebus
1373 2144 1466 2177 no-

380 2200 523 2248 mine
561 2204 721 2248 tenus
767 2214 868 2247 nec
917 2198 1148 2262 amplius
1196 2199 1468 2248 dicturum

380 2284 525 2330 esse,
566 2283 688 2317 cum
714 2268 934 2317 deorum
958 2267 1178 2317 nomina
1201 2269 1258 2317 in
1294 2267 1468 2317 sacris

379 2338 584 2388 tradita
608 2342 823 2386 tantum
846 2337 1102 2400 abfuerit,
1131 2342 1193 2386 ut
1217 2339 1273 2386 in
1296 2335 1469 2401 publi-

385 2423 506 2457 cum
539 2407 752 2469 ederet,
789 2412 853 2456 ut
879 2407 1015 2457 nihil
1050 2407 1224 2471 magis
1263 2410 1467 2456 tectum

382 2477 826 2540 reconditamque
896 2477 1216 2527 habuerit.“
1319 2473 1469 2525 Nihil

383 2547 523 2596 enim
571 2546 718 2596 aliud
764 2544 894 2595 mihi
928 2546 1238 2596 Herodotus
1287 2544 1469 2609 eloqui

382 2617 621 2666 voluisse
656 2616 902 2678 videtur,
940 2616 1048 2665 nisi
1082 2614 1243 2665 illud:
1293 2613 1468 2678 place-

383 2703 442 2735 re
474 2685 577 2735 sibi
608 2701 718 2736 una
748 2689 960 2735 tantum
994 2685 1214 2736 nomina
1247 2684 1467 2734 deorum

384 2755 774 2820 Aegyptiorum
810 2755 1040 2817 referre,
1089 2757 1289 2820 quippe
1333 2768 1471 2818 quae

386 2825 633 2875 omnibus
670 2825 781 2873 sint
817 2825 1064 2890 cognita3
1117 2839 1255 2889 quae
1303 2824 1473 2885 igitur

388 2909 834 2944 commemorasse
869 2895 1086 2943 minime
1116 2894 1271 2944 nefas
1299 2891 1473 2943 videri

389 2968 578 3028 queat,
627 2979 748 3013 cum
793 2963 942 3013 nullo
987 2964 1148 3013 modo
1192 2963 1475 3027 mysterio-

389 3049 505 3082 rum
534 3032 833 3082 doctrinam
862 3037 1115 3099 tangant.
1152 3033 1289 3084 Vide
1311 3030 1475 3081 Dabl-

389 3118 572 3152 mann.
613 3103 816 3152 Herod.
857 3119 981 3168 pag.
1022 3103 1141 3152 145.

458 3163 527 3220 τὰ
559 3163 617 3220 δ’
654 3161 729 3220 ἂν
767 3162 1110 3236 ἐπιμνησθῶ
1131 3163 1345 3236 αὐτῶν]
1367 3173 1475 3221 I-Ie-

390 3241 568 3291 rodoti
616 3242 890 3291 sententia
936 3241 1091 3301 haec,
1119 3245 1228 3292 est:
1292 3241 1474 3302 „Quae

389 3327 508 3360 vero
523 3318 801 3373 praeterea
827 3310 930 3374 (sc.
964 3315 1179 3374 praeter
1201 3312 1324 3374 ipsa
1352 3311 1477 3360 deo·

391 3395 507 3428 rum
532 3381 779 3440 nomina,
817 3380 870 3429 in
899 3380 1093 3445 quibus
1128 3371 1475 3444 solis⁰utpote

391 3449 689 3499 notissimis
719 3465 862 3498 nunc
890 3465 973 3498 me
1003 3451 1300 3499 subsistere
1323 3466 1476 3513 opor-

393 3516 499 3581 tet)
532 3519 594 3568 de
640 3521 704 3568 iis
745 3519 1095 3582 disputarem,
1147 3536 1210 3570 ea
1253 3535 1350 3569 non
1381 3521 1481 3569 nisi

392 3596 599 3638 coactus
633 3587 697 3636 ab
725 3590 841 3650 ipsa
870 3590 1165 3638 narratione
1185 3587 1253 3652 (s.
1280 3589 1474 3652 reipsa

392 3656 705 3720 postulante
750 3661 806 3705 et
858 3658 1108 3722 cogente)
1156 3657 1474 3720 proferam.“

395 3726 500 3775 Ubi
538 3741 603 3775 ea
631 3725 972 3790 potissimum
1007 3727 1300 3788 intellexit,
1340 3741 1478 3791 quae

395 3796 771 3859 mysteriorum
821 3796 1148 3857 doctrinam,
1204 3812 1311 3861 qua
1363 3796 1477 3859 ipse

396 3864 632 3914 imbutus
667 3870 807 3928 erat,
843 3865 1062 3915 minime
1098 3865 1478 3930 evulgandam,

395 3938 619 3999 tangere
652 3933 982 3985 viderentur.

796 4106 928 4158 CAP.
964 4106 1061 4156 IV.

450 4194 601 4257 Ὅσα
644 4200 705 4256 δὲ
757 4198 1110 4272 ἀνθρωπήϊα
1154 4201 1477 4273 πρήγματα]

396 4275 512 4327 scil.
553 4267 686 4338 ἐστὶ,
733 4276 911 4327 ταῦτα
957 4267 1066 4328 ὧδε
1111 4275 1319 4343 ἔλεγον.
1393 4280 1481 4328 Ita

395 4345 558 4396 facile
608 4346 847 4411 suppleri
895 4352 950 4397 et
993 4348 1250 4413 explicari
1300 4353 1483 4413 potest

393 4411 568 4464 locus.
644 4415 803 4477 Quod
835 4415 892 4466 h.
939 4416 978 4467 l.
1017 4418 1277 4484 Aegyptii
1327 4431 1482 4482 prae-

486 4517 819 4560 HERODOT.
867 4517 910 4558 1.

1560 1015 1813 1066 dicantur
1849 1032 1878 1066 e
1914 1016 2149 1066 siderum
2173 1032 2337 1067 cursu
2358 1015 2648 1066 observato

1561 1101 1761 1136 annum
1792 1086 2068 1135 invenisse
2116 1087 2451 1150 eundemque
2485 1086 2648 1150 primi

1561 1156 1814 1206 divisisse
1845 1157 1902 1205 in
1930 1155 2214 1206 duodecim
2240 1171 2453 1206 menses
2470 1195 2484 1218 ,
2515 1170 2650 1221 quos

1562 1225 1804 1290 singulos
1828 1241 2000 1291 aeque
2032 1242 2098 1276 ac
2120 1227 2235 1277 dies
2266 1226 2510 1292 singulos
2530 1226 2653 1274 deo-

1562 1312 1680 1345 rum
1701 1295 1934 1359 cuipiam
1958 1297 2399 1346 consecraverint
2414 1296 2516 1359 (ΙΙ,
2535 1293 2652 1357 82),

1562 1366 1620 1415 id
1655 1369 1802 1415 certe
1842 1366 1913 1415 ad
1950 1367 2319 1416 astronomiae
2366 1365 2653 1416 scientiam

1563 1440 1803 1499 spectat,
1850 1451 2011 1501 quam
2061 1440 2116 1485 et
2166 1436 2444 1485 inventam
2472 1439 2527 1484 et
2567 1449 2655 1483 ex-

1565 1505 1768 1555 cultam
1806 1505 1874 1555 ab
1912 1506 2196 1570 Aegyptiis
2220 1505 2524 1570 perhibent,
2564 1504 2655 1568 qui

1563 1575 1723 1640 primi
1784 1574 2069 1626 duodecim
2126 1576 2266 1625 coeli
2321 1576 2480 1638 signa
2535 1574 2653 1623 sive

1566 1644 1848 1695 zodiacum
1859 1645 2210 1694 constituisse
2222 1649 2501 1710 putantur.
2531 1644 2654 1704 Qua

1568 1714 1634 1764 de
1655 1729 1713 1763 re
1736 1718 2000 1777 quantum
2018 1714 2107 1763 vel
2130 1719 2318 1763 nostra
2341 1718 2522 1763 aetate
2543 1712 2653 1761 dis-

1567 1787 1844 1847 ceptatum
1879 1784 2060 1844 fuerit,
2097 1799 2256 1833 nemo
2295 1784 2408 1833 sere
2448 1782 2653 1839 nescit3

1569 1868 1745 1916 neque
1780 1851 1869 1901 hic
1905 1851 2057 1903 locus
2084 1854 2232 1917 capit
2270 1867 2549 1902 recensum
2570 1866 2657 1899 eo-

1569 1938 1714 1986 rnm,
1764 1936 1903 1984 quae
1942 1923 1996 1970 in
2035 1921 2175 1971 hanc
2212 1922 2437 1971 eandem
2474 1936 2583 1971 rem
2624 1935 2657 1968 a

1570 1993 1700 2040 viris
1754 1990 1929 2039 doctis
1977 1995 2105 2040 sunt
2140 1991 2380 2055 prolata:
2428 1996 2487 2039 tu
2532 1989 2656 2038 vide

1568 2060 1911 2125 potissimum
1947 2060 2219 2110 Kloeden:
2271 2062 2365 2111 der
2406 2062 2659 2112 Sternen-

1569 2128 1786 2179 himmel
1828 2128 2054 2192 (Vimar.
2108 2129 2289 2194 1848),
2338 2132 2431 2196 qui
2472 2130 2657 2179 varias

1569 2201 1806 2249 virorum
1847 2200 2128 2249 doctorum
2166 2201 2466 2250 sententias
2493 2200 2560 2248 de
2589 2199 2659 2246 si-

1570 2269 1787 2319 deribus
1824 2270 2055 2334 primum
2087 2271 2391 2322 observatis
2413 2274 2659 2322 invento-

1570 2355 1670 2405 que
1700 2338 1926 2389 zodiaco
1961 2345 2217 2390 accurate
2252 2342 2440 2391 retulit
2475 2342 2600 2391 ind'e
2626 2357 2660 2390 a

1568 2409 1775 2458 renatis
1825 2408 2001 2459 literis
2063 2425 2235 2474 usque
2290 2411 2359 2461 ad
2414 2415 2658 2460 nostram

1570 2482 1833 2538 aetatem,
1883 2495 2010 2544 pag.
2051 2481 2152 2530 225
2189 2496 2339 2545 seqq.
2416 2482 2658 2538 Graecia,

1569 2549 1760 2613 quibus
1795 2549 2123 2597 Letronnius
2159 2551 2295 2599 haec
2318 2550 2540 2599 inventa
2568 2548 2662 2598 ad-

1570 2616 1807 2666 scribere
1823 2616 1959 2681 vult‚
1987 2619 2155 2667 tribui
2181 2634 2289 2668 non
2311 2634 2490 2682 posse,
2517 2618 2660 2667 idem

1574 2686 1658 2735 vir
1696 2686 1889 2736 doctus
1938 2688 2385 2737 commonstravit
2433 2687 2508 2750 (p.
2557 2683 2662 2736 279

1577 2754 1775 2819 seqq),
1830 2771 1929 2805 nec
1984 2758 2159 2818 magis
2215 2757 2569 2821 Babyloniis,
2630 2771 2664 2804 a

1577 2825 1774 2888 quibus
1824 2825 2018 2876 Graeci
2062 2831 2204 2876 teste
2246 2826 2526 2876 Herodoto
2581 2825 2659 2886 ΙΙ,

1579 2894 1680 2946 109
1712 2894 1896 2958 polum
1934 2900 1989 2946 et
2023 2912 2293 2960 gnomona
2320 2900 2375 2945 et
2411 2895 2521 2946 diei
2558 2895 2664 2945 dis-

1576 2964 1925 3014 tributionem
1967 2966 2023 3014 in
2065 2966 2345 3015 duodecim
2376 2964 2536 3016 horas
2578 2980 2664 3014 ac·

1579 3039 1867 3098 ceperunt,
1916 3049 2157 3101 quosque
2201 3035 2328 3085 inde
2371 3035 2532 3084 etiam
2573 3051 2665 3085 zo-

1579 3103 1791 3154 diacum
1840 3105 2115 3155 invenisse
2162 3106 2535 3170 mensiumque
2581 3119 2665 3153 ra-

1576 3175 1753 3223 tiones
1791 3172 2141 3239 descripsisse
2180 3180 2431 3225 statuunt
2470 3173 2667 3233 ldeler,

1579 3243 1700 3303 alii,
1753 3244 1947 3308 quibus
1985 3260 2156 3309 nuper
2204 3245 2441 3295 accessit
2478 3244 2668 3293 Grote-

1577 3312 1705 3362 send
1744 3311 2133 3378 (Erliiuterung
2179 3315 2229 3365 d.
2270 3313 2665 3364 Keilinschrift.

1578 3382 1763 3445 babyl.
1803 3383 2154 3433 Backsteine.
2183 3385 2481 3432 Hannover
2510 3381 2665 3431 1852.

1579 3466 1707 3515 pag.
1738 3450 1855 3516 14);
1912 3453 2058 3502 conf.
2112 3467 2325 3516 quoque
2371 3451 2598 3499 laudata
2635 3464 2669 3497 a

1578 3519 1849 3569 Creuzero
1888 3520 2130 3584 Symbol.
2169 3521 2245 3569 11.
2279 3535 2405 3584 pag.
2440 3519 2539 3569 159
2578 3518 2662 3568 ed.

1578 3593 1706 3638 tert.
1782 3588 1976 3652 Itaque
2011 3590 2309 3654 Aegyptios
2342 3589 2477 3637 baec
2514 3588 2665 3637 inve-

1579 3658 1729 3706 nisse
1757 3659 2105 3707 statuendum
2131 3659 2250 3717 erit,
2289 3673 2429 3721 quae
2453 3661 2664 3705 maturo

1579 3731 1823 3790 tempore
1878 3727 1949 3776 ad
2003 3726 2334 3790 Babylonios
2394 3726 2665 3784 traducta,

1581 3800 1800 3860 postero
1854 3811 1988 3845 aevo
2045 3795 2113 3846 ad
2169 3796 2408 3846 Graecos
2455 3809 2669 3859 quoque

1584 3863 1769 3914 delata
1804 3870 1959 3926 sunt,
2015 3865 2149 3914 adeo
2186 3870 2248 3914 ut
2283 3863 2549 3915 Herodoti
2592 3869 2671 3913 te-

1583 3934 1894 3984 stimonium
1968 3935 2186 3999 egregie
2270 3934 2668 3997 comprobetur.

1582 4004 1800 4053 Etenim
1822 4003 1992 4052 totius
2011 4003 2223 4054 zodiaci
2240 4003 2503 4052 rationem
2522 4008 2672 4052 recte

1582 4072 1818 4135 perspici
1851 4088 2011 4136 posse
2046 4077 2212 4138 negat
2246 4072 2489 4122 Kloeden
2514 4073 2670 4137 (pag.

1584 4140 1687 4191 283
1727 4141 1923 4205 seqq.),
1974 4144 2081 4193 nisi
2127 4142 2197 4191 ad
2234 4142 2541 4206 Aegyptum
2594 4156 2674 4190 re-

1584 4211 1879 4274 spiciamus
1917 4211 2185 4275 huiusque
2218 4217 2397 4261 terrae
2421 4215 2671 4260 naturam
2727 4245 2740 4258 .

1584 4285 1637 4330 et
1662 4279 1914 4340 indolem,
1955 4279 2274 4340 climaticas‚
2300 4295 2436 4345 quas
2464 4280 2672 4338 dicunt,

1582 4349 1840 4410 rationes,
1858 4347 2261 4399 inundationem
2273 4363 2527 4402 annuam.
2545 4347 2674 4408 alia,

1585 4432 1726 4483 quae
1762 4433 1883 4467 cum
1928 4417 2012 4467 his
2053 4418 2344 4467 coniuncta
2391 4422 2546 4479 sunt,
2591 4432 2677 4466 ac-

2209 4494 2289 4558 28
