3109 5092
535 379 660 444 876
1315 376 1863 440 EXOURSUS
1911 377 2041 438 XII

1241 574 1886 655 EXOURSUS
1938 576 2096 655 XII

961 711 1132 778 AD
1218 708 2365 790 HERODOT.11‚124.

1323 900 1420 958 De
1475 899 2005 973 PyramidibuS.

703 1016 784 1068 De
812 1014 1200 1083 Pyramidibus
1233 1021 1481 1068 veterum
1517 1014 1914 1084 Aegyptiorum
1957 1014 2169 1084 primus
2214 1020 2472 1067 accurate
2501 1013 2827 1084 disputavit

533 1102 750 1169 Zoega=
796 1100 878 1153 De
918 1099 1175 1153 obelisco.
1216 1104 1394 1170 p.379
1425 1119 1582 1171 seqq.
1617 1100 1869 1152 omnibus
1904 1107 1959 1153 et
1987 1106 2236 1153 veterum
2262 1096 2322 1167 *)
2352 1106 2409 1151 et
2437 1099 2820 1152 recentiorum

535 1186 886 1255 scriptorum,
921 1186 1017 1256 qui
1039 1184 1126 1238 vel
1158 1186 1337 1239 obiter
1364 1185 1452 1238 vel
1482 1184 1735 1239 consulto
1762 1185 1832 1237 de
1860 1185 2238 1255 pyramidibus
2270 1185 2638 1254 scripserunt,
2676 1184 2821 1236 locis

535 1271 748 1324 allatis:
780 1270 1105 1340 quibuscum
1137 1272 1283 1323 conf.
1315 1289 1457 1341 quae
1485 1270 1692 1324 excitat
1720 1269 1898 1322 Beck:
1932 1269 2235 1338 Anleitung
2265 1287 2316 1321 z.
2340 1269 2823 1337 Weltgeschichte

533 1356 583 1409 1.
615 1376 668 1426 p.
686 1359 790 1415 705
815 1373 974 1424 seqq.
1036 1355 1190 1408 Inter
1221 1354 1413 1408 Gallos
1440 1356 1596 1409 viros
1625 1355 1837 1423 doctos,
1878 1357 1972 1425 qui
1998 1354 2373 1425 Napoleonem
2405 1354 2462 1406 in
2500 1354 2823 1423 Aegyptum

531 1439 970 1515 proficiscentem
1019 1440 1198 1492 secuti
1238 1446 1373 1493 sunt
1401 1449 1571 1511 atque
1602 1441 1670 1493 de
1702 1441 2077 1509 pyramidibus
2121 1440 2466 1505 retulerunt,
2513 1439 2822 1509 praecipue

535 1523 912 1578 consulendus
946 1530 1034 1577 est
1059 1525 1280 1578 Jomard
1312 1525 1400 1577 in:
1446 1525 1800 1594 Description
1832 1525 2093 1594 generale
2125 1526 2192 1578 de
2221 1524 2497 1593 Memphis
2529 1530 2586 1576 et
2607 1523 2681 1576 de
2706 1524 2819 1591 Py-

533 1610 769 1664 ramides
813 1613 1210 1679 accompagnee
1250 1610 1318 1663 de
1349 1628 1669 1681 remarques
1711 1611 2156 1680 geographiques
2199 1617 2257 1663 et
2284 1609 2629 1680 historiques
2661 1609 2818 1680 (De-

536 1695 805 1764 scription
835 1695 904 1748 de
939 1695 1219 1765 l'Egypte,
1264 1696 1581 1766 Antiquites
1621 1695 1794 1764 Chap.
1830 1696 2063 1764 XVIII),
2116 1701 2195 1748 et:
2236 1693 2580 1763 Remarques
2628 1700 2691 1746 et
2732 1712 2819 1746 re-

536 1781 794 1834 cherches
820 1797 920 1833 sur
950 1780 1031 1833 les
1054 1781 1365 1850 pyramides
1381 1781 1659 1851 d'Egypte
1688 1779 2012 1851 (Memoires
2041 1780 2401 1850 d'antiquites
2425 1779 2497 1831 T.
2512 1779 2588 1831 Π.
2612 1795 2672 1847 p.
2695 1783 2817 1838 163.

535 1867 691 1934 230).
767 1865 924 1919 Inter
967 1871 1246 1919 nostrates
1299 1866 1368 1919 de
1419 1865 1798 1935 pyramidibus
1850 1865 1967 1934 egit
2008 1865 2298 1917 Mannert=
2346 1863 2671 1934 Geograph.
2720 1863 2822 1916 der

538 1950 763 2003 Griecb.
798 1967 855 2003 u.
893 1951 1127 2003 Rbemer
1156 1950 1224 2019 X,
1258 1959 1307 2011 1.
1347 1969 1403 2021 p.
1434 1956 1542 2009 453
1569 1969 1725 2021 seqq.
1755 1954 1880 2019 463,
1912 1950 2196 2020 ediditque
2228 1949 2469 2002 libellum
2498 1949 2660 2001 Hirta
2692 1948 2816 2000 Von

538 2036 645 2089 den
696 2036 1059 2104 agyptischen
1088 2034 1418 2105 Pyramiden
1462 2035 1777 2105 iiberhaupt
1818 2036 1930 2088 und
1972 2053 2080 2088 von
2120 2035 2291 2087 ihrem
2329 2036 2484 2088 Baue
2520 2034 2817 2087 insbeson·

538 2121 691 2174 dere.
736 2119 924 2173 Berlin
961 2124 1116 2180 1815.

709 2204 1040 2259 Recentiore
1083 2210 1292 2272 aetate,
1363 2222 1474 2277 qua
1513 2204 1680 2257 latius
1726 2204 1907 2275 patuit
1957 2208 2076 2256 tota
2119 2204 2411 2273 Aegyptus
2469 2220 2532 2255 ac
2577 2201 2817 2256 faciliori

542 2307 711 2360 opera
741 2288 1070 2357 perlustrari
1104 2292 1317 2359 potuit,
1357 2290 1670 2360 pyramides
1698 2296 1807 2342 tam
1835 2288 2082 2359 reliquae
2113 2305 2272 2359 quam
2303 2306 2430 2356 eae,
2465 2304 2605 2359 quas
2635 2287 2817 2341 Hero—

542 2374 708 2427 dotus
738 2371 1052 2443 descripsit,
1088 2374 1329 2427 virorum
1357 2375 1640 2428 doctorum
1673 2391 1737 2427 ac
1764 2373 2242 2444 peregrinatorum
2273 2373 2459 2426 studia
2482 2373 2539 2425 in
2571 2392 2633 2425 se
2656 2390 2819 2442 quam

540 2458 768 2511 maxime
813 2463 1241 2529 converterunt,
1287 2461 1381 2531 qui
1428 2460 1641 2528 omnia,
1685 2476 1828 2531 quae
1867 2459 1936 2511 ad
1967 2457 2132 2511 situm
2165 2463 2220 2510 et
2255 2458 2324 2510 ad
2357 2463 2674 2511 structurae
2702 2475 2818 2510 mo·

541 2545 667 2597 dum
699 2543 1006 2614 pertinent,
1051 2551 1306 2599 accurate
1337 2562 1675 2614 cognoscere
1704 2561 1768 2596 ac
1796 2542 2059 2611 definire,
2113 2542 2364 2611 singulas
2407 2548 2463 2595 et
2503 2541 2817 2596 latitudinis

543 2637 602 2683 et
640 2628 952 2682 altitudinis
994 2646 1285 2683 mensuras
1316 2648 1522 2684 summa
1565 2629 1852 2697 diligentia
1888 2630 2064 2682 factas
2096 2628 2413 2681 describere
2457 2634 2622 2698 atque
2662 2627 2814 2680 aditu

541 2715 599 2766 in
631 2713 930 2767 interiores
958 2720 1166 2785 partes,
1207 2716 1303 2787 qui
1345 2733 1512 2769 arena
1544 2722 1665 2769 erat
1694 2716 1965 2781 obtectus,
2011 2712 2260 2783 recluso,
2312 2714 2412 2766 bas
2443 2713 2598 2783 ipsas
2623 2720 2816 2787 partes

540 2799 869 2875 perquirere
904 2800 1086 2852 conati
1112 2808 1262 2853 sunt.
1329 2801 1410 2854 Ac
1435 2801 1720 2872 pertinent
1743 2800 1851 2853 buc
1877 2798 2206 2869 praecipue:
2384 2787 2394 2798 ⁸

628 2886 847 2939 Clau-ke.-
879 2884 1117 2938 Travels
1151 2889 1255 2938 etc.
1288 2886 1430 2953 11,2.
1469 2904 1524 2955 p.
1545 2889 1648 2945 123
1678 2902 1836 2956 seqq.
1868 2887 1969 2943 179
1994 2902 2150 2954 seqq.

632 2972 872 3024 Belzom‘:
915 2969 1215 3023 Narrative
1258 2972 1321 3023 os
1355 2972 1445 3022 the
1479 2969 1819 3039 Operatione
1861 2969 1970 3021 and
2005 2971 2197 3021 recent
2229 2967 2569 3022 discoveries
2600 2974 2708 3022 etc.
2760 2971 2813 3023 in

799 3053 991 3121 Egypt
1013 3054 1122 3106 and
1135 3055 1341 3106 Nnbia.
1373 3054 1608 3107 London
1643 3058 1797 3113 1822.
1829 3053 1994 3105 Vol]
2025 3053 2281 3124 (voyage
2312 3071 2379 3106 en
2402 3053 2627 3124 Egypte
2660 3062 2715 3108 et
2748 3074 2813 3109 en

798 3135 983 3189 Nubie
1013 3153 1115 3205 par
1146 3137 1422 3207 Depping.
1454 3136 1618 3191 Paris
1650 3144 1787 3198 1831
1817 3144 1852 3198 2
1880 3136 2075 3205 vost).

635 3220 957 3275 Wilkimon':
987 3221 1177 3291 Egypt
1210 3222 1317 3274 and
1350 3222 1571 3275 Thebes
1606 3242 1661 3292 p.
1690 3227 1797 3282 323
1826 3241 1983 3293 seqq.

629 3308 913 3364 Ptokesch:
956 3305 1383 3375 Erinnerungen
1432 3324 1533 3360 aus
1572 3306 1861 3376 Aegypten
1911 3307 2024 3360 und
2068 3306 2407 3360 Kleinasien.
2457 3308 2621 3361 Wien
2656 3314 2813 3371 1829.

801 3392 845 3444 1.
874 3410 931 3461 p.
964 3396 1036 3452 68
1065 3410 1223 3463 seqq.
1546 3452 1553 3459 ¹

632 3479 795 3534 Mica.
829 3478 1042 3531 Παπαῖ.-
1087 3477 1244 3531 View
1286 3478 1349 3529 of
1373 3477 1595 3530 ancient
1633 3476 1740 3529 and
1783 3476 2004 3530 modern
2048 3476 2258 3546 Egypt.
2311 3477 2643 3547 Edinburgh
2675 3484 2812 3540 1832

797 3562 1034 3633 (second
1067 3563 1229 3631 edit.)
1257 3579 1313 3633 p.
1347 3568 1449 3622 113
1478 3580 1636 3633 seqq.

629 3649 866 3703 Howard
911 3647 1064 3716 Vyset
1122 3647 1460 3717 Operations
1513 3647 1728 3700 carried
1772 3665 1840 3699 on
1888 3650 1945 3699 at
1985 3648 2076 3699 the
2118 3646 2397 3717 pyramlds
2439 3647 2502 3698 os
2539 3647 2715 3700 Gizeh
2758 3649 2816 3701 in

806 3734 967 3798 1837,
1011 3731 1145 3784 with
1175 3749 1243 3784 an
1275 3738 1510 3784 account
1536 3734 1600 3785 of
1637 3749 1669 3783 a
1702 3748 1913 3799 voyage
1941 3733 1997 3784 in
2033 3736 2088 3783 to
2119 3748 2296 3800 upper
2324 3731 2537 3801 Egypt.
2582 3733 2813 3787 London

805 3821 959 3875 1840.
991 3823 1026 3877 2
1055 3816 1197 3869 Voll.
1231 3824 1287 3870 et
1316 3816 1605 3886 Appendix
1637 3816 1787 3887 (Vol.
1821 3816 1934 3883 111)
1972 3820 2125 3876 1841.

630 3901 751 3953 The
794 3901 1079 3966 Pyramids
1129 3904 1193 3954 of
1228 3901 1437 3966 Gizeb,
1490 3903 1631 3954 from
1675 3900 1855 3953 actual
1888 3900 2106 3969 Survey
2157 3898 2264 3952 and
2307 3899 2815 3958 Admeasurement.

804 3984 1123 4038 Illustrated
1155 3986 1288 4039 with
1331 3993 1490 4038 notes
1531 3986 1641 4038 and
1672 3986 1985 4038 references
2022 3991 2079 4038 to
2109 3986 2201 4039 the
2234 3984 2450 4038 several
2488 3987 2668 4056 pians.
2730 3991 2817 4058 By

687 4169 742 4236 *)
779 4168 991 4219 Plinius
1024 4166 1172 4217 Hist.
1198 4169 1326 4218 Nat.
1365 4168 1617 4231 XXXVI,
1645 4170 1710 4220 12
1744 4169 1863 4220 sive
1893 4168 1976 4231 17,
1998 4168 2031 4220 3
2067 4169 2136 4220 de
2157 4168 2544 4235 Pyramidibus
2570 4173 2817 4226 scribens

549 4242 688 4292 haec
725 4239 918 4290 habet:
975 4237 1134 4298 „Qui
1169 4235 1236 4286 de
1272 4238 1342 4288 iis
1379 4238 1723 4302 scripserint,
1761 4244 1890 4289 sunt
1924 4238 2256 4303 Herodotus,
2294 4240 2662 4305 Euhemerus,
2702 4244 2817 4294 Du-

550 4313 627 4363 ris
665 4311 904 4371 Samius,
941 4306 1312 4371 Aristagoras,
1347 4307 1673 4371 Dionysius,
1709 4309 2104 4369 Artemidorus,
2144 4309 2456 4361 Alexander
2479 4311 2818 4377 Polyhistor,

553 4381 865 4443 Buterides,
901 4374 1275 4438 Antisthenes,
1313 4377 1645 4440 Demetrius,
1681 4378 2013 4441 Demoteles‚
2052 4380 2296 4444 Apion“.
2361 4381 2603 4443 Quorum
2623 4382 2816 4447 libros,

553 4451 603 4503 si
629 4450 699 4500 ab
732 4449 1014 4502 Herodoto
1051 4447 1404 4510 discesseris,
1442 4461 1629 4499 omues
1666 4450 1974 4514 interiisse,
2013 4450 2209 4501 merito
2251 4449 2558 4503 dolendum.
