3109 5092
394 327 518 386 446

1265 323 1795 385 HERODOTI

394 505 670 588 ραμίδες
710 503 916 566 ἔνεισι
935 549 953 582 ,
1002 496 1251 590 ψάμμῳ
1297 502 1812 586 κατειλυμένον,
1874 499 2235 585 τεταμένον
2286 494 2407 564 τὸν
2461 493 2670 565 αὐτὸν

395 607 668 688 τρόπον,
699 600 816 669 τὸν
846 603 957 669 καὶ
985 607 1106 669 τοῦ
1129 598 1444 689 Ἀραβίου
1471 600 1551 670 τὰ
1581 599 1746 692 πρὸς
1771 608 2194 692 μεσαμβρίην
2222 603 2534 688 φέροντα.
2581 597 2667 668 Τὰ

396 697 494 774 ὧν
521 704 605 794 δὴ
635 702 764 773 ἀπὸ
786 700 1017 793 Ἡλίου
1049 704 1296 782 πόλιος,
1334 703 1558 775 οὐκέτι
1600 703 1852 774 πολλὸν
1896 712 2178 793 χωρίον,
2214 699 2301 783 ὥς
2337 702 2511 772 εἶναι
2540 709 2664 771 Αί-

394 808 688 896 γύπτου·
732 805 880 877 ἀλλ’
916 805 1077 877 ὅσον
1103 835 1173 876 τε
1203 803 1508 896 ἡμερέων
1532 811 1870 896 τεσσέρων
1899 805 2243 878 ἀναπλόου
2271 807 2499 895 στεινή
2529 809 2669 875 ἐστι

397 923 738 998 Αἴγυπτος
767 914 986 979 ἐοῦσα.
1046 917 1184 980 τῶν
1214 911 1288 980 δὲ
1317 909 1579 997 οὐρέων
1600 916 1737 980 τῶν
1766 914 2139 1010 εἰρημένων
2167 908 2242 979 τὸ
2271 906 2518 998 μεταξὺ
2547 936 2665 978 πε-

398 1014 547 1095 διὰς
577 1015 702 1103 μὲν
737 1020 852 1102 γῆ·
884 1012 1142 1084 στάδιοι
1170 1014 1244 1082 δὲ
1272 1015 1555 1102 μάλιστα
1585 1013 1860 1083 ἐδόκεόν
1888 1041 1999 1102 μοι
2049 1013 2257 1096 εἶναι,
2297 1019 2380 1101 τῇ
2407 1015 2665 1082 στεινό-

395 1118 596 1187 τατόν
627 1122 797 1200 ἐστι,
841 1122 1206 1205 διηκοσίων
1235 1115 1317 1186 οὐ
1349 1121 1590 1196 πλέους
1631 1121 1703 1186 ἐκ
1730 1122 1853 1186 τοῦ
1885 1114 2202 1206 Ἀραβίου
2235 1114 2468 1205 οὔρεος
2506 1118 2571 1196 ἐς
2597 1113 2673 1184 τό

397 1335 432 1368 a
466 1318 644 1382 Libya
669 1319 974 1381 Aegyptum
1009 1322 1297 1366 secernunt
1332 1333 1483 1367 mon-

398 1395 499 1448 tes,
538 1388 646 1436 iam
681 1388 825 1436 infra
849 1387 1141 1451 Memphim
1167 1387 1386 1450 propius
1413 1387 1482 1436 ad

399 1458 583 1506 Nilum
607 1456 891 1518 accedunt,
913 1457 1006 1506 ubi
1027 1457 1333 1521 pyramides
1356 1461 1484 1505 sunt

401 1531 712 1576 exstructae
733 1542 897 1590 prope
919 1527 1095 1590 ipsum
1116 1531 1368 1586 montem,
1392 1526 1485 1589 qui

399 1597 509 1646 iam
555 1596 664 1645 Nili
722 1595 1025 1646 convallem
1082 1596 1150 1644 ab
1202 1596 1484 1644 occidente

401 1667 604 1716 arctius
653 1665 933 1715 includens
980 1665 1255 1715 meridiem
1297 1681 1484 1714 versus

400 1736 594 1786 tendit.

469 1831 682 1906 ψάμμῳ
734 1833 1155 1901 κατειλυμένον]
1230 1835 1487 1886 Nonnulli

402 1910 562 1960 codd.
612 1914 666 1957 et
722 1907 842 1958 edd.
899 1904 1484 1970 κατειλημμένον.

405 1978 560 2042 Quod
605 1993 704 2027 nos
740 1976 983 2025 dedimus
1024 1993 1143 2025 cum
1183 1975 1485 2038 Schweigb.

406 2055 460 2097 et
485 2048 661 2098 Gaisf.
680 2084 692 2107 ,
730 2046 911 2095 verbis
948 2045 1355 2094 commendatur
1377 2046 1489 2093 110-

405 2118 617 2167 mericis
642 2116 840 2179 Odyss.
874 2115 1021 2174 xlv,
1065 2115 1189 2164 136:
1229 2106 1486 2179 ψαμάθῳ

405 2181 670 2247 εἰλυμένα
691 2181 898 2248 πολλῇ,
938 2199 971 2232 a
993 2184 1357 2246 Wesselingio
1385 2184 1488 2231 iam

406 2254 620 2314 allatio,
675 2252 762 2302 cui
799 2257 980 2301 tamen
1016 2252 1420 2316 κατειλημένον
1458 2267 1492 2300 a

407 2324 574 2373 verbo
612 2315 768 2370 εἰλέω
806 2337 910 2370 non
949 2321 1125 2370 minus
1160 2322 1384 2385 probum
1413 2321 1491 2369 vi-

408 2394 589 2454 detur,
627 2390 892 2439 firmatum
931 2390 1182 2441 versiculi
1210 2391 1488 2441 cuiusdam

407 2462 736 2513 auctoritate
786 2459 840 2508 in
885 2460 1200 2509 Philostrati
1236 2461 1487 2510 Heroico.

409 2549 535 2599 pag.
585 2531 688 2582 693
745 2527 833 2592 (08
887 2531 1181 2593 Boisson.).
1263 2530 1370 2580 Sed
1427 2546 1490 2579 eo

409 2605 527 2668 ipso
563 2603 618 2650 in
652 2600 773 2649 loco
806 2614 949 2648 nuuc
981 2600 1369 2649 Boissonadius
1395 2615 1492 2664 pro

408 2669 692 2735 εἰλημένε,
755 2669 896 2733 quod
947 2668 1195 2718 Olearins
1250 2670 1491 2730 dederat,

411 2760 439 2792 e
476 2741 722 2790 codicum
761 2754 1026 2788 consensu
1077 2740 1317 2803 reposuit
1348 2733 1492 2787 εἰλυ-

409 2809 538 2876 μένε
583 2809 821 2872 illudque
870 2806 991 2856 aliis
1043 2810 1203 2857 etiam
1254 2810 1494 2858 testimo-

411 2881 517 2929 niis
553 2878 805 2927 firmavit.
862 2877 1017 2926 Conf.
1045 2884 1184 2926 nott.
1218 2894 1346 2942 pag.
1369 2877 1489 2926 469.

411 2950 548 2998 Nam
575 2946 859 2995 descendit
886 2963 919 2994 a
947 2948 1108 2995 verbo
1140 2939 1324 3008 είλύω,
1363 2962 1493 2994 κατ-

410 3009 598 3078 eti-iim,
643 3015 839 3078 ohteyo,
879 3014 1097 3063 obvolvo.
1140 3046 1210 3055 —-
1239 3016 1302 3064 In
1343 3032 1490 3081 seqq.

411 3085 577 3150 vulgo
627 3082 766 3132 male
811 3076 1157 3147 τεταμμὲνον
1205 3100 1300 3148 pro
1340 3099 1493 3134 τετα-

411 3151 612 3220 μένον,
664 3169 785 3202 cum
832 3151 936 3200 loci
975 3168 1165 3202 sensns
1211 3155 1310 3203 sit:
1358 3168 1494 3203 mons

412 3256 481 3264 —
513 3225 636 3287 pari
671 3223 809 3271 modo
843 3229 1109 3283 porrectus
1148 3221 1224 3286 (in
1263 3222 1497 3288 longitu-

412 3295 589 3344 dinem
639 3291 771 3356 sc.),
829 3307 925 3355 quo
962 3291 1179 3342 Arabici
1219 3295 1395 3342 montis
1434 3309 1495 3343 ea

409 3381 564 3430 pars,
629 3377 758 3427 quae
806 3363 1055 3410 meridiem
1097 3377 1273 3411 versus
1320 3364 1492 3412 tendit.

412 3436 496 3484 'I'u
519 3432 628 3483 vid.
656 3430 887 3481 Bredov,
909 3446 963 3494 p.
988 3430 1055 3479 82
1082 3436 1137 3480 et
1165 3431 1284 3482 360.
1339 3431 1495 3494 Quod

413 3501 744 3553 coniectavit
779 3500 1060 3549 Benedict.
1100 3501 1269 3560 (Actt.
1305 3501 1494 3550 semin.

411 3589 526 3638 reg.
577 3572 728 3636 Lips.
783 3569 856 3618 11.
920 3585 974 3633 p.
1023 3569 1153 3632 285)
1206 3563 1496 3634 τεταμένα,

413 3643 556 3708 quod
612 3640 681 3689 ad
747 3630 815 3687 τὰ
873 3630 1017 3700 πρὸς
1068 3652 1188 3701 μεσ.
1244 3630 1496 3702 φέροντα

411 3716 644 3777 spectet,
694 3708 884 3757 merito
923 3724 1107 3757 omnes
1144 3708 1379 3758 editores
1417 3724 1498 3758 re-

409 3782 724 3846 pudiarunt.

480 3874 543 3931 τὸ
597 3868 680 3929 ὦν
740 3871 813 3942 δὴ
869 3869 983 3928 ἀπὸ
1026 3869 1226 3926 Ἡλίου
1276 3870 1493 3944 πόλιος]

417 3954 456 4004 i.
484 3968 530 4000 e.
560 3949 695 4016 quod
725 3949 905 3997 attinet
935 3949 1007 3997 ad
1040 3965 1146 3998 eam
1169 3948 1394 4014 Aegypti
1417 3964 1500 3997 re-

405 4026 626 4086 gionem,
677 4031 808 4080 quae
852 4015 915 4064 ab
955 4018 1209 4079 Heliopoli
1248 4019 1498 4068 meridiem

412 4104 587 4140 versus
636 4092 712 4135 est
763 4086 862 4133 sita
908 4085 1024 4136 Nilo
1074 4087 1292 4136 adverso
1337 4089 1500 4149 profi·

409 4157 635 4209 eisc-enti.
711 4153 955 4216 Respicit
1000 4154 1140 4202 enim
1187 4155 1499 4204 Herodotus

415 4244 507 4286 ea,
573 4237 714 4289 quae
763 4223 958 4285 capitis
1005 4223 1164 4270 initio
1223 4229 1498 4287 posuerat,

413 4295 601 4347 multis
647 4291 830 4340 verbis
882 4291 1210 4341 interiectis:
1268 4283 1383 4342 ἀπὸ
1436 4287 1499 4342 δὲ

404 4359 601 4416 Ἠλίου
637 4352 836 4417 πόλιος
869 4350 988 4409 ἅνω
1028 4351 1194 4409 ἰόντι.

1657 1306 1846 1365 οὐκέτι
1883 1307 2096 1365 πολλὸν
2132 1315 2372 1379 χωρίον,
2412 1306 2489 1372 ὡς
2524 1308 2671 1365 εἷναι

1587 1381 1903 1451 Αἰγύπτου]
1955 1387 1993 1436 i.
2042 1403 2090 1435 e.
2134 1387 2275 1449 reyio
2322 1401 2417 1435 non
2465 1386 2676 1449 amplius

1586 1459 1818 1517 spatiosa
1851 1464 1950 1510 est.
1985 1463 2039 1504 ut
2072 1458 2138 1505 sit
2170 1456 2395 1519 Aeyypti
2427 1452 2495 1518 (s.
2534 1471 2675 1520 qnae

1587 1524 1824 1589 Aegypti
1872 1540 1993 1574 esse
2030 1527 2302 1589 censetur)
2352 1541 2397 1574 s.
2433 1541 2528 1574 non
2574 1541 2675 1573 am·

1584 1597 1718 1656 plius
1744 1597 1795 1643 in
1832 1595 2138 1644 latitudinem
2175 1597 2365 1643 nmltum
2396 1603 2541 1656 patet
2578 1595 2674 1658 pro

1588 1667 1785 1728 relae’qna
1832 1664 2060 1728 Aegypti
2112 1664 2410 1723 (inferioris
2457 1664 2677 1727 potissi-

1589 1734 1754 1798 mum)
1778 1736 2057 1783 latitudine.
2094 1734 2178 1783 Ad
2207 1739 2532 1783 structuram
2560 1749 2677 1782 ver-

1590 1804 1780 1853 borum
1829 1793 1906 1859 ὦς
1949 1795 2094 1851 εἶναι
2144 1794 2432 1867 Αἰγύπτου
2479 1803 2549 1851 cf.
2599 1803 2674 1863 11,

1600 1873 1711 1923 135.
1751 1871 1946 1922 Matth.
1988 1872 2079 1922 Gr.
2108 1872 2202 1922 Gr.
2230 1890 2281 1938 p.
2308 1872 2461 1923 1071.
2498 1872 2677 1921 Kueli-

1590 1958 1705 1992 ner.
1743 1942 1837 1991 Gr.
1867 1943 1960 1991 Gr.
2002 1945 2051 2004 §-
2084 1941 2205 2002 826,
2244 1943 2295 1992 2.
2370 1941 2553 1990 Invita
2578 1942 2678 1990 Mi-

1590 2026 1758 2061 nerva
1780 2013 1989 2074 Steger.
2022 2012 2262 2061 Praefat.
2286 2026 2412 2076 pag.
2437 2011 2533 2060 XI.
2563 2027 2678 2060 cor-

1592 2082 1719 2145 rigit
1756 2077 2105 2143 Αἴγυπτον,
2146 2082 2200 2130 in
2239 2080 2382 2144 quod
2422 2080 2562 2129 idem
2598 2081 2678 2128 in-

1594 2150 1729 2200 cidit
1764 2155 1819 2197 et
1855 2150 2050 2214 Negris
2098 2156 2156 2199 et
2200 2165 2394 2199 censor
2429 2149 2677 2199 lenensis

1594 2221 1720 2269 anni
1764 2219 1915 2268 1⁸28.
1954 2221 2190 2282 Ergiinz.
2224 2219 2306 2268 Bl.
2343 2221 2429 2269 45.
2465 2235 2516 2283 p.
2554 2217 2676 2268 348.

1661 2278 1781 2336 ἀλλ’
1822 2276 1962 2335 ὅσον
1998 2303 2053 2336 τε
2081 2320 2148 2328 -
2174 2287 2458 2352 Αἴγυπτος
2480 2279 2676 2352 ἐοῦσα]

1592 2357 1628 2406 i.
1658 2373 1706 2406 e.
1741 2356 1849 2406 Sed
1874 2372 1974 2419 per
2007 2358 2264 2421 quatridui
2298 2360 2677 2421 navigationem,

1594 2442 1722 2490 quae
1759 2427 1977 2476 adverso
2009 2428 2210 2491 fltmaeine
2241 2429 2543 2482 instituitur,
2588 2443 2679 2475 an-

1588 2504 1743 2560 qusta
1793 2503 1869 2545 est
1912 2495 2177 2560 Aeyyptus
2237 2512 2283 2547 s.
2333 2511 2399 2544 ea
2443 2495 2679 2561 Aegypti

1594 2581 1738 2630 pars,
1767 2579 1905 2629 quae
1932 2565 1985 2613 in
2021 2570 2309 2630 angustam
2335 2563 2531 2615 vallem
2556 2580 2681 2615 con-

1594 2641 1775 2684 tracta
1821 2633 1928 2683 illis
1972 2636 2246 2684 montibus
2307 2634 2578 2698 (Arabicis
2626 2639 2681 2683 et

1597 2703 1842 2768 Libycis)
1893 2704 1961 2753 ab
1997 2709 2227 2768 utraque
2264 2711 2419 2768 parte
2454 2703 2681 2753 includi-

1597 2778 1701 2822 tur.
1734 2800 1803 2807 -
1841 2774 1994 2835 Quae
2021 2773 2251 2822 Aristidi
2286 2774 2348 2834 (t.
2370 2774 2447 2823 11.
2478 2789 2529 2837 p.
2554 2773 2682 2828 343)

1596 2841 1753 2891 fidem
1786 2843 2047 2892 excedere
2069 2842 2321 2892 videntur
2343 2843 2533 2892 Nostri
2565 2857 2683 2891 ver·

1595 2912 1693 2971 ba,
1747 2927 1811 2960 ea
1848 2913 2166 2962 recentioris
2209 2913 2409 2961 aetatis
2446 2912 2683 2976 peregri-

1596 2982 1879 3030 natoribus
1904 2982 2063 3030 valde
2089 2982 2406 3046 probantur,
2431 2986 2681 3031 monente

1595 3050 1897 3111 Larchero,
1952 3057 2031 3112 et,
2089 3052 2181 3114 qui
2223 3051 2551 3100 Larcherum
2601 3065 2683 3099 se—

1596 3120 1807 3183 qnitur,
1855 3120 2228 3169 Stadelmann.
2264 3120 2320 3169 in
2357 3136 2683 3185 programm.

1595 3190 1828 3238 DessaV.
1878 3190 2007 3238 anni
2064 3189 2195 3240 1830
2249 3190 2361 3252 (De
2404 3190 2685 3240 Herodoto

1598 3259 1822 3322 eiusque
1868 3257 2102 3309 dialecto
2150 3260 2213 3308 P.
2260 3259 2332 3320 1.)
2381 3275 2435 3323 p.
2485 3261 2517 3308 5
2567 3275 2682 3323 seq.

1597 3328 1717 3388 Sic,
1766 3328 1846 3376 uti
1886 3328 1990 3378 hoc
2032 3333 2184 3390 utar,
2236 3328 2425 3377 scribit
2475 3328 2687 3391 Savary

1595 3397 1812 3460 (Lettre
1847 3413 1939 3446 sur
1976 3398 2217 3462 l'Egypt.
2268 3397 2313 3447 1.
2359 3414 2415 3462 p.
2455 3399 2542 3462 5),
2591 3397 2685 3447 ubi

1598 3466 1866 3515 latissima
1891 3466 1963 3516 sit
1997 3466 2132 3516 haec
2157 3466 2440 3529 planities,
2477 3468 2569 3515 vix
2591 3483 2688 3516 no·

1599 3550 1721 3584 vem
1741 3535 1886 3584 illam
1908 3551 2029 3585 esse
2052 3535 2421 3585 milliariorum
2441 3535 2684 3600 (lienes);

1597 3603 1652 3652 id
1703 3605 1846 3669 quod
1895 3620 1929 3654 a
1977 3605 2225 3654 ducentis
2262 3605 2531 3655 Herodoti
2575 3610 2683 3655 sta-

1600 3673 1731 3734 diis,
1770 3689 1910 3738 quae
1945 3679 2152 3737 septem
2186 3674 2301 3723 sere
2328 3675 2585 3724 milliaria
2610 3673 2687 3724 al-

1598 3743 1877 3806 teriusque
1927 3743 2208 3793 dimidium
2258 3749 2521 3809 aequant,
2574 3759 2685 3793 non

1597 3811 1757 3860 valde
1791 3812 2041 3863 discedit.
2541 3852 2551 3864 .

1670 3872 2048 3944 στεινότατον]
2088 3883 2211 3944 „De
2243 3882 2348 3932 hac
2396 3882 2571 3932 forma
2599 3881 2687 3931 Io·

1600 3949 1725 3998 nica
1781 3951 1924 4000 conf.
1985 3951 2274 4005 Heindorf.
2336 3951 2406 4001 ad
2464 3950 2684 4001 Platon.

1599 4017 1879 4068 Phaedon.
1906 4023 1956 4081 §-
1983 4019 2101 4069 139.
2130 4034 2255 4084 pag.
2278 4020 2379 4072 237
2408 4015 2565 4085 seq.“
2600 4020 2685 4069 Or.

1602 4087 1726 4137 Vid.
1775 4104 1915 4152 quae
1961 4088 2074 4137 disi
2123 4089 2193 4137 ad
2232 4090 2452 4139 Ctesiae
2488 4090 2685 4154 fragm.

1601 4171 1727 4220 pag.
1769 4155 1868 4207 163
1905 4172 2020 4221 seq.
2057 4162 2112 4206 et
2146 4157 2217 4206 ad
2252 4157 2532 4209 Plutarchi
2565 4157 2690 4207 Phi-

1600 4224 1832 4288 lopoeni.
1882 4242 2009 4291 pag.
2047 4227 2099 4276 8.
2136 4228 2189 4276 9.
2272 4227 2413 4278 Add.
2450 4227 2687 4277 Bredov.

1602 4310 1656 4357 p.
1686 4296 1801 4356 150,
1840 4309 1947 4359 quo
1983 4295 2171 4345 eodem
2210 4296 2475 4359 probante
2508 4311 2561 4360 p.
2590 4296 2689 4345 155

1602 4377 1632 4411 e
1666 4362 1982 4414 Florentino
2018 4364 2234 4430 alioque
2267 4361 2405 4415 libro
2436 4363 2688 4415 Parisino
