3109 5092
458 362 576 425 128

1314 358 1862 423 HERODOTI

453 544 969 625 Πεισίστρατον,
1012 525 1200 614 αὖτις
1242 536 1316 603 ἐκ
1360 537 1516 624 νέης
1545 531 1653 604 ἐπ’
1689 531 2036 624 ἀλλήλοισι
2069 533 2487 604 ἐστασίασαν.
2545 560 2734 622 περι-

455 639 899 727 ελαυνόμενος
953 638 1027 708 δὲ
1069 643 1160 735 ,τῇ
1202 636 1429 707 στάσει
1471 634 1508 708 ὅ
1547 641 1948 726 Μεγακλέης
2008 634 2542 728 ἐπεκηρυκεύετο
2565 646 2733 707 Πει-

454 743 814 836 σιστράτῳ,
858 747 921 809 εἰ
960 739 1273 829 βούλοιτό
1302 744 1369 808 οἱ
1406 739 1528 830 τὴν
1558 745 1903 829 θυγατέρα
1946 748 2126 830 ἔχειν
2168 757 2461 828 γυναῖκα
2501 737 2611 810 ἐπὶ
2653 745 2736 830 τῇ

452 851 827 933 τυραννίδι.
898 841 1342 932 ἐνδεξαμένου
1393 844 1466 913 δὲ
1509 841 1629 913 τὸν
1668 843 1883 931 λόγον,
1905 845 2017 913 καὶ
2058 840 2585 933 ὁμολογήσαντος
2627 840 2738 912 ἐπὶ

451 947 745 1018 τούτοισι
772 946 1291 1033 Πεισιστράτου,
1332 951 1757 1034 μηχανῶνται
1800 944 1886 1036 δὴ
1914 944 2024 1016 ἐπὶ
2063 953 2144 1040 τῇ
2171 946 2433 1039 κατόδῳ
2466 952 2739 1035 πρῆγμα

456 1048 945 1139 εὐηθέστατον,
991 1044 1080 1128 ὥς
1122 1045 1252 1135 ἐγώ
1288 1043 1620 1138 εὑρίσκω,
1660 1055 1924 1144 μακρῷ,
1969 1047 2238 1137 ἐπείγε
2279 1048 2620 1137 ἀπεκρίθη
2662 1045 2738 1116 ἐκ

524 1204 686 1275 αὖτις
710 1210 768 1277 ἐκ
794 1213 859 1267 νέ
899 1231 926 1273 ς
950 1205 1043 1264 ἐπ’
1070 1206 1360 1280 ἀλλήλοισι
1388 1205 1543 1264 ἔστα.-

457 1284 683 1351 σίασαν]
730 1277 790 1335 ἐκ
827 1302 860 1335 ν
894 1299 976 1348 ης,
1017 1286 1081 1333 de
1114 1298 1257 1347 πουο,
1289 1284 1382 1332 ubi
1421 1299 1544 1349 sup-

456 1356 606 1421 plent
637 1352 815 1421 ἀρχῆς
850 1370 884 1404 a
909 1353 1204 1403 Plutarcho
1236 1352 1304 1401 de
1324 1352 1542 1404 Sollert.

457 1424 690 1475 Animal.
712 1440 767 1488 p.
790 1422 910 1473 959.
941 1422 1214 1483 additum3
1254 1422 1365 1471 vid.
1386 1423 1544 1472 Lam-

457 1495 596 1544 bert.
640 1495 769 1543 Bos.
811 1492 879 1542 de
912 1490 1104 1554 Euips.
1142 1507 1196 1556 p.
1234 1493 1321 1541 42.

528 1554 627 1611 ἐπ’
665 1553 1064 1625 ἀλλήλοισι]
1103 1561 1352 1611 adver-sus
1379 1576 1435 1610 se
1467 1563 1544 1612 in·

457 1637 607 1682 vicem
620 1650 640 1689 ,·
661 1631 754 1681 ubi
779 1630 1239 1696 praepositionem
1257 1645 1364 1679 non
1389 1645 1547 1694 quar-

457 1705 567 1764 tus,
597 1701 693 1750 sed
721 1701 918 1751 tertius
943 1714 1104 1750 casus
1132 1700 1396 1763 sequitur,
1422 1715 1548 1764 poe-

458 1774 637 1821 tarum
672 1771 789 1820 fere
826 1786 889 1820 cx
923 1784 1089 1832 more,
1126 1770 1194 1819 de
1231 1784 1336 1833 quo
1369 1769 1549 1819 Blom-

459 1839 601 1891 field.
643 1840 714 1890 ad
749 1839 1003 1904 Aeschyl.
1043 1839 1099 1890 S.
1141 1855 1188 1889 c.
1228 1838 1331 1887 Th.
1371 1853 1454 1888 vs.
1495 1839 1544 1888 1.

458 1910 724 1960 Herodot.
766 1910 814 1971 Ι,
854 1908 950 1961 61:
983 1900 1193 1971 μαθών
1238 1900 1302 1956 δὲ
1347 1898 1379 1957 ὁ
1416 1906 1547 1955 Πει-

461 1978 756 2040 σίστρατος
791 1970 859 2027 τὰ
896 1971 1208 2042 ποιεύμενα
1243 1966 1348 2025 ἐπ’
1376 1966 1417 2025 ,ἕ
1428 1993 1471 2025 ω
1486 1992 1548 2025 υ-

461 2044 566 2114 τῷ.
602 2046 770 2097 Plura
806 2047 918 2095 vid.
959 2048 1030 2096 ad
1063 2048 1158 2108 IV,
1199 2044 1287 2096 80.

533 2107 1044 2178 περιελαυνόμενος
1079 2108 1143 2163 δὲ
1177 2112 1248 2175 τῆ
1293 2105 1480 2163 στάσει
1517 2103 1547 2161 ὁ

464 2179 819 2260 Μεγακλέης]
877 2163 1388 2246 περιελαυνόμενος
1436 2186 1547 2231 cst:

463 2259 1351 2386 ἓξὲμέῗέρῖἱῖΐῖξὲἲῖζῖῗῖῗ·
1368 2250 1556 2381 ..3:233

464 2396 708 2441 vertens:
751 2391 1029 2453 formatus,
1087 2406 1185 2440 nec
1244 2389 1552 2440 Gronovius

465 2466 711 2511 vertens:
771 2459 1022 2509 obsessus.
1097 2451 1284 2508 στάσει
1338 2463 1393 2508 et
1447 2457 1552 2511 hoc

463 2530 586 2582 loco
625 2534 680 2579 et
714 2530 759 2591 Ι,
804 2529 915 2580 150.
960 2525 1074 2579 173.
1123 2529 1389 2578 intactum
1425 2525 1552 2578 reli-

466 2601 559 2665 qui
594 2615 695 2650 nec
728 2599 905 2648 minus
945 2598 1136 2662 opinor
1163 2598 1550 2658 Herodoteum,

466 2685 627 2736 quam
663 2667 807 2733 quod
842 2667 995 2718 libris
1041 2673 1187 2718 certe
1233 2668 1424 2716 invitis
1472 2681 1552 2715 re-

466 2744 635 2790 centt.
689 2737 813 2790 edd.
861 2742 1156 2803 praeeunte
1209 2736 1441 2787 BredoV.
1494 2751 1548 2800 p.

467 2808 571 2860 266
625 2822 738 2872 seq.
786 2813 1082 2872 posuerunt
1137 2798 1312 2855 στάσι.
1399 2804 1551 2855 Idem

468 2877 575 2927 feci
621 2877 679 2937 1,
729 2876 792 2925 61
857 2869 1013 2925 δόσει
1063 2875 1403 2940 relinquens,
1458 2873 1551 2924 ubi

466 2948 698 2994 recentt.
732 2935 879 2992 δόσι.

537 3008 591 3062 εἰ
641 3004 909 3078 βούλοιτό
967 3004 1027 3058 οἰ
1089 3003 1197 3075 τὴν
1261 3005 1552 3073 θυγατέρα

467 3078 615 3146 ἔχειν
660 3081 903 3144 γυναῖκα
956 3069 1047 3127 ἐπὶ
1103 3077 1173 3144 τῇ
1225 3075 1547 3143 τυραννίδι]

466 3150 650 3201 Verba
687 3142 755 3197 οἷ
787 3140 913 3212 τὴν
965 3142 1333 3211 θυγατέρα
1368 3151 1548 3196 verte:

466 3235 607 3270 suam
638 3220 796 3281 ipsius
835 3216 1143 3282 (Megaciis)
1174 3218 1344 3279 filiam,
1370 3231 1551 3280 quem-

465 3289 757 3339 admodum
817 3286 960 3352 apud
1018 3285 1311 3335 Pindarum
1360 3284 1444 3334 Ol.
1501 3285 1547 3347 1,

464 3360 548 3410 91.
599 3350 705 3407 τάν
753 3348 823 3405 οἷ
885 3346 1112 3419 πατὴρ
1164 3346 1549 3417 ὑπερκρέμασε

461 3418 739 3491 καρτερὸν
782 3415 936 3493 αὐτῷ
971 3422 1171 3486 λίθον,
1221 3438 1548 3488 quamquam

462 3497 550 3548 hic
585 3497 746 3547 aliam
784 3509 1001 3560 quoque
1033 3493 1429 3565 interpretandi
1465 3508 1549 3543 ra-

462 3568 664 3617 tionem
704 3565 1039 3631 propositam
1074 3568 1203 3614 *esse
1247 3562 1392 3612 haud
1428 3577 1547 3613 sum

461 3637 694 3686 nescius.
734 3634 888 3685 Cons.
927 3649 1093 3698 supra
1126 3635 1172 3696 1,
1224 3631 1319 3683 34:
1371 3623 1449 3696 μή
1495 3647 1548 3680 τι

463 3698 532 3752 οἱ
577 3696 933 3767 κρεμάμενον
980 3700 1060 3767 τῷ
1106 3696 1269 3750 παιδὶ
1312 3692 1541 3766 ἐμπέσῃ,

460 3772 555 3820 ubi
589 3772 702 3821 vid.
740 3776 881 3821 nott.
952 3773 1161 3821 Nomen
1205 3769 1349 3819 filiae
1397 3774 1546 3820 tacet

459 3838 791 3888 Herodotus.
849 3838 954 3888 Sed
1009 3854 1073 3887 ex
1129 3837 1299 3888 Suida
1356 3840 1420 3901 (s.
1487 3855 1540 3887 v.

447 3897 1088 3969 Ἐγκεκοισυρωμὲνην)-
1119 3910 1174 3955 et
1229 3905 1410 3957 Schol.
1473 3906 1542 3954 ad

458 3974 737 4038 Aristoph.
773 3973 918 4024 Nub.
954 3974 1039 4024 49.
1088 3973 1380 4037 colligunt,
1424 3990 1542 4024 eam

459 4042 661 4092 dictam
710 4041 880 4090 fuisse
926 4032 1238 4105 Κοισύραν.
1304 4044 1390 4093 De
1434 4058 1540 4106 quo

456 4108 1543 4245 {iffifflsszfsffifssi‘nffiffi⁰3335..{15.323

455 4263 577 4298 cum
614 4248 701 4309 iis,
741 4261 879 4311 quae
915 4247 961 4308 1,
998 4248 1083 4298 59.
1131 4246 1222 4296 fin.
1260 4246 1539 4312 leguntur:

455 4309 548 4366 ἐπὶ
582 4318 729 4365 τοῖσι
763 4313 1113 4365 κατεστεῶσι.
1154 4317 1257 4366 Est
1284 4317 1421 4365 enim
1449 4307 1540 4366 ἐπὶ

454 4387 509 4436 in
542 4385 627 4435 his
665 4384 1051 4450 conditionale,
1099 4389 1159 4435 ut
1203 4384 1367 4450 paulo
1412 4390 1541 4451 post

1646 1215 1704 1264 in
1740 1217 1920 1266 verbis
1973 1206 2065 1266 ἐπὶ
2112 1209 2366 1265 τούτοισι
2419 1220 2474 1265 et
2520 1215 2568 1279 Ι,
2618 1212 2735 1269 141.

1651 1285 1768 1348 160,
1808 1286 1960 1336 alibi.
1999 1286 2158 1336 Unde
2192 1276 2286 1338 ὲεὶ
2321 1281 2393 1351 τῇ
2437 1282 2738 1345 τυραννίδι

1649 1354 1778 1404 erit:
1825 1357 1957 1419 „sub
2006 1357 2288 1406 condia'ons
2332 1354 2649 1420 tyrannidis,
2691 1369 2735 1404 s.

1646 1438 1710 1473 ea
1744 1426 2023 1475 condicione
2056 1426 2213 1486 inita,
2253 1430 2306 1472 ut
2349 1439 2450 1485 pro
2490 1423 2743 1487 Meyach‘s

1638 1494 1751 1554 fllia
1786 1498 1837 1544 in
1875 1495 2228 1544 matrimonium
2262 1492 2412 1542 ducta
2441 1493 2741 1543 Pisistrmus

1647 1563 1963 1627 tyrannidem
1998 1562 2313 1625 acciperee.“
2369 1561 2495 1611 Vid.
2539 1560 2739 1611 Matth.

1651 1633 1703 1693 §-
1746 1632 1866 1695 585,
1905 1630 1957 1698 β.
2004 1647 2057 1696 p.
2109 1631 2261 1682 1165.
2303 1630 2459 1691 Quod
2496 1630 2741 1694 sequitur

1651 1695 1743 1751 ἐπὶ
1778 1699 1847 1766 τῇ
1881 1698 2105 1767 κατόδῳ
2138 1704 2248 1750 est:
2285 1700 2481 1750 reditus
2510 1715 2668 1749 causa
2693 1714 2738 1748 s.

1651 1785 1749 1891 {310-
1792 1772 1895 1888 ‘5552
1926 1772 2282 1904 ’ifflssssfm
2339 1767 2745 1901 32:2¹3&

1649 1899 2037 1972 εὐηθέστατον
2070 1911 2154 1958 est
2189 1922 2277 1958 res
2311 1910 2618 1964 stultissima,
2664 1910 2742 1956 in-

1650 1979 1930 2041 eptissima.
1964 1978 2168 2027 Vocem
2204 1967 2428 2039 εὐήθης
2450 1975 2555 2025 bac
2572 1975 2744 2039 signi-

1649 2047 1905 2097 ficatione
1939 2046 2099 2097 Plato
2126 2046 2468 2110 potissimum
2492 2045 2742 2109 frequen-

1651 2117 1815 2166 tavit.
1847 2115 2005 2166 Conf.
2024 2115 2310 2165 Ruhnken.
2338 2114 2410 2164 ad
2433 2114 2572 2163 Tim.
2603 2114 2737 2163 Lex.

1652 2185 1797 2236 Plat.
1821 2201 1876 2249 p.
1900 2185 2016 2235 132.
2046 2188 2100 2233 et
2120 2183 2231 2233 vid.
2257 2182 2521 2233 Herodot.
2549 2182 2623 2243 11,
2650 2184 2736 2236 45.

1722 2244 1851 2302 ἐπεί
1879 2267 1939 2317 γε
1973 2245 2264 2315 ἀπεκρίθη
2301 2245 2362 2300 ἐκ
2395 2248 2740 2313 παλαιτέρου

1653 2319 1756 2371 τοῦ
1796 2315 2087 2387 βαρβάρου
2135 2316 2338 2378 ἔθνεος
2380 2313 2443 2370 τὸ
2488 2314 2741 2383 Ἐλληνι-

1651 2383 1782 2454 κὸν]
1821 2390 2052 2439 Multum
2074 2390 2164 2440 hic
2186 2389 2314 2439 libri
2345 2390 2584 2439 variant·
2624 2388 2742 2453 plu-

1653 2474 1739 2510 res
1789 2460 2075 2509 exhibent:
2119 2451 2183 2509 τὸ
2230 2451 2518 2525 βάρβαρον
2566 2425 2743 2514 ἔθνος

1653 2524 1756 2577 τοῦ
1784 2519 2147 2591 Ἑλληνικοῦ,
2197 2543 2337 2578 unus
2371 2521 2435 2576 τὸ
2474 2523 2742 2594 βαρβαρι-

1652 2590 1759 2646 κὸν
1808 2591 1985 2653 ἔθνος
2028 2595 2130 2645 τοῦ
2173 2587 2531 2659 Ἑλληνικοῦ,
2598 2609 2742 2645 unus

1652 2662 1858 2724 ἔθνεος
1901 2662 2007 2715 τοῦ
2051 2658 2341 2731 βαρβάρου
2389 2657 2454 2714 τὸ
2492 2658 2741 2729 Ἐλληνι-

1653 2728 1785 2797 κὸν,
1863 2735 1955 2784 alii
2003 2734 2235 2799 denique
2286 2732 2392 2782 τοῦ
2449 2725 2741 2801 βαρβάρου

1653 2799 1856 2860 ἔθνεος
1891 2795 1954 2852 τὸ
1978 2793 2344 2865 Ἑλληνικὸν,
2385 2802 2531 2867 quod
2563 2803 2742 2868 ipsum

1655 2871 1960 2938 Schweigh.
1997 2876 2052 2922 et
2092 2872 2276 2925 Gaisf.
2308 2872 2534 2934 placuit.
2625 2872 2739 2922 Nos

1655 2958 1775 2992 cum
1810 2941 2006 2991 Matth.
2054 2940 2181 2991 olim
2225 2941 2569 2991 retinendam
2617 2956 2740 2990 cen-

1655 3012 1905 3061 sebamus
1942 3012 2179 3075 priorum
2229 3010 2382 3059 editt.
2422 3009 2740 3060 lectionem:

1652 3077 1757 3128 τοῦ
1789 3075 2144 3144 βαρβαρικοῦ
2168 3073 2373 3135 ἔθνεος
2403 3071 2467 3127 τὸ
2490 3070 2742 3143 Ἐλληνι-

1652 3140 1784 3210 κὸν,
1826 3147 1909 3197 his
1937 3148 2277 3212 potissimum
2313 3148 2545 3212 permoti
2575 3148 2743 3197 ratio-

1652 3217 1828 3279 nibus,
1866 3217 2010 3281 quod
2036 3216 2102 3267 de
2127 3217 2215 3279 iis,
2249 3231 2387 3281 quae
2408 3232 2507 3267 nec
2530 3216 2743 3267 Graeca

1653 3290 1781 3335 sunt
1834 3300 1932 3336 nec
1989 3285 2060 3335 ad
2119 3286 2406 3337 Graeciam
2465 3286 2743 3350 pertinent

1652 3354 1895 3419 adeoque
1954 3355 2178 3406 Graccis
2240 3360 2584 3419 opponuntur
2657 3354 2742 3417 (ut

1650 3424 1754 3475 hoc
1801 3424 1916 3473 fere
1967 3423 2131 3489 loco),
2177 3423 2407 3473 subinde
2463 3424 2742 3473 invenitur

1650 3483 2018 3559 βαρβαρικὸς,
2074 3509 2194 3543 cum
2242 3484 2527 3560 βάρβαρος
2560 3492 2742 3542 locum

1649 3562 1875 3624 habeat,
1929 3562 2023 3611 ubi
2059 3562 2125 3612 de
2165 3562 2404 3611 moribus
2444 3575 2621 3612 sermo
2660 3566 2740 3610 at-

1650 3647 1754 3696 que
1779 3631 2092 3705 ‘institutiffi
2163 3632 2249 3681 De
2297 3645 2428 3695 quo,
2483 3635 2739 3681 monente

1649 3701 1779 3764 Gru,
1828 3696 2142 3750 consulatur
2190 3699 2468 3750 Schaefer.
2519 3700 2577 3748 in
2624 3700 2740 3749 Me-

1646 3768 1768 3818 lett.
1808 3769 1954 3818 critt.
1994 3783 2123 3832 pag.
2159 3769 2247 3828 40,
2289 3768 2374 3818 cui
2411 3767 2538 3817 add.
2573 3768 2741 3818 Heni-

1647 3838 1882 3888 sterhus.
1910 3837 1978 3887 ad
2003 3837 2349 3900 Xenophont.
2377 3836 2579 3901 Ephes.
2605 3852 2734 3901 pag.

1647 3906 1750 3956 180
1786 3906 1870 3956 ed.
1907 3904 2113 3956 Locell.
2173 3906 2330 3955 Nunc
2366 3909 2549 3956 tamen
2575 3906 2738 3957 Gais-

1645 3975 1881 4024 fordium
1927 3975 2081 4039 sequi
2118 3974 2311 4038 malui,
2367 3978 2479 4023 tum
2514 3980 2739 4039 propter

1642 4042 1900 4093 librorum
1953 4044 2279 4107 scriptorum
2327 4046 2493 4107 atque
2539 4043 2738 4095 editio—

1644 4126 1772 4161 num
1812 4113 2226 4173 auctoritatcm‚
2265 4116 2379 4161 tum
2451 4112 2563 4163 uod
2599 4112 2737 4163 illud

1645 4179 1933 4230 discrimen
1963 4181 2106 4231 inter
2137 4177 2414 4246 βαρβαρικ
2455 4197 2482 4239 ς
2520 4189 2576 4231 et
2599 4174 2737 4248 βάρ-

1644 4247 1819 4315 βαρος
1854 4250 1949 4298 vix
1985 4251 2188 4314 ubique
2225 4254 2492 4301 servatur.
2555 4251 2645 4300 Ita
2678 4252 2736 4299 in

1642 4317 1889 4368 Platonis
1920 4318 2070 4379 loco,
2108 4334 2265 4382 quem
2296 4320 2391 4369 Cr.
2420 4319 2733 4383 adscripsit,

1640 4386 1859 4437 Politic.
1897 4402 1951 4451 p.
1988 4388 2089 4439 202
2123 4403 2167 4437 s.
2196 4404 2250 4453 p.
2280 4390 2382 4438 257
2418 4388 2593 4439 Bekk.
2629 4388 2736 4437 sibi
