3109 5092
1099 349 1351 412 CLIO.
1395 351 1446 412 Ι.
1497 361 1616 414 112.
1666 362 1784 417 113.
1832 363 1951 417 114.
2543 355 2665 416 245

384 514 422 586 ὅ
465 545 538 588 τε
591 517 720 607 γὰρ
762 519 1059 601 τεθνεώς
1104 530 1456 613 βασιληΐης
1499 529 1716 613 ταφῆς
1767 525 2080 614 κυρήσει,
2136 530 2248 596 καὶ
2294 522 2331 594 ὁ
2371 553 2663 616 περιεων

383 617 508 691 οὐκ
556 619 825 692 ἀπολέει
871 622 995 713 τὴν
1041 624 1284 714 ψυχήν.
1380 627 1615 716 Κάρτα
1661 655 1732 696 τε
1775 631 1960 709 ἔδοξε
2007 633 2099 721 τῷ
2136 628 2443 722 βουκόλῳ
2496 631 2794 720 πρός113

379 722 460 793 τὰ
493 725 830 814 παρεόντα
864 719 941 796 εὖ
970 730 1193 813 λέγειν
1235 724 1276 816 ἡ
1307 729 1517 819 γυνὴ,
1564 732 1675 798 καὶ
1719 726 1959 799 αὐτίκα
1999 735 2217 801 ἐποίεε
2253 737 2484 801 ταῦτα.
2538 734 2657 804 τὸν

379 828 506 916 μὲν
539 835 740 919 ἔφερε
780 830 1199 902 θανατωσων
1241 837 1481 918 παῖδα,
1519 838 1762 902 τοῦτον
1795 833 1921 920 μὲν
1965 841 2332 923 παραδιδοῖ
2368 841 2450 927 τῇ
2484 839 2653 906 ἑωυ-

381 936 501 1000 τοῦ
535 940 839 1018 γυναικί·
898 933 1018 1004 τὸν
1058 934 1133 1002 δὲ
1173 936 1462 1021 ἑωυτοῦ,
1512 935 1709 1004 ἐόντα
1744 933 2021 1024 νεκρὸν,
2066 935 2296 1026 λαβών
2341 944 2548 1025 ἔθηκε
2589 943 2656 1021 ές

381 1032 455 1102 τὸ
506 1032 742 1123 ἄγγος,
800 1039 875 1108 ἐν
917 1042 1009 1130 τῷ
1056 1042 1257 1124 ἔφερε
1297 1034 1418 1107 τὸν
1464 1041 1724 1126 ἕτερον·
1789 1037 2124 1127 κοσμήσας
2167 1040 2242 1109 δὲ
2281 1046 2374 1133 τῷ
2425 1041 2653 1137 κόσμῳ

381 1139 578 1206 παντὶ
604 1143 725 1208 τοῦ
754 1140 985 1226 ἑτέρου
1016 1137 1289 1223 παιδὸς,
1322 1142 1554 1228 φέρων
1582 1142 1648 1221 ἐς
1681 1139 1755 1211 τὸ
1791 1141 2196 1229 ἐρημότατον
2229 1149 2367 1211 τῶν
2394 1142 2655 1232 οὐρέων

293 1253 362 1311 57
380 1251 580 1309 τιθεῖ.
656 1236 744 1321 ὥς
781 1243 856 1311 δὲ
889 1249 1079 1330 τρίτη
1118 1238 1330 1331 ἡμέρη
1375 1248 1469 1335 τῷ
1506 1247 2153 1337 παιδίω,έκκειμένω
2203 1248 2501 1332 ἐγένετο,
2549 1246 2655 1336 ἥτε

380 1345 444 1424 ἐς
486 1342 686 1414 πόλιν
735 1338 772 1413 6
812 1345 1173 1432 βουκόλος,
1237 1350 1376 1413 τῶν
1418 1372 1570 1414 τινα
1627 1347 2027 1435 προβόσκων
2073 1346 2381 1431 φύλακον
2448 1346 2658 1420 αὐτοῦ

377 1444 782 1515 καταλιπων.
875 1445 1102 1516 έλθων
1160 1447 1234 1516 δὲ
1287 1451 1353 1527 ἐς
1403 1454 1523 1516 τοῦ
1589 1444 1929 1538 Ἀρπαγου
1989 1446 2473 1519 ἀποδεικνύναι
2521 1459 2652 1541 ἔφη

378 1552 633 1637 ἑτοῖμος
668 1547 845 1618 εἶναι
890 1555 1014 1619 τοῦ
1051 1555 1326 1619 παιδίου
1370 1547 1491 1620 τὸν
1539 1553 1768 1620 νέκυν.
1829 1555 2089 1654 πέμψας
2136 1548 2283 1621 δὲ
2254 1579 2290 1620 ο
2316 1550 2654 1641 ’Ἅρπαγος

376 1679 515 1721 των
549 1654 805 1722 ἑωυτοῦ
848 1650 1254 1741 δορυφόρων
1306 1652 1461 1733 τοὺς
1511 1655 1978 1739 πιστοτάτους,
2039 1653 2185 1723 εἶδέ
2221 1681 2295 1723 τε
2337 1654 2450 1724 δια
2491 1657 2651 1725 τού-

375 1782 546 1840 των,
592 1757 704 1823 καὶ
753 1761 969 1837 ἔθαψε
1005 1760 1127 1822 τοῦ
1157 1754 1494 1843 βουκόλου
1532 1754 1608 1824 τὸ
1648 1763 1939 1840 παιδίον.
1997 1758 2109 1824 καὶ
2153 1753 2227 1825 τὸ
2244 1756 2382 1843 μὲν
2415 1761 2651 1827 ἐτέθα-

378 1883 502 1926 πτο
518 1879 532 1893 ·
563 1856 682 1927 τὸν
700 1863 742 1926 δ
746 1858 776 1926 ὲ
794 1853 1080 1946 ὕστερον
1105 1856 1364 1926 τούτων
1383 1863 1619 1946 Κῦρον
1646 1855 2155 1945 οὐνομασθέντα
2177 1865 2655 1946 παραλαβοῦσα

377 1965 617 2048 ἔτρεφε
648 1955 687 2048 ἡ
714 1958 890 2049 γυνὴ
932 1967 1052 2029 τοῦ
1087 1959 1426 2046 βουκόλου
1447 2013 1466 2046 ,
1513 1957 1770 2049 οὕνομα
1799 1959 1962 2030 ἄλλο
1992 1960 2118 2028 κού
2151 1987 2214 2028 τι
2244 1962 2356 2028 καὶ
2397 1958 2479 2029 οὐ
2505 1967 2650 2030 Κῦ-

378 2089 501 2150 ρον
533 2067 814 2151 θεμένη.

528 2167 664 2234 Καὶ
703 2162 812 2234 ὅτε
851 2161 935 2253 δὴ
964 2156 1048 2253 ἦν
1079 2167 1395 2251 δεκαέτης
1435 2160 1470 2234 6
1506 2181 1695 2248 παῖς,
1734 2169 2006 2253 πρῆγμα
2043 2166 2108 2243 ἐς
2143 2161 2351 2235 αὐτὸν
2389 2163 2651 2235 τοιόνδε
2676 2173 2791 2232 114

377 2267 744 2357 γενόμενον
771 2269 1054 2355 ἐξέφηνέ
1076 2295 1213 2353 μιν.
1269 2271 1490 2349 ἔπαιζε
1530 2269 1606 2335 ἐν
1637 2270 1717 2355 τῇ
1745 2265 1933 2354 κώμῃ
1965 2264 2206 2353 ταύτῃ,
2253 2272 2329 2338 ἐν
2366 2272 2446 2355 τῇ
2484 2259 2655 2356 ἦσαν

378 2372 490 2438 καὶ
525 2375 602 2438 αἱ
623 2375 975 2458 βουκολίαι
1011 2359 1241 2450 αὗται,
1289 2374 1511 2452 ἔπαιζε
1544 2368 1620 2437 δὲ
1654 2366 1796 2457 μετ’
1834 2367 2060 2438 ἄλλων
2089 2364 2347 2456 ἡλίκων
2375 2373 2450 2439 ἐν
2474 2366 2611 2464 ὁδῷ
2639 2393 2653 2407 ·

378 2475 490 2540 καὶ
529 2477 599 2541 οί
637 2479 871 2551 παῖδες
906 2479 1248 2553 παίζοντες
1286 2476 1543 2539 εἵλοντο
1589 2473 1862 2540 ἑωυτῶν
1899 2473 2177 2559 βασιλέα
2208 2471 2381 2541 εἶναι
2417 2478 2657 2542 τοῦτον

382 2571 466 2662 δὴ
507 2573 627 2644 τὸν
670 2580 792 2643 τοῦ
836 2572 1173 2660 βουκόλου
1223 2576 1577 2660 ἐπίκλησιν
1622 2579 1851 2642 παῖδα.
1927 2568 1963 2641 ὁ
2006 2571 2081 2640 δὲ
2124 2568 2352 2642 αὐτῶν
2401 2576 2657 2655 διέταξε

733 2789 864 2840 Cu».
904 2788 1110 2846 CXIII.

451 2880 552 2939 τὸν
587 2886 713 2952 μὲν
747 2885 911 2956 ἔφερε
946 2881 1304 2940 θανατώσων
1331 2855 1469 2940 ’παῖ-

382 2957 475 3022 δα,
510 2956 718 3008 τοῦτον
743 2954 866 3022 μὲν
897 2956 1216 3023 παραδιδοῖ
1249 2976 1301 3008 κ.
1323 2975 1371 3009 τ.
1391 2957 1464 3022 λ.]

384 2996 475 3159 Ple,
488 3028 755 3147 Ῑίεζιζῖῐίοιιῐα
773 3022 917 3093 μὲν
902 3045 958 3078 ιιι
983 3029 1065 3078 bis
1096 3030 1298 3078 iterata
1321 3028 1466 3078 conf.

441 3195 567 3276 ,τῶν
602 3213 731 3247 τινα
764 3188 1174 3277 προβόσκων
1208 3189 1472 3262 φύλακον

385 3257 564 3315 αὐτοῦ
621 3260 967 3330 καταλιπών]
1024 3260 1349 3332 πρόβοσκος
1403 3266 1471 3316 de

379 3344 588 3396 pastore
624 3351 745 3386 cum
779 3336 955 3386 rarius
983 3340 1236 3386 occurrat
1272 3334 1324 3400 (e
1345 3335 1472 3384 Phi·

383 3402 506 3453 lone
547 3405 670 3455 Iud.
718 3406 914 3470 Legat.
956 3420 1010 3468 p.
1048 3405 1151 3456 993
1197 3406 1269 3455 D.
1317 3405 1472 3454 Wes-

383 3472 576 3536 seling.
615 3473 809 3523 laudat
862 3465 1256 3537 προβόσκημα,
1309 3473 1469 3523 modo

381 3557 573 3590 sanum
618 3542 745 3606 sit),
792 3542 1028 3607 suspicio
1081 3548 1201 3591 orta
1237 3540 1472 3591 Valcke-

381 3610 565 3670 nario‚
602 3578 1038 3661 substituendam
1071 3626 1259 3661 vocem
1297 3611 1471 3675 magis

1569 2785 2086 2855 βοσκοςΒΙοιιιῆοΙᾶ.
2125 2784 2197 2834 ad
2222 2788 2396 2838 Aescb
2400 2789 2476 2852 y.l
2514 2791 2660 2854 Aga-

1570 2874 1761 2909 memn.
1795 2857 1915 2916 918,
1953 2855 2048 2904 ubi
2083 2854 2284 2918 legitur
2318 2854 2540 2920 πρόδοι
2545 2859 2657 2924 λος,

1568 2929 1608 2979 i.
1646 2944 1691 2977 e.
1732 2926 1824 3004 qui
1862 2924 2008 2974 servi
2042 2925 2194 2973 vicos
2229 2927 2388 2989 gerit.
2441 2928 2524 2978 Ad
2563 2946 2660 2979 vo-

1572 3013 1686 3047 cem
1724 2987 1978 3060 φύλακος
2009 2993 2079 3043 cf.
2120 2992 2165 3056 Ι,
2191 2995 2260 3044 84
2295 2996 2481 3061 ibique
2517 3003 2656 3050 nott.

1571 3066 1746 3115 -Ῑιι
1781 3078 1901 3127 cap.
1944 3078 2059 3126 seq.
2102 3079 2291 3113 vocem
2341 3062 2657 3131 βουκολίαι,

1574 3150 1713 3200 quae
1749 3132 2007 3182 adiectivi
2045 3132 2157 3182 vim
2194 3132 2359 3183 habet
2394 3136 2450 3184 in
2487 3135 2661 3186 Theo-

1574 3219 1700 3269 gou.
1738 3201 1964 3251 Hesiod.
2004 3202 2125 3262 445,
2154 3203 2487 3253 substantivi
2517 3206 2661 3269 apud

1574 3271 1929 3331 Herodotum,
1966 3269 2210 3319 illustrat
2226 3272 2566 3322 Schoemann
2602 3275 2658 3322 in

1572 3342 1867 3391 Dissertat.
1910 3338 1976 3386 de
2002 3338 2213 3387 Hecate
2248 3340 2663 3406 Hesiod.(G1-y-

1574 3403 2061 3475 phisvald.1851.)
2097 3422 2151 3469 p.
2194 3407 2274 3457 10.

1936 3575 2068 3625 CAP.
2109 3575 2299 3625 CXIV.

384 3679 644 3728 usitatam
680 3672 1070 3746 αἰγοβόσκων,
1115 3695 1254 3744 quae
1288 3684 1471 3729 tamen

383 3753 444 3796 ut
481 3750 606 3805 ταις
641 3745 967 3813 βουκολίαις
996 3749 1135 3798 bene
1161 3748 1469 3810 conveniat,

383 3816 498 3865 iure
541 3818 736 3867 metuit
777 3816 1190 3882 Wesselingius.
1259 3808 1470 3882 πρόβο-

384 3897 517 3941 σκος
546 3901 580 3934 a
614 3887 827 3950 Toupio
861 3885 1060 3950 (Epist.
1101 3887 1276 3936 critic.
1310 3901 1363 3950 p.
1402 3886 1471 3935 66

385 3954 466 4002 ed.
505 3954 687 4019 Lips.)
729 3955 1033 4020 explicatur
1065 3955 1397 4005 euhbubulcus
1422 3968 1468 4004 s,

382 4024 537 4071 locum
568 4030 743 4073 tenens
779 4023 1002 4081 buhulci,·
1038 4024 1146 4074 nisi
1182 4024 1365 4087 potius
1393 4022 1472 4071 ita

384 4091 778 4155 accipiendum,
812 4096 877 4141 ut
935 4092 1206 4142 inferioris
1265 4091 1472 4141 ordinis

383 4163 659 4222 pastorem
697 4160 919 4221 indicet,
958 4161 1050 4223 qui
1104 4162 1203 4210 sub
1249 4160 1472 4223 imperio

383 4229 539 4291 quasi
608 4228 750 4278 alius
834 4229 1098 4292 praefecti
1180 4229 1473 4293 superioris

384 4295 584 4359 (qualis
624 4300 710 4346 est
742 4296 1063 4362 Harpagus)
1099 4302 1344 4347 armenta
1383 4313 1474 4374 pa-

383 4370 504 4414 scat
539 4381 608 4416 ac
651 4370 828 4430 regat.
865 4366 1069 4418 Attulit
1110 4381 1300 4417 vocem
1335 4358 1476 4429 πρό-

1644 3675 1867 3727 εἴλοντο
1924 3669 2148 3725 ἑωυτῶν
2196 3671 2425 3741 βασιλέα
2471 3668 2661 3725 εἶναι

1573 3746 1785 3796 τοῦτον
1822 3736 1895 3808 δὴ
1932 3760 1982 3793 κ.
2022 3760 2068 3793 τ.
2120 3744 2193 3810 λ.]
2242 3747 2517 3795 Notarunt
2559 3745 2662 3795 hoc

1575 3815 1790 3867 dicendi
1838 3829 2036 3878 genuS,
2088 3829 2193 3878 quo
2238 3813 2538 3864 infinitivus
2586 3807 2663 3863 εἷ-

1574 3901 1669 3933 ναι
1695 3884 2034 3933 abundanter
2058 3882 2171 3933 fere
2200 3883 2522 3948 quibusdam
2549 3901 2664 3934 ver-

1573 3955 1658 4003 bis
1711 3953 1909 4016 apponi
1959 3952 2204 4014 videtur,
2250 3952 2355 4001 viri
2401 3952 2550 4002 docti
2592 3954 2663 4002 ad

1574 4023 1831 4087 Vigerum
1887 4021 1952 4071 de
2007 4022 2322 4072 idiotismm.
2377 4037 2503 4086 pag.
2560 4024 2664 4070 750

1576 4106 1727 4154 seqq.
1765 4091 1988 4139 Weiske
2024 4090 2089 4139 de
2124 4091 2418 4154 pleonasm.
2449 4108 2574 4155 pag.
2594 4091 2663 4141 98

1577 4175 1690 4224 seq.
1719 4159 1890 4208 Paulo
1915 4150 2346 4222 ροειὲπίκλησιν
2361 4164 2471 4208 est:
2499 4161 2663 4208 istum

1576 4227 1799 4278 bubulci
1829 4243 2052 4291 puerum
2093 4230 2359 4277 seeundum
2402 4243 2665 4291 cognomen

1576 4313 1715 4348 suum
1750 4312 1794 4346 s,
1823 4305 1986 4359 prout
2029 4299 2251 4346 nimirum
2294 4299 2478 4361 reliqui
2517 4300 2668 4360 pueri

1579 4382 1685 4417 eum
1717 4368 2064 4430 coquomt'nare
2089 4365 2334 4414 solebant.
