<?xml version="1.0" encoding="UTF-8"?>
<!DOCTYPE html PUBLIC "-//W3C//DTD XHTML 1.0 Transitional//EN"
    "http://www.w3.org/TR/xhtml1/DTD/xhtml1-transitional.dtd">
<html xmlns="http://www.w3.org/1999/xhtml" xml:lang="en" lang="en">
 <head>
  <title>
</title>
<meta http-equiv="Content-Type" content="text/html;charset=utf-8" />
  <meta name='ocr-system' content='tesseract 3.04.00' />
  <meta name='ocr-capabilities' content='ocr_page ocr_carea ocr_par ocr_line ocrx_word'/>
</head>
<body>
  <div class='ocr_page' id='page_1' title='image "./herodotihalicar02unkngoog_0853.png"; bbox 0 0 3109 5092; ppageno 0'>
   <div class='ocr_carea' id='block_1_1' title="bbox 800 895 2124 1147">
    <p class='ocr_par' dir='ltr' id='par_1_1' title="bbox 800 895 2124 1147">
     <span class='ocr_line' id='line_1_1' title="bbox 1095 895 1847 974; baseline -0.001 -3"><span class='ocrx_word' id='word_1_1' title='bbox 1095 895 1741 974; x_wconf 80' lang='lat' dir='ltr'><strong>EXCURSUS</strong></span> <span class='ocrx_word' id='word_1_2' title='bbox 1809 898 1847 970; x_wconf 96' lang='grc' dir='ltr'><strong>Ι</strong></span> 
     </span>
     <span class='ocr_line' id='line_1_2' title="bbox 800 1063 2124 1147; baseline -0.002 -20"><span class='ocrx_word' id='word_1_3' title='bbox 800 1064 967 1127; x_wconf 92' lang='lat' dir='ltr'><strong>AD</strong></span> <span class='ocrx_word' id='word_1_4' title='bbox 1055 1064 1772 1129; x_wconf 83' lang='lat' dir='ltr'><strong>HERODOT.</strong></span> <span class='ocrx_word' id='word_1_5' title='bbox 1862 1063 1930 1147; x_wconf 89' lang='lat'><strong>1,</strong></span> <span class='ocrx_word' id='word_1_6' title='bbox 2021 1066 2124 1125; x_wconf 87' lang='lat'><strong>35.</strong></span> 
     </span>
    </p>
   </div>
   <div class='ocr_carea' id='block_1_2' title="bbox 1313 1265 1640 1275">
    <p class='ocr_par' dir='ltr' id='par_1_2' title="bbox 1313 1265 1640 1275">
     <span class='ocr_line' id='line_1_3' title="bbox 1313 1265 1640 1275; baseline 0 3817"><span class='ocrx_word' id='word_1_7' title='bbox 1313 1265 1640 1275; x_wconf 95' lang='lat' dir='ltr'><strong> </strong></span> 
     </span>
    </p>
   </div>
   <div class='ocr_carea' id='block_1_3' title="bbox 910 1381 2000 1470">
    <p class='ocr_par' dir='ltr' id='par_1_3' title="bbox 910 1381 2000 1470">
     <span class='ocr_line' id='line_1_4' title="bbox 910 1381 2000 1470; baseline 0.001 -21"><span class='ocrx_word' id='word_1_8' title='bbox 910 1382 1265 1470; x_wconf 69' lang='grc' dir='ltr'><strong><em>Ἄδραστος,</em></strong></span> <span class='ocrx_word' id='word_1_9' title='bbox 1304 1381 1662 1470; x_wconf 66' lang='grc' dir='ltr'><em>Ἄδρηστος,</em></span> <span class='ocrx_word' id='word_1_10' title='bbox 1705 1394 2000 1451; x_wconf 72' lang='lat' dir='ltr'><strong><em>Adrastus,</em></strong></span> 
     </span>
    </p>
   </div>
   <div class='ocr_carea' id='block_1_4' title="bbox 329 1545 2599 4477">
    <p class='ocr_par' dir='ltr' id='par_1_4' title="bbox 329 1545 2599 4477">
     <span class='ocr_line' id='line_1_5' title="bbox 496 1545 2599 1616; baseline 0.001 -17"><span class='ocrx_word' id='word_1_11' title='bbox 496 1547 717 1600; x_wconf 74' lang='lat' dir='ltr'><strong>Adrasti</strong></span> <span class='ocrx_word' id='word_1_12' title='bbox 755 1546 971 1598; x_wconf 88' lang='lat' dir='ltr'><strong>nomine</strong></span> <span class='ocrx_word' id='word_1_13' title='bbox 1004 1545 1195 1614; x_wconf 84' lang='lat' dir='ltr'><strong>plures</strong></span> <span class='ocrx_word' id='word_1_14' title='bbox 1229 1552 1530 1597; x_wconf 84' lang='lat' dir='ltr'><strong>occurrunt</strong></span> <span class='ocrx_word' id='word_1_15' title='bbox 1555 1545 1615 1597; x_wconf 91' lang='lat' dir='ltr'><strong>in</strong></span> <span class='ocrx_word' id='word_1_16' title='bbox 1647 1546 1993 1600; x_wconf 86' lang='lat' dir='ltr'><strong>Graecorum</strong></span> <span class='ocrx_word' id='word_1_17' title='bbox 2027 1563 2200 1616; x_wconf 86' lang='lat' dir='ltr'><strong>aeque</strong></span> <span class='ocrx_word' id='word_1_18' title='bbox 2233 1562 2297 1597; x_wconf 91' lang='lat' dir='ltr'><strong>ac</strong></span> <span class='ocrx_word' id='word_1_19' title='bbox 2324 1545 2599 1601; x_wconf 87' lang='lat' dir='ltr'><strong>Troiano·</strong></span> 
     </span>
     <span class='ocr_line' id='line_1_6' title="bbox 330 1624 2596 1699; baseline 0.001 -17"><span class='ocrx_word' id='word_1_20' title='bbox 330 1648 448 1682; x_wconf 86' lang='lat' dir='ltr'><strong>rum</strong></span> <span class='ocrx_word' id='word_1_21' title='bbox 475 1624 665 1682; x_wconf 84' lang='lat' dir='ltr'><strong>rebus.</strong></span> <span class='ocrx_word' id='word_1_22' title='bbox 716 1630 898 1681; x_wconf 87' lang='lat' dir='ltr'><strong>Primo</strong></span> <span class='ocrx_word' id='word_1_23' title='bbox 931 1630 1048 1682; x_wconf 91' lang='lat' dir='ltr'><strong>loco</strong></span> <span class='ocrx_word' id='word_1_24' title='bbox 1077 1647 1344 1699; x_wconf 87' lang='lat' dir='ltr'><strong>ponamus</strong></span> <span class='ocrx_word' id='word_1_25' title='bbox 1373 1629 1641 1696; x_wconf 84' lang='lat' dir='ltr'><strong>Argivum</strong></span> <span class='ocrx_word' id='word_1_26' title='bbox 1668 1630 1817 1683; x_wconf 88' lang='lat' dir='ltr'><strong>illum</strong></span> <span class='ocrx_word' id='word_1_27' title='bbox 1845 1636 2153 1699; x_wconf 76' lang='lat' dir='ltr'><strong>Adrastum,</strong></span> <span class='ocrx_word' id='word_1_28' title='bbox 2189 1647 2373 1697; x_wconf 86' lang='lat' dir='ltr'><strong>regem</strong></span> <span class='ocrx_word' id='word_1_29' title='bbox 2402 1632 2596 1699; x_wconf 82' lang='lat' dir='ltr'><strong>Sicyo-</strong></span> 
     </span>
     <span class='ocr_line' id='line_1_7' title="bbox 332 1712 2599 1782; baseline 0.001 -16"><span class='ocrx_word' id='word_1_30' title='bbox 332 1715 497 1779; x_wconf 85' lang='lat' dir='ltr'>nium,</span> <span class='ocrx_word' id='word_1_31' title='bbox 543 1715 702 1767; x_wconf 86' lang='lat' dir='ltr'><strong>Talai</strong></span> <span class='ocrx_word' id='word_1_32' title='bbox 734 1714 919 1781; x_wconf 84' lang='lat' dir='ltr'><strong>filium,</strong></span> <span class='ocrx_word' id='word_1_33' title='bbox 951 1714 1020 1766; x_wconf 87' lang='lat' dir='ltr'><strong>de</strong></span> <span class='ocrx_word' id='word_1_34' title='bbox 1049 1732 1159 1782; x_wconf 91' lang='lat' dir='ltr'><strong>quo</strong></span> <span class='ocrx_word' id='word_1_35' title='bbox 1190 1715 1412 1767; x_wconf 87' lang='lat' dir='ltr'><strong>Homer.</strong></span> <span class='ocrx_word' id='word_1_36' title='bbox 1445 1712 1532 1764; x_wconf 88' lang='lat' dir='ltr'><strong>Ili.</strong></span> <span class='ocrx_word' id='word_1_37' title='bbox 1565 1714 1640 1780; x_wconf 91' lang='lat'><strong>11,</strong></span> <span class='ocrx_word' id='word_1_38' title='bbox 1665 1717 1770 1772; x_wconf 81' lang='lat'><strong>572</strong></span> <span class='ocrx_word' id='word_1_39' title='bbox 1798 1720 1854 1766; x_wconf 88' lang='lat' dir='ltr'><strong>et</strong></span> <span class='ocrx_word' id='word_1_40' title='bbox 1880 1716 2149 1768; x_wconf 87' lang='lat' dir='ltr'><strong>Herodot.</strong></span> <span class='ocrx_word' id='word_1_41' title='bbox 2181 1714 2247 1780; x_wconf 91' lang='lat' dir='ltr'><strong>V,</strong></span> <span class='ocrx_word' id='word_1_42' title='bbox 2278 1718 2364 1772; x_wconf 89' lang='grc'><strong>67.</strong></span> <span class='ocrx_word' id='word_1_43' title='bbox 2430 1715 2599 1769; x_wconf 82' lang='lat' dir='ltr'><strong>Plura</strong></span> 
     </span>
     <span class='ocr_line' id='line_1_8' title="bbox 332 1798 2596 1868; baseline 0.001 -19"><span class='ocrx_word' id='word_1_44' title='bbox 332 1798 596 1852; x_wconf 82' lang='lat' dir='ltr'><strong>Creuzer.</strong></span> <span class='ocrx_word' id='word_1_45' title='bbox 635 1798 694 1850; x_wconf 90' lang='lat' dir='ltr'><strong>in</strong></span> <span class='ocrx_word' id='word_1_46' title='bbox 728 1798 1054 1851; x_wconf 85' lang='lat' dir='ltr'><strong>Commentt.</strong></span> <span class='ocrx_word' id='word_1_47' title='bbox 1085 1798 1330 1850; x_wconf 87' lang='lat' dir='ltr'><strong>Herodd.</strong></span> <span class='ocrx_word' id='word_1_48' title='bbox 1363 1814 1491 1866; x_wconf 89' lang='lat' dir='ltr'><strong>pag.</strong></span> <span class='ocrx_word' id='word_1_49' title='bbox 1516 1799 1620 1856; x_wconf 82' lang='lat'><strong>217</strong></span> <span class='ocrx_word' id='word_1_50' title='bbox 1644 1815 1801 1867; x_wconf 85' lang='lat' dir='ltr'><strong>seqq.</strong></span> <span class='ocrx_word' id='word_1_51' title='bbox 1864 1798 2019 1852; x_wconf 83' lang='lat' dir='ltr'><strong>Alter</strong></span> <span class='ocrx_word' id='word_1_52' title='bbox 2046 1803 2310 1853; x_wconf 74' lang='lat' dir='ltr'><strong>Adrastus</strong></span> <span class='ocrx_word' id='word_1_53' title='bbox 2335 1799 2596 1868; x_wconf 82' lang='lat' dir='ltr'><strong>Herculis</strong></span> 
     </span>
     <span class='ocr_line' id='line_1_9' title="bbox 331 1881 2596 1954; baseline 0.002 -21"><span class='ocrx_word' id='word_1_54' title='bbox 331 1883 509 1936; x_wconf 80' lang='lat' dir='ltr'><strong>fertur</strong></span> <span class='ocrx_word' id='word_1_55' title='bbox 537 1884 721 1951; x_wconf 84' lang='lat' dir='ltr'><strong>filius,</strong></span> <span class='ocrx_word' id='word_1_56' title='bbox 769 1884 864 1952; x_wconf 90' lang='lat' dir='ltr'><strong>qui</strong></span> <span class='ocrx_word' id='word_1_57' title='bbox 896 1901 962 1935; x_wconf 85' lang='lat' dir='ltr'><strong>ex</strong></span> <span class='ocrx_word' id='word_1_58' title='bbox 1005 1882 1226 1934; x_wconf 85' lang='lat' dir='ltr'><strong>oraculo</strong></span> <span class='ocrx_word' id='word_1_59' title='bbox 1260 1900 1321 1934; x_wconf 83' lang='lat' dir='ltr'><strong>se</strong></span> <span class='ocrx_word' id='word_1_60' title='bbox 1353 1881 1532 1950; x_wconf 87' lang='lat' dir='ltr'><strong>ipsum</strong></span> <span class='ocrx_word' id='word_1_61' title='bbox 1582 1898 1691 1933; x_wconf 85' lang='lat' dir='ltr'><strong>una</strong></span> <span class='ocrx_word' id='word_1_62' title='bbox 1732 1898 1850 1935; x_wconf 91' lang='lat' dir='ltr'><strong>cum</strong></span> <span class='ocrx_word' id='word_1_63' title='bbox 1878 1884 2173 1954; x_wconf 86' lang='lat' dir='ltr'><strong>Hipponoo</strong></span> <span class='ocrx_word' id='word_1_64' title='bbox 2222 1884 2394 1935; x_wconf 81' lang='lat' dir='ltr'><strong>fratre</strong></span> <span class='ocrx_word' id='word_1_65' title='bbox 2424 1884 2596 1937; x_wconf 89' lang='lat' dir='ltr'><strong>inter-</strong></span> 
     </span>
     <span class='ocr_line' id='line_1_10' title="bbox 332 1966 2593 2038; baseline 0.001 -19"><span class='ocrx_word' id='word_1_66' title='bbox 332 1968 465 2020; x_wconf 84' lang='lat' dir='ltr'><strong>fecit</strong></span> <span class='ocrx_word' id='word_1_67' title='bbox 501 1968 557 2018; x_wconf 88' lang='lat' dir='ltr'><strong>in</strong></span> <span class='ocrx_word' id='word_1_68' title='bbox 602 1967 843 2020; x_wconf 86' lang='lat' dir='ltr'><strong>flammas</strong></span> <span class='ocrx_word' id='word_1_69' title='bbox 890 1986 1014 2020; x_wconf 83' lang='lat' dir='ltr'><strong>sese</strong></span> <span class='ocrx_word' id='word_1_70' title='bbox 1057 1966 1388 2033; x_wconf 87' lang='lat' dir='ltr'><strong>coniiciens,</strong></span> <span class='ocrx_word' id='word_1_71' title='bbox 1433 1968 1497 2017; x_wconf 88' lang='lat' dir='ltr'><strong>ut</strong></span> <span class='ocrx_word' id='word_1_72' title='bbox 1527 1971 1770 2018; x_wconf 84' lang='lat' dir='ltr'><strong>testatur</strong></span> <span class='ocrx_word' id='word_1_73' title='bbox 1802 1968 2012 2035; x_wconf 80' lang='lat' dir='ltr'><strong>Hygin.</strong></span> <span class='ocrx_word' id='word_1_74' title='bbox 2055 1968 2167 2019; x_wconf 81' lang='lat' dir='ltr'><strong>sab.</strong></span> <span class='ocrx_word' id='word_1_75' title='bbox 2198 1972 2322 2027; x_wconf 80' lang='lat'><strong>242.</strong></span> <span class='ocrx_word' id='word_1_76' title='bbox 2394 1968 2441 2019; x_wconf 82' lang='lat' dir='ltr'>A</span> <span class='ocrx_word' id='word_1_77' title='bbox 2483 1986 2593 2038; x_wconf 89' lang='lat' dir='ltr'><strong>quo</strong></span> 
     </span>
     <span class='ocr_line' id='line_1_11' title="bbox 331 2049 2596 2121; baseline 0 -18"><span class='ocrx_word' id='word_1_78' title='bbox 331 2052 589 2104; x_wconf 85' lang='lat' dir='ltr'><strong>diversus</strong></span> <span class='ocrx_word' id='word_1_79' title='bbox 622 2056 897 2119; x_wconf 77' lang='lat' dir='ltr'><strong>Adrastus,</strong></span> <span class='ocrx_word' id='word_1_80' title='bbox 929 2051 1177 2121; x_wconf 86' lang='lat' dir='ltr'><strong>Meropis</strong></span> <span class='ocrx_word' id='word_1_81' title='bbox 1212 2050 1381 2116; x_wconf 85' lang='lat' dir='ltr'><strong>filius,</strong></span> <span class='ocrx_word' id='word_1_82' title='bbox 1416 2050 1512 2118; x_wconf 87' lang='lat' dir='ltr'><strong>qui</strong></span> <span class='ocrx_word' id='word_1_83' title='bbox 1541 2049 1804 2102; x_wconf 77' lang='lat' dir='ltr'><strong>Troianis</strong></span> <span class='ocrx_word' id='word_1_84' title='bbox 1836 2052 2157 2121; x_wconf 74' lang='lat' dir='ltr'><strong>opitulatur,</strong></span> <span class='ocrx_word' id='word_1_85' title='bbox 2188 2056 2334 2105; x_wconf 84' lang='lat' dir='ltr'><strong>teste</strong></span> <span class='ocrx_word' id='word_1_86' title='bbox 2360 2052 2596 2106; x_wconf 83' lang='lat' dir='ltr'><strong>Homero</strong></span> 
     </span>
     <span class='ocr_line' id='line_1_12' title="bbox 334 2134 2595 2206; baseline 0.001 -19"><span class='ocrx_word' id='word_1_87' title='bbox 334 2136 419 2187; x_wconf 88' lang='lat' dir='ltr'><strong>lli.</strong></span> <span class='ocrx_word' id='word_1_88' title='bbox 437 2136 509 2202; x_wconf 85' lang='grc' dir='ltr'><strong>ΙΙ,</strong></span> <span class='ocrx_word' id='word_1_89' title='bbox 526 2140 635 2194; x_wconf 83' lang='grc'><strong>830</strong></span> <span class='ocrx_word' id='word_1_90' title='bbox 661 2136 782 2188; x_wconf 92' lang='lat' dir='ltr'><strong>coll.</strong></span> <span class='ocrx_word' id='word_1_91' title='bbox 806 2138 903 2205; x_wconf 87' lang='lat' dir='ltr'><strong>Xl,</strong></span> <span class='ocrx_word' id='word_1_92' title='bbox 922 2142 1044 2202; x_wconf 73' lang='grc'>328,</span> <span class='ocrx_word' id='word_1_93' title='bbox 1076 2136 1332 2204; x_wconf 84' lang='lat' dir='ltr'><strong>aliusque</strong></span> <span class='ocrx_word' id='word_1_94' title='bbox 1357 2137 1619 2188; x_wconf 77' lang='lat' dir='ltr'><strong>Adrastus</strong></span> <span class='ocrx_word' id='word_1_95' title='bbox 1647 2134 1946 2201; x_wconf 89' lang='lat' dir='ltr'><strong>Troianus,</strong></span> <span class='ocrx_word' id='word_1_96' title='bbox 1983 2153 2145 2205; x_wconf 88' lang='lat' dir='ltr'><strong>quem</strong></span> <span class='ocrx_word' id='word_1_97' title='bbox 2175 2143 2392 2206; x_wconf 86' lang='lat' dir='ltr'><strong>captum</strong></span> <span class='ocrx_word' id='word_1_98' title='bbox 2421 2153 2454 2188; x_wconf 97' lang='lat' dir='ltr'><strong>a</strong></span> <span class='ocrx_word' id='word_1_99' title='bbox 2476 2137 2595 2189; x_wconf 87' lang='lat' dir='ltr'><strong>Me-</strong></span> 
     </span>
     <span class='ocr_line' id='line_1_13' title="bbox 332 2218 2595 2291; baseline 0 -18"><span class='ocrx_word' id='word_1_100' title='bbox 332 2219 488 2273; x_wconf 87' lang='lat' dir='ltr'><strong>nelao</strong></span> <span class='ocrx_word' id='word_1_101' title='bbox 519 2220 784 2273; x_wconf 81' lang='lat' dir='ltr'><strong>interimit</strong></span> <span class='ocrx_word' id='word_1_102' title='bbox 803 2221 1188 2290; x_wconf 80' lang='lat' dir='ltr'><strong>Agamemnon,</strong></span> <span class='ocrx_word' id='word_1_103' title='bbox 1223 2220 1309 2271; x_wconf 88' lang='lat' dir='ltr'><strong>Ili.</strong></span> <span class='ocrx_word' id='word_1_104' title='bbox 1340 2218 1436 2286; x_wconf 88' lang='lat' dir='ltr'><strong>VI,</strong></span> <span class='ocrx_word' id='word_1_105' title='bbox 1467 2223 1538 2278; x_wconf 83' lang='lat'><strong>38</strong></span> <span class='ocrx_word' id='word_1_106' title='bbox 1564 2236 1649 2287; x_wconf 85' lang='lat' dir='ltr'><strong>sq.</strong></span> <span class='ocrx_word' id='word_1_107' title='bbox 1710 2218 1821 2271; x_wconf 88' lang='lat' dir='ltr'><strong>Sed</strong></span> <span class='ocrx_word' id='word_1_108' title='bbox 1851 2224 2145 2289; x_wconf 87' lang='lat' dir='ltr'><strong>utrumque</strong></span> <span class='ocrx_word' id='word_1_109' title='bbox 2179 2221 2323 2273; x_wconf 88' lang='lat' dir='ltr'><strong>hunc</strong></span> <span class='ocrx_word' id='word_1_110' title='bbox 2350 2239 2451 2291; x_wconf 90' lang='lat' dir='ltr'><strong>pro</strong></span> <span class='ocrx_word' id='word_1_111' title='bbox 2484 2238 2595 2274; x_wconf 91' lang='lat' dir='ltr'><strong>uno</strong></span> 
     </span>
     <span class='ocr_line' id='line_1_14' title="bbox 332 2302 2594 2373; baseline 0 -17"><span class='ocrx_word' id='word_1_112' title='bbox 332 2306 628 2373; x_wconf 89' lang='lat' dir='ltr'><strong>eodemque</strong></span> <span class='ocrx_word' id='word_1_113' title='bbox 643 2306 879 2359; x_wconf 84' lang='lat' dir='ltr'><strong>Adrasto</strong></span> <span class='ocrx_word' id='word_1_114' title='bbox 911 2304 1100 2357; x_wconf 87' lang='lat' dir='ltr'><strong>haberi</strong></span> <span class='ocrx_word' id='word_1_115' title='bbox 1135 2302 1522 2370; x_wconf 80' lang='lat' dir='ltr'><strong>vultHeynius</strong></span> <span class='ocrx_word' id='word_1_116' title='bbox 1554 2303 1621 2354; x_wconf 88' lang='lat' dir='ltr'><strong>ad</strong></span> <span class='ocrx_word' id='word_1_117' title='bbox 1654 2302 1810 2355; x_wconf 87' lang='lat' dir='ltr'><strong>Iliad.</strong></span> <span class='ocrx_word' id='word_1_118' title='bbox 1843 2303 1877 2355; x_wconf 89' lang='grc' dir='ltr'><strong>Ι.</strong></span> <span class='ocrx_word' id='word_1_119' title='bbox 1913 2302 1949 2357; x_wconf 94' lang='lat' dir='ltr'><strong>l.</strong></span> <span class='ocrx_word' id='word_1_120' title='bbox 2009 2305 2239 2357; x_wconf 88' lang='lat' dir='ltr'><strong>Tertius</strong></span> <span class='ocrx_word' id='word_1_121' title='bbox 2272 2312 2368 2357; x_wconf 84' lang='lat' dir='ltr'><strong>aut</strong></span> <span class='ocrx_word' id='word_1_122' title='bbox 2397 2323 2594 2358; x_wconf 83' lang='lat' dir='ltr'><strong>secun-</strong></span> 
     </span>
     <span class='ocr_line' id='line_1_15' title="bbox 332 2387 2595 2455; baseline -0.001 -13"><span class='ocrx_word' id='word_1_123' title='bbox 332 2390 437 2443; x_wconf 85' lang='lat' dir='ltr'><strong>dus</strong></span> <span class='ocrx_word' id='word_1_124' title='bbox 476 2393 738 2447; x_wconf 76' lang='lat' dir='ltr'><strong>Adrastus</strong></span> <span class='ocrx_word' id='word_1_125' title='bbox 767 2390 912 2443; x_wconf 87' lang='lat' dir='ltr'><strong>inter</strong></span> <span class='ocrx_word' id='word_1_126' title='bbox 952 2389 1164 2443; x_wconf 83' lang='lat' dir='ltr'><strong>nobiles</strong></span> <span class='ocrx_word' id='word_1_127' title='bbox 1194 2387 1470 2439; x_wconf 87' lang='lat' dir='ltr'><strong>Troianos</strong></span> <span class='ocrx_word' id='word_1_128' title='bbox 1501 2394 1948 2441; x_wconf 87' lang='lat' dir='ltr'><strong>commemoratur</strong></span> <span class='ocrx_word' id='word_1_129' title='bbox 1990 2389 2047 2440; x_wconf 91' lang='lat' dir='ltr'><strong>in</strong></span> <span class='ocrx_word' id='word_1_130' title='bbox 2093 2389 2248 2441; x_wconf 82' lang='lat' dir='ltr'><strong>Iliad.</strong></span> <span class='ocrx_word' id='word_1_131' title='bbox 2280 2389 2425 2455; x_wconf 87' lang='lat' dir='ltr'><strong>XVI,</strong></span> <span class='ocrx_word' id='word_1_132' title='bbox 2455 2394 2595 2454; x_wconf 74' lang='lat'>6943</span> 
     </span>
     <span class='ocr_line' id='line_1_16' title="bbox 331 2472 2592 2544; baseline -0.001 -16"><span class='ocrx_word' id='word_1_133' title='bbox 331 2482 387 2527; x_wconf 87' lang='lat' dir='ltr'><strong>et</strong></span> <span class='ocrx_word' id='word_1_134' title='bbox 415 2484 635 2544; x_wconf 81' lang='lat' dir='ltr'><strong>praeter</strong></span> <span class='ocrx_word' id='word_1_135' title='bbox 665 2478 829 2528; x_wconf 90' lang='lat' dir='ltr'><strong>hosce</strong></span> <span class='ocrx_word' id='word_1_136' title='bbox 860 2476 1110 2527; x_wconf 87' lang='lat' dir='ltr'><strong>Graecus</strong></span> <span class='ocrx_word' id='word_1_137' title='bbox 1139 2475 1429 2539; x_wconf 79' lang='lat' dir='ltr'><strong>Adrastus,</strong></span> <span class='ocrx_word' id='word_1_138' title='bbox 1467 2480 1628 2541; x_wconf 86' lang='lat' dir='ltr'><strong>pater</strong></span> <span class='ocrx_word' id='word_1_139' title='bbox 1655 2472 2001 2540; x_wconf 81' lang='lat' dir='ltr'><strong>Eurydices,</strong></span> <span class='ocrx_word' id='word_1_140' title='bbox 2037 2473 2227 2526; x_wconf 85' lang='lat' dir='ltr'><strong>matris</strong></span> <span class='ocrx_word' id='word_1_141' title='bbox 2254 2474 2592 2526; x_wconf 88' lang='lat' dir='ltr'><strong>Laomedon-</strong></span> 
     </span>
     <span class='ocr_line' id='line_1_17' title="bbox 332 2556 2593 2628; baseline -0.001 -18"><span class='ocrx_word' id='word_1_142' title='bbox 332 2561 438 2626; x_wconf 84' lang='lat' dir='ltr'><strong>tis,</strong></span> <span class='ocrx_word' id='word_1_143' title='bbox 490 2573 522 2610; x_wconf 87' lang='lat' dir='ltr'><strong>a</strong></span> <span class='ocrx_word' id='word_1_144' title='bbox 550 2576 659 2628; x_wconf 89' lang='lat' dir='ltr'><strong>quo</strong></span> <span class='ocrx_word' id='word_1_145' title='bbox 694 2560 929 2612; x_wconf 80' lang='lat' dir='ltr'><strong>Adrasto</strong></span> <span class='ocrx_word' id='word_1_146' title='bbox 967 2556 1214 2610; x_wconf 87' lang='lat' dir='ltr'><strong>nonnulli</strong></span> <span class='ocrx_word' id='word_1_147' title='bbox 1249 2560 1572 2611; x_wconf 56' lang='lat' dir='ltr'><strong>Adi-anteum</strong></span> <span class='ocrx_word' id='word_1_148' title='bbox 1602 2558 1789 2609; x_wconf 88' lang='lat' dir='ltr'><strong>urbem</strong></span> <span class='ocrx_word' id='word_1_149' title='bbox 1825 2558 2098 2609; x_wconf 87' lang='lat' dir='ltr'><strong>conditam</strong></span> <span class='ocrx_word' id='word_1_150' title='bbox 2123 2558 2377 2610; x_wconf 79' lang='lat' dir='ltr'><strong>ferebant</strong></span> <span class='ocrx_word' id='word_1_151' title='bbox 2417 2557 2593 2627; x_wconf 81' lang='lat' dir='ltr'><strong>(cons.</strong></span> 
     </span>
     <span class='ocr_line' id='line_1_18' title="bbox 331 2640 2592 2711; baseline -0.002 -17"><span class='ocrx_word' id='word_1_152' title='bbox 331 2644 582 2711; x_wconf 83' lang='lat' dir='ltr'><strong>Apollod.</strong></span> <span class='ocrx_word' id='word_1_153' title='bbox 617 2644 662 2709; x_wconf 90' lang='lat'><strong>1,</strong></span> <span class='ocrx_word' id='word_1_154' title='bbox 694 2649 746 2711; x_wconf 84' lang='lat'><strong>9,</strong></span> <span class='ocrx_word' id='word_1_155' title='bbox 778 2650 846 2702; x_wconf 81' lang='grc'><strong>13</strong></span> <span class='ocrx_word' id='word_1_156' title='bbox 884 2643 1016 2711; x_wconf 90' lang='lat' dir='ltr'><strong>ibiq.</strong></span> <span class='ocrx_word' id='word_1_157' title='bbox 1059 2642 1244 2708; x_wconf 81' lang='lat' dir='ltr'><strong>Heyn.</strong></span> <span class='ocrx_word' id='word_1_158' title='bbox 1276 2640 1485 2707; x_wconf 90' lang='lat' dir='ltr'><strong>obss.)‚</strong></span> <span class='ocrx_word' id='word_1_159' title='bbox 1527 2640 1653 2692; x_wconf 88' lang='lat' dir='ltr'><strong>aliis</strong></span> <span class='ocrx_word' id='word_1_160' title='bbox 1690 2641 1849 2693; x_wconf 88' lang='lat' dir='ltr'><strong>aliter</strong></span> <span class='ocrx_word' id='word_1_161' title='bbox 1891 2640 2286 2693; x_wconf 77' lang='lat' dir='ltr'><strong>statuentibus.</strong></span> <span class='ocrx_word' id='word_1_162' title='bbox 2341 2640 2431 2693; x_wconf 93' lang='lat' dir='ltr'><strong>Tu</strong></span> <span class='ocrx_word' id='word_1_163' title='bbox 2480 2640 2592 2692; x_wconf 81' lang='lat' dir='ltr'><strong>vid.</strong></span> 
     </span>
     <span class='ocr_line' id='line_1_19' title="bbox 331 2724 2596 2794; baseline -0.002 -16"><span class='ocrx_word' id='word_1_164' title='bbox 331 2727 513 2794; x_wconf 79' lang='lat' dir='ltr'><strong>Heyn.</strong></span> <span class='ocrx_word' id='word_1_165' title='bbox 543 2727 712 2779; x_wconf 86' lang='lat' dir='ltr'><strong>Obss.</strong></span> <span class='ocrx_word' id='word_1_166' title='bbox 748 2726 815 2778; x_wconf 87' lang='lat' dir='ltr'><strong>ad</strong></span> <span class='ocrx_word' id='word_1_167' title='bbox 847 2725 1004 2778; x_wconf 86' lang='lat' dir='ltr'><strong>Iliad.</strong></span> <span class='ocrx_word' id='word_1_168' title='bbox 1034 2726 1109 2793; x_wconf 91' lang='lat' dir='ltr'><strong>II,</strong></span> <span class='ocrx_word' id='word_1_169' title='bbox 1138 2729 1262 2784; x_wconf 76' lang='lat'><strong>828.</strong></span> <span class='ocrx_word' id='word_1_170' title='bbox 1294 2742 1349 2794; x_wconf 88' lang='lat' dir='ltr'><strong>p.</strong></span> <span class='ocrx_word' id='word_1_171' title='bbox 1381 2728 1504 2782; x_wconf 80' lang='lat'><strong>412.</strong></span> <span class='ocrx_word' id='word_1_172' title='bbox 1561 2725 1815 2793; x_wconf 87' lang='lat' dir='ltr'><strong>Namque</strong></span> <span class='ocrx_word' id='word_1_173' title='bbox 1841 2726 2159 2779; x_wconf 77' lang='lat' dir='ltr'><strong>Adrasteam</strong></span> <span class='ocrx_word' id='word_1_174' title='bbox 2191 2724 2395 2791; x_wconf 88' lang='lat' dir='ltr'><strong>urbem,</strong></span> <span class='ocrx_word' id='word_1_175' title='bbox 2427 2724 2495 2775; x_wconf 86' lang='lat' dir='ltr'><strong>ab</strong></span> <span class='ocrx_word' id='word_1_176' title='bbox 2532 2740 2596 2774; x_wconf 90' lang='lat' dir='ltr'><strong>eo</strong></span> 
     </span>
     <span class='ocr_line' id='line_1_20' title="bbox 329 2807 2595 2881; baseline 0 -21"><span class='ocrx_word' id='word_1_177' title='bbox 329 2809 597 2875; x_wconf 84' lang='lat' dir='ltr'><strong>Adrasto,</strong></span> <span class='ocrx_word' id='word_1_178' title='bbox 664 2809 760 2881; x_wconf 90' lang='lat' dir='ltr'><strong>qui</strong></span> <span class='ocrx_word' id='word_1_179' title='bbox 799 2810 1092 2862; x_wconf 87' lang='lat' dir='ltr'><strong>Nemesios</strong></span> <span class='ocrx_word' id='word_1_180' title='bbox 1139 2809 1392 2878; x_wconf 86' lang='lat' dir='ltr'><strong>templum</strong></span> <span class='ocrx_word' id='word_1_181' title='bbox 1452 2808 1683 2877; x_wconf 86' lang='lat' dir='ltr'><strong>primum</strong></span> <span class='ocrx_word' id='word_1_182' title='bbox 1734 2808 2099 2873; x_wconf 73' lang='lat' dir='ltr'><strong>exstruxerit,</strong></span> <span class='ocrx_word' id='word_1_183' title='bbox 2165 2807 2437 2861; x_wconf 85' lang='lat' dir='ltr'><strong>conditam</strong></span> <span class='ocrx_word' id='word_1_184' title='bbox 2491 2808 2595 2860; x_wconf 83' lang='lat' dir='ltr'><strong>iam</strong></span> 
     </span>
     <span class='ocr_line' id='line_1_21' title="bbox 331 2891 2594 2962; baseline 0 -18"><span class='ocrx_word' id='word_1_185' title='bbox 331 2893 603 2946; x_wconf 78' lang='lat' dir='ltr'><strong>Homerus</strong></span> <span class='ocrx_word' id='word_1_186' title='bbox 628 2894 801 2959; x_wconf 82' lang='lat' dir='ltr'><strong>novit,</strong></span> <span class='ocrx_word' id='word_1_187' title='bbox 839 2895 1000 2946; x_wconf 85' lang='lat' dir='ltr'><strong>sitam</strong></span> <span class='ocrx_word' id='word_1_188' title='bbox 1027 2893 1172 2945; x_wconf 91' lang='lat' dir='ltr'><strong>illam</strong></span> <span class='ocrx_word' id='word_1_189' title='bbox 1199 2893 1417 2962; x_wconf 89' lang='lat' dir='ltr'><strong>quidem</strong></span> <span class='ocrx_word' id='word_1_190' title='bbox 1445 2891 1516 2945; x_wconf 82' lang='lat' dir='ltr'><strong>ad</strong></span> <span class='ocrx_word' id='word_1_191' title='bbox 1531 2891 1925 2961; x_wconf 78' lang='lat' dir='ltr'><strong>Propontidem</strong></span> <span class='ocrx_word' id='word_1_192' title='bbox 1952 2897 2010 2944; x_wconf 87' lang='lat' dir='ltr'><strong>et</strong></span> <span class='ocrx_word' id='word_1_193' title='bbox 2037 2892 2106 2944; x_wconf 92' lang='lat' dir='ltr'><strong>ad</strong></span> <span class='ocrx_word' id='word_1_194' title='bbox 2123 2891 2393 2951; x_wconf 77' lang='lat' dir='ltr'><strong>Troadem</strong></span> <span class='ocrx_word' id='word_1_195' title='bbox 2417 2909 2594 2961; x_wconf 87' lang='lat' dir='ltr'><strong>usque</strong></span> 
     </span>
     <span class='ocr_line' id='line_1_22' title="bbox 330 2976 2595 3047; baseline -0.001 -18"><span class='ocrx_word' id='word_1_196' title='bbox 330 2984 636 3044; x_wconf 84' lang='lat' dir='ltr'><strong>porrectam</strong></span> <span class='ocrx_word' id='word_1_197' title='bbox 678 2995 744 3030; x_wconf 89' lang='lat' dir='ltr'><strong>ea</strong></span> <span class='ocrx_word' id='word_1_198' title='bbox 784 2978 843 3030; x_wconf 91' lang='lat' dir='ltr'><strong>in</strong></span> <span class='ocrx_word' id='word_1_199' title='bbox 882 2978 1139 3047; x_wconf 84' lang='lat' dir='ltr'><strong>regione,</strong></span> <span class='ocrx_word' id='word_1_200' title='bbox 1190 2993 1332 3046; x_wconf 84' lang='lat' dir='ltr'><strong>quae</strong></span> <span class='ocrx_word' id='word_1_201' title='bbox 1373 2983 1502 3044; x_wconf 86' lang='lat' dir='ltr'><strong>post</strong></span> <span class='ocrx_word' id='word_1_202' title='bbox 1543 2976 1613 3029; x_wconf 90' lang='lat' dir='ltr'><strong>ad</strong></span> <span class='ocrx_word' id='word_1_203' title='bbox 1662 2976 1899 3043; x_wconf 86' lang='lat' dir='ltr'><strong>Mysiam</strong></span> <span class='ocrx_word' id='word_1_204' title='bbox 1944 2976 2229 3045; x_wconf 86' lang='lat' dir='ltr'><strong>pertinuit.</strong></span> <span class='ocrx_word' id='word_1_205' title='bbox 2288 2977 2448 3029; x_wconf 79' lang='lat' dir='ltr'><strong>Facit</strong></span> <span class='ocrx_word' id='word_1_206' title='bbox 2488 2977 2595 3028; x_wconf 87' lang='lat' dir='ltr'><strong>huc</strong></span> 
     </span>
     <span class='ocr_line' id='line_1_23' title="bbox 332 3060 2590 3130; baseline 0 -17"><span class='ocrx_word' id='word_1_207' title='bbox 332 3061 648 3113; x_wconf 87' lang='lat' dir='ltr'><strong>Callimachi</strong></span> <span class='ocrx_word' id='word_1_208' title='bbox 677 3064 1036 3130; x_wconf 78' lang='lat' dir='ltr'><strong>fragmentum</strong></span> <span class='ocrx_word' id='word_1_209' title='bbox 1072 3062 1217 3130; x_wconf 88' lang='lat' dir='ltr'><strong>apud</strong></span> <span class='ocrx_word' id='word_1_210' title='bbox 1262 3060 1434 3114; x_wconf 86' lang='lat' dir='ltr'><strong>schol.</strong></span> <span class='ocrx_word' id='word_1_211' title='bbox 1475 3060 1655 3130; x_wconf 87' lang='lat' dir='ltr'><strong>Apoll.</strong></span> <span class='ocrx_word' id='word_1_212' title='bbox 1686 3061 1864 3113; x_wconf 87' lang='lat' dir='ltr'><strong>Rhod.</strong></span> <span class='ocrx_word' id='word_1_213' title='bbox 1902 3061 1947 3127; x_wconf 90' lang='lat' dir='ltr'><strong>l,</strong></span> <span class='ocrx_word' id='word_1_214' title='bbox 1982 3065 2117 3120; x_wconf 84' lang='lat'>1116</span> <span class='ocrx_word' id='word_1_215' title='bbox 2146 3064 2262 3130; x_wconf 88' lang='lat' dir='ltr'><strong>(nr.</strong></span> <span class='ocrx_word' id='word_1_216' title='bbox 2295 3065 2384 3120; x_wconf 85' lang='lat'><strong>45.</strong></span> <span class='ocrx_word' id='word_1_217' title='bbox 2418 3066 2590 3130; x_wconf 78' lang='lat' dir='ltr'><strong>p.431</strong></span> 
     </span>
     <span class='ocr_line' id='line_1_24' title="bbox 334 3145 2597 3216; baseline -0 -19"><span class='ocrx_word' id='word_1_218' title='bbox 334 3145 419 3198; x_wconf 86' lang='lat' dir='ltr'><strong>ed.</strong></span> <span class='ocrx_word' id='word_1_219' title='bbox 453 3147 731 3214; x_wconf 83' lang='lat' dir='ltr'><strong>Ernest.).</strong></span> <span class='ocrx_word' id='word_1_220' title='bbox 792 3146 974 3216; x_wconf 82' lang='lat' dir='ltr'><strong>Atque</strong></span> <span class='ocrx_word' id='word_1_221' title='bbox 1016 3148 1116 3198; x_wconf 87' lang='lat' dir='ltr'><strong>hac</strong></span> <span class='ocrx_word' id='word_1_222' title='bbox 1145 3147 1200 3199; x_wconf 91' lang='lat' dir='ltr'><strong>in</strong></span> <span class='ocrx_word' id='word_1_223' title='bbox 1233 3148 1369 3198; x_wconf 89' lang='lat' dir='ltr'><strong>urbe</strong></span> <span class='ocrx_word' id='word_1_224' title='bbox 1402 3145 1489 3196; x_wconf 82' lang='lat' dir='ltr'><strong>vel</strong></span> <span class='ocrx_word' id='word_1_225' title='bbox 1522 3152 1673 3198; x_wconf 87' lang='lat' dir='ltr'><strong>certe</strong></span> <span class='ocrx_word' id='word_1_226' title='bbox 1714 3145 1773 3198; x_wconf 89' lang='lat' dir='ltr'><strong>in</strong></span> <span class='ocrx_word' id='word_1_227' title='bbox 1815 3145 1938 3198; x_wconf 82' lang='lat' dir='ltr'><strong>eiua</strong></span> <span class='ocrx_word' id='word_1_228' title='bbox 1981 3145 2130 3212; x_wconf 88' lang='lat' dir='ltr'><strong>agris</strong></span> <span class='ocrx_word' id='word_1_229' title='bbox 2162 3149 2460 3202; x_wconf 66' lang='lat' dir='ltr'><strong>Adra-*neae</strong></span> <span class='ocrx_word' id='word_1_230' title='bbox 2488 3146 2597 3198; x_wconf 84' lang='lat' dir='ltr'><strong>fuit</strong></span> 
     </span>
     <span class='ocr_line' id='line_1_25' title="bbox 331 3229 2594 3301; baseline -0 -20"><span class='ocrx_word' id='word_1_231' title='bbox 331 3230 620 3299; x_wconf 79' lang='lat' dir='ltr'><strong>templum3</strong></span> <span class='ocrx_word' id='word_1_232' title='bbox 666 3248 809 3301; x_wconf 86' lang='lat' dir='ltr'><strong>quae</strong></span> <span class='ocrx_word' id='word_1_233' title='bbox 841 3231 941 3282; x_wconf 90' lang='lat' dir='ltr'><strong>dea</strong></span> <span class='ocrx_word' id='word_1_234' title='bbox 981 3231 1090 3283; x_wconf 81' lang='lat' dir='ltr'><strong>nisi</strong></span> <span class='ocrx_word' id='word_1_235' title='bbox 1124 3230 1338 3283; x_wconf 87' lang='lat' dir='ltr'><strong>omnino</strong></span> <span class='ocrx_word' id='word_1_236' title='bbox 1371 3232 1592 3286; x_wconf 73' lang='lat' dir='ltr'><strong>Adrasti</strong></span> <span class='ocrx_word' id='word_1_237' title='bbox 1617 3234 1721 3284; x_wconf 81' lang='lat' dir='ltr'><strong>dea</strong></span> <span class='ocrx_word' id='word_1_238' title='bbox 1759 3238 1874 3297; x_wconf 86' lang='lat' dir='ltr'><strong>est,</strong></span> <span class='ocrx_word' id='word_1_239' title='bbox 1919 3247 2021 3298; x_wconf 90' lang='lat' dir='ltr'><strong>pro</strong></span> <span class='ocrx_word' id='word_1_240' title='bbox 2051 3229 2261 3284; x_wconf 73' lang='lat' dir='ltr'><strong>Nemest’</strong></span> <span class='ocrx_word' id='word_1_241' title='bbox 2291 3232 2460 3298; x_wconf 81' lang='lat' dir='ltr'><strong>vulgo</strong></span> <span class='ocrx_word' id='word_1_242' title='bbox 2502 3231 2594 3281; x_wconf 86' lang='lat' dir='ltr'><strong>ha-</strong></span> 
     </span>
     <span class='ocr_line' id='line_1_26' title="bbox 332 3313 2592 3383; baseline -0.001 -17"><span class='ocrx_word' id='word_1_243' title='bbox 332 3315 515 3367; x_wconf 89' lang='lat' dir='ltr'><strong>betur.</strong></span> <span class='ocrx_word' id='word_1_244' title='bbox 575 3315 740 3367; x_wconf 84' lang='lat' dir='ltr'><strong>Conf.</strong></span> <span class='ocrx_word' id='word_1_245' title='bbox 770 3315 1027 3367; x_wconf 87' lang='lat' dir='ltr'><strong>Strabon.</strong></span> <span class='ocrx_word' id='word_1_246' title='bbox 1053 3314 1188 3366; x_wconf 80' lang='lat' dir='ltr'><strong>xm</strong></span> <span class='ocrx_word' id='word_1_247' title='bbox 1221 3332 1275 3382; x_wconf 91' lang='lat' dir='ltr'><strong>p.</strong></span> <span class='ocrx_word' id='word_1_248' title='bbox 1298 3317 1405 3372; x_wconf 88' lang='grc'><strong>880</strong></span> <span class='ocrx_word' id='word_1_249' title='bbox 1431 3313 1766 3383; x_wconf 86' lang='lat' dir='ltr'><strong>(Antimachi</strong></span> <span class='ocrx_word' id='word_1_250' title='bbox 1794 3316 2036 3382; x_wconf 76' lang='lat' dir='ltr'><strong>fragium.</strong></span> <span class='ocrx_word' id='word_1_251' title='bbox 2069 3314 2154 3366; x_wconf 84' lang='lat' dir='ltr'><strong>ed.</strong></span> <span class='ocrx_word' id='word_1_252' title='bbox 2181 3314 2592 3378; x_wconf 88' lang='lat' dir='ltr'><strong>Schellenberg.</strong></span> 
     </span>
     <span class='ocr_line' id='line_1_27' title="bbox 331 3395 2596 3469; baseline -0.002 -19"><span class='ocrx_word' id='word_1_253' title='bbox 331 3416 387 3467; x_wconf 91' lang='lat' dir='ltr'><strong>p.</strong></span> <span class='ocrx_word' id='word_1_254' title='bbox 423 3399 522 3464; x_wconf 90' lang='grc'><strong>71)</strong></span> <span class='ocrx_word' id='word_1_255' title='bbox 564 3403 620 3449; x_wconf 93' lang='lat' dir='ltr'><strong>et</strong></span> <span class='ocrx_word' id='word_1_256' title='bbox 645 3399 856 3450; x_wconf 85' lang='lat' dir='ltr'><strong>Hoeck.</strong></span> <span class='ocrx_word' id='word_1_257' title='bbox 905 3398 961 3448; x_wconf 91' lang='lat' dir='ltr'><strong>in</strong></span> <span class='ocrx_word' id='word_1_258' title='bbox 994 3398 1147 3450; x_wconf 88' lang='lat' dir='ltr'><strong>Cret.</strong></span> <span class='ocrx_word' id='word_1_259' title='bbox 1184 3398 1231 3448; x_wconf 90' lang='grc' dir='ltr'><strong>Ι.</strong></span> <span class='ocrx_word' id='word_1_260' title='bbox 1275 3415 1331 3466; x_wconf 92' lang='lat' dir='ltr'><strong>p.</strong></span> <span class='ocrx_word' id='word_1_261' title='bbox 1370 3402 1472 3455; x_wconf 76' lang='lat'><strong>192</strong></span> <span class='ocrx_word' id='word_1_262' title='bbox 1505 3415 1662 3469; x_wconf 84' lang='lat' dir='ltr'><strong>seqq.</strong></span> <span class='ocrx_word' id='word_1_263' title='bbox 1724 3399 1832 3450; x_wconf 85' lang='lat' dir='ltr'><strong>Alii</strong></span> <span class='ocrx_word' id='word_1_264' title='bbox 1872 3401 2192 3453; x_wconf 72' lang='lat' dir='ltr'><strong>Adrasteam</strong></span> <span class='ocrx_word' id='word_1_265' title='bbox 2232 3397 2289 3448; x_wconf 90' lang='lat' dir='ltr'><strong>in</strong></span> <span class='ocrx_word' id='word_1_266' title='bbox 2342 3395 2596 3465; x_wconf 79' lang='lat' dir='ltr'><strong>nymphis</strong></span> 
     </span>
     <span class='ocr_line' id='line_1_28' title="bbox 334 3480 2595 3551; baseline -0.001 -18"><span class='ocrx_word' id='word_1_267' title='bbox 334 3485 552 3551; x_wconf 87' lang='lat' dir='ltr'><strong>ponunt</strong></span> <span class='ocrx_word' id='word_1_268' title='bbox 579 3481 843 3551; x_wconf 83' lang='lat' dir='ltr'><strong>Iovisque</strong></span> <span class='ocrx_word' id='word_1_269' title='bbox 867 3480 1155 3532; x_wconf 80' lang='lat' dir='ltr'><strong>Cretensis</strong></span> <span class='ocrx_word' id='word_1_270' title='bbox 1188 3480 1499 3532; x_wconf 76' lang='lat' dir='ltr'><strong>nutricibus</strong></span> <span class='ocrx_word' id='word_1_271' title='bbox 1531 3499 1643 3534; x_wconf 86' lang='lat' dir='ltr'><strong>una</strong></span> <span class='ocrx_word' id='word_1_272' title='bbox 1671 3498 1790 3535; x_wconf 88' lang='lat' dir='ltr'><strong>cum</strong></span> <span class='ocrx_word' id='word_1_273' title='bbox 1819 3481 1935 3548; x_wconf 90' lang='lat' dir='ltr'><strong>Ida,</strong></span> <span class='ocrx_word' id='word_1_274' title='bbox 1968 3481 2301 3548; x_wconf 86' lang='lat' dir='ltr'><strong>eandemque</strong></span> <span class='ocrx_word' id='word_1_275' title='bbox 2331 3480 2595 3532; x_wconf 87' lang='lat' dir='ltr'><strong>Curetum</strong></span> 
     </span>
     <span class='ocr_line' id='line_1_29' title="bbox 335 3562 2598 3634; baseline -0.002 -17"><span class='ocrx_word' id='word_1_276' title='bbox 335 3583 579 3618; x_wconf 88' lang='lat' dir='ltr'><strong>sororem</strong></span> <span class='ocrx_word' id='word_1_277' title='bbox 620 3565 915 3634; x_wconf 87' lang='lat' dir='ltr'><strong>appellant.</strong></span> <span class='ocrx_word' id='word_1_278' title='bbox 987 3563 1112 3615; x_wconf 87' lang='lat' dir='ltr'><strong>Vid.</strong></span> <span class='ocrx_word' id='word_1_279' title='bbox 1155 3562 1464 3615; x_wconf 87' lang='lat' dir='ltr'><strong>Callimach.</strong></span> <span class='ocrx_word' id='word_1_280' title='bbox 1510 3564 1567 3616; x_wconf 93' lang='lat' dir='ltr'><strong>in</strong></span> <span class='ocrx_word' id='word_1_281' title='bbox 1607 3566 1729 3617; x_wconf 79' lang='lat' dir='ltr'><strong>Iov.</strong></span> <span class='ocrx_word' id='word_1_282' title='bbox 1771 3567 1858 3623; x_wconf 84' lang='lat'><strong>47.</strong></span> <span class='ocrx_word' id='word_1_283' title='bbox 1907 3563 2085 3633; x_wconf 85' lang='lat' dir='ltr'><strong>Apoll.</strong></span> <span class='ocrx_word' id='word_1_284' title='bbox 2126 3563 2303 3616; x_wconf 87' lang='lat' dir='ltr'><strong>Rhod.</strong></span> <span class='ocrx_word' id='word_1_285' title='bbox 2343 3563 2447 3629; x_wconf 86' lang='grc' dir='ltr'><strong>ΙΙΙ,</strong></span> <span class='ocrx_word' id='word_1_286' title='bbox 2493 3567 2598 3621; x_wconf 81' lang='lat'><strong>133</strong></span> 
     </span>
     <span class='ocr_line' id='line_1_30' title="bbox 334 3646 2593 3723; baseline -0.001 -22"><span class='ocrx_word' id='word_1_287' title='bbox 334 3650 471 3719; x_wconf 89' lang='lat' dir='ltr'><strong>ibiq.</strong></span> <span class='ocrx_word' id='word_1_288' title='bbox 498 3648 666 3701; x_wconf 90' lang='lat' dir='ltr'><strong>schol.</strong></span> <span class='ocrx_word' id='word_1_289' title='bbox 713 3648 1188 3723; x_wconf 27' lang='lat' dir='ltr'><strong>Iungamusbhisce</strong></span> <span class='ocrx_word' id='word_1_290' title='bbox 1211 3664 1292 3714; x_wconf 82' lang='lat' dir='ltr'><strong>ea,</strong></span> <span class='ocrx_word' id='word_1_291' title='bbox 1325 3664 1467 3717; x_wconf 89' lang='lat' dir='ltr'><strong>quae</strong></span> <span class='ocrx_word' id='word_1_292' title='bbox 1479 3647 1795 3717; x_wconf 76' lang='lat' dir='ltr'><strong>Stephanus</strong></span> <span class='ocrx_word' id='word_1_293' title='bbox 1808 3647 2154 3715; x_wconf 83' lang='lat' dir='ltr'><strong>Byzantinus</strong></span> <span class='ocrx_word' id='word_1_294' title='bbox 2177 3652 2254 3717; x_wconf 87' lang='lat' dir='ltr'><strong>(s.</strong></span> <span class='ocrx_word' id='word_1_295' title='bbox 2280 3666 2333 3700; x_wconf 83' lang='lat' dir='ltr'><strong>v.</strong></span> <span class='ocrx_word' id='word_1_296' title='bbox 2356 3646 2593 3717; x_wconf 80' lang='lat' dir='ltr'><strong>p.36ed.</strong></span> 
     </span>
     <span class='ocr_line' id='line_1_31' title="bbox 335 3730 2593 3802; baseline -0.002 -16"><span class='ocrx_word' id='word_1_297' title='bbox 335 3733 545 3801; x_wconf 84' lang='lat' dir='ltr'><strong>Berk.)</strong></span> <span class='ocrx_word' id='word_1_298' title='bbox 587 3751 653 3786; x_wconf 87' lang='lat' dir='ltr'><strong>ex</strong></span> <span class='ocrx_word' id='word_1_299' title='bbox 689 3732 942 3802; x_wconf 84' lang='lat' dir='ltr'><strong>Diogene</strong></span> <span class='ocrx_word' id='word_1_300' title='bbox 975 3731 1196 3786; x_wconf 74' lang='lat' dir='ltr'><strong>retulitt</strong></span> <span class='ocrx_word' id='word_1_301' title='bbox 1242 3735 1562 3787; x_wconf 80' lang='lat' dir='ltr'><strong>Adrasteam</strong></span> <span class='ocrx_word' id='word_1_302' title='bbox 1606 3750 1733 3785; x_wconf 86' lang='lat' dir='ltr'><strong>esse</strong></span> <span class='ocrx_word' id='word_1_303' title='bbox 1769 3748 1837 3785; x_wconf 86' lang='lat' dir='ltr'><strong>ex</strong></span> <span class='ocrx_word' id='word_1_304' title='bbox 1877 3731 2146 3800; x_wconf 84' lang='lat' dir='ltr'><strong>Nymphis</strong></span> <span class='ocrx_word' id='word_1_305' title='bbox 2188 3730 2593 3793; x_wconf 83' lang='lat' dir='ltr'><strong>Orestiadibus‚</strong></span> 
     </span>
     <span class='ocr_line' id='line_1_32' title="bbox 335 3815 2595 3885; baseline -0.002 -14"><span class='ocrx_word' id='word_1_306' title='bbox 335 3822 392 3871; x_wconf 89' lang='lat' dir='ltr'><strong>et</strong></span> <span class='ocrx_word' id='word_1_307' title='bbox 420 3834 488 3871; x_wconf 80' lang='lat' dir='ltr'><strong>ex</strong></span> <span class='ocrx_word' id='word_1_308' title='bbox 517 3817 782 3870; x_wconf 86' lang='lat' dir='ltr'><strong>Characis</strong></span> <span class='ocrx_word' id='word_1_309' title='bbox 811 3816 1143 3870; x_wconf 85' lang='lat' dir='ltr'><strong>Hellenicis=</strong></span> <span class='ocrx_word' id='word_1_310' title='bbox 1189 3821 1509 3873; x_wconf 75' lang='lat' dir='ltr'><strong>Adrasteam</strong></span> <span class='ocrx_word' id='word_1_311' title='bbox 1552 3834 1678 3869; x_wconf 84' lang='lat' dir='ltr'><strong>esse</strong></span> <span class='ocrx_word' id='word_1_312' title='bbox 1716 3816 1894 3868; x_wconf 90' lang='lat' dir='ltr'><strong>locum</strong></span> <span class='ocrx_word' id='word_1_313' title='bbox 1922 3815 2126 3867; x_wconf 89' lang='lat' dir='ltr'><strong>Troiae</strong></span> <span class='ocrx_word' id='word_1_314' title='bbox 2162 3815 2488 3885; x_wconf 86' lang='lat' dir='ltr'><strong>appellatum</strong></span> <span class='ocrx_word' id='word_1_315' title='bbox 2528 3815 2595 3866; x_wconf 92' lang='lat' dir='ltr'><strong>ab</strong></span> 
     </span>
     <span class='ocr_line' id='line_1_33' title="bbox 335 3898 2594 3972; baseline -0.001 -19"><span class='ocrx_word' id='word_1_316' title='bbox 335 3902 635 3972; x_wconf 83' lang='lat' dir='ltr'><strong>Adrastea,</strong></span> <span class='ocrx_word' id='word_1_317' title='bbox 687 3902 801 3954; x_wconf 86' lang='lat' dir='ltr'><strong>filia</strong></span> <span class='ocrx_word' id='word_1_318' title='bbox 827 3902 1078 3971; x_wconf 84' lang='lat' dir='ltr'><strong>Melissi,</strong></span> <span class='ocrx_word' id='word_1_319' title='bbox 1133 3902 1231 3972; x_wconf 87' lang='lat' dir='ltr'><strong>qui</strong></span> <span class='ocrx_word' id='word_1_320' title='bbox 1262 3908 1319 3954; x_wconf 86' lang='lat' dir='ltr'><strong>et</strong></span> <span class='ocrx_word' id='word_1_321' title='bbox 1344 3902 1475 3954; x_wconf 90' lang='lat' dir='ltr'><strong>Idae</strong></span> <span class='ocrx_word' id='word_1_322' title='bbox 1510 3906 1671 3971; x_wconf 87' lang='lat' dir='ltr'><strong>pater</strong></span> <span class='ocrx_word' id='word_1_323' title='bbox 1694 3900 1867 3954; x_wconf 89' lang='lat' dir='ltr'><strong>fuerit</strong></span> <span class='ocrx_word' id='word_1_324' title='bbox 1902 3899 2054 3966; x_wconf 82' lang='lat' dir='ltr'><strong>eius,</strong></span> <span class='ocrx_word' id='word_1_325' title='bbox 2108 3915 2251 3969; x_wconf 87' lang='lat' dir='ltr'><strong>quae</strong></span> <span class='ocrx_word' id='word_1_326' title='bbox 2280 3899 2509 3968; x_wconf 89' lang='lat' dir='ltr'><strong>primum</strong></span> <span class='ocrx_word' id='word_1_327' title='bbox 2536 3898 2594 3951; x_wconf 91' lang='lat' dir='ltr'><strong>in</strong></span> 
     </span>
     <span class='ocr_line' id='line_1_34' title="bbox 335 3982 2594 4056; baseline -0.001 -19"><span class='ocrx_word' id='word_1_328' title='bbox 335 3986 511 4038; x_wconf 86' lang='lat' dir='ltr'><strong>Troia</strong></span> <span class='ocrx_word' id='word_1_329' title='bbox 553 3986 893 4055; x_wconf 75' lang='lat' dir='ltr'><strong>regnaverit.</strong></span> <span class='ocrx_word' id='word_1_330' title='bbox 945 3986 1057 4039; x_wconf 91' lang='lat' dir='ltr'><strong>Iam</strong></span> <span class='ocrx_word' id='word_1_331' title='bbox 1087 4003 1197 4056; x_wconf 89' lang='lat' dir='ltr'><strong>quo</strong></span> <span class='ocrx_word' id='word_1_332' title='bbox 1229 4003 1397 4039; x_wconf 86' lang='lat' dir='ltr'><strong>sensu</strong></span> <span class='ocrx_word' id='word_1_333' title='bbox 1431 3989 1700 4040; x_wconf 74' lang='lat' dir='ltr'><strong>Adrastea</strong></span> <span class='ocrx_word' id='word_1_334' title='bbox 1738 3986 1933 4037; x_wconf 88' lang='lat' dir='ltr'><strong>haecce</strong></span> <span class='ocrx_word' id='word_1_335' title='bbox 1969 3983 2090 4035; x_wconf 85' lang='lat' dir='ltr'><strong>Iovi</strong></span> <span class='ocrx_word' id='word_1_336' title='bbox 2124 3983 2358 4036; x_wconf 85' lang='lat' dir='ltr'><strong>addatur</strong></span> <span class='ocrx_word' id='word_1_337' title='bbox 2387 3982 2594 4051; x_wconf 86' lang='lat' dir='ltr'><strong>nutrix,</strong></span> 
     </span>
     <span class='ocr_line' id='line_1_35' title="bbox 335 4066 2597 4139; baseline -0 -19"><span class='ocrx_word' id='word_1_338' title='bbox 335 4070 586 4138; x_wconf 88' lang='lat' dir='ltr'><strong>pluribus</strong></span> <span class='ocrx_word' id='word_1_339' title='bbox 618 4071 878 4138; x_wconf 82' lang='lat' dir='ltr'><strong>exposuit</strong></span> <span class='ocrx_word' id='word_1_340' title='bbox 905 4069 1170 4124; x_wconf 84' lang='lat' dir='ltr'><strong>Creuzer.</strong></span> <span class='ocrx_word' id='word_1_341' title='bbox 1206 4070 1263 4122; x_wconf 94' lang='lat' dir='ltr'><strong>in</strong></span> <span class='ocrx_word' id='word_1_342' title='bbox 1286 4071 1526 4137; x_wconf 84' lang='lat' dir='ltr'><strong>Symbol.</strong></span> <span class='ocrx_word' id='word_1_343' title='bbox 1558 4070 1633 4122; x_wconf 90' lang='grc' dir='ltr'><strong>ΙΙ.</strong></span> <span class='ocrx_word' id='word_1_344' title='bbox 1661 4089 1716 4139; x_wconf 91' lang='lat' dir='ltr'><strong>p.</strong></span> <span class='ocrx_word' id='word_1_345' title='bbox 1743 4077 1844 4128; x_wconf 81' lang='lat'><strong>501</strong></span> <span class='ocrx_word' id='word_1_346' title='bbox 1867 4083 2021 4137; x_wconf 83' lang='lat' dir='ltr'><strong>seqq.</strong></span> <span class='ocrx_word' id='word_1_347' title='bbox 2088 4066 2171 4119; x_wconf 86' lang='lat' dir='ltr'><strong>Ad</strong></span> <span class='ocrx_word' id='word_1_348' title='bbox 2201 4067 2597 4135; x_wconf 87' lang='lat' dir='ltr'><strong>cosmogoniam</strong></span> 
     </span>
     <span class='ocr_line' id='line_1_36' title="bbox 336 4149 2595 4224; baseline -0.001 -20"><span class='ocrx_word' id='word_1_349' title='bbox 336 4153 478 4205; x_wconf 88' lang='lat' dir='ltr'><strong>enim</strong></span> <span class='ocrx_word' id='word_1_350' title='bbox 499 4155 779 4222; x_wconf 84' lang='lat' dir='ltr'><strong>pertinere</strong></span> <span class='ocrx_word' id='word_1_351' title='bbox 809 4152 952 4207; x_wconf 85' lang='lat' dir='ltr'><strong>illam</strong></span> <span class='ocrx_word' id='word_1_352' title='bbox 975 4156 1112 4207; x_wconf 86' lang='lat' dir='ltr'><strong>satis</strong></span> <span class='ocrx_word' id='word_1_353' title='bbox 1140 4155 1395 4223; x_wconf 85' lang='lat' dir='ltr'><strong>probant,</strong></span> <span class='ocrx_word' id='word_1_354' title='bbox 1426 4171 1569 4223; x_wconf 88' lang='lat' dir='ltr'><strong>quae</strong></span> <span class='ocrx_word' id='word_1_355' title='bbox 1599 4154 1746 4224; x_wconf 83' lang='lat' dir='ltr'><strong>apud</strong></span> <span class='ocrx_word' id='word_1_356' title='bbox 1773 4151 2023 4205; x_wconf 87' lang='lat' dir='ltr'><strong>Proclum</strong></span> <span class='ocrx_word' id='word_1_357' title='bbox 2049 4149 2311 4219; x_wconf 87' lang='lat' dir='ltr'><strong>leguntur</strong></span> <span class='ocrx_word' id='word_1_358' title='bbox 2339 4152 2395 4203; x_wconf 93' lang='lat' dir='ltr'><strong>in</strong></span> <span class='ocrx_word' id='word_1_359' title='bbox 2412 4151 2595 4203; x_wconf 87' lang='lat' dir='ltr'><strong>Theo-</strong></span> 
     </span>
     <span class='ocr_line' id='line_1_37' title="bbox 335 4236 2596 4308; baseline -0.002 -21"><span class='ocrx_word' id='word_1_360' title='bbox 335 4236 445 4304; x_wconf 87' lang='lat' dir='ltr'><strong>log.</strong></span> <span class='ocrx_word' id='word_1_361' title='bbox 477 4237 695 4290; x_wconf 86' lang='lat' dir='ltr'><strong>Platon.</strong></span> <span class='ocrx_word' id='word_1_362' title='bbox 728 4238 824 4303; x_wconf 88' lang='lat' dir='ltr'><strong>IV,</strong></span> <span class='ocrx_word' id='word_1_363' title='bbox 844 4243 912 4298; x_wconf 87' lang='lat'><strong>16</strong></span> <span class='ocrx_word' id='word_1_364' title='bbox 942 4245 998 4291; x_wconf 88' lang='lat' dir='ltr'><strong>et</strong></span> <span class='ocrx_word' id='word_1_365' title='bbox 1024 4240 1082 4290; x_wconf 91' lang='lat' dir='ltr'><strong>in</strong></span> <span class='ocrx_word' id='word_1_366' title='bbox 1111 4238 1393 4291; x_wconf 86' lang='lat' dir='ltr'><strong>Timaeum</strong></span> <span class='ocrx_word' id='word_1_367' title='bbox 1422 4257 1476 4308; x_wconf 93' lang='lat' dir='ltr'><strong>p.</strong></span> <span class='ocrx_word' id='word_1_368' title='bbox 1500 4243 1623 4298; x_wconf 77' lang='lat'><strong>323.</strong></span> <span class='ocrx_word' id='word_1_369' title='bbox 1684 4236 1850 4300; x_wconf 81' lang='lat' dir='ltr'><strong>Quod</strong></span> <span class='ocrx_word' id='word_1_370' title='bbox 1879 4253 2012 4288; x_wconf 80' lang='lat' dir='ltr'><strong>vero</strong></span> <span class='ocrx_word' id='word_1_371' title='bbox 2042 4236 2109 4287; x_wconf 89' lang='lat' dir='ltr'><strong>ad</strong></span> <span class='ocrx_word' id='word_1_372' title='bbox 2139 4236 2319 4288; x_wconf 83' lang='lat' dir='ltr'><strong>Asiam</strong></span> <span class='ocrx_word' id='word_1_373' title='bbox 2344 4242 2596 4303; x_wconf 88' lang='lat' dir='ltr'><strong>spectare</strong></span> 
     </span>
     <span class='ocr_line' id='line_1_38' title="bbox 335 4316 2593 4392; baseline -0.002 -21"><span class='ocrx_word' id='word_1_374' title='bbox 335 4320 555 4373; x_wconf 82' lang='lat' dir='ltr'><strong>videtur</strong></span> <span class='ocrx_word' id='word_1_375' title='bbox 567 4325 833 4377; x_wconf 79' lang='lat' dir='ltr'><strong>Adrastea</strong></span> <span class='ocrx_word' id='word_1_376' title='bbox 861 4323 1094 4392; x_wconf 86' lang='lat' dir='ltr'><strong>eiusque</strong></span> <span class='ocrx_word' id='word_1_377' title='bbox 1120 4322 1331 4390; x_wconf 89' lang='lat' dir='ltr'><strong>religio,</strong></span> <span class='ocrx_word' id='word_1_378' title='bbox 1361 4323 1611 4392; x_wconf 85' lang='lat' dir='ltr'><strong>disputat</strong></span> <span class='ocrx_word' id='word_1_379' title='bbox 1639 4321 1919 4374; x_wconf 86' lang='lat' dir='ltr'><strong>Iablonsk.</strong></span> <span class='ocrx_word' id='word_1_380' title='bbox 1951 4319 2048 4390; x_wconf 85' lang='lat' dir='ltr'><strong>(de</strong></span> <span class='ocrx_word' id='word_1_381' title='bbox 2071 4320 2297 4373; x_wconf 83' lang='lat' dir='ltr'><strong>Nemesi</strong></span> <span class='ocrx_word' id='word_1_382' title='bbox 2331 4317 2506 4385; x_wconf 79' lang='lat' dir='ltr'><strong>Aegg.</strong></span> <span class='ocrx_word' id='word_1_383' title='bbox 2537 4316 2593 4367; x_wconf 92' lang='lat' dir='ltr'><strong>in</strong></span> 
     </span>
     <span class='ocr_line' id='line_1_39' title="bbox 335 4400 2596 4477; baseline -0.001 -22"><span class='ocrx_word' id='word_1_384' title='bbox 335 4403 581 4457; x_wconf 85' lang='lat' dir='ltr'><strong>Pantheo</strong></span> <span class='ocrx_word' id='word_1_385' title='bbox 605 4406 868 4477; x_wconf 78' lang='lat' dir='ltr'><strong>Aegyptt.</strong></span> <span class='ocrx_word' id='word_1_386' title='bbox 894 4425 951 4477; x_wconf 86' lang='lat' dir='ltr'><strong>p.</strong></span> <span class='ocrx_word' id='word_1_387' title='bbox 969 4407 1100 4475; x_wconf 88' lang='grc'><strong>107)</strong></span> <span class='ocrx_word' id='word_1_388' title='bbox 1128 4406 1462 4475; x_wconf 78' lang='lat' dir='ltr'><strong>eandemque</strong></span> <span class='ocrx_word' id='word_1_389' title='bbox 1499 4406 1689 4460; x_wconf 87' lang='lat' dir='ltr'><strong>haberi</strong></span> <span class='ocrx_word' id='word_1_390' title='bbox 1723 4404 1840 4459; x_wconf 83' lang='lat' dir='ltr'><strong>vult</strong></span> <span class='ocrx_word' id='word_1_391' title='bbox 1868 4421 1932 4457; x_wconf 87' lang='lat' dir='ltr'><strong>ac</strong></span> <span class='ocrx_word' id='word_1_392' title='bbox 1960 4400 2217 4458; x_wconf 60' lang='lat' dir='ltr'><strong>Bubastia</strong></span> <span class='ocrx_word' id='word_1_393' title='bbox 2247 4408 2303 4456; x_wconf 88' lang='lat' dir='ltr'><strong>et</strong></span> <span class='ocrx_word' id='word_1_394' title='bbox 2330 4403 2596 4457; x_wconf 58' lang='lat' dir='ltr'><strong>Tichi-am-</strong></span> 
     </span>
    </p>
   </div>
   <div class='ocr_carea' id='block_1_5' title="bbox 419 4498 2178 4564">
    <p class='ocr_par' dir='ltr' id='par_1_5' title="bbox 419 4498 2178 4564">
     <span class='ocr_line' id='line_1_40' title="bbox 419 4498 2178 4564; baseline 0.005 -4"><span class='ocrx_word' id='word_1_395' title='bbox 419 4521 750 4564; x_wconf 72' lang='lat' dir='ltr'><strong>nnaono‘r.</strong></span> <span class='ocrx_word' id='word_1_396' title='bbox 799 4523 843 4563; x_wconf 91' lang='lat'><strong>1.</strong></span> <span class='ocrx_word' id='word_1_397' title='bbox 2097 4498 2178 4559; x_wconf 87' lang='lat'><strong>53</strong></span> 
     </span>
    </p>
   </div>
   <div class='ocr_carea' id='block_1_6' title="bbox 3089 546 3093 1327">
    <p class='ocr_par' dir='ltr' id='par_1_6' title="bbox 3089 546 3093 1327">
     <span class='ocr_line' id='line_1_41' title="bbox 3089 546 3093 1327; baseline 0 0"><span class='ocrx_word' id='word_1_398' title='bbox 3089 546 3093 1327; x_wconf 95' lang='lat' dir='ltr'><strong> </strong></span> 
     </span>
    </p>
   </div>
   <div class='ocr_carea' id='block_1_7' title="bbox 3090 2006 3091 3369">
    <p class='ocr_par' dir='ltr' id='par_1_7' title="bbox 3090 2006 3091 3369">
     <span class='ocr_line' id='line_1_42' title="bbox 3090 2006 3091 3369; baseline 0 0"><span class='ocrx_word' id='word_1_399' title='bbox 3090 2006 3091 3369; x_wconf 95' lang='lat' dir='ltr'><strong> </strong></span> 
     </span>
    </p>
   </div>
  </div>
 </body>
</html>
