3109 5092
1296 359 1550 422 CLIO.
1599 363 1652 422 I.
1697 370 1817 425 156.

2572 363 2693 426 313

410 563 513 604 τοι
560 541 738 604 ἔωσι.
823 528 1071 604 ἄπειπε
1109 537 1236 620 μέν
1274 556 1398 624 σφι
1438 536 1702 623 πέμψας
1743 530 1917 606 ὅπλα
1969 532 2171 626 ἇρήεα
2210 531 2301 622 μὴ
2343 507 2689 625 ἐκιῆσθαι,

412 641 647 708 κέλευε
690 643 772 710 δέ
806 660 1018 724 σφεας
1057 639 1360 718 κιθῶνάς
1397 665 1470 708 τε
1509 635 1887 711 ὑποδύνειν
1920 654 2091 710 τοῖσι
2135 643 2390 727 εἵμασι,
2421 642 2535 709 καὶ
2571 669 2684 711 κο-

407 741 705 828 θόρνους
759 739 1173 814 ὑποδέεσθαι
1195 751 1211 779 ⁵
1280 741 1562 831 πρόειπε
1621 742 1686 813 δ’
1729 740 1993 814 αὐτοῖσι
2046 748 2423 832 κιθαρίζειν
2457 772 2530 813 τε
2576 749 2689 816 καὶ

407 845 692 928 ψάλλειν
751 849 865 917 καὶ
931 845 1341 935 καπηλεύειν
1407 847 1759 919 παιδεύειν
1809 844 1965 926 τούς
2027 852 2288 927 παῖδας.

2403 849 2516 916 καὶ
2568 877 2686 918 τα-

408 952 573 1037 χέως
612 950 853 1036 σφέας,
908 938 962 1017 ὦ
1003 955 1318 1036 βασιλεῦ,
1381 966 1707 1037 γυναῖκας
1748 948 1896 1021 ἀντ’
1925 947 2216 1040 ,ἀνδρῶν
2253 947 2450 1033 ὄψεαι
2489 979 2686 1039 γεγο-

406 1054 635 1134 νότας,
668 1047 842 1124 ὥστε
878 1047 1087 1122 οὐδὲν
1122 1059 1342 1124 δεινοί
1364 1081 1466 1124 τοι
1495 1060 1793 1140 ἔσονται,
1822 1051 1914 1144 μὴ
1938 1051 2332 1126 ἀποστέωσι.
2363 1063 2686 1145 ’Κροῖσος
2705 1069 2823 1131 156

409 1222 564 1274 addit
593 1225 840 1275 Iustinus
857 1262 871 1288 ‚
898 1225 960 1273 ut
996 1238 1130 1287 gens
1166 1223 1295 1273 olim
1323 1228 1377 1275 et
1403 1239 1496 1288 po-

409 1298 529 1342 tens
548 1299 603 1344 et
627 1298 868 1358 strenua,
902 1294 1103 1343 virtute
1120 1294 1353 1358 pristina
1376 1310 1497 1358 per·

407 1363 525 1413 dita
558 1365 615 1414 in
637 1364 910 1416 luxuriam
949 1361 1175 1427 delapsa
1196 1364 1285 1415 sit.
1343 1366 1498 1427 Quae

406 1449 533 1483 num
571 1436 785 1486 veriora
821 1436 933 1484 sint
958 1432 1313 1496 Herodoteis,
1349 1433 1497 1483 haud

407 1503 721 1554 decernam:
761 1520 791 1554 e
819 1503 1007 1554 Ctesia
1031 1503 1256 1553 fluxisse
1284 1504 1493 1568 opinor.

404 1573 488 1622 Ae
522 1574 717 1624 merito
754 1575 849 1638 iis,
889 1587 1030 1639 quae
1073 1572 1218 1638 apud
1253 1573 1497 1624 Herodo-

403 1645 519 1691 tum
550 1643 618 1694 de
637 1643 808 1708 Lydis
836 1648 1240 1708 proponuntur,
1277 1643 1493 1694 attendi

402 1711 555 1762 iubet
587 1713 824 1765 Heeren.
868 1714 925 1763 in
970 1711 1137 1762 Ideen
1174 1711 1220 1770 Ι,
1261 1713 1310 1763 1.
1359 1729 1489 1776 pag.

400 1781 525 1832 407.
598 1783 702 1832 Est
739 1784 881 1834 enim
911 1783 1015 1832 hoe
1052 1782 1270 1832 omnino
1306 1798 1490 1834 eorum

400 1851 717 1913 consilium,
791 1854 911 1918 qui,
985 1849 1267 1916 imperium
1333 1867 1490 1903 suum

398 1919 565 1982 longe
600 1920 818 1986 lateque
852 1925 1213 1986 propagatum
1248 1937 1356 1987 quo
1383 1938 1490 1973 me·

396 1989 503 2039 lius
530 1995 813 2053 tueantur,
846 1991 1096 2042 subditas
1121 1995 1314 2054 gentes
1335 1992 1491 2042 luxu-

398 2060 483 2108 ria
529 2060 870 2124 diffluentes,
919 2065 1236 2123 enervatas,
1288 2061 1491 2111 emolli*

397 2134 485 2178 tas
508 2129 769 2188 reddunt,
807 2147 875 2182 ne
909 2146 1148 2195 unquam
1182 2132 1369 2194 iugum
1393 2131 1490 2181 im-

395 2199 634 2256 positum
670 2200 907 2252 abiicere
949 2205 1190 2259 tentent,
1229 2215 1368 2251 neve
1410 2201 1491 2250 ul·

394 2267 505 2317 lum
546 2285 766 2332 prorsus
804 2270 1102 2335 periculum
1137 2269 1264 2318 inde
1289 2270 1489 2334 victori

396 2338 470 2386 sit
507 2338 826 2390 timendum.
898 2339 1007 2390 Sed
1031 2339 1170 2388 bene
1189 2338 1244 2389 h.
1267 2338 1308 2390 l.
1338 2339 1488 2391 istud

393 2406 716 2470 tenendum,
767 2408 965 2472 Cyrum
1011 2408 1115 2458 hoc
1150 2424 1345 2473 agere,
1394 2424 1487 2459 au-

394 2479 546 2527 ctore
582 2476 812 2540 croese,
854 2478 945 2542 qui
982 2494 1045 2527 eo
1076 2479 1196 2542 ipso
1227 2478 1485 2542 populum

395 2545 522 2596 olim
556 2562 709 2597 suum
737 2563 954 2598 servare
973 2547 1227 2604 voluerit,
1254 2564 1322 2597 ne
1346 2548 1483 2598 alias

392 2617 449 2665 in
486 2615 641 2667 sedes
668 2618 1135 2669 transduceretur.
1206 2618 1347 2668 Nam
1380 2617 1484 2668 hoc

392 2700 610 2751 quoque
646 2686 957 2737 istiusmodi
993 2688 1347 2748 imperatores
1393 2687 1485 2736 iis-

393 2754 514 2804 dem
551 2755 619 2806 de
644 2758 827 2806 causis
864 2757 1074 2807 inducti
1105 2757 1384 2814 factitant.
1420 2762 1483 2807 ut

391 2830 583 2888 gentes
621 2826 897 2876 subiectas
937 2827 1048 2876 suis
1088 2828 1246 2876 terris
1284 2826 1481 2890 patriis

391 2895 586 2945 cedere
614 2902 817 2961 cogant
850 2898 905 2946 in
943 2895 1080 2946 alias
1105 2897 1331 2946 multum
1358 2895 1482 2946 inde

391 2969 628 3014 remotas
644 2969 840 3016 terras.
881 2965 1046 3017 Cuius
1069 2968 1281 3026 generis
1309 2981 1483 3016 exem-

390 3033 483 3097 pla
516 3034 726 3098 aliquot
770 3037 824 3086 in
862 3036 1147 3086 Persarum
1200 3036 1484 3086 inveniun-

390 3108 483 3153 tur
513 3103 767 3155 historia.
837 3105 964 3156 vid.
1001 3107 1235 3155 Heeren.
1274 3105 1312 3155 1.
1340 3104 1380 3154 l.
1411 3136 1481 3145 --

389 3173 482 3223 Sic
513 3174 835 3238 Babyloniis
871 3175 1303 3225 desciscentibus
1338 3174 1481 3224 hanc

388 3259 621 3302 poenam
680 3260 712 3293 a
766 3245 947 3295 Xerxe
998 3245 1297 3308 irrogatam
1357 3259 1477 3293 esse

386 3313 619 3376 leg-imus
656 3313 801 3377 apud
837 3313 1117 3365 Plutarch.
1148 3314 1225 3364 11.
1263 3330 1317 3378 p.
1348 3312 1475 3371 1733

388 3382 575 3432 Cumis
601 3382 800 3432 similia
827 3384 941 3435 fere
966 3384 1179 3435 civibus
1214 3382 1479 3448 praescri-

386 3452 564 3516 psisse
615 3447 816 3502 dicitdr
863 3453 1238 3504 Aristodemus
1293 3457 1477 3516 tyran-

387 3537 517 3583 nus,
565 3526 709 3572 teste
743 3523 976 3588 Dionys.
1013 3523 1199 3574 Halic.
1246 3522 1475 3586 Antiqq.

385 3591 596 3641 Romm.
656 3591 787 3652 VII,
824 3591 878 3642 9.
923 3594 1008 3643 De
1043 3592 1213 3642 Lvdis
1258 3596 1476 3657 praeter

384 3660 653 3711 Herodoti
687 3661 866 3712 locum
904 3663 1051 3712 conf.
1091 3663 1294 3713 Iustin.
1332 3662 1379 3722 1,
1417 3660 1470 3710 6.

386 3734 442 3780 et
464 3731 726 3796 Polyaen.
758 3731 892 3788 VII,
932 3731 982 3790 6,
1009 3735 1062 3783 4.
1125 3732 1304 3796 Atque
1332 3728 1474 3793 Lydi

381 3815 478 3862 per
513 3816 724 3851 omnem
777 3801 1164 3865 antiquitatem
1214 3801 1282 3851 ob
1318 3800 1473 3849 luxu-

381 3868 516 3919 riam
564 3885 629 3921 ae
686 3869 967 3922 mollitiem
1016 3871 1157 3922 male
1208 3870 1469 3920 infames:

380 3939 438 3987 in
474 3954 636 4003 quam
676 3943 850 3998 ipsam
885 3941 996 3991 iam
1031 3946 1160 3991 ante
1186 3940 1316 4002 cyri
1337 3943 1469 3989 tem-

382 4022 515 4070 pora
543 4008 668 4060 illos
701 4010 954 4075 delapsos
977 4027 1099 4061 esse
1121 4010 1268 4060 haud
1290 4023 1470 4074 pauca

381 4080 674 4130 testantur.
750 4080 835 4131 Of.
882 4081 1097 4131 Krause
1144 4079 1352 4140 Theag.
1408 4093 1464 4141 p.

378 4145 467 4197 79.
503 4147 592 4200 86.
666 4149 847 4213 Bergk
889 4149 958 4200 ad
997 4151 1329 4200 Anacreont.
1365 4148 1469 4197 Re-

374 4214 510 4280 liqq.
558 4233 611 4284 p.
656 4220 761 4269 240
809 4235 957 4282 seq..
1020 4220 1113 4284 qui
1166 4220 1223 4269 in
1278 4216 1466 4282 primis

374 4283 569 4337 laudat
600 4288 869 4339 Athenaei
903 4288 1080 4339 locum
1109 4289 1241 4338 XII.
1278 4304 1334 4352 p.
1361 4286 1465 4336 515

378 4354 446 4404 Ε.
495 4359 549 4404 et
600 4372 751 4423 seqq.
801 4357 905 4408 526
950 4358 1015 4408 Α.
1104 4357 1185 4408 Ad
1234 4357 1462 4406 formam

376 4424 708 4479 coniunctivi
744 4427 989 4479 Ionicam
1039 4421 1169 4476 ἔωσι
1211 4426 1284 4476 cf.
1333 4426 1460 4477 Bre-

1599 1225 1726 1277 doV.
1764 1241 1817 1290 p.
1851 1224 1974 1275 404.
2046 1224 2112 1275 In
2132 1241 2284 1291 seqq.
2313 1223 2459 1275 conf.
2484 1224 2684 1277 Matth.

1600 1296 1694 1347 Gr.
1745 1296 1837 1347 Gr.
1887 1294 1935 1356 §-
1997 1293 2117 1379 524,
2169 1294 2320 1376 4,,1.
2370 1309 2497 1359 pag.
2555 1295 2688 1375 104?

1600 1364 1907 1499 {3230}ss
1909 1369 2467 1498 “22232321522‘24555
2500 1395 2576 1483 ῑῐὶ
2598 1379 2688 1485 μζέ

1601 1521 1708 1568 quo
1754 1506 1969 1556 dicatur
2015 1520 2208 1568 sensu,
2256 1504 2560 1554 monuimus
2615 1505 2684 1556 ad

1602 1576 1648 1637 1,
1690 1574 1778 1626 94.
1853 1573 2013 1638 Quod
2062 1591 2192 1626 vero
2239 1574 2384 1638 Lydi
2431 1574 2686 1625 iubentur

1594 1636 1854 1698 κιθῶνάς
1889 1659 1946 1694 τε
1981 1634 2300 1693 ὑποδύνειν
2323 1644 2470 1692 τοῖσι
2495 1640 2683 1704 εἵμασι

1594 1709 1690 1763 καὶ
1735 1706 2067 1773 κοθόρνους
2116 1703 2471 1761 ὑποδέεσθαι
2520 1711 2580 1776 (i.
2631 1729 2679 1764 e.

1593 1787 1789 1835 micas
1827 1784 1919 1834 sub
1951 1785 2123 1845 palliis
2152 1789 2360 1847 gestare
2392 1783 2685 1848 calceo-sque

1591 1852 1893 1918 εαόῖίρανε),
1932 1851 2160 1902 alterum
2195 1849 2323 1900 inde
2362 1851 2553 1915 opinor
2595 1867 2683 1901 ex-

1592 1922 1933 1989 plicandum,
1997 1922 2142 1987 quod
2197 1920 2515 1985 plerumque
2572 1936 2682 1971 non

1593 1994 1702 2044 nisi
1754 2009 1917 2043 unam
1969 1995 2205 2050 vestem,
2261 1991 2533 2051 tunicam,
2586 2006 2679 2055 ge-

1594 2069 1742 2114 stare
1765 2062 2016 2112 solebant
2031 2099 2045 2124 ‚
2086 2060 2439 2124 additumque
2453 2059 2682 2110 alterum

1592 2134 1981 2183 vestimentum
2022 2122 2107 2193 (τὸ
2155 2124 2286 2187 εἷμα
2319 2149 2387 2175 ιε.-
2426 2120 2678 2192 ἴμοὶτιον)

1592 2202 1838 2252 luxuriae
1852 2200 2109 2252 indicium
2122 2199 2371 2259 habetur;
2386 2199 2458 2249 cf.
2470 2199 2681 2250 Becker

1592 2271 1828 2323 Charicl.
1878 2270 1985 2320 ΙΙΙ.
2034 2285 2163 2334 pag.
2225 2267 2325 2319 159
2373 2284 2527 2334 seqq.
2584 2271 2678 2318 172

1594 2341 1677 2392 ed.
1718 2357 1830 2392 sec.
1903 2339 1988 2390 De
2039 2339 2256 2390 chitone
2312 2338 2456 2388 conf.
2500 2339 2566 2400 V,
2610 2340 2677 2387 87

1591 2412 1776 2471 ibique
1819 2414 1960 2461 nott.
2015 2410 2303 2460 Caeterum
2345 2407 2573 2458 similem
2621 2409 2678 2457 in

1586 2482 1804 2531 modum
1838 2481 2040 2530 Noster
2075 2481 2141 2530 de
2173 2478 2562 2541 Aegyptiorum
2595 2493 2680 2528 sa-

1588 2550 1901 2600 cerdotibus
1937 2549 2016 2609 ΙΙ,
2053 2549 2139 2600 81.
2181 2540 2403 2614 scribit}
2449 2538 2677 2595 ἐνδεδύ-

1585 2633 1717 2668 κασι
1774 2611 1840 2668 δὲ
1883 2615 2144 2673 κιθῶνας
2193 2612 2417 2672 λινέους
2466 2647 2537 2656 --
2585 2605 2677 2664 ἐπὶ

1584 2681 1838 2738 τούτοισι
1878 2681 1941 2735 01³
1987 2682 2204 2747 εἰρίνεα
2256 2681 2457 2746 εἵματα
2503 2677 2673 2733 λευκὰ

1585 2747 1985 2818 ἐπαναβληδὸν
2033 2752 2328 2817 φορέουσι.
2401 2756 2517 2806 Nec
2565 2770 2676 2805 ma-

1585 2829 1670 2891 gis
1717 2826 1786 2877 ad
1834 2825 2060 2876 delicias
2107 2824 2386 2889 vitamque
2427 2823 2676 2875 mollitiei

1586 2897 1824 2948 deditam
1870 2894 2144 2960 pertinere
2189 2893 2407 2944 videtur
2455 2886 2672 2956 κοθόρ-

1583 2980 1721 3023 νους
1761 2956 2145 3020 ὑποδέεσθαι,
2189 2979 2311 3014 cum
2358 2964 2674 3028 plerumque

1580 3027 1943 3099 ἀνυπόδητοι
1978 3033 2196 3101 prodire
2226 3034 2283 3082 in
2317 3035 2550 3085 medium
2588 3049 2673 3083 so-

1580 3107 1781 3157 lerent:
1843 3104 2000 3168 plura
2051 3104 2162 3154 vid.
2228 3104 2372 3167 apud
2442 3103 2672 3154 eundem

1580 3177 1792 3227 Becker
1844 3174 1880 3224 l.
1927 3174 1966 3224 l.
2020 3191 2071 3238 p.
2121 3174 2223 3224 215
2266 3189 2419 3237 seqq.
2491 3174 2671 3238 Atque

1580 3238 1875 3302 κόθορνος
1932 3244 1999 3293 de
2049 3242 2268 3308 vulgari
2312 3242 2670 3293 calceamenti

1580 3330 1778 3380 genere
1789 3313 2057 3378 intelligo,
2075 3313 2142 3362 de
2155 3328 2262 3378 quo
2283 3312 2423 3362 idem
2439 3312 2671 3362 Becker.

1578 3401 1632 3450 p.
1670 3384 1797 3435 229.
1871 3385 2026 3432 Haec
2053 3383 2226 3443 igitur
2249 3396 2382 3431 sane
2406 3380 2474 3429 ad
2506 3382 2673 3431 Grae-

1579 3470 1765 3504 corum
1814 3452 2140 3502 sententiam
2189 3450 2337 3500 dicta
2384 3449 2669 3498 videntur:

1577 3539 1755 3588 neque
1802 3536 1934 3571 vero
1980 3520 2105 3570 inde
2152 3517 2325 3569 totum
2384 3518 2672 3569 consilium

1580 3593 1722 3657 Cyro
1761 3593 1948 3642 datum
1987 3589 2057 3639 ad
2085 3589 2446 3650 Graecorum,
2484 3592 2672 3650 tyran-

1577 3678 1766 3781 norgtrg
1791 3658 2408 3778 ‘'ptis‘'cimuffvsfatissnw
2430 3656 2670 3776 ῗὶῐὶοὲωιη

1576 3748 1666 3782 cre
1705 3750 1722 3781 1
1762 3745 1912 3781 erun.
2000 3744 2113 3779 on.
2207 3743 2273 3776 ac
2313 3742 2431 3776 smu
2500 3763 2514 3776 .
2598 3743 2669 3776 e-

1573 3800 1683 3852 len.
1737 3793 2134 3851 Altertbumsk.
2188 3797 2274 3861 ΙΙ,
2316 3798 2369 3846 2.
2411 3812 2535 3862 pag.
2580 3797 2665 3847 17.

1645 3860 1786 3918 diets
1817 3858 1990 3916 midi-m
2010 3863 2200 3915 δεινοί
2217 3879 2306 3914 τοι
2336 3859 2563 3915 ἔσονται
2590 3858 2666 3930 μὴ

1571 3931 1909 4003 ἀποστέωσι]
1953 3937 2176 3987 Dictum
2202 3935 2308 3984 hoc
2350 3951 2471 4000 pro:
2528 3923 2669 3984 ὥστε

1575 4001 1749 4059 οὐδὲν
1782 3997 1977 4056 δεινόν
2013 4021 2100 4054 τοι
2134 3999 2313 4066 ἔσται,
2351 3996 2428 4068 μὴ
2457 3997 2666 4054 ἐκεῖνοι

1569 4070 1907 4128 ἀποστέωσι.
1959 4076 2116 4127 Conf.
2146 4074 2374 4125 similem
2407 4074 2586 4124 locum
2609 4074 2665 4122 in
2694 4083 2700 4089 '

1573 4148 1822 4210 Xenoph.
1846 4146 2023 4196 Anab.
2046 4146 2112 4208 V,
2145 4147 2194 4202 7,
2217 4147 2268 4196 ⁶2.
2293 4148 2348 4194 et
2369 4143 2499 4200 alia,
2523 4158 2664 4208 quae

1572 4219 1778 4270 excitat
1787 4215 2043 4268 Kuehner
2053 4216 2146 4268 Gr.
2165 4215 2260 4266 Gr.
2273 4216 2323 4276 5.
2339 4214 2458 4275 717,
2483 4214 2529 4265 l.
2545 4217 2660 4263 not.

1936 4335 2069 4386 cin».
2106 4333 2302 4385 CLVI.

1638 4422 1890 4487 Κροῖσος
1925 4413 2029 4486 μὲν
2076 4410 2150 4485 δὴ
2189 4408 2369 4470 ταῦτά
2414 4411 2474 4467 οἴ
2517 4407 2658 4470 ὕπε-
