3109 5092
1295 344 1550 407 OLIO.
1594 345 1646 404 Ι.
1685 354 1776 408 80.
2561 346 2676 407 175

398 514 622 605 πάγου
660 511 1095 607 ὑποθεμένου
1133 515 1380 608 ἀνδρὸς
1414 518 1699 608 .Μήδου,
1739 519 2024 587 τοιόνδε.
2092 513 2243 585 ὅσαι
2282 520 2376 610 τῷ
2415 521 2676 611 στρατῷ

399 625 492 714 τῷ
531 624 789 692 ἑωυτοῦ
817 625 1059 691 ἕποντο
1089 621 1435 712 σιτοφόροι
1464 648 1535 690 τε
1577 622 1689 690 καὶ
1719 618 2126 708 σκευοφόροι
2153 619 2434 709 κάμηλοι
2453 673 2471 706 ,
2512 620 2674 689 ταύ-

401 752 517 804 τας
564 723 777 803 πάσας
823 720 1058 807 ἁλίσας
1105 727 1217 793 καὶ
1272 722 1545 794 ἄπελων
1593 722 1673 793 τα
1717 720 1965 812 αχθεα,
2021 720 2274 814 ἄνδρας
2319 721 2429 793 ἐπ’
2472 720 2679 804 αὐτὰς

314 824 687 949 4οἀνέβησε
729 828 988 897 ἱππάδα
1027 824 1274 918 στολὴν
1313 830 1852 919 ἐνεσταλμένους.
1922 826 2253 906 σκευάσας
2307 827 2382 895 δὲ
2434 823 2680 906 αὐτοὺς

405 933 761 1021 προσέταξε
799 936 914 1021 τῆς
948 929 1151 1020 αλλης
1179 935 1488 1020 στρατιῆς
1528 932 1832 1021 προϊέναι
1871 927 2037 1021 πρὸς
2074 928 2199 1019 τὴν
2225 933 2593 1020 Κροίσου”
2564 956 2675 999 ιπ-

405 1060 556 1119 πον,
583 1039 664 1123 τῇ
691 1033 765 1102 δὲ
795 1034 1068 1128 καμήλῳ
1097 1038 1384 1104 ἔπεσθαι
1410 1033 1529 1104 τόν
1555 1031 1753 1118 πεζὸν
1781 1031 2067 1124 στρατὸν
2093 1036 2391 1103 ἐκεῃλευε
2430 1029 2678 1102 ὄπισθε

407 1137 479 1205 δὲ
522 1142 643 1205 τοῦ
685 1142 886 1221 πεζοῦ
914 1141 1183 1221 ἐπέταξε
1222 1134 1346 1226 τὴν
1385 1143 1611 1207 πᾶσαν
1649 1141 1877 1207 ἵππον.
1942 1132 2032 1217 ὥς
2071 1140 2153 1206 δέ
2172 1141 2242 1206 oc
2263 1136 2505 1216 πάντες
2533 1138 2673 1204 διε-

406 1237 753 1326 τεταχατο,
801 1249 1163 1331 παραίνεσε
1203 1244 1340 1310 τῶν
1381 1241 1507 1329 μὲν
1534 1238 1762 1310 ἄλλων
1787 1245 2039 1310 Λυδῶν
2079 1238 2169 1328 μὴ
2211 1241 2677 1328 φειδομένους,

407 1349 697 1412 κτείνειν
752 1342 968 1414 πάντα
1021 1343 1139 1414 τὸν
1183 1343 1498 1434 ἐμποδών
1538 1343 1934 1432 γινόμενον,
1986 1351 2283 1434 Κροῖσον
2339 1344 2415 1413 δὲ
2469 1339 2679 1411 αὐτὸν

406 1443 496 1535 μὴ
524 1454 849 1534 κτείνειν,
890 1447 1059 1536 μηδὲ
1107 1442 1195 1536 ἦν
1221 1446 1854 1536 συλλαμβανόμενος
1895 1444 2249 1537 ἀμύνηται.
2316 1450 2525 1515 ταῦτα
2553 1446 2679 1533 μὲν

407 1557 790 1645 παραίνεσε.
846 1549 963 1630 τὰς
1005 1551 1078 1620 δὲ
1108 1550 1445 1642 καμήλους
1491 1554 1674 1633 ἔταξε
1705 1548 1899 1619 ἀντία
1924 1556 2040 1641 τῆς
2080 1556 2294 1619 ἵππου
2334 1554 2550 1619 τῶνδε
2581 1553 2676 1618 εἴ·

408 1676 638 1722 νεκεν·
701 1651 998 1743 κάμηλον
1038 1659 1238 1735 ἵππος
1279 1657 1628 1742 φοβέεται,
1689 1657 1800 1723 καὶ
1844 1651 1969 1723 οὐκ
2011 1650 2317 1741 ἀνέχεται
2361 1650 2516 1721 οὔτε
2556 1651 2682 1741 τὴν

409 1759 601 1845 ἰδέην
636 1753 841 1845 αὐτῆς
895 1753 1143 1847 ὁρέων,
1199 1753 1355 1827 οὔτε
1408 1755 1531 1846 τὴν
1580 1755 1799 1847 ὀδμὴν
1848 1755 2402 1847 ὀσφραινόμενος.
2471 1752 2683 1824 αὐτοῦ

411 1858 496 1949 δὴ
540 1850 637 1929 ὧν
663 1859 905 1929 τούτου
952 1866 1212 1931 εἵνεκεν
1239 1860 1667 1948 ἐσεσόφιστο,
1707 1865 1821 1929 ἵνα
1861 1864 1952 1953 τῷ
1975 1866 2249 1953 Κροίσφ
2280 1856 2611 1947 ἄχρηστον
2637 1847 2680 1947 ᾖ

412 2027 493 2076 bri
542 2027 794 2089 afferunt,
850 2029 1194 2079 scribendum
1230 2029 1335 2078 erit
1371 2019 1494 2076 Φώ-

1596 2029 1918 2089 monentem,
1943 2015 2210 2090 ἐμποδών
2224 2040 2346 2076 esse
2373 2024 2512 2075 idem
2536 2024 2683 2089 quod

411 2112 584 2146 καιαν
622 2102 677 2146 et
712 2096 815 2147 hoc
853 2097 972 2153 loco
1010 2104 1065 2150 et
1110 2100 1255 2148 infra
1290 2098 1336 2159 Ι,
1374 2097 1490 2148 164.

1598 2090 1658 2146 ἐν
1699 2096 1891 2145 ποσίν.

418 2168 533 2217 165.
573 2166 673 2216 Cui
692 2167 939 2218 obsecuti
963 2177 1091 2219 sunt
1114 2173 1346 2219 recentt.
1370 2166 1492 2216 edd.

412 2267 481 2276 —-
516 2237 597 2286 De
632 2238 892 2315 Har-pago
927 2239 1040 2289 vid.
1088 2238 1272 2301 1,108
1291 2251 1458 2318 seqq.

483 2295 611 2355 ὅσαι
689 2306 767 2372 τῷ
837 2308 1053 2375 στρατῷ
1134 2306 1213 2375 τῷ
1280 2298 1497 2356 ἑωυτοῦ

414 2370 658 2440 ἕποντο]
697 2372 903 2425 ἕποντο
939 2394 1062 2428 cum
1098 2383 1329 2428 recentt.
1369 2374 1491 2424 edd.

414 2445 700 2495 addicente
770 2445 1287 2498 Schellershemiano
1355 2444 1494 2494 libro

415 2514 658 2565 dedimus
692 2530 790 2579 pro
828 2515 975 2582 vulg.
1016 2514 1288 2566 εἵποντο.
1322 2546 1394 2554 —
1430 2514 1496 2563 In

413 2584 696 2634 antecedd.
754 2589 810 2634 et
861 2601 1011 2651 seqq.
1074 2577 1108 2651 ἡ
1159 2582 1336 2642 ἵππος
1381 2588 1493 2633 est:

413 2657 678 2719 equitatus,
716 2656 927 2719 equites.
977 2656 1062 2707 Cf.
1108 2654 1345 2706 Thomas
1380 2653 1496 2702 Ma-

412 2725 543 2789 gist.
580 2740 634 2788 p.
678 2722 794 2774 169.
846 2724 955 2775 Sed
996 2724 1118 2787 hoc,
1169 2724 1349 2786 credo,
1377 2721 1497 2799 lip-

414 2794 496 2858 pis
533 2808 598 2843 ac
630 2793 941 2844 tonsoribus
967 2800 1175 2845 notum.
1209 2793 1295 2843 Ad
1320 2783 1498 2856 κάμη-

413 2863 510 2919 λος
547 2863 617 2913 cf.
655 2862 935 2915 Schaefer.
972 2864 1043 2914 ad
1065 2864 1256 2942 Long.
1287 2878 1342 2927 p.
1375 2862 1497 2912 374.

411 2931 593 2983 Verba
637 2926 866 2982 ἴππαδα
921 2924 1124 2999 στολὴν
1180 2925 1502 2995 ἐνεσταλμέ-

415 3015 552 3059 νους
586 3002 833 3068 (equestri
861 3003 1032 3053 habitu
1078 3018 1124 3054 s.
1164 3005 1386 3069 equestri
1418 3015 1499 3050 ve·

412 3073 636 3122 seuuemo
681 3076 931 3138 armisque
970 3074 1189 3139 indutos)
1240 3070 1502 3137 explicuit

414 3141 654 3206 Hesych.
713 3156 758 3191 s.
827 3158 881 3192 ν.
946 3143 1248 3194 Bredovius
1310 3158 1365 3207 p.
1430 3140 1498 3192 82

416 3216 607 3261 contra
641 3211 898 3262 librorum
922 3213 1310 3264 auctoritatem
1335 3209 1502 3262 scribi

417 3279 568 3330 iubet
619 3271 1017 3346 ἐσταλμένους,
1071 3283 1327 3348 quoniam
1379 3280 1503 3330 sim·

416 3349 547 3414 plici
575 3349 740 3400 verbo
770 3350 971 3402 Noster
1008 3367 1220 3417 semper
1255 3352 1327 3401 sit
1352 3365 1500 3411 usus,

417 3419 581 3484 idque
661 3425 887 3471 recentt.
966 3421 1089 3472 edd.
1161 3425 1500 3485 receperunt.

416 3489 683 3552 Equidem
720 3505 829 3541 non
862 3491 1041 3553 video,
1070 3507 1165 3541 cnr
1201 3489 1501 3554 composito

416 3558 582 3608 verbo
618 3559 930 3610 Herodotus
967 3561 1071 3611 hoc
1109 3560 1229 3611 loco
1265 3561 1347 3610 uti
1394 3574 1503 3609 non

418 3629 747 3693 potuerit.—
761 3630 1059 3694 Sequentia
1070 3630 1305 3695 respexit
1317 3630 1504 3680 Gram-

419 3703 554 3749 mat.
601 3699 658 3747 in
697 3698 936 3750 Bekkeri
982 3699 1227 3752 Anecdd.
1275 3700 1321 3749 Ι.
1371 3714 1499 3764 pag.

421 3768 540 3845 395,
584 3768 693 3819 16.ε
730 3760 1099 3849 ἆνέβησεν·
1135 3762 1500 3835 ἀνεβίβασεν

421 3825 605 3895 οὕτως
626 3828 958 3903 Ηρόδοτος.
995 3839 1136 3889 Αδδ.
1164 3837 1500 3890 Bachmann.

420 3907 659 3958 Anecdd.
699 3909 746 3959 Ι.
787 3925 840 3973 p.
877 3909 964 3971 88,
991 3910 1043 3962 8.
1082 3909 1241 3959 Conf.
1261 3908 1502 3959 Fischer.

421 3977 722 4028 adWeller.
750 3978 860 4041 111,
895 3994 949 4028 a.
986 3994 1115 4055 pag.
1151 3980 1237 4028 44.
1276 3980 1362 4029 46

421 4075 433 4097 ·
491 4046 732 4096 κτείνειν
767 4042 955 4098 πάντα
990 4040 1091 4097 τὸν
1128 4037 1394 4112 ἐμποδών
1425 4061 1507 4110 γι-

419 4108 687 4197 νόμενον]
714 4117 874 4184 Vulg.
903 4109 1232 4182 γενόμενον.
1271 4115 1377 4167 Sed
1406 4132 1506 4180 γι-

419 4201 498 4236 νο
509 4201 720 4251 μενον
756 4187 963 4238 dabant
985 4186 1228 4252 plerique
1248 4185 1371 4235 libri
1399 4199 1508 4235 una

416 4272 543 4307 cum
604 4256 776 4307 Suida
836 4273 905 4307 ac
967 4257 1177 4308 Thoma
1238 4257 1295 4306 M

415 4327 565 4377 hunc
595 4326 774 4377 locum
812 4327 1108 4378 citantibus
1158 4341 1202 4375 s.
1241 4342 1292 4376 v,
1358 4338 1505 4390 μπο-

411 4388 557 4446 δ’(όν.
594 4396 720 4448 vid.
768 4397 961 4448 Thom.
1014 4396 1238 4462 Magist.
1292 4411 1347 4461 p.
1400 4394 1504 4446 305

1663 2159 1917 2230 κάμηλον
1950 2161 2130 2221 ἵππος
2151 2161 2413 2229 φοβέεται
2448 2178 2500 2213 κ.
2531 2179 2578 2212 τ.
2607 2160 2680 2229 λ.]

1596 2235 1933 2286 Camelorum
1978 2235 2213 2300 speciem
2260 2240 2428 2299 atque
2465 2233 2682 2283 odorem

1597 2321 1764 2371 equos
1800 2304 2150 2355 reformidare
2196 2319 2297 2354 nec
2345 2305 2485 2355 ferre
2528 2309 2684 2367 potu-

1596 2376 1721 2439 isse,
1761 2376 1818 2425 in
1859 2375 2019 2425 huius
2053 2375 2222 2438 ipsius
2266 2374 2460 2439 proelii
2501 2388 2684 2422 narra-

1600 2446 1750 2496 tione
1785 2446 2010 2496 tradunt
2034 2443 2354 2509 Xenophon.
2377 2442 2681 2509 Cyropaed.

1597 2516 1725 2577 Vll,
1757 2518 1802 2579 1,
1827 2517 1911 2565 27.
1950 2513 2258 2579 Polyaenus
2295 2513 2534 2577 Strateg.
2556 2512 2683 2573 VII,

1599 2589 1651 2648 6,
1689 2588 1741 2635 6.
1780 2585 1935 2634 Conf.
1964 2584 2130 2633 etiam
2157 2581 2368 2633 Aelian.
2394 2584 2462 2633 N.
2484 2583 2549 2631 A.
2577 2581 2683 2643 ΙΙΙ,

1600 2656 1628 2703 7
1679 2658 1735 2704 et
1775 2668 1915 2718 quae
1956 2653 2027 2703 ad
2063 2652 2117 2701 h.
2166 2652 2202 2701 l.
2253 2652 2541 2707 adnotazit
2585 2651 2684 2701 Ja-

1601 2723 1733 2774 cobs
1769 2739 1824 2788 p.
1859 2723 1977 2774 100.
2016 2721 2173 2783 Quod
2212 2736 2278 2770 ne
2308 2722 2501 2770 mirum
2538 2719 2686 2769 vide-

1601 2798 1724 2843 atur
1766 2800 1821 2842 et
1855 2807 1890 2842 a
1922 2796 2120 2841 natura
2155 2805 2332 2841 rerum
2368 2788 2684 2850 abhorrens,

1601 2863 1812 2912 monuit
1857 2867 1997 2911 teste
2038 2862 2124 2913 Cr.
2163 2859 2554 2912 Blumenbach.
2608 2857 2687 2923 (in

1603 2933 1925 2982 Commentt.
1998 2930 2188 2980 societ.
2261 2947 2372 2996 reg.
2434 2929 2682 2994 Gotting.

1606 3003 1761 3053 1804.
1810 3016 1936 3067 pag.
1978 3000 2138 3067 186.)‚
2193 3001 2516 3066 cogitandos
2567 3014 2688 3049 esse

1603 3088 1788 3138 equos,
1821 3073 1913 3137 qui
1949 3072 2121 3136 primo
2153 3071 2395 3137 ipsisque
2421 3070 2585 3135 plane
2609 3069 2689 3117 in·

1604 3148 1759 3192 sueto
1807 3141 2133 3191 camelorum
2184 3156 2411 3191 occursu
2460 3154 2690 3204 expave-

1604 3216 1779 3273 scant,
1817 3212 1946 3276 quia
1987 3227 2097 3261 non
2140 3212 2287 3275 prius
2333 3210 2553 3261 camelis
2604 3223 2689 3258 as-

1604 3282 1745 3331 sueti
1782 3282 1985 3331 suerint
2040 3296 2242 3345 eosque
2297 3281 2436 3330 ferre
2488 3279 2690 3329 didice-

1605 3352 1730 3401 rint.
1769 3350 1920 3400 Idem
1960 3365 2174 3414 quoque
2209 3349 2380 3398 tradit
2413 3348 2616 3409 Pallas,
2656 3363 2690 3395 a

1604 3420 1865 3471 Jacobsio
1884 3419 1921 3469 l.
1949 3419 1984 3468 l.
2020 3418 2293 3468 laudatus.
2327 3421 2505 3482 Atque
2529 3416 2690 3482 primi

1604 3490 1812 3541 Arabes
1850 3488 2070 3538 camelis
2105 3488 2161 3536 in
2202 3487 2343 3538 bello
2389 3487 2533 3536 vecti
2568 3500 2689 3534 esse

1604 3560 1876 3619 dicuntur,
1915 3571 2086 3621 eoque
2124 3557 2282 3606 modo
2311 3554 2607 3604 militantes
2633 3554 2689 3602 in

1604 3630 1894 3678 Persarum
1986 3626 2228 3676 exercitu
2322 3625 2687 3674 inveniuntur.

1606 3697 1764 3748 Unde
1821 3695 2012 3746 similis
2064 3696 2339 3760 equitatus
2393 3694 2539 3759 apud
2588 3694 2692 3742 Ba-

1607 3767 1792 3827 ctrios‚
1828 3764 2079 3827 Parthos,
2117 3764 2254 3814 alias
2277 3764 2441 3813 Asiae
2478 3767 2690 3829 gentes.

1605 3838 1691 3886 De
1726 3836 1921 3901 quibus
1958 3835 2044 3884 Cr.
2082 3833 2340 3885 amandat
2389 3832 2458 3884 ad
2494 3834 2690 3883 Gesen.

1606 3906 1665 3955 in
1711 3906 2035 3959 Commentt.
2093 3905 2162 3954 ad
2220 3903 2383 3953 lesai.
2443 3902 2593 3964 XXI,
2640 3903 2691 3951 7.

1606 3991 1735 4041 pag.
1784 3976 1887 4026 660
1940 3991 2054 4039 seq.
2129 3974 2216 4023 Tu
2270 3972 2381 4023 vid.
2426 3971 2693 4022 Herodot.

1609 4045 1738 4107 Vn,
1774 4046 1859 4095 86.
1910 4042 2259 4105 Diodor.11‚
2309 4045 2396 4094 54.
2448 4042 2554 4104 ΙΙΙ,
2603 4041 2690 4091 45.

1608 4116 1839 4180 Appian.
1863 4116 1983 4179 Syr.
2017 4113 2106 4164 32.
2147 4113 2440 4162 Herodian.
2475 4112 2570 4174 IV,
2612 4112 2695 4174 15,

1609 4186 1662 4235 4.
1701 4185 1825 4234 Liv.
1861 4183 2147 4265 XXXVII,
2188 4184 2275 4234 40.

1676 4250 1770 4303 καὶ
1808 4244 1915 4303 οὐκ
1952 4245 2210 4334 ἀνέχεται
2259 4265 2388 4300 ουτε
2433 4241 2538 4313 τὴν
2576 4242 2695 4297 ἰδέ-

1608 4338 1682 4387 ην
1738 4315 1917 4403 αὐτῆς
1966 4313 2171 4386 ὁρεων]
2234 4321 2317 4371 Ad
2364 4323 2697 4369 structuram

1608 4393 1759 4445 verbi
1780 4385 2086 4457 ἀνέχεσθαι
2111 4405 2232 4441 cum
2258 4389 2551 4455 participio
2577 4387 2691 4439 vid.
