3109 5092
1251 347 1505 447 cmo.
1552 389 1604 446 1.
1651 393 1769 448 182.
2055 386 2061 390 ·
2522 379 2645 443 363

282 560 704 649 Θδθηβαιέος
741 558 946 648 γυνή·
993 555 1367 650 ἀμφότεραι
1410 561 1487 630 δὲ
1532 552 1731 630 αὗται
1771 561 2076 648 λέγονται
2113 556 2389 648 ἀνδρῶν
2431 554 2637 628 οὐδα-

368 669 518 752 μῶν
544 665 611 742 ἐς
641 659 910 751 ὁμιλίην
949 668 1193 749 φοιτᾶν
1212 685 1227 699 ·
1273 665 1386 733 καὶ
1414 665 1713 753 κατάπερ
1739 668 1816 734 ἐν
1843 662 2216 753 Πατάροισι
2241 668 2357 750 τῆς
2388 670 2645 752 Λυκίης

371 763 414 857 ἦ
453 766 820 856 πρόμαντις
862 771 985 835 τοῦ
1022 771 1232 852 θεοῦ,
1276 766 1482 837 ἐπεὰν
1525 770 1830 857 γένηται·
1887 764 1970 836 οὐ
2009 764 2139 854 γὰρ
2188 757 2287 835 (ἦν
2325 771 2466 834 αἰεί
2503 768 2642 834 ἐστι

369 869 773 960 χρηστήριον
798 865 1045 939 αὐτόθι
1065 892 1080 905 ·
1129 870 1336 941 ἐπεὰν
1372 872 1449 941 δὲ
1473 876 1782 961 γένηται,
1812 871 1959 940 τότε
1988 861 2087 940 ὦν
2114 875 2642 957 συγκατακληΐε-

372 1039 614 1099 ciuntur3
662 1038 721 1089 id
762 1037 908 1103 quod
954 1037 1100 1090 haud
1143 1039 1344 1089 iniuria
1388 1041 1462 1090 ad

368 1108 677 1158 huiusmodi
704 1112 894 1173 stupra
923 1124 1083 1158 sacra
1110 1108 1343 1160 relatum
1367 1125 1460 1159 vo-

366 1177 507 1240 lunt,
543 1176 1066 1242 haud‘improbaute
1097 1179 1381 1230 Muentero
1417 1179 1455 1230 l.

367 1247 407 1298 l.
452 1263 579 1312 pag.
626 1249 712 1298 72.
802 1247 958 1299 Conf.
1008 1248 1259 1300 (Jreuzer.
1307 1250 1461 1316 Sym-

370 1316 596 1367 bol.11.
634 1333 688 1382 p.
730 1317 788 1367 11
831 1333 983 1383 seqq.
1024 1317 1111 1368 ed.
1147 1322 1275 1369 tert.

442 1383 709 1450 κοιμᾶται
754 1377 815 1434 ἐν
866 1385 948 1445 mi
1003 1384 1113 1435 τοῦ
1164 1380 1306 1444 Διὸς
1352 1386 1458 1439 τοῦ

373 1451 655 1521 Θηβαιέος
687 1447 853 1521 γυνή]
892 1456 1017 1507 vid.
1056 1456 1344 1508 Strabonis
1379 1458 1459 1508 lo-

372 1541 494 1575 cum
529 1524 707 1575 XVII.
749 1540 799 1589 p.
853 1525 1006 1576 1171.
1056 1524 1206 1591 (pag.
1253 1526 1357 1578 816
1403 1529 1454 1577 D

373 1595 460 1645 ed.
495 1590 778 1657 Casaub..)
840 1594 965 1644 Alia
1000 1595 1207 1660 profert
1240 1598 1456 1647 Wesse·

368 1664 602 1728 lingius‚
654 1663 888 1713 laudans
949 1665 1235 1730 praecipue
1290 1666 1456 1717 Cleri-

369 1750 492 1784 cum
530 1733 600 1784 ad
634 1731 858 1783 Hesiod.
899 1734 1048 1784 Theo
1089 1750 1177 1784 on.
1214 1751 1296 1787 vs.
1330 1735 1453 1787 940.

439 1794 673 1866 ἀνδρῶν
731 1792 1004 1866 οὐδαμῶν
1080 1818 1107 1859 ς
1167 1794 1455 1869 ὁμιλίην

373 1869 608 1936 φοιτᾶν]
645 1869 856 1936 φοιτᾶν
898 1871 955 1921 iu
1000 1876 1159 1924 rebus
1204 1876 1451 1926 venereis

368 1945 486 1992 tum
521 1941 586 1991 de
624 1940 743 1990 viro
780 1944 893 1991 tum
937 1942 1003 1993 de
1048 1944 1248 1994 femina
1283 1944 1454 1995 usita-

370 2016 515 2073 tum,
554 2010 732 2075 plures
766 2013 1041 2062 testantur
1062 2013 1199 2074 loci,
1235 2013 1346 2064 vid.
1375 2014 1451 2076 11,

374 2082 401 2132 1
412 2081 434 2131 1
446 2081 468 2131 1
480 2081 525 2130 ,1
539 2080 620 2130 15.
632 2079 817 2145 ibique
825 2081 1064 2134 Gronov,
1082 2088 1137 2133 et
1147 2082 1452 2149 Schweigh.

373 2151 470 2212 IV,
501 2150 677 2214 libiq.
702 2149 1031 2202 Valckenar.
1062 2152 1271 2216 Quibus
1306 2153 1454 2204 aliud

372 2222 462 2272 Cr.
509 2218 694 2269 adiicit
749 2221 1048 2286 exemplum
1098 2239 1127 2272 e
1171 2221 1451 2273 Plutarch.

370 2290 649 2354 Symposs.
685 2289 846 2339 VIII.
883 2305 1008 2357 pag.
1043 2290 1161 2341 718.
1197 2307 1324 2358 pag.
1351 2292 1456 2344 960

370 2357 653 2424 Wyttenb.
683 2387 755 2398 —-
780 2359 976 2410 Fuisse
1002 2364 1181 2411 autem
1209 2361 1307 2412 has
1344 2378 1456 2412 mu-

367 2429 527 2479 lieres
566 2442 749 2478 earum
786 2443 851 2477 ex
878 2445 1099 2494 genere,
1137 2447 1276 2495 quae
1306 2424 1453 2494 [soo-

370 2490 596 2546 δούλων
640 2497 857 2547 nomine
894 2514 989 2563 per
1037 2498 1236 2550 multas
1282 2502 1455 2565 regio-

368 2583 465 2618 nes
490 2566 652 2616 Asiae
688 2568 893 2631 atque
877 2570 1049 2632 ipsius
1086 2569 1348 2621 Graeciae
1369 2587 1455 2621 oc-

370 2639 624 2698 currunt,
669 2634 817 2685 haud
854 2639 1043 2702 negari
1076 2640 1297 2703 poterit.
1371 2642 1454 2691 De

369 2721 478 2773 qua
525 2720 584 2755 re
630 2721 693 2755 eo
728 2705 905 2755 minus
951 2707 1232 2773 disputare
1274 2708 1451 2772 velim,

369 2791 477 2842 quo
513 2775 691 2825 acrius
726 2780 916 2826 nostra
943 2776 1235 2828 admodum
1272 2784 1455 2830 aetate

371 2850 457 2897 est
491 2845 855 2909 disceptatum
888 2847 1032 2897 inter
1066 2848 1257 2898 doctos
1292 2850 1455 2900 Bero-

369 2915 626 2965 linenses.
701 2915 788 2964 Tu
834 2917 980 2968 conf.
1026 2917 1092 2968 A.
1140 2918 1296 2969 Hirt:
1346 2919 1452 2968 Die

367 2983 721 3046 Hierodulen,
747 2985 844 3035 mit
867 2986 1077 3052 Beilag.
1102 3004 1209 3039 von
1232 2988 1452 3038 Boeckh

367 3071 422 3105 u.
451 3055 770 3104 Buttmann.
804 3056 947 3107 Berl.
989 3057 1141 3108 1818.
1194 3057 1240 3107 Ι.
1278 3058 1451 3108 Kreu-

368 3140 482 3175 ser:
519 3125 631 3173 Der
655 3123 1323 3190 Hellenenpriesterstaat,
1354 3128 1453 3176 mit

365 3192 613 3258 vorziigl.
664 3193 966 3245 Riicksicht
1026 3197 1126 3246 auf
1165 3196 1449 3246 Hierodul.

366 3263 572 3313 Mainz.
611 3261 765 3313 1821.
836 3265 970 3327 Hic,
1011 3282 1148 3330 quae
1186 3281 1305 3316 cum
1342 3267 1450 3316 He-

364 3332 607 3384 rodoteis
642 3340 1044 3396 comparentur,
1083 3335 1317 3399 paucula
1354 3335 1450 3385 ad-

365 3403 621 3453 scribam.
691 3402 928 3452 Faciunt
973 3404 1115 3454 enim
1158 3404 1265 3455 huc
1303 3396 1449 3468 ἷερό-

365 3468 564 3521 ὃουλοι
591 3470 861 3521 Anaitidis
886 3472 1200 3537 Armeniae,
1242 3474 1450 3524 itidem-

365 3557 471 3607 que
530 3539 893 3592 Comanenses
962 3512 1283 3606 ἷερόὸοόλοι
1352 3559 1449 3592 sex

363 3609 527 3671 mille,
565 3609 692 3672 alia,
729 3626 870 3676 quae
896 3612 1195 3677 attigerunt
1221 3613 1449 3662 Creuze-

363 3697 456 3731 rus
484 3677 724 3743 Symbol.
756 3681 833 3730 ΙΙ.
873 3697 927 3746 p.
954 3682 1037 3732 11.
1064 3681 1168 3732 352
1192 3697 1306 3747 seq.
1345 3684 1407 3730 47
1413 3682 1447 3730 Ο

368 3755 425 3801 et
460 3751 704 3800 Movers:
742 3750 849 3799 Die
882 3751 1227 3803 Phoeniz.1.
1254 3769 1305 3817 p.
1345 3750 1447 3802 677

363 3835 480 3884 seq.
518 3818 659 3880 686.
701 3822 761 3868 ut
785 3818 989 3870 Isiacae
1006 3824 1279 3872 sacrm-iae
1303 3824 1449 3871 lenae

361 3890 419 3939 in
455 3888 588 3939 urbe
621 3889 893 3950 Romana,
932 3890 1334 3941 Corinthiorum
1368 3891 1449 3941 in-

362 3959 562 4010 stituta
597 3926 956 4020 ἴεροὸουλίας
999 3965 1054 4010 et
1087 3960 1448 4010 Hetaerarum

362 4028 600 4078 societas
645 4027 872 4078 Athenis
920 4043 953 4078 a
998 4028 1195 4080 Solone
1246 4029 1450 4080 consti-

362 4101 503 4147 tuta.
575 4095 702 4148 Vid.
748 4096 811 4147 O.
849 4097 915 4147 F.
960 4098 1266 4149 Hermann.
1315 4098 1449 4150 Got-

360 4165 669 4216 tesdienstl.
720 4165 953 4217 Alterth.
993 4170 1044 4230 §-
1083 4168 1167 4220 20.
1216 4171 1328 4218 not.
1379 4168 1447 4219 16

361 4240 418 4286 et
461 4233 591 4285 add.
639 4234 902 4284 Rosellini
951 4237 1290 4288 Monumenti
1339 4241 1449 4288 sto·

360 4304 462 4355 rici
493 4304 615 4368 I..p.
641 4304 762 4355 216.
783 4306 850 4357 L.
870 4306 1060 4357 Ross.:
1088 4305 1445 4372 Archaeolog.

358 4374 590 4439 Anaeig.
642 4374 796 4425 1850.
844 4391 898 4440 p.
939 4375 1062 4426 228.
1140 4377 1293 4439 Quae
1339 4391 1447 4425 om-

359 4444 454 4497 nia
488 4442 548 4495 id
581 4458 748 4495 unum
794 4446 1077 4509 evincunt,
1123 4461 1232 4496 non
1265 4445 1449 4515 singu-

1561 1040 1677 1091 lare
1700 1039 1971 1106 quoddam
2006 1036 2181 1088 videri
2210 1034 2315 1085 hoc
2336 1033 2646 1086 institutum

1564 1110 1631 1161 de
1682 1109 1996 1159 mulieribus
2041 1107 2214 1157 sacris
2260 1105 2316 1154 in
2352 1105 2469 1156 Beli
2515 1111 2645 1156 tem-

1560 1179 1678 1246 plo,
1724 1194 1912 1229 verum
1963 1193 2030 1228 ex
2082 1175 2352 1226 communi
2402 1175 2644 1240 gentium

1560 1250 1849 1332 praecipue
1861 1248 2223 1298 Asiaticarum
2237 1245 2643 1309 superstitione,

1561 1335 1668 1385 qua
1708 1319 1951 1383 virgines
1998 1318 2081 1366 ita
2135 1315 2238 1367 diis
2296 1319 2646 1365 consecratas

1559 1388 1859 1450 voluerint,
1923 1388 2025 1437 hoc
2080 1400 2201 1435 esse
2266 1384 2641 1448 repetendum.

1563 1459 1743 1520 Quare
1779 1458 1871 1507 vix
1909 1473 2045 1521 opus
2073 1455 2177 1505 erit
2212 1453 2282 1503 ad
2318 1454 2520 1504 similes
2555 1456 2644 1504 In-

1560 1529 1750 1578 dorum
1815 1543 1881 1577 ac
1935 1524 2398 1576 Brachmanarum
2462 1539 2645 1589 super-

1556 1598 1810 1647 stitiones
1844 1596 2092 1660 refugere
2135 1593 2369 1658 indeque
2413 1592 2647 1659 Babylo·

1556 1668 1767 1717 niorum
1794 1667 2051 1716 instituta
2087 1663 2389 1727 explicare,
2428 1669 2488 1713 ut
2523 1680 2645 1728 pro·

1554 1738 1712 1802 ponit
1745 1734 2021 1785 Wheeler.
2073 1733 2402 1798 Geography
2436 1733 2498 1783 of
2536 1734 2643 1784 He-

1558 1807 1736 1857 rodot.
1775 1821 1829 1870 p.
1866 1805 1988 1855 261.

1627 1865 1799 1924 ἐπεαν
1830 1867 1892 1922 δὲ
1926 1868 2177 1937 γένηται]
2202 1886 2282 1921 sc.
2317 1857 2353 1933 ἦ
2389 1860 2643 1936 πρόμαν-

1554 1960 1663 2006 τις,
1724 1943 1925 2009 quando
1981 1942 2174 1992 seilicet
2214 1940 2435 2002 fatidica
2493 1941 2644 1991 adest

1551 2014 1795 2064 sacerdos
1812 2014 2119 2075 orac-utaque
2136 2010 2254 2060 edit.
2297 2010 2484 2060 Refert
2501 2011 2643 2060 enim

1558 2083 1777 2135 Servius
1818 2082 1888 2132 ad
1921 2078 2116 2145 virgil.
2193 2079 2328 2129 Aen.
2376 2079 2472 2138 IV,
2521 2080 2639 2145 143,

1554 2152 1860 2217 Apollinem
1890 2166 1984 2200 sex
2011 2149 2285 2201 mensibus
2316 2148 2640 2201 hiemalibus

1558 2223 1702 2287 apud
1725 2224 1948 2283 Patara,
1967 2220 2171 2285 Lyciae
2187 2218 2481 2281 civitatem,
2512 2219 2641 2271 dare

1555 2306 1838 2357 responsa,
1870 2292 2014 2342 unde
2041 2291 2306 2340 Patareus
2337 2288 2531 2354 Apollo
2560 2290 2641 2339 di-

1555 2367 1737 2426 catur,
1786 2377 1881 2413 sex
1915 2360 2189 2411 mensibus
2230 2359 2459 2408 aestivis
2497 2361 2641 2426 apud

1554 2432 1770 2481 Delum.
1851 2431 1987 2481 Inde
2035 2431 2214 2480 Delius
2273 2435 2326 2480 et
2385 2429 2642 2481 Patareus

1555 2501 1745 2564 Apollo
1782 2501 1925 2565 apud
1957 2501 2155 2549 Horat.
2184 2498 2412 2548 Carmm.
2449 2498 2555 2559 111,
2586 2502 2638 2562 4,

1555 2571 1641 2632 64,
1680 2570 1774 2621 ubi
1806 2570 1920 2621 vid.
1954 2571 2259 2632 interprett.
2290 2568 2507 2618 Etenim
2536 2570 2640 2619 Pa-

1555 2646 1680 2690 tara
1714 2639 1859 2703 apud
1893 2643 2106 2688 veteres
2132 2636 2474 2687 celebrantur
2498 2640 2640 2688 anti·

1554 2709 1818 2775 quissima
1861 2708 2020 2758 sedes
2064 2704 2329 2769 Apollinis
2377 2706 2640 2757 eiusdem·

1556 2794 1662 2843 que
1704 2793 1980 2828 sacrorum
2025 2792 2054 2825 e
2095 2774 2286 2839 Creta,
2333 2779 2394 2825 ut
2428 2774 2637 2840 volunt,

1554 2864 1589 2898 a
1637 2848 1860 2899 Graecis
1908 2847 2013 2897 huc
2061 2844 2467 2895 translatorum.
2552 2847 2638 2896 Tu

1555 2918 1700 2968 conf.
1742 2919 1802 2968 C.
1842 2916 1909 2968 Ο.
1953 2914 2149 2966 Miiller
2183 2915 2315 2964 Dor.
2353 2914 2402 2965 1.
2436 2930 2491 2979 p.
2533 2917 2638 2967 216

1553 3002 1689 3051 seq.;
1747 2987 1814 3037 de
1857 2985 2110 3052 Apolline
2163 2984 2335 3049 Lycio
2385 2985 2638 3037 dixerunt

1556 3057 1787 3108 Creuzer
1831 3056 1889 3106 in
1941 3053 2182 3121 Symbol.
2233 3054 2312 3104 ΙΙ.
2359 3070 2484 3119 pag.
2534 3057 2638 3110 536

1553 3141 1669 3191 seq.
1742 3125 1976 3176 Preller:
2011 3123 2224 3176 Griecb.
2253 3124 2554 3192 Mytbolog.
2583 3123 2634 3177 I.

1551 3212 1606 3260 p.
1646 3195 1742 3246 161
1780 3211 1896 3260 seq.
1976 3197 2060 3245 De
2102 3194 2317 3246 Pataris
2363 3195 2497 3246 urbe
2546 3212 2637 3247 ve·

1550 3270 1726 3316 terum
1761 3265 2086 3330 scriptorum
2109 3262 2260 3312 locos
2292 3264 2477 3313 attulit
2505 3265 2637 3316 For·

1551 3336 1729 3400 biger:
1782 3333 2003 3384 Handb.
2050 3333 2103 3383 d.
2154 3332 2248 3381 alt.
2306 3334 2503 3397 Geogr.
2556 3334 2636 3386 11.

1553 3421 1607 3469 p.
1646 3404 1749 3454 255
1768 3418 1921 3468 seqq.
1972 3401 2368 3465 Inscriptiones
2390 3403 2630 3452 Graecas

1553 3472 1772 3524 exhibet
1832 3473 1994 3535 Corp.
2050 3471 2224 3522 Inscr.
2284 3470 2376 3521 Gr.
2424 3474 2466 3520 t.
2527 3471 2633 3523 111.

1554 3559 1635 3593 nr.
1687 3539 1825 3592 4279
1873 3555 1985 3605 seq.
2061 3538 2252 3589 Adhuc
2306 3555 2416 3589 non
2474 3538 2636 3604 longe

1552 3628 1587 3662 a
1621 3611 1785 3660 maris
1821 3609 1971 3671 sinu,
2009 3610 2098 3659 cui
2120 3623 2314 3657 nomen
2343 3608 2635 3674 Kalamalci,

1550 3680 1750 3730 veteris
1772 3679 1921 3728 urbis
1943 3679 2132 3727 ruinae
2161 3682 2469 3740 cernuntur,
2500 3695 2633 3744 quas

1549 3752 1807 3800 accurate
1876 3746 2273 3812 perlustrat-unt
2342 3752 2507 3812 atque
2567 3765 2634 3799 ex

1549 3824 1706 3886 parte
1752 3816 2053 3868 delineatas
2116 3831 2330 3881 quoque
2383 3816 2635 3869 exhibue-

1550 3894 1677 3940 runt
1720 3886 1979 3948 Fellows‚
2028 3886 2159 3936 Asia
2205 3886 2381 3936 minor
2425 3903 2477 3952 p.
2531 3891 2634 3940 222

1551 3974 1666 4024 seq.
1741 3957 1916 4021 Lycia
1951 3972 2004 4021 p.
2035 3954 2134 4006 179
2160 3970 2309 4021 seqq.
2335 3961 2392 4006 et
2415 3958 2632 4010 Texicr.

1551 4028 1829 4092 Descript.
1856 4025 2110 4076 del'Asie
2143 4026 2269 4077 min.
2297 4026 2403 4078 111.
2429 4044 2483 4092 p.
2514 4028 2633 4080 191.

1553 4097 1635 4149 Pl.
1676 4095 1778 4148 179
1824 4107 1976 4160 seqq.
2072 4086 2388 4159 πρόμαντις
2448 4097 2635 4148 eadem

1549 4165 1777 4230 Delphis
1814 4166 2078 4228 occurrit,
2119 4180 2219 4215 nec
2255 4165 2433 4217 differt
2470 4167 2636 4231 signi-

1547 4235 1802 4286 ficatione
1829 4250 1863 4286 a
1892 4249 2024 4285 voce
2045 4233 2329 4301 προφῆτις
2354 4235 2451 4298 (cf.
2477 4235 2632 4297 VIII,

1548 4304 1618 4356 36
1655 4305 1837 4370 ibique
1863 4303 2045 4368 notia),
2082 4319 2406 4369 quamquam
2433 4304 2527 4353 alii
2555 4304 2633 4354 di-

1548 4375 1755 4440 stingui
1788 4373 2124 4424 contendunt
2161 4374 2306 4423 inter
2348 4377 2634 4455 utramque

1548 4460 1758 4498 vocem.
1830 4441 1989 4496 Conf.
2039 4442 2108 4494 de
2151 4457 2287 4492 voce
2319 4435 2634 4510 πρόμαντις
