3109 5092
1262 370 1514 433 OLIO.
1559 373 1613 433 I.
1660 381 1782 438 167.

381 545 670 633 ταύτην,
724 541 867 634 ἥτις
922 549 1056 616 νῦν
1092 540 1282 634 Ὑέλη
1327 546 1655 617 καλέεται.

2534 369 2660 433 329

1748 552 2019 618 ἔκτισαν
2073 546 2149 617 δὲ
2192 545 2447 635 ταύτην
2497 547 2662 634 πρὸς

380 647 628 736 ἀνδρὸς
663 649 1222 739 Ποσειδωνιήτεω
1252 650 1619 739 μαθόντες,
1673 643 1764 732 ὥς
1793 649 1913 720 τὸν
1953 650 2228 740 Κύρνον
2272 673 2394 740 σφι
2429 647 2471 740 ἡ
2508 661 2656 721 Hv-

301 831 306 836 ,
384 760 508 842 θίη
546 759 782 841 ἔχρησε
819 759 1041 823 κτίσαι
1073 749 1260 844 ἥρων
1302 753 1529 840 ἐόντα,
1574 750 1712 824 ἀλλ’
1755 751 1839 824 οὐ
1876 752 2002 844 τὴν
2035 758 2263 844 νῆσον.
2346 761 2662 846 Φωκαίης

382 955 732 1006 Miinzkunde
758 955 834 1006 11.
856 970 941 1007 nr.
965 955 1047 1006 11.
1069 971 1124 1021 p.
1150 955 1268 1007 114.
1315 957 1473 1008 Unus

382 1025 636 1076 Dindorf.
661 1025 833 1076 edidit
854 1019 1110 1076 ἔκτισαν.
1164 1026 1357 1106 Neque
1382 1027 1473 1078 ob-

384 1100 535 1148 stant
552 1095 723 1145 verba
747 1089 974 1145 ἔκτισαν
994 1089 1059 1144 ds
1080 1110 1313 1160 ταυτην,
1352 1097 1393 1148 1.
1422 1113 1471 1148 3.

380 1167 511 1216 hanc
553 1181 675 1217 vero
719 1165 888 1215 urbem
937 1166 1273 1217 condiderunt
1312 1182 1355 1216 s.
1393 1182 1474 1218 33-

383 1238 563 1288 loniam
618 1237 670 1286 in
724 1235 855 1286 hanc
901 1235 1071 1287 urbem
1128 1235 1469 1300 deduxerunt,

382 1306 547 1356 edocti
579 1322 613 1355 a
646 1305 758 1355 viro
791 1305 1125 1356 Posidonium
1162 1308 1268 1356 etc.
1333 1307 1473 1358 Con-

382 1376 532 1441 gruit
592 1376 770 1441 ipsum
828 1374 979 1425 urbis
1038 1391 1267 1438 nomen,
1328 1377 1475 1441 qnod

383 1446 595 1511 origine
639 1447 934 1495 Etruscum
979 1444 1037 1494 in
1083 1443 1246 1495 huius
1293 1447 1473 1510 gentis

381 1515 744 1567 monumentis
781 1515 1018 1565 occurrit
1047 1511 1335 1581 (FEAIA).
1383 1516 1474 1566 Vi-

382 1586 451 1637 de
486 1586 756 1636 Muenter.
791 1583 953 1636 Velia
975 1599 1102 1649 pag.
1135 1584 1217 1646 15,
1254 1586 1347 1649 qni
1370 1585 1475 1636 hoc

381 1657 589 1707 factum
615 1670 736 1705 esse
759 1656 1037 1705 existimat
1057 1669 1200 1705 anno
1225 1656 1326 1708 553
1347 1660 1476 1707 ante

383 1723 509 1777 Chr.
547 1741 601 1775 3.
676 1726 762 1776 Ex
794 1725 913 1790 ipso
947 1729 1133 1775 tamen
1153 1726 1372 1776 nomine
1394 1726 1475 1775 ni-

380 1794 459 1846 hil
505 1794 818 1846 istiusmodi
860 1793 1112 1846 concludi
1156 1810 1317 1860 posse
1354 1794 1474 1846 vult

381 1866 444 1916 C.
483 1864 550 1916 0.
604 1863 853 1915 Mueller.
900 1866 1121 1915 Etrusc.
1176 1865 1222 1914 1.
1273 1881 1328 1930 p.
1376 1867 1472 1918 170

381 1934 678 1987 3311.191.
752 1935 862 1986 Sed
910 1935 1029 1998 ipse
1074 1950 1127 1999 p.
1165 1934 1269 1985 412
1312 1934 1473 1986 affert

378 2007 645 2056 Etruscas
692 2019 858 2056 voces
893 2004 1011 2067 Fet,
1066 2003 1211 2054 Felice
1246 2002 1466 2072 (Velia).

382 2069 672 2138 Οἰνωτρίη
702 2079 849 2126 terra
870 2090 983 2124 non
1002 2074 1278 2138 universa,
1309 2090 1471 2141 quam

381 2160 483 2195 nos
517 2144 766 2208 dicimus,
805 2143 971 2195 ltalia
1003 2147 1106 2205 est,
1141 2159 1329 2196 verum
1354 2146 1469 2196 eius

380 2229 508 2278 pars
529 2213 799 2280 quaedam
816 2213 1092 2276 australis,
1115 2229 1276 2279 qnam
1293 2216 1470 2280 ipsam

382 2281 696 2335 Herodotus
742 2284 933 2335 Italiae
977 2298 1193 2348 quoque
1253 2286 1472 2336 nomine

385 2353 751 2420 consignavit.
822 2353 947 2406 Vid.
986 2352 1219 2405 Bredov.
1258 2355 1313 2404 in
1335 2355 1473 2405 Ura-

384 2423 568 2489 nolog.
604 2423 871 2475 Herodot.
897 2439 1027 2488 pag.
1050 2424 1254 2474 XXVI.
1313 2424 1475 2475 Unde

382 2493 613 2556 leg-imus
660 2493 807 2560 apud
849 2493 1119 2544 Ammian.
1171 2492 1474 2546 Marcellin.

385 2564 505 2626 XV,
541 2562 592 2614 9.
637 2567 688 2627 5.
727 2567 789 2626 7,
836 2562 935 2614 ubi
979 2563 1093 2614 vid.
1130 2563 1474 2629 interpretes,

384 2632 818 2685 Phocaeensium
880 2635 1108 2684 istorum
1186 2632 1475 2684 nonnullos

384 2703 445 2753 in
480 2703 714 2754 Lucania
742 2702 952 2755 Veliam
989 2701 1314 2754 condidisse.
1380 2702 1476 2754 Oe-

386 2775 523 2823 notri
566 2773 707 2823 enim
758 2772 885 2823 olim
940 2772 1267 2838 habitabant
1315 2774 1477 2824 Brut-

385 2844 524 2893 tium
559 2858 750 2908 agrum
787 2848 842 2893 et
877 2844 1175 2894 Lucaniam
1195 2880 1209 2906 ,
1257 2847 1312 2894 et
1347 2847 1475 2893 ante

388 2911 726 2965 Sabellorum
751 2913 1089 2964 invasionem
1112 2928 1208 2962 ora
1228 2912 1476 2964 occiden-

386 2981 516 3033 talis
559 2998 775 3049 quoque
809 2998 983 3048 usque
1020 2981 1088 3033 ad
1125 2982 1476 3035 Posidoniam

389 3052 686 3103 Oenotriae
712 3051 1190 3104 adnumerabatur.
1237 3054 1322 3104 Cr.
1349 3066 1476 3102 con-

390 3123 497 3172 fert
543 3123 805 3174 Niebuhr.
854 3123 1043 3174 Roem.
1090 3121 1288 3173 Gesch.
1332 3121 1379 3171 1.
1418 3138 1474 3186 p.

392 3191 476 3242 16.
528 3191 597 3242 58
643 3192 729 3243 ed.
767 3193 992 3244 secund.
1071 3191 1158 3240 Tu
1192 3191 1306 3243 vid.
1346 3191 1477 3241 For-

390 3262 546 3324 biger
582 3260 619 3313 1.
657 3261 696 3313 l.
734 3277 860 3326 pag.
899 3260 1003 3312 536
1039 3276 1154 3326 seq.
1197 3260 1320 3312 coll.
1354 3259 1476 3323 489,

391 3332 483 3396 qui
502 3330 773 3382 Oenotros
792 3331 865 3381 ad
881 3330 1223 3395 Pelasgicam
1246 3348 1290 3382 s.
1314 3330 1479 3382 Grae-

382 3407 509 3451 ‘cam
547 3400 717 3452 refert
751 3401 996 3465 stirpem.
1043 3399 1233 3451 Micali
1268 3400 1481 3467 (Storia

392 3476 499 3522 etc.
551 3470 598 3522 1.
644 3487 700 3536 Ρ.
747 3470 834 3521 55.
880 3468 991 3530 316,
1030 3469 1210 3535 seqq.)
1273 3468 1481 3520 mavult

390 3539 610 3591 eosdem
657 3539 728 3591 ad
764 3538 966 3591 033313
1012 3543 1226 3605 gentem
1272 3537 1481 3605 indige-

388 3626 515 3662 nam
554 3624 830 3661 revocare.

456 3667 583 3744 ἥτις
619 3676 729 3728 νῦν
756 3668 916 3742 ‘Tan
950 3675 1230 3743 καλέεται]
1274 3679 1378 3727 Est
1416 3691 1482 3726 ea

388 3750 542 3810 urbs,
601 3764 741 3813 quae
778 3752 836 3799 et
868 3748 1002 3799 Elea
1038 3751 1093 3797 et
1136 3749 1287 3798 Velia
1320 3760 1482 3795 voca-

388 3824 506 3881 tur-3
547 3819 694 3882 quod
729 3820 870 3869 enim
910 3834 940 3868 e
963 3816 1238 3897 Stephano
1269 3816 1483 3881 Byzan-

390 3889 507 3938 tino
548 3885 854 3938 advocatur
890 3878 1139 3944 Θύελλα,
1178 3890 1364 3935 natum
1402 3884 1482 3932 vi·

392 3958 548 4008 detur
583 3973 650 4007 ex
680 3955 981 4007 ΟΤΕΛΛΑ
1011 3955 1151 4006 male
1176 3955 1367 4019 scripti
1394 3968 1482 4005 co-

392 4027 526 4077 dicis
576 4030 673 4076 aut
718 4024 1028 4086 ΟΤΕΛῙΑ,
1084 4029 1146 4074 31
1186 4023 1323 4075 bene
1370 4023 1481 4072 iam

391 4096 706 4148 observavit
749 4093 1166 4174 Wesselingius.
1249 4094 1335 4143 De
1387 4107 1481 4142 no-

390 4166 534 4216 mine
578 4165 733 4216 urbis
777 4154 939 4227 ’Τέλη
984 4179 1031 4214 3.
1071 4153 1229 4211 Ἐλέα
1266 4176 1481 4212 monue-

388 4241 535 4297 runt,
558 4236 722 4286 utor.
740 4236 917 4295 notat,
939 4230 1264 4283 Mazocchi'
1248 4248 1306 4281 m
1324 4230 1480 4281 Com·

390 4308 583 4355 133311.
620 4303 690 4354 ad
719 4302 898 4354 Tabb.
928 4300 1312 4353 Heracleenss.
1345 4315 1474 4364 pag.

389 4375 478 4425 43.
502 4373 623 4425 120.
650 4372 754 4424 516
779 4387 894 4436 seq.
954 4370 1170 4422 Rasche
1204 4370 1262 4419 in
1286 4369 1477 4420 Lexic.

390 4444 469 4493 rei
503 4458 716 4493 numar.
753 4446 890 4492 vett.
928 4441 996 4493 T.
1023 4440 1091 4491 V.
1127 4440 1279 4490 Part.
1314 4437 1393 4492 11.
1419 4453 1473 4502 p.

1579 956 1690 1008 ’797-
1718 972 1860 1023 seq„
1903 961 1960 1008 et
1994 972 2135 1023 quae
2177 956 2235 1007 in
2268 955 2504 1009 831131113
2538 957 2662 1009 Pla-

1576 1028 1775 1078 tonicis
1832 1026 1905 1077 ad
1955 1027 2028 1077 8ο
2033 1027 2246 1092 phistae
2297 1027 2512 1077 initium
2553 1033 2663 1078 tra-

1577 1098 1780 1148 duntur
1811 1112 1940 1162 pag.
1977 1044 2066 1148 35p
2093 1094 2217 1147 3311.
2253 1112 2379 1162 pag.
2422 1096 2489 1147 78
2525 1097 2660 1149 Cod.

1578 1167 1762 1218 Clark.
1800 1165 1888 1217 ed.
1936 1166 2210 1217 Gaisford.
2262 1166 2528 1218 Graecum
2576 1183 2664 1217 ur-

1574 1237 1661 1287 bis
1695 1252 1916 1298 nomen,
1957 1236 2117 1301 quale
2139 1236 2453 1287 Herodotus
2491 1236 2662 1300 effert,

1577 1307 1634 1357 in
1670 1306 1921 1357 omnibus
1956 1307 2133 1357 numis
2167 1308 2461 1370 reperitur,
2514 1312 2663 1372 post-

1575 1376 1735 1427 modo
1799 1375 1951 1426 varie
2020 1377 2456 1441 pronuntiatum,
2518 1379 2662 1428 unde

1578 1447 1743 1497 etiam
1786 1446 1843 1496 in
1891 1445 2162 1510 scriptura
2205 1447 2508 1509 variatum,
2554 1463 2664 1497 mo-

1576 1520 1741 1567 nente
1775 1517 2060 1566 Muentero
2095 1514 2169 1578 (V
2171 1515 2277 1567 elia
2306 1517 2362 1566 in
2383 1518 2664 1568 Lucanieu

1575 1602 1702 1652 pag.
1741 1583 2008 1648 20-22),
2061 1586 2154 1651 qui
2190 1586 2347 1636 varia
2379 1585 2507 1637 11133
2542 1592 2663 1638 orta

1576 1657 1727 1708 urbis
1796 1655 2019 1705 nomina
2083 1660 2349 1706 recenset.
2447 1656 2664 1708 Latinis

1578 1725 1934 1791 scriptoribus
1995 1729 2059 1775 ut
2118 1724 2407 1790 plurimum
2463 1726 2664 1777 dicitur

1584 1798 1752 1848 Velia.
1835 1795 2051 1844 Paucas
2102 1794 2281 1845 adhuc
2337 1795 2487 1846 urbis
2535 1796 2662 1846 olim

1574 1863 2049 1931 splendidissimae
2120 1865 2306 1914 ruinas
2380 1880 2664 1929 superesse

1576 1935 1822 1987 scribunt
1855 1949 1966 1984 non
2002 1932 2166 1999 longe
2212 1934 2280 1983 ab
2318 1950 2382 1985 eo
2413 1933 2535 1985 1333
2582 1951 2664 1986 re-

1573 2010 1781 2066 motas,
1828 2003 1918 2054 cui
1960 2018 2106 2054 nunc
2153 2019 2350 2055 nomen
2389 2004 2591 2056 Castell'
2629 2021 2665 2056 α

1571 2091 1712 2126 mare
1746 2075 1884 2126 della
1918 2073 2143 2124 Brucea.
2215 2073 2661 2140 Vid.1·'orbiger.

1573 2145 1679 2198 1.1.
1709 2161 1763 2210 p.
1795 2143 1896 2195 762
1922 2158 2058 2208 seq„
2095 2143 2188 2209 qui
2224 2148 2465 2196 veterum
2504 2148 2560 2196 31
2582 2161 2664 2196 re-

1577 2216 1877 2267 centiorum
1901 2180 2226 2294 scrip’torum
2248 2212 2400 2265 13333
2425 2214 2662 2266 exhibet.

1644 2275 1721 2343 ὥς
1774 2275 1878 2334 τὸν
1924 2274 2159 2343 Κυρνον
2215 2295 2317 2339 σφι
2372 2274 2409 2349 ἡ
2460 2283 2664 2350 Πυθίη

1576 2350 1775 2419 ἔχρησε
1809 2351 2019 2419 κτίσαι]
2056 2344 2159 2403 τὸν
2184 2349 2421 2416 Κύρνον
2460 2354 2664 2418 κτίσαι,

1575 2426 1794 2475 condere
1829 2425 2063 2487 Οῃηιωπ,
2099 2423 2139 2475 1.
2166 2439 2214 2474 3.
2243 2425 2459 2489 Cyrnum
2492 2432 2550 2475 nt
2578 2425 2666 2477 113-

1575 2510 1712 2545 roem
1755 2497 1924 2544 colere
1970 2495 2135 2544 sacris
2186 2496 2237 2544 m
2282 2498 2389 2545 eius
2432 2494 2666 2545 honorem

1576 2566 1829 2615 iroetitutis.
1900 2563 1990 2613 Ita
2010 2561 2161 2612 nulla
2195 2564 2250 2612 in
2276 2562 2397 2614 loco
2436 2563 2668 2615 difficul-

1578 2638 1667 2684 tas
1705 2637 1801 2683 aut
1838 2632 2177 2695 obscuritas,
2229 2647 2330 2683 333
2376 2631 2490 2682 3113
2531 2650 2666 2698 opus

1579 2703 1911 2764 mutatione,
1951 2700 2165 2767 qualem
2198 2716 2253 2751 v.
2278 2718 2327 2752 3.
2355 2717 2525 2767 nuper
2546 2719 2666 2767 pro·

1578 2773 1764 2838 posuit
1808 2771 2020 2834 Steger.
2067 2772 2126 2820 in
2161 2771 2406 2822 Praefat.
2451 2771 2524 2822 ad
2557 2773 2668 2823 I-Ie-

1580 2842 1756 2893 rodot.
1793 2856 1849 2905 p.
1882 2842 1965 2890 Χ.
2021 2828 2098 2897 ὥς
2139 2831 2242 2892 τὸν
2281 2832 2518 2922 Κύρνον
2557 2854 2666 2925 σφι

1578 2903 1649 2992 ἡ
1657 2910 1729 2960 Π.
1734 2905 1878 2991 ἔχρ.
1915 2911 2066 2959 τῖσαι
2103 2897 2262 2973 ἥρων
2297 2903 2488 2976 ἐόντα,
2542 2902 2665 2960 ἄλλ’

1580 2971 1650 3030 οὔ
1660 2972 1795 3060 τὴν
1832 2976 2012 3059 νῆσον
2045 2977 2251 3029 κτίσαι.

1617 3037 1839 3131 ἥρων
1876 3040 2107 3115 ἐόντα]
2146 3049 2466 3101 Accusativi
2493 3050 2669 3101 forma

1578 3109 1788 3186 (ἤρων)
1824 3118 1971 3170 haud
1995 3119 2276 3180 mutanda,
2292 3119 2562 3200 quamvis
2594 3119 2672 3170 31-

1579 3196 1700 3240 tera
1746 3204 1962 3254 quoque
2021 3189 2196 3240 forma
2259 3157 2464 3254 (ἥρωα)
2522 3189 2670 3254 apud

1579 3261 1839 3311 Nostrum
1864 3259 2180 3309 inveniatur
2205 3258 2282 3318 Π,
2311 3258 2426 3311 143.
2453 3258 2666 3320 V1,69.

1582 3328 1742 3391 Quod
1761 3332 1908 3378 reete
1927 3329 2137 3378 monuit
2152 3295 2388 3378 Bredov.
2405 3343 2532 3393 pag.
2539 3295 2669 3379 '25st

1584 3400 1705 3461 Quo
1728 3397 1917 3448 eodem
1944 3401 2169 3447 auctore
2192 3412 2244 3461 p.
2270 3397 2388 3449 112.
2408 3412 2533 3446 mox
2555 3396 2672 3446 vul-

1584 3471 1768 3531 gatam
1805 3480 1957 3514 ουτω
1993 3467 2278 3526 revocavi,
2328 3480 2489 3529 qnam
2516 3465 2672 3515 Gais-

1584 3536 1725 3589 ford.
1760 3535 2023 3585 librorum
2060 3533 2398 3614 quorundam
2438 3534 2672 3584 auctori-

1583 3610 1701 3657 tate
1734 3607 2047 3655 mutaverat
2079 3605 2137 3653 in
2172 3617 2370 3659 ουτως.
2442 3601 2582 3653 Add.
2621 3604 2669 3667 1,

1589 3675 1706 3726 176.
1781 3673 2048 3737 Cyrnum,
2096 3670 2351 3723 Herculis
2385 3670 2555 3722 filium
2576 3710 2589 3736 ,
2637 3688 2672 3723 a

1586 3760 1693 3809 qno
1720 3743 1928 3792 Graece
1960 3742 2176 3792 dicatur
2214 3741 2435 3792 Corsica
2470 3740 2670 3804 insula,

1584 3813 1832 3863 nominat
1887 3811 2111 3862 Servius
2169 3810 2241 3860 ad
2302 3809 2498 3873 virg-ss.
2549 3811 2668 3864 Ecl.

1583 3883 1690 3944 IX,
1729 3879 1826 3942 3ος
1878 3880 2021 3945 qnod
2060 3895 2156 3931 cur
2199 3883 2364 3946 neget
2397 3879 2671 3945 Schwgh„

1584 3952 1834 4017 equidem
1854 3966 1963 4000 non
1992 3949 2282 4015 perspicio.
2331 3950 2557 4001 Rectius
2580 3950 2673 4002 ille

1581 4020 1793 4073 iudicat
1830 4019 1896 4071 de
1919 4019 2204 4071 Benedicti
2241 4020 2555 4071 coniectura
2591 4020 2669 4082 (111

1583 4092 1706 4144 Α31.
1759 4091 1950 4142 semin.
1995 4089 2186 4154 philol.
2232 4089 2385 4154 Lips.
2431 4088 2669 4142 v01.11.

1584 4162 1651 4212 Τ.
1690 4162 1767 4212 11.
1804 4175 1857 4224 p.
1899 4160 2054 4224 283),
2104 4175 2213 4225 qua
2247 4157 2535 4225 legendum
2571 4160 2670 4209 sit.

1583 4224 1706 4287 ἕλος
1757 4221 1952 4292 ἐόντα,
2007 4234 2070 4280 ut
2119 4227 2404 4294 paludum,
2453 4229 2511 4277 13
2557 4228 2675 4292 qui-

1579 4299 1683 4350 bus
1703 4297 2078 4350 Phocaeenses
2101 4302 2244 4349 teste
2267 4298 2535 4360 Dionysio
2561 4297 2674 4347 Ha-

1579 4367 1770 4418 licarn.
1809 4370 1867 4430 1,
1909 4367 1978 4417 20
2003 4365 2222 4418 'Veliam
2261 4366 2450 4416 urbem
2487 4366 2670 4417 condi·

1581 4435 1806 4499 derunt,
1842 4450 2040 4487 nomen
2073 4435 2245 4487 fuerit
2280 4425 2529 4498 Κύρνος.
