3109 5092
1252 377 1415 438 CLI
1431 376 1506 437 Ο.
1551 378 1606 437 I.
1648 388 1737 442 3⁰.
2538 377 2620 439 65

349 570 459 619 σιν
494 549 608 619 καὶ
645 546 729 637 δὴ
767 549 878 619 καὶ
923 545 991 629 ἐς
1028 548 1284 637 Σάρδις
1330 548 1510 640 παρὰ
1540 559 1856 641 Κροῖσον.
1903 547 2305 638 ἀπικόμενος
2336 549 2413 620 δὲ
2448 546 2619 634 ἐξει-

348 659 562 736 νίζετο
607 648 685 722 iv
723 668 893 722 τοῖσι
935 661 1343 743 βασιληΐοισι
1377 650 1512 724 ὑπὸ
1556 660 1679 723 τοῦ
1708 660 2039 744 Κροίσου·
2098 652 2262 742 μετὰ
2293 654 2370 724 δὲ
2412 649 2624 746 ἡμέρῃ

349 762 539 845 τρίτῃ
588 750 630 844 ἢ
686 758 1001 846 τετάρτῃ,
1058 758 1497 840 κελεύσαντος
1546 764 1884 848 Κροίσου,
1934 754 2052 826 τὸν
2085 757 2372 827 Σόλωνα
2410 757 2621 846 θερά-

353 885 593 939 ποντες
652 865 982 951 περιῆγον
1040 861 1208 931 κατὰ
1259 859 1418 942 τοὺς
1475 858 1901 952 θησαυροὺς,
1962 861 2076 929 καὶ
2135 857 2625 931 ἐπεδείκνυσαν

351 961 569 1032 πάντα
619 958 818 1032 ἐόντα
861 964 1119 1052 μεγάλα
1172 993 1244 1035 τε
1301 966 1413 1035 καὶ
1464 962 1684 1054 ὄλβια.
1764 964 2199 1054 θηησάμενον
2247 966 2329 1033 δέ
2370 991 2488 1052 μιν
2543 962 2626 1032 τὰ

353 1064 569 1135 πάντα
598 1068 710 1135 καὶ
738 1068 1194 1156 σκεψάμενον,
1241 1065 1330 1150 ὥς
1365 1074 1435 1138 οἱ
1462 1065 1632 1138 κατά
1663 1066 1903 1158 καιρὸν
1939 1059 2057 1156 ἦν,
2103 1076 2319 1157 εἴρετο
2354 1061 2392 1135 ὁ
2413 1075 2621 1153 Κροτ-

352 1187 469 1248 σος·
506 1168 697 1237 τάδε·
778 1173 974 1247 Ξεῖνε
1022 1168 1372 1261 Ἀθηναῖε,
1432 1168 1596 1262 παρ’
1654 1166 1857 1260 ἡμέας
1901 1169 2030 1258 γὰρ
2067 1171 2231 1260 ,περὶ
2276 1169 2389 1237 σέο
2433 1168 2627 1256 λόγος

276 1268 627 1341 14άπῑκται
669 1270 945 1357 πολλὸς,
998 1277 1111 1345 καὶ
1146 1283 1387 1363 σοφίης
1430 1280 1692 1345 εἵνεκεν
1732 1279 1849 1362 τῆς
1887 1279 2007 1362 σῆς
2041 1272 2154 1340 καὶ
2201 1268 2488 1358 πλάνης,
2535 1267 2626 1352 ὦς

357 1377 785 1463 φιλοσοφέων
816 1382 947 1466 γῆν
975 1377 1232 1468 πολλὴν
1253 1386 1548 1467 θεωρίης
1583 1383 1844 1447 εἵνεκεν
1873 1373 2316 1463 ἐπελήλυθας.
2364 1378 2497 1444 νῦν
2527 1365 2626 1443 ὧν

354 1483 578 1567 ἵμερος
617 1474 1019 1570 ἐπείρεσθαί
1050 1511 1163 1570 μοι
1201 1479 1493 1571 ἐπῆλθε,
1537 1491 1608 1551 εἴ
1639 1508 1791 1550 τινα
1823 1475 1950 1565 ἤδη
1983 1474 2257 1545 πάντων
2296 1474 2470 1556 εἶδες
2504 1473 2619 1547 ὄλ-

352 1582 719 1668 βιώτατον·
814 1579 886 1650 Ὁ
947 1584 1103 1672 μὲν,
1173 1582 1460 1668 ἐλπίζων
1524 1583 1698 1653 εἶναι
1754 1576 2142 1668 ἀνθρώπων
2196 1575 2622 1668 ὀλβιώτατος,

352 1688 562 1754 ταῦτα
607 1680 959 1773 ἐπειρώτα.
1050 1686 1294 1759 Σόλων
1343 1687 1419 1756 δὲ
1468 1684 1675 1755 οὐδὲν
1730 1676 2261 1763 ὑποθωπεύσας,
2309 1677 2480 1751 ἀλλὰ
2527 1685 2623 1774 τῷ

1534 1848 1619 1896 De
1653 1860 1713 1896 re
1749 1847 1872 1911 ipsa
1914 1847 1985 1898 ad
2030 1863 2220 1898 vocem
2259 1842 2626 1910 φιλοσοφέων

354 1867 493 1916 quae
530 1852 907 1917 Sophistarum
932 1853 1259 1905 Graecorum
1282 1852 1435 1901 scho-

1535 1917 1623 1966 Cr.
1646 1916 1884 1979 confert,
1918 1930 2058 1980 quae
2081 1916 2406 1967 Plutarchus
2442 1916 2624 1981 dispu-

354 1919 435 1971 las
512 1937 578 1972 ac
644 1921 1066 1973 declamationes
1135 1920 1431 1977 redoleant,

351 1989 567 2056 aliaque
603 1992 769 2041 etiam
806 1997 862 2042 et
897 1988 1227 2055 amplificata
1262 1992 1317 2037 et
1345 2000 1433 2035 ex-

352 2066 547 2111 ornata
588 2061 788 2122 videri,
837 2061 1052 2109 minime
1088 2064 1268 2107 tamen
1306 2053 1434 2103 inde

354 2130 537 2194 colligi
593 2130 821 2195 poterit,
879 2133 1051 2177 totum
1107 2126 1433 2173 conventum

352 2199 633 2263 ipsumque
663 2195 985 2255 colloquium
1008 2206 1228 2254 prorsus
1247 2191 1432 2241 fictum

355 2284 474 2317 esse
503 2283 537 2315 a
569 2266 831 2339 scriptore
862 2264 981 2340 tam
1024 2260 1435 2310 accuratissimo

353 2330 684 2451 33:²12&
686 2332 1304 2462 {ffassffzfflffiiffsff
1322 2334 1435 2379 ‘m‘

419 2456 476 2522 ἐς
498 2463 789 2529 Αἴγυπτον
817 2456 1053 2515 ἀπίκετο
1091 2459 1247 2532 παρὰ
1271 2459 1434 2532 ’Ἅμα-

352 2534 464 2600 σιν]
503 2533 667 2585 Haud
702 2533 860 2584 aliter
884 2533 1164 2587 Plutarch.
1194 2537 1308 2587 Vit.
1335 2536 1433 2587 So·

351 2604 461 2654 lon.
521 2604 590 2654 26
651 2603 844 2653 scribit
896 2605 1148 2656 Solonem
1207 2604 1433 2656 consilio

349 2672 579 2723 Athenis
627 2672 941 2723 discedendi
995 2678 1051 2724 et
1104 2691 1201 2740 per
1250 2674 1436 2725 decem

351 2758 521 2793 annos
561 2740 941 2807 proficiscendi
997 2750 1158 2808 capto
1203 2745 1437 2810 primum

352 2811 421 2860 ad
467 2811 775 2876 Aegyptum
818 2813 1159 2876 pervenisse:
1209 2811 1441 2878 πρῶτον

350 2873 454 2943 μὲν
489 2873 598 2929 οὖν
637 2875 721 2938 εἰς
754 2878 1045 2944 Αἴγυπτον
1077 2873 1315 2947 ἀφίκετο
1339 2875 1438 2930 καὶ

352 2945 661 3013 διέτριψεν.
735 2950 820 3000 Ab
872 2951 1123 3015 Aegypto
1170 2951 1301 3002 navi
1346 2965 1437 2999 ve·

353 3022 471 3069 ctus
523 3017 593 3068 ad
652 3018 890 3084 Cyprum
946 3020 1157 3084 appulit
1203 3020 1438 3084 indeque

352 3086 549 3138 Sardes
618 3087 689 3137 ad
752 3088 1011 3141 Croesum
1080 3105 1140 3140 se
1207 3088 1433 3153 recepit.

351 3157 584 3219 Amasis,
623 3172 782 3221 quem
803 3156 934 3209 Solo
969 3157 1178 3222 invisit,
1211 3173 1437 3225 regnum

356 3227 595 3291 suscepit
631 3226 847 3292 Olymp.
884 3226 1008 3289 LII,
1049 3228 1083 3279 3
1118 3244 1163 3278 s.
1204 3230 1437 3278 exeunte

355 3310 493 3344 anno
553 3295 659 3346 570
719 3295 807 3346 vel
872 3296 1092 3348 ineunte
1155 3297 1259 3349 569
1305 3299 1435 3347 ante

358 3363 479 3414 Chr.
509 3379 565 3414 n.
603 3364 729 3414 Vid.
757 3363 982 3415 Schultz
1004 3365 1043 3417 l.
1073 3367 1111 3417 l.
1141 3382 1197 3431 p.
1234 3368 1302 3417 27
1320 3369 1434 3415 not.

355 3432 438 3483 48.
475 3433 702 3484 Fischer
734 3433 773 3484 1.
808 3434 846 3484 l.
874 3450 929 3498 p.
966 3435 1084 3488 131.
1105 3466 1176 3476 -
1197 3436 1263 3485 In
1283 3449 1436 3499 seqq.

355 3502 422 3552 sd
477 3503 649 3553 verba
698 3493 843 3552 κατὰ
897 3495 1036 3562 τοὺς
1095 3498 1437 3569 θησαυροὺς

357 3571 497 3622 conf.
534 3576 676 3623 nott.
715 3571 783 3622 ad
818 3572 865 3634 1,
902 3574 988 3623 77.

420 3633 833 3723 θηῃσάμενον
868 3636 933 3689 δέ
974 3657 1076 3706 μιν
1119 3632 1189 3690 τὰ
1218 3631 1436 3704 πάντα]

357 3706 726 3774 θηησαμενον
778 3709 975 3774 scripsi
1032 3725 1154 3761 cum
1206 3714 1435 3760 recentt.

359 3778 475 3829 edd.
521 3779 648 3830 Vid.
698 3778 767 3827 ad
813 3779 860 3841 Ι,
902 3778 966 3839 10
1003 3782 1212 3830 notata.
1248 3805 1319 3815 -
1351 3780 1437 3835 De

357 3847 624 3912 particula
655 3839 762 3912 γὰρ
798 3849 855 3898 in
889 3862 1073 3915 seqq.=
1112 3837 1253 3911 παρ’
1291 3839 1440 3911 ἡμᾶς

357 3908 456 3980 γὰρ
492 3913 624 3979 περὶ
672 3914 764 3965 σέο
803 3907 970 3982 λόγος
1013 3909 1251 3967 ἀπῖκται
1286 3915 1435 3967 conf.

359 4001 517 4050 supra
548 3986 620 4038 ad
653 3986 700 4047 Ι,
737 3983 789 4035 8.
828 3987 915 4036 24.
952 3986 1250 4052 disputata.
1302 3985 1440 4035 Post

358 4060 532 4106 autem
552 4054 903 4106 retinuimus:
943 4052 1306 4120 φιλοσοφέων
1328 4050 1439 4118 γῆν

358 4118 573 4190 πολλὴν
635 4124 756 4173 loco
822 4121 923 4187 τῆς
979 4123 1221 4188 πολλῆς,
1293 4121 1439 4187 quod

360 4193 593 4244 Gronov.
637 4193 757 4242 iure
792 4193 901 4243 iam
947 4193 1242 4271 expunxit.
1274 4190 1439 4241 edens

1534 1988 1621 2033 tat
1656 1984 1869 2034 Morall.
1908 2000 1963 2049 p.
2012 1987 2080 2035 77
2125 1986 2195 2035 D.
2233 1987 2300 2036 Ε.
2342 1987 2448 2036 Est
2481 1988 2624 2035 enim

1533 2053 1671 2103 haec
1724 2068 1832 2103 vox
1889 2058 2076 2104 nostro
2145 2055 2200 2104 in
2261 2053 2381 2105 loco
2442 2054 2626 2106 latiori

1535 2137 1705 2172 sensu
1761 2122 2081 2187 accipienda
2136 2123 2203 2173 de
2258 2123 2404 2175 omni
2457 2125 2622 2175 animi

1534 2192 1840 2257 mentisque
1894 2207 2026 2242 cura
2086 2208 2151 2243 ac
2201 2191 2383 2243 studio
2438 2209 2622 2245 earum

1536 2261 2619 2383 ἐέιῗῗίἶῖἒῖἒο.“ἓί“ἱέἷῑέἒὴῗποῗηόἷ·

1686 2368 1698 2381 .
2279 2368 2294 2382 .
2389 2367 2403 2382 .
2481 2369 2494 2383 .
2603 2370 2622 2398 ,

1535 2399 1623 2450 36.
1663 2399 1831 2449 Addit
1866 2401 1951 2451 Cr.
2006 2400 2183 2451 locum
2229 2400 2512 2452 Iamblieh.
2554 2402 2622 2452 de

1533 2468 1648 2519 Vit.
1683 2469 1982 2535 Pythagor.
2019 2486 2068 2520 c.
2106 2471 2211 2520 111.
2251 2473 2302 2532 β.
2349 2472 2430 2520 14.
2469 2486 2523 2535 Ρ.
2555 2471 2618 2522 11

1538 2537 1623 2587 ed.
1647 2539 1923 2601 Kuester.,
1959 2539 2053 2588 ubi
2089 2538 2259 2588 multa
2292 2539 2383 2588 ille
2419 2538 2623 2603 templa

1539 2606 1731 2655 scribit
1773 2606 2144 2670 Pythagoram
2199 2606 2404 2656 adiisse
2457 2602 2620 2671 ἔρωτι

1537 2669 1636 2723 καὶ
1668 2666 1850 2737 ὀρέξει
1887 2673 2221 2737 θεωρίας.

1610 2739 1721 2791 νῦν
1767 2728 1850 2790 aiv
1904 2739 2096 2805 ἵμερος
2140 2732 2478 2804 ἐπείρεσθαί
2523 2755 2622 2806 μοι

1536 2800 1755 2874 ἐπῆλθε
1800 2810 2154 2876 Plerumque:
2188 2801 2527 2872 ἔπείρεσθαί
2552 2824 2622 2874 με

1537 2871 1728 2944 ἐπῆλθ
1790 2892 1868 2929 σε.
1907 2880 2065 2943 Quod
2095 2895 2195 2930 nos
2231 2880 2493 2942 dedimus,
2514 2895 2623 2930 me-

1535 2948 1703 2999 liores
1762 2947 1995 2999 offerunt
2058 2948 2184 3000 libri
2249 2949 2623 3000 consentiente

1535 3017 1800 3069 Valcken.
1838 3019 1908 3069 ad
1944 3019 2069 3081 VII,
2115 3018 2202 3069 46.
2256 3034 2321 3070 ac
2355 3018 2622 3069 recentio-

1535 3089 1689 3138 ribus
1723 3088 2041 3150 editoribus,
2077 3088 2272 3153 quibus
2308 3087 2450 3139 addo
2467 3089 2624 3152 Wyt-

1535 3156 1687 3208 tenb.
1731 3157 1788 3206 in
1841 3157 2065 3208 Selectt.
2120 3157 2340 3209 historr.
2397 3173 2451 3221 p.
2498 3154 2620 3219 346,

1537 3227 1632 3303 (1ῧαί
1631 3224 1840 3343 &sinzile
1861 3226 2138 3311 E‘urigidi‘s
2175 3225 2311 3344 illaad
2351 3222 2498 3277 Med.
2523 3224 2618 3341 532

1549 3307 1631 3343 ωσ
1813 3308 1942 3357 ερος
2092 3308 2175 3342 υπ
2295 3308 2321 3344 ε
2375 3309 2427 3343 κ.
2471 3309 2519 3342 τ.
2604 3330 2617 3343 .

1533 3362 1743 3425 laudat,
1772 3309 2035 3428 ‘rteeteqtiz
2075 3310 2268 3413 vertit:
2313 3376 2485 3423 „nmw
2529 3361 2621 3425 iqi-

1535 3439 1621 3483 tur
1652 3448 1727 3482 me
1758 3434 2008 3495 cupiditas
2040 3433 2260 3493 ὑιοεεείι,
2297 3438 2354 3480 uc
2384 3438 2434 3479 ee
2467 3431 2623 3479 inter·-

1536 3500 1764 3565 rooem.“
1809 3502 1894 3551 De
1934 3498 2121 3549 dativo
2171 3498 2316 3548 conf.
2360 3501 2502 3547 nott.
2549 3495 2622 3545 ad

1606 3606 1785 3687 ταῦτα
1820 3625 2112 3697 ἐπειρώτα]
2147 3621 2441 3693 ἐπειρώτα,
2478 3629 2622 3696 quod

1539 3722 1662 3758 cum
1701 3701 2006 3767 Schweigh.
2045 3705 2101 3751 et
2144 3699 2320 3754 Gaisf.
2358 3698 2622 3760 dedimus,

1538 3793 1574 3827 a
1619 3772 1840 3824 dialecti
1884 3771 2097 3822 ratione
2139 3769 2528 3835 meliorumque
2562 3768 2625 3818 li-

1535 3846 1755 3896 brorum
1811 3840 2142 3891 auctoritate
2199 3839 2622 3890 commendatur.

1538 3912 1698 3965 Conf.
1736 3912 1782 3974 1,
1813 3910 1876 3962 31
1915 3911 1991 3961 in.
2036 3914 2090 3959 et
2136 3907 2248 3959 vid.
2293 3907 2526 3961 Bredov.
2566 3923 2623 3971 Ρ.

1540 3983 1661 4035 147.
1698 3980 1763 4030 In
1797 3980 2038 4044 proxime
2063 3993 2178 4044 seq.
2213 3968 2629 4028 ὑποθωπεύειν

1541 4055 1627 4103 est
1667 4049 1868 4100 blande
1921 4050 2154 4111 adulari,
2205 4050 2487 4111 assentari,
2537 4044 2626 4095 de·

1540 4120 1764 4172 ductum
1800 4134 1833 4169 a
1867 4110 2009 4181 θὼψ
2045 4114 2388 4182 (assentator)
2407 4120 2462 4166 et
2489 4114 2624 4164 satis

1540 4190 1892 4251 illustratum,
1906 4192 1967 4237 ut
1986 4187 2074 4238 Cr.
2101 4185 2326 4246 monuit,
2352 4199 2387 4233 a
2405 4181 2625 4234 Ruhnk.

358 4253 460 4326 τὴν
498 4253 735 4325 πολλήν.
802 4262 876 4313 At
920 4261 1029 4327 γῆν
1071 4260 1290 4324 πολλην
1332 4275 1445 4310 me-
1546 4259 1618 4311 ad
1651 4259 1862 4309 Timaei
1900 4256 2035 4306 Lex.
2074 4254 2290 4304 Platon.
2328 4268 2384 4317 p.
2415 4253 2543 4303 145.

358 4329 516 4382 liores
553 4331 687 4381 dant
721 4329 868 4381 libri.
903 4330 1062 4382 Cous.
1113 4328 1442 4393 wesseling.

359 4398 427 4449 sd
457 4399 514 4451 h.
543 4398 584 4450 1.
623 4403 679 4450 et
713 4396 1021 4465 Schweigh.
1056 4396 1443 4451 {nvn-‚Leon

443 4486 781 4542 unonor.
832 4497 878 4541 1.

1615 4324 1694 4394 τῷ
1729 4316 1880 4375 ἐόντι
1914 4314 2289 4388 χρησάμενος]
2340 4321 2377 4371 i.
2421 4334 2472 4371 e.
2507 4330 2629 4368 usus

1536 4409 1634 4461 aa,
1680 4393 1818 4461 quod
1862 4405 2050 4455 reapse
2085 4404 2129 4440 s.
2177 4402 2344 4441 verum
2389 4392 2529 4445 erat,
2577 4399 2622 4435 s.

2159 4467 2198 4527 5
