3109 5092
1001 344 1497 406 EUTERPE.
1543 345 1630 405 H.
1681 350 1800 408 167.
1850 352 1969 406 168.

2500 341 2623 405 809

351 516 589 591 ἑκατὸν
639 521 909 608 πηχέων
951 520 1088 587 ἐστὶ
1134 524 1532 605 Αἰγυπτίων
1569 518 1805 608 πάντη.
1885 515 1921 588 ὁ
1965 520 2041 590 δὲ
2083 519 2450 606 Αἰγύπτιος
2494 523 2621 606 πῆ-

265 635 495 712 186χυς
529 624 844 711 τυγχάνει
879 621 1019 701 ἶσος
1059 618 1191 690 ἐών
1231 627 1324 713 τῷ
1353 627 1612 714 Σαμίῳ.
1669 629 1877 692 ταῦτα
1915 623 2041 711 μὲν
2082 620 2166 712 δὴ
2210 638 2380 691 τοῖσι
2416 619 2624 691 ἅπασι

350 720 438 816 ἦν
466 727 955 815 ἐξαραιρημένα
973 776 990 810 ,
1028 724 1189 794 τάδε
1218 725 1292 794 δὲ
1323 726 1397 792 ἐν
1424 733 1795 816 περιτροπῇ
1823 729 2240 817 ἐκαρποῦντο
2273 727 2386 794 καὶ
2415 721 2619 794 οὐδα-

350 828 441 918 μὰ
471 825 695 899 ὦυτοί.
778 835 1213 916 Καλασιρίων
1249 834 1450 917 χίλιοι
1481 831 1593 897 καὶ
1614 825 2070 918 Ἑρμοτυβίων
2104 825 2338 912 [ἄλλοι]
2384 832 2620 916 έδορυ·

351 932 604 1021 φόρεον
650 931 965 1002 ἐνιαυτὸν
1014 935 1278 1001 ἕκαστοι
1321 928 1442 1000 τὸν
1477 937 1791 1019 βασιλέα·
1862 932 2157 1002 τούτοισι
2209 929 2274 1001 δ’
2320 923 2417 1000 ὦν
2464 931 2625 1000 τάδε

352 1035 558 1123 πάρεξ
599 1041 737 1105 τῶν
780 1032 1131 1123 ἀρουρέων
1172 1031 1342 1103 ἄλλα
1382 1036 1647 1103 ἐδίδοτο
1688 1033 1795 1104 ἐπ’
1835 1031 2048 1125 ἡμέρῃ
2095 1034 2370 1123 ἑκάστῃ,
2414 1031 2626 1103 ὀπτοῦ

352 1145 542 1207 σίτου
568 1136 866 1227 σταθμὸς
907 1140 1106 1208 πέντε
1141 1138 1336 1225 μνέαι
1374 1136 1675 1231 ἑκάστω,
1721 1145 1943 1228 κρεῶν
1980 1141 2200 1227 βοέων
2238 1137 2365 1208 δύο
2407 1138 2624 1227 μνέαι,

352 1338 614 1405 appellari
650 1328 908 1403 ἄρουραν
945 1344 1002 1390 et
1038 1340 1436 1405 quinquaginta

350 1408 580 1474 pedibus
634 1415 917 1471 constare,
976 1409 1031 1458 id
1081 1409 1149 1458 ad
1189 1414 1437 1459 nostrum

355 1478 534 1529 locum
556 1479 835 1529 commode
853 1478 1043 1528 referri
1067 1480 1272 1542 nequit.
1323 1479 1438 1528 Ma-

354 1549 438 1613 gis
474 1547 578 1597 hue
610 1547 772 1609 facit,
822 1547 964 1613 quod
1013 1552 1196 1597 monet
1229 1549 1435 1598 Wurm.

353 1617 419 1667 de
455 1617 655 1681 pondd.
694 1620 824 1667 ratt.
863 1632 991 1681 pag.
1037 1618 1105 1666 94
1141 1615 1266 1667 coll.
1309 1633 1437 1681 pag.

357 1686 472 1747 100,
527 1676 787 1749 ἄρουραν
832 1701 955 1736 esse
997 1690 1175 1735 terrae
1228 1690 1436 1751 partem

355 1760 595 1815 aratam,
643 1770 854 1818 aream,
899 1770 1008 1804 non
1040 1755 1437 1820 longitudinem

350 1825 748 1889 quinquaginta
788 1823 1003 1888 pedum.
1076 1823 1273 1889 Itaque
1306 1825 1362 1875 h.
1400 1823 1435 1873 1.

352 1893 709 1958 intelligenda
757 1899 840 1943 est
876 1909 1002 1944 area
1038 1898 1252 1943 centum
1292 1893 1439 1943 cubi-

352 1964 424 2012 tis
461 1977 870 2027 quaquaversus
897 1968 1125 2013 extensa
1158 1964 1275 2013 sive
1312 1978 1439 2012 area

352 2032 536 2081 decem
562 2031 706 2081 mille
727 2032 1026 2081 cubitorum
1053 2033 1440 2097 quadratorum

353 2117 397 2151 s.
421 2100 614 2161 22,500
633 2100 826 2165 pedum
852 2101 1257 2165 quadratorum.
1296 2101 1435 2151 Add.

352 2169 589 2220 Iomard.
611 2170 665 2219 in
678 2171 954 2234 Descript.
972 2171 1194 2236 del'Eg.
1212 2171 1435 2235 Antiqq.

350 2239 380 2289 I
414 2238 469 2301 (3
503 2238 651 2303 livr.)
691 2255 819 2303 pag.
858 2240 961 2290 683
1006 2255 1154 2304 seqq.
1232 2240 1290 2290 Si
1334 2239 1437 2290 hoc

353 2308 474 2358 loco
504 2307 570 2356 de
593 2308 779 2358 cubito
809 2309 1200 2374 Aegyptiorum
1224 2310 1436 2369 maiori,

352 2378 444 2442 qui
481 2376 785 2442 Babylonio
824 2378 936 2427 fere
971 2393 1070 2441 par
1105 2378 1298 2439 fuerit,
1347 2394 1439 2428 co-

352 2447 605 2511 gitemus,
643 2462 804 2496 arura
830 2447 1008 2507 exiis,
1045 2462 1184 2513 quae
1219 2462 1439 2512 compu-

351 2516 521 2565 tando
561 2516 770 2566 invenit
805 2516 1002 2566 Iacobs
1034 2517 1141 2578 (De
1174 2531 1439 2566 mensurr.

350 2584 592 2636 Herodd.
623 2600 748 2650 pag.
786 2585 891 2649 16),
926 2586 1091 2635 habet
1122 2586 1294 2636 28446
1314 2584 1436 2650 ped.

351 2655 594 2705 Rhenan.
636 2654 933 2719 quadratos
970 2655 1086 2704 sive
1112 2654 1250 2703 2802
1269 2659 1440 2705 metra

353 2723 582 2774 Gallica.
658 2725 924 2789 „1taque,
959 2724 1040 2772 ait
1067 2723 1294 2785 Iacobs,
1333 2724 1439 2773 fuit

353 2792 570 2841 circiter
608 2792 656 2854 1,
699 2794 721 2844 1
766 2794 881 2843 eius
920 2807 1231 2853 mensurae,
1279 2808 1439 2858 quam

352 2876 449 2909 nos
481 2860 696 2924 Mor-qen
728 2877 1007 2923 vocamus,
1048 2877 1188 2927 quae
1223 2866 1442 2912 constat

354 2930 528 2980 25900
553 2929 714 2993 pedd.
745 2931 955 2982 Rhenn.
982 2930 1284 2995 quadratis.
1322 2932 1441 2982 Sin-

354 2997 497 3062 gulis
533 2998 796 3049 militibus
820 3015 961 3064 quae
991 2999 1301 3065 adscriptae
1328 3000 1441 3050 fue-

349 3072 477 3117 runt
512 3067 793 3118 duodenae
841 3084 1033 3119 arurae
1070 3073 1307 3136 aequant
1341 3070 1442 3119 cir-

351 3137 487 3187 citer
512 3137 591 3198 13,
617 3138 648 3186 2
670 3137 827 3187 huius
853 3143 1075 3189 nostrae
1095 3139 1439 3190 mensurae.“

351 3206 417 3256 In
478 3208 768 3256 Rosettani
828 3207 1029 3272 lapidis
1088 3209 1441 3273 inscriptione

355 3276 565 3326 Graeca
584 3274 770 3325 eadem
793 3292 898 3326 vox
916 3267 1137 3338 ἄρουρα
1150 3278 1436 3341 reperitur.

422 3334 453 3391 ὁ
491 3337 554 3392 δὲ
599 3337 909 3407 Αἰγύπτιος
951 3344 1139 3408 πῆχυς
1175 3338 1437 3409 τυγχάνει

352 3403 476 3467 ἶσος
510 3402 620 3460 ἐών
664 3410 742 3477 τῷ
792 3411 1016 3478 Σαμίῳ]
1058 3413 1299 3463 Samium
1348 3430 1441 3464 cu-

348 3479 523 3529 bitum
575 3480 702 3530 inde
759 3482 949 3545 opinor
1000 3483 1440 3532 commemoravit

348 3549 578 3610 Noster,
613 3548 757 3613 quod
794 3551 911 3614 ipse
951 3549 1162 3615 longius
1189 3552 1246 3601 in
1276 3551 1438 3601 Samo

352 3623 717 3668 commoratus
785 3634 1068 3669 mensuras
1134 3619 1439 3670 Samiorum

352 3687 490 3737 bene
535 3688 785 3752 cognitas
845 3688 1065 3738 habuit:
1117 3688 1260 3739 hune
1308 3703 1438 3738 vero

352 3756 593 3807 Samium
635 3756 877 3806 cubitum
927 3773 960 3806 a
1007 3756 1223 3822 vulgari
1275 3757 1440 3808 Grae-

352 3841 536 3876 corum
583 3826 770 3876 cubito
814 3826 1084 3876 diversum
1129 3827 1317 3892 utique
1359 3826 1441 3876 fu-

350 3895 460 3944 isse
508 3910 683 3960 neque
732 3895 859 3945 inde
909 3895 1072 3945 etiam
1110 3889 1438 3960 Aegyptium

352 3964 621 4026 cubitum,
659 3965 752 4029 qui
793 3965 976 4014 Samio
1013 3980 1110 4029 par
1145 3964 1198 4015 h.
1229 3964 1269 4015 l.
1309 3964 1440 4014 dici-

349 4035 469 4093 tur,
525 4048 708 4097 parem
755 4033 929 4082 fuisse
973 4033 1181 4084 Graeco
1223 4034 1440 4098 vulgari

355 4100 559 4162 cubito,
610 4107 759 4152 recte
795 4102 1007 4167 colligit
1043 4103 1264 4153 Boeckh
1303 4104 1443 4167 (Me-

350 4168 550 4233 trolog.
587 4170 1067 4236 Untersuchnngg.
1106 4188 1157 4236 p.
1185 4174 1286 4220 ‘222
1325 4187 1439 4236 seq.

349 4237 817 4290 Monatsbericbte
856 4240 907 4290 d.
937 4241 1141 4291 Berlin.
1175 4240 1353 4291 Akad.
1385 4242 1439 4291 d.

349 4305 687 4359 Wissensch.
747 4309 899 4361 1854.
962 4325 1087 4374 pag.
1150 4311 1216 4359 77
1283 4325 1438 4374 seqq.

351 4376 552 4425 mensis
597 4377 893 4444 Februar.)
936 4394 1165 4446 eumque
1218 4382 1439 4430 secutus

1539 1340 1739 1390 Iacobs
1782 1339 1823 1390 l.
1870 1339 1910 1390 l.
1947 1354 2070 1404 pag.
2112 1340 2177 1390 14
2224 1354 2376 1405 seqq.
2447 1339 2628 1404 Aegy-

1540 1410 1711 1474 ptium
1760 1409 1930 1474 igitur
1984 1409 2252 1470 cubitum,
2310 1408 2404 1473 qui
2442 1408 2625 1458 Samio

1538 1494 1639 1543 par
1675 1493 1796 1527 esse
1832 1478 2057 1539 dieitur,
2096 1479 2351 1528 maiorem
2377 1477 2627 1527 eundem·

1542 1563 1647 1613 que
1683 1548 1888 1612 regium
1925 1546 1993 1596 28
2027 1548 2318 1612 digitorum
2357 1546 2469 1597 fere
2507 1561 2627 1596 esse

1540 1631 1832 1682 paremque
1860 1614 2165 1680 Babylonio
2194 1616 2333 1665 idem
2358 1620 2628 1665 monstra-

1541 1686 1717 1735 vitvir
1730 1686 1942 1735 doctus.
1972 1685 2130 1735 Conf.
2149 1686 2311 1735 etiam
2324 1686 2625 1734 Letronne:

1538 1757 1759 1820 Fragm.
1796 1754 2057 1804 d'Heron.
2094 1770 2220 1819 pag.
2265 1753 2334 1804 80
2371 1768 2521 1818 seqq.
2572 1758 2627 1803 et

1540 1826 1714 1873 virum
1763 1823 1980 1874 doctum
2019 1824 2075 1872 in
2110 1825 2294 1873 Revue
2338 1820 2628 1872 d'Archdo-

1539 1894 1651 1959 log.
1674 1894 1743 1944 X.
1765 1908 1890 1957 pag.
1921 1892 2022 1943 738
2051 1907 2224 1957 seqq.‚
2250 1893 2320 1942 H.
2350 1891 2623 1956 Brugsch:

1540 1965 1792 2013 Numerr.
1820 1977 1906 2026 ap.
1938 1966 2074 2012 vett.
2102 1963 2336 2027 Aegypt.
2372 1961 2624 2010 demotic.

1542 2033 1717 2082 doctr.
1751 2047 1875 2097 pag.
1915 2033 1946 2081 5
1981 2046 2094 2095 seq.

1613 2093 1745 2149 τάδε
1773 2094 1835 2149 δὲ
1869 2091 1929 2149 ἐν
1958 2095 2277 2165 περιτροπῇ
2309 2090 2627 2162 ἐκαρποῦν-

1539 2169 1631 2236 το]
1670 2161 1804 2219 wios
1844 2169 2081 2234 pertinet
2126 2170 2196 2220 ad
2243 2184 2337 2229 ea,
2385 2182 2523 2233 quae
2570 2168 2627 2216 in

1538 2240 1645 2290 fine
1678 2255 1798 2303 cap.
1835 2239 2171 2301 indicantur,
2217 2239 2406 2303 panis,
2445 2237 2628 2288 carnis

1540 2326 1607 2359 ac
1646 2309 1756 2358 vini
1796 2309 2090 2373 portiones.
2130 2338 2199 2348 —-
2233 2298 2336 2370 ,ἐν
2366 2319 2626 2368 περιτρο-

1539 2376 1641 2443 πῇ,
1678 2379 1716 2429 ἰ.
1743 2394 1789 2431 e.
1816 2371 1875 2426 ἐκ
1910 2370 2204 2439 περιόδου,
2239 2392 2337 2440 per
2361 2378 2512 2436 vices,
2550 2377 2628 2424 in-

1539 2452 1874 2511 terpretante
1909 2447 1954 2497 1.
1991 2447 2085 2498 Fr.
2112 2448 2387 2498 Gronovio
2424 2445 2495 2495 ad
2524 2446 2629 2494 Ta·

1542 2516 1639 2565 citi
1689 2517 1940 2567 German.
1983 2532 2102 2582 cap.
2150 2516 2277 2567 26.“
2365 2517 2451 2566 Cr.
2500 2513 2628 2565 vid.

1542 2585 1749 2636 Herod.
1787 2587 1893 2648 III,
1923 2584 2010 2636 69.

1616 2653 1976 2716 Καλασιρίων
2012 2650 2183 2717 χίλιοι
2234 2646 2328 2699 καὶ
2359 2641 2630 2713 Ἑρμοτυ-

1542 2720 1686 2788 βίων
1712 2714 1896 2786 ἆλλοι]
1934 2713 2121 2784 ἄλλοι,
2163 2737 2227 2771 ex
2271 2718 2471 2768 Aldina
2499 2718 2630 2768 duo·

1541 2793 1751 2856 busque
1790 2791 1945 2841 codd.
1985 2806 2129 2840 nunc
2162 2794 2469 2852 receptum,
2520 2789 2629 2837 iam

1544 2862 1814 2925 expressit
1849 2859 2038 2919 Valla;
2091 2875 2124 2909 a
2163 2858 2439 2924 plerisque
2474 2857 2627 2907 libris

1544 2933 1718 2995 iisque
1757 2928 2067 2980 melioribus
2104 2930 2289 2989 abest3
2328 2943 2495 2992 quare
2534 2942 2631 2976 un-

1543 3001 1624 3050 cis
1654 2998 2036 3051 includendam
2064 2999 2276 3059 censui,
2316 2996 2461 3063 quod
2487 2997 2629 3046 idem

1543 3071 1675 3120 fecit
1732 3068 1992 3128 Dietsch3
2062 3068 2325 3129 Dindorf,
2389 3066 2628 3132 Lhardy,

1542 3139 1638 3190 alii
1681 3154 1901 3204 prorsus
1952 3138 2266 3189 omiserunt.
2342 3137 2630 3187 Caeterum

1543 3210 1631 3258 hic
1668 3207 1897 3258 militum
1916 3223 2201 3269 numeruS,
2240 3207 2472 3257 collatus
2510 3222 2629 3256 cum

1539 3277 1770 3328 militum
1806 3293 2028 3327 numero
2065 3293 2185 3341 cap.
2232 3278 2351 3327 165.
2394 3275 2510 3333 166,
2551 3275 2633 3323 iu-

1539 3353 1626 3399 sto
1654 3347 1826 3396 minor
1854 3345 2366 3410 Schweighaeusero
2393 3342 2628 3393 videtur.

1541 3416 1652 3466 Sed
1686 3416 1941 3480 poterant
1974 3414 2087 3464 illic
2111 3411 2346 3477 intelligi
2382 3427 2490 3460 non
2526 3412 2632 3460 viri

1541 3488 1756 3534 tantum
1796 3498 1945 3533 arma
1985 3486 2265 3546 gerentes,
2313 3479 2407 3530 sed
2445 3495 2629 3530 eorum

1540 3568 1754 3617 quoque
1780 3550 2047 3610 familiae,
2076 3552 2159 3599 ita
2190 3554 2251 3599 ut
2279 3548 2518 3600 omnium
2538 3549 2631 3599 ho-

1541 3622 1739 3670 minum
1782 3619 1853 3670 ad
1892 3619 2125 3668 militum
2162 3617 2325 3682 γένος
2360 3618 2632 3682 pertinen-

1542 3690 1676 3739 tium
1716 3693 1905 3738 tantus
1943 3689 2108 3738 fuerit
2144 3703 2418 3737 numerus.
2454 3715 2522 3724 —-
2565 3689 2631 3739 In

1545 3773 1697 3823 seqq.
1749 3758 1817 3807 de
1861 3762 2137 3808 structura
2182 3757 2335 3806 verbi
2376 3754 2630 3821 δορυφο-

1545 3829 1667 3887 ρεῑν
1703 3842 1824 3876 cum
1865 3828 2186 3877 accusativo
2224 3826 2370 3876 conf.
2403 3827 2631 3882 similem

1542 3896 1731 3947 Nostri
1759 3896 1940 3948 locum
1968 3896 2075 3958 111,
2108 3897 2207 3946 127
2234 3899 2289 3945 et
2308 3895 2422 3945 vid.
2453 3897 2633 3947 Kueh·

1541 3981 1655 4016 ner.
1695 3965 1790 4017 Gr.
1844 3967 1939 4017 Gr.
1992 3969 2043 4025 ,8.
2082 3966 2201 4017 550.
2243 3996 2312 4006 —
2357 3965 2423 4015 In
2476 3981 2628 4031 seqq.

1542 4036 1614 4086 ad
1648 4025 1736 4084 ἐπ’
1776 4025 1956 4099 ἡμέρῃ
1993 4026 2196 4095 ἔκαστῃ
2231 4033 2303 4098 (in
2326 4050 2633 4100 unumquem-

1545 4121 1640 4169 que
1674 4102 1826 4161 diem)
1862 4104 1973 4155 vid.
2011 4103 2218 4154 Herod.
2264 4104 2333 4164 V,
2372 4103 2459 4155 53.
2500 4106 2630 4168 VII,

1547 4174 1668 4225 187.
1708 4173 1804 4235 IV,
1847 4174 1944 4223 112
1982 4173 2167 4239 ibique
2202 4178 2342 4223 nott.

1615 4234 1925 4304 σταθμὸς
1947 4239 2113 4291 πέντε
2133 4240 2321 4306 μνέαι]
2346 4243 2383 4290 i.
2400 4257 2449 4293 e.
2477 4242 2632 4307 quin-

1542 4325 1647 4372 que
1691 4311 1867 4360 minae
1910 4313 2161 4374 pondere.
2236 4310 2454 4361 Etenim
2504 4322 2631 4358 στα-

1540 4371 1695 4444 θμὸς
1752 4380 1939 4431 eodem
2002 4381 2164 4430 modo
2222 4379 2469 4430 additum
2523 4394 2630 4446 quo
