3109 5092
1125 368 1759 430 EUTERPE.11.
1808 381 1929 436 108.
2545 380 2669 442 663

397 540 686 620 σθέντας
709 542 778 620 ἐς
803 545 925 609 τοῦ
939 536 1311 629 Ηφαίστου
1337 539 1413 611 τὸ
1433 541 1607 634 ἱρὸν,
1651 543 1883 626 ἐόντας
1915 548 2207 636 μεγάθει·
2241 512 2667 644 περιμήκεας,

396 632 583 712 οὗτοι
606 634 781 731 ἦσαν
805 647 875 712 οἱ
896 644 1295 727 ἑλκύσαντες
1314 698 1334 731 ,
1368 649 1483 717 καὶ
1511 675 1628 727 τας
1650 648 1985 739 διώρυχας
2020 680 2137 732 τας
2163 660 2295 725 νῦν
2322 656 2559 739 ἐούσας
2589 662 2665 728 ἐν

397 745 720 840 Αἰγύπτῳ
750 744 965 828 πάσας
994 738 1180 819 οὗτοι
1218 746 1741 839 ἀναγκαζόμενοι
1771 749 2100 843 ωρυσσον,
2130 760 2406 828 ἐποίευν
2435 787 2509 829 τε
2537 758 2664 830 οὐκ

397 850 662 930 ἑκόντες
697 859 1080 938 Αἴγυπτον,
1136 848 1211 922 τὸ
1240 855 1403 943 πρὶν
1428 858 1674 925 ἐοῦσαν
1701 859 2076 946 ἱππασίμην
2114 862 2229 930 καὶ
2255 856 2660 952 ἁμαξευομέ-

396 982 524 1042 νην
565 957 820 1039 πᾶσαν,
884 957 1085 1024 ἐνδεᾶ
1108 954 1387 1026 τούτων.
1493 955 1624 1028 ἀπὸ
1664 955 1792 1049 γὰρ
1830 959 2076 1030 τούτου
2102 969 2223 1032 τοῦ
2259 963 2508 1055 χρόνου
2533 974 2669 1036 Al'-r

398 1083 650 1146 γυπτος
668 1107 687 1140 ,
717 1059 919 1127 ἐοῦσα
949 1057 1184 1139 πεδιὰς
1211 1063 1422 1144 πᾶσα,
1450 1057 1742 1142 ἄνιππος
1772 1065 1885 1133 καὶ
1911 1060 2364 1153 ἀναμάξευτος
2392 1070 2626 1157 γέγονε
2645 1064 2683 1105 ·’

396 1171 605 1230 αἴτιαι
635 1158 709 1229 δὲ
738 1158 1000 1230 τούτων
1019 1168 1097 1231 αἱ
1118 1160 1444 1253 διώρυχες
1464 1164 1803 1253 γεγόνασι,
1834 1169 2062 1238 ἐοῦσαι
2088 1173 2329 1240 πολλαὶ
2350 1173 2463 1240 καὶ
2491 1196 2658 1241 παν-

396 1268 619 1344 τοίους
645 1261 934 1354 τρόπους
962 1270 1255 1353 ἔχουσαι.
1363 1269 1731 1356 κατέταμνε
1765 1268 1839 1338 δὲ
1867 1274 2068 1341 τοῦδε
2112 1276 2338 1341 εἵνεκα
2365 1270 2490 1364 τὴν
2531 1272 2661 1362 χιό-

399 1395 528 1455 ρην
563 1362 614 1443 6
658 1367 1006 1455 βασιλεύς·
1113 1390 1258 1438 οσοι
1298 1374 1437 1439 τῶν
1483 1376 1883 1457 Αἰγυπτίων
1933 1369 2023 1461 μὴ
2080 1375 2190 1444 ἐπὶ
2240 1380 2336 1467 τῷ
2393 1382 2666 1469 ποταμῷ

398 1476 674 1594 ἔκτηντο
702 1496 817 1549 τας
844 1470 1037 1552 πόλις
1063 1469 1212 1542 ἀλλ’
1244 1469 1654 1561 ἀναμέσους,
1702 1463 1921 1559 οὗτοι,
1961 1503 2135 1558 οκως
2159 1504 2232 1546 τε
2257 1472 2506 1547 (ἐπίοι’
2474 1508 2511 1548 ο
2540 1504 2661 1547 πο-

395 1569 631 1660 ταμὸς,
677 1581 1105 1658 σπανίζοντες
1148 1571 1422 1645 υδάτων
1458 1579 1927 1666 πλατυτέροισι
1969 1581 2277 1669 ἐχρέοντο
2316 1596 2488 1652 τοῖσι
2539 1581 2662 1654 πό-

394 1781 606 1847 society
641 1782 703 1832 of
729 1783 962 1834 Literat.
1009 1798 1120 1835 sec.
1160 1799 1266 1836 ser.
1303 1785 1383 1838 11.
1420 1802 1475 1852 p.

396 1849 499 1902 345
546 1867 663 1930 seq.
707 1879 776 1892 —-
840 1852 909 1903 In
957 1868 1111 1919 seqq.
1168 1853 1239 1905 ad
1287 1871 1476 1906 vocem

393 1910 1029 2055 ἐξὲἵήέἑέἳιῗὲἓξχὲ
1062 1924 1189 2049 ἐέὲ
1199 1924 1334 2041 ‚232¹
1345 1925 1476 2043 ιῗὲ

396 2072 498 2115 σας
532 2073 583 2108 κ.
621 2073 667 2107 τ
716 2057 789 2124 λ.]
846 2060 975 2111 Vid.
1015 2060 1241 2112 Diodor.
1289 2063 1347 2125 1,
1385 2064 1472 2113 57.

391 2128 572 2193 Atque
603 2129 948 2180 coniunctum
976 2136 1062 2180 est
1085 2132 1364 2196 sequentis
1388 2148 1475 2182 ca·

392 2198 525 2262 pitis
567 2204 971 2263 argumentum,
1019 2201 1274 2264 quoniam
1318 2217 1477 2251 accu-

393 2272 517 2318 rata
554 2268 836 2332 regionum
882 2268 1178 2335 descriptio
1225 2272 1478 2321 termino-

391 2351 618 2402 rumque
661 2337 1160 2389 constituendorum
1206 2342 1350 2391 ratio
1398 2341 1479 2390 in-

394 2406 568 2471 deque
611 2406 962 2471 vectigalium
1005 2424 1219 2474 quoque
1257 2411 1478 2476 exigen-

394 2475 582 2526 dorum
618 2476 686 2526 ab
721 2476 806 2527 his
850 2477 1132 2528 canalibus
1167 2479 1238 2529 ad
1277 2485 1474 2530 terram

393 2545 710 2596 fertiliorem
735 2545 1064 2598 reddendam
1087 2546 1333 2599 deductis
1357 2564 1479 2615 pro·

392 2615 666 2666 veniebat.
725 2616 915 2680 Neque
951 2618 1117 2667 etiam
1141 2619 1357 2669 omnino
1384 2634 1477 2669 au·

393 2689 512 2735 ctor
547 2684 704 2736 huius
748 2685 828 2736 rei
864 2686 1035 2737 fuisse
1067 2686 1282 2737 videtur
1318 2688 1477 2738 Seso-

393 2754 551 2815 stris,
612 2770 734 2805 eum
785 2754 923 2805 talia
974 2760 1101 2806 ante
1144 2757 1320 2820 ipsum
1364 2757 1476 2807 iam

391 2824 645 2874 instituta
678 2823 848 2875 fuisse
892 2840 1151 2890 perquam
1192 2826 1268 2876 sit
1306 2825 1477 2877 credi-

391 2892 528 2955 bile,
570 2893 667 2944 sed
701 2894 932 2944 multum
973 2893 1069 2944 illa
1117 2895 1336 2946 auxisse
1367 2911 1475 2946 me-

388 2961 602 3028 liusque
646 2963 929 3014 ordinasse
970 2964 1187 3015 videtur
1232 2980 1355 3028 rex,
1404 2964 1476 3015 ad

389 3047 549 3097 quem
586 3033 881 3098 principem
923 3034 1036 3084 fere
1070 3049 1257 3100 regum
1292 3035 1473 3100 Aegy·

390 3102 623 3166 ptiorum
670 3101 1148 3167 adscribebantur,
1204 3119 1474 3169 quaecun-

389 3186 493 3236 que
527 3171 815 3236 splendida
839 3177 1004 3239 atque
1027 3175 1248 3239 egregia
1284 3189 1350 3224 ex
1379 3191 1474 3225 an·

388 3241 647 3306 tiquitate
669 3242 927 3293 instituta
955 3242 1146 3293 habuit
1174 3244 1473 3309 Aegyptus,

390 3309 462 3361 ad
495 3310 709 3374 imperii
738 3309 953 3362 laudem
978 3327 1086 3362 uon
1112 3313 1288 3363 minus
1310 3329 1473 3379 qnam

391 3378 461 3427 ad
495 3378 666 3428 vitam
699 3378 874 3443 ipsam
910 3380 1230 3431 cultiorem
1214 3382 1473 3447 insignia.

390 3446 1030 3499 Conf.Heeren.1deen
1065 3456 1173 3501 etc.
1204 3451 1289 3513 11,
1324 3454 1377 3501 2.
1417 3467 1473 3514 p.

390 3515 488 3567 341
530 3514 654 3566 coll.
675 3516 797 3568 348.
834 3517 1058 3568 Rennel.
1080 3517 1118 3568 l.
1140 3517 1175 3569 1.
1201 3533 1325 3584 pag.
1349 3519 1470 3572 597.

389 3586 567 3652 Atque
599 3584 685 3635 his
727 3586 1009 3637 canalibus
1046 3602 1256 3637 omnem
1295 3588 1474 3651 Aegy·

391 3656 474 3720 pti
523 3654 719 3706 faciem
770 3655 930 3707 valde
981 3655 1152 3706 fuisse
1206 3660 1469 3705 mutatam

389 3725 526 3776 bene
562 3723 829 3776 credimus
849 3725 1128 3776 Herodoto
1152 3724 1354 3776 diserte
1377 3740 1471 3775 no-

394 3796 560 3857 tanti,
623 3795 778 3859 equis
827 3800 882 3846 et
927 3795 1173 3845 curribus
1206 3810 1316 3845 non
1355 3810 1470 3845 am-

391 3862 531 3928 plius
567 3879 687 3914 eam
731 3880 851 3916 esse
884 3869 1096 3930 aptam,
1147 3879 1286 3929 quae
1329 3864 1473 3914 scili·

389 3938 478 3983 cet
518 3937 685 3983 antea
729 3939 786 3985 et
829 3934 1069 4000 equitum
1113 3937 1169 3983 et
1220 3946 1473 3983 curruum

391 4006 717 4053 armatorum
752 4004 912 4067 copia
949 4002 1258 4065 abundarit,
1295 4007 1358 4053 ut
1389 4001 1475 4051 vel

391 4087 457 4120 ex
484 4070 658 4121 Exod.
688 4072 837 4133 XIV,
862 4072 897 4122 9
921 4070 1263 4137 intelligitur.
1309 4070 1476 4122 Plura

389 4138 676 4260 Mighaelis
717 4140 1013 4192 Mosaisch.
1041 4141 1233 4192 Recht.
1270 4140 1377 4191 111.
1415 4156 1472 4206 p.

391 4209 454 4259 21
526 4224 584 4258 se

461 4223 693 4326 ἐποίὲἓν
754 4290 813 4325 τε
868 4267 975 4327 οὐκ
1032 4266 1257 4334 ἑκόντες
1308 4274 1476 4340 Αἴγυ-

390 4360 537 4396 πτον
570 4376 641 4386 —-
671 4336 836 4395 ἐνδεᾶ
867 4341 1108 4410 τούτων]
1146 4346 1187 4398 i.
1216 4362 1262 4396 e.
1289 4347 1476 4397 redde-

1581 1793 1699 1837 ame
1734 1794 1849 1836 erat
1885 1791 2026 1852 equis
2052 1789 2399 1854 plaustrisque
2431 1788 2667 1867 vehendis

1580 1864 1686 1907 tota
1720 1863 1874 1919 apta,
1919 1856 1998 1906 his
2032 1857 2356 1915 destitutam
2407 1857 2499 1908 ubi
2534 1850 2664 1908 τού-

1578 1891 2665 2077 ἕὲἔαὲἓίᾖῗίιιῗμὲἶξέυὲἕέἕηῖῗὲἑ“

1579 2063 1847 2126 tinentur,
1896 2078 2115 2113 monere
2158 2065 2253 2113 vix
2298 2080 2454 2130 opus.
2500 2055 2666 2115 ἐνδεᾶ

1577 2132 1917 2182 immutatum
1982 2131 2206 2197 reliqui,
2272 2133 2346 2183 cf.
2396 2137 2535 2186 nott.
2591 2133 2662 2184 ad

1578 2216 1818 2266 prooem.
1871 2199 1997 2251 libri
2091 2202 2230 2253 rimi.
2319 2203 2435 2287 Nep
2486 2203 2664 2268 magis

1578 2286 1714 2335 opus
1748 2271 1985 2322 scribere
2055 2265 2217 2320 ποίεέ
2246 2286 2306 2320 τε
2344 2267 2450 2321 οὐκ
2495 2265 2659 2336 ἑκών,

1578 2339 1722 2405 quod
1746 2340 2028 2406 proposuit
2051 2341 2136 2390 vir
2160 2341 2353 2391 doctus
2386 2341 2443 2390 in
2468 2342 2661 2392 Rhein.

1577 2410 1720 2460 Mus.
1758 2410 1826 2461 N.
1867 2410 1934 2461 F.
1970 2410 2069 2460 VI.
2107 2425 2159 2475 p.
2203 2410 2320 2461 154.
2395 2411 2553 2473 Quod
2592 2411 2661 2461 ad

1575 2484 1953 2544 argumentum
1989 2478 2099 2530 loci
2134 2479 2361 2542 attinet,
2396 2479 2415 2527 i
2455 2495 2519 2531 sa
2556 2481 2661 2530 Ae-

1578 2552 1780 2625 gyptus
1842 2548 1934 2597 vix
1984 2547 2090 2599 dici
2158 2549 2360 2612 poterit
2450 2563 2663 2606 νιππος

1578 2621 1634 2667 et
1671 2606 2085 2679 ἀναμάξευτος,
2123 2617 2171 2665 si
2205 2617 2441 2666 animum
2470 2617 2661 2668 adver-

1576 2690 1756 2736 tamus
1793 2685 1863 2734 ad
1897 2686 2019 2750 ipsa
2054 2684 2443 2750 Aegyptiorum
2475 2701 2661 2736 monu-

1576 2759 1785 2816 menta,
1810 2755 1868 2803 in
1894 2753 2090 2819 quibus
2111 2755 2251 2803 varii
2272 2756 2487 2819 generis
2510 2755 2659 2820 plan·

1575 2828 1693 2875 stra
1725 2823 1935 2873 duobus
1966 2824 2120 2887 equis
2153 2822 2466 2891 plerumque
2499 2828 2660 2874 vecta

1576 2893 1894 2945 exhibentur
1941 2892 2171 2958 ipsaque
2214 2894 2356 2943 ratio
2389 2893 2660 2958 plaustro-

1575 2979 1694 3014 rum
1728 2961 2166 3013 fabricandorum
2197 2967 2656 3027 repraesentatum

1576 3048 1737 3099 quam
1772 3033 1829 3081 in
1859 3047 1972 3082 rem
2006 3031 2239 3098 plurima
2260 3031 2414 3083 dabit
2429 3032 2659 3083 Wilkin-

1577 3119 1696 3154 son.
1733 3103 1991 3152 Manners
2026 3105 2133 3152 etc.
2172 3102 2219 3153 Ι.
2257 3117 2312 3166 p.
2348 3101 2451 3155 336
2485 3119 2658 3168 seqq.,

1579 3187 1742 3291 ‘¹⁰33
1769 3171 2396 3305 2¹2³.22¹?.„2”22”6.0555·
2434 3172 2659 3306 ,ὸυὶῗιῖῇ

1575 3310 1842 3375 Intelligit
1873 3312 2080 3360 canales·
2096 3312 2239 3359 vario
2259 3310 2400 3360 modo
2431 3325 2660 3375 quaqua-

1573 3395 1749 3431 versus
1783 3380 2040 3432 deductos.
2113 3377 2657 3439 conf.1,188.199.

1575 3449 1747 3498 —In
1782 3463 1937 3514 seqq.
1975 3444 2171 3511 reliqui
2215 3444 2405 3494 εἵνεκα
2441 3447 2510 3494 ab
2550 3460 2662 3494 om-

1573 3518 1733 3567 nibus
1763 3514 1920 3565 libris
1949 3515 2169 3601 scriptis
2207 3514 2497 3579 prolatum.
2555 3516 2658 3565 Re-

1575 3590 1744 3636 centt.
1773 3584 1895 3634 edd.
1934 3579 2168 3632 εινεκεν.

1644 3646 2041 3717 πλατυτέροισι
2078 3642 2338 3715 ἐχρέοντο
2375 3650 2524 3699 τοισι
2553 3641 2657 3699 πό-

1571 3720 1726 3788 μασι]
1774 3722 1811 3772 i.
1852 3736 1899 3771 e.
1945 3722 2161 3771 salsiore
2203 3727 2325 3781 potu
2363 3719 2659 3769 utebantur

1573 3808 1618 3843 s.
1656 3806 1793 3856 aqua
1825 3792 2060 3840 salabre.
2116 3789 2256 3838 Nam
2291 3779 2472 3837 πλατὺ
2496 3777 2657 3853 υδωρ

1572 3860 1880 3925 Hesychius
1931 3858 2154 3923 exponit
2197 3848 2477 3922 ἁλμυρὸν,
2532 3873 2657 3908 ean-

1574 3931 1800 3994 demque
1832 3928 1986 3978 vocis
2013 3929 2342 3993 potestatem
2366 3926 2437 3977 ad
2455 3927 2652 3978 Athen.

1576 4000 1665 4062 11,
1706 4001 1739 4049 4
1788 3998 2235 4048 commonstravit
2280 3996 2655 4060 Casaubonus,

1576 4071 1802 4119 notante
1822 4065 2205 4131 Wesselingio,
2243 4067 2338 4129 qui
2361 4065 2488 4117 inde
2509 4074 2657 4117 recte

1577 4142 1761 4188 tuetur
1781 4134 2104 4186 Dicaearchi
2139 4135 2316 4186 locum
2351 4151 2400 4186 ο.
2441 4135 2523 4197 13,
2561 4137 2657 4187 ubi

1574 4198 1874 4257 ὖπόπλατυ
1902 4203 1982 4269 (ἰᾱ
2005 4209 2116 4256 est:
2151 4204 2433 4256 subsalsam
2453 4207 2654 4286 aquam)

1577 4274 1795 4343 quidam
1839 4279 2049 4325 mutare
2080 4275 2368 4326 voluerant
2409 4274 2467 4323 in
2513 4264 2657 4324 ὑπό-

1580 4359 1750 4409 παχυ.
1788 4345 1868 4395 Ac
1890 4345 2125 4408 pertinet
2149 4344 2272 4407 huc,
2305 4343 2449 4409 quod
2469 4344 2657 4394 etiam-

381 4415 609 4488 ·baatque
670 4417 744 4468 ita
789 4417 931 4467 inviti
974 4415 1283 4482 Aemtnm,
1348 4430 1479 4482 quae
1581 4429 1708 4467 num
1732 4413 2090 4482 inAegyptiis
2110 4414 2310 4482 puteis,
2338 4414 2657 4479 praesertim
