3109 5092
371 348 382 359 ·
478 329 600 390 116

1346 328 1881 391 HERODOTI

469 500 548 571 τὸ
577 502 657 571 δὲ
682 502 1198 590 πολυπλάνητον
1225 500 1456 589 κάρτα.
1504 498 1614 569 ἐπὶ
1644 500 1769 588 μὲν
1797 499 1923 587 γὰρ
1946 508 2423 580 Δευκαλίωνος
2448 505 2757 589 βασιλέος

471 614 652 674 οἴκεε
678 611 806 693 γῆν
830 604 953 693 τὴν
975 609 1304 689 Φθιῶτιν,
1332 600 1441 672 ἐπὶ
1472 604 1547 672 δὲ
1568 602 1818 691 Δώρου
1846 608 1966 671 τοῦ
1979 599 2299 690 Ἕλληνος
2325 601 2447 692 τὴν
2471 600 2604 674 ὑπὸ
2630 602 2766 693 τὴν

471 771 692 833 fuerint,
732 787 926 822 vereor
961 776 1022 820 ut
1056 770 1314 821 assentiri
1336 769 1560 834 possim.

470 841 760 890 Caeterum
786 842 859 891 cf.
889 841 1056 891 etiam
1091 839 1271 891 Raoul
1295 839 1565 890 Rochette

471 910 540 959 de
583 910 688 959 hac
734 926 792 960 re
838 914 1199 975 exponentem
1246 909 1281 959 l.
1330 908 1368 959 l.
1419 910 1467 958 1.
1507 924 1562 973 p.

472 978 573 1028 140
616 995 769 1044 seqq.
812 985 869 1029 et
913 980 1107 1030 Riedel
1149 979 1271 1029 loco
1317 994 1437 1042 cap.
1475 980 1562 1029 57.

466 1046 746 1099 laudando
781 1064 834 1113 p.
873 1050 975 1101 592
995 1064 1146 1113 seqq.
1175 1048 1297 1099 595.
1333 1050 1421 1098 Cr.
1450 1046 1567 1095 lau-

469 1117 567 1166 dat
611 1118 876 1169 Niebuhr.
933 1119 991 1168 in
1042 1119 1256 1168 Histor.
1311 1119 1466 1167 Rom.
1516 1117 1563 1166 1.

467 1202 520 1251 p.
568 1184 657 1238 35.
704 1187 770 1237 67
815 1203 930 1251 seq.
981 1187 1164 1237 Stura.
1216 1187 1284 1236 de
1333 1185 1555 1235 dialect.

467 1254 761 1306 Alexandr.
801 1272 928 1320 pag.
978 1256 1012 1305 9
1057 1261 1171 1306 not.
1233 1256 1325 1317 (de
1371 1254 1560 1304 Pelas-

467 1339 659 1388 gorum
696 1325 1039 1389 originibus),
1075 1329 1132 1374 et
1157 1323 1402 1374 Platner.
1437 1324 1561 1373 Bei-

467 1395 624 1457 triige
686 1410 734 1442 z.
801 1394 1101 1444 Kenntuiss
1165 1394 1260 1443 des
1320 1392 1554 1443 Attisch.

467 1461 672 1510 Rechts
708 1477 833 1527 pag.
878 1464 943 1512 12
981 1467 1118 1525 not.,
1156 1463 1250 1527 qui
1286 1462 1559 1526 duplicem

466 1528 824 1595 Pelasgorum
882 1533 939 1579 in
1000 1532 1242 1581 Atticam
1291 1531 1558 1595 distingui

467 1596 588 1647 vult
642 1601 1049 1664 migrationem3
1107 1602 1371 1665 priorem,
1421 1616 1559 1664 quae

466 1666 523 1716 h.
564 1667 601 1718 l.
640 1674 695 1718 et
728 1668 804 1731 11,
854 1670 942 1720 51.
990 1670 1153 1733 VIII,
1195 1672 1282 1720 44.
1332 1685 1560 1719 comme-

467 1742 724 1800 moretur,
762 1739 1136 1803 posteriorem,
1185 1740 1252 1788 de
1303 1754 1411 1803 qua
1458 1739 1556 1799 VI,

470 1805 587 1867 137,
635 1812 877 1873 tempore
913 1808 1298 1873 migrationum
1333 1806 1560 1857 Aeolen-

466 1875 623 1938 sium,
653 1880 716 1926 ut
735 1878 934 1928 Strabo
970 1883 1206 1928 testetur
1230 1878 1326 1927 IX.
1354 1893 1409 1941 p.
1431 1878 1554 1927 401.

465 1960 509 1995 s.
544 1944 718 2010 p.391
758 1947 841 1998 ed.
879 1947 1078 1998 Tzseh.
1126 1947 1210 1997 Ab
1247 1947 1333 1996 his
1371 1946 1558 1996 Pelas-

464 2014 549 2078 gis
612 2016 785 2065 serius
840 2017 1085 2066 advectis
1135 2017 1379 2077 moenia,
1421 2030 1562 2080 quae

463 2082 632 2147 vulgo
659 2084 950 2150 Pelasgica
980 2085 1253 2147 dicuntur,
1290 2100 1411 2134 esse
1434 2100 1562 2135 con-

468 2154 682 2200 structa
717 2150 864 2215 (coll.
888 2154 1089 2203 Meurs.
1127 2154 1351 2218 Cecrop.
1379 2155 1430 2204 5.
1465 2154 1561 2203 At-

466 2220 596 2268 ticc.
662 2219 841 2271 Lectt.
916 2223 978 2283 6,
1039 2223 1112 2284 1),
1158 2223 1301 2272 idem
1367 2224 1563 2271 statuit

465 2287 710 2339 Platner.

532 2348 597 2403 τὸ
634 2351 697 2405 δὲ
732 2346 1199 2418 πολυπλάνητον
1232 2347 1431 2420 κάρτα]
1458 2359 1560 2407 Be-

466 2424 659 2488 scripsi
723 2415 1168 2487 πολυπλάνητον
1226 2439 1256 2472 e
1311 2423 1554 2476 Florent.

465 2492 583 2542 sive
609 2492 1132 2543 Schellershemiano
1171 2507 1294 2542 cum
1327 2488 1554 2543 re'centt.

464 2562 588 2612 edd.
636 2562 860 2612 iubente
902 2577 1116 2626 quoque
1154 2562 1388 2612 Bredov.
1430 2576 1553 2627 pag.

464 2630 550 2693 36,
590 2633 683 2696 qui
723 2631 954 2681 alteram
993 2632 1244 2693 formam,
1281 2647 1444 2696 quam
1467 2630 1556 2681 Al-

465 2700 595 2750 dina
623 2701 859 2763 exhibet,
896 2695 1429 2763 πουλυπλάνητον,
1467 2701 1556 2751 hic

463 2769 594 2818 ferri
628 2785 798 2835 posse
839 2776 1025 2834 negat.
1101 2770 1184 2821 Of.
1235 2771 1400 2820 etiam
1444 2770 1553 2833 III,

462 2837 549 2889 38.
594 2870 667 2879 -
710 2840 841 2890 Mox
886 2839 1082 2904 scripsi
1128 2835 1383 2904 βασιλέος
1427 2841 1553 2904 (pro

463 2904 754 2972 βασιλῆος)
795 2923 918 2957 cum
966 2911 1197 2958 recentt.
1246 2907 1368 2956 edd.
1426 2908 1551 2958 Vid.

464 2975 664 3024 Strnve
700 2976 859 3038 Spec.
901 2977 979 3026 11.
1033 2977 1259 3036 Quaest.
1309 2976 1564 3027 Herodd:

463 3058 515 3106 p.
586 3042 667 3093 16.
716 3072 787 3082 —-
838 3043 997 3106 Quod
1052 3059 1183 3093 vero
1239 3043 1328 3093 hic
1376 3046 1552 3095 Dores

461 3103 893 3175 πολυπλάνητοι
950 3112 1232 3169 dicuntur,
1284 3114 1440 3161 testis
1470 3119 1554 3163 est

460 3183 584 3230 tota
628 3179 742 3229 fere
784 3180 1118 3245 antiquitas,
1178 3181 1272 3230 ubi
1321 3182 1551 3233 maxime

462 3248 807 3299 celebrantur
826 3250 1035 3299 Dorum
1056 3250 1548 3315 commigrationes.

460 3319 544 3368 De
580 3318 775 3383 quibus
805 3324 988 3368 tamen
1024 3319 1245 3384 copiose
1282 3335 1552 3385 exponere

459 3388 621 3438 huius
666 3388 774 3438 loci
808 3404 919 3439 non
967 3393 1069 3439 est.
1120 3390 1302 3454 Magis
1348 3389 1454 3439 huc
1490 3391 1551 3440 il-

458 3456 552 3507 lud
590 3457 743 3520 facit,
794 3459 939 3521 quod
978 3457 1233 3508 Hellenes
1281 3458 1549 3524 antiquis-

459 3527 599 3589 simi,
640 3543 867 3592 quorum
905 3528 1051 3593 apud
1079 3529 1376 3578 Homerum
1404 3545 1549 3579 men-

458 3596 555 3657 tio,
585 3596 796 3647 incolae
823 3603 950 3647 sunt
973 3595 1073 3662 τῆς
1097 3589 1384 3657 Ἑλλάδος,
1408 3613 1547 3663 quae

459 3664 779 3716 Thessaliae
814 3670 900 3715 est
935 3667 1066 3716 urbs
1104 3668 1174 3717 ad
1212 3666 1438 3717 Achillis
1469 3669 1546 3717 di-

456 3733 659 3783 tionem
714 3736 1019 3799 pertinens,
1069 3735 1215 3786 haud
1261 3736 1420 3785 aliter
1463 3743 1545 3786 at-

458 3814 563 3863 que
597 3802 815 3863 Phthia,
856 3818 996 3865 quae
1045 3809 1101 3853 et
1148 3805 1267 3867 ipsa
1314 3805 1544 3856 Thessa-

456 3865 563 3916 liae
600 3873 683 3917 est
717 3870 847 3918 urbs
886 3872 1001 3920 sive
1037 3877 1269 3922 tractus.
1308 3874 1393 3923 Tu
1428 3874 1540 3923 vid.

458 3950 491 3983 a
528 3935 614 3984 Cr.
650 3935 906 3986 laudatos
943 3939 1163 3989 Homer.
1204 3941 1289 3989 Ili.
1334 3942 1410 4002 11,
1438 3943 1541 3993 683

457 4018 571 4067 seq.
619 4003 752 4068 ibiq.
808 4006 985 4069 Heyn.
1037 4007 1135 4069 IX,
1185 4007 1304 4059 363.
1355 4010 1536 4061 Sti-ab.

458 4070 556 4122 IX.
597 4088 650 4136 p.
685 4071 805 4122 431.
844 4088 890 4122 s.
933 4090 986 4138 p.
1035 4075 1139 4125 659
1176 4076 1219 4125 C
1264 4092 1376 4141 seq.
1422 4079 1539 4129 Nec

453 4138 594 4190 alias
650 4141 899 4204 regiones
952 4142 1020 4191 ab
1073 4144 1385 4207 Herodoto,
1445 4148 1539 4210 qui

453 4208 822 4258 Phthiotidem
870 4211 1249 4275 antiquissimo
1296 4217 1536 4278 tempore

453 4276 594 4326 hanc
629 4283 846 4342 gentem
870 4281 1111 4330 tenuisse
1130 4288 1428 4345 asseveret,
1456 4284 1535 4333 iu-

453 4345 624 4395 dicari
677 4346 912 4398 credam.
996 4348 1077 4399 Os.
1128 4351 1359 4400 Kortiim
1408 4352 1442 4402 l.
1490 4352 1527 4404 l.

1665 783 1791 833 pag.
1830 768 1914 819 19.
1952 768 2203 819 Helladis
2249 769 2377 818 inde
2431 785 2628 820 nomen
2673 770 2755 818 in-

1666 843 1754 887 tra
1776 838 2098 888 Thessaliae
2130 838 2264 888 fines
2291 837 2436 903 apud
2459 839 2755 889 Homerum

1666 908 1955 969 contineri,
1998 908 2312 957 observavit
2347 907 2662 971 Apollodor.
2697 910 2755 958 in

1664 977 1939 1042 Fragmm.
1989 977 2134 1042 apud
2181 977 2438 1027 Strabon.
2486 978 2648 1028 VIII.
2694 993 2750 1041 p.

1667 1045 1789 1096 370.
1830 1060 1875 1096 s.
1912 1062 1966 1110 p.
2009 1045 2111 1097 568
2142 1046 2183 1096 C
2216 1047 2293 1111 (p.
2330 1046 2433 1097 423
2470 1047 2555 1096 ed.
2592 1047 2755 1110 Apol-

1665 1114 1775 1165 lod.
1815 1116 2042 1179 Ποῖα).
2099 1115 2208 1177 Qui
2251 1131 2380 1165 vero
2417 1116 2625 1165 factum
2662 1117 2754 1177 sit,

1665 1189 1727 1233 ut
1762 1185 1930 1234 hocce
1969 1199 2165 1235 nomen
2199 1190 2390 1248 postea
2433 1185 2505 1234 ad
2543 1200 2755 1234 omnem

1662 1254 1773 1303 fere
1808 1255 2095 1305 Graeciam
2130 1254 2469 1318 pertinuerit,
2508 1269 2618 1303 non
2645 1270 2756 1303 ma-

1661 1324 1746 1387 gis
1794 1338 2055 1387 quaerere
2107 1323 2339 1385 attInet‚
2392 1339 2556 1388 quam
2615 1339 2756 1388 quae

1661 1392 1867 1456 primae
1901 1392 2060 1442 huius
2111 1392 2282 1456 ipsius
2330 1393 2509 1457 gentis
2549 1392 2756 1442 fuerint

1662 1461 1837 1522 sedes,
1878 1477 2020 1526 quae
2062 1462 2321 1525 origines.
2377 1462 2556 1511 Multa
2591 1462 2754 1512 colle·

1662 1531 1743 1595 git
1777 1532 1945 1581 Beck.
1985 1530 2187 1580 Auleit.
2244 1547 2292 1580 z.
2331 1530 2664 1595 Weltgesch.
2704 1532 2750 1581 Ι.

1662 1615 1789 1664 pag.
1837 1601 1959 1651 808.
2010 1599 2134 1650 coll.
2182 1601 2359 1649 Kmse
2408 1597 2645 1664 (Hellas)
2702 1602 2750 1651 1.

1663 1684 1715 1732 p.
1767 1669 1865 1719 461
1918 1684 2067 1733 seqq.
2141 1670 2226 1718 De
2268 1671 2577 1720 Deucalione
2623 1685 2754 1734 rege

1659 1737 1802 1787 idem
1847 1739 2015 1788 Beck.
2064 1737 2100 1787 l.
2148 1736 2185 1787 l.
2236 1754 2363 1804 pag.
2417 1738 2523 1790 809
2569 1739 2754 1788 varias

1661 1805 1884 1872 collegit
1919 1812 2165 1857 veterum
2201 1808 2520 1869 sententias,
2560 1808 2654 1857 vix
2690 1807 2755 1857 il.

1661 1875 1741 1925 las
1788 1875 2004 1939 quidem
2054 1877 2198 1926 inter
2251 1892 2311 1926 se
2357 1876 2751 1927 conciliandas.

1659 1946 1744 1994 Ad
1773 1946 2116 1995 Herodotum
2165 1946 2301 1995 facit
2348 1945 2636 1996 Strabonis
2674 1947 2752 1996 lo-

1664 2030 1761 2064 cus
1813 2015 1910 2064 lx.
1959 2031 2010 2079 p.
2056 2014 2179 2065 432.
2230 2030 2273 2065 s.
2326 2015 2430 2066 660
2475 2016 2549 2064 B:
2598 2008 2752 2063 ἱστο-

1664 2086 1845 2146 ρεῖται
1870 2077 1975 2147 γὰρ
2013 2073 2043 2132 ὁ
2072 2083 2403 2133 Δευκαλίων
2429 2081 2531 2147 τῆς
2555 2078 2752 2132 Φθιώ-

1660 2149 1817 2209 τιδος
1842 2147 2011 2215 ἄρξαι
2047 2147 2144 2201 καὶ
2176 2145 2370 2209 ἁπλαῖς
2404 2149 2508 2215 τῆς
2545 2149 2753 2202 Θεττα-

1659 2220 1798 2277 λίας.
1877 2223 1996 2282 Quo
2033 2221 2224 2271 eodem
2262 2225 2489 2272 auctore
2537 2222 2753 2271 Deuca-

1663 2288 1826 2339 lionis
1880 2288 2022 2339 filius
2073 2305 2140 2339 ex
2183 2291 2394 2355 Pyrrha
2447 2295 2751 2356 prognatus

1660 2357 1859 2408 Hellen
1907 2363 2052 2420 erat,
2113 2360 2207 2423 qui
2255 2375 2378 2409 cum
2431 2359 2576 2424 patri
2632 2361 2750 2424 ipse

1661 2426 2019 2476 successisset
2064 2428 2122 2477 in
2171 2444 2369 2493 regno,
2432 2429 2558 2478 dein
2621 2428 2750 2478 filiis

1661 2495 1775 2545 suis
1826 2510 2051 2560 regnum
2099 2496 2356 2548 divisisse
2414 2497 2604 2549 fertur.
2663 2499 2750 2548 Tu

1659 2564 1807 2613 conf.
1844 2565 2012 2614 Beck.
2049 2563 2087 2613 l.
2125 2564 2163 2616 l.
2193 2572 2250 2616 et
2281 2581 2422 2632 quae
2443 2582 2614 2630 nuper
2640 2566 2751 2617 dis-

1656 2632 1830 2681 seruit
1860 2633 2202 2683 Schoemann
2239 2636 2298 2685 in
2334 2636 2467 2686 diss.
2506 2636 2574 2686 de
2605 2637 2747 2686 Pan-

1658 2701 1791 2750 dora
1825 2717 1877 2764 p.
1916 2704 1984 2752 29
2014 2717 2129 2783 seq.
2401 2714 2409 2720 '

1728 2767 1878 2819 οἴκεε
1917 2769 2027 2834 γῆν
2058 2786 2165 2834 την
2184 2768 2463 2837 Φθιῶτιν]
2490 2773 2747 2823 Schaefe-

1657 2854 1748 2887 rus
1801 2854 1898 2903 pro
1955 2838 2214 2888 Φθιῶτιν
2274 2840 2522 2891 ediderat
2560 2840 2748 2906 Φθιῆ-

1655 2922 1774 2971 τιν,
1828 2908 1994 2972 idque
2029 2909 2206 2971 ipsum
2247 2924 2421 2971 nunc,
2481 2912 2774 2979 suadente„

1656 2977 1893 3027 Bredov.
1930 2993 1982 3040 p.
2023 2978 2141 3039 168,
2166 2993 2200 3026 a
2237 2983 2467 3035 tecentt.
2505 2980 2625 3030 edd.
2664 2996 2746 3031 re-

1656 3051 1873 3108 ceptum
1903 3046 2088 3108 video,
2137 3047 2231 3111 qui
2278 3048 2470 3098 eodem
2512 3049 2744 3099 consilio

1656 3114 1808 3163 ducti
1864 3130 1990 3163 mox
2047 3130 2260 3180 quoque
2304 3108 2632 3181 Ἰστιαιῆτιν
2689 3123 2745 3168 et

1645 3173 2046 3247 ρΙσιίαιηίἰδος
2082 3190 2137 3235 et
2184 3182 2559 3249 Θεσσαλιῆτιν
2597 3185 2744 3251 (cap.

1656 3250 1752 3315 57)
1792 3253 2075 3315 dederunt,
2111 3253 2266 3304 libris
2301 3254 2520 3316 invitis,
2561 3270 2595 3304 a
2630 3257 2760 3321 qui-.

1653 3320 1754 3370 bus
1795 3322 1851 3370 in
1887 3337 1945 3371 re
1981 3326 2096 3371 tam
2117 3324 2329 3372 incerta
2365 3328 2419 3372 et
2445 3325 2748 3375 fluctuante

1653 3390 1926 3452 recedere,
1963 3393 2282 3454 praesertim
2327 3391 2384 3440 in
2434 3394 2744 3444 nominibus

1652 3459 1903 3522 propriis,
1940 3475 2107 3510 ausus
2144 3477 2252 3511 nou
2289 3475 2425 3522 sum,
2463 3461 2593 3512 licet
2629 3463 2742 3513 alia

1652 3533 1942 3578 occurrant
1976 3531 2196 3578 nomina
2243 3530 2486 3594 propria,
2525 3532 2582 3580 in
2629 3533 2744 3596 qui-

1649 3597 1750 3646 bus
1787 3613 1883 3661 pro
1923 3600 1968 3645 οἱ
2014 3599 2175 3648 Iones
2225 3600 2473 3662 posuisse
2511 3603 2552 3663 ῆ
2605 3603 2744 3651 satis

1648 3671 1882 3715 constet.
1922 3666 2182 3730 Phthiotis,
2211 3683 2352 3731 quae
2372 3668 2538 3717 etiam
2561 3669 2747 3720 Phthia

1650 3735 1867 3795 dicitur,
1910 3736 1984 3784 ad
2021 3735 2363 3786 Thessaliam
2401 3737 2658 3801 pertinet,
2684 3740 2743 3788 in

1648 3805 1804 3853 cuius
1842 3808 2023 3854 tractu
2074 3805 2418 3856 meridionali
2472 3807 2545 3856 ad
2592 3824 2743 3858 mon-

1647 3878 1756 3922 tem
1791 3873 2005 3937 Othryn
2041 3874 2169 3925 inde
2218 3890 2251 3924 a
2295 3875 2542 3925 fontibus
2580 3876 2739 3941 Sper-

1647 3941 1756 3990 chii
1815 3943 2125 3993 extenditur
2183 3959 2355 4009 usque
2424 3945 2493 3993 ad
2559 3946 2740 4010 Paga-

1645 4025 1832 4059 saeum
1868 4011 2073 4071 sinum;
2112 4028 2439 4077 quamquam
2470 4029 2566 4077 pro
2602 4019 2736 4063 tem·

1643 4094 1834 4141 porum
1859 4081 2072 4131 ratione
2097 4080 2231 4130 fines
2250 4097 2465 4147 quoque
2491 4083 2736 4133 variasse

1643 4148 1923 4211 probabile
1948 4148 2027 4199 fit.
2066 4151 2315 4213 Augusto
2347 4151 2607 4201 Romanis
2636 4152 2735 4202 im-

1639 4222 1867 4280 perante
1903 4218 1971 4268 ad
2022 4218 2364 4268 Thessaliam
2406 4219 2540 4269 haec
2583 4222 2734 4285 regio

1639 4285 1829 4334 itidem
1863 4287 2142 4350 pertinuit,
2182 4292 2326 4338 teste
2372 4288 2613 4338 Pausau.
2661 4291 2731 4349 X,

1638 4353 1690 4404 8.
1729 4354 1777 4414 §-
1817 4356 1867 4405 2.
1907 4354 2072 4405 Plura
2099 4355 2269 4407 Beck.
2309 4356 2347 4406 1.
2385 4354 2424 4406 l.
2462 4358 2509 4406 1.
2545 4372 2598 4419 p-
2626 4357 2726 4407 831
