3109 5092
487 349 614 412 642

488 522 691 612 βύης·

1355 346 1893 409 HERODOTI

769 519 890 591 τὸν
932 522 1008 591 δὲ
1047 527 1259 610 Μῆνα
1297 519 1608 606 ἄνωθεν,
1665 516 1828 589 ὅσον
1864 546 1937 588 τε
1993 515 2232 587 ἑκατὸν
2273 519 2590 593 σταδίους
2631 511 2774 583 ἀπὸ

491 629 809 714 Μέμφιος
825 676 844 709 ,
892 622 1013 694 τὸν
1040 623 1205 715 πρὸς
1231 631 1647 714 μεσαμβρίης
1672 621 1946 710 ἀγκῶνα
1975 620 2459 711 προσχώσαντα
2476 670 2497 704 ,
2540 614 2618 687 τὸ
2641 617 2773 706 μὲν

488 726 769 817 ἀρχαῖον
796 729 1088 818 ῥέεθρον
1122 726 1575 817 ἀποξηρᾶναι,
1622 724 1742 796 τὸν
1784 726 1859 795 δὲ
1912 722 2214 812 ποταμὸν
2255 720 2639 810 ὀχετεῦσαι,
2689 718 2771 789 τὸ

489 835 697 920 μέσον
724 836 863 900 τῶν
893 828 1154 919 οὐρέων
1182 834 1382 920 ῥέειν.
1439 840 1536 901 ἔτι
1559 831 1634 900 δὲ
1662 832 1774 900 καὶ
1799 833 1932 898 νῦν
1958 824 2093 897 ὑπὸ
2123 828 2449 916 Περσέων
2472 821 2510 894 5
2536 820 2774 912 ἀγκών

490 926 687 1016 οὗτος
713 939 836 1004 τοῦ
867 942 1164 1020 Νείλου,
1196 930 1269 1014 ὃς
1294 932 1712 1025 ἀπεργμένος
1740 935 1912 1023 ῥέει,
1955 934 2032 1001 ἐν
2066 935 2410 1021 φυλακῇσι
2441 928 2772 1017 μεγάλῃσι

492 1153 616 1188 cum
658 1140 889 1187 recentt.
926 1134 1049 1186 edd.
1087 1151 1185 1201 pro
1225 1124 1389 1201 ὅρος,
1428 1134 1577 1185 conf.

553 1244 711 1339 πρὸς
754 1266 1005 1355 Λιβύηςὶ
1043 1273 1080 1323 i.
1120 1287 1170 1323 e.
1209 1272 1424 1339 Libyam
1465 1289 1581 1323 oer-

491 1362 607 1405 sus,
647 1349 709 1393 ut
743 1357 866 1392 mox
902 1334 1049 1405 πρὸς
1083 1340 1461 1409 μεσαμβρίης,
1510 1342 1581 1392 de

494 1429 616 1488 quo
637 1411 784 1463 conf.
820 1425 989 1488 supra
1024 1411 1074 1472 1,
1106 1410 1195 1463 84.

562 1472 665 1530 τὸν
710 1472 875 1559 πρὸς
944 1476 1294 1561 μεσαμβρίης
1352 1469 1583 1542 ἀγκῶνα

494 1540 952 1681 332⁶155ffi3'2.
961 1549 1125 1669 ‘3:232
1144 1548 1255 1667 12²1*st
1276 1547 1580 1677 {mm

497 1687 645 1754 quod
678 1688 955 1739 meridiem
990 1702 1181 1737 versus
1204 1686 1409 1737 fluebat
1428 1690 1580 1749 (eum

497 1774 574 1808 sc.
611 1757 668 1806 iu
701 1757 910 1821 locum,
958 1758 1051 1807 ubi
1101 1757 1226 1806 dein
1266 1756 1452 1805 urbem
1490 1768 1582 1803 ex-

496 1827 736 1891 struxit),
761 1827 923 1877 humo
948 1826 1182 1891 adgesta
1214 1824 1582 1889 compleverit,

497 1897 649 1947 fluvii
710 1897 877 1961 igitur
944 1912 1159 1946 cursum
1232 1894 1583 1955 obstruxerit,

496 1967 696 2032 quippe
742 1981 943 2029 aggere
979 1967 1230 2031 opposito
1276 1980 1396 2015 eum
1449 1962 1580 2025 alio,

497 2037 534 2085 i.
552 2052 599 2086 e.
620 2036 884 2085 orientem
897 2050 1106 2097 versus,
1127 2034 1383 2099 dirigens.
1403 2044 1579 2097 προσ-

495 2102 643 2168 χοῦν
690 2104 878 2154 eodem
916 2118 1081 2154 sensu
1126 2104 1202 2167 11,
1253 2105 1335 2154 10.
1394 2102 1579 2152 Minus

497 2176 646 2225 recte
677 2173 836 2223 Miot.
865 2172 1078 2222 Gallice
1103 2172 1236 2222 haec
1258 2174 1340 2221 ita
1366 2185 1583 2236 expres-

498 2243 596 2291 sit:
635 2243 919 2302 „redi-essa
953 2244 1000 2291 le
1034 2242 1191 2291 wude
1223 2258 1317 2306 que
1345 2244 1391 2291 Ie
1421 2242 1582 2302 fleuve

494 2312 706 2374 sarmit
752 2325 885 2372 pour·
935 2326 993 2360 se
1048 2319 1231 2372 porter-
1278 2327 1346 2360 au
1401 2310 1579 2363 midi.“

499 2378 608 2430 Sed
653 2378 762 2428 iam
818 2377 1131 2429 emendavit
1177 2379 1451 2429 Letronne
1498 2377 1581 2440 (in

499 2463 731 2499 censura
773 2447 934 2498 huius
987 2447 1110 2498 libri
1155 2464 1282 2513 pag.
1343 2447 1417 2512 7),
1463 2448 1580 2510 ipse

499 2520 580 2568 sic
613 2518 1009 2582 interpretans.
1061 2517 1242 2568 Manes
1283 2516 1447 2567 barra
1478 2516 1582 2580 (au

499 2603 692 2653 moyen
727 2588 794 2638 de
821 2587 875 2638 ln
911 2584 1101 2653 digne)
1135 2591 1184 2637 Ie
1213 2587 1375 2636 conde
1400 2601 1495 2651 que
1531 2588 1581 2635 le

492 2659 655 2724 fleme
680 2659 890 2735 formai!
907 2674 975 2706 au
1003 2658 1122 2707 „aidi
1155 2656 1245 2721 (de
1262 2654 1581 2720 Memphis);

500 2743 622 2777 cum
667 2719 814 2790 πρὸς
844 2723 1191 2791 μεσαμβρίης
1225 2726 1325 2775 sit:
1373 2727 1440 2775 du
1474 2723 1583 2774 οὸιέ

500 2798 569 2847 du
583 2798 736 2848 midi
809 2796 924 2847 Nec
967 2794 1128 2844 aliter
1174 2795 1288 2845 fere
1322 2795 1376 2845 h.
1413 2794 1450 2845 l.
1492 2809 1583 2843 ac-

501 2866 608 2929 cipi
642 2864 762 2915 vult
793 2866 1014 2914 Bunsen
1039 2864 1375 2929 (Aegyptens
1412 2863 1584 2914 Stelle

501 2938 608 2985 etc.
643 2934 719 2982 11.
759 2949 812 2996 p.
836 2932 969 3011 39.),
1009 2938 1157 2982 recte
1190 2947 1442 2994 monens,
1488 2933 1585 2996 qui

499 3001 612 3052 Nili
644 3002 815 3053 flexus
849 2995 998 3064 πρὸς
1023 2999 1372 3067 μεσαμβρίης
1392 2970 1480 3051 hic
1504 3000 1584 3049 di-

500 3071 668 3132 citur,
713 3072 1021 3134 oppositum
1055 3070 1229 3120 videri
1261 3071 1341 3131 ei,
1375 3071 1466 3135 qui
1502 3071 1584 3119 in-

503 3139 592 3189 fra
607 3138 882 3203 Memphin
906 3138 1122 3189 exsistit
1153 3139 1265 3190 Nili
1299 3107 1470 3189 fl'exus
1499 3155 1583 3190 se-

499 3208 862 3273 ptentrionem
896 3223 1104 3258 versus.
1169 3210 1338 3259 Recte
1366 3223 1584 3274 quoque

500 3279 553 3329 b.
591 3276 629 3328 1.
664 3278 877 3343 accepit
910 3277 1283 3343 champollion
1308 3278 1583 3343 L’Egypt.

500 3362 629 3398 sous
664 3348 744 3399 les
779 3349 942 3398 Phar.
981 3347 1028 3398 1.
1071 3363 1198 3413 pag.
1247 3347 1369 3411 337,
1426 3348 1581 3398 cuius

497 3418 667 3468 verba
691 3418 906 3483 potiora
930 3417 1036 3467 huc
1058 3433 1352 3482 apponam:
1390 3418 1581 3479 „Dans

498 3485 554 3537 la
586 3490 763 3552 partie
794 3487 862 3537 de
894 3487 1178 3552 l'Egypte,
1216 3502 1285 3537 ou
1313 3492 1457 3537 cette
1493 3502 1583 3537 ea.-

499 3556 667 3621 pitale
703 3556 1012 3623 (Memphis)
1052 3557 1139 3607 fut
1174 3556 1489 3618 construite,
1528 3555 1581 3605 le

498 3626 591 3676 Nil
625 3626 831 3677 coulait
863 3625 1219 3677 entieremeut
1253 3641 1323 3676 au
1350 3625 1476 3690 pied
1513 3625 1582 3674 de

497 3694 554 3744 la
593 3702 886 3761 montagne
931 3694 1321 3757 sablonneuse,
1370 3709 1582 3745 connue

498 3778 626 3814 sous
662 3762 715 3814 le
750 3781 874 3816 nom
912 3765 978 3816 de
1014 3771 1308 3829 montagne
1349 3764 1583 3828 Libique

498 3838 554 3882 et
587 3835 896 3897 partageait
921 3835 1064 3884 ainsi
1089 3835 1200 3885 fort
1216 3831 1584 3897 inegalement

495 3899 551 3949 la
587 3900 779 3952 vallee.
849 3900 1040 3953 Menes
1075 3909 1245 3969 ayant
1289 3903 1391 3952 fait
1427 3917 1582 3953 creu-

497 3983 585 4018 ser
622 3984 694 4019 un
728 3986 977 4022 nouveau
1009 3972 1100 4033 lit,
1137 3972 1188 4023 le
1225 3971 1491 4022 detourna
1524 3977 1582 4022 et

498 4038 549 4087 le
582 4038 792 4099 diriges
815 4040 882 4088 de
913 4039 1156 4091 maniere
1175 4040 1304 4105 qu’il
1339 4056 1398 4091 se
1430 4047 1577 4090 trou-

497 4122 570 4157 va
599 4107 634 4156 a
669 4105 827 4171 egale
862 4106 1112 4159 distance
1135 4111 1229 4160 des
1256 4109 1397 4160 deux
1426 4110 1576 4160 chai-

497 4191 593 4226 nes
632 4175 698 4226 de
733 4182 1051 4242 montagnes
1098 4183 1154 4227 et
1198 4194 1261 4228 ce
1306 4179 1390 4229 fut
1437 4180 1576 4229 dans

496 4245 546 4295 le
597 4244 662 4295 lit
717 4246 913 4303 meme,
971 4261 1076 4310 que
1126 4245 1176 4296 le
1240 4246 1333 4297 Nil
1391 4249 1578 4298 venuit

497 4313 901 4365 d’abandonner
940 4315 1070 4380 qu'il
1101 4314 1223 4379 jeta
1265 4317 1343 4367 les
1392 4317 1576 4366 fondo-

495 4400 644 4436 meus
680 4383 749 4435 de
786 4385 1112 4450 Memphis.“
1183 4385 1269 4435 Ad
1302 4385 1575 4451 significa

1399 4485 1424 4521 ἱ

1681 1133 1884 1184 tionem
1918 1132 2069 1183 vocis
2112 1120 2329 1194 ἀγκὼν,
2375 1144 2538 1194 quam
2573 1126 2775 1193 plurali

1681 1217 1903 1254 numero
1934 1202 2003 1252 de
2035 1201 2177 1252 muri
2204 1198 2442 1249 brachiis
2466 1214 2509 1249 s.
2540 1197 2775 1248 flexibus

1683 1272 1755 1323 ad
1802 1272 2026 1322 fluvium
2077 1269 2327 1320 deductis
2372 1269 2675 1318 invenimus
2724 1267 2771 1327 1,

1691 1342 1807 1405 180,
1825 1341 2101 1422 propius
2111 1338 2327 1389 accedit
2377 1338 2653 1388 Diodorus
2700 1337 2774 1399 V,

1685 1414 1777 1464 27.
1789 1401 1847 1489 ἡ
1882 1406 2002 1487 γὰρ
2024 1424 2140 1457 των
2158 1404 2433 1471 ποταμοῖν
2452 1400 2615 1471 ῥύσις
2638 1419 2776 1454 σιο-

1684 1472 1844 1536 λιοὺς
1886 1471 2056 1541 τοὺς
2099 1469 2420 1541 ἀγκῶνας
2468 1472 2677 1541 ἔχουσα
2715 1491 2771 1524 ιι.

1680 1566 1727 1600 r.
1767 1548 1836 1609 2„
1870 1550 2154 1613 ipsumque
2186 1546 2528 1627 proverbium
2562 1538 2779 1609 γλυκὺς

1679 1611 1872 1699 ἀγκὼν
1931 1619 2153 1667 ductum
2205 1608 2322 1664 ἀπὸ
2380 1614 2485 1664 τοῦ
2543 1610 2775 1679 μακροῦ
2869 1638 2877 1643 ·

1679 1681 1940 1752 ἀγκῶνος
1968 1685 2070 1735 τοῦ
2106 1678 2249 1735 κατὰ
2280 1678 2384 1733 τὸν
2421 1682 2637 1733 Νειλον
2676 1683 2778 1733 do-

1683 1764 1772 1808 cet
1812 1757 1972 1806 Plato
2026 1754 2260 1806 Phaedr.
2319 1758 2372 1817 §-
2416 1756 2506 1806 86.
2560 1769 2613 1818 p.
2664 1754 2771 1803 257

1683 1828 1753 1889 D,
1788 1825 1881 1875 ubi
1916 1825 2031 1876 vid.
2055 1828 2251 1875 notata
2285 1824 2357 1873 ab
2395 1823 2683 1874 Heindorf.
2716 1838 2773 1887 p.

1685 1864 1789 1947 28’6
1806 1909 1959 1960 seqq.
1963 1895 2190 1958 ‚quibus
2210 1892 2339 1943 add.
2352 1893 2572 1942 Libanii
2586 1893 2777 1957 Epist

1596 1970 1601 1977 '
1683 1966 1771 2016 46.
1809 1966 1908 2015 611
1953 1964 2138 2028 ibique
2172 1962 2341 2013 Wolf.
2413 1962 2541 2041 Ipse
2586 1967 2776 2011 autem

1682 2035 1865 2097 locus,
1902 2033 1995 2083 ubi
2032 2033 2120 2084 hic
2154 2031 2265 2082 Nili
2298 2023 2490 2096 ἀγκὼν
2516 2031 2645 2081 olim
2683 2047 2780 2080 ex-

1683 2104 1859 2165 stitit,
1911 2118 2054 2152 nunc
2099 2106 2329 2161 vocatur
2382 2099 2530 2164 Kafr
2571 2103 2621 2151 el
2662 2101 2771 2164 lae,

1683 2172 2090 2239 quatuordecim
2137 2169 2391 2220 milliaria
2425 2169 2663 2235 Aug-lica
2691 2185 2778 2219 re-

1683 2248 1861 2294 motus
1884 2258 1919 2291 a
1948 2241 2071 2291 vico
2091 2239 2509 2305 Hit-rabenny,
2544 2239 2640 2304 qui
2662 2256 2776 2289 me-

1684 2313 1830 2362 dium
1875 2312 1987 2361 fere
2047 2310 2225 2360 locum
2268 2311 2470 2360 veteris
2508 2310 2777 2374 Memphi-

1683 2381 1767 2431 dis
1816 2396 1960 2431 nuuc
2010 2385 2272 2443 occupat,
2320 2385 2383 2427 ut
2428 2379 2589 2428 docet
2636 2378 2775 2428 wil-

1681 2452 1898 2501 kinson.
1940 2447 2054 2500 1.1.
2102 2453 2158 2499 et
2192 2448 2493 2498 Bunsenl.
2535 2449 2574 2498 l.
2609 2463 2665 2512 p.
2700 2449 2773 2499 41

1683 2537 1820 2637 ⁸⁰25
1854 2516 2243 2652 ῑὲιὲἰζαιίοὲ
2269 2579 2518 2650 ῥέεθρον
2552 2576 2773 2649 αποξη-

1685 2655 1876 2739 offe-vota]
1917 2657 2217 2706 Testautur
2255 2656 2584 2705 recentiores
2619 2670 2777 2720 pere·

1684 2727 2022 2791 grinatores‚
2059 2725 2220 2775 huius
2253 2724 2465 2790 antiqui
2497 2724 2643 2775 alvei
2677 2725 2775 2774 ad-

1683 2796 1788 2846 huc
1824 2810 2107 2860 superesse
2141 2794 2405 2860 vestigia,
2443 2809 2583 2859 quae
2617 2795 2776 2845 iuxta

1684 2865 1923 2915 Saccara
1958 2869 2014 2914 et
2060 2864 2211 2927 loca,
2260 2866 2316 2913 in
2367 2863 2563 2929 quibus
2608 2880 2775 2930 pyra-

1684 2935 1857 2986 mides
1879 2939 2190 2984 exstructae
2213 2936 2358 2995 sunt,
2389 2948 2560 2998 usque
2578 2934 2650 2984 ad
2670 2935 2776 2984 Ca·

1681 3002 2775 3138 335⁰?130‘32}⁰³0¹32002221*2¹3·.3354

1683 3142 1753 3192 ad
1791 3142 1866 3221 ΙΙ,
1912 3142 1976 3192 10
2012 3141 2198 3192 laudd.

1752 3205 1856 3262 τὸν
1904 3204 1967 3259 82-
2017 3202 2328 3295 ποταμὸν
2322 3201 2644 3275 ὀχετεῦσαι,
2704 3203 2773 3260 τὸ

1679 3276 1853 3345 μέσον
1887 3276 2005 3328 τῶν
2039 3292 2258 3343 ουρεων
2293 3271 2465 3344 ῥέειν]
2510 3280 2548 3330 i.
2587 3294 2634 3329 e.
2673 3280 2775 3330 flu-

1680 3350 1829 3401 vium
1863 3364 1990 3399 vere
2023 3364 2120 3414 per
2157 3347 2400 3399 canalem
2446 3347 2513 3411 (s.
2553 3347 2771 3399 alveum

1683 3434 1847 3470 manu
1886 3417 2113 3484 factum)
2151 3433 2211 3468 eo
2243 3419 2543 3476 deduxisse,
2580 3426 2636 3468 ue
2670 3420 2773 3467 iam

1682 3491 1767 3540 ille
1813 3489 2000 3539 medius
2052 3490 2189 3537 inter
2241 3495 2429 3537 montes
2477 3487 2770 3549 (Arabicos

1684 3564 1740 3608 et
1772 3556 2033 3622 Libycos)
2071 3556 2411 3622 interflueret,
2449 3572 2550 3606 nec
2574 3556 2645 3606 ad
2680 3557 2771 3606 Li-

1681 3628 1851 3707 byeos
1909 3627 2071 3677 nimis
2133 3625 2449 3677 declinaret.
2496 3657 2569 3665 -—
2612 3640 2643 3673 ο
2655 3640 2769 3690 χε

1680 3711 1793 3745 τευ
1810 3710 1913 3745 ειν
1950 3697 2030 3747 sic
2068 3696 2343 3745 invenitur
2381 3695 2489 3757 111,
2524 3696 2611 3746 60.
2681 3694 2771 3744 In·

1679 3763 1880 3815 finitivi
1917 3756 2067 3828 ῥέειν
2114 3780 2268 3815 usum
2314 3764 2527 3830 explico
2576 3779 2771 3815 secun

1681 3833 1807 3884 dum
1848 3849 1941 3897 ea,
1990 3850 2127 3901 quae
2162 3850 2328 3900 supra
2359 3833 2429 3885 ad
2456 3835 2503 3897 Ι,
2537 3833 2639 3884 176
2675 3849 2771 3884 no·

1683 3909 1803 3954 tata
1839 3909 1985 3954 sunt.

1751 3962 1782 4022 5
1818 3961 2008 4035 ἀγκών
2046 3957 2216 4030 οὗτος
2259 3969 2381 4052 τεοῦ
2402 3970 2649 4052 Νείλου,
2704 3987 2771 4030 ος

1634 4035 2030 4105 ’ἀπεργμένος
2080 4034 2217 4107 ῥέει]
2244 4031 2294 4090 5
2348 4030 2542 4105 ἀγκών
2599 4028 2772 4099 οὖτος

1678 4116 1764 4160 est
1785 4126 1974 4161 recens
1994 4110 2105 4161 Nili
2126 4109 2346 4172 alveus,
2386 4126 2420 4160 a
2446 4115 2633 4160 vetere
2659 4112 2770 4160 iam

1678 4180 1854 4229 Menis
1894 4181 2059 4246 opera
2090 4182 2368 4230 exsiccato
2389 4179 2688 4230 deflectens
2713 4183 2769 4229 et

1679 4249 1941 4298 orientem
1986 4264 2176 4299 versus
2224 4248 2512 4299 deductus.
2587 4250 2770 4311 Quare

1676 4318 1988 4367 Herodotus
2042 4318 2225 4368 addit·
2290 4307 2355 4374 ὃς
2410 4309 2770 4398 ἀπεργμένος

1676 4378 1807 4451 ῥέει,
1847 4387 1886 4437 i.
1921 4404 1971 4437 e.
2007 4393 2094 4451 qui
2125 4390 2366 4437 eaeclvmoe
2395 4402 2431 4436 a
2462 4386 2635 4451 priori
2684 4400 2764 4435 se.
