3109 5092
474 362 599 424 404

1336 359 1873 422 HERODOTI

475 565 614 624 ους,
644 540 756 606 καὶ
785 534 1065 613 τούτους
1094 536 1436 603 σιτέεσθαι
1462 531 1589 622 τὴν
1618 532 2022 622 χειμερινήν.
2103 528 2273 601 ἄλλα
2302 532 2385 600 δέ
2405 551 2528 618 σφι
2560 533 2747 613 ἐξευ-

475 647 726 729 ρῆσθαι
767 642 1053 727 δένδρεα
1081 634 1381 727 καρποὺς
1409 635 1719 706 τοιούσδε
1762 633 1945 716 τινὰς
1990 639 2321 724 φέροντα,
2365 631 2556 718 τοὺς,
2600 638 2754 704 ἐπεί

472 771 544 812 τε
572 739 658 812 ἂν
701 746 767 824 ἐς
807 739 1022 811 τώυτὸ
1045 743 1430 810 συνέλθωσι
1471 737 1640 809 κατὰ
1674 749 1856 819 εἴλας
1896 740 2006 807 καὶ
2039 744 2175 824 πῦρ
2205 736 2745 824 ἀνακαύσωνται,

473 845 698 940 κύκλῳ
730 848 1228 935 περιιζομένους
1255 843 1646 932 ἐπιβάλλειν
1685 845 1793 913 ἐπὶ
1832 840 1908 911 τὸ
1937 847 2074 931 πῦρ
2097 864 2112 877 ·
2165 838 2747 929 ὀσφραινομένους
2765 854 2840 909 96

474 951 549 1019 δὲ
590 952 1107 1037 καταγιζομένου
1157 952 1281 1018 τοῦ
1335 952 1602 1036 καρποῦ
1652 952 1775 1016 τοῦ
1814 948 2347 1034 ἐπιβαλλομένου
2404 943 2744 1032 μεθύσκε-

473 1064 638 1122 σθαι
675 1058 756 1141 τῇ
788 1050 984 1140 ὀδμῇ,
1022 1050 1317 1139 κατάπερ
1330 1046 1660 1138 ’Έλληνας
1687 1055 1781 1143 τῷ
1805 1059 1992 1143 οἴνῳ.
2049 1053 2338 1127 πλεῦνος
2359 1048 2434 1116 δὲ
2463 1050 2739 1135 ἐπιβαλ-

473 1159 763 1244 λομένου
799 1159 921 1223 τοῦ
966 1159 1228 1242 καρποῦ
1276 1158 1532 1241 μᾶλλον
1561 1153 2034 1242 μεθύσκεσθαι
2070 1155 2135 1231 ἐς
2179 1147 2216 1219 ὃ
2256 1153 2323 1230 ἐς
2358 1148 2637 1239 ὄρχησίν
2674 1177 2749 1220 τε

472 1257 878 1328 ἀνίστασθαι
906 1258 1018 1325 καὶ
1048 1258 1114 1336 ἐς
1140 1253 1382 1344 ἀοιδὴν
1411 1253 1876 1326 ἀπικνέεσθαι.
1948 1252 2211 1324 τούτων
2253 1253 2379 1342 μὲν
2421 1249 2591 1341 αῦτη
2634 1256 2743 1322 λε’-

471 1388 657 1448 γεται
688 1365 913 1429 δίαιτα
944 1358 1139 1428 εἶναι.
1212 1355 1285 1426 Ὁ
1316 1359 1391 1427 δὲ
1412 1357 1685 1448 Ἀράξης
1712 1357 2001 1447 ποταμὸς
2027 1360 2166 1449 ῥέει
2199 1357 2324 1446 μὲν
2363 1359 2437 1425 έκ
2469 1364 2740 1444 Ματιη-

536 1557 778 1624 τούτους
826 1558 1114 1616 σιτέεσθαι
1161 1558 1266 1632 τὴν
1315 1579 1552 1631 χειμερι-

470 1628 607 1702 νήν]
652 1636 1022 1702 supplendum
1066 1625 1252 1699 α’ἷρην,
1303 1640 1555 1685 monente

468 1706 762 1756 Schaefero
789 1705 860 1755 ad
887 1705 1163 1756 Lambert.
1203 1706 1332 1755 Bos.
1357 1704 1552 1769 Ellips.

467 1777 532 1827 L.
556 1777 649 1827 Gr.
676 1791 803 1841 pag.
825 1775 948 1826 577.
997 1777 1081 1825 De
1107 1777 1226 1840 ipso
1250 1774 1556 1824 accusativi

467 1861 571 1896 usu
606 1847 819 1895 monuit
851 1845 1105 1896 Kuehner
1141 1845 1235 1895 Gr.
1258 1844 1352 1895 Gr.
1386 1844 1453 1894 Τ.
1476 1844 1553 1893 ΙΙ.

468 1919 521 1979 §-
542 1915 662 1978 562,
686 1932 735 1966 e.
757 1941 826 1951 --·
849 1915 915 1964 In
935 1930 1084 1980 seqq.
1109 1929 1228 1964 cum
1249 1912 1554 1977 Schweigh.

468 1990 522 2034 et
575 1985 747 2035 Gaisf.
800 1985 994 2048 scripsi
1051 1980 1209 2040 εἴλας
1256 1998 1352 2046 pro
1402 1981 1552 2044 vulg.

466 2050 635 2109 εἴλας.
685 2053 845 2102 Conf.
883 2068 1050 2117 supra
1070 2052 1124 2114 1,
1153 2051 1218 2102 73
1255 2052 1438 2116 ibique
1476 2048 1553 2099 al-

468 2123 602 2183 lata,
639 2123 785 2171 Rose
821 2121 1103 2186 Inscriptt.
1138 2136 1264 2185 pag.
1289 2119 1412 2170 413.

535 2185 631 2238 καὶ
660 2188 777 2252 πῦρ
814 2181 1268 2252 ἀνακαύσωνται]
1310 2188 1551 2239 Similem

467 2258 738 2324 quandam
758 2257 1083 2323 Scytharum
1106 2259 1551 2307 consuetudinem

467 2328 667 2378 Noster
678 2333 942 2377 memorat
950 2328 1136 2390 1V,75,
1153 2327 1246 2376 ubi
1267 2327 1377 2376 vid.
1389 2331 1549 2388 nott.;

467 2402 714 2447 nostrum
737 2414 865 2447 vero
893 2396 1097 2458 locum,
1128 2396 1405 2446 iudicante
1429 2396 1550 2445 Val-

468 2465 724 2516 ckenario
743 2504 757 2528 ,
784 2467 1024 2532 respexit
1042 2467 1262 2516 Maxim.
1281 2466 1408 2530 Tyr.
1427 2466 1548 2515 Dis-

466 2540 595 2586 sert.
619 2537 846 2599 XXVII,
873 2538 906 2585 0
935 2535 1057 2586 coll.
1079 2536 1243 2587 Dion.
1263 2535 1547 2601 chrysost.

467 2605 561 2656 Or.
597 2607 828 2657 XXXII.
866 2623 920 2671 p.
954 2606 1054 2657 378
1087 2605 1149 2659 C.
1190 2612 1245 2656 et
1283 2606 1547 2669 Pompon.

467 2675 592 2725 Mel.
621 2676 706 2736 11,
739 2679 798 2738 2,
829 2678 862 2726 4
895 2677 1025 2741 ibiq.
1065 2675 1372 2726 Tzschuck.
1405 2680 1544 2724 nott.

466 2760 658 2810 exegg.
680 2745 783 2806 111,
807 2748 858 2795 2.
889 2745 1044 2809 p.85.
1072 2745 1435 2809 cogitandum
1461 2744 1550 2793 hic

466 2829 587 2863 esse
611 2830 766 2864 nemo
794 2830 902 2863 uon
941 2814 1090 2862 videt
1114 2814 1179 2863 de
1205 2813 1394 2878 planta
1420 2828 1548 2878 qua-

466 2880 591 2931 dam
618 2886 914 2942 narcotica‚
946 2899 1085 2948 quae
1109 2899 1203 2947 per
1234 2883 1438 2932 sumum
1468 2884 1549 2930 in-

467 2950 711 3000 ebriandi
736 2953 845 3001 vim
871 2951 1071 3000 habeat
1097 2951 1326 3001 similem
1355 2953 1468 3000 fere
1494 2952 1547 3000 in

463 3019 680 3069 modum
712 3026 876 3085 atque
907 3020 1073 3068 herba
1101 3020 1410 3082 Nicetiana,
1443 3035 1551 3085 qua

464 3102 608 3136 nunc
646 3088 716 3136 ad
752 3089 928 3138 fumos
964 3088 1281 3138 excitandos
1319 3087 1549 3153 plerum-

465 3170 568 3220 que
615 3158 697 3206 uti
733 3156 928 3207 solent.
993 3158 1147 3207 Haec
1190 3173 1320 3207 vero
1359 3157 1550 3221 planta

464 3225 580 3274 sive
615 3225 777 3276 arbor
813 3226 988 3291 qualis
1029 3226 1215 3288 fuerit,
1262 3226 1354 3274 vix
1401 3231 1548 3275 certo

464 3293 743 3345 declarare
791 3295 1001 3355 licebit3
1052 3295 1293 3356 fuerunt,
1347 3296 1435 3360 qui
1483 3295 1548 3344 de

459 3378 623 3426 pruno
649 3366 792 3427 pado
829 3366 985 3430 (nosz
1043 3364 1420 3429 Voyelkt'rsche)
1460 3379 1550 3414 co-

463 3434 730 3498 gitarent;
765 3434 875 3483 vid.
902 3433 1185 3484 Eichwald
1209 3434 1330 3483 Alte
1350 3434 1546 3497 Geogr.

464 3503 517 3554 d.
547 3503 709 3569 Oasp.
741 3504 948 3554 Meeres
979 3520 1031 3568 p.
1058 3503 1179 3554 262.
1233 3505 1318 3553 De
1347 3505 1548 3553 semiue

460 3572 710 3637 plantae,
761 3574 848 3623 cui
883 3589 1081 3623 nomen
1110 3573 1441 3637 hyoscyamus
1472 3576 1547 3623 ηἰ-

456 3658 579 3706 9εν,
631 3642 862 3706 intelligi
908 3642 1084 3692 voluit
1128 3643 1351 3691 Hansen
1402 3644 1541 3703 (Ost-

462 3726 662 3777 europa
686 3713 890 3762 Herod.
924 3729 974 3777 p.
1012 3711 1111 3761 106
1138 3711 1310 3776 seq.):
1349 3712 1547 3776 quippe

460 3779 564 3830 hoe
600 3795 781 3830 semen
815 3784 1108 3830 etiamnum
1138 3796 1171 3829 a
1206 3781 1422 3830 rusticis
1454 3780 1546 3829 ho-

461 3848 694 3898 minibus
731 3850 960 3899 similem
1008 3850 1122 3899 fere
1154 3849 1226 3897 ad
1264 3865 1417 3899 usum
1454 3849 1548 3898 ad-

458 3916 648 3980 hiberi,
682 3918 989 3983 impositum
1011 3918 1182 3967 furnis
1206 3917 1548 3982 lapidibusve

460 3984 674 4044 calidis,
695 3986 865 4036 addit.
891 3989 1215 4037 Ferulaeeam
1244 3987 1412 4037 fuisse
1437 3993 1546 4038 sta-

457 4053 565 4103 tuit
588 4054 801 4117 Meyer:
830 4056 1158 4105 Botauische
1177 4056 1542 4122 Erliiuterung

461 4138 526 4171 zu
565 4122 761 4172 Strabo
801 4139 853 4186 p.
877 4124 946 4173 35
977 4141 1090 4189 seq.
1141 4126 1539 4176 Tiedemannus

457 4190 690 4255 denique
713 4188 1057 4254 (Geschichte
1083 4193 1136 4242 d.
1158 4194 1380 4245 Tabaks
1412 4211 1534 4259 pag.

456 4259 561 4310 206
580 4261 724 4325 seq.)
759 4261 1008 4310 Dalm-am
1032 4260 1363 4312 Stramonium
1389 4263 1540 4328 (nosz

451 4327 766 4407 Slecltapfel)
809 4329 980 4379 videri
1017 4329 1186 4379 fuisse
1222 4332 1535 4382 arbitratur.

453 4420 523 4433 —-
541 4399 624 4447 De
647 4395 1066 4462 οσφραίνεσθαι
1091 4399 1241 4448 verbi
1266 4405 1539 4451 structura

1656 1582 1777 1616 eum
1809 1567 2052 1630 genitivo
2086 1565 2277 1615 confer
2300 1569 2440 1616 nott.
2478 1564 2549 1615 ad
2576 1566 2624 1628 Ι,
2651 1563 2740 1616 80.

1655 1664 1724 1672 --
1753 1627 1808 1693 ές
1839 1625 1889 1697 ὃ,
1926 1653 2083 1701 usque
2117 1636 2245 1692 dian,
2280 1636 2455 1697 donec,
2490 1634 2553 1684 u't
2579 1651 2742 1699 supra

1656 1706 1701 1768 1,
1740 1704 1826 1756 93.
1857 1705 1944 1755 98.
1981 1706 2096 1755 191.
2124 1732 2191 1741 —-
2239 1703 2323 1754 Ad
2357 1704 2581 1754 verbum
2626 1697 2743 1753 διέ-

1655 1772 1787 1840 λαβε
1822 1775 1879 1823 in
1914 1791 2065 1841 seqq.
2097 1773 2242 1824 conf.
2272 1774 2317 1836 1,
2348 1773 2448 1824 190
2482 1774 2636 1834 init.;
2676 1773 2744 1822 de

1660 1845 1840 1908 Gynde
1873 1845 1985 1894 vid.
2024 1844 2070 1905 Ι,
2108 1842 2224 1894 189.
2258 1842 2374 1893 190.

1728 1904 1758 1961 ὁ
1809 1906 1873 1962 δὲ
1904 1904 2134 1977 Ἀράξης
2179 1903 2435 1976 ποταμὸς
2487 1902 2599 1977 ῥέει
2636 1903 2744 1974 μὲν

1657 1971 1715 2029 ἐκ
1762 1980 2081 2045 Ματιηνῶν
2126 1997 2177 2030 κ.
2208 1996 2254 2031 τ.
2290 1978 2363 2046 λ.]
2424 1982 2471 2030 Ε
2507 1982 2742 2030 vetustis

1655 2051 2011 2115 scriptoribus
2047 2051 2233 2115 attigit
2263 2050 2399 2100 haec
2422 2050 2620 2099 Strabo
2642 2050 2739 2098 XI.

1654 2136 1779 2185 pag.
1811 2120 1913 2171 8053
1951 2136 1996 2170 s.
2034 2119 2133 2170 531
2165 2120 2251 2170 ed.
2300 2119 2534 2169 Casaub.
2574 2118 2741 2168 Calli-

1654 2190 2002 2255 sthenemque
2044 2188 2200 2239 addit
2245 2191 2299 2238 in
2346 2188 2429 2237 his
2476 2188 2740 2238 Herodoti

1652 2261 1917 2309 rationem
1935 2274 2054 2308 esse
2074 2265 2335 2308 secutum.
2374 2257 2499 2308 Alia
2521 2258 2587 2307 de
2604 2260 2742 2307 Ara—

1651 2345 1722 2378 xe
1749 2328 1918 2378 tradit
1950 2328 2092 2378 Mela
2121 2329 2225 2390 111,
2247 2330 2280 2379 5
2312 2331 2361 2390 §-
2385 2331 2446 2389 5,
2472 2328 2546 2376 ad
2584 2344 2739 2393 quem

1650 2398 1827 2448 locum
1853 2398 2034 2448 varias
2059 2398 2297 2447 virorum
2316 2398 2595 2447 doctorum
2621 2413 2743 2447 sen-

1652 2469 1853 2516 tentias
1900 2467 2059 2517 valde
2107 2466 2478 2532 discrepantes
2526 2466 2593 2517 de
2634 2468 2740 2517 hoc

1652 2538 1815 2586 fluvio
1837 2536 2020 2586 retulit
2040 2536 2378 2597 Tzscliucke‚
2404 2536 2739 2586 Herodotum

1653 2607 1707 2654 in
1737 2607 1833 2668 iis,
1866 2621 2003 2670 quae
2025 2606 2220 2667 tradit,
2251 2621 2337 2654 res
2370 2606 2613 2655 diversas
2640 2607 2737 2654 mi-

1652 2677 1858 2723 scuisse
1891 2680 2038 2723 ratus
2068 2675 2161 2736 (cf.
2186 2676 2365 2738 pul-14
2393 2690 2543 2740 seqq.
2572 2677 2734 2736 147.).

1652 2745 1960 2793 Recentiori
1984 2748 2167 2793 aetate
2189 2742 2348 2792 valde
2375 2743 2737 2808 disceptatum

1653 2819 1737 2862 est
1762 2814 1829 2862 de
1849 2811 2027 2862 Araxe
2051 2813 2214 2861 fluvio
2239 2811 2411 2878 deque
2434 2815 2547 2862 eius
2577 2814 2738 2862 fonti-

1650 2882 1750 2931 bus
1779 2887 1943 2945 atque
1970 2897 2128 2930 cursu
2160 2896 2224 2930 ex
2253 2889 2430 2931 mente
2452 2882 2736 2942 Herodoti,

1651 2966 1806 3014 quem
1840 2952 1893 2998 in
1926 2950 2198 2999 nonnullis
2231 2950 2439 3014 lapsum
2471 2967 2591 3000 esse
2622 2954 2737 3015 qui-

1649 3019 1773 3068 dam
1792 3020 2144 3069 contendunt.
2169 3020 2375 3080 Quodsi
2389 3021 2531 3070 enim
2542 3021 2734 3069 Araxis
2808 3023 2815 3030 '

1652 3088 1830 3138 fontes
1853 3088 1908 3137 in
1926 3089 2183 3138 Matienis
2207 3088 2303 3153 (de
2324 3089 2516 3154 quibus
2537 3090 2647 3139 vid.
2662 3090 2735 3138 ad

1652 3157 1697 3212 Ι,
1724 3159 1791 3207 72
1815 3158 1977 3222 nott.)
2008 3158 2233 3218 suerint,
2267 3163 2330 3207 ut
2357 3159 2547 3208 scribit
2564 3160 2736 3208 Hero-

1652 3226 1812 3275 dotus
1829 3265 1842 3283 ,
1875 3227 2069 3276 flumen
2093 3226 2225 3294 illud
2251 3228 2465 3277 Mediae
2499 3226 2616 3292 (aut
2639 3229 2737 3277 Ar-

1652 3297 1882 3358 meniae)
1929 3295 2345 3346 adscribendum
2395 3311 2515 3347 esse
2551 3303 2737 3346 censet

1650 3365 2073 3428 wesseling-ius,
2112 3380 2337 3429 quocum
2370 3366 2587 3415 minime
2612 3382 2734 3416 con-

1651 3435 1861 3494 venire,
1915 3435 2056 3499 quod
2101 3434 2258 3484 sedes
2302 3436 2733 3499 Massagetarum

1649 3509 1814 3568 atque
1831 3504 2143 3552 Issedonum
2168 3504 2326 3568 longe
2347 3509 2498 3554 extra
2518 3504 2734 3553 Mediae

1650 3571 1784 3623 fines
1813 3574 1947 3633 sint,
1982 3589 2081 3621 nec
2109 3576 2324 3622 omnino
2349 3572 2516 3623 ullum
2546 3575 2602 3622 in
2622 3574 2735 3622 Me—

1650 3642 1741 3690 dia
1768 3644 1989 3701 flumen,
2021 3643 2160 3707 quod
2188 3647 2269 3692 tot
2293 3643 2448 3692 ostiis
2477 3643 2610 3692 mari
2632 3643 2734 3692 Ca-

1649 3711 1769 3774 spio
1816 3712 2088 3775 iungatur.
2160 3712 2389 3777 Reliqua
2438 3728 2733 3778 congruere

1647 3778 1765 3828 vult
1789 3781 1952 3830 fluvio
1990 3782 2208 3844 Volane,
2246 3783 2337 3846 qui
2359 3780 2540 3832 multis
2575 3782 2737 3832 ostiis

1647 3849 1704 3897 in
1729 3849 1983 3914 Caspium
2020 3865 2168 3899 mare
2203 3867 2323 3900 sese
2362 3850 2615 3901 infundat
2651 3851 2733 3900 in—

1647 3917 1901 3984 sulasque
1938 3918 2026 3967 hic
2060 3920 2322 3982 praebeat
2354 3935 2597 3984 mag-nas.
2646 3920 2732 3969 De

1644 3986 1820 4050 Volga
1859 3988 2021 4037 etiam
2058 3987 2366 4052 intelligunt
2396 3990 2570 4039 Kruse
2606 3987 2732 4049 (Ur-

1644 4058 1828 4121 gesch.
1869 4057 1920 4109 d.
1959 4057 2113 4107 Esth.
2152 4057 2393 4108 Volksst.
2433 4073 2485 4122 p.
2513 4057 2638 4120 238)
2678 4064 2732 4107 et

1642 4125 1867 4190 Halliug
1892 4125 2089 4189 (Wien.
2118 4127 2346 4178 Jahrbb.
2370 4126 2574 4176 LXIII.
2601 4141 2729 4192 pag.

1648 4194 1764 4245 130.
1786 4197 1902 4246 148.
1932 4195 2205 4245 Deutsche
2226 4195 2420 4246 Gesch.
2449 4197 2495 4245 I.
2519 4212 2572 4260 p.
2590 4195 2730 4258 fist),

1642 4263 1733 4328 qui
1755 4265 2106 4326 Herodotum,
2132 4259 2198 4314 de
2214 4265 2419 4328 Volgae
2438 4280 2598 4314 cursu
2624 4280 2730 4315 non

1641 4339 1788 4382 recte
1825 4334 2101 4394 edoctum,
2151 4333 2379 4398 Volgam
2418 4333 2731 4384 confudisse

1642 4415 1761 4451 cum
1782 4403 2098 4452 Kar-Araxe
2119 4403 2412 4452 existimat.
2452 4403 2537 4452 De
2555 4401 2729 4467 Volga
