3109 5092
1270 381 1524 443 CLIO.
1572 385 1622 442 I.
1668 393 1788 446 131.
2541 382 2664 444 269

393 553 468 622 δὲ
498 555 608 621 ἐπὶ
628 549 1023 638 Ἀστυάγεος
1051 555 1121 622 oC
1138 556 1394 641 Πέρσαι
1423 582 1494 624 τε
1523 558 1639 625 καὶ
1662 551 1699 626 ὁ
1726 560 1953 642 Κῦρος
1979 552 2466 634 ἐπαναστάντες
2494 570 2665 625 τοῖσι

392 655 733 745 Μήδοισι,
773 646 981 743 ἦρχον
1020 651 1093 724 τὸ
1136 652 1267 726 άπὸ
1312 658 1558 729 τούτου
1584 664 1699 747 τῆς
1719 655 1960 746 Ἀσίης.
2021 653 2395 743 Ἀστυάγεα·
2414 659 2489 727 δὲ
2515 664 2659 727 Ke-

393 785 542 848 ρος,
579 755 790 827 κακὸν
816 754 1022 827 οὐδὲν
1048 755 1210 828 ἄλλο
1241 761 1552 851 ποιήσας,
1599 763 1731 849 εἶχε
1763 758 1911 850 παρ’
1945 762 2207 852 ἑωυτῷ,
2238 762 2303 839 ές
2330 755 2368 827 ὃ
2396 760 2658 829 ἐτελεύ-

393 881 572 949 τησε.
642 857 841 928 Οὕτω
885 859 971 950 δὴ
996 867 1223 950 Κῦρος
1264 865 1625 953 γενόμενός
1658 892 1729 934 τε
1772 866 1883 932 καὶ
1922 865 2198 952 τραφεὶς
2235 865 2657 948 ἐβασίλευσε·

395 966 504 1033 καὶ
542 971 837 1052 Κροῖσον
879 959 1164 1052 ὕστερον
1204 966 1463 1038 τούτων
1514 967 1805 1058 ἄρξαντα
1846 962 2110 1055 ἀδικίης
2150 970 2659 1055 κατεστρέψατο,

394 1062 485 1145 ὥς
513 1072 774 1154 εἴρηταί
793 1094 904 1154 μοι
933 1064 1006 1136 τὸ
1032 1068 1380 1159 πρότερον.
1434 1077 1678 1141 τοῦτον
1707 1070 1781 1139 δὲ
1814 1068 2435 1159 καταστρεψάμενος
2480 1065 2657 1138 οὕτω

394 1168 608 1257 πάσης
632 1174 750 1256 τῆς
769 1164 991 1257 Ἀσίης
1018 1160 1194 1259 ἦρξε.

547 1274 813 1360 Πέρσας
842 1273 917 1340 δὲ
945 1271 1100 1342 οἶδα
1125 1272 1388 1362 νόμοισι
1415 1280 1641 1343 τοῖσδε
1667 1274 2084 1361 χρεωμένους
2102 1294 2116 1308 ·
2160 1268 2505 1361 ἀγάλματα
2530 1272 2657 1362 μὲν
2678 1275 2789 1336 131

459 1429 752 1502 Ἀστυάγεα
790 1431 854 1487 δὲ
892 1436 1116 1503 Κῦρος,
1164 1432 1344 1491 κακὸν
1380 1430 1479 1489 οὖ-

394 1501 496 1556 obv
514 1498 648 1556 ἄλλο
681 1498 952 1572 ποιήσας,
979 1501 1093 1574 εἶχε
1109 1501 1241 1573 παρ’
1266 1501 1475 1575 ἑωυτῷ,

394 1570 450 1633 ἐς
499 1565 533 1624 ὃ
579 1568 915 1641 ἐτελεύτησε]
987 1579 1270 1643 Iungimus
1326 1579 1476 1629 hisce

394 1645 613 1695 Ctesiae
663 1646 1032 1696 testimonium
1089 1649 1144 1696 in
1189 1650 1473 1713 Excerptt.

394 1716 631 1765 Persice.
673 1719 725 1778 g.
750 1717 812 1778 2,
852 1716 946 1781 qui
975 1717 1304 1781 Astyagem,
1340 1718 1477 1767 mira

395 1784 615 1834 deorum
632 1786 689 1834 vi
708 1781 1058 1849 compedibus
1075 1786 1330 1849 solutum,
1350 1791 1477 1851 post

394 1859 456 1903 ut
497 1859 706 1918 patrem
751 1869 784 1903 a
822 1854 965 1920 Cyro
1002 1854 1206 1905 cultum
1243 1871 1362 1906 esse
1397 1872 1477 1905 re-

397 1923 531 1985 fert,
592 1925 684 1987 qui
731 1924 847 1972 eius
895 1923 1064 1973 filiam
1107 1925 1329 1990 Amytin
1377 1940 1474 1990 pro

393 1998 568 2042 matre
612 2008 678 2042 ac
713 1992 907 2042 deinde
943 2008 1039 2057 pro
1075 2009 1243 2043 uxore
1278 1994 1476 2043 habue-

393 2062 487 2113 rit.
543 2062 628 2110 De
662 2063 915 2111 extremis
952 2062 1081 2111 fatis
1106 2063 1366 2128 Astyagis
1398 2062 1476 2111 nil

395 2131 626 2180 relatum
683 2131 987 2180 invenimus
1039 2133 1111 2181 ab
1160 2133 1470 2192 Herodot03

395 2199 493 2250 sed
532 2204 727 2249 auctor
774 2205 859 2249 est
904 2200 1048 2249 idem
1095 2200 1308 2250 Ctesias
1359 2202 1395 2251 l.
1431 2202 1468 2251 l.

394 2269 444 2329 5.
479 2270 541 2330 5,
584 2269 815 2333 turpiter
848 2268 998 2318 illum
1033 2270 1089 2317 in
1128 2269 1357 2320 desertis
1393 2286 1474 2321 re-

394 2337 585 2387 lictum
624 2353 690 2388 ac
728 2339 1002 2402 proditum
1047 2338 1241 2390 misere
1273 2340 1475 2390 obiisse

397 2408 536 2457 fame
574 2422 640 2457 ac
676 2408 792 2469 siti,
830 2406 1111 2472 splendide
1140 2413 1322 2458 tamen
1347 2414 1475 2474 post

396 2475 664 2540 sepultum
701 2491 845 2539 esse,
882 2491 951 2526 ne
975 2476 1185 2527 scilicet
1209 2483 1368 2543 turpe
1395 2478 1474 2527 fa-

396 2546 550 2596 cinus
585 2545 767 2611 palam
788 2545 940 2595 fleret
970 2545 1221 2611 Cyroque
1254 2548 1358 2612 ipsi
1382 2548 1474 2597 ad·

395 2615 741 2664 scriberetur.
797 2615 951 2676 Quae
975 2614 1191 2679 quidem
1227 2632 1262 2666 a
1285 2631 1475 2680 regno-

396 2698 514 2732 rum
551 2683 895 2733 orientalium
937 2683 1119 2733 indole
1154 2685 1480 2749 principum-

398 2767 500 2817 que
534 2753 772 2802 moribus
807 2767 917 2802 non
947 2752 1254 2804 abhorrent.
1315 2754 1476 2806 Conf.

397 2822 468 2871 ad
509 2822 750 2871 Ctesiam
791 2825 989 2871 notatt.
1037 2838 1093 2886 p.
1134 2823 1254 2873 107.
1290 2854 1363 2864 -
1411 2824 1477 2873 In

397 2905 548 2954 seqq.
593 2882 815 2939 τούτων
859 2891 1022 2955 iunge
1057 2906 1179 2940 cum
1216 2881 1475 2956 ὕστερον,

394 2961 662 3022 postilla,
713 2961 750 3008 i.
790 2974 836 3007 e.
885 2963 1013 3023 post
1059 2958 1185 3021 illa,
1234 2977 1376 3025 quae
1408 2960 1476 3010 de

397 3028 642 3093 Astyage
679 3033 806 3077 acta
836 3032 1019 3090 erant,
1062 3029 1346 3093 Croesum,
1381 3030 1475 3093 qui

397 3097 542 3160 prior
579 3099 754 3161 ipsum
791 3098 1013 3160 aggredi
1039 3105 1319 3163 coeperat,
1353 3099 1477 3148 sub-

399 3165 530 3229 egit.
583 3165 708 3216 Vid.
746 3179 911 3229 supra
949 3165 1005 3226 Ι,
1043 3167 1109 3217 75
1129 3183 1281 3232 seqq.
1332 3168 1476 3217 Arti-

397 3233 550 3283 culus
583 3226 649 3282 τὸ
676 3239 804 3283 ante
831 3225 1113 3298 πρότερον
1150 3237 1204 3285 in
1231 3236 1475 3300 pluribus

397 3302 555 3352 codd.
608 3302 974 3363 desideratur,
1034 3304 1267 3369 indeque
1319 3306 1475 3354 uncis

393 3370 690 3421 includitur
723 3387 758 3421 a
792 3371 1042 3424 Dietsch.

723 3540 858 3592 Cu.
895 3539 1141 3591 CXXXI.

468 3636 691 3705 Πέρσας
731 3635 796 3690 δὲ
844 3633 978 3690 οἶδα
1023 3634 1248 3705 νόμοισι
1283 3639 1474 3690 τοῖσδε

393 3707 771 3774 χρεωμένους]
808 3707 1000 3759 τοῖσδε
1037 3716 1158 3760 cum
1184 3710 1358 3762 Gaisf.
1386 3711 1475 3760 de-

397 3777 597 3840 dimus,
653 3782 814 3842 prout
864 3778 1112 3829 meliores
1155 3778 1280 3828 libri
1325 3779 1474 3828 iube-

397 3846 549 3896 bant.
610 3846 790 3910 Vulgo
823 3844 1092 3897 τοιοῖσδε.
1152 3848 1393 3898 Dindorf
1419 3851 1475 3896 et

395 3914 622 3964 Dietsch
637 3915 902 3965 dederunt
914 3912 1187 3964 τοιοισίδε
1202 3932 1218 3974 3
1247 3914 1475 3966 Dietsch

397 3997 492 4045 pro
526 3980 894 4047 χρεωμένοις,
930 3983 1074 4048 quod
1104 3983 1258 4033 libris
1284 3984 1473 4033 invitis

397 4055 607 4100 mutare
649 4067 761 4100 non
798 4051 1000 4112 ausim,
1054 4050 1204 4102 dedit
1247 4049 1474 4117 χρεομέ-

397 4131 540 4175 νοις.
578 4145 648 4155 -
682 4120 941 4185 Sequitur
978 4120 1085 4183 hic,
1123 4121 1217 4169 ubi
1245 4120 1374 4185 Cyri
1410 4134 1476 4169 ac

393 4187 683 4236 Persarum
729 4203 875 4238 nunc
904 4190 974 4238 ad
1012 4203 1277 4237 summum
1309 4190 1475 4252 impe-

394 4254 532 4303 rium
566 4261 875 4306 eventorum
914 4257 1115 4306 mentio
1150 4258 1303 4307 facta
1338 4261 1474 4318 erat,

396 4320 449 4370 d'
519 4324 659 4374 essio
693 4324 761 4374 de
793 4324 954 4374 huius
976 4325 1156 4390 gentis
1184 4325 1473 4387 institutis,

396 4402 457 4438 re
555 4406 656 4442 one
698 4395 928 4458 totoque
980 4391 1201 4443 vivendi
1254 4405 1474 4459 genere.

1580 1438 1739 1490 Conf.
1778 1454 1918 1504 quae
1962 1439 2029 1489 de
2064 1438 2335 1489 huismodi
2372 1439 2659 1504 digressio-

1578 1509 1739 1558 nibus
1776 1523 1808 1558 a
1834 1509 1992 1558 nobis
2028 1508 2310 1575 disputata
2348 1514 2475 1559 sunt
2509 1510 2577 1559 ad
2611 1510 2658 1570 Ι,

1647 1638 1937 1710 ἀγάλματα
1970 1639 2074 1711 μὲν
2103 1642 2198 1696 καὶ
2227 1637 2405 1710 νηοὺς
2432 1641 2527 1694 καὶ
2552 1642 2657 1712 βω-

1576 1708 1722 1778 μοὺς
1779 1706 1887 1763 οὐκ
1944 1708 2004 1763 ἐν
2064 1707 2220 1782 νόμῳ
2280 1711 2658 1778 ποιευμένους

1576 1776 1910 1848 ἱδρύεσθαι]
1958 1784 2205 1834 Pendent
2236 1783 2395 1844 haec,
2448 1785 2656 1847 opinor,

1580 1855 1651 1903 ab
1699 1852 2043 1903 antecedenti
2083 1853 2250 1903 verbo
2302 1844 2462 1914 οἶδα,
2515 1850 2659 1917 quod

1578 1922 1666 1972 hic
1690 1926 1869 1971 mente
1880 1921 2235 1985 supplendum
2258 1920 2492 1971 videtur.
2530 1922 2657 1970 Mox

1578 1997 1761 2040 tamen
1802 1990 1962 2039 huius
2001 1995 2309 2040 structurae
2355 1990 2557 2039 oblitus
2604 1990 2657 2038 in

1579 2060 1880 2110 orationem
1922 2064 2128 2109 rectam
2174 2060 2374 2109 transit
2421 2059 2659 2108 scriben-

1579 2131 1648 2180 do
1684 2123 2019 2192 ἐπιφέρουσι
2054 2129 2175 2178 loco
2218 2128 2493 2194 participii
2540 2119 2657 2177 ἐπι-

1576 2195 1873 2262 φέροντας.
1946 2198 2011 2247 In
2047 2214 2153 2263 quo
2186 2198 2351 2248 nolim
2385 2198 2655 2257 insistere,

1576 2283 1698 2317 cum
1757 2266 2128 2318 huiuscemodi
2189 2269 2452 2318 transitus
2511 2267 2655 2316 haud

1574 2352 1699 2386 raro
1747 2335 1891 2400 apud
1926 2338 2185 2388 Nostrum
2220 2338 2539 2402 scriptorem
2572 2337 2657 2386 iu-

1576 2406 1885 2456 veniantur.
1969 2407 2325 2457 Locutionem
2378 2397 2440 2456 έν
2498 2396 2654 2471 νόμῳ

1576 2473 1875 2524 ποιεῖσθαι
1911 2475 2238 2541 interpretor
2275 2475 2550 2540 equidem:
2604 2478 2655 2525 in

1577 2559 1712 2594 more
1746 2544 1961 2605 habere,
1999 2559 2046 2595 s.
2082 2550 2132 2595 in
2158 2544 2295 2594 more
2318 2547 2533 2607 positum
2560 2542 2659 2593 sibi

1576 2613 1784 2674 Imber-e,
1822 2612 1967 2661 unde
2014 2614 2084 2663 ad
2119 2628 2335 2663 sensum
2370 2627 2480 2662 non
2514 2611 2655 2660 male

1580 2683 1634 2732 h.
1672 2682 1712 2731 l.
1751 2681 1986 2730 reddunt
2030 2682 2196 2732 verba
2249 2672 2356 2728 οὐκ
2399 2672 2459 2728 ἐν
2497 2672 2654 2746 νόμῳ

1579 2747 1953 2814 ποιευμένους
1984 2752 2134 2814 nefas
2154 2749 2355 2800 habene.
2416 2749 2537 2810 Quo
2568 2764 2655 2798 eo-

1581 2819 1701 2869 dem
1737 2819 1853 2868 fere
1875 2818 2034 2868 modo
2064 2816 2310 2883 νομίζειν
2341 2818 2504 2882 paulo
2530 2822 2656 2883 post

1580 2894 1635 2938 et
1668 2888 1814 2937 infra
1858 2887 1954 2945 IV,
1993 2889 2080 2939 59.
2151 2888 2283 2952 Ipsa
2333 2887 2538 2937 locutio
2592 2881 2654 2935 έν

1580 2948 1733 3024 νόμῳ
1772 2956 2067 3005 ποιεῖσθαι
2114 2957 2417 3021 comparari
2451 2957 2652 3022 poterit

1578 3041 1701 3076 cum
1759 3024 2026 3075 similibus
2081 3026 2447 3075 locutionibus
2508 3026 2653 3090 apud

1576 3093 1913 3145 Herodotum
1957 3095 2158 3156 obviis,
2201 3110 2255 3146 ν.
2294 3110 2344 3146 c.
2392 3086 2453 3144 ἐν
2486 3087 2653 3160 ἀδείῃ

1577 3154 1647 3212 οὐ
1673 3161 1971 3212 ποιεῖσθαι
1998 3164 2095 3224 ῙΧ,
2118 3166 2204 3215 42.
2246 3154 2353 3212 οὐκ
2389 3156 2450 3212 ἐν
2472 3154 2652 3228 ὁμοίῳ

1573 3230 1872 3281 ποιεῖσθαι
1892 3232 2020 3294 VII,
2043 3232 2160 3283 138.
2188 3222 2249 3281 έν
2270 3229 2464 3295 κέρδεϊ
2475 3234 2654 3282 ποιεῖ-

1577 3300 1717 3350 σθαι
1743 3301 1821 3362 ΙΙ,
1848 3300 1962 3351 121.
1993 3305 2042 3363 β.
2064 3306 2114 3350 4.
2141 3291 2202 3349 έν
2224 3293 2451 3365 ἐλαφρῷ
2472 3302 2653 3350 ποιεῖ-

1576 3368 1717 3418 σθαι
1752 3370 1799 3431 1,
1838 3369 1959 3420 118.
1994 3369 2103 3418 111.
2134 3370 2237 3419 154
2263 3368 2388 3418 coll.
2427 3371 2512 3421 50.
2551 3370 2651 3430 VI,

1578 3437 1663 3489 13.
1697 3429 1758 3486 ἐν
1793 3428 1939 3504 λόγῳ
1976 3436 2275 3486 ποιεῖσθαι
2312 3437 2450 3499 VII,
2484 3439 2565 3488 14.
2606 3437 2652 3496 Ι,

1577 3506 1697 3558 153.
1771 3505 1923 3566 Quae
1944 3504 2110 3554 affero
2126 3541 2140 3566 ‚
2172 3504 2425 3569 quoniam
2446 3502 2653 3554 Herold

1575 3572 1863 3640 (Emendd.
1890 3572 2180 3623 Herodott.
2207 3573 2269 3621 P.
2298 3571 2348 3621 Ι.
2384 3588 2438 3636 p.
2459 3571 2538 3636 3.)
2563 3587 2653 3621 ne-

1574 3643 1728 3706 gavit
1775 3634 1835 3689 έν
1881 3634 2035 3707 νόμῳ
2074 3639 2371 3690 ποιεῖσθαι
2407 3656 2553 3691 esse:
2601 3643 2652 3689 in

1572 3725 1708 3760 more
1746 3709 1959 3772 habere,
2007 3710 2104 3759 sed
2158 3709 2469 3772 significare
2516 3709 2653 3758 nihil

1574 3777 1723 3828 aliud
1759 3791 1919 3841 posse
1950 3778 2088 3827 nisi:
2134 3780 2287 3828 moris
2330 3793 2441 3828 esse
2476 3779 2652 3828 existi—

1572 3863 1729 3897 mare.
1815 3846 1973 3908 Quod
2028 3862 2149 3896 cum
2209 3847 2278 3895 ab
2330 3847 2384 3896 h.
2434 3846 2471 3897 l.
2524 3846 2653 3897 alie-

1573 3931 1699 3965 num
1734 3915 1807 3964 sit
1831 3915 2068 3980 itemque
2089 3914 2437 3980 participium
2461 3929 2655 3965 ποιευ-

1574 3979 1781 4048 μένους
1820 3983 2088 4046 offendat,
2123 3985 2203 4033 ita
2237 3988 2298 4033 ut
2326 3985 2497 4033 totius
2534 4000 2654 4033 sen-

1576 4052 1783 4102 tentiae
1809 4057 2087 4108 structura
2111 4053 2465 4103 conturbetur
2489 4057 2654 4118 atque

1576 4120 1881 4171 deformata
1900 4127 1954 4170 et
1975 4123 2119 4171 bono
2144 4121 2409 4185 scriptore
2428 4122 2656 4184 indigna

1577 4188 1830 4239 decurrat
1846 4191 2021 4240 oratio
2035 4191 2192 4255 (sunt
2201 4189 2427 4240 Heroldi
2443 4189 2655 4253 verba),

1578 4274 1697 4307 earn
1730 4258 1816 4308 vir
1839 4258 2030 4308 doctus
2053 4259 2308 4323 proponit
2328 4258 2656 4307 emendatio-

1576 4341 1727 4386 nem,
1764 4330 1828 4376 ut
1864 4327 2133 4377 scribatur
2166 4325 2290 4406 (pro
2325 4318 2432 4374 οὐκ
2466 4316 2526 4373 ἐν
2561 4316 2656 4373 νό-

1574 4406 1661 4460 μφ
1672 4390 2051 4458 ποιευμένους
2060 4385 2395 4457 ἱδρυεσθαι)
2413 4409 2428 4443 ε
2453 4405 2484 4441 o
2498 4382 2533 4441 ὖ
2562 4404 2656 4441 νε-
