3109 5092
1152 383 1407 447 OLIO.
1455 387 1508 447 Ι.
1550 393 1641 453 70.
1688 394 1778 451 71.
2483 387 2605 450 157

316 559 633 650 χάλκεον,
688 544 950 643 ζωδίων
1001 585 1074 627 τε
1128 562 1382 642 ἔξωθεν
1436 559 1809 650 πλήσαντες
1857 561 2011 649 περὶ
2062 558 2137 629 τὸ
2181 573 2437 650 χεῖλος,
2490 566 2604 634 καὶ

319 664 610 752 μεγάθεϊ
640 669 1068 753 τριηκοσίους
1093 660 1434 753 ἀμφορέας
1462 667 1798 754 χωρέοντα
1841 655 2045 754 ἦγον,
2089 669 2313 755 δῶρον
2351 668 2600 755 βουλό-

319 796 510 856 μενοι
537 765 929 837 ἀντιδοῦναι
956 774 1248 862 Κροίσω.
1295 757 1488 848 οὗτος
1514 764 1550 836 6
1578 767 1830 859 κρητὴρ
1857 765 1982 837 οὐκ
2009 763 2288 843 ἀπίκετο
2318 773 2384 849 ἐς
2411 771 2599 861 Σάρ-

317 877 421 951 δις
466 868 562 940 δι’
594 877 810 950 αἰτίας
852 876 1172 959 διφασίας
1214 875 1575 961 λεγομένας
1616 872 1849 942 τάσδε·
1906 876 1977 941 οἱ
2010 871 2139 959 μὲν
2171 875 2596 964 Λακεδαιμό-

316 1004 451 1045 νιοι
491 977 801 1061 λέγουσι,
857 969 946 1055 ὥς
998 977 1152 1045 έπεί
1198 1002 1271 1044 τε
1323 972 1646 1064 ἀγόμενος
1702 978 1768 1058 ἐς
1801 972 1926 1055 τὰς
1968 975 2227 1065 Σάρδις
2266 973 2303 1045 6
2345 976 2600 1068 κρητὴρ

317 1082 576 1166 ἐγίνετο
620 1076 790 1148 κατὰ
829 1075 955 1167 τὴν
992 1086 1296 1168 Σαμίην,
1349 1078 1726 1168 πυθόμενοι
1769 1077 2017 1168 Σάμιοι
2068 1076 2430 1150 ἀπελοίατο
2470 1078 2594 1150 αύ-

316 1210 466 1269 τον,
506 1184 711 1270 νηυσὶ
753 1187 1047 1271 μακρῇσι
1089 1181 1601 1265 ἐπιπλώσαντες.
1668 1180 1859 1252 αὐτοὶ
1902 1182 1978 1251 δὲ
2011 1182 2261 1273 Σάμιοι
2302 1187 2594 1271 λέγουσι,

319 1282 407 1366 ὥς
425 1337 445 1372 ,
503 1288 656 1355 έπεί
701 1314 775 1355 τε
824 1280 1205 1377 ὑστέρησαν
1258 1291 1328 1356 οἱ
1370 1284 1642 1374 ἄγοντες
1684 1292 1823 1357 τῶν
1866 1292 2429 1377 Λακεδαιμονίων
2477 1286 2599 1358 τὸν

318 1395 648 1481 κρητῆρα,
716 1389 1185 1460 ἐπυνθάνοντο
1243 1389 1318 1458 δὲ
1371 1389 1625 1480 Σάρδις
1689 1418 1759 1459 τε
1820 1392 1934 1459 καὶ
1991 1398 2292 1480 Κροῖσον
2339 1387 2593 1481 ἡλωκέ-

316 1522 460 1581 ναι,
529 1490 859 1563 ἀπέδοντο
916 1491 1038 1563 τόν
1096 1498 1391 1583 κρητῆρα
1445 1496 1519 1562 έν
1574 1493 1824 1588 Σάμω,
1888 1492 2159 1620 ἰδιώτας
2215 1496 2290 1565 δὲ
2345 1494 2597 1583 ανδρας

315 1598 727 1688 πριαμένους
781 1595 1149 1668 ἀναθεῖναί
1195 1625 1315 1685 μιν
1367 1598 1434 1675 ές
1484 1595 1559 1664 τὸ
1602 1593 1908 1688 Ἡραῖον·
1987 1599 2153 1687 τάχα
2213 1600 2286 1668 δὲ
2336 1627 2424 1668 αν
2483 1600 2595 1668 καὶ

314 1706 383 1771 os
432 1699 842 1790 ἀποδόμενοι
900 1703 1196 1789 λέγοιεν,
1261 1697 1649 1788 ἀπικόμενοι
1705 1705 1773 1781 ές
1824 1700 2183 1825 Σπάρτην,
2251 1695 2341 1781 ὦς
2392 1699 2590 1771 ἀπαι-

316 1811 689 1894 ρεθείησαν
743 1799 877 1874 ὑπὸ
931 1811 1236 1892 Σαμί.ων
1333 1800 1501 1871 κατὰ
1568 1807 1691 1890 μέν
1753 1832 1887 1873 νυν
1942 1802 2062 1874 τὸν
2115 1809 2414 1894 κρητῆρα
2472 1800 2590 1873 οὗ·

314 1935 443 1988 τως
489 1913 660 1997 ἔσχε.

471 2035 762 2117 Κροῖσος
803 2028 878 2097 δὲ
922 2020 1241 2114 ἁμαρτὼν
1282 2029 1405 2093 τοῦ
1445 2030 1743 2115 χρησμοῦ
1783 2028 2077 2097 ἐποιέετο
2115 2033 2481 2116 στρατηΐην
2524 2029 2591 2108 ἐς
2606 2041 2682 2100 71

314 2137 847 2220 Καππαδοκίην,
903 2126 1178 2208 ελπίσας
1220 2127 1650 2218 καταιρήσειν
1691 2128 1926 2220 Κῦρόν
1962 2157 2035 2199 τε
2091 2132 2203 2200 καὶ
2243 2128 2369 2219 τὴν
2406 2139 2589 2221 Περ-

236 2250 299 2305 35
318 2238 496 2305 σέων
540 2233 853 2323 δύναμιν.
932 2234 1604 2322 παρασκευαζομένου
1646 2233 1721 2303 δὲ
1765 2240 2064 2325 Κροίσου
2102 2233 2591 2323 στρατεύεσθαι

319 2334 428 2407 επὶ
468 2339 771 2427 Πέρσας,
812 2366 951 2409 των
990 2364 1089 2417 τις
1129 2341 1415 2421 Λυδων,
1459 2337 1881 2426 νομιζόμενος
1922 2340 2036 2407 καὶ
2075 2338 2378 2427 πρόσθεν
2419 2337 2591 2408 εἶναι

316 2439 561 2530 σοφὸς,
617 2438 751 2510 ἀπὸ
792 2441 867 2511 δὲ
898 2439 1166 2528 ταύτης
1213 2444 1331 2527 τῆς
1377 2467 1645 2529 γνωμης
1691 2444 1799 2511 καὶ
1836 2441 1914 2510 τὸ
1961 2443 2170 2532 κάρτα
2210 2470 2467 2530 ουνομα
2518 2438 2594 2511 ἐν

314 2550 604 2615 Λυδοῖσι
658 2550 865 2632 ἔχων,
933 2540 1429 2632 συνεβούλευσε
1490 2551 1762 2639 Κροίσω
1822 2545 1980 2614 τάδε
2055 2543 2339 2635 (οὔνομά
2393 2550 2462 2614 οἱ
2507 2536 2595 2632 ἦν

316 2647 723 2733 Σάνδανις)·
797 2639 912 2735 ,,Ὦ
943 2652 1257 2735 βασιλεῦ,
1302 2643 1408 2716 επ’
1439 2644 1692 2736 ἄνδρας
1730 2649 2068 2728 τοιούτους
2104 2646 2595 2738 στρατεύεσθαι

382 2864 609 2927 ζωδίων
676 2879 735 2915 τε
796 2860 1015 2926 ἔξωθεν
1073 2854 1408 2930 πλήσαντες]

316 2929 522 3000 ζιόδια,
569 2942 633 2985 ut
678 2936 812 2986 bene
861 2940 1048 2985 monet
1082 2932 1408 2999 Schweigh„

319 3023 425 3056 non
452 3005 716 3057 animalia
734 3005 1011 3067 dicuntur,
1022 3018 1210 3054 verum
1231 3005 1409 3055 cuius·
1466 3036 1473 3042 ·

318 3074 449 3126 libet
464 3076 682 3142 generis
700 3074 927 3141 figurae,
943 3072 1278 3139 animalium,
1300 3075 1410 3124 fru-

319 3161 475 3211 gum,
524 3146 716 3196 florum
761 3150 866 3195 etc.
921 3145 1044 3194 Hoc
1090 3158 1254 3193 sensu
1296 3141 1409 3203 ζῶα

318 3216 669 3266 inveniuntur
703 3212 909 3275 1‚203.
955 3213 1031 3275 11,
1075 3213 1259 3275 4,ubi
1293 3212 1406 3263 vid.

318 3291 455 3340 nott.
499 3290 555 3335 et
594 3284 699 3346 111,
725 3253 810 3347 47,
848 3283 943 3334 ubi
967 3283 1082 3333 vid.
1121 3283 1205 3333 Ad
1229 3282 1409 3333 melio-

320 3370 429 3404 rem
465 3354 576 3405 loci
606 3353 1030 3418 intelligentiam
1063 3352 1143 3402 sic
1174 3353 1277 3402 tibi
1313 3353 1409 3402 fin-

319 3440 414 3489 gas
444 3425 709 3476 Nostrum
740 3424 1053 3489 scripsisse:
1088 3419 1306 3481 ζωδίων
1342 3436 1410 3471 τε

318 3524 387 3533 -
447 3485 768 3572 πλήσαντες
822 3488 934 3542 καὶ
991 3524 1060 3532 -
1124 3488 1411 3556 χωρέοντα

321 3559 598 3628 (κρητῆρα
645 3555 1046 3677 ποιησάμενοι)
1100 3554 1246 3628 ἦγον
1304 3559 1411 3628 (τῷ

320 3630 596 3701 Κροίσῳ).

384 3743 707 3803 ἀναθειναί
754 3766 855 3817 μιν
914 3740 972 3809 ἐς
1040 3743 1103 3801 τὸ
1151 3741 1411 3819 Ηραῖον]

321 3821 511 3888 Poppo
538 3822 610 3873 ad
633 3822 944 3901 Thucydid.
980 3823 1027 3883 Ι,
1053 3822 1141 3874 24.
1179 3822 1417 3872 scriben-

324 3890 446 3942 dum
484 3897 671 3943 censet
694 3882 960 3955 ”Ἠραιον.
1010 3892 1096 3942 De
1130 3891 1251 3956 ipso
1285 3896 1416 3941 tem-

324 3960 413 4025 plo
453 3963 567 4013 vid.
608 3961 873 4012 Herodot.
914 3960 992 4023 ΙΙ,
1031 3961 1151 4013 148.
1189 3961 1297 4024 ΙΙΙ,
1325 3961 1413 4012 60.

326 4030 509 4097 ibique
552 4036 695 4083 nott.
742 4032 840 4095 IV,
893 4029 975 4081 19.
1026 4030 1125 4093 Vl,
1177 4030 1265 4082 81.
1316 4031 1414 4093 IX,

327 4100 411 4163 52,
431 4100 527 4152 ubi
565 4101 679 4152 vid.
714 4106 856 4152 nott.
894 4105 951 4150 et
969 4100 1184 4165 Apulei.
1207 4099 1415 4150 Florid.

327 4184 451 4235 pag.
492 4168 614 4223 350.
651 4201 723 4211 —
760 4172 868 4233 Qui
905 4171 963 4219 in
997 4169 1085 4219 his
1119 4169 1302 4220 verbis
1337 4185 1418 4220 re·

1512 2865 1715 2916 horret.
1754 2865 1910 2917 Cous.
1950 2881 2090 2932 quac
2127 2867 2277 2917 dixi·
2260 2882 2318 2918 ιιι
2343 2864 2598 2918 Creuzeri

1510 2935 1725 2986 Melett.
1763 2936 1864 2989 111.
1897 2950 1951 2999 p.
1992 2938 2056 2988 12
2092 2953 2206 3023 seq.

1581 2997 1723 3071 τάχα
1766 2998 1829 3054 δὲ
1875 3003 1950 3059 ἄν
2001 3003 2096 3055 καὶ
2145 3003 2206 3057 οἷ
2242 2996 2599 3070 ἀποδόμενοι

1511 3089 1561 3123 κ.
1590 3089 1637 3124 τ.
1665 3074 1710 3124 λ.
1716 3072 1738 3140 ]
1764 3076 1899 3128 Sunt
1926 3078 2096 3142 ipsius
2113 3076 2383 3128 Herodoti
2409 3077 2596 3139 verba,

1510 3143 1771 3195 iudicium
1806 3162 1957 3198 suum
1995 3147 2335 3209 adiicientis,
2375 3162 2483 3212 quo
2520 3146 2600 3196 di·

1511 3229 1700 3264 versas
1743 3216 1928 3267 eadem
1950 3217 2017 3267 de
2049 3234 2106 3268 re
2131 3218 2475 3268 narrationes
2512 3232 2599 3265 ex-

1510 3280 1680 3347 plicet
1716 3290 1810 3335 aut
1846 3302 2028 3337 secum
2061 3288 2335 3339 conciliet.
2383 3287 2470 3336 De
2507 3300 2598 3349 op-

1511 3354 1689 3405 tativo
1738 3347 1906 3422 (τάχα
1948 3350 2012 3405 δὲ
2053 3372 2136 3406 αν
2181 3387 2251 3397 -
2301 3353 2597 3420 λέγοιεν)

1512 3424 1659 3475 conf.
1700 3430 1839 3476 nott.
1877 3426 1950 3476 ad
1985 3424 2030 3488 Ι,
2066 3427 2118 3477 2.

1874 3579 2007 3629 Cu,
2045 3579 2245 3629 LXXI.

1587 3681 1838 3743 Κροῖσος
1872 3674 1937 3731 δὲ
1970 3670 2295 3744 ἁμαρτών
2328 3676 2432 3728 τοῦ
2466 3694 2600 3743 χρη-

1516 3747 1691 3816 σμοῦ]
1748 3749 1786 3800 i.
1844 3766 1892 3801 e.
1951 3764 2073 3800 cum
2124 3765 2158 3799 a
2205 3764 2334 3800 vero
2395 3747 2604 3799 oraculi

1514 3835 1682 3870 sensu
1714 3820 2027 3871 aberrasset
2065 3819 2336 3884 aliumque
2373 3833 2494 3868 eum
2521 3833 2605 3868 ra-

1512 3895 1624 3951 tus,
1664 3903 1825 3954 quam
1861 3906 1921 3942 re
1967 3905 2100 3941 vera
2143 3894 2289 3952 erat,
2331 3889 2413 3938 ita
2448 3888 2607 3939 dece-

1514 3964 1643 4041 ptus
1686 3964 1852 4009 esset.

1575 4017 1913 4108 Ωβασιλεῦ,
1935 4017 2023 4078 ἐπ’
2054 4017 2273 4091 ἄνδρας
2307 4016 2608 4084 τοιούτους

1520 4090 1930 4161 στρατεύεσθαι
1998 4088 2468 4163 παρασκευάζεαι]
2522 4098 2608 4147 Ex

1519 4168 1718 4220 Athen.
1755 4169 1861 4219 111.
1897 4185 1952 4233 p.
1989 4168 2074 4219 78.
2122 4170 2272 4234 (cap.
2328 4168 2410 4218 15.
2449 4168 2515 4217 Τ.
2559 4165 2605 4216 Ι.

326 4243 532 4320 peritur
571 4241 785 4291 subitus
831 4240 1101 4291 orationis
1152 4238 1417 4289 transitus
1519 4253 1575 4302 p.
1606 4238 1729 4291 310.
1764 4239 1858 4288 ubi
1894 4238 2081 4288 eadem
2129 4237 2244 4287 fere
2278 4234 2607 4319 referuntur)

329 4307 388 4357 in
422 4308 678 4360 infinitivi
715 4314 1076 4372 structuram,
1113 4324 1237 4359 cum
1271 4312 1422 4358 ante-
1517 4307 1918 4359 Valckenarius
1951 4308 2170 4357 restitui
2199 4306 2342 4357 vult:
2382 4322 2425 4355 ω
2454 4303 2610 4372 βασι-

331 4382 557 4428 cesserit
603 4370 680 4437 ὥς
726 4395 850 4430 curn
905 4380 1074 4430 verbo
1120 4377 1302 4439 finito,
1349 4377 1419 4428 ab
1521 4374 1636 4440 λεῦ,
1692 4369 1771 4427 σύ
1828 4369 1898 4426 δὲ
1958 4366 2050 4426 ἐπ’
2108 4366 2327 4437 ανδρας
2368 4389 2421 4423 κ.
2468 4388 2515 4423 τ.
2563 4371 2611 4420 λ.

330 4448 654 4513 optimorum
676 4449 1005 4514 scriptorum
1027 4463 1131 4499 usu
1152 4415 1302 4499 haud
1322 4447 1421 4501 ab-

1525 4448 1681 4508 Quae
1725 4462 1848 4498 cum
1901 4444 2064 4496 valde
2113 4444 2272 4494 nobis
2317 4442 2615 4503 arrideant,
