3109 5092
535 338 658 404 848
1339 342 1881 404 EXCURSUS
1942 342 2000 404 V

533 520 748 585 Shaw.‚
788 516 939 583 alii),
983 516 1079 586 qui
1107 514 1378 568 Herodoti
1421 522 1478 568 et
1515 514 1855 585 reliquorum
1894 520 2143 566 veterum
2172 514 2504 582 scriptorum
2541 513 2841 568 iudicium

534 603 683 658 tueri
739 601 1062 667 studerent3
1121 599 1213 652 alii
1262 601 1452 670 fuere,
1510 600 1607 669 qui
1663 616 1784 652 cum
1824 599 2130 668 Aepyptiae
2184 607 2365 651 terrae
2426 599 2605 651 solum
2661 617 2843 652 nunc

536 708 645 743 non
679 688 878 740 elatius
928 686 1004 737 sit
1032 702 1192 756 quam
1225 684 1496 737 Herodoti
1536 692 1748 751 aetate,
1793 685 1938 736 bunc
1969 684 2294 753 scriptorem
2342 683 2565 752 egregie
2599 683 2839 753 lapsum

535 792 662 828 esse
694 772 971 837 dicerent,
1009 771 1158 840 qnod
1192 769 1508 823 inferiorem
1537 770 1851 838 Aegyptum
1879 787 1979 839 pro
2003 768 2119 821 Nili
2145 769 2289 821 dono
2319 769 2574 835 haberet,
2609 786 2683 820 ex
2708 770 2833 822 flu-

535 860 613 913 vii
649 858 771 910 limo
802 856 964 907 allato
990 864 1044 908 et
1074 862 1341 924 congesto
1371 862 1562 907 ortam.
1621 854 1744 907 Niti
1773 854 1912 906 enim
1944 854 2083 905 banc
2107 852 2418 922 opinionem
2444 853 2833 907 fundamento

537 962 646 996 uon
692 942 829 995 satis
871 939 1051 992 valido
1097 940 1165 993 de
1205 939 1464 992 immenso
1510 939 1774 1008 temporis
1814 938 2022 1008 spatio,
2079 937 2229 1007 quod
2256 937 2526 991 Herodoti
2573 944 2831 992 aetatem

536 1026 917 1091 antecesserit,
959 1043 1060 1077 nec
1083 1024 1306 1094 probari
1329 1042 1494 1093 posse
1526 1024 1635 1076 nisi
1660 1032 1861 1076 terram
1889 1023 2063 1092 ipsam
2092 1022 2604 1075 commonstraveris
2636 1024 2830 1076 multo

536 1113 899 1183 antiquiorem
943 1128 1069 1161 esse
1123 1126 1284 1179 quam
1323 1125 1520 1177 reapse
1560 1108 1751 1161 fuerit.
1834 1109 1921 1159 Ita
1945 1108 2162 1161 Freret.
2198 1107 2254 1159 in
2290 1106 2455 1160 Mem.
2501 1107 2568 1159 de
2594 1106 2823 1162 l'Acad.

537 1199 636 1251 des
666 1196 928 1264 Inscript.
959 1202 1001 1246 t.
1027 1193 1173 1246 XVI.
1205 1212 1259 1264 p.
1281 1199 1387 1252 333
1409 1211 1526 1264 seq.
1566 1193 1771 1245 xvm.
1809 1212 1862 1263 p.
1890 1196 1994 1250 188
2014 1210 2171 1261 seqq.
2218 1198 2275 1243 et
2311 1200 2439 1262 post
2469 1191 2609 1243 alios
2645 1210 2825 1260 prae-

538 1285 701 1351 cipue
728 1279 1040 1334 Larcherus
1077 1277 1132 1330 in
1168 1278 1392 1347 copiosa
1421 1279 1487 1330 ad
1521 1278 1573 1329 b.
1599 1277 1635 1329 l.
1667 1276 2060 1347 disputatione.
2130 1276 2352 1339 Quibus
2382 1276 2619 1329 accessit
2646 1277 2823 1331 Man-

539 1373 682 1419 nert.
709 1366 920 1430 Geogr.
954 1362 1053 1413 der
1083 1363 1185 1413 Gr.
1212 1378 1264 1414 u.
1294 1362 1480 1414 Roem.
1518 1362 1585 1427 X,
1617 1368 1665 1419 1.
1696 1379 1752 1431 p.
1778 1367 1882 1421 245
1905 1379 2025 1431 seq.
2058 1365 2160 1419 525
2210 1378 2351 1413 vana
2386 1379 2513 1413 esse
2542 1359 2814 1427 clamans,

538 1466 681 1522 quae
709 1448 1030 1500 Herodotus
1079 1452 1135 1498 et
1163 1446 1215 1498 h.
1241 1446 1279 1497 Ι.
1324 1452 1380 1498 et
1421 1445 1495 1511 11,
1527 1453 1593 1504 10
1627 1464 1747 1515 seq.
1789 1446 2128 1516 perscribat,
2170 1462 2290 1498 cum
2324 1445 2616 1515 Aegyptus
2656 1448 2813 1499 omni

536 1543 782 1603 tempore
811 1531 938 1584 talis
968 1530 1156 1598 fuerit,
1197 1529 1376 1600 qualis
1405 1530 1584 1582 adhuc
1612 1530 1928 1582 inveniatur
1950 1548 2052 1583 nec
2081 1531 2208 1582 ullis
2236 1537 2397 1582 aucta
2428 1530 2814 1597 incrementis,

538 1619 743 1691 quibus
784 1616 959 1670 solum
1005 1614 1205 1668 elatius
1257 1616 1428 1668 fuerit
1469 1615 1773 1681 redditum3
1828 1614 1950 1668 fieri
1998 1615 2190 1684 utique
2229 1615 2512 1684 potuisse,
2570 1622 2645 1667 ut·
2682 1616 2815 1668 olim

538 1704 806 1774 paludosa
850 1709 905 1754 et
947 1706 1214 1767 stagnosa
1245 1705 1394 1752 terra
1436 1700 1606 1752 suerit
1647 1699 1836 1767 Delta,
1892 1699 2107 1753 minime
2154 1716 2287 1752 vero
2332 1699 2585 1768 primitus
2638 1702 2814 1754 maris

539 1790 719 1843 fuisse
762 1787 960 1840 sinum.
1027 1784 1186 1847 Quae
1231 1801 1529 1854 sanequam
1564 1784 1808 1854 produnt
1845 1792 2120 1837 auctorem
2156 1783 2367 1836 minime
2412 1784 2601 1849 talem,
2654 1777 2816 1846 ὅστις

538 1892 600 1944 γε
629 1867 852 1927 σύνεσιν
880 1867 1009 1939 ἔχει,
1044 1876 1108 1920 ut
1128 1869 1396 1922 Herodoti
1429 1876 1554 1921 utar
1583 1868 1789 1921 verbis.
1847 1869 2050 1922 Melius
2083 1869 2217 1921 vidit
2239 1866 2473 1920 Rennel.
2505 1868 2561 1920 in
2592 1869 2808 1937 Geogr.

538 1957 749 2011 Herod.
781 1974 836 2025 p.
857 1959 954 2014 591
982 1971 1140 2022 seqq.
1179 1960 1234 2005 et
1264 1953 1510 2022 inprimis
1541 1972 1597 2022 p.
1619 1958 1742 2012 593.
1778 1956 1902 2011 594.
1972 1953 2109 2006 Eam
2140 1953 2281 2006 enim
2315 1952 2623 2021 regionem,
2659 1971 2811 2024 quae

540 2042 702 2095 Delta
753 2047 1009 2103 vocatur,
1068 2037 1298 2089 indubia
1338 2039 1533 2090 scribit
1586 2038 1870 2090 continere
1914 2037 2183 2105 vestigia,
2247 2038 2397 2107 quod
2439 2037 2623 2106 prisco
2664 2055 2809 2091 aevo

542 2126 687 2179 baud
733 2122 1041 2188 exstiterit,
1100 2121 1197 2173 sed
1241 2128 1538 2191 temporum
1588 2123 1825 2175 decursu
1872 2121 1988 2174 Nili
2033 2121 2235 2174 alluvie
2283 2128 2441 2189 nata,
2507 2124 2808 2174 accedente

542 2212 772 2279 posthac
800 2210 1028 2260 humana
1068 2212 1186 2257 arte
1217 2223 1523 2275 operaque,
1569 2206 1626 2258 iu
1660 2214 1859 2259 terram
1890 2207 2097 2259 firmam
2131 2214 2187 2259 et
2216 2206 2587 2259 continentem
2618 2225 2807 2259 cesse-

543 2295 634 2346 rit.
704 2291 872 2356 Quod
915 2290 1055 2342 idem
1099 2289 1385 2359 permultis
1426 2290 1764 2358 argumentis
1802 2308 1870 2343 ex
1906 2291 2086 2361 ipsius
2132 2290 2235 2343 soli
2269 2296 2467 2343 natura
2510 2298 2809 2361 terraeque

544 2377 840 2429 universae
873 2374 1053 2427 indole
1087 2373 1339 2441 repetitis
1373 2373 1681 2427 luculenter
1714 2376 1971 2443 probavit
1998 2374 2318 2442 Andreossy
2350 2375 2406 2426 in
2423 2375 2705 2444 Descript.
2739 2376 2808 2427 de

545 2461 688 2529 l'Eg.
724 2464 838 2513 etat
865 2457 1006 2511 mod.
1035 2461 1189 2511 mem.
1217 2458 1263 2511 1.
1290 2476 1344 2527 p.
1369 2461 1472 2516 272
1497 2476 1616 2529 seq.
1655 2458 1776 2511 coll.
1794 2459 2018 2529 Antiqq.
2051 2460 2159 2512 vol.
2186 2460 2230 2512 1.
2267 2476 2380 2513 sec.
2410 2458 2621 2513 livrais.
2652 2478 2711 2529 p.
2734 2464 2809 2518 88

545 2563 734 2615 seqq.,
776 2551 838 2597 ut
864 2543 968 2596 iam
997 2542 1242 2595 dubitari
1271 2550 1540 2613 nequeat,
1586 2560 1717 2596 vera
1750 2543 2093 2597 Herodotum
2122 2543 2398 2597 retulisse.
2465 2545 2632 2607 Quod
2664 2544 2807 2597 idem

544 2630 752 2700 placuit
782 2628 1057 2681 Heerenio
1090 2627 1254 2680 Ideen
1286 2636 1392 2679 etc.
1425 2627 1499 2694 ΙΙ,
1528 2634 1583 2686 2.
1615 2646 1672 2697 p.
1702 2633 1791 2686 80.
1819 2633 1887 2687 81
1921 2634 2037 2680 not.
2073 2628 2195 2681 coll.
2225 2647 2280 2697 p.
2304 2634 2393 2693 55,
2425 2636 2593 2698 atque
2608 2628 2806 2681 Cham-

543 2714 771 2785 pollioni
800 2712 1046 2782 l'Egypt.
1079 2729 1215 2765 sous
1255 2712 1292 2764 1.
1323 2712 1488 2765 Phar.
1518 2713 1595 2763 11.
1626 2730 1681 2782 p.
1703 2718 1739 2770 3
1761 2729 1919 2782 sqq.,
1964 2713 2062 2782 qui
2089 2713 2440 2783 antiquorum
2477 2712 2809 2782 scriptorum

542 2797 871 2852 testimoniis
923 2805 978 2850 et
1022 2796 1307 2865 geologica
1357 2795 1601 2849 locorum
1655 2795 1837 2849 indole
1893 2796 2033 2849 satis
2088 2799 2188 2850 hoc
2232 2797 2521 2867 probatum
2578 2797 2806 2865 iudicat,

543 2884 855 2952 Aegyptum
879 2880 1193 2935 inferiorem
1221 2880 1346 2933 olim
1375 2880 1550 2934 fuisse
1581 2880 1745 2933 maris
1772 2879 2157 2935 mediterranei
2184 2881 2381 2947 sinum,
2419 2881 2514 2950 qui
2542 2881 2612 2933 ad
2635 2881 2806 2935 Mem-

544 2967 688 3036 phim
749 2982 923 3035 usque
977 2971 1034 3017 et
1077 2964 1327 3029 mediam,
1391 2980 1534 3033 quae
1583 2981 1730 3018 nunc
1777 2965 2042 3033 habetur,
2095 2967 2405 3034 Aegyptum
2450 2965 2805 3035 pertinuerit,

544 3058 658 3101 tum
686 3066 818 3100 vero
849 3047 964 3099 Nili
995 3047 1116 3099 limo
1148 3047 1394 3116 repletus
1422 3047 1480 3099 in
1516 3048 1745 3118 paludes
1780 3066 1845 3101 ac
1872 3054 2072 3116 stagna
2107 3050 2425 3115 transierit,
2481 3049 2628 3102 unde
2656 3058 2808 3103 terra

545 3132 837 3184 continens
871 3130 1154 3199 postmodo
1188 3131 1446 3195 evaserit,
1487 3132 1811 3185 documento
1842 3150 1969 3186 esse
1995 3140 2052 3187 et
2078 3133 2323 3201 regionis
2349 3133 2631 3202 planitiem
2655 3153 2811 3188 mou-

543 3217 696 3269 tibus
732 3215 994 3284 utrinque
1021 3216 1188 3268 ferme
1219 3214 1483 3267 inclusam
1514 3222 1572 3270 et
1600 3216 1780 3286 ipsum
1807 3216 1981 3270 solum
2010 3218 2225 3287 nigrum
2247 3216 2626 3288 limosamque,
2657 3220 2807 3288 quod

545 3299 705 3354 fluvii
754 3299 956 3352 alluvie
999 3300 1297 3369 quotannis
1340 3298 1530 3366 adgeri
1576 3306 1857 3370 appareat.
1924 3302 2178 3356 Omnium
2217 3303 2629 3356 accuratissime
2669 3304 2809 3355 banc

545 3403 654 3439 rem
682 3383 941 3437 tractavit
971 3383 1171 3436 Ritter.
1202 3382 1506 3436 Erdkunde
1535 3385 1582 3437 Ι.
1611 3403 1667 3454 p.
1687 3390 1796 3444 840
1816 3402 1971 3456 seqq.
2001 3391 2107 3447 846
2134 3406 2252 3457 seq.
2285 3392 2391 3445 852
2412 3404 2593 3456 seqq.‚
2626 3387 2806 3439 Hero-

545 3469 662 3523 doti
705 3468 1086 3521 illustraturus
1127 3468 1486 3533 sententiam,
1540 3469 1640 3539 qui
1687 3470 2003 3524 inferiorem
2046 3471 2356 3540 Aegyptum
2397 3470 2557 3522 fluvii
2604 3470 2809 3523 donum

545 3570 672 3608 esse
708 3552 1049 3623 pronuntiat.
1118 3552 1301 3623 Atque
1331 3554 1618 3622 probatum
1654 3555 1698 3605 it
1730 3554 1816 3606 vir
1845 3555 2072 3621 doctus,
2113 3555 2229 3607 Nili
2263 3553 2723 3606 inundationibus
2750 3563 2809 3607 et

544 3637 705 3691 fluvii
735 3636 950 3695 alveum
989 3636 1131 3705 erigi
1161 3644 1218 3689 et
1246 3636 1419 3690 solum
1449 3638 1734 3705 adiacens,
1771 3638 2139 3693 subveniente
2170 3638 2380 3708 pariter
2413 3638 2625 3693 natura*
2640 3644 2808 3707 atque

545 3714 820 3775 bominum
864 3724 1016 3787 arte,
1095 3721 1394 3776 exstructis
1438 3723 1770 3790 aggeribus,
1834 3722 2017 3777 ductis
2062 3722 2374 3789 canalibus,
2436 3721 2810 3790 adhibitisque

544 3805 836 3859 machinis.
901 3805 1024 3858 Nec
1049 3824 1183 3860 vero
1206 3805 1392 3859 eodem
1419 3806 1577 3860 modo
1606 3806 1905 3876 iisdemque
1933 3808 2205 3860 mensuris
2233 3824 2334 3877 per
2364 3823 2551 3858 omnes
2571 3804 2811 3874 Aegypti

543 3895 733 3958 partes
762 3896 820 3943 et
846 3889 1039 3943 Nilum
1082 3897 1139 3943 et
1167 3890 1343 3943 solum
1372 3890 1543 3957 erigi,
1586 3891 1689 3944 sed
1731 3891 1932 3943 variari
1964 3909 2065 3961 pro
2104 3893 2259 3944 varia
2289 3890 2468 3959 ipsius
2500 3896 2681 3941 terrae
2720 3889 2807 3941 in-

545 3971 702 4039 dole,
755 3973 838 4025 ita
874 3981 966 4039 ut,
1023 3991 1144 4028 cum
1180 3974 1347 4027 multo
1386 3974 1559 4027 maior
1590 3980 1771 4028 terrae
1799 3975 1955 4043 copia
1986 3976 2041 4028 in
2073 3975 2328 4045 Aegypto
2356 3972 2606 4027 inferiori
2636 3973 2812 4026 fuerit

544 4056 805 4123 adgesta,
853 4057 982 4109 baec
1018 4059 1172 4125 regio
1204 4058 1388 4111 serius
1418 4076 1580 4129 quam
1615 4059 1860 4128 reliquae
1879 4058 2118 4130 Aegypti
2148 4066 2335 4129 partes
2365 4064 2494 4110 nata
2522 4056 2701 4109 fuisse
2732 4058 2811 4109 sit

544 4140 841 4193 censenda.
899 4140 1097 4210 Neque
1129 4142 1378 4209 effugere
1411 4159 1578 4211 posse
1618 4142 1893 4195 sollertem
1922 4151 2153 4196 naturae
2184 4148 2574 4205 scrutatorem,
2620 4141 2808 4209 aliquo

545 4232 817 4294 tempore,
861 4225 1109 4293 quamvis
1142 4225 1537 4291 remotissimo,
1585 4244 1701 4280 eam
1736 4231 1965 4293 terram,
2013 4244 2153 4297 quae
2197 4245 2344 4280 nunc
2369 4225 2530 4278 Delta
2566 4223 2807 4293 appelle-

544 4315 666 4377 tur,
713 4309 956 4363 nondum
982 4309 1264 4362 exstitisse
1282 4348 1296 4375 ,
1341 4311 1627 4378 postmodo
1656 4311 1864 4363 demum
1887 4319 2057 4365 ortam
2085 4318 2197 4365 tum
2218 4311 2363 4378 limo,
2407 4326 2567 4378 quem
2594 4308 2806 4361 fluvius

545 4393 860 4459 advexerit,
899 4398 1014 4447 tum
1035 4410 1170 4446 vero
1201 4393 1360 4447 etiam
1393 4411 1593 4463 arena,
1630 4410 1791 4465 quam
1824 4396 1965 4451 idem
1995 4413 2181 4451 secum
2208 4395 2400 4449 tulerit
2426 4392 2636 4449 fluvius
2672 4410 2806 4446 ven-
