3109 5092
479 337 602 400 274

1342 332 1880 395 HERODOTI

480 512 835 597 στέμμασι,
866 504 1018 576 οὐκὶ
1050 504 1312 594 οὐλῇσι.
1367 511 1506 575 τῶν
1534 506 1609 574 δὲ
1640 500 1728 585 ὡς
1754 503 2008 596 ἑκάστῳ
2036 501 2241 571 θύειν
2265 501 2492 583 θέλει,
2521 502 2589 579 ἐς
2615 503 2744 585 χῶ-

481 640 604 700 ρον
643 607 949 699 καθαρὸν
991 606 1266 696 ἀγαγών
1305 606 1379 679 τὸ
1407 614 1678 697 κτῆνος,
1721 609 1942 678 καλέει
1975 603 2093 674 τὸν
2118 600 2321 687 θεὸν,
2361 605 2744 690 ἐστεφανω-

479 717 678 802 μένος
706 710 827 781 τὸν
865 711 1105 801 τιάραν
1134 719 1426 801 μυρσίνῃ
1468 711 1777 799 μάλιστα.
1849 712 2076 802 ἑωυτῷ
2105 707 2230 796 μὲν
2268 702 2351 794 δὴ
2378 711 2477 798 τῷ
2503 704 2747 774 θύοντι

482 822 623 906 ἰδίῃ
663 815 896 908 μούνῳ
942 812 1026 884 οὖ
1055 819 1125 883 οἰ
1160 818 1493 903 ἐγγίνεται
1537 810 1833 902 ἀρᾶσθαι
1872 807 2138 897 ἆγαθα,
2192 805 2228 878 ὃ
2271 811 2346 878 δὲ
2376 814 2539 878 πᾶσι
2578 823 2749 877 τοῖσι

481 921 782 1008 Πέρσῃσι
822 916 1211 1005 κατεύχεται
1258 909 1335 986 εὖ
1377 924 1690 1003 γίνεσθαι
1731 916 1843 984 καὶ
1883 920 1977 1008 τῷ
2018 922 2301 1001 βασιλεῖ.
2378 914 2453 980 ἐν
2496 910 2624 998 γὰρ
2666 907 2749 998 δὴ

481 1037 651 1091 τοῖσι
681 1016 887 1089 ἅπασι
916 1023 1218 1110 Πέρσῃσι
1246 1021 1357 1090 καὶ
1399 1014 1601 1099 αὐτὸς
1630 1026 1910 1105 γιῖιεται.
1975 1012 2180 1085 ἐπεὰν
2209 1015 2283 1084 δὲ
2316 1013 2748 1102 διαμιστύλας

484 1191 799 1238 coronatam
842 1186 1013 1236 fuisse
1059 1186 1291 1236 scribat:
1353 1177 1569 1233 θύουσι

484 1248 540 1306 δ’
578 1250 639 1306 ἐν
675 1252 916 1330 καθαρῷ
962 1247 1118 1334 τόπῳ
1166 1247 1570 1317 κατευξαμενοι

483 1317 979 1389 παραστησάμενοι
1020 1315 1084 1371 τὸ
1133 1316 1346 1385 ἷερεῑον
1381 1314 1568 1385 ἐστεμ-

484 1392 673 1457 μένον.
747 1394 933 1456 Neque
991 1408 1120 1441 vero
1179 1393 1234 1441 in
1287 1392 1567 1443 Herodoto

486 1463 778 1527 quidquam
815 1462 1160 1523 mutandum,
1215 1463 1307 1525 qui
1346 1462 1569 1512 Graecis

488 1533 600 1581 suis
650 1531 952 1591 scribebat,
1006 1545 1113 1580 non
1162 1530 1370 1580 Graeco
1421 1547 1568 1580 more

487 1615 643 1649 sacra
680 1599 796 1648 fieri
832 1615 866 1649 a
899 1600 1113 1660 Persis,
1150 1614 1250 1649 nec
1286 1600 1568 1660 libatione,

486 1685 587 1719 nec
634 1669 796 1730 tibia,
862 1684 962 1718 nec
1011 1667 1226 1730 infulis,
1280 1686 1380 1719 nec
1426 1669 1570 1718 mola

487 1738 558 1788 ad
611 1737 942 1788 Graecorum
999 1753 1204 1787 morem
1270 1738 1568 1800 utentibus,

486 1806 582 1856 sed
632 1808 797 1868 tiara,
848 1806 1114 1872 singulari
1159 1807 1285 1871 pilei
1333 1807 1569 1872 quodam

487 1891 710 1940 genere,
761 1877 941 1926 tectis.
1023 1877 1198 1937 Quam
1242 1877 1416 1941 ipsam
1466 1877 1570 1925 tia-

438 1975 446 1983 ·
487 1961 604 1995 ram
647 1949 825 2009 myrto
862 1946 1250 1995 circumdatam
1292 1947 1463 1995 fuisse
1504 1961 1568 1994 eo

487 2014 662 2076 magis
687 2015 925 2064 scribere
951 2015 1171 2078 placuit,
1206 2015 1349 2079 quod
1375 2015 1572 2065 Graeci

489 2084 632 2132 nudo
654 2083 833 2145 capite
852 2084 1145 2147 eodemque
1167 2099 1368 2134 corona
1391 2084 1572 2134 cincto

490 2151 560 2200 ad
606 2165 765 2200 sacra
817 2151 1069 2200 facienda
1117 2152 1372 2201 accedere
1433 2152 1575 2203 sole·

491 2219 643 2268 bant.
728 2220 944 2267 Etenim
985 2220 1297 2270 Herodotus
1358 2223 1415 2269 in
1470 2220 1574 2270 hac

491 2292 612 2337 tota
644 2286 711 2335 de
737 2287 1022 2336 Persarum
1055 2289 1227 2338 sacris
1261 2290 1574 2339 narratione

491 2357 562 2406 ad
594 2356 831 2405 Graecos
877 2356 1099 2419 respicit
1147 2372 1316 2423 eaque
1359 2359 1579 2424 potissi-

493 2441 636 2474 mum
682 2422 867 2486 affert,
924 2438 1063 2489 quae
1112 2425 1287 2488 ipsum
1339 2429 1573 2479 maxime

494 2494 842 2544 adverterant
885 2494 1064 2543 aliena
1097 2510 1315 2558 prorsus
1352 2512 1386 2545 a
1408 2497 1575 2547 Grae-

494 2579 677 2614 corum
714 2578 879 2615 more.
940 2563 1119 2627 Atque
1148 2563 1271 2614 inde
1293 2564 1435 2614 haud
1456 2567 1572 2615 scio

495 2649 564 2682 an
626 2630 883 2697 explicari
942 2632 1139 2696 possit,
1210 2633 1352 2698 quod
1411 2634 1573 2698 ignis,

493 2702 649 2752 cuius
684 2703 1036 2766 praecipuum
1069 2701 1248 2752 locum
1293 2703 1350 2752 in
1382 2703 1573 2752 Persa

493 2787 612 2821 rum
668 2772 837 2821 sacris
894 2786 1013 2821 esse
1069 2774 1309 2832 constat,
1372 2769 1574 2821 nullam

495 2840 696 2890 Noster
736 2841 930 2891 fecerit
965 2841 1320 2901 mentionem,
1364 2839 1420 2888 in
1456 2838 1580 2889 reli-

497 2909 619 2973 quis
654 2907 733 2956 sic
776 2909 913 2957 satis
952 2909 1296 2958 consentiens
1330 2923 1452 2958 cum
1489 2909 1577 2967 iis,

497 2991 639 3040 quae
683 2991 711 3025 e
756 2977 911 3026 libris
957 2978 1208 3026 Zendicis
1253 2992 1580 3039 cognoscere

495 3044 644 3094 licet.
683 3045 874 3110 Neque
900 3060 1027 3094 vero
1058 3045 1183 3094 inde
1208 3044 1391 3110 colligi
1418 3061 1581 3110 posse

498 3117 711 3178 putem,
769 3113 913 3178 quod
970 3114 1166 3163 statuit
1211 3114 1399 3164 Rhode
1455 3113 1581 3178 (Die

497 3181 696 3246 heilige
727 3183 872 3247 Sage
906 3187 1009 3232 etc.
1049 3199 1103 3246 p.
1141 3180 1301 3245 507),
1336 3185 1582 3235 Herodo-

496 3256 613 3301 tum
643 3253 818 3316 ipsum
851 3252 1022 3306 sacris
1047 3254 1332 3301 Persarum
1365 3268 1473 3302 non
1501 3254 1582 3303 in-

498 3320 780 3383 terfuisse,
842 3321 938 3370 sed
996 3321 1196 3371 referre
1244 3326 1456 3372 tantum
1493 3339 1578 3387 ea,

499 3406 640 3455 quae
669 3390 740 3440 ab
778 3390 899 3440 aliis
935 3390 1140 3440 tradita
1174 3392 1464 3470 acceperit.

567 3458 672 3509 τοῦ
706 3455 770 3509 δὲ
814 3450 890 3518 ὡς
926 3450 1138 3527 ἑκάστῳ
1187 3453 1358 3510 θύειν
1398 3458 1579 3526 θέλει]

499 3530 534 3578 i.
573 3545 620 3579 e.
667 3537 820 3592 prout
864 3545 1032 3581 eorum
1074 3529 1348 3594 (deorum)
1406 3534 1581 3595 cuique

495 3613 653 3648 sacra
696 3600 876 3663 facere
924 3603 1034 3664 quis
1085 3603 1201 3651 vult.
1276 3601 1341 3649 In
1384 3601 1581 3664 quibus

501 3667 854 3718 observamus
902 3670 1198 3719 subiectum
1238 3669 1383 3734 quod
1427 3669 1583 3719 aiunt

498 3736 833 3818 neglectum,
884 3754 950 3788 ex
985 3739 1150 3789 verbo
1186 3739 1305 3818 ipso
1340 3745 1582 3803 repeten—

499 3805 654 3866 dum,
691 3797 721 3855 ὁ
760 3801 928 3856 θύων
962 3824 1006 3858 s.
1041 3797 1072 3857 ὁ
1100 3800 1314 3872 θυτὴρ,
1349 3813 1411 3857 ut
1438 3809 1584 3858 infra

500 3873 577 3934 ΙΙ,
617 3843 702 3936 4⁹7,
742 3875 836 3925 ubi
871 3877 1013 3926 conf.
1054 3881 1192 3928 nott.
1275 3877 1429 3938 Quae
1458 3893 1580 3929 cum

499 3941 581 3990 ita
633 3943 772 4005 sint,
839 3944 968 3993 mihi
1020 3961 1127 3995 ιιοιι
1185 3945 1398 3996 videtur
1445 3961 1580 4013 opus

499 4024 621 4060 esse
650 4012 885 4063 scribere
905 4006 1165 4072 ἕκαστος,
1203 4019 1265 4063 ut
1299 4016 1582 4099 proposuit

499 4078 741 4140 Bekker3
781 4097 880 4130 nec
904 4083 1076 4146 magis
1115 4085 1477 4134 necessarium
1502 4087 1582 4135 iu-

501 4148 653 4208 dico,
702 4163 822 4198 cnm
851 4148 1165 4199 Heroldol.
1216 4150 1252 4200 l.
1295 4169 1346 4215 p.
1379 4153 1582 4204 5hunc

501 4215 675 4265 locum
722 4217 804 4267 sic
849 4219 1211 4270 constituere.
1261 4218 1376 4269 τῶν
1415 4216 1479 4270 δὲ
1515 4212 1582 4280 ὃς

499 4300 573 4334 αν
617 4276 876 4336 ἑκάστοτε
930 4280 1102 4337 θύειν
1136 4280 1305 4353 ἐθέλῃ
1351 4304 1401 4339 κ.
1444 4305 1491 4340 τ.
1528 4291 1577 4340 λ.

499 4354 658 4416 Quod
694 4353 858 4406 etiam
893 4356 1083 4408 reiecit
1114 4355 1369 4422 Dietsch,
1407 4359 1583 4426 suspi-

1668 1201 1800 1236 cans
1837 1190 1964 1233 ante
1999 1172 2212 1250 εκάστῳ
2247 1179 2593 1232 inserendum
2630 1194 2752 1229 esse

1667 1251 1933 1312 εκαστοςς
2006 1252 2120 1301 vid.
2187 1251 2415 1303 Jahrbb.
2483 1251 2537 1302 d.
2604 1248 2747 1300 Phil.

1667 1324 1865 1374 LXIX.
1902 1339 1955 1386 p.
1994 1321 2115 1372 329.

1739 1385 2220 1470 ἐστεφανωμένος
2236 1383 2339 1439 τὸν
2372 1380 2575 1452 τιάραν
2612 1402 2749 1451 μυρ-

1669 1461 1800 1528 σίνῃ
1835 1452 2090 1524 μάλιστα]
2131 1451 2352 1523 τιάραν,
2390 1459 2542 1508 libris
2568 1456 2752 1507 melio-

1668 1532 1818 1582 ribus
1856 1530 2045 1579 invitis
2069 1529 2209 1579 male
2244 1533 2510 1578 mutatum
2544 1527 2603 1576 in
2634 1516 2751 1587 τιή-

1673 1615 1810 1663 ρ,ην
1847 1603 1908 1648 ut
1944 1599 2135 1648 Ionica
2164 1599 2338 1662 magis
2375 1602 2523 1647 esset
2558 1596 2749 1655 forma,

1670 1668 1889 1729 reduxi,
1932 1668 2207 1731 Hesychio
2244 1681 2458 1733 quoque
2507 1669 2748 1725 auctore,

1673 1739 1767 1803 qui
1810 1753 1854 1787 s.
1895 1754 1950 1787 v.
2001 1737 2067 1787 de
2109 1737 2409 1787 masculino
2454 1735 2615 1785 huius
2657 1748 2751 1783 vo-

1673 1809 1751 1858 cis
1783 1822 1979 1870 genere
2016 1806 2297 1867 admonet,
2333 1804 2601 1855 Herodoti
2642 1817 2750 1852 non

1672 1877 1895 1926 oblitus.
1967 1876 2105 1925 Nam
2150 1875 2286 1925 alias
2331 1874 2627 1925 foeminino
2662 1886 2752 1934 ge-

1670 1961 1797 1995 nere
1839 1945 2038 1995 dicitur
2088 1933 2124 2008 ἡ
2169 1959 2352 2023 τιαρα.
2432 1944 2557 2019 Qui
2583 1941 2752 2005 igitur

1672 2015 1777 2065 hoc
1812 2014 1932 2064 loco
1966 2013 2197 2063 afferunt
2232 2004 2338 2077 τὴν
2368 2028 2465 2077 pro
2503 2003 2622 2072 τὸν,
2661 2010 2755 2058 mi·

1674 2084 1817 2132 nime
1840 2084 1917 2132 illi
1943 2087 2100 2132 erunt
2129 2082 2404 2132 audiendi.
2465 2081 2623 2130 Conf.
2648 2079 2755 2128 He·

1674 2153 1853 2203 rodot.
1891 2152 1994 2213 ΙΙΙ,
2034 2153 2116 2202 12.
2154 2153 2280 2214 VII,
2309 2152 2396 2202 61.
2434 2151 2593 2210 VIII,
2635 2148 2753 2198 120.

1675 2221 1814 2272 Add.
1863 2221 2097 2272 Bredov,
2145 2237 2272 2286 pag.
2311 2223 2398 2271 55.
2481 2221 2584 2269 Est
2625 2233 2754 2267 vero

1677 2294 1813 2341 tiara
1878 2290 2076 2354 capitis
2149 2294 2516 2355 tegumentum
2573 2287 2756 2337 Persis

1678 2360 1948 2425 proprium
2006 2374 2072 2408 ac
2127 2359 2421 2420 familiare,
2483 2358 2755 2407 diversum

1674 2445 1769 2493 pro
1806 2428 2139 2493 singulorum
2168 2428 2340 2493 gradu
2376 2432 2431 2478 et
2466 2427 2754 2493 dignitate.

1674 2500 1899 2548 Rectam
1926 2498 2068 2547 enim
2091 2497 2287 2547 tiaram
2311 2511 2630 2561 sursumque
2650 2494 2760 2544 ela-

1674 2572 1813 2628 tam,
1846 2567 2000 2631 apice
2036 2567 2091 2615 in
2127 2565 2357 2616 sublime
2390 2572 2600 2629 erecto,
2655 2562 2759 2614 soli

1675 2651 1831 2701 reges
1884 2636 2200 2700 gestabant,
2263 2634 2457 2700 reliqui
2514 2635 2757 2684 homines

1678 2705 1927 2754 deorsum
1960 2709 2272 2770 vergentem
2319 2709 2374 2754 et
2420 2704 2477 2755 in
2523 2704 2758 2754 frontem

1679 2774 1989 2834 deductam3
2037 2789 2138 2824 nec
2185 2774 2364 2824 differt
2406 2774 2503 2823 illa
2538 2774 2652 2823 fere
2686 2772 2757 2822 ab

1677 2844 1846 2892 cidari
1890 2848 1944 2893 et
1988 2843 2293 2907 promiscue
2337 2855 2459 2898 cum
2502 2858 2569 2892 ea
2602 2857 2760 2893 usur-

1677 2916 1856 2974 patur.
1930 2913 2055 2962 Vid.
2083 2914 2326 2964 Brisson.
2365 2912 2431 2963 de
2465 2928 2578 2976 reg.
2606 2913 2758 2961 Pers.

1680 2979 1849 3043 princ.
1875 2981 1921 3030 Ι.
1951 2984 2002 3042 §-
2030 2982 2114 3030 46.
2183 2980 2485 3034 Blomfield.
2522 2982 2579 3030 in
2605 2980 2762 3032 Gclosv

1680 3063 1788 3097 sar.
1833 3049 1902 3097 ad
1938 3048 2190 3114 Aeschyl.
2215 3052 2366 3101 Pers.
2391 3051 2492 3102 067
2529 3055 2585 3100 et
2618 3063 2759 3113 quae

1681 3116 1807 3166 olim
1845 3117 1963 3180 ipse
1999 3120 2232 3169 excitavi
2267 3121 2325 3169 in
2364 3119 2618 3171 Creuzeri
2649 3119 2760 3168 Me-

1678 3185 1798 3235 lett.
1840 3185 1947 3235 111.
1986 3202 2110 3252 pag.
2148 3189 2235 3239 81.
2304 3189 2442 3239 Add.
2479 3190 2756 3239 Hammer.

1680 3256 1736 3303 in
1774 3255 1994 3304 Wiener
2031 3256 2329 3308 Jahrbiich.
2369 3259 2466 3308 IX.
2505 3273 2634 3322 pag.
2670 3256 2758 3306 61.

1679 3329 1736 3373 et
1782 3339 1920 3389 quae
1966 3325 2230 3375 adnotata
2281 3333 2408 3375 sunt
2448 3327 2520 3376 ad
2557 3325 2760 3377 Herod.

1679 3393 1788 3454 111,
1831 3394 1911 3443 12.
1950 3394 2016 3455 V,
2052 3393 2137 3444 40.
2174 3395 2300 3457 VII,
2335 3396 2397 3446 61
2439 3395 2564 3446 coll.
2600 3395 2761 3456 vul,

1749 3544 1918 3580 κατει
1906 3520 2097 3595 ’χεται]
2136 3532 2172 3581 i.
2201 3547 2247 3582 e.
2280 3533 2552 3594 ardenter,
2588 3547 2764 3597 mayno

1683 3616 1789 3649 cum
1818 3600 1985 3650 studio
2018 3610 2282 3663 precatur,
2315 3605 2541 3651 notante
2569 3602 2763 3652 Thom.

1684 3669 1933 3734 Magistr.
1992 3684 2118 3735 pag.
2167 3671 2300 3733 512,
2359 3671 2453 3719 ubi
2496 3671 2607 3720 vid.
2658 3670 2768 3720 Ou-

1684 3738 1942 3818 dendorp.

1754 3797 1925 3856 ἐπεὰν
1969 3801 2033 3855 δὲ
2055 3797 2452 3889 διαμιστύλας
2487 3797 2629 3856 κατὰ
2672 3801 2763 3870 μέ-

1683 3890 1784 3936 ρεα
1839 3869 1903 3927 τὸ
1969 3868 2164 3954 ιρήϊον
2225 3868 2411 3941 ἑψήσῃ
2479 3868 2548 3925 τὰ
2606 3873 2764 3939 κρέα]

1683 3941 1852 4009 ἃιαμι
1873 3937 2097 4001 στύλας
2118 3961 2214 4009 pro
2247 3944 2396 4010 vulg.
2424 3942 2766 4009 διαμυστί-

1683 4014 1783 4071 λας
1806 4022 1947 4064 nu'nc
1968 4019 2115 4064 recte
2142 4016 2364 4065 editum.
2423 4014 2579 4065 Conf.
2605 4015 2767 4065 Hem-

1685 4084 1920 4134 sterhus.
1968 4084 2037 4134 ad
2079 4083 2430 4148 Aristophan.
2476 4083 2623 4137 Plut
2682 4097 2767 4134 vs.

1683 4154 1786 4204 626
1826 4170 1877 4218 p.
1918 4153 2021 4205 210
2055 4169 2169 4219 seq.
2228 4155 2328 4205 Est
2364 4158 2546 4204 antem
2582 4150 2768 4218 διαμι-

1684 4214 1939 4272 στύλλειν
1972 4227 2023 4273 in
2051 4224 2226 4285 frasta
2257 4224 2538 4274 cunt-idere.
2610 4222 2675 4272 In
2705 4236 2769 4272 eo

1683 4307 1868 4342 verum
1918 4292 2038 4357 ipso
2098 4293 2388 4342 haeserunt
2440 4292 2547 4341 viri
2602 4291 2768 4352 docti,

1682 4360 1828 4426 quod
1861 4361 2200 4424 Herodotus,
2254 4361 2346 4428 qui
2392 4375 2515 4426 cap.
2556 4365 2770 4412 antece-
