3109 5092
531 346 654 409 862
1128 302 1138 311 ’
1298 350 1837 415 ExcURsth
1884 354 2044 415 v111

528 526 621 596 plo
663 523 1007 594 propositum
1049 542 1176 577 esse
1209 525 1400 577 refert.
1467 526 1578 578 Sed
1608 525 1830 596 quando
1871 524 2171 593 religiones
2217 525 2475 593 dicimus,
2516 525 2681 596 plura
2713 545 2817 580 co-

530 611 698 678 gitari
739 616 1008 680 possunt,
1052 626 1195 680 quae
1225 610 1398 679 probe
1428 611 1826 678 distinguenda
1858 618 2010 663 sunt.
2073 611 2211 662 Nam
2244 610 2475 679 primum
2522 612 2710 680 potuit
2743 613 2805 664 in

531 713 699 748 causa
738 697 915 747 fuisse
957 695 1298 762 migrationis
1347 695 1645 748 animarum
1694 704 1802 748 tam
1860 696 2055 748 efficax
2100 695 2371 747 doctrina.
2461 696 2640 766 Atque
2696 698 2811 749 hoc

530 781 711 850 ipsum
746 787 993 849 arguunt
1030 780 1333 833 Herodotei
1377 780 1484 833 loci
1528 781 1604 847 ΙΙ,
1640 787 1745 839 123
1792 788 1957 850 atque
1989 779 2219 832 Diodori
2251 780 2295 846 Ι,
2327 785 2393 840 91
2437 798 2557 833 cum
2601 790 2806 834 nostro

532 865 650 919 Ioco
691 865 905 932 collati;
949 864 1206 917 videlicet
1232 866 1489 934 quoniam
1518 884 1586 918 ex
1614 865 1768 933 vulgi
1799 865 2057 934 opinione
2095 865 2273 917 anima
2310 866 2556 918 defuncti
2603 868 2673 917 ab
2710 867 2808 919 in-

531 951 676 1005 felici
708 952 840 1003 orbe
869 950 1211 1018 migrationis
1243 949 1454 1003 diutius
1485 951 1826 1003 retineretur
1854 949 2000 1001 circa
2037 949 2313 1017 integrum
2342 952 2579 1004 cadaver
2615 951 2805 1003 liben-

530 1044 617 1088 ter
660 1036 821 1105 quasi
861 1052 1218 1087 commorans.
1298 1036 1477 1088 Cuius
1527 1035 1607 1088 rei
1649 1042 1798 1088 recte
1838 1034 2121 1087 admonuit
2162 1036 2323 1087 etiam
2355 1036 2661 1105 Lauthius,
2707 1037 2807 1089 vir

531 1122 762 1187 doctus,
807 1121 864 1172 in
906 1119 1155 1172 Histoire
1196 1120 1263 1172 de
1304 1120 1614 1172 l'anatomie
1648 1125 1777 1171 tom.
1813 1120 1857 1171 Ι.
1904 1136 1959 1189 p.
1990 1123 2043 1177 9.
2122 1118 2278 1172 Alius
2319 1137 2520 1173 causae
2560 1121 2805 1173 mentio—

531 1222 652 1258 nem
687 1205 866 1257 iniicit
905 1203 1033 1256 Tib.
1076 1205 1530 1257 Hemsterhusius
1570 1206 1638 1257 ad
1680 1204 1913 1257 Luciani
1957 1205 2218 1271 Necyom.
2252 1205 2356 1257 ΙΙΙ.
2402 1223 2457 1273 p.
2494 1210 2598 1265 356
2642 1206 2801 1275 Bip.,

531 1308 652 1343 cum
679 1290 843 1342 dicit:
873 1296 979 1354 „ut
1008 1306 1075 1340 ne
1103 1294 1232 1356 post
1261 1290 1466 1341 obitum
1498 1291 1716 1360 quidem
1745 1289 2148 1341 carissimorum
2178 1289 2466 1357 pignorum
2491 1297 2801 1358 conspectu

529 1376 946 1444 privarentur.“
1025 1373 1100 1424 Et
1131 1390 1324 1443 reapse
1362 1375 1468 1426 huc
1510 1392 1614 1426 nos
1658 1382 1883 1426 revocat
1922 1374 2045 1442 ipse
2073 1373 2394 1427 Herodotus
2430 1376 2501 1441 II,
2535 1378 2632 1440 78,
2682 1392 2803 1444 quo

532 1459 649 1510 loco
686 1459 952 1510 cadavera
980 1457 1036 1508 in
1069 1457 1212 1509 arcis
1246 1458 1460 1526 pictura
1506 1459 1791 1511 exornatis
1821 1459 1889 1512 ad
1921 1459 2317 1527 Aegyptiorum
2349 1459 2604 1512 convivia
2634 1460 2802 1511 adhi-

529 1545 646 1596 bita
687 1548 893 1595 narrat.
964 1541 1216 1594 Pertinet
1254 1543 1387 1594 haec
1421 1561 1513 1595 res
1558 1544 1627 1595 ad
1659 1561 1816 1596 sacra
1860 1551 2103 1595 veterum
2142 1543 2467 1613 populorum
2496 1543 2801 1612 gentilitia.

530 1629 610 1681 Ac
638 1645 797 1699 quam
830 1627 933 1680 vim
961 1628 1199 1680 habeant
1227 1627 1410 1680 cultus
1431 1629 1815 1680 defunctorum
1846 1628 1993 1698 apud
2014 1628 2227 1695 priscos
2258 1628 2513 1698 populos,
2554 1628 2801 1681 orientis

529 1714 784 1782 maxime,
821 1712 1106 1782 sepultura
1136 1712 1190 1764 in
1224 1712 1454 1765 aedibus
1484 1713 1569 1765 vel
1599 1714 1655 1765 in
1688 1713 1891 1765 vicinia
1922 1712 2165 1780 aedium,
2204 1712 2439 1766 inferiae
2465 1713 2627 1766 statis
2656 1722 2799 1765 tem-

527 1800 757 1868 poribus
802 1804 1085 1868 peractae,
1142 1798 1264 1850 iura
1306 1798 1582 1865 Manium,
1641 1797 1815 1865 igitur
1857 1799 1989 1849 haec
2032 1797 2210 1849 omnia
2252 1815 2412 1867 quam
2465 1804 2799 1868 potestatem

530 1885 766 1936 habeant
821 1883 878 1935 in
937 1882 1256 1934 familiarum
1312 1900 1500 1950 sacra,
1552 1884 1642 1935 ius
1700 1882 2031 1950 gentilitium
2082 1881 2326 1951 adeoque
2383 1882 2796 1951 hereditarium,

529 1970 772 2022 breviter
815 1969 915 2020 sed
954 1968 1110 2019 docte
1154 1968 1498 2020 adumbravit
1540 1967 1860 2020 Bunsenius
1918 1968 1983 2019 de
2043 1966 2165 2019 iure
2211 1968 2442 2019 heredit.
2488 1967 2797 2020 Athenien-

529 2055 668 2107 sium
717 2071 772 2122 p.
813 2059 931 2110 122.
992 2051 1170 2114 Quam
1203 2053 1260 2104 in
1305 2071 1414 2105 rem
1459 2051 1620 2121 plura
1659 2052 1916 2104 dicentur
1955 2051 2103 2103 infra
2150 2050 2218 2103 ad
2263 2052 2531 2106 Herodot.
2576 2052 2674 2119 v1,
2724 2057 2800 2111 68

528 2157 684 2208 seqq.
731 2136 851 2189 coll.
895 2136 951 2202 1,
989 2138 1052 2195 67
1081 2154 1199 2206 seq.
1281 2138 1447 2189 Nunc
1490 2138 1593 2189 hoc
1641 2153 1808 2188 unum
1853 2136 2127 2202 adiiciam,
2172 2137 2299 2188 binc
2337 2136 2570 2204 intelligi
2602 2155 2795 2206 posse,

529 2240 671 2292 quae
723 2220 1171 2292 peregrinaturos
1220 2229 1635 2274 commemorant
1675 2222 1742 2272 de
1793 2220 2103 2289 sepulchris
2143 2221 2211 2272 ad
2252 2223 2467 2274 moenia
2521 2221 2796 2292 ipsasque

527 2308 692 2359 aedes
730 2308 1066 2358 Graecorum
1097 2305 1338 2374 urbium,
1374 2308 1736 2373 Athenarum,
1771 2306 2052 2372 Corinthi,
2094 2304 2520 2373 Syracusarum,
2563 2306 2796 2358 aliarum

529 2390 796 2460 repertis;
843 2389 990 2442 unde
1021 2407 1153 2441 vasa
1195 2391 1289 2443 illa
1330 2398 1603 2443 eruuntur
1635 2391 1968 2459 picturarum
2007 2389 2073 2442 ad
2110 2389 2406 2458 religiones
2447 2391 2795 2459 antiquiores

526 2476 920 2546 pertinentium
962 2473 1165 2543 largam
1199 2493 1428 2529 messem
1475 2475 1847 2528 exhibentia.“
1918 2474 2187 2545 Equidem
2228 2476 2280 2527 b.
2320 2474 2357 2527 l.
2405 2477 2649 2529 adiiciam
2691 2494 2793 2528 no-

525 2562 670 2613 mina
704 2578 923 2629 eorum,
977 2561 1072 2630 qui
1104 2566 1232 2613 ante
1261 2562 1597 2614 Creuzerum
1629 2560 1697 2613 de
1728 2561 2049 2613 cadaverum
2093 2560 2531 2613 medicandorum
2576 2561 2793 2613 ratione

527 2652 907 2716 exposuerunt
932 2644 1300 2714 peculiaribus
1333 2664 1398 2698 ex
1433 2653 1590 2715 parte
1626 2645 2052 2715 scriptionibus:
2096 2648 2313 2713 Caylus:
2341 2646 2454 2698 Des
2487 2646 2791 2699 embaume—

522 2738 700 2785 ments
732 2733 828 2784 des
857 2731 1064 2799 Egypt.
1095 2731 1357 2802 (Histoir.
1391 2731 1457 2782 de
1488 2729 1679 2782 l'acad.
1722 2730 1775 2781 d.
1810 2730 1979 2781 inser.
2024 2736 2065 2780 t.
2095 2728 2328 2796 XXIII).
2392 2733 2637 2785 Rouelle:
2679 2730 2794 2782 Sur

523 2816 603 2870 les
633 2818 1087 2870 embaumements
1116 2821 1220 2867 etc.
1254 2816 1516 2888 (Histoir.
1553 2816 1621 2866 de
1653 2814 1843 2867 l’acad.
1866 2816 1964 2867 des
1996 2814 2198 2865 scienc.
2231 2814 2411 2867 Paris.
2432 2818 2587 2874 1750.
2612 2834 2667 2884 p.
2688 2819 2791 2873 123

525 2904 733 2972 seqq.).
813 2903 1170 2954 Blumenbach
1211 2900 1497 2969 (Gotting.
1531 2900 1750 2967 Magaz.
1786 2899 1830 2951 I.
1879 2898 2142 2967 Beitriige
2170 2915 2273 2950 zur
2304 2899 2676 2968 Naturgescb.
2712 2898 2787 2966 Ι).

522 2989 699 3055 Heyne
726 2985 1013 3056 (Spicileg.
1039 2984 1249 3052 antiqq.
1275 2984 1520 3036 mumiar.
1554 2985 1638 3054 (in
1656 2985 1981 3035 Commeutt.
2008 3001 2125 3051 reg.
2151 2984 2347 3035 scient.
2374 2985 2529 3037 Gott.
2554 2984 2661 3036 vol.
2681 2983 2788 3035 111.

523 3089 577 3139 p.
597 3075 666 3128 69
680 3088 836 3137 seqq.
870 3086 958 3119 au.
995 3070 1178 3129 1780).
1218 3070 1455 3121 Gmelin:
1486 3068 1863 3135 experimentt.
1905 3067 2153 3120 nonnuli.
2186 3085 2306 3120 cum
2338 3069 2550 3122 mumiis
2580 3067 2786 3121 institt.

522 3154 684 3225 (ibid.
730 3153 839 3205 vol.
874 3150 997 3218 IV).
1057 3155 1271 3218 sylvest.
1314 3156 1378 3206 de
1420 3155 1552 3221 Sucy
1597 3153 1664 3203 ad
1707 3152 2069 3205 Abd-Allatif
2101 3152 2257 3204 relat.
2307 3152 2374 3205 de
2403 3151 2549 3221 l’Eg.
2593 3171 2649 3222 p.
2683 3156 2793 3211 268

524 3257 680 3307 seqq.
737 3239 926 3309 Zoega
961 3235 1028 3288 de
1061 3236 1220 3288 obeli.
1253 3243 1388 3288 sect.
1420 3237 1515 3288 JV.
1546 3254 1665 3306 cap.
1686 3244 1738 3295 1.
1773 3240 1959 3306 Royer.
1991 3242 2045 3289 et
2070 3239 2302 3291 Iomard.
2332 3238 2388 3289 in
2407 3237 2686 3307 Descript.
2719 3236 2791 3289 de

523 3323 670 3391 I'Eg.
706 3321 931 3392 Antiqq.
965 3321 1073 3374 vol.
1109 3320 1134 3371 Ι
1167 3328 1223 3373 et
1246 3320 1318 3372 II.
1393 3320 1513 3373 Alia
1542 3321 1730 3373 laudat
1759 3323 1926 3375 Beck.
1963 3321 2298 3389 Weltgesch.
2332 3322 2357 3373 Ι
2400 3341 2455 3392 p.
2488 3325 2592 3381 767
2626 3339 2787 3391 seqq.

523 3408 665 3461 Add.
698 3409 939 3462 Belzom':
975 3405 1202 3475 Voyage
1232 3424 1297 3457 en
1326 3406 1549 3476 Egypte
1578 3407 1813 3479 (traduit
1838 3424 1938 3475 par
1966 3407 2241 3475 Depping.
2271 3405 2450 3458 Paris.
2474 3407 2634 3473 1821)
2663 3413 2705 3459 t.
2740 3406 2789 3458 1.

521 3511 578 3562 p.
609 3498 931 3553 265—279.
1001 3493 1275 3546 Minutoli:
1318 3491 1636 3559 Nachtriige
1669 3508 1736 3543 zu
1767 3510 1814 3543 s.
1853 3491 2057 3545 Reisen
2093 3496 2197 3543 etc.
2229 3509 2283 3560 p.
2318 3496 2421 3550 190
2450 3509 2605 3562 seqq.
2671 3491 2790 3555 Qui

520 3578 830 3631 recentiore
860 3586 1039 3631 aetate
1071 3577 1139 3630 de
1167 3575 1381 3628 mumiis
1412 3584 1819 3646 exposuerunt,
1870 3594 2055 3629 eorum
2087 3574 2257 3628 libros
2287 3576 2525 3628 indicavi
2568 3576 2623 3627 in
2658 3582 2791 3627 nota

522 3664 589 3715 ad
621 3664 694 3730 II,
727 3667 795 3720 85
820 3660 899 3729 *).

691 3747 859 3810 Quod
888 3766 1021 3800 vero
1052 3747 1118 3799 ad
1149 3762 1347 3798 causas
1379 3744 1609 3811 attinet,
1656 3761 1797 3812 quae
1831 3744 2137 3814 Aegyptios
2182 3743 2250 3795 ad
2281 3745 2427 3796 hunc
2469 3761 2667 3797 morem
2697 3762 2789 3795 ca-

521 3832 724 3885 davera
753 3837 1089 3886 mortuorum
1125 3829 1415 3883 condiendi
1448 3829 1807 3895 adduxerint,
1858 3829 2071 3881 exstitit
2106 3846 2285 3898 nuper
2313 3827 2612 3897 Rosellini,
2664 3829 2787 3881 Mo-

522 3933 669 3969 num.
719 3917 865 3969 civil.
898 3918 1000 3969 111.
1047 3935 1101 3986 p.
1125 3920 1231 3975 292
1262 3932 1419 3984 seqq.
1459 3918 1567 3972 304
1596 3932 1753 3982 seqq.
1799 3918 1939 3983 (quo
1983 3914 2089 3965 iam
2120 3914 2210 3965 usi
2243 3931 2432 3966 sumus
2474 3914 2531 3965 iu
2567 3920 2681 3966 not.
2716 3914 2787 3965 ad

519 4000 728 4053 Herod.
761 3998 835 4067 ΙΙ,
872 4002 1033 4068 123),
1085 4001 1180 4070 qui
1211 4001 1349 4052 hanc
1380 3998 1629 4067 corporis
1661 3998 1880 4050 humani
1912 3998 2286 4065 condituram,
2331 4015 2492 4068 quam
2524 3998 2788 4068 Aegyptii

520 4091 918 4151 exercuerunt,
963 4084 1257 4154 quidquam
1307 4100 1587 4135 commune
1632 4081 1890 4135 habuisse
1921 4089 2089 4150 negat
2117 4099 2235 4135 cum
2266 4083 2517 4135 doctrina
2559 4083 2629 4135 de
2667 4083 2787 4134 ani-

518 4187 724 4223 morum
752 4168 1107 4237 migratione:
1151 4184 1328 4237 neque
1361 4185 1493 4220 saue
1529 4171 1734 4219 tantam
1768 4184 1952 4219 curam
1991 4168 2049 4219 in
2083 4167 2444 4220 cadaveribus
2475 4167 2785 4219 condiendo

518 4254 808 4308 servandis
856 4255 925 4305 ab
957 4251 1247 4321 Aegyptiis
1279 4268 1394 4304 eam
1429 4252 1497 4303 ob
1528 4268 1747 4303 causam
1788 4253 2019 4321 positam
2056 4270 2182 4305 esse
2216 4256 2407 4320 putat,
2452 4258 2515 4304 ut
2554 4252 2786 4304 animam

653 4434 707 4501 ⁸⁸¹)
735 4434 892 4486 Conf.
922 4435 1090 4485 etiam
1112 4432 1493 4484 Dictionnaire
1517 4434 1588 4484 de
1613 4434 1867 4487 Sciences
1895 4432 2190 4486 medicales
2220 4434 2285 4483 Τ.
2309 4433 2407 4484 XI.
2430 4433 2602 4498 12:507
2625 4448 2780 4500 seqq.
