3109 5092
1121 354 1374 420 CLIO.
1420 359 1470 419 I.
1513 366 1602 421 42.
1647 365 1737 422 43.
1782 367 1872 422 44.
2554 358 2638 423 89

348 532 462 601 καὶ
506 529 937 619 περιστάντες
980 529 1144 603 αὐτὸ
1187 532 1413 628 κύκλῳ
1470 532 1911 622 ἐσηκόντιζον.
1980 541 2152 606 ἔνθα
2194 535 2280 628 δὴ
2319 533 2356 609 ό
2393 544 2631 631 ξεῖνος,

346 625 543 716 οὗτος
581 632 668 724 δὴ
719 631 756 704 ὁ
797 639 1176 724 καθαρθεὶς
1224 637 1343 708 τόν
1384 637 1634 726 φόνον,
1689 637 2091 727 καλεόμενος
2131 641 2208 710 δὲ
2241 639 2629 735 Ἄδρηστος,

345 736 712 822 ἀκοντίζων
741 737 860 809 τὸν
886 730 1008 826 ὗν,
1049 747 1173 811 τοῦ
1197 743 1324 832 μὲν
1349 737 1714 831 ἁμαρτάνει
1733 794 1752 828 ,
1796 742 2114 832 τυγχάνει
2153 744 2228 813 δὲ
2271 752 2392 816 τοῦ
2418 757 2625 838 Κροί-

344 865 473 913 σου
516 841 774 924 παιδός.
836 838 872 912 ὃ
907 844 1034 933 μὲν
1062 844 1146 934 δὴ
1169 847 1451 935 βληθεὶς
1481 851 1562 937 τῇ
1606 852 1808 936 αἰχμῇ
1841 850 2156 935 ἐξέπλησε
2195 854 2319 918 τοῦ
2358 849 2629 943 ὀνείρου

343 944 468 1033 τὴν
496 946 751 1036 φήμην.
807 953 963 1017 ἔθεε
993 951 1075 1017 δέ
1092 976 1193 1029 τις
1219 946 1564 1037 ἀγγελέων
1590 955 1684 1042 τῷ
1711 958 1983 1044 Κροίσῳ
2010 948 2086 1022 τὸ
2111 953 2389 1039 γεγονός
2407 975 2422 990 ·
2469 954 2626 1026 ἀπι-

349 1050 627 1141 κόμενος
670 1051 746 1121 δὲ
786 1054 854 1131 ἐς
891 1050 1007 1133 τὰς
1044 1052 1302 1141 Σάρδις
1354 1052 1480 1141 τήν
1521 1081 1595 1123 τε
1635 1053 1853 1142 μάχην
1900 1057 2010 1125 καὶ
2064 1053 2184 1125 τόν
2224 1062 2346 1126 τοῦ
2392 1058 2629 1142 παιδὸς

341 1154 553 1243 μόρον
580 1154 874 1244 ἐσήμηνέ
893 1160 976 1225 οἱ.
1042 1151 1115 1224 ‘0
1145 1157 1221 1226 δὲ
1249 1165 1536 1247 Κροῖσος
1553 1209 1572 1241 ,
1615 1162 1710 1250 τῷ
1736 1158 2014 1251 θανάτῳ
2039 1164 2161 1229 τοῦ
2185 1160 2424 1242 παιδός
2458 1183 2623 1233 συν-
2643 1170 2723 1230 44

342 1261 860 1347 τεταραγμένος,
890 1259 1144 1348 μᾶλλόν
1168 1288 1231 1330 τι
1262 1264 1786 1349 ἐδεινολογέετο,
1816 1258 1916 1332 ὅτι
1944 1292 2063 1352 μιν
2090 1261 2473 1353 ἀπέκτεινε,
2505 1266 2626 1339 τὸν

340 1358 542 1440 αὐτὸς
585 1360 805 1450 φόνου
848 1362 1162 1453 ἐκάθηρε.
1238 1366 1737 1454 περιημεκτέων
1779 1366 1854 1435 δὲ
1904 1373 1984 1458 τῇ
2020 1375 2339 1458 συμφορῇ
2385 1376 2625 1452 δεινῶς

342 1464 574 1534 ἐκάλεε
600 1465 728 1555 μὲν
768 1464 907 1536 Δία
935 1466 1365 1558 Κάθάρσιον,
1407 1467 1910 1559 μαρτυρόμενος
1947 1469 2028 1539 τὰ
2067 1467 2202 1541 ὑπὸ
2239 1478 2359 1543 τοῦ
2397 1477 2622 1556 ξείνου

339 1567 704 1652 πεπονθώς
731 1579 837 1661 εἴη
856 1593 871 1608 ·
929 1570 1159 1640 ἐκάλεε
1188 1573 1265 1642 δὲ
1300 1570 1635 1644 Ἐπίστιόν
1659 1600 1731 1642 τε
1762 1575 1873 1644 καὶ
1902 1569 2306 1667 Ἐταιρήϊον,
2349 1576 2468 1649 τὸν
2493 1577 2618 1648 αὐ-

1895 1778 2025 1827 cn».
2062 1779 2260 1829 XLIV.

1600 1872 2019 1942 περιημεκτέων
2087 1873 2151 1929 δὲ
2222 1879 2292 1945 τῇ
2356 1881 2625 1950 συμφορῇ

1531 1945 1756 2012 δεινῶς]
1782 1951 2179 2011 περιημεκτεῖν
2211 1952 2389 2001 rarius
2423 1957 2509 2002 est
2528 1969 2621 2003 vo-

332 1772 633 1823 Psccisudi
679 1774 977 1824 Monumm.
1025 1774 1325 1841 Peloponn.
1360 1778 1428 1827 P.

334 1843 444 1893 ΙΙΙ.
482 1859 535 1907 Ρ.
578 1841 678 1894 130
714 1858 868 1909 seqq.
908 1845 1032 1894 Huc
1064 1860 1283 1911 quoque
1308 1862 1429 1911 per-

335 1913 476 1962 tinet
522 1905 666 1969 Ζεὺς
698 1912 959 1978 Ξείνιος,
1005 1914 1098 1979 qui
1135 1915 1336 1966 dicitur
1370 1917 1427 1967 in

332 1982 562 2032 Homeri
589 1984 791 2049 Odyss.
834 1983 931 2046 IX,
970 1985 1092 2035 271.

402 2081 499 2134 καὶ
562 2078 928 2147 περιστάντες
997 2078 1140 2135 αὐτὸ
1211 2077 1420 2153 κύκλῳ]

332 2155 579 2215 „Eadem
616 2155 731 2205 fere
765 2155 971 2206 locutio
1019 2155 1163 2220 apud
1201 2156 1420 2206 Platon.

330 2225 398 2275 de
422 2226 503 2275 Re
538 2224 689 2290 publ.
713 2225 760 2286 Ι,
782 2229 834 2276 4.
873 2241 927 2289 p.
975 2226 1095 2288 432,
1138 2225 1234 2275 ubi
1280 2226 1423 2278 conf.

329 2295 452 2344 Ast.
486 2310 615 2359 pag.
654 2293 776 2345 491.
838 2296 914 2345 Et
947 2295 1134 2345 confer
1167 2296 1243 2343 sis
1275 2295 1425 2344 simi-

325 2365 433 2413 lem
470 2364 691 2413 Homeri
724 2363 1090 2414 narrationem
1128 2365 1183 2413 in
1220 2364 1421 2428 Odyss.

326 2434 475 2493 xlx,
514 2434 619 2484 428
657 2432 851 2497 seqq.“
888 2434 975 2487 cr.
1035 2434 1121 2483 Ad
1155 2434 1425 2484 Herodoti

326 2503 496 2553 verba
530 2503 773 2566 respexit
794 2502 1168 2553 Theodoretus
1194 2504 1419 2555 Graece.

326 2572 547 2623 Affectt.
595 2572 724 2623 Cur.
774 2588 827 2636 p.
879 2573 980 2623 178
1029 2572 1181 2637 Sylb.
1220 2589 1275 2637 p.
1314 2572 1418 2624 485

325 2642 502 2693 Gaisf.
540 2667 613 2677 -
660 2642 726 2690 In
773 2657 924 2707 seqq.
968 2642 1294 2707 particulam
1343 2635 1417 2706 δὴ

322 2712 408 2761 bis
446 2711 681 2776 positam
720 2726 840 2761 cum
883 2712 941 2760 vi
975 2711 1209 2776 quadam
1248 2706 1421 2776 (ἔνθα

321 2773 405 2845 δὴ
440 2811 513 2820 -
548 2767 718 2837 οὗτος
762 2772 860 2844 δὴ)
910 2778 1099 2846 attigit
1138 2781 1327 2832 Heller
1361 2782 1417 2830 in

322 2848 1016 2916 Schneidewin.'Philolog.
1039 2850 1196 2902 VIII.
1216 2868 1270 2916 p.
1291 2850 1417 2903 297.

392 2943 661 3017 ἐξέπλησε
704 2950 809 3003 τοῦ
867 2945 1100 3017 ὀνείρου
1148 2945 1255 3019 τὴν
1312 2946 1420 3020 φή-

319 3019 461 3087 μην]
510 3022 667 3073 Unus
710 3021 848 3073 liber
892 3021 1107 3088 φῆμιν,
1163 3029 1224 3074 ut
1269 3024 1416 3075 infra

318 3092 426 3155 111,
470 3092 589 3144 153.
629 3092 748 3155 „Ac
782 3091 962 3157 φῆμις
987 3092 1096 3144 dici
1132 3094 1278 3157 apud
1301 3096 1415 3145 Ho-

317 3176 527 3212 merum
563 3162 755 3212 Ionum
793 3178 858 3212 ex
893 3178 1044 3212 more
1093 3164 1264 3213 tradit
1305 3165 1415 3214 Eu-

317 3230 488 3281 stath.
531 3230 601 3280 ad
642 3231 843 3296 Odyss.
880 3231 1081 3295 XXIV,
1121 3233 1243 3283 200.
1284 3249 1413 3301 pag.

315 3302 439 3361 828,
478 3299 549 3351 38
584 3300 670 3351 ed.
706 3302 835 3353 Bas.
878 3300 1001 3352 coll.
1038 3300 1110 3351 ad
1145 3301 1307 3353 Iliad.
1355 3319 1410 3367 p.

317 3370 439 3433 716,
474 3369 544 3421 38
583 3369 668 3419 ed.
706 3370 878 3421 Bas.“
919 3371 1004 3423 Cr.
1066 3371 1246 3433 Quum
1283 3387 1413 3423 vero

315 3438 633 3491 Herodotus
667 3438 790 3490 aliis
826 3439 965 3490 locis
1002 3440 1209 3490 scribat
1245 3433 1409 3506 φήμη

316 3508 393 3573 (v.
440 3525 487 3559 c.
536 3509 604 3571 V,
662 3510 749 3559 72.
797 3510 895 3571 IX,
952 3509 1071 3560 100.
1133 3511 1255 3561 101.
1302 3511 1407 3573 ΙΙΙ,

317 3577 435 3629 153.
490 3578 587 3628 ubi
636 3578 829 3628 similis
883 3578 1188 3645 confusio),
1233 3595 1409 3645 neque

312 3648 531 3697 omnino
563 3663 754 3698 vocem
785 3645 966 3713 φῆμις
987 3663 1228 3713 unquam
1255 3665 1410 3699 usur-

313 3718 459 3782 parit
491 3714 587 3780 (cf.
628 3717 862 3767 BredoV.
903 3734 958 3782 p.
993 3717 1103 3783 72),
1124 3717 1407 3783 vulgatam

310 3786 399 3836 hic
449 3785 743 3836 lectionem
789 3787 1056 3837 intactam
1100 3786 1409 3852 relinquere

310 3860 579 3920 praestat.
651 3857 757 3905 Est
803 3860 986 3906 autem
1042 3846 1206 3920 φήμη
1267 3857 1406 3907 nihil

311 3924 459 3974 aliud
503 3924 615 3974 nisi
649 3925 881 3989 effatum,
932 3924 989 3974 id
1035 3925 1173 3990 quod
1211 3926 1406 3976 indica-

311 4002 424 4055 tum,
464 3993 705 4043 traditum
732 4001 889 4055 .era1‚
928 3994 1176 4059 adeoque
1226 3995 1405 4059 ipsum

309 4078 463 4114 omen.
499 4062 673 4113 Plura
710 4061 777 4113 de
812 4061 975 4113 huius
1009 4063 1162 4113 vocis
1194 4064 1403 4129 sig-nifi-

309 4132 617 4181 cationibus
684 4132 1143 4196 wyttenbachius
1199 4133 1257 4181 in
1316 4134 1407 4184 Bi·

307 4199 499 4251 blioth.
538 4201 717 4251 critic.
756 4201 861 4262 ΙΙΙ,
902 4202 953 4252 1.
990 4217 1046 4265 p.
1085 4201 1153 4253 50
1189 4200 1287 4266 (ad
1317 4202 1405 4253 Iu·

305 4267 435 4318 lian.
480 4269 577 4319 Or.
627 4270 674 4320 Ι.
722 4284 774 4334 Ρ.
828 4270 895 4322 10
950 4270 1017 4320 Α.
1078 4286 1132 4334 p.
1173 4270 1276 4323 156
1313 4271 1400 4323 ed.

307 4337 610 4403 Schaefer.)
670 4337 793 4388 coll.
851 4339 1263 4390 Animadverss.
1329 4341 1402 4391 ad

304 4406 584 4459 Plutarch.
626 4407 843 4460 Morall.
880 4409 928 4460 Ι.
967 4425 1021 4475 p.
1059 4407 1184 4461 643.

1530 2016 1803 2079 cabulum,
1841 2018 1986 2082 quod
2021 2018 2220 2069 Suidas
2255 2019 2446 2072 laudat
2480 2040 2525 2073 s.
2565 2039 2618 2073 V.

1529 2085 1785 2151 quodque
1837 2087 2115 2138 invenitur
2171 2089 2275 2153 111,
2323 2091 2410 2143 64.
2461 2092 2619 2155 VIII,

1533 2155 1653 2207 100.
1691 2157 1788 2219 IX,
1828 2157 1914 2208 41.
1952 2158 2074 2208 Hoc
2120 2157 2240 2209 loco
2286 2160 2463 2212 Gloss.
2513 2164 2621 2213 He-

1527 2225 1708 2276 rodot.
1749 2227 1975 2290 exponit
2010 2224 2344 2293 δυσφορῶν.
2379 2232 2493 2282 Ubi
2529 2234 2615 2283 Cr.

1528 2295 1744 2345 confert
1771 2296 1997 2362 Gregor.
2032 2298 2277 2350 Corinth.
2304 2317 2359 2365 p.
2389 2302 2484 2353 501
2530 2303 2616 2353 ed.

1527 2365 1745 2416 Schaef.
1797 2371 1853 2415 et
1898 2368 2097 2418 Zonar.
2155 2384 2283 2434 pag.
2330 2370 2434 2423 993
2481 2372 2615 2437 ibiq.

1525 2435 1827 2485 Tittmsnn.
1863 2437 2079 2487 Latinis
2104 2444 2188 2487 est
2217 2441 2423 2490 moleste
2445 2442 2614 2504 serre,

1523 2506 1795 2569 indignari.
1863 2505 1997 2556 Cum
2040 2522 2171 2557 vero
2208 2508 2352 2572 apud
2390 2509 2614 2559 Suidam

1521 2572 1834 2624 inveniatur
1880 2576 2044 2624 etiam
2081 2567 2356 2639 ἆμεκτέω,
2394 2577 2614 2629 Schnei-

1521 2642 1635 2693 der.
1675 2641 1753 2707 (in
1789 2642 1976 2694 Lexic.
2013 2645 2203 2695 Graec.
2245 2660 2290 2695 s.
2327 2662 2381 2695 v,
2418 2661 2615 2711 περιη-

1518 2708 1753 2776 μεκτέω)
1793 2727 1857 2760 eo
1894 2712 2187 2775 inducitur,
2227 2718 2289 2762 ut
2323 2714 2459 2765 illud
2495 2732 2613 2765 ver-

1518 2781 1648 2831 bum
1698 2780 1768 2830 ab
1816 2772 2072 2844 αῖμάσσω
2120 2782 2411 2833 deductum
2458 2785 2610 2849 velit,

1520 2866 1587 2900 ac
1645 2850 1713 2900 de
1755 2850 2065 2901 vehementi
2112 2851 2299 2903 dolore
2355 2854 2610 2919 explicet,

1521 2921 1615 2986 qui
1653 2936 1720 2969 ex
1757 2920 1982 2970 vulnere
2026 2922 2399 2974 contrahatur.
2458 2924 2608 2975 Idem

1518 2990 1637 3040 iota
1673 2990 2042 3055 subscriptum
2079 2992 2178 3042 sub
2226 2996 2264 3056 ῆ
2309 2992 2436 3044 hinc
2480 2994 2609 3045 addi

1515 3059 1659 3120 vult;
1701 3060 1847 3125 quod
1881 3064 2064 3111 tamen
2099 3063 2157 3112 in
2201 3063 2483 3114 Herodoto
2521 3080 2609 3115 ae-

1517 3145 1624 3194 que
1676 3134 1841 3195 atque
1888 3131 1944 3180 in
1989 3130 2087 3193 iis,
2139 3148 2278 3198 quae
2332 3133 2608 3186 Gramma-

1518 3199 1617 3249 tici
1663 3198 1912 3263 afferunt,
1961 3201 2144 3263 abest,
2199 3207 2254 3253 et
2303 3218 2494 3254 revera
2550 3205 2610 3254 in.

1515 3264 1666 3318 hisce
1703 3271 1920 3319 omnino
1958 3272 2138 3321 omitti
2175 3271 2335 3325 solet.
2408 3274 2606 3323 Aman-

1515 3338 1611 3388 dat
1648 3339 1734 3390 Gr.
1775 3338 1843 3388 ad
1881 3340 2129 3391 Pierson.
2168 3346 2308 3391 nott.
2351 3342 2406 3390 in
2432 3343 2605 3393 Moer.

1512 3423 1642 3473 pag.
1679 3408 1802 3473 300.
1840 3435 1907 3444 —-
1943 3408 2029 3458 Ad
2064 3410 2434 3460 narrationem
2482 3427 2607 3460 con-

1512 3478 1595 3527 fer
1630 3477 1707 3526 sis
1745 3493 1866 3527 cum
1901 3478 2230 3528 Herodoteis
2269 3495 2350 3540 ea,
2378 3494 2517 3542 quae
2551 3479 2606 3528 in

1510 3548 1795 3612 Excerptt.
1859 3547 2087 3596 Diodor.
2157 3562 2284 3611 pag.
2353 3547 2456 3597 553
2518 3548 2603 3599 ed.

1510 3616 1745 3666 Wessel.
1788 3614 2062 3680 leguntur,
2106 3614 2201 3664 ubi
2240 3616 2473 3665 Croesus
2522 3617 2607 3667 ira

1512 3689 1705 3748 captus
1739 3682 2037 3747 hospitem‘,
2076 3698 2112 3732 a
2156 3700 2263 3749 quo
2310 3684 2451 3734 filius
2486 3701 2606 3736 cae-

1514 3769 1607 3803 sus
1644 3753 1841 3814 fuerat,
1884 3752 2071 3802 vivum
2124 3768 2184 3803 se
2229 3755 2460 3804 flammis
2498 3760 2606 3807 tra-

1513 3823 1753 3872 diturum
1786 3823 2045 3873 minatur.

1581 3914 1769 3974 ἕκάλεε
1798 3916 1904 3989 μὲν
1926 3923 2041 3974 Δία
2075 3917 2437 3991 Καθάρσιον,
2465 3942 2606 3992 μαρ-

1509 3985 1823 4056 τυρόμενος
1857 3986 1928 4043 τὰ
1959 3985 2076 4045 ὑπὸ
2122 3993 2228 4045 τοῦ
2274 3992 2470 4056 ξείνου
2507 4010 2605 4046 πε-

1508 4054 1753 4120 πονθώς
1802 4059 1916 4128 εἴη]
1961 4065 2115 4128 Quae
2162 4064 2237 4115 sit
2282 4069 2513 4127 expiatio
2554 4080 2599 4116 s.

1506 4124 1813 4194 κάθαρσις,
1849 4133 2086 4184 vidimus
2135 4133 2205 4182 ad
2245 4133 2290 4196 Ι,
2342 4134 2427 4187 35.
2483 4135 2602 4184 Iam

1507 4201 1602 4265 qui
1637 4201 1768 4252 deus
1797 4202 2070 4253 lustrandi
2105 4204 2326 4284 negotio
2361 4209 2600 4269 praeest,

1505 4271 1551 4319 is
1601 4271 1802 4321 dicitur
1841 4264 1984 4329 Ζεὺς
2017 4269 2388 4334 Καθαρσιος,
2444 4272 2600 4322 cuius

1503 4355 1662 4390 sacra
1691 4342 1912 4405 propius
1945 4340 2215 4392 accedunt
2249 4340 2318 4390 ad
2344 4357 2426 4403 ea,
2457 4356 2598 4405 quae

1501 4409 1560 4460 iu
1606 4410 1758 4460 Iovis
1812 4408 2094 4477 μειλιχίου
2156 4410 2328 4461 sacris
2382 4415 2598 4476 specta-
