3109 5092
447 292 570 352 440

1315 283 1855 348 HERODOTI

448 492 575 554 ρην
596 485 609 499 ·
644 459 789 531 ὅσοι
819 461 894 530 δὲ
922 464 1120 530 ἕσσον
1148 473 1511 546 γεωπεῖναι
1530 511 1548 543 ,
1578 464 1904 527 σταδίοισι
1923 478 1937 491 ·
1973 463 2042 525 οἳ
2074 456 2151 525 δὲ
2178 456 2436 546 πολλὴν
2476 463 2724 545 ἔχουσι,

448 564 919 653 παρασάγγῃσι
940 586 954 599 ·
990 571 1056 632 οἳ
1083 564 1158 632 δὲ
1188 562 1506 652 ἄφθονον
1534 570 1710 649 λίην,
1743 568 2089 648 σχοίνοισι.
2120 559 2406 630 δύναται
2439 561 2513 629 δὲ
2541 555 2578 629 ὁ
2603 561 2728 648 μὲν

449 669 883 757 παρασάγγης
928 665 1286 755 τριήκοντα
1321 666 1593 735 στάδια·
1636 661 1672 734 ὁ
1708 665 1780 734 δὲ
1821 679 2083 752 σχοῖνος
2126 667 2434 748 ἕκαστος,
2483 666 2728 754 μέτρον

452 770 583 842 ἐῶν
619 774 1032 858 Αἰγύπτιον,
1072 770 1386 857 ἑξήκοντα
1428 767 1687 837 στάδια.
1761 764 1937 836 οὕτω
1979 761 2064 836 ἂν
2107 779 2343 855 εἴησαν
2374 766 2726 853 Αἰγύπτου

399 885 435 942 7
454 877 712 945 στάδιοι
746 875 1071 956 ἑξακόσιοι
1101 875 1210 941 καὶ
1238 879 1588 960 τρισχίλιοι
1620 869 1694 940 τὸ
1723 869 1904 960 παρὰ
1928 870 2303 938 θάλασσαν.
2368 868 2729 939 Ἐνθεῦτεν

450 980 574 1068 μὲν
602 979 713 1046 καὶ
739 981 931 1066 μέχρι
948 972 1179 1046 ‘HMov
1208 975 1436 1054 πόλιος
1466 978 1531 1055 ἐς
1561 973 1684 1062 τὴν
1714 973 2083 1062 μεσόγαιάν
2111 976 2248 1042 ἐστι
2282 970 2480 1063 εὐρέα
2511 984 2724 1060 Αἴγυ-

448 1149 624 1195 tatum
671 1143 860 1192 fuisse.
934 1142 1114 1206 Magis
1149 1142 1255 1191 huc
1302 1141 1538 1206 pertinet

447 1218 724 1265 Letronne
760 1212 796 1260 l.
825 1211 862 1261 l.
887 1228 942 1276 p.
972 1212 1063 1260 197
1088 1228 1258 1276 seqq„
1291 1213 1384 1276 qui
1404 1211 1538 1260 haec

449 1282 718 1334 Herodoti
744 1281 912 1330 verba
940 1281 1011 1330 ad
1036 1282 1208 1344 ipsam
1233 1283 1540 1345 Aegyptum

450 1357 699 1417 spectare
735 1350 854 1400 vult
904 1366 1127 1414 eamque
1169 1350 1328 1399 huius
1362 1355 1541 1399 terrae

451 1422 796 1482 divisionem,
870 1435 1030 1484 quam
1105 1421 1302 1469 Strabo
1372 1420 1543 1469 tradit

451 1491 635 1540 XVII.
673 1506 726 1553 p.
765 1457 864 1538 7'87
905 1505 949 1538 s.
989 1505 1041 1553 p.
1085 1489 1265 1550 1136.,
1307 1489 1443 1538 adeo
1480 1494 1543 1538 ut

447 1574 791 1624 parasangas
838 1562 894 1607 et
939 1558 1162 1607 schoe'ni
1205 1526 1273 1608 ad
1306 1549 1538 1621 νομοὺς,

452 1628 633 1679 stadia
678 1627 750 1677 ad
798 1626 1141 1692 τοπαρχίας,
1198 1628 1418 1692 orgyiae
1469 1626 1541 1675 ad

449 1689 657 1761 τομὰς,
705 1698 762 1745 in
803 1713 939 1761 quas
984 1696 1301 1761 toparchiae
1340 1697 1541 1745 fuerint

451 1767 809 1829 distributae,
847 1767 1173 1830 pertineant.
1232 1766 1390 1828 Quod
1411 1765 1541 1813 mihi

452 1851 673 1903 prorsus
696 1836 932 1886 alienum
945 1835 1163 1885 videtur
1186 1837 1255 1886 ab
1276 1834 1380 1885 hoc
1398 1835 1538 1890 1000,

453 1907 546 1971 qni
590 1905 897 1970 generalem
953 1905 1225 1969 quandam
1274 1904 1541 1954 Herodoti

455 1976 888 2024 observationem
912 1976 1155 2023 continet
1169 1974 1238 2023 ad
1255 1974 1541 2023 Graeciam

455 2043 601 2092 haud
627 2045 740 2092 scio
768 2058 838 2092 an
864 2044 1232 2106 respicientis,
1264 2058 1403 2107 qnae
1429 2047 1542 2091 tam

454 2112 568 2161 late
617 2118 843 2161 extensa
902 2112 1180 2161 territoria
1236 2115 1290 2160 et
1337 2113 1540 2175 spatia.

457 2178 643 2245 qualia
707 2186 762 2229 et
815 2181 1096 2243 Aegyptus
1156 2186 1210 2230 et
1263 2181 1542 2229 Persicum

457 2264 684 2313 regnum
720 2249 975 2312 praebet,
1022 2263 1129 2296 non
1181 2249 1345 2298 habet
1392 2249 1544 2297 inde-

457 2334 563 2384 que
594 2318 757 2366 etiam
792 2332 1130 2382 parasangas
1178 2324 1233 2367 et
1278 2318 1541 2368 schoenos

455 2389 677 2452 ignorat
723 2386 916 2435 stadiis
967 2392 1020 2435 et
1076 2384 1220 2435 ulnis
1266 2391 1543 2436 contenta.

458 2455 788 2520 obloquitur
823 2456 988 2505 etiam
1023 2456 1321 2506 Letronnio
1358 2458 1435 2507 M.
1470 2457 1545 2505 H.

457 2526 689 2576 Martin.
719 2527 902 2575 Revue
939 2523 1361 2590 archeologique
1385 2525 1546 2586 (1854

457 2596 555 2645 XI.
595 2592 787 2644 annes.
827 2594 976 2644 Livr.
1017 2595 1122 2645 111.
1162 2610 1215 2658 p.
1250 2596 1346 2644 142
1385 2595 1545 2659 seq..)

455 2696 526 2704 -
553 2658 720 2713 ἕσσον
746 2664 941 2728 scripsi
960 2663 1307 2714 Schaeferum
1338 2667 1392 2713 et
1421 2665 1549 2712 Bre-

461 2735 680 2784 dovinm
712 2737 962 2794 secutuS,
998 2748 1156 2797 quem
1192 2733 1304 2784 vid.
1345 2750 1395 2797 p.
1434 2733 1544 2782 144.

460 2805 611 2854 Idem
646 2802 752 2851 feci
780 2803 975 2861 11‚94.
1012 2802 1129 2852 135.
1170 2801 1215 2862 Ι,
1253 2802 1321 2852 98
1351 2806 1406 2850 et
1428 2802 1545 2851 170.

530 2863 773 2928 &vigurat
829 2864 891 2917 δε
948 2862 978 2918 ὁ
1026 2864 1131 2933 μὲν
1168 2863 1548 2948 παρασάγγης

459 2931 767 3001 τριήκοντα
823 2930 1047 3000 στάδια]
1105 2930 1398 2987 δύνασθαι
1458 2939 1547 2988 hic

459 3009 632 3056 valere
667 3021 812 3068 esse,
858 3007 950 3054 vix
997 3007 1205 3056 monitu
1253 3023 1405 3071 opus.
1482 3009 1548 3057 In

457 3091 778 3139 parasanqa,
819 3090 959 3138 quae
983 3076 1270 3125 Persarum
1292 3081 1377 3125 est
1403 3092 1548 3125 men-

462 3161 615 3206 sura,
655 3144 899 3207 plerique
934 3145 1274 3194 Herodotum
1315 3161 1548 3210 sequun-

461 3220 578 3274 tur3
629 3213 726 3262 alii
762 3219 902 3262 teste
929 3213 1197 3262 Strabone
1224 3215 1320 3264 XI.
1356 3230 1409 3278 p.
1446 3215 1548 3264 788

462 3285 510 3334 A
561 3299 607 3334 s.
655 3283 757 3333 518
803 3283 1118 3346 sexaginta,
1179 3281 1272 3331 alii
1319 3283 1548 3348 quadra-

463 3354 618 3417 ginta
637 3351 817 3401 stadia
853 3357 1077 3415 ponunt.
1151 3352 1308 3403 Conf.
1341 3354 1545 3402 Herod.

463 3423 530 3485 V,
569 3422 654 3482 53,
696 3422 792 3482 VI,
820 3423 907 3483 42,
943 3427 997 3470 et
1034 3422 1126 3486 qui
1156 3422 1376 3485 copiose
1413 3421 1548 3471 haec

461 3491 725 3541 tractavit
767 3490 961 3540 Ukert.
1014 3490 1321 3555 Geograph.
1362 3491 1413 3540 d.
1455 3493 1547 3542 Gr.

461 3577 514 3610 u.
543 3563 728 3611 Roem.
747 3561 791 3619 Ι,
818 3563 868 3609 2.
896 3561 1125 3625 pag.77.
1149 3562 1365 3610 not.70.
1405 3561 1547 3611 Add.

459 3631 680 3694 Layard
711 3631 1057 3679 Discoveries
1087 3630 1148 3678 of
1167 3630 1412 3678 Nineveh
1439 3633 1546 3681 etc.

460 3716 512 3764 p.
532 3699 616 3761 59,
651 3699 741 3763 qui
771 3714 1112 3763 parasangae
1148 3714 1256 3747 non
1291 3705 1402 3748 tam
1429 3715 1550 3762 spa-

462 3769 524 3816 tii
562 3784 724 3832 quam
776 3769 1035 3832 temporis
1076 3768 1251 3817 eundo
1303 3784 1551 3818 consum-

458 3838 544 3901 pti
581 3836 1033 3900 significationem
1082 3837 1246 3886 tribui
1293 3838 1440 3900 vult,
1489 3845 1550 3887 ut

463 3921 584 3954 cum
640 3905 775 3953 hora
831 3911 1022 3956 nostra
1078 3907 1190 3955 fere
1238 3908 1547 3957 conveniat.

461 3974 783 4038 Disputavit
818 3991 1032 4040 quoque
1066 3975 1130 4025 de
1166 3975 1249 4025 his
1277 3977 1551 4026 Letronne

465 4043 498 4092 l.
527 4042 564 4091 l.
589 4057 714 4106 pag.
744 4043 776 4091 6
803 4059 954 4108 seqq.
994 4044 1080 4094 93.
1123 4043 1223 4094 134
1254 4061 1425 4110 seqq.,
1456 4046 1550 4110 qui

464 4111 661 4176 duplex
710 4111 1007 4161 stadiorum
1053 4129 1223 4178 genus
1273 4116 1340 4163 ab
1376 4116 1551 4164 Hero·

463 4181 593 4230 doto
631 4179 931 4230 adhibitum
968 4184 1149 4245 ponit,
1187 4181 1412 4232 alterum
1439 4200 1549 4233 ma-

461 4251 575 4312 ius,
616 4249 843 4299 alterum
868 4251 1091 4300 dimidio
1119 4251 1364 4312 brevius3
1401 4253 1547 4302 illius

463 4320 768 4386 sexaginta,
791 4320 947 4372 huius
965 4319 1193 4390 triginta
1211 4321 1392 4374 stadia
1408 4338 1548 4373 corn

1640 1141 1786 1206 plere
1823 1140 2116 1190 schoenum
2153 1155 2198 1190 s.
2220 1156 2583 1206 parasangam
2617 1140 2727 1191 exi-

1642 1213 1849 1271 stimat,
1886 1209 2022 1259 adeo
2055 1214 2115 1259 ut
2138 1211 2311 1260 omnis
2344 1211 2635 1259 diversitas
2673 1211 2728 1258 in

1642 1295 1864 1330 numero
1902 1280 2202 1329 stadiorum
2240 1279 2516 1343 duplicato
2554 1280 2730 1329 consi-

1644 1354 1783 1410 stat,
1830 1349 2165 1413 singulorum
2208 1354 2388 1399 autem
2428 1349 2728 1398 stadiorum

1645 1433 1897 1469 mensura
1939 1419 2164 1468 dimidio
2203 1420 2276 1468 sit
2309 1420 2544 1470 brevior.
2620 1419 2729 1468 Sed

1646 1489 1792 1539 conf.
1832 1503 2045 1552 quoque
2084 1489 2155 1538 Μ.
2185 1490 2254 1538 H.
2282 1487 2556 1538 Martini.
2594 1488 2632 1538 l.
2672 1504 2727 1552 p.

1644 1561 1745 1609 144
1777 1573 1927 1640 seqq.

1714 1619 1744 1676 ὁ
1766 1620 1829 1675 δὲ
1850 1628 2078 1690 σχοῖνος
2099 1619 2331 1681 ἕκαστος
2353 1657 2423 1665 -
2453 1615 2731 1689 ἕξηκοντα

1643 1689 1865 1762 στάδια]
1907 1694 2240 1756 Schoenum,
2289 1709 2445 1758 quem
2490 1710 2589 1760 pro
2626 1697 2731 1746 Ae-

1644 1766 1834 1830 gyptia
1878 1779 2132 1814 mensura
2183 1765 2349 1813 habet
2400 1765 2731 1827 Herodotus,

1643 1835 1922 1885 Persicum
1947 1833 2228 1897 appellant
2251 1833 2584 1897 Athenaeus,
2612 1835 2733 1885 Cal-

1643 1904 1927 1965 limachus,
1952 1903 2181 1951 Plinius.
2228 1903 2341 1951 Nec
2365 1903 2592 1952 eandem
2611 1920 2732 1954 esse
2787 1951 2793 1955 ,

1644 1988 1949 2023 mensuram
1981 1972 2037 2020 in
2058 1971 2289 2021 diversis
2311 1973 2549 2036 Aegypti
2574 1973 2729 2035 lociS,

1643 2058 1831 2092 verum
1856 2033 2102 2090 ἄστατον
2124 2041 2312 2089 scribit
2330 2041 2529 2090 Strabo
2548 2043 2728 2093 XVII.

1644 2127 1771 2176 pag.
1810 2111 1947 2160 1156
1983 2110 2046 2159 Β.
2086 2126 2129 2159 s.
2167 2110 2270 2160 803
2315 2110 2427 2170 fin„
2468 2113 2554 2159 cui
2589 2112 2733 2162 adde

1646 2183 1720 2230 sis
1759 2180 1995 2230 Plinium
2042 2180 2115 2229 H.
2159 2179 2227 2229 N.
2266 2179 2361 2240 VI,
2399 2178 2488 2231 30.
2566 2181 2733 2232 Plura

1646 2250 1853 2300 dabunt
1888 2248 2288 2298 Schlichthorst
2321 2246 2358 2298 l.
2390 2249 2425 2298 l.
2468 2265 2591 2314 pag.
2636 2252 2728 2301 111

1646 2325 1701 2368 et
1738 2320 1912 2368 Ukert
1958 2315 1995 2367 l.
2045 2316 2081 2366 l.
2131 2332 2255 2381 pag.
2307 2317 2392 2378 76,
2429 2319 2523 2368 ubi
2570 2335 2734 2384 pecu-

1649 2389 1800 2437 liaris
1838 2386 1905 2435 de
1949 2386 2184 2436 schoeno
2224 2392 2557 2437 memoratur
2587 2390 2735 2439 Dan-

1649 2457 1789 2507 villii
1826 2456 2050 2519 scriptio
2096 2456 2153 2504 in
2198 2454 2362 2506 Mem.
2413 2458 2481 2507 de
2524 2458 2733 2509 l'Acad.

1651 2527 1703 2575 d.
1743 2525 1998 2588 Inscript.
2038 2525 2238 2574 XXVI.
2279 2541 2404 2590 pag.
2440 2526 2528 2576 82.
2601 2529 2739 2578 Post

1651 2596 1774 2645 illos
1814 2595 1880 2642 de
1914 2594 1997 2643 his
2037 2594 2289 2658 exposuit
2323 2595 2594 2645 Iomard.:
2633 2598 2738 2647 Sur

1650 2665 1703 2714 le
1736 2662 1977 2728 systeme
2010 2664 2224 2728 metriq.
2254 2665 2349 2713 des
2382 2679 2503 2715 anc.
2531 2666 2735 2731 Egypt.

1653 2732 1947 2797 (Descript.
1989 2733 2053 2782 de
2087 2734 2229 2796 l'Eg.
2268 2734 2492 2799 Autiqq.
2533 2735 2579 2784 I.
2611 2735 2735 2785 livr.

1652 2801 1772 2863 111)
1808 2817 1933 2866 pag.
1973 2803 2076 2852 645
2114 2817 2263 2866 seqq.
2293 2802 2417 2853 coll.
2453 2804 2573 2854 583.
2612 2805 2736 2856 606.

1652 2874 1753 2924 613
1790 2886 1943 2935 seqq.
2017 2870 2320 2921 Schoenum
2346 2873 2736 2936 Herodotenm,

1651 2941 1939 3004 sexaginta
1985 2940 2180 2989 stadiis
2223 2947 2592 3006 constantem,
2641 2959 2739 2993 sex

1652 3010 1797 3060 mille
1850 3013 2025 3059 metra
2085 3008 2352 3072 (menes),
2408 3027 2547 3075 quae
2592 3012 2739 3062 Galli

1649 3082 1878 3138 vocant,
1924 3093 2157 3143 aequare
2205 3080 2420 3131 statuit.
2492 3082 2740 3147 Namque

1650 3148 1989 3198 Herodotum
2035 3149 2117 3196 uti
2161 3148 2279 3197 vult
2326 3149 2550 3212 stadiis,
2598 3167 2739 3215 quae

1651 3217 1869 3282 singula
1896 3221 2110 3266 centum
2138 3217 2251 3266 fere
2278 3219 2464 3267 metris
2491 3217 2740 3284 (metros)

1653 3285 2044 3350 compleantur.
2116 3287 2197 3335 De
2216 3287 2501 3337 Letronnii
2526 3295 2740 3350 senten-

1653 3356 1733 3404 tia
1769 3353 1932 3419 paulo
1979 3360 2144 3404 antea
2185 3354 2439 3408 diximus.
2513 3359 2596 3407 Ad
2645 3375 2739 3409 no-

1652 3425 1812 3474 minis
1868 3424 2136 3473 rationem
2183 3425 2411 3489 insignis
2463 3431 2546 3476 est
2586 3427 2740 3478 locus

1651 3495 1973 3558 Hieronymi
2018 3495 2196 3542 sancti
2241 3495 2295 3543 in
2331 3495 2631 3547 Comment.
2669 3498 2742 3547 ad

1654 3564 1791 3614 Ioel.
1830 3579 1949 3627 cap.
1989 3563 2040 3625 3,
2076 3563 2169 3611 nbi
2205 3576 2394 3612 narrat
2428 3565 2650 3616 funibus
2683 3568 2740 3616 in

1652 3632 1776 3683 Nilo
1826 3632 1967 3681 trahi
2026 3646 2197 3681 naves
2249 3634 2540 3699 nautisque
2591 3642 2741 3686 certa

1653 3718 1772 3751 esse
1817 3701 2020 3766 spatia,
2072 3717 2213 3765 quae
2256 3702 2509 3763 funictdos
2558 3703 2741 3768 (σχοί-

1654 3785 1790 3827 νους
1827 3787 1871 3820 s.
1918 3768 2169 3833 σχοινία)
2211 3771 2513 3836 appellent,
2560 3780 2623 3822 ut
2664 3773 2743 3824 la-

1651 3841 1773 3890 bori
1825 3841 2161 3889 defessorum
2222 3842 2467 3891 recentia
2528 3842 2742 3893 trahen-

1652 3911 1786 3959 tium
1823 3907 1964 3960 colla
2005 3908 2321 3963 succedant.

2043 4080 2176 4131 Cu.
2214 4081 2344 4132 VII.

1710 4173 2016 4233 Ἐνθεῦτεν
2063 4177 2166 4247 μὲν
2212 4180 2306 4233 καὶ
2342 4181 2502 4248 μέχρι
2544 4175 2740 4233 ‘'Hlnov

1649 4244 1868 4318 πόλιος]
1906 4254 2205 4303 Seiunctim
2252 4254 2449 4317 scripsi
2497 4258 2553 4303 et
2600 4253 2653 4302 h.
2700 4253 2739 4303 l.

1651 4325 1705 4374 et
1743 4338 1894 4389 seqq.
1932 4338 2129 4374 nomen
2168 4323 2319 4373 urbis
2359 4340 2481 4374 cum
2511 4327 2740 4375 reeentt.
