3109 5092
1197 346 1704 407 EUTERPE.
1748 347 1835 407 Π.
1883 354 1972 409 40.
2599 349 2723 411 517

443 520 813 608 θυομένων
867 518 1202 606 κτηνέων,
1254 520 1368 588 καὶ
1423 517 1550 608 τὴν
1601 523 1984 590 ἐπίσπεισιν
2034 525 2157 590 τοῦ
2199 532 2427 608 οἴνου,
2478 521 2723 605 πάντες

446 621 811 710 Αἰγύπτιοι
855 619 1119 709 νόμοισι
1168 637 1340 691 τοῖσι
1390 619 1653 692 αὐτοῖσι
1700 627 2025 713 χρέωνται
2080 619 2325 712 ὁμοίως
2378 628 2444 706 ἐς
2500 625 2721 697 πάντα

444 724 525 796 τά
563 725 708 816 ἱρά·
772 728 887 794 καὶ
927 720 1059 793 ἀπὸ
1085 723 1329 794 τούτου
1356 730 1478 795 τοῦ
1504 726 1718 814 νόμου
1744 723 1909 797 οὐδὲ
1944 724 2154 797 ἄλλου
2183 725 2463 810 οὐδενὸς
2502 729 2715 818 ἐμψύ-

446 857 568 918 χου
606 833 907 917 κεφαλῆς
950 825 1260 916 γεύσεται
1292 834 1694 917 Αἰγυπτίων
1730 827 1974 910 οὐδείς.
2071 825 2160 899 Ἡ
2181 831 2257 900 δὲ
2284 828 2370 920 δὴ
2398 835 2719 921 ἐξαίρεσις
2733 842 2815 902 40

446 938 584 1002 τῶν
609 934 722 1002 καὶ
750 927 792 1020 ἡ
823 935 1060 1010 καῦσις
1103 928 1274 1019 ἄλλη
1311 934 1464 1017 περὶ
1492 930 1657 1002 ἀλλο
1684 933 1835 1019 ίρού
1860 954 1982 1021 σφι
2011 936 2392 1023 κατέστηκε.
2497 934 2623 1023 τὴν
2649 934 2716 1006 δ’

451 1027 548 1105 ὦν
588 1042 912 1125 μεγίστην
950 1059 1023 1102 τε
1057 1039 1345 1123 δαίμονα
1380 1032 1662 1125 ἥγηνται
1707 1035 1916 1120 εἶναι,
1971 1037 2084 1105 καὶ
2127 1043 2451 1126 μεγίστην
2487 1042 2559 1107 οἰ
2602 1033 2718 1127 ὁρ-

447 1136 574 1227 τὴν
611 1136 969 1226 ἀνάγουσι,
1014 1135 1270 1227 ταύτην
1315 1144 1586 1227 ἔρχομαι
1629 1142 1859 1228 ἐρέων.
1916 1136 2121 1208 ἐπεὰν
2163 1136 2568 1227 ἀποδείρωσι
2603 1139 2727 1211 τὸν

447 1247 654 1330 βοῦν,
708 1237 1184 1328 κατευξάμενοι
1224 1249 1486 1329 κοιλίην
1526 1242 1654 1329 μὲν
1691 1245 1960 1330 ἐκείνην
2008 1246 2231 1313 πᾶσαν
2271 1245 2337 1325 ἐξ
2380 1234 2477 1312 ὦν
2517 1239 2721 1330 εἷλον,
2771 1281 2779 1286 ·

520 1400 659 1461 οὐδὲ
687 1399 861 1459 ἄλλου
885 1400 1299 1472 -Αίγυπτίων
1325 1397 1540 1475 οὐδείς]
1643 1405 1876 1474 ἔρχομαι
1930 1400 2102 1473 ἐρέων
2154 1409 2301 1460 conf.
2347 1409 2426 1473 11,
2483 1410 2552 1463 35
2600 1410 2722 1464 init.

449 1481 606 1531 Haec
640 1483 788 1530 recte
822 1478 918 1528 vix
957 1476 1069 1526 dici
1101 1476 1190 1527 vel
1230 1481 1378 1528 certe
1417 1493 1540 1529 cum
1644 1479 1849 1530 Isidem
1896 1483 2080 1530 autem
2128 1478 2539 1545 intelligendam
2585 1495 2723 1544 esse,

450 1550 705 1600 cautione
751 1547 987 1613 quadam
1042 1560 1162 1597 esse
1221 1547 1541 1613 accipienda
1641 1548 1729 1599 vel
1766 1565 1797 1599 e
1832 1549 2076 1614 proximo
2118 1563 2239 1615 cap.
2273 1548 2462 1629 liquet.

447 1624 633 1670 monet
663 1617 992 1669 Wilkinson.
1028 1615 1286 1666 Manners
1317 1622 1424 1669 etc.
1461 1619 1536 1668 ΙΙ.

449 1705 505 1754 p.
542 1690 665 1739 222.
704 1687 825 1739 379.
865 1683 988 1737 383.
1036 1700 1149 1736 sec.
1198 1700 1305 1738 ser.
1353 1687 1429 1738 11.
1479 1703 1535 1752 p.

449 1757 546 1810 351
576 1763 632 1809 et
652 1755 1020 1823 Topography
1050 1755 1113 1805 of
1129 1754 1303 1807 Theb.
1331 1772 1387 1821 p.
1418 1756 1536 1820 148,

449 1843 571 1879 cum
619 1828 680 1877 iu
725 1825 1116 1891 Aegyptiorum
1175 1827 1536 1877 monumentis

448 1898 636 1949 crebro
655 1896 1066 1962 conspiciantur
1083 1894 1429 1945 victimarum
1449 1911 1537 1946 ca-

446 1968 565 2033 pita
613 1965 801 2017 oblata
854 1965 912 2014 in
969 1964 1191 2013 deorum
1250 1963 1534 2026 altaribus,

446 2036 535 2087 vel
570 2051 680 2087 una
712 2050 832 2086 eum
869 2033 992 2084 aliis
1033 2033 1331 2083 bestiarum
1367 2034 1536 2099 parti-

446 2107 550 2157 bus
587 2106 656 2156 ad
693 2103 1032 2172 coquendum
1071 2101 1338 2153 adhibita.

1711 1608 1886 1670 ἐπεὰν
1921 1610 2269 1684 ἀποδείρωσι
2307 1633 2409 1668 τον
2445 1615 2592 1681 βοῦν
2624 1634 2724 1669 κα-

1638 1679 1973 1751 τευξάμενοι
2010 1704 2063 1738 κ.
2106 1703 2155 1737 τ.
2206 1685 2278 1752 λ.]
2326 1687 2559 1739 Secutus
2606 1704 2725 1740 sum

1638 1757 2080 1823 Schweighaeus.
2118 1761 2173 1807 et
2216 1756 2520 1820 Gaisford„
2566 1759 2660 1823 qui
2694 1774 2726 1809 e

1637 1825 1883 1891 pluribus
1906 1825 2060 1877 libris
2084 1826 2166 1875 ita
2189 1824 2492 1876 ediderunt.
2544 1827 2724 1893 Vulgo

1639 1895 1780 1945 enim
1813 1895 1957 1945 hunc
1994 1896 2050 1946 in
2072 1894 2291 1946 modum
2312 1894 2516 1947 haecce
2539 1895 2726 1978 ΙΨ-

1638 1969 1753 2014 tur:
1811 1954 1958 2029 ἐπὴν
2002 1955 2470 2027 προνηστεύσωσι
2515 1963 2586 2031 τῇ
2638 1968 2728 2014 Ισι

1635 2029 1733 2082 καὶ
1760 2023 1906 2097 ἐπὴν
1935 2025 2347 2094 κατεύξωνται,
2383 2025 2600 2084 θύουσι
2622 2025 2727 2084 τὸν

1638 2099 1798 2167 βοῦν·
1869 2097 1966 2152 καὶ
2021 2092 2432 2164 ἀποδείραντες
2496 2102 2724 2168 κοιλίην

1639 2165 1744 2236 μὲν
1789 2162 2016 2237 ἐκείνην
2070 2168 2262 2221 πᾶσαν
2318 2161 2375 2232 ἐξ
2423 2157 2507 2222 ὦν
2550 2165 2722 2235 εἷλον,

1638 2241 1733 2292 ubi
1782 2256 1938 2292 nemo
1986 2255 2095 2291 nou
2134 2240 2286 2290 videt
2340 2256 2407 2291 ea
2455 2257 2523 2292 ex
2570 2246 2729 2307 parte

845 2274 979 2327 Car.
1016 2274 1135 2325 XL.

505 2370 581 2428 ‘H
611 2372 676 2428 δὲ
706 2373 778 2443 δὴ
805 2369 1084 2442 ἐξαίρεσις
1117 2374 1233 2426 τῶν
1269 2370 1412 2441 ἱρῶν
1438 2373 1536 2427 καὶ

446 2441 482 2514 ἠ
517 2446 720 2505 καῦσις
754 2463 806 2498 κ.
846 2463 894 2496 τ.
918 2445 995 2513 λ.]
1026 2436 1303 2511 ἐξαίρεσις
1334 2447 1537 2498 dicitur

447 2519 796 2574 exenterato,
843 2532 986 2583 quae
1028 2516 1092 2566 fit
1136 2516 1441 2567 visceribus
1489 2532 1535 2568 s.

445 2588 721 2639 intestinis
758 2603 788 2637 e
812 2601 1035 2651 corpore
1061 2587 1342 2637 extractis.
1404 2588 1538 2638 Lar-

447 2657 639 2709 cherus
670 2657 1065 2707 divinationem
1086 2656 1175 2707 hic
1206 2656 1407 2721 respici
1440 2670 1538 2721 pu-

447 2732 532 2778 tat
551 2727 850 2791 laudatque
874 2725 1289 2790 Xenophontem
1311 2725 1368 2775 in
1395 2727 1539 2776 Ana-

447 2798 569 2848 bae.
609 2797 684 2859 ΙΙ,
727 2797 774 2846 1.
803 2795 855 2858 §-
885 2797 938 2845 7.
1009 2795 1212 2846 Verum
1235 2795 1348 2845 alia
1371 2794 1539 2845 Grae-

448 2881 661 2928 corum,
697 2864 807 2915 alia
848 2865 1272 2930 Aegyptiorum,
1323 2865 1391 2916 de
1422 2865 1538 2929 qui-

447 2936 549 2987 bus
570 2934 704 2986 nibil
723 2935 886 2986 istius
903 2934 1049 2985 modi
1075 2934 1308 2985 relatum
1331 2934 1536 2999 iuveni,

444 3007 610 3057 ratio.
643 3030 710 3042 —
743 3005 827 3055 Ad
873 3004 1041 3054 verba
1078 3019 1232 3069 seqq.
1275 3019 1538 3070 provoca-

445 3075 530 3125 vit
574 3075 832 3139 Spencer.
880 3073 917 3124 l.
964 3073 1000 3123 l.
1052 3073 1149 3135 lv,
1189 3075 1238 3125 1.
1281 3089 1339 3139 Ρ.
1380 3073 1534 3136 1092,

445 3160 554 3211 quo
615 3145 864 3194 nimirum
927 3146 1287 3206 monstraret,
1347 3142 1536 3194 eodem

448 3213 639 3277 modo,
690 3228 796 3279 quo
840 3211 1100 3278 Aegyptii
1141 3212 1211 3263 ad
1260 3213 1422 3263 Isidis
1460 3213 1539 3263 fe-

445 3286 618 3346 stum,
663 3282 947 3334 Israelitas
997 3281 1066 3332 ad
1124 3280 1213 3332 dei
1259 3282 1345 3333 sui
1393 3282 1537 3333 festa

446 3353 772 3404 confluxisse
805 3353 1143 3417 eundemque
1179 3351 1294 3402 sere
1330 3351 1534 3402 cultum

446 3422 572 3473 huic
610 3422 942 3473 exhibuisse.

515 3484 730 3556 ταύτην
783 3485 1016 3556 ἔρχομαι
1073 3479 1269 3555 ἐρέων]
1317 3489 1535 3555 Reliqui

445 3557 685 3627 ταύτην,
755 3561 911 3612 cuius
971 3560 1093 3611 loco
1160 3558 1413 3624 Schwgh.
1476 3565 1533 3610 et

448 3632 625 3684 Gaisf.
652 3630 916 3682 dederant
947 3620 1155 3694 ταύτῃ,
1193 3643 1315 3707 cum
1343 3629 1398 3679 in
1422 3645 1531 3680 uno

447 3701 586 3752 libro
623 3702 905 3751 inventum
949 3702 1097 3750 esset
1132 3711 1328 3760 ταυτη.
1403 3698 1534 3749 Vul-

448 3774 636 3837 gatam
687 3770 827 3821 bene
889 3774 1073 3820 tuetur
1117 3766 1318 3817 Struve
1371 3768 1530 3832 Spec.

445 3840 676 3903 Quaest.
724 3840 930 3890 Herod.
977 3855 1032 3904 p.
1082 3836 1150 3887 28
1194 3841 1342 3899 not.‚
1389 3838 1534 3888 unde

446 3907 584 3961 haec
636 3925 938 3976 apponam:
999 3906 1382 3972 „negligenter
1434 3922 1533 3957 suo

446 3995 596 4030 more
640 3980 957 4030 Herodotus
1001 3977 1217 4028 locutus
1265 3981 1352 4026 est
1399 3968 1534 4026 ταύ-

447 4064 583 4114 την,
643 4048 787 4114 quod
844 4047 1205 4115 grammatica
1260 4061 1380 4096 cnm
1432 4038 1538 4109 τὴν

449 4117 507 4181 (i.
539 4135 589 4171 e.
615 4108 715 4184 ἣν)
748 4117 1022 4183 μεγίστην
1054 4113 1307 4179 δαίμονα
1340 4116 1537 4181 iungit,

448 4187 520 4238 ad
547 4179 726 4253 ὁρτὴν
753 4190 1015 4239 referens.
1077 4186 1364 4237 Sententia
1398 4186 1538 4235 enim

449 4261 556 4309 est:
591 4251 698 4322 τὴν
733 4251 798 4307 δὲ
832 4257 1100 4336 μεγίστην
1132 4245 1311 4321 ὁρτὴν
1345 4253 1416 4322 τῇ
1446 4268 1541 4318 με-

482 4325 608 4394 ίστῃ
656 4324 894 4391 δαίμονι
952 4317 1261 4390 ἀναγουσι,
1326 4315 1542 4389 ταύτην

447 4339 685 4462 Ξρχομῖαι
721 4387 958 4462 ἔρέων.“
994 4423 1062 4433 -
1094 4394 1180 4445 Ad
1211 4392 1540 4445 locutionem

1635 2310 1894 2376 proferri,
1944 2326 2084 2376 quae
2139 2309 2283 2360 infra
2332 2325 2547 2377 quoque
2589 2312 2729 2362 refe-

1638 2385 1857 2444 runtur,
1889 2394 2140 2446 quaeque
2171 2378 2256 2429 bis
2280 2380 2360 2429 ita
2393 2383 2428 2429 a'
2461 2380 2729 2446 scriptore

1639 2450 1815 2501 relata
1838 2449 2010 2500 fuisse
2038 2449 2132 2498 vix
2164 2448 2460 2499 verisimile
2490 2449 2724 2501 videtur.

1640 2519 1909 2570 Matthiae
1963 2517 2246 2583 vulgatam
2305 2518 2561 2582 retinuit,
2619 2520 2727 2569 nisi

1641 2588 1786 2653 quod
1832 2587 1990 2638 uncis
2037 2586 2261 2636 inclusit
2306 2587 2534 2637 alterum
2582 2577 2729 2653 ἐπὴν

1642 2662 1771 2708 ante
1813 2648 2202 2733 xoetszigm'vtoec
2249 2659 2305 2705 et
2360 2672 2457 2720 pro
2501 2646 2728 2721 ἐκείνην

1640 2727 1861 2790 scripsit
1916 2737 2134 2788 κεινην.
2223 2726 2299 2776 Et
2345 2725 2450 2775 hoc
2507 2725 2727 2790 quidem

1640 2796 2192 2860 Schweighaeuserus
2250 2808 2463 2860 quoque
2506 2810 2729 2859 reposu-

1640 2869 1787 2927 erat,
1838 2879 1960 2915 cum
1994 2854 2195 2926 κεινὴν
2238 2862 2380 2913 idem
2424 2862 2610 2915 valeat
2646 2870 2729 2916 at-

1640 2951 1744 3001 que
1778 2924 1983 2998 κενὴν,
2035 2931 2142 2983 hoc
2176 2931 2291 2983 sere
2338 2948 2528 2984 sensu:
2576 2942 2729 2985 tottam

1639 3004 1879 3055 abdomen
1916 3009 2221 3053 exemerunt
2267 3001 2324 3067 (i.
2374 3019 2423 3053 e.
2462 3004 2725 3055 intestina

1640 3074 1823 3125 omnia
1883 3088 1949 3123 ex
2004 3070 2129 3121 alvo
2183 3071 2477 3138 eximunt),
2531 3076 2730 3125 viscera

1637 3159 1758 3195 vero
1792 3148 1844 3195 in
1877 3155 2094 3205 corpore
2121 3144 2423 3207 relinquunt.
2475 3142 2618 3195 Nam
2639 3158 2729 3193 κε-

1638 3205 1750 3277 νὴν
1783 3211 2008 3262 κοιλίαν
2054 3210 2197 3262 idem
2244 3227 2365 3263 esse
2399 3211 2521 3263 vult
2562 3217 2728 3279 atque

1634 3280 1913 3344 κενεῶνα,
1961 3283 2149 3344 alvum,
2198 3281 2462 3344 abdomen,
2518 3282 2575 3331 in
2623 3298 2728 3349 quo

1638 3356 1766 3403 suut
1792 3351 2075 3401 intestina.
2130 3351 2398 3416 Equidem
2424 3350 2628 3401 nullam
2648 3352 2728 3401 iu-

1636 3425 1777 3472 stam
1800 3420 2060 3486 vulgatae
2093 3419 2345 3470 lectionis
2381 3410 2608 3484 ἐκείνην
2639 3421 2729 3471 de·

1638 3490 1901 3542 serendae
1934 3504 2158 3540 causam
2192 3488 2494 3554 perspicio,
2529 3489 2577 3539 si
2613 3490 2734 3554 qui-

1640 3561 1758 3611 dem
1794 3557 2024 3622 ·ιιοιλίην
2057 3549 2284 3621 ἐκείνην
2330 3557 2518 3608 eodem
2567 3559 2726 3610 modo

1637 3630 1840 3680 (lictum
1878 3628 2088 3693 accipio
2134 3642 2241 3691 quo
2277 3626 2440 3691 paulo
2477 3632 2608 3678 ante
2640 3642 2731 3678 κε-

1637 3696 1791 3764 φαλῇ
1839 3691 1903 3747 δὲ
1952 3687 2158 3762 ἐκείνῃ.
2256 3695 2614 3747 Schneiderus
2672 3698 2731 3748 iu

1635 3770 1771 3819 Lex.
1808 3783 1854 3818 s.
1889 3782 1944 3818 ν.
1981 3764 2206 3816 κοιλίαν
2240 3763 2434 3814 πᾶσαν
2467 3766 2731 3831 interpre-

1636 3842 1814 3889 tatur:
1865 3837 1961 3886 den
2009 3836 2203 3901 Maqen
2240 3843 2412 3887 samm
2459 3836 2557 3886 den
2591 3837 2731 3887 Deir-

1634 3923 1743 3958 men
1765 3907 1856 3957 des
1878 3905 2214 3970 Opferstz'ers.
2272 3905 2601 3957 Accuratius
2618 3906 2732 3971 opi·

1638 3991 1739 4026 nor
1781 3976 1846 4025 B.
1897 3979 1939 4026 t.
1982 3975 2155 4024 Brink
2196 3975 2281 4041 (in
2326 3974 2729 4026 Schneidewini

1639 4044 1910 4109 Philolog.
1946 4043 2105 4094 VIII.
2153 4061 2209 4109 p.
2246 4046 2343 4095 421
2391 4043 2463 4094 ad
2502 4044 2731 4096 similem

1639 4113 1940 4165 Democriti
1977 4111 2216 4176 locum):
2265 4112 2493 4178 ,,κοιλίη
2533 4119 2618 4164 est
2654 4114 2733 4164 al—

1640 4199 1743 4234 vus
1781 4182 2026 4248 superior
2062 4198 2096 4233 a
2128 4182 2430 4234 ventriculo
2466 4197 2639 4249 usque
2660 4184 2734 4234 ad

1643 4252 1827 4315 colon,
1867 4252 1995 4303 inde
2028 4267 2202 4318 usque
2240 4252 2311 4302 ad
2342 4268 2504 4303 anum
2538 4248 2607 4301 τὰ
2644 4246 2733 4302 ἔν-

1643 4336 1777 4385 τερα
1812 4322 2094 4385 dicuntur,
2144 4321 2301 4373 alvus
2337 4322 2590 4382 inferior3
2638 4321 2733 4387 qui

1645 4391 1805 4443 simul
1841 4391 2005 4443 sumti
2051 4389 2243 4441 πᾶσαν
2292 4388 2520 4456 κοιλίην
2565 4391 2735 4442 effici-
