3109 5092
501 322 625 385 802
1365 315 1909 378 HERODOTI

497 495 754 583 ἄνδρας
799 493 1199 582 ἐπικούρους
1235 495 1701 579 τρισμυρίους·
1744 478 1831 576 ἦν
1873 487 1954 555 δέ
1988 488 2056 554 οἰ
2079 481 2161 554 τὰ
2186 481 2506 572 βασιλήια
2536 483 2610 550 ἐν
2642 477 2795 550 Σάι·

503 598 656 668 πόλι
673 649 691 682 ,
738 596 992 686 μεγάλα
1019 595 1216 665 ἐόντα
1243 596 1356 663 καὶ
1382 590 1761 678 ἀξιοθέητα.
1816 590 1929 658 καὶ
1957 592 2028 656 οἵ
2050 614 2121 656 τε
2162 588 2317 675 περὶ
2343 583 2465 655 τὸν
2496 580 2787 671 Ἀπρίην

502 703 612 770 ἐπὶ
637 698 794 780 τούς
826 705 1243 785 Αἰγυπτίους
1274 694 1507 786 ἤϊσαν,
1550 696 1665 762 καὶ
1706 697 1776 762 οἰ
1809 692 1961 779 περὶ
2005 687 2125 758 τὸν
2140 686 2426 776 ’Ἄμασιν
2466 688 2577 755 ἐπὶ
2620 682 2783 763 τούς

500 808 777 886 ξείνους.
832 809 907 871 ἒν
932 829 1004 870 τε
1035 799 1120 889 δὴ
1147 803 1496 888 Μωμέμφι
1545 796 1699 865 πόλι
1743 798 2054 881 ἐγένοντο
2083 789 2454 880 ἀμφότεροι
2485 790 2598 857 καὶ
2625 814 2777 856 πει-

501 906 832 995 ρήσεσθαι
865 911 1146 992 ἔμελλον
1174 900 1503 990 ἀλλήλων.

368 1008 488 1070 164
629 1006 810 1078 Ἐστι
841 1008 916 1077 δὲ
954 1012 1353 1092 Αἰγυπτίων
1388 998 1550 1073 ἑπτὰ
1577 1002 1811 1087 γένεα·
1859 998 1971 1065 καὶ
2013 993 2275 1063 τούτων
2301 998 2371 1062 oc
2390 993 2517 1082 μὲν
2549 993 2745 1082 ἱρέες,
2766 1009 2869 1062 185

1688 1163 1944 1212 stinctam
1977 1175 2191 1225 quoque
2222 1173 2342 1209 esse
2368 1159 2559 1209 scribit
2581 1158 2637 1206 in
2662 1163 2777 1208 tres

1687 1232 1825 1281 alias
1871 1230 2147 1279 hominum
2200 1229 2432 1289 classes,
2481 1227 2589 1276 illis
2637 1227 2777 1277 infe-

1686 1302 1890 1418 {³⁰‘22‘
1925 1297 2776 1416 {mifmfffflsssswizbzffffl‘zsst

1689 1384 1859 1503 2:33¹?
1877 1382 2284 1501 deeigpexgldnit.
2358 1382 2526 1485 Ad‘iiit
2564 1436 2777 1483 Wesse·

1688 1508 1888 1572 lingius
1909 1506 2196 1555 Strabonis
2210 1504 2579 1555 testimonium
2594 1502 2774 1555 XVII.

1689 1591 1817 1641 pag.
1859 1575 1993 1627 1136
2022 1575 2086 1623 Β.
2126 1590 2172 1623 s.
2212 1589 2338 1638 pag.
2380 1574 2479 1622 787
2520 1571 2637 1637 (ubi
2676 1572 2777 1620 tri÷

834 1173 964 1223 Car.
1005 1172 1256 1223 CLXIII.

572 1268 768 1340 Κᾶράς
799 1290 856 1325 τε
893 1271 991 1325 καὶ
1020 1264 1244 1338 Ἴωνας]
1275 1272 1435 1322 Conf.
1468 1276 1583 1321 not.

503 1345 573 1395 ad
621 1345 697 1405 ΙΙ,
749 1344 864 1394 152.
921 1345 1034 1394 154.
1085 1343 1195 1406 111,
1243 1344 1295 1392 4.
1339 1343 1426 1392 45.
1501 1342 1585 1390 De

503 1429 720 1463 numero
747 1412 1198 1463 mercenariorum
1222 1410 1452 1460 militum
1479 1411 1589 1459 He-

503 1482 692 1531 rodoto
725 1498 845 1532 cum
871 1482 1107 1531 Diodoro
1136 1481 1394 1530 convenit
1421 1478 1467 1539 Ι,
1495 1479 1584 1528 68.

501 1551 630 1600 Mox
679 1565 776 1615 pro
821 1550 969 1614 vulg.
1023 1538 1170 1615 ᾖσαν
1217 1549 1410 1612 scripsi
1466 1563 1586 1597 cum

502 1625 730 1670 recentt.
772 1619 893 1670 edd.
935 1612 1137 1683 ἤϊσαν;
1185 1617 1298 1667 vid.
1338 1621 1478 1667 nott.
1517 1615 1588 1666 ad

500 1688 547 1750 Ι,
581 1691 667 1740 62.

570 1751 634 1806 ἔν
668 1771 726 1807 τε
774 1748 849 1819 δὴ
895 1749 1187 1818 Μωμέμφι
1232 1744 1388 1816 πόλι]
1441 1752 1582 1803 Add.

502 1825 576 1888 ΙΙ,
617 1826 743 1878 169:
783 1815 839 1880 ἐς
876 1821 1209 1888 Μωμέμφιν
1244 1818 1429 1871 πόλιν.
1483 1823 1587 1872 Est

503 1911 630 1945 vero
679 1888 739 1944 ἐν
781 1893 1103 1943 Latinorum
1150 1891 1248 1952 ad,
1308 1895 1370 1940 ut
1420 1906 1586 1954 supra

502 1963 577 2025 II,
614 1964 715 2015 159
745 1953 805 2011 ἐν
837 1955 1151 2025 Μαγδόλῳ,
1200 1964 1256 2009 et
1290 1958 1412 2009 aliis
1448 1958 1583 2009 locis

500 2047 534 2081 a
550 2031 914 2092 Wesselingio
932 2028 1168 2079 laudatis
1188 2029 1295 2089 111,
1320 2032 1407 2080 45.
1422 2029 1578 2091 VIII,

500 2100 585 2151 86.
627 2101 793 2150 Plura
826 2099 1070 2148 Fischer.
1111 2097 1180 2146 ad
1218 2096 1439 2148 Weller.
1474 2084 1579 2158 ΙΙΙ,

498 2169 552 2218 b.
590 2184 717 2232 pag.
759 2166 858 2217 139
888 2182 1001 2230 seq.
1056 2167 1267 2228 Unger:
1306 2166 1576 2215 Paradox.

500 2237 708 2287 Thebb.
736 2251 861 2300 pag.
895 2237 1012 2285 102.
1032 2261 1103 2270 —
1121 2234 1206 2282 Ad
1230 2234 1377 2283 urbis
1408 2235 1580 2298 ipsius

500 2306 665 2354 situm
712 2303 1072 2353 definiendum
1116 2302 1252 2351 facit
1285 2303 1578 2365 Diodorus,

499 2373 651 2438 quil.
684 2371 720 2422 1.
746 2372 816 2421 ad
850 2371 1072 2422 Mariam
1102 2371 1285 2420 vicum
1317 2372 1579 2435 proelium

499 2442 842 2492 commissum
862 2455 982 2489 esse
1009 2440 1191 2490 refert.
1267 2439 1368 2489 Cui
1392 2442 1438 2489 si
1466 2441 1583 2490 iun-

499 2525 716 2576 gamus,
757 2524 896 2574 quae
934 2508 1004 2559 ad
1038 2508 1092 2559 h.
1129 2508 1167 2559 l.
1208 2509 1345 2559 citat
1370 2510 1583 2560 Wesse·

501 2580 730 2644 lingius,
768 2584 934 2644 atque
965 2578 1211 2642 inprimis
1249 2578 1296 2626 si
1333 2577 1582 2628 consula·

499 2664 617 2699 mus
664 2648 953 2700 Strabonis
999 2648 1171 2697 locum
1222 2647 1401 2697 XVII.
1449 2663 1577 2712 pag.

496 2717 601 2770 803
638 2733 683 2768 s.
740 2718 871 2768 1155
918 2716 981 2778 B,
1028 2717 1118 2765 vix
1168 2715 1389 2766 dubium
1433 2717 1581 2765 vide-

496 2793 612 2849 tur,
646 2787 777 2851 quin
817 2785 1137 2848 Momemphis
1173 2785 1282 2834 sita
1313 2785 1476 2835 fuerit
1508 2786 1579 2834 ad

498 2856 769 2915 canalem,
810 2856 901 2919 qui
932 2869 962 2903 e
999 2853 1274 2917 Canopico
1307 2854 1471 2904 fluvio
1510 2854 1581 2903 ad

496 2924 855 2973 Mareotidem
876 2922 1056 2971 lacum
1077 2921 1272 2971 ductus
1291 2928 1424 2982 erat,
1448 2923 1581 2973 eoin

497 2992 647 3053 loce,
685 2992 773 3041 cui
801 2991 1092 3040 etiamnum
1121 3005 1315 3040 nomen
1344 2992 1579 3054 Manouf.

497 3060 667 3109 Vetus
678 3075 801 3109 nom
808 3074 873 3107 en
885 3058 1208 3121 Aegyptium
1225 3059 1586 3120 Paneas-Kb&

497 3127 667 3177 fuisse
690 3127 971 3178 contendit
998 3124 1302 3190 Champoll.
1335 3126 1580 3192 l‘Egypt.

409 3239 416 3246 .
499 3211 626 3246 sous
663 3196 697 3247 l.
727 3197 890 3246 Phar.
929 3195 1009 3245 ΙΙ.
1038 3208 1165 3259 pag.
1187 3196 1290 3246 252
1312 3212 1428 3261 seq.
1453 3196 1577 3247 coll.

497 3265 721 3317 Rennel.
757 3264 792 3317 1.
837 3264 875 3313 1.
913 3278 1042 3328 pag.
1080 3263 1203 3313 617.

826 3468 956 3519 ΟΑΡ.
993 3468 1234 3519 CLXIV.

546 3557 705 3618 ’Ἐστι
750 3563 814 3619 δὲ
850 3566 1176 3633 Αἰγυπτίων
1212 3561 1354 3619 ἔπτὰ
1387 3567 1573 3634 γένεα]

492 3636 671 3700 γένεα,
707 3655 848 3704 quae
882 3639 1021 3690 alias
1059 3639 1310 3689 dicuntur
1336 3641 1496 3688 tribus
1524 3656 1571 3688 s.

485 3715 662 3769 gentes
714 3707 847 3770 (vid.
907 3709 953 3770 I,
1009 3710 1107 3760 102
1167 3708 1298 3773 ibiq.
1361 3712 1476 3757 not.
1527 3708 1572 3768 1,

497 3775 639 3838 125),
675 3776 764 3827 hic
800 3777 1114 3840 significant
1156 3776 1359 3827 classes
1395 3778 1575 3842 Aegy·

492 3844 755 3907 ptiorum,
807 3861 942 3910 quas
987 3862 1086 3896 nos
1129 3845 1296 3910 vulgo
1344 3845 1572 3896 dicimus

491 3910 707 3963 Kasten.
779 3915 864 3964 De
910 3915 1103 3980 quibus
1151 3915 1438 3978 primarius
1489 3918 1574 3964 est

494 3979 719 4030 Diodori
747 3980 900 4032 locus
935 3983 982 4046 Ι,
1019 3982 1085 4033 73
1124 3983 1251 4036 coll.
1281 3985 1327 4044 Ι,
1356 3984 1442 4042 28,
1478 3983 1573 4033 ubi

491 4052 660 4098 totam
689 4050 925 4115 Aegypti
945 4053 1214 4116 regionem
1243 4052 1575 4116 tripartitam

492 4132 613 4168 esse
636 4117 799 4180 dicit,
839 4122 992 4170 cuius
1016 4121 1244 4185 primam
1275 4122 1575 4185 portionem

488 4186 830 4238 sacerdotum
867 4188 998 4240 ordo
1033 4189 1138 4238 sibi
1182 4189 1449 4251 vindicet,
1500 4188 1575 4240 al-

490 4260 663 4327 teram
698 4271 882 4322 reges,
921 4259 1140 4308 tertiam
1165 4258 1385 4309 milites.
1445 4260 1574 4309 Mox

489 4329 700 4388 tamen,
748 4331 866 4392 cap.
903 4330 989 4391 74,
1025 4343 1138 4377 rem
1183 4325 1451 4392 publicam
1488 4327 1571 4376 di—

1690 1644 1820 1708 plici
1854 1643 2014 1693 modo
2051 1643 2288 1708 Aegypti
2325 1641 2583 1706 populum
2634 1641 2776 1690 divi-

1690 1728 1809 1763 sum
1846 1713 2036 1763 scribit
2070 1711 2213 1761 inter
2249 1711 2589 1773 sacerdotes,
2637 1709 2778 1760 mili-

1688 1788 1794 1843 tes,
1825 1780 2112 1847 angcolas,
2151 1796 2286 1843 quos
2313 1779 2445 1829 dicit
2466 1777 2574 1843 γῆν
2592 1792 2649 1827 τε
2677 1773 2776 1826 καὶ

1687 1848 1885 1915 τέχνας
1932 1842 2286 1912 ἐργάζεσθαι)
2327 1855 2493 1913 atque
2526 1848 2776 1899 Platonis

1687 1920 1743 1969 in
1778 1920 1920 1972 Tim.
1965 1933 2090 1984 pag.
2131 1921 2215 1977 21,
2253 1921 2345 1983 qui
2376 1934 2473 1968 sex
2507 1920 2776 1967 memorat

1685 1987 1917 2038 classes:
1966 1987 2336 2047 sacerdotnm,
2385 1997 2774 2052 pugnatorum,

1683 2057 1979 2117 artificum,
2016 2062 2324 2121 pastorum,
2360 2060 2679 2106 venatorum
2718 2060 2777 2103 et

1684 2126 2066 2190 agricolarum.
2137 2125 2526 2188 Aegyptiorum
2555 2124 2776 2174 ordines

1683 2195 1781 2244 lios
1819 2195 1935 2243 sive
1973 2193 2147 2243 tribus
2184 2194 2395 2244 Iesaias
2432 2208 2645 2258 quoque
2695 2192 2773 2240 si-

1683 2261 1942 2328 gnificare
1974 2262 2191 2312 videtur
2226 2262 2373 2322 XIX,
2414 2262 2498 2312 13.
2571 2265 2651 2312 Ac
2688 2277 2774 2310 se-

1677 2341 1808 2394 ptem
1846 2331 2101 2381 Indorum
2140 2330 2356 2380 ordines
2407 2329 2609 2380 similes
2658 2330 2776 2379 fere

1685 2400 1872 2450 retulit
1908 2399 2290 2464 Megasthenes
2330 2398 2473 2464 apud
2511 2398 2771 2448 Strabon.

1683 2470 1801 2519 XV.
1826 2484 1949 2533 pag.
1972 2469 2072 2519 703
2101 2483 2250 2532 seqq.
2288 2469 2522 2533 itemque
2541 2467 2771 2517 Diodor.

1684 2538 1757 2597 11,
1778 2537 1862 2586 40.
1902 2538 2116 2586 Arrian.
2146 2537 2353 2588 Indice.
2383 2538 2464 2599 11,
2500 2535 2644 2596 licet,
2684 2551 2773 2585 sa-

1683 2622 1804 2655 cros
1827 2605 2081 2655 Indorum
2109 2605 2277 2655 libros
2298 2606 2550 2672 antiquos
2579 2606 2626 2654 si
2642 2620 2773 2654 con-

1683 2675 1949 2737 sulamus,
1994 2682 2209 2739 quatuor
2251 2680 2465 2725 tantum
2510 2673 2773 2724 Indorum

1683 2743 1899 2793 ordines
1937 2744 2232 2793 exsistente
2278 2744 2344 2793 de
2378 2744 2574 2808 quibus
2609 2757 2771 2793 accu-

1685 2818 1801 2862 rate
1839 2817 2204 2877 exposuerunt
2231 2812 2461 2863 Bohlen:
2502 2814 2615 2863 Das
2655 2811 2769 2860 alte

1682 2881 1874 2931 Indien
1922 2882 1999 2932 11.
2036 2897 2164 2946 pag.
2209 2882 2263 2931 11
2308 2897 2482 2946 seqq.,
2530 2882 2767 2930 Lassen:

1682 2950 1937 3000 Indiscbe
1972 2950 2364 3000 Alterthumsk.
2400 2951 2446 3001 Ι.
2485 2966 2610 3014 pag.
2660 2949 2762 2999 801

1682 3034 1831 3084 seqq.
1906 3019 2059 3069 Haec
2105 3034 2233 3068 vero
2281 3018 2579 3069 similitudo
2623 3017 2767 3067 ordi-

1683 3103 1809 3136 num
1850 3087 1990 3137 inter
2038 3088 2337 3152 Aegyptios
2385 3093 2551 3152 atque
2597 3087 2766 3136 Indos

1683 3156 1789 3205 iam
1826 3161 1990 3206 autea
2026 3158 2172 3206 viros
2210 3157 2401 3206 doctos
2432 3156 2766 3217 adverterat,

1680 3226 1738 3274 in
1764 3240 1960 3275 causas
1987 3230 2153 3290 atque
2190 3226 2426 3289 origines
2461 3225 2616 3274 huius
2655 3225 2767 3274 dis·

1683 3294 1995 3343 tributionis
2026 3294 2387 3358 inquirentes:
2415 3308 2555 3359 quae
2580 3294 2764 3343 omnia

1680 3363 1750 3412 ab
1798 3361 1900 3412 hoc
1940 3363 2206 3413 Herodoti
2249 3363 2370 3413 loco
2425 3378 2546 3412 cum
2582 3362 2768 3412 aliena

1677 3431 1982 3494 videantur,
2011 3431 2256 3495 pluribus
2284 3432 2543 3496 persequi
2569 3446 2678 3481 non
2702 3430 2767 3480 li-

1679 3505 1791 3560 cet:
1841 3500 1951 3550 vid.
2004 3500 2241 3550 Meiners
2288 3501 2344 3549 in
2392 3499 2769 3564 disputatione

1678 3568 1746 3618 de
1782 3584 1960 3620 causs.
2000 3568 2247 3618 ordinum
2295 3586 2341 3621 s.
2389 3575 2663 3619 castarum
2705 3569 2767 3618 in

1672 3638 1925 3703 Aegypto
1952 3642 2005 3687 et
2023 3638 2184 3688 India
2202 3639 2407 3688 inserta
2432 3637 2758 3688 Commentt.

1675 3707 1876 3757 Societ.
1913 3723 2028 3772 reg.
2069 3707 2315 3772 Gotting.
2353 3708 2417 3756 T.
2458 3709 2526 3758 X.
2563 3723 2618 3772 p.
2662 3706 2763 3757 184

1675 3790 1825 3841 seqq.
1853 3776 2019 3839 (conf.
2050 3777 2212 3825 etiam
2240 3777 2419 3826 Neues
2449 3776 2759 3839 Goetting.:

1672 3845 1820 3894 Hist.
1857 3846 2077 3909 Megas.
2119 3846 2163 3895 I.
2201 3844 2303 3895 509
2339 3845 2539 3909 seqq.),
2576 3844 2759 3895 Beck:

1674 3913 1904 3978 Allgem.
1925 3913 2259 3979 Weltgesch.
2298 3913 2343 3963 Ι.
2371 3929 2426 3978 p.
2454 3914 2555 3966 737
2583 3928 2759 3978 seqq.,

1673 3983 1910 4032 Heeren.
1951 3983 2117 4032 Ideen
2163 3987 2270 4033 etc.
2320 3982 2396 4043 11,
2433 3984 2487 4033 2.
2524 3998 2654 4046 pag.
2692 3981 2767 4033 96

1677 4066 1829 4116 seqq.
1873 4053 1969 4101 124
2016 4067 2188 4117 seqq.,
2232 4050 2441 4100 Bohlen
2481 4050 2520 4102 l.
2559 4051 2595 4102 1.
2630 4066 2761 4115 pag.

1677 4119 1741 4170 31
1780 4135 1933 4185 seqq.
1969 4118 2038 4171 38
2074 4135 2229 4185 seqq.
2302 4118 2461 4181 Quod
2498 4120 2570 4169 ad
2619 4119 2767 4170 ordi-

1674 4203 1802 4237 num
1830 4204 2110 4238 numerum
2134 4188 2359 4252 attinet,
2401 4189 2494 4252 qui
2527 4196 2765 4249 septena-

1674 4261 1783 4307 rius
1816 4259 1872 4310 in
1910 4263 2141 4322 utraque
2176 4263 2338 4322 gente
2380 4258 2551 4307 fuisse
2590 4255 2764 4305 tradi-

1673 4330 1788 4391 tur,
1823 4328 2029 4380 numeri
2064 4326 2223 4378 huius
2270 4328 2621 4378 sanctitatem
2662 4324 2766 4375 ali-
