3109 5092
420 251 544 315 792

1275 250 1815 314 HERODOTI

421 422 458 495 ὁ
486 423 751 515 Πέρσης
790 422 1075 514 δεύτερα
1105 423 1426 513 διώρυξε,
1474 432 1592 513 τῆς
1633 431 1840 515 μῆκος
1880 428 2005 515 μέν
2044 429 2181 496 ἐστι
2222 427 2427 508 πλόος
2467 422 2717 517 ἡμέραι

419 531 756 619 τέσσερες,
803 518 1000 618 εὖρος
1043 527 1116 596 δὲ
1164 525 1479 617 ὠρύχθη,
1536 526 1707 598 ὥστε
1749 529 2063 619 τριήρεας
2100 529 2225 600 δύο
2270 533 2504 600 πλέειν
2539 527 2721 618 ὁμυῦ

422 632 971 721 ἐλαστρευμένας.
1047 623 1244 720 ἦκται
1287 633 1364 701 δὲ
1403 629 1535 701 ἀπὸ
1578 638 1701 703 τοῦ
1733 641 1992 703 Νείλου
2022 630 2097 701 τὸ
2138 630 2330 724 ὕδωρ
2361 637 2427 715 ἐς
2456 631 2709 722 αὐτήν·

420 834 694 900 persecuti
734 837 863 882 sunt
909 831 1008 897 (cf.
1053 832 1212 882 modo
1258 832 1512 895 Literary

423 905 653 956 Gazette
692 902 844 953 1835.
884 917 967 952 nr.
1005 901 1133 952 947:
1173 918 1225 966 p.
1267 902 1395 964 167,
1442 916 1513 951 ne

421 974 630 1039 plura),
684 972 890 1021 factum
936 976 1047 1034 est,
1097 979 1157 1021 ut
1198 973 1253 1020 in
1303 971 1510 1021 canalis

421 1044 599 1094 locum
642 1057 789 1092 nnnc
832 1045 1010 1091 strata
1060 1041 1133 1090 sit
1177 1042 1270 1090 via
1317 1041 1510 1103 ferrea,

421 1128 531 1178 qua
565 1112 755 1177 utique
782 1109 1011 1160 celerius
1037 1126 1101 1160 ac
1127 1110 1302 1160 tutius
1330 1126 1363 1159 a
1384 1108 1509 1159 Nilo

420 1182 653 1247 profecti
686 1181 1006 1245 perveniant
1058 1180 1126 1229 ad
1165 1180 1342 1229 sinum
1380 1181 1513 1229 Ara-

419 1252 629 1313 bicum,
682 1248 914 1314 indeque
965 1249 1022 1297 in
1079 1247 1313 1300 Indiam.
1397 1249 1512 1299 Nec

422 1327 603 1369 tamen
659 1317 943 1368 consilium
1000 1317 1103 1367 hoc
1155 1318 1364 1368 canalis
1424 1318 1513 1368 de-

421 1404 527 1439 nuo
597 1386 941 1436 instaurandi
1009 1387 1257 1437 relictum
1322 1386 1509 1448 fuisse,

423 1457 663 1508 ostendit
691 1456 966 1506 decretum
1000 1456 1069 1505 ab
1097 1456 1333 1521 Aegypti
1370 1455 1512 1520 prin-

424 1528 542 1592 cipe
587 1525 740 1589 (Said
787 1523 1037 1590 Pascha)
1077 1525 1164 1576 30.
1203 1526 1341 1575 Nov.
1381 1525 1511 1574 anni

425 1598 558 1648 1854
601 1594 970 1661 publicatum,
1008 1609 1114 1660 quo
1151 1592 1360 1645 canalis
1395 1609 1511 1658 per-

423 1664 666 1715 fodiendi
714 1679 850 1730 opus
886 1665 1218 1730 permittitur
1256 1664 1512 1714 societati

423 1734 700 1786 Gallorum
772 1735 871 1783 sub
950 1735 1113 1784 certis
1188 1731 1512 1798 quibusdam

423 1804 845 1854 conditionibus.
950 1802 1108 1866 Quod
1177 1817 1306 1853 vero
1379 1802 1511 1863 dixi,

422 1876 617 1939 prioris
651 1873 859 1922 canalis
887 1874 1122 1937 vestigia
1159 1872 1336 1922 adhuc
1363 1872 1514 1921 cerni

422 1945 676 2008 virosque
724 1943 915 1993 doctos
958 1941 1095 1992 haec
1140 1943 1268 1992 inde
1322 1957 1356 1990 a
1405 1945 1516 1990 tra-

424 2018 517 2063 ctu
567 2012 792 2064 Suesiae
848 2011 1051 2076 (Sues)
1103 2026 1223 2061 esse
1266 2025 1515 2075 persecu-

424 2087 539 2143 tos,
593 2082 853 2146 probant,
911 2095 1050 2144 quae
1103 2080 1268 2130 babet
1315 2079 1513 2129 Acerbi

424 2153 478 2201 in
523 2150 771 2201 Nouvell.
829 2151 969 2199 Anu.
1033 2149 1127 2198 des
1177 2150 1390 2214 Voyag.
1445 2149 1512 2198 T.

423 2220 606 2270 XVII.
649 2217 843 2282 (1830)
882 2233 934 2282 p.
967 2216 1070 2268 372
1098 2234 1250 2283 seqq.
1286 2223 1339 2267 et
1376 2232 1513 2282 quae

425 2291 532 2338 iam
578 2287 746 2352 priori
798 2292 980 2337 aetate
1041 2290 1250 2337 monuit
1312 2287 1376 2336 de
1430 2286 1514 2336 his

427 2359 668 2420 Savary:
717 2356 979 2406 Zustand.
1021 2357 1075 2406 d.
1114 2355 1211 2407 alt.
1248 2371 1301 2407 u.
1338 2371 1514 2405 neuen

424 2428 658 2490 Aegypt.
695 2426 742 2476 1.
779 2440 831 2490 p.
854 2425 975 2476 326.
1046 2425 1187 2475 Add.
1226 2421 1514 2475 Memoires

426 2497 496 2547 du
521 2497 691 2545 baron
716 2494 782 2544 de
805 2495 938 2545 Tott
959 2510 1051 2545 sur
1073 2494 1150 2544 les
1167 2496 1342 2544 Tui-cs
1370 2493 1516 2556 (Am-

427 2564 595 2615 sterd.
641 2566 794 2626 1774)
830 2566 897 2614 Τ.
936 2565 1045 2615 111.
1082 2581 1135 2629 p.
1179 2565 1305 2626 151,
1344 2565 1514 2614 Ham-

424 2651 536 2685 mer
571 2635 655 2685 in:
693 2634 873 2685 Wien.
900 2634 1134 2686 Jahrbb.
1159 2634 1355 2684 LXVI.
1385 2649 1512 2698 pag.

425 2708 477 2756 5.
523 2704 730 2754 Nostra
757 2709 939 2754 aetate
967 2704 1032 2753 de
1059 2704 1142 2753 bis
1179 2703 1515 2768 scripserunt

425 2774 766 2839 potissimum
793 2773 1121 2823 Wilkinson.
1146 2771 1514 2836 Topography

427 2844 487 2893 of
504 2843 715 2893 Thebes
729 2842 974 2907 Append.
993 2841 1053 2891 C.
1077 2841 1318 2905 pag.585
1339 2856 1513 2905 seqq„

423 2910 648 2961 Russel:
689 2912 888 2974 Egypt.
923 2926 1049 2974 pag.
1081 2912 1176 2959 172
1208 2926 1343 2974 seq.‚
1380 2911 1513 2959 Par-

426 2980 578 3043 they:
620 2978 1027 3042 Wanderungg.
1056 2979 1127 3027 im
1153 2980 1202 3028 N
1207 2977 1359 3028 ilthal
1384 2993 1509 3042 pag.

427 3048 529 3100 532
580 3063 730 3112 seqq.
819 3047 1027 3108 Quibus
1088 3046 1284 3097 addere
1341 3048 1512 3109 iuvat,

427 3133 565 3182 quae
591 3118 675 3165 vir
698 3115 891 3166 doctus
921 3116 1179 3166 disseruit
1203 3117 1282 3166 in:
1324 3116 1514 3178 „Vier-

426 3185 850 3236 teliahrsscbrift
881 3201 963 3235 nr.
991 3187 1056 3235 25
1083 3184 1261 3248 (1844.
1286 3186 1357 3250 I.)
1383 3201 1510 3251 pag.

425 3258 530 3307 274
557 3271 707 3321 seqq.
733 3254 836 3305 hoc
865 3255 965 3304 sub
990 3253 1179 3305 titulo:
1218 3256 1367 3316 „Der
1393 3272 1514 3320 pro-

426 3326 638 3376 iectirte
676 3324 845 3375 Cana]
884 3341 991 3375 von
1025 3325 1233 3385 Suez;“
1281 3331 1337 3375 et
1373 3340 1514 3390 quae

424 3396 730 3461 nuperrime
766 3395 833 3445 de
856 3394 941 3444 his
973 3395 1190 3460 scripsit
1226 3394 1286 3445 C.
1314 3394 1514 3444 Iunker

426 3466 508 3515 in:
546 3464 879 3530 Allgemeine
904 3465 1152 3529 Zeitung.
1185 3464 1335 3514 1855.
1374 3463 1512 3514 Beil.

424 3551 507 3586 nr.
563 3535 644 3585 11.
696 3551 749 3600 p.
803 3534 901 3585 170
938 3550 1084 3599 seq.‚
1143 3535 1190 3584 Ι.
1238 3534 1285 3585 Ι.
1325 3534 1514 3583 Baude

423 3605 507 3654 in:
553 3606 740 3654 Revue
782 3603 847 3653 de
897 3604 1037 3654 deux
1083 3603 1305 3653 mondes
1359 3603 1513 3653 1855.

425 3675 494 3723 Τ.
543 3674 640 3723 ΙΧ.
678 3689 731 3738 p.
777 3672 910 3724 1216
940 3688 1121 3738 seqq.‚
1171 3671 1365 3722 Paulin
1410 3674 1516 3722 Ta-

424 3742 576 3792 labot
616 3742 746 3791 ibid.
785 3742 851 3790 T.
880 3743 949 3794 X.
987 3760 1039 3808 p.
1067 3741 1169 3792 480
1205 3757 1386 3807 seqq.‚
1422 3742 1515 3806 qui

427 3817 482 3861 et
519 3812 634 3874 ipse
673 3811 879 3875 antiqui
917 3811 1124 3862 canalis
1155 3811 1391 3876 vestigia
1429 3826 1516 3860 ac-

426 3883 614 3930 curate
637 3879 859 3950 'indicat
894 3882 976 3944 (p.
1019 3881 1121 3931 496
1158 3878 1371 3946 seqq.),
1421 3880 1512 3929 ad-

426 3950 541 3999 dita
578 3964 775 4013 mappa
818 3949 1185 4013 geographica
1226 3951 1358 3999 haec
1394 3949 1512 4000 illu-

427 4021 664 4079 strante,
700 4018 963 4069 Alexand.
989 4020 1250 4068 Bonneau
1281 4021 1365 4069 in:
1406 4020 1508 4069 Re·

423 4103 529 4138 vue
563 4087 1002 4151 contemporaine
1037 4089 1103 4137 T.
1139 4088 1345 4137 XVIII.
1404 4086 1507 4152 (nr.

425 4160 491 4208 72
529 4157 677 4206 Mars
713 4154 871 4216 1853)
898 4172 952 4221 p.
975 4156 1074 4207 597
1103 4171 1252 4221 seqq.
1280 4162 1335 4207 et
1359 4173 1512 4222 prae-

425 4227 581 4292 cipue
618 4242 669 4309 p.
707 4225 809 4276 612
851 4240 1001 4289 seqq.

493 4287 547 4353 ἐς
587 4310 692 4359 την
718 4285 1012 4359 Ἐρυθρὴν
1044 4285 1364 4359 θάλασσαν]
1426 4295 1510 4345 De

1614 835 1770 884 rubro
1804 835 1934 882 mari
1983 833 2217 886 diximus
2252 834 2323 885 ad
2359 835 2416 897 I,
2464 836 2510 885 1.
2583 835 2711 884 Hoc

1614 904 1733 954 loco
1770 902 2097 969 intelligitur
2121 904 2378 954 Arabicus
2410 906 2575 964 sinus,
2614 905 2713 969 qui

1615 973 1834 1039 proprie
1853 974 2018 1022 maris
2043 974 2193 1023 rubri
2225 974 2536 1038 perhibetur
2557 989 2710 1037 pars.

1615 1043 1774 1093 Conf.
1822 1043 2027 1096 Herod.
2078 1043 2161 1104 11,
2207 1043 2321 1094 159.
2380 1045 2486 1106 IV,
2535 1046 2603 1093 42
2654 1048 2712 1092 et

1615 1110 1842 1163 Rennel.
1878 1111 1915 1161 1.
1949 1110 1987 1160 l.
2025 1128 2151 1177 pag.
2182 1113 2303 1164 462.
2374 1112 2533 1163 Unde
2569 1112 2710 1162 satis

1613 1183 1654 1232 ii
1689 1180 2037 1245 refelluntur,
2080 1182 2172 1247 qui
2199 1182 2536 1232 contendunt
2567 1197 2711 1231 mare

1614 1251 1817 1301 rubrum
1862 1250 2141 1300 Herodoto
2198 1251 2477 1316 cognitum
2535 1251 2710 1302 fuisse

1616 1321 1733 1372 solo
1780 1319 2003 1370 Arabici
2059 1321 2210 1371 sinus
2256 1321 2499 1380 nomine;
2558 1321 2706 1370 conf.

1615 1391 1916 1440 Letronne:
1975 1390 2207 1441 Journal
2263 1389 2317 1440 d.
2368 1391 2497 1441 Sav.
2551 1390 2707 1444 1839.

1615 1475 1743 1525 pag.
1784 1459 1903 1510 435.

1683 1526 1783 1592 τῆς
1829 1524 2008 1591 μῆκσς
2044 1523 2147 1589 μέν
2187 1516 2301 1575 ἐστι
2349 1518 2525 1583 πλόος
2575 1515 2709 1591 ἡμέ-
2764 1562 2770 1567 -

1617 1613 1711 1660 ραι
1742 1594 2038 1661 ’τέσσερες]
2101 1596 2263 1645 Haud
2317 1597 2708 1657 necessarium,

1615 1665 1760 1731 quod
1810 1664 2090 1716 Benedict.
2143 1668 2289 1715 Actt.
2343 1665 2535 1715 semin.
2587 1682 2706 1731 reg.

1616 1736 1769 1800 Lips.
1798 1735 1877 1785 II.
1905 1751 1957 1800 p.
1981 1735 2079 1784 291
2110 1734 2329 1784 coniicit
2357 1726 2468 1783 nzo'
2484 1749 2561 1782 ov
2590 1735 2709 1786 sive

1615 1798 1793 1860 πλόος
1840 1794 2083 1867 ἡμερῶν.
2156 1804 2241 1854 Tu
2277 1804 2422 1854 conf.
2463 1803 2531 1853 de
2566 1809 2710 1853 stru-

1617 1877 1773 1924 ctura
1823 1872 2090 1922 Matthiae
2130 1873 2222 1924 Gr.
2272 1873 2363 1923 Gr.
2414 1888 2539 1937 pag.
2584 1872 2708 1925 794.

1617 1943 1838 1993 Canalis
1861 1941 2254 2006 longitudinem
2280 1942 2574 1992 secuudum
2599 1942 2713 1992 Pli-

1616 2013 1765 2062 nium
1803 2012 1975 2061 fuisse
2010 2011 2202 2061 volunt
2235 2013 2305 2062 62
2336 2010 2711 2061 milliariorum

1617 2082 1734 2131 sive
1792 2081 1891 2146 11}
1941 2079 2309 2130 milliariorum
2363 2080 2713 2131 Germanico-

1617 2166 1754 2200 rum.
1826 2150 1964 2199 Vide
2001 2150 2226 2200 Rennel.
2270 2150 2310 2199 l.
2347 2148 2384 2199 l.
2438 2166 2563 2215 pag.
2604 2149 2711 2202 386

1618 2219 1742 2270 0011.
1795 2219 2064 2268 Mannert.
2122 2219 2319 2284 Geogr.
2388 2218 2440 2268 d.
2496 2220 2588 2270 Gr.
2653 2235 2708 2269 u.

1617 2290 1805 2339 Roem.
1838 2289 1905 2351 X,
1946 2289 1992 2340 1.
2031 2306 2084 2353 p.
2118 2289 2239 2338 510.
2314 2287 2448 2338 Cum
2482 2288 2711 2353 naviga-

1617 2359 1695 2408 tio
1749 2362 1978 2422 quatuor
2035 2358 2239 2407 dierum
2295 2358 2439 2407 iusto
2492 2357 2712 2423 longior

1616 2429 1895 2488 videatur,
1945 2432 2005 2476 ut
2055 2428 2113 2476 in
2162 2443 2269 2491 qua
2320 2431 2529 2476 tantum
2581 2433 2709 2477 octo

1618 2496 1874 2545 milliaria
1908 2495 2106 2560 (lienes)
2151 2511 2257 2546 uno
2297 2496 2386 2546 die
2421 2496 2712 2546 absolvan-

1616 2574 1732 2626 tur,
1784 2566 1865 2614 Le
1899 2564 2038 2615 Pete
2074 2582 2129 2629 p.
2169 2565 2237 2616 60
2285 2566 2511 2626 statuit,
2556 2567 2713 2614 navi-

1616 2636 1891 2700 gationem
1938 2636 2112 2684 rarius
2171 2634 2337 2695 velis,
2394 2635 2713 2699 plerumque

1614 2704 1776 2754 remis
1806 2710 1902 2753 aut
1935 2704 2155 2754 funibus
2190 2704 2499 2753 institutam
2536 2704 2712 2754 fuisse

1616 2773 1811 2824 videri.

1685 2831 1826 2891 ὥστε
1863 2832 2125 2905 τριήρεας
2168 2831 2276 2889 δύο
2314 2871 2383 2880 —-
2419 2829 2711 2905 ἔλαστρευ-
2748 2869 2757 2874 -

1616 2906 1806 2977 μένας]
1859 2900 2143 2972 ἕλαστρεῑν
2178 2909 2324 2960 haud
2375 2910 2600 2960 multum
2638 2911 2711 2960 si-

1617 2980 1966 3045 gnificatione
2017 2979 2198 3028 differt
2252 2995 2285 3028 a
2330 2980 2495 3030 verbo
2550 2971 2711 3028 ἐλαύ-

1618 3064 1768 3114 νειν,
1815 3065 1986 3099 navem
2030 3053 2178 3099 remis
2223 3050 2441 3114 ayitare.
2524 3050 2710 3111 Quare

1615 3119 1966 3181 Eustathius,
2013 3124 2257 3168 nostrum
2304 3118 2487 3168 locum
2535 3119 2708 3182 respi-

1617 3190 1794 3252 ciens,
1841 3187 1945 3238 hoc
1988 3188 2211 3237 verbum
2259 3187 2511 3253 usurpari
2547 3188 2708 3237 docet

1617 3249 1709 3306 ἐπὶ
1779 3253 1928 3305 νεῶν
1983 3246 2409 3319 ἐλαυνομένων,
2482 3258 2553 3307 ad
2614 3256 2708 3308 Ili.

1615 3327 1826 3388 XVIII,
1855 3324 1976 3377 543.
2005 3341 2131 3391 pag.
2160 3326 2313 3388 12¹9,
2340 3329 2425 3387 24,
2448 3326 2521 3376 ad
2549 3342 2709 3392 quem

1618 3396 1847 3447 eundem
1900 3395 2077 3445 locum
2137 3399 2345 3444 veteres
2395 3396 2710 3462 grammati-

1615 3481 1740 3527 cos,
1784 3465 1875 3529 qui
1907 3465 2067 3514 iidem
2113 3467 2387 3530 exponunt
2430 3455 2707 3527 ἐλαύνειν,

1617 3536 1755 3585 citat
1788 3535 1980 3598 Heyne
2026 3534 2190 3585 Obss,
2235 3538 2276 3583 t.
2325 3534 2450 3583 VII.
2494 3550 2546 3600 p.
2582 3536 2702 3585 544.

1617 3603 1774 3668 Apud
1838 3604 2175 3654 Herodotum
2246 3603 2524 3653 invenitur
2587 3594 2709 3652 ἕλα-

1618 3676 1807 3736 στρείν
1844 3673 1986 3722 infra
2028 3686 2240 3738 quoque
2289 3672 2422 3733 VII,
2460 3676 2549 3724 24.
2620 3672 2708 3722 Ad

1617 3746 1993 3807 argumentum
2028 3741 2137 3793 loci
2165 3742 2457 3807 praecipue
2493 3741 2704 3792 consul.

1618 3812 1797 3861 Strab.
1824 3810 1862 3864 1.
1890 3811 1956 3873 1.,
1983 3811 2074 3876 qui
2104 3820 2293 3861 centum
2313 3811 2507 3862 cubitos
2535 3811 2709 3861 latum

1617 3881 1809 3930 scribit
1834 3880 2078 3931 canalem
2118 3880 2452 3945 eundemque
2485 3882 2564 3930 ita
2590 3896 2711 3946 pro-

1615 3951 1869 4013 fundum,
1909 3955 1969 4000 ut
2002 3950 2282 4001 commode
2318 3950 2478 3999 navis
2517 3964 2709 4000 onera-

1615 4020 1697 4068 ria
1742 4035 2017 4083 permeare
2063 4019 2255 4085 possit.
2339 4020 2385 4068 A
2434 4036 2539 4085 quo
2598 4019 2707 4068 dis-

1615 4089 1851 4138 sentiens
1878 4089 2086 4139 Plinius
2113 4097 2301 4139 centum
2333 4089 2496 4151 pedes
2532 4088 2707 4138 latum

1614 4173 1734 4208 esse
1773 4163 1960 4208 narrat
1995 4158 2237 4208 canalem
2270 4163 2324 4208 et
2360 4157 2705 4223 quadraqinta

1614 4227 1958 4292 profundum.
2047 4228 2220 4290 Quam
2270 4226 2543 4278 diversam
2578 4227 2705 4275 lati-

1613 4296 1853 4347 tudinem
1894 4313 1923 4347 e
1962 4297 2181 4347 diversa
2217 4295 2457 4347 locorum
2499 4295 2699 4358 indole,
