3109 5092
513 341 637 403 890
1279 338 1818 403 EXCURSUS
1864 339 1989 400 XV

515 521 707 588 p.487.
746 514 1146 569 Rosenmiiller.
1173 513 1208 566 l.
1239 513 1275 566 l.
1310 512 1383 580 ΙΙ,
1412 519 1464 573 2.
1500 531 1555 582 p.
1572 516 1661 572 99.
1675 519 1912 582 203seq.
1941 512 2186 565 Heereu.
2218 512 2386 566 Ideen
2426 513 2471 581 Ι,
2495 519 2549 573 2.
2582 531 2639 583 p.
2660 517 2787 574 114.

517 604 659 669 ΙΙ,2.
693 620 747 672 p.
766 606 888 660 402.
929 599 1250 652 Dahlmann.
1275 598 1483 652 Herod.
1511 616 1568 667 p.
1586 600 1673 657 75.
1715 596 2041 650 Valckenar.
2071 598 2127 649 in
2160 597 2427 667 peculiari
2460 599 2787 669 scriptione,

516 705 660 759 quae
689 686 900 739 inserta
927 684 1133 751 legitur
1147 683 1430 751 Specimm.
1462 683 1683 736 accadd.
1718 682 1991 753 Frauecq.
2009 685 2164 742 1737.
2182 690 2354 742 nro.2
2384 688 2441 736 et
2461 683 2518 735 in
2535 683 2784 753 Opuscc.

516 772 702 841 (Lips.
736 771 902 837 1808)
936 774 978 823 t.
1011 769 1058 822 Ι.
1107 787 1163 839 p.
1197 774 1297 828 152
1332 786 1490 839 seqq.
1537 766 1792 838 inprimis
1838 785 1897 838 p.
1930 772 2032 826 165
2062 785 2220 838 seqq.
2254 771 2358 828 170
2385 786 2508 839 seq.
2556 776 2613 821 et
2651 778 2785 822 ante

515 855 934 909 Valckenarium
947 853 1296 921 Harenberg.
1326 854 1382 907 in
1396 852 1659 906 Biblioth.
1678 853 1856 905 Brem.
1873 852 1971 902 VI.
1992 853 2127 905 fasc.
2144 852 2217 904 ΙΙ.
2234 857 2583 925 p.282seqq.
2626 852 2782 906 Alias

516 942 745 996 aliorum
775 938 1083 994 sententias
1114 939 1341 1007 praebet
1369 938 1709 1005 wesseling.
1742 937 1797 988 in
1832 942 1946 988 not.
1977 935 2047 989 ad
2074 937 2286 992 Herod.
2314 937 2388 1007 Π,
2405 944 2513 999 159
2538 943 2595 991 et
2623 937 2730 1005 111,
2747 944 2782 997 5

517 1034 575 1079 et
603 1026 795 1093 Heyse
824 1026 1061 1088 Quaest.
1090 1022 1299 1076 Herod.
1317 1023 1361 1075 Ι.
1392 1040 1447 1092 p.
1463 1027 1692 1089 94——96‚
1733 1021 1827 1092 qui
1860 1022 1982 1090 ipse
2011 1020 2067 1073 in
2098 1021 2369 1075 Herodoti
2399 1021 2537 1075 locis
2570 1024 2781 1076 Gazam

516 1111 756 1178 intelligi
786 1111 938 1175 vult3
970 1123 1132 1179 quam
1167 1109 1355 1161 urbem
1385 1107 1519 1159 mari
1550 1107 1844 1176 proximam
1866 1106 1914 1158 si
1948 1105 2194 1159 indicare
2223 1106 2499 1160 voluisset
2523 1107 2779 1160 Herodo-

516 1201 639 1263 tus,
679 1212 782 1249 suo
815 1200 965 1247 certe
996 1193 1194 1261 opinor
1223 1192 1440 1246 nomine
1468 1190 1800 1257 indicasset,
1834 1206 1954 1243 cum
1985 1208 2131 1243 oram
2158 1191 2472 1246 maritimam
2491 1198 2781 1263 totumque

511 1280 664 1334 illum
691 1285 924 1333 tractum
952 1279 1074 1347 ipse
1103 1276 1479 1348 perlustrasse
1509 1276 1750 1346 indeque
1785 1275 2098 1329 accuratius
2138 1276 2470 1344 cognovisse
2498 1276 2780 1346 putandus

514 1366 607 1418 sit.
669 1365 792 1417 Nec
823 1380 1045 1417 moveor
1075 1361 1176 1427 iis,
1221 1379 1364 1434 quae
1399 1361 1706 1429 disputavit
1737 1359 2068 1414 Billerbeck.
2111 1360 2167 1413 in
2200 1360 2336 1414 diss.
2369 1361 2536 1414 Asiae
2564 1361 2778 1416 Herod.

514 1448 727 1502 difficil.
758 1467 814 1518 p.
848 1453 912 1517 7,
958 1445 1051 1498 ubi
1083 1448 1291 1501 Gazam
1324 1447 1512 1498 urbem
1552 1445 1786 1497 indicari
1825 1446 1968 1498 idem
1995 1446 2309 1511 contendit,
2352 1451 2409 1499 et
2438 1462 2582 1517 quae
2621 1454 2779 1515 post-

512 1532 671 1586 modo
707 1532 970 1602 peculiari
1007 1530 1312 1602 scriptione
1350 1529 1618 1582 disseruit
1646 1530 1713 1582 F.
1748 1529 1989 1597 Hitzig.:
2037 1530 2156 1599 „de
2186 1529 2387 1598 Cadyti
2428 1531 2567 1583 urbe
2595 1530 2778 1583 Hero-

514 1619 727 1671 dotea“
771 1616 1028 1685 Gotting.
1078 1620 1241 1681 1829,
1286 1615 1381 1686 qui
1428 1621 1484 1666 et
1524 1615 1648 1684 ipse
1691 1631 1797 1666 non
1842 1614 1952 1667 nisi
1980 1616 2185 1669 Gazam
2215 1615 2303 1666 hic
2345 1615 2579 1683 intelligi
2607 1632 2779 1684 posse

514 1703 774 1773 opinatur
803 1702 1052 1773 adeoque
1072 1700 1439 1770 Herodoteam
1464 1700 1619 1753 urbis
1649 1698 2068 1770 appellationem
2098 1717 2165 1752 ex
2196 1699 2318 1768 ipso
2347 1702 2533 1755 Gazae
2560 1699 2778 1753 nomine

511 1789 811 1841 derivatam
841 1786 979 1839 vult.
1053 1787 1231 1849 Quam
1267 1786 1491 1838 eandem
1523 1784 1852 1839 sententiam
1880 1784 2021 1836 idem
2051 1785 2139 1837 vir
2167 1785 2364 1838 doctus
2394 1785 2577 1838 denuo
2608 1802 2777 1853 expo·

510 1872 626 1926 suit
652 1872 911 1943 tuerique
940 1871 1155 1923 studuit
1180 1871 1269 1923 in:
1298 1869 1699 1939 Urgeschichte
1724 1886 1779 1921 u.
1802 1868 2111 1937 Mytholog.
2143 1867 2431 1922 d.Philist.
2460 1874 2599 1938 p.95
2613 1886 2772 1940 seqq.

509 1956 810 2027 multisque
852 1956 990 2008 adeo
1031 1955 1315 2025 persuasit
1352 1955 1491 2007 viris
1536 1953 1715 2007 doctis
1759 1955 1963 2007 Gazam
2014 1959 2252 2024 utroque
2292 1954 2612 2007 Herod’oteo
2654 1952 2775 2005 loeo

511 2041 749 2109 intelligi
790 2039 1200 2107 statuentibus;
1248 2041 1321 2091 cf.
1353 2039 1601 2092 Klausen
1633 2038 1702 2091 ad
1730 2037 1993 2090 Hecataei
2023 2039 2215 2105 fragm.
2253 2057 2307 2107 p.
2346 2042 2464 2096 115.
2508 2038 2778 2090 Schneid-

510 2126 620 2179 lerz
663 2126 778 2176 Der
806 2124 1136 2192 Untergang
1178 2124 1276 2176 des
1306 2122 1508 2176 Reichs
1538 2124 1683 2176 Juda
1712 2120 1971 2193 (Breslau
2009 2123 2174 2189 1851)
2211 2141 2266 2193 p.
2295 2128 2396 2190 58,
2452 2121 2776 2175 Rawlinson

509 2212 597 2263 in:
641 2207 868 2261 Outline
918 2211 980 2260 of
1011 2208 1104 2260 the
1146 2208 1357 2274 history
1402 2210 1465 2260 of
1500 2206 1733 2273 Assyria
1774 2206 1982 2277 (Lond.
2018 2208 2185 2274 1832)
2226 2225 2281 2276 p.
2315 2213 2382 2266 21
2427 2207 2575 2260 sive:
2615 2208 2700 2259 Io.
2743 2224 2780 2259 a

509 2293 820 2360 Gumpach=
846 2290 1043 2343 Abriss
1058 2292 1111 2343 d.
1129 2291 1396 2357 Babylon.
1415 2292 1611 2357 Assyr.
1631 2290 1960 2343 Geschichte
1974 2309 2029 2361 p.
2044 2296 2134 2356 28,
2157 2291 2411 2344 Thenius
2432 2292 2500 2343 ad
2524 2292 2578 2343 11
2590 2291 2773 2359 Regg.

506 2376 1020 2444 xxl11‚29.p.439.
1053 2374 1264 2427 Ritter=
1301 2375 1608 2427 Erdkunde
1632 2373 1778 2442 XVI,
1798 2382 1845 2433 1.
1870 2392 1925 2442 p.
1943 2377 2028 2434 57.
2089 2375 2311 2437 Quibus
2342 2376 2580 2429 accessit
2606 2376 2777 2428 Stark

506 2463 690 2532 (Gaza
713 2448 784 2528 'p.
813 2464 920 2519 218
948 2458 1165 2530 seqq.),
1209 2476 1316 2510 non
1353 2459 1464 2511 nisi
1495 2459 1701 2511 Gazam
1738 2457 1972 2526 intelligi
2009 2476 2177 2528 posse
2212 2465 2369 2512 ratus
2407 2460 2576 2531 idque
2612 2477 2775 2530 quam

507 2545 733 2599 maxime
771 2544 1030 2598 evincere
1059 2547 1321 2609 conatus3
1367 2561 1506 2614 quas
1536 2560 1671 2595 vero
1702 2544 1950 2595 rationes
1981 2543 2169 2596 attulit
2207 2542 2278 2596 ad
2312 2545 2643 2597 sententiam
2674 2545 2772 2597 fir-

505 2631 776 2690 mandam.
824 2647 919 2682 eas
953 2634 1161 2682 sumtas
1191 2628 1318 2681 mihi
1347 2628 1533 2698 potius
1563 2627 1740 2680 videri
1785 2644 1943 2698 quam
1980 2628 2239 2696 probatas
2269 2628 2384 2680 dixi
2415 2628 2503 2680 in:
2547 2628 2775 2681 Heidel—

505 2718 699 2783 bergg.
734 2714 963 2769 Jahrbb.
999 2718 1135 2774 1853
1163 2733 1219 2784 p.
1253 2717 1361 2773 373
1380 2731 1530 2785 seq„
1579 2729 1759 2784 neque
1805 2728 1940 2764 sane
1980 2728 2302 2784 quemquam
2335 2714 2457 2766 sore
2503 2713 2775 2781 existimo,

508 2801 604 2873 qui
631 2800 1003 2852 Herodoteam
1041 2799 1409 2852 narrationem
1444 2814 1563 2849 cum
1592 2797 1794 2850 Sacrae
1823 2798 2132 2868 scripturae
2173 2798 2506 2851 testimoniis
2550 2799 2597 2849 si
2639 2815 2773 2851 con-

503 2884 749 2938 tenderit
786 2901 889 2937 nec
921 2884 1178 2954 opinione
1218 2882 1596 2953 praeiudicata
1625 2888 1821 2952 captus
1854 2880 1961 2947 sit,
2004 2880 2162 2935 aliam
2207 2884 2395 2936 urbem
2440 2888 2608 2955 atque
2636 2883 2776 2935 Hie—

507 2968 782 3035 rosolyma
828 2986 963 3021 voce
1004 2970 1247 3035 Gadytios
1288 2966 1570 3034 designari
1612 2966 1867 3035 potuisse
1906 2967 2127 3019 credat=
2174 2983 2336 3037 quam
2375 2969 2551 3035 ipsam
2585 2985 2779 3021 vocem

509 3052 606 3123 qui
640 3069 706 3102 ex
742 3052 895 3104 Gaza
923 3056 1187 3119 repetunt
1215 3066 1486 3120 unamque
1515 3051 1653 3103 adeo
1686 3050 2021 3121 eandemque
2048 3052 2414 3120 pronuntiant
2440 3056 2534 3122 (ut
2560 3052 2774 3121 Hitzig,

503 3134 822 3187 Rawlinson
850 3175 864 3201 ‚
905 3134 1057 3201 alii),
1101 3134 1230 3185 mihi
1273 3135 1491 3205 quidem
1534 3134 1954 3204 haudquaquam
1986 3142 2415 3205 persuaserunt3
2460 3154 2526 3190 ac
2554 3136 2775 3189 dubita·

504 3224 639 3273 runt
678 3217 875 3270 Winer
916 3217 1100 3289 (Bibl.
1143 3217 1541 3271 Realwiirterb.
1576 3218 1622 3268 1.
1672 3235 1726 3288 p.
1752 3220 1925 3285 642),
1971 3219 2065 3272 alii
2104 3220 2449 3273 orientalium
2492 3220 2777 3274 literarum

505 3303 689 3375 periti.
766 3302 966 3375 Neque
1005 3300 1488 3373 praetermittenda
1528 3306 1720 3369 eruut,
1768 3319 1910 3373 quae
1950 3302 2044 3356 alii
2080 3303 2182 3356 viri
2221 3303 2369 3357 docti
2399 3304 2775 3374 protulerunt,

502 3387 888 3454 Hierosolyma
917 3387 1005 3440 hic
1032 3388 1194 3441 unice
1214 3386 1450 3454 intelligi
1480 3404 1648 3457 posse
1673 3387 1989 3455 probaturi:
2016 3386 2160 3454 Keil,
2194 3388 2619 3458 Apologetische
2630 3388 2775 3442 Ver-

505 3473 676 3527 suche
717 3473 855 3525 iiber
898 3473 986 3527 die
1014 3472 1233 3526 Biicher
1284 3470 1339 3524 d.
1375 3471 1636 3524 Chronic.
1672 3470 1889 3541 (Berlin
1923 3472 2086 3537 1833)
2123 3490 2178 3541 p.
2207 3476 2314 3531 434
2340 3491 2519 3545 seqq.,
2562 3472 2777 3527 Kalkar

503 3558 541 3610 Ι.
574 3557 611 3609 l.
644 3575 700 3627 p.
736 3563 800 3617 12
831 3575 1008 3628 seqq.,
1053 3557 1350 3610 Hoffmann
1376 3555 1464 3608 in:
1496 3554 1766 3623 Theolog.
1798 3555 2032 3608 Studien
2060 3573 2117 3608 u.
2149 3557 2353 3609 Kritik.
2385 3562 2543 3618 1839.
2574 3576 2629 3626 p.
2663 3562 2776 3619 396

503 3660 692 3714 seqq.,
736 3641 1044 3694 Bertheau=
1087 3642 1201 3693 Zur
1232 3640 1436 3694 Gesch.
1480 3641 1534 3692 d.
1582 3639 1822 3693 Israelit.
1860 3659 1917 3710 p.
1947 3642 2082 3706 378,
2151 3640 2346 3708 Hem-y
2393 3641 2632 3694 Holland
2675 3642 2772 3694 in:

503 3725 905 3779 Transactions
951 3727 1014 3778 of
1039 3725 1132 3776 the
1163 3724 1319 3792 royal
1349 3724 1563 3791 society
1601 3725 1663 3776 of
1698 3723 1901 3776 literat.
1934 3724 2057 3775 Sec.
2090 3724 2277 3778 Series
2312 3725 2386 3777 II.
2420 3744 2476 3795 p.
2508 3729 2577 3784 59
2608 3742 2769 3798 seqq.

501 3809 642 3861 Add.
676 3808 1020 3862 Wilkinson:
1064 3808 1331 3861 Manners
1363 3812 1466 3861 etc.
1501 3807 1546 3859 Ι.
1579 3826 1634 3876 p.
1673 3811 1800 3874 165,
1853 3805 2120 3860 Raumer=
2166 3807 2468 3861 Palaestin.
2515 3827 2569 3877 p.
2601 3814 2636 3868 3
2678 3811 2770 3863 ed.

500 3898 651 3957 tert.,
695 3892 901 3946 Grote=
927 3893 1163 3960 History
1193 3893 1255 3944 of
1273 3893 1504 3944 Greece.
1519 3890 1624 3943 111.
1643 3895 1838 3961 p-438.
1901 3894 2106 3946 Gazam
2136 3890 2367 3961 intelligi
2403 3910 2572 3962 posse
2600 3900 2775 3962 negat

501 3992 722 4049 quoque
751 3977 1116 4039 Quatremere
1147 3975 1408 4047 (Journal
1439 3975 1492 4028 d.
1525 3974 1740 4028 Savans
1773 3978 1925 4036 1846.
1961 3994 2017 4046 p.
2052 3981 2156 4035 415
2194 3977 2373 4048 seq.)‚
2421 3977 2516 4047 qui
2546 3977 2669 4047 ipse
2699 3979 2771 4031 de

501 4060 638 4114 urbe
665 4052 994 4127 Philistaea,
1024 4061 1081 4113 in
1117 4060 1294 4113 sacris
1321 4059 1480 4112 libris
1511 4059 1765 4112 crebrius
1796 4066 2237 4126 commemorata,
2275 4062 2449 4127 Goth,
2491 4078 2635 4132 quae
2664 4062 2771 4115 ali-

500 4150 638 4215 quot
667 4145 918 4197 horarum
948 4144 1127 4213 spatio
1160 4150 1364 4197 remota
1399 4144 1579 4196 fuisse
1609 4143 1811 4196 dicitur
1837 4144 1905 4196 ab
1932 4144 2196 4197 hodierna
2223 4142 2392 4211 Iaffa,
2431 4145 2640 4212 cogitat
2669 4164 2771 4199 ne-

498 4233 704 4299 gatque
743 4245 982 4297 pugnam
1020 4245 1052 4279 a
1081 4228 1309 4280 Necone
1349 4228 1419 4279 ad
1463 4226 1780 4296 Magdolum
1829 4232 2017 4300 (quam
2060 4229 2248 4281 urbem
2279 4246 2453 4298 prope
2484 4227 2772 4283 Pelusium

502 4310 658 4365 sitam
691 4330 819 4364 esse
852 4311 1001 4378 vult)
1032 4311 1396 4378 commissam,
1440 4329 1554 4364 eam
1591 4312 1797 4380 fuisse,
1847 4312 1902 4364 in
1935 4329 2043 4384 qua
2073 4312 2251 4365 Iosias
2281 4330 2380 4365 rex
2423 4313 2770 4383 occubuerit,

496 4395 736 4468 indeque
767 4395 927 4447 etiam
956 4394 1149 4463 Syros,
1190 4411 1332 4466 quos
1360 4395 1602 4465 appellat
1628 4395 1948 4475 Herodotus
1977 4397 2053 4465 ΙΙ,
2085 4400 2206 4462 159,
2252 4414 2361 4449 non
2398 4395 2635 4449 Iudaeos
2666 4378 2797 4452 sed·
