3109 5092
457 319 581 383 578

1322 305 1864 373 HERODOTI

457 520 580 572 νας
628 492 702 560 ἐν
752 495 834 579 τῇ
884 493 1158 560 ἑωυτῶν
1203 489 1468 556 ἕκαστοι
1518 484 1675 555 πόλι
1723 478 2060 550 θάπτουσι
2114 482 2191 548 ἐν
2238 482 2421 567 ἱρῇσι
2459 476 2741 566 θήκῃσι.

462 591 551 675 ὥς
588 595 660 664 δὲ
699 590 919 673 αὕτως
953 599 1104 681 τῇσι
1141 593 1296 660 κυσὶ
1332 594 1400 659 οἰ
1432 587 1730 675 ἰχνευταὶ
1767 582 2166 654 θάπτονται.
2254 579 2370 661 τὰς
2403 581 2477 650 δὲ
2513 607 2737 669 μυγα-

458 753 697 828 έχεσθαι
733 755 829 841 ιιαὶ
872 751 1258 840 πολυχρόνιον
1303 754 1409 808 τοῦ
1445 747 1547 807 σφ’-

461 846 637 898 ματος
676 824 918 909 τήρησιν
978 823 1308 878 θάπτουσιν
1365 818 1426 876 ἐν
1472 819 1546 875 ἴε-

463 904 591 967 ραῖς
609 892 841 965 θήκαις.
895 900 1229 949 Invenerunt
1255 902 1436 947 autem
1456 895 1550 946 do·

463 973 539 1022 cti
587 970 731 1022 Galli
779 969 837 1018 in
883 968 1175 1019 Thebaicia
1228 965 1550 1017 conditoriis

462 1039 662 1091 multas
674 1041 849 1104 felium
864 1038 1111 1089 mumiae.
1160 1036 1284 1087 Vid.
1310 1034 1546 1087 Iomard.

463 1110 499 1161 1.
539 1111 576 1161 l.
616 1116 670 1159 et
705 1114 845 1158 nott.
885 1107 956 1157 ad
989 1107 1066 1170 11,
1104 1107 1193 1159 66.

534 1171 595 1228 ἐν
630 1170 978 1242 Βουβάστι
1015 1144 1170 1240 πόλι]
1192 1177 1276 1224 De
1294 1174 1399 1223 hac
1417 1173 1551 1223 urbe

463 1248 578 1299 vid.
614 1262 780 1311 aupra
823 1246 903 1307 11,
952 1247 1038 1297 60.
1098 1246 1180 1295 Ac
1229 1243 1400 1294 refert
1443 1243 1550 1292 huc

466 1318 615 1367 urbia
651 1331 847 1366 nomen
883 1282 1192 1379 'Stephanus
1213 1313 1552 1378 Byzantinus

466 1387 567 1435 aub
597 1400 740 1447 voc„
780 1383 925 1448 quod
954 1385 1107 1446 selem
1133 1383 1391 1432 denotare
1416 1382 1552 1431 acri-

466 1455 566 1504 bit.
639 1453 872 1503 Dubitat
918 1452 1314 1517 quodammodo
1359 1451 1553 1501 Cham-

465 1522 632 1589 pollio
668 1521 938 1587 (l'Egypt.
974 1536 1102 1571 eous
1132 1519 1170 1571 1.
1193 1522 1356 1571 Phar.
1388 1520 1465 1570 IL
1494 1535 1548 1584 p.

465 1591 588 1658 67),
647 1591 737 1641 cui
778 1607 813 1641 a
868 1590 1088 1641 numine
1132 1589 1403 1655 Aegyptio
1460 1604 1559 1639 uo-

466 1677 591 1712 meu
627 1660 777 1711 urbia
808 1659 1099 1718 deductum
1133 1675 1255 1709 ease
1291 1658 1556 1709 verisimi-

468 1730 577 1782 lius
596 1729 832 1781 videtur.
893 1729 978 1780 Ad
1003 1729 1194 1779 felium
1216 1728 1420 1779 cultum
1438 1742 1556 1792 per-

466 1801 641 1852 tinere
675 1799 919 1860 videtur,
956 1798 1102 1863 quod
1128 1798 1272 1863 apud
1298 1797 1554 1848 Ovidium

466 1871 692 1922 Metam.
730 1869 797 1932 V,
837 1868 941 1920 329
978 1867 1101 1918 coll.
1138 1870 1340 1918 Anton.
1367 1868 1551 1917 Liber.

468 1944 688 1991 metam.
727 1938 840 1990 fab.
884 1938 952 1988 28
997 1936 1259 1987 traditum
1305 1937 1554 2002 legimus,

469 2010 626 2060 deam
665 2009 720 2057 in
753 2021 941 2073 pugna
975 2006 1264 2071 Typhonia
1300 2021 1360 2056 ae
1387 2007 1444 2055 in
1478 2006 1558 2055 fe-

467 2079 564 2129 lim
598 2076 1037 2127 transformasse.

537 2137 639 2203 τὰς
672 2138 737 2194 δὲ
772 2136 953 2201 κύνας
986 2134 1048 2193 ἐν
1076 2140 1146 2209 τῇ
1171 2132 1398 2192 ἑωυτῶν
1430 2136 1556 2193 ἕκα-

472 2227 595 2265 στοι
629 2227 682 2262 ιι.
719 2227 767 2262 τ.
806 2210 876 2278 1.]
915 2211 1092 2262 Canes
1136 2227 1376 2293 quoque,
1427 2227 1559 2278 qua-

469 2298 588 2334 rum
622 2282 732 2331 iam
777 2281 979 2331 mentio
1020 2280 1097 2344 11,
1136 2283 1205 2332 66
1251 2282 1308 2330 in
1351 2280 1465 2344 fin„
1500 2282 1559 2330 in

470 2351 642 2402 uaeris
675 2349 1021 2400 habebantur
1053 2349 1405 2412 animalibus,
1453 2365 1559 2400 uec

470 2419 712 2471 infimum
732 2418 845 2470 illic
875 2419 1219 2484 occupabant
1237 2418 1418 2470 locum
1438 2434 1561 2484 pro·

470 2495 594 2557 pter
644 2490 885 2541 rationes
939 2489 1334 2540 astronomicae
1348 2524 1363 2552 ,
1421 2504 1559 2555 quaa

470 2560 632 2612 modo
657 2560 964 2625 attigimus.
1038 2559 1331 2623 „Proxime
1355 2559 1559 2622 monui,

365 2681 382 2700 ⁸
471 2646 507 2681 a
536 2629 698 2693 colia,
745 2645 842 2695 per
888 2629 1046 2695 signa
1084 2629 1222 2679 coeli
1257 2628 1560 2694 insigniora

472 2700 729 2763 meantia,
766 2714 946 2750 annuo
983 2698 1113 2749 orbe
1135 2700 1240 2749 hac
1263 2698 1320 2748 in
1350 2713 1410 2749 re
1432 2713 1561 2762 peu-

472 2770 601 2822 dere
632 2768 884 2834 plurima.
958 2767 1140 2830 Solem
1175 2773 1355 2819 autem
1382 2769 1560 2833 Aegy·

472 2840 602 2905 ptiia
645 2837 916 2888 Osiridem
970 2837 1176 2888 dictum
1225 2852 1348 2888 ease
1391 2851 1562 2901 supra

472 2904 772 2958 docuimus.
854 2906 978 2955 Hoc
1026 2905 1147 2956 loco
1202 2905 1338 2956 illud
1386 2906 1560 2956 adda-

471 2989 619 3025 mus·
657 2972 926 3023 osiridem
959 2973 1193 3024 solarem
1226 2972 1561 3040 appellatum

473 3057 596 3094 ease
619 3039 855 3105 Σείριον
887 3039 1053 3103 (conf.
1074 3043 1357 3094 Plutarch.
1387 3042 1455 3093 de
1481 3042 1559 3093 Ia.

473 3114 529 3163 et
564 3110 709 3161 Oair.
745 3127 799 3175 p.
838 3108 941 3160 372
985 3126 1032 3162 a.
1081 3111 1183 3162 525
1226 3113 1298 3162 W
1298 3112 1556 3178 yt..tenb)

471 3181 538 3231 In
553 3179 741 3230 eodem
748 3179 893 3231 Sirio
908 3178 1157 3231 habitare
1176 3180 1378 3232 Isidem
1391 3182 1558 3232 etiam

472 3249 744 3300 docebant
776 3250 1032 3313 Aegyptii
1078 3247 1209 3314 (vid.
1252 3251 1561 3316 inscriptio·

473 3334 596 3371 nem
639 3316 785 3383 apud
827 3317 1130 3370 Diodorum
1175 3318 1282 3375 lib.
1337 3321 1385 3370 1.
1432 3335 1555 3386 cap.

472 3391 560 3441 27.
593 3403 719 3454 pag.
755 3385 820 3438 31
856 3387 1182 3455 Wesaeling.
1188 3389 1230 3456 ).
1300 3389 1559 3441 Habebat

473 3463 657 3510 autem
698 3455 948 3578 caninlia
981 3404 1166 3510 binae&
1190 3459 1379 3511 stellas
1423 3475 1558 3525 prae

473 3529 673 3579 ceteris
708 3526 824 3592 sple
903 3527 1048 3592 ‘daa‚
1093 3528 1322 3580 alteram
1366 3530 1424 3579 ιιι
1469 3545 1559 3581 ca

471 3597 613 3664 pite,
647 3612 807 3662 quam
827 3597 1029 3648 laidem
1048 3598 1340 3662 vocabant,
1374 3599 1432 3649 ιιι
1456 3598 1558 3649 1ιιι-

473 3681 583 3732 gua
604 3667 835 3718 alteram
869 3666 997 3718 Sm‘i
1036 3669 1254 3718 nomine
1287 3669 1559 3734 insignem

475 3735 682 3802 (confer
726 3735 1009 3791 Iablonak.
1052 3738 1254 3790 Pauth.
1302 3739 1439 3803 Aeg.
1477 3738 1558 3791 11.

473 3820 600 3870 pag.
639 3807 706 3857 34
742 3807 941 3872 seqq.).
1016 3807 1133 3858 Iam
1170 3821 1326 3858 nemo
1360 3808 1555 3871 nescit,

474 3872 756 3924 caniculae
790 3876 950 3939 quasi
984 3875 1257 3927 dominum
1278 3891 1398 3927 eene
1415 3877 1559 3927 Anu·

473 3942 633 3990 bidem
677 3942 792 3992 aive
829 3943 1166 4008 Mer-cunm»,
1220 3945 1419 3997 canino
1464 3960 1558 3997 ca-

473 4010 587 4075 pite
623 4010 877 4074 imposito
911 4012 1227 4078 notabilem,
1274 4015 1312 4064 i.
1353 4030 1401 4064 e.
1434 4029 1556 4064 eum

474 4076 661 4140 deum,
699 4079 792 4142 qui
825 4078 966 4130 Isidi
1001 4086 1056 4131 et
1082 4082 1287 4133 Ouiridi
1319 4084 1376 4132 in
1412 4084 1562 4133 omni

474 4147 623 4197 vitae
667 4146 884 4196 actione
931 4148 1090 4199 adest
1136 4156 1190 4201 et
1243 4152 1424 4203 necati
1469 4151 1558 4203 dei

471 4229 669 4280 corpus
705 4215 949 4266 studiose
966 4217 1195 4282 inquirit
1212 4235 1276 4271 ac
1299 4222 1403 4271 rite
1428 4236 1560 4272 con-

472 4285 646 4335 ditum
684 4284 756 4334 ad
789 4283 971 4335 Nilum
1007 4286 1201 4339 defert.
1273 4290 1440 4339 Cuius
1477 4292 1558 4338 in-

472 4351 784 4421 qniaitioni·
836 4351 932 4406 fldi
979 4356 1116 4408 socii
1168 4357 1341 4410 fuine
1388 4371 1558 4409 canes

1649 750 1983 801 ferebantur.
2056 749 2121 799 In
2158 749 2276 799 eiua
2309 748 2391 799 rei
2424 748 2745 798 memoriam

1651 821 1707 870 in
1742 820 1910 871 laidis
1958 819 2049 869 die
2094 819 2238 869 festo
2282 833 2537 884 pompam
2581 816 2745 867 duce-

1651 890 1786 940 bant
1820 903 2016 952 canee,
2051 889 2136 938 uti
2170 888 2352 954 prodit
2385 888 2618 938 Diodor.
2656 887 2744 937 Si-

1650 958 1760 1010 cul.
1798 958 1846 1010 1.
1883 973 2006 1024 cap.
2039 957 2130 1009 87.
2199 958 2280 1008 Ac
2332 958 2447 1009 Nili
2492 971 2744 1007 crescen-

1651 1030 1724 1080 tis
1761 1034 1816 1079 et
1852 1042 2103 1079 annonae
2136 1027 2314 1078 felicia
2350 1027 2453 1078 aba
2486 1025 2745 1076 Anubide

1652 1098 1882 1163 auguria
1938 1112 2134 1162 capere
2191 1097 2443 1147 solebant
2487 1094 2745 1146 sacerdo-

1654 1175 1758 1219 tes.
1842 1168 2025 1219 Siriua‘
2064 1168 2288 1233 eiusque
2332 1180 2553 1231 praeces
2605 1166 2746 1215 deua

1654 1238 1897 1289 universi
1930 1238 2060 1287 anni
2103 1238 2328 1288 nuntius
2371 1241 2457 1287 eat
2499 1235 2744 1285 habitus.

1653 1308 1736 1358 Ab
1786 1324 1851 1358 eo
1897 1307 2067 1372 igitur
2111 1306 2243 1370 deo,
2290 1306 2411 1372 qui,
2470 1310 2745 1370 quatenus

1654 1384 1835 1427 mente
1862 1391 1966 1427 aua
2000 1375 2314 1427 moderatur
2338 1375 2600 1426 inferiora
2632 1389 2745 1424 om-

1652 1448 1780 1510 nia,
1820 1445 2279 1497 Thoth-Hermea
2316 1444 2525 1508 dictus,
2575 1444 2747 1510 igitur

1652 1517 1723 1565 ab
1771 1531 1834 1566 ee
1874 1515 2140 1581 quidquid
2182 1516 2404 1566 luminis
2450 1515 2487 1564 i.
2530 1529 2579 1565 e.
2615 1529 2746 1564 cou-

1658 1585 1770 1634 ailii
1810 1585 2113 1651 salutisque
2156 1586 2214 1635 in
2256 1584 2457 1648 solem,
2506 1589 2671 1649 atque
2707 1598 2750 1635 a.

1657 1654 1775 1704 sole
1808 1656 1866 1704 in
1912 1654 2123 1717 lunam,
2169 1655 2402 1720 indeque
2453 1668 2642 1703 rursus
2683 1653 2745 1701 in

1658 1729 1859 1774 terram
1894 1724 2149 1787 defluxit,
2198 1725 2255 1774 id
2293 1723 2584 1789 quotannis
2620 1728 2747 1772 tau·

1657 1808 1820 1858 quam
1852 1809 1920 1843 ex
1957 1794 2210 1859 primario
2264 1794 2417 1843 sonte
2449 1793 2743 1857 repetitum

1656 1863 1738 1912 ita
1774 1867 1976 1926 tamen,
2013 1864 2106 1914 ιιι
2090 1878 2207 1928 ipse
2228 1879 2367 1929 quae
2390 1862 2588 1913 mentia
2616 1868 2747 1911 aunt

1656 1932 1957 2013 impertiat,
1997 1948 2138 1998 quae
2159 1933 2217 1982 in
2245 1932 2618 1983 communibus
2650 1930 2747 1980 bo-

1658 2001 1743 2051 nia
1781 2007 2097 2065 censentur,
2137 2017 2204 2052 ea
2237 2003 2420 2053 omnia
2452 2001 2617 2051 Isidis
2658 2016 2747 2049 ar·

1657 2070 1822 2121 bitrio
1841 2077 2008 2136 atque
2031 2071 2265 2122 Osiridis
2290 2073 2403 2122 aint
2431 2071 2744 2121 commissa.

1659 2138 1858 2205 Itaque
1903 2141 2045 2191 idem
2088 2140 2184 2192 ille
2240 2142 2471 2192 latrator
2511 2140 2745 2202 Anubin,

1658 2208 1717 2258 ιιι
1764 2209 1903 2260 coeli
1947 2210 2172 2275 fastigio
2218 2224 2285 2261 ac
2327 2210 2487 2276 quasi
2520 2208 2747 2275 specula

1657 2276 1899 2342 locatus,
1959 2280 2265 2345 sagacitate
2318 2295 2423 2330 aua
2446 2273 2749 2356 praecellit

1659 2347 1898 2430 reliquas
1934 2348 2142 2400 bestias
2191 2365 2408 2414 omnes,
2446 2345 2614 2402 velut
2658 2364 2746 2398 aa·

1660 2418 1954 2498 gaciaeima
1988 2418 2167 2468 bestia
2200 2421 2372 2470 canis.
2379 2420 2414 2445 ‘⁴
2488 2419 2744 2470 Creuzer.

1659 2487 1718 2535 ιιι
1742 2487 1947 2538 Comm.
1986 2488 2227 2540 Herodd.
2267 2504 2323 2554 p.
2367 2488 2468 2539 149
2487 2504 2600 2555 aeq.
2659 2489 2746 2538 De

1660 2554 1865 2606 honore
1908 2572 2082 2606 canum
2126 2557 2271 2624 apud
2322 2559 2621 2625 Aegyptios
2667 2559 2744 2607 cf.

1659 2624 1938 2676 Plutarch.
1990 2626 2057 2677 de
2103 2627 2182 2679 Is.
2220 2633 2276 2679 et
2312 2627 2458 2678 Oair.
2495 2645 2615 2693 cap.
2652 2630 2743 2677 44.

1659 2710 1715 2759 p.
1751 2694 1854 2746 368
1887 2696 1934 2745 P
1970 2701 2025 2746 et
2055 2697 2284 2750 Diodor.
2322 2696 2359 2751 l.
2402 2697 2471 2760 l.,
2516 2695 2746 2752 windu-

1660 2778 1779 2815 ιοιι.
1816 2765 2073 2815 Manners
2121 2771 2227 2817 etc.
2274 2782 2387 2818 sec.
2426 2781 2530 2818 aer.
2568 2766 2644 2817 11.
2686 2779 2741 2831 p.

1664 2832 1767 2884 138
1781 2848 1955 2900 seqq„
1981 2835 2074 2900 qui
2098 2835 2403 2890 Anubidem
2420 2837 2530 2890 huc
2553 2836 2745 2887 referri

1660 2917 1824 2967 posse
1857 2909 2052 2968 negat,
2102 2920 2213 2956 nou
2238 2908 2410 2968 ‚canis
2461 2906 2560 2960 sed
2592 2904 2749 2956 acha-

1661 2971 1770 3021 cali
1805 2974 1987 3037 capite
2007 2974 2365 3038 instructum,
2398 2975 2508 3024 nisi
2542 2979 2748 3025 utram-

1660 3056 1767 3105 que
1802 3041 2037 3096 beatiam
2071 3044 2143 3098 nd
2175 3044 2320 3095 idem
2344 3060 2539 3096 cauum
2573 3058 2747 3110 genua

1658 3111 1860 3161 referre
1899 3112 2075 3163 malis.
2146 3113 2262 3172 Nec
2309 3115 2531 3177 mirum,
2574 3112 2751 3163 multa

1661 3194 1856 3231 canum
1889 3182 2163 3233 cadavera
2198 3183 2338 3234 bene
2382 3183 2653 3234 medioata
2690 3184 2748 3232 iu

1661 3251 1869 3315 cryptis
1883 3251 2052 3302 fuisse
2066 3258 2297 3317 reperta.
2358 3251 2485 3304 vid.
2507 3250 2746 3302 Iomard.

1660 3318 1698 3369 l.
1740 3319 1776 3370 l.
1826 3325 1881 3370 et
1928 3319 2085 3385 plura
2132 3322 2279 3388 apud
2322 3321 2640 3374 Reinhardt.
2688 3320 2748 3370 ιιι

1664 3389 1796 3440 diss.
1834 3388 1982 3440 laud.
2020 3406 2074 3455 p.
2114 3392 2182 3443 15
2219 3406 2353 3456 seq„
2414 3390 2745 3441 Wilkinson.

1658 3457 1697 3510 l.
1734 3458 1772 3509 l.
1810 3474 1937 3524 pag.
1981 3461 2097 3512 141.
2161 3459 2321 3526 Apud
2354 3461 2585 3511 Latinos
2618 3459 2750 3509 hinc

1660 3528 1933 3579 invenitur
1966 3531 2191 3581 latrator
2227 3531 2440 3595 Απιιῠίε,
2478 3534 2543 3580 ut
2560 3535 2750 3580 monet

1659 3598 1986 3650 LarcheruS.

1731 3658 1809 3725 ὥς
1843 3661 1907 3717 δὲ
1941 3655 2196 3724 αὕτωςτ
2241 3679 2294 3716 σι
2318 3665 2449 3717 κυσὶ
2473 3660 2534 3715 οἴ
2559 3662 2747 3732 ἰχνευ-

1660 3732 1753 3786 ταὶ
1803 3729 2153 3801 θάπτονται]
2217 3733 2448 3801 χνευταὶ
2481 3743 2610 3787 eunt
2643 3734 2749 3785 ich·

1659 3821 1944 3868 namanes,
1981 3806 2063 3857 uti
2084 3805 2430 3871 appellantur
2445 3805 2593 3870 apud
2617 3805 2750 3855 Dio-

1660 3875 1778 3928 dor.
1825 3875 1994 3928 Sicul.
2038 3875 2084 3935 1,
2130 3875 2218 3926 83.
2290 3875 2432 3927 Add.
2482 3875 2747 3927 Nicandr.

1658 3944 1823 3996 Ther.
1862 3946 1927 4008 V,
1978 3945 2078 3996 195
2111 3948 2167 3994 et
2196 3943 2435 4009 Hesych.
2473 3959 2519 3996 s.
2552 3961 2607 3996 ν.
2660 3945 2748 3994 De

1657 4014 1779 4078 ipsa
1812 4009 2019 4076 bestia,
2058 4028 2198 4079 quae
2221 4012 2509 4064 crocodilis
2543 4013 2752 4063 infesta

1658 4082 1886 4147 dicitur,
1921 4081 2078 4146 plura
2114 4088 2342 4133 narrant
2367 4082 2641 4133 Diodorus
2663 4082 2750 4132 Si—

1660 4150 1851 4213 oul.1,
1904 4151 1993 4205 87.
2037 4150 2250 4203 Aelian.
2301 4152 2375 4204 Η.
2420 4154 2490 4204 A.
2536 4151 2633 4214 vl,
2679 4150 2750 4202 38

1660 4225 1716 4270 et
1750 4220 1859 4285 111,
1896 4224 1982 4272 22.
2054 4220 2198 4271 Plin.
2236 4221 2309 4271 H.
2342 4221 2413 4273 Ν.
2462 4221 2622 4283 VIII,
2657 4220 2747 4272 34.

1657 4288 1825 4340 Plura
1858 4290 2013 4340 dabit
2060 4289 2394 4343 Wilkineou.
2441 4290 2479 4340 l.
2530 4289 2571 4341 1.
2618 4304 2745 4354 pag.

1661 4358 1761 4409 15⁴
1796 4372 1912 4426 neq.
1987 4357 2331 4423 „Pharaonis
2375 4371 2497 4410 mua
2533 4371 2749 4426 quoque
