3109 5092
446 364 566 426 172

1308 367 1848 427 HERODOTI

442 541 834 632 κατήσθιον.
892 535 1109 609 ἰδόντι
1139 538 1214 608 δὲ
1241 544 1440 609 τοῦτο
1473 546 1780 634 Κροίσῳ,
1823 535 2050 631 ὥσπερ
2078 541 2190 608 καὶ
2224 530 2312 628 ἦν
2332 592 2349 626 ,
2389 545 2576 624 ἔδοξε
2607 544 2714 612 τέ-

443 674 564 735 ρας
605 643 798 715 δῖναι·
873 639 1115 713 αὐτίκα
1157 643 1232 712 δὲ
1284 649 1537 732 ἔπεμπε
1577 642 2006 732 θεοπρόπους
2047 645 2113 724 ές
2165 649 2305 714 τῶν
2345 647 2718 734 ἐξηγητέων
2735 664 2808 720 39
2899 679 2906 685 ·

455 750 914 840 Τελμησσέων.
976 743 1436 836 ἀπικομένοισι
1482 747 1555 817 δὲ
1599 763 1769 817 τοῖσι
1797 746 2240 835 θεοπρόποισι
2281 750 2391 818 καὶ
2418 754 2719 837 μαθοῦσι.

443 850 608 942 πρὸς
659 852 1131 939 Τελμησσέων,
1190 848 1265 919 τὸ
1300 853 1491 920 θέλει
1530 857 1889 940 σημαίνειν
1927 847 2002 919 τὸ
2040 851 2268 938 τέρας,
2325 848 2451 921 οὐκ
2501 856 2715 939 ἐξεγέ-

443 984 596 1027 νετο
628 963 897 1046 Κροίσῳ
925 948 1347 1041 ἀπαγγεῖλαι.
1417 956 1581 1042 πρὶν
1610 952 1737 1045 γὰρ
1773 948 1816 1043 ἢ
1845 950 2059 1023 ὀπίσω
2087 958 2298 1042 σφέας
2324 953 2720 1025 ἀναπλῶσαι

442 1062 509 1142 ές
560 1058 680 1140 τὰς
731 1056 1021 1145 Σάρδις,
1076 1054 1215 1145 ἥλω
1268 1052 1305 1125 ὃ
1343 1066 1655 1146 Κροῖσος.
1773 1059 2184 1147 Τελμησσέες
2235 1060 2361 1147 μέν
2406 1086 2507 1128 τοι
2560 1060 2720 1128 τάδε

442 1170 783 1252 ἔγνωσαν,
834 1157 1121 1248 στρατὸν
1158 1150 1542 1250 ἆλλόθροᾶν
1583 1160 2039 1252 προσδόκιμον
2079 1160 2254 1231 εἶναι
2298 1169 2571 1256 Κροίσῳ
2611 1164 2722 1232 ἐπὶ

445 1369 697 1414 vertunt:
753 1375 918 1428 „quos
969 1363 1107 1426 equi,
1173 1369 1227 1410 ut
1279 1362 1537 1426 adparue-

443 1442 579 1489 rarat,
603 1435 781 1483 omisso
803 1438 1037 1483 consueto
1054 1430 1260 1494 pabulo,
1292 1432 1537 1497 frequen-

444 1513 519 1554 tes
577 1500 973 1568 deqlutiebant,“
1034 1501 1229 1550 minus⁴
1281 1507 1536 1553 accurate

442 1572 811 1623 Herodoteam
868 1570 1202 1620 sententiam
1273 1570 1354 1621 illi
1418 1572 1536 1622 red-

444 1643 610 1704 dunt,
660 1656 798 1707 quae
853 1639 983 1691 talis
1032 1640 1146 1690 fere
1193 1644 1302 1690 est:
1362 1645 1534 1706 ‚,equi,

443 1715 752 1779 neqliyentes
781 1711 932 1775 pasci
967 1709 1156 1774 pabulo
1194 1718 1427 1761 consueto
1465 1710 1534 1772 (s.

444 1784 501 1833 in
531 1782 667 1833 locis
693 1778 1011 1846 consuetis),
1048 1780 1406 1844 adgredientes
1430 1780 1532 1842 (sc.

444 1849 784 1913 suburbana)
832 1851 947 1900 illos
995 1847 1321 1916 (serpentes)
1360 1851 1533 1915 deglu-

442 1924 693 1985 tiebant,“
732 1921 865 1981 sive,
914 1923 978 1970 ut
1025 1919 1278 1970 Dindorf.
1328 1919 1532 1969 reddit:

446 2008 621 2058 „quos
659 1991 785 2056 equi
830 1994 893 2040 ut
936 1992 1329 2054 apparuerunt,
1377 1990 1536 2039 omis-

445 2064 523 2112 sis
573 2062 791 2126 pascuis
850 2059 1157 2121 consuetis,
1210 2058 1534 2110 accedentes

446 2128 880 2196 deglutiebant.“
939 2127 1181 2179 Genitivi
1239 2124 1537 2191 φανέντων

445 2194 509 2250 δὲ
543 2191 733 2248 αὐτῶν
768 2199 834 2248 iis
871 2197 1074 2248 similes
1110 2202 1266 2260 sunt,
1319 2198 1384 2247 de
1422 2199 1537 2264 qui-

445 2270 546 2320 bus
584 2282 747 2334 supra
794 2267 863 2317 ad
901 2268 948 2327 I,
987 2267 1037 2319 3.
1076 2267 1326 2317 diximus.

516 2328 571 2394 ές
612 2335 727 2386 τῶν
780 2326 1095 2401 ἐξηγητέων
1145 2333 1535 2402 Τελμησσέων]

447 2407 619 2459 Aldus
658 2406 885 2457 dederat
933 2397 988 2464 ές
1034 2398 1168 2462 τοὺς
1218 2396 1536 2469 ἐξηγητέας,

448 2493 605 2544 quem
644 2476 802 2527 multi
838 2476 963 2527 dein
996 2477 1173 2526 secuti
1208 2480 1355 2526 sunt.
1404 2474 1537 2525 Cum

448 2563 578 2599 vero
624 2547 749 2597 libri
791 2561 935 2598 nunc
983 2545 1169 2599 collati
1219 2545 1448 2596 offerant
1485 2535 1540 2602 ἐς

445 2615 562 2667 τῶν
598 2606 931 2682 ἐξηγητέων,
973 2631 1093 2666 cum
1125 2614 1437 2667 Gaissordio
1460 2630 1541 2664 re-

446 2703 650 2754 ponere
684 2703 795 2738 non
829 2686 1095 2743 dubitavi,
1114 2686 1379 2750 probante
1412 2700 1543 2748 quo-

446 2773 553 2824 que
585 2771 810 2808 censore
840 2757 894 2806 in
932 2756 1196 2807 Ien.Litt.
1225 2754 1539 2806 zeit.18·28.

448 2829 686 2893 Ergiinz.
724 2825 810 2877 Bl.
849 2842 933 2877 nr.
972 2827 1058 2876 45.
1086 2841 1213 2890 pag.
1243 2825 1362 2876 349.
1400 2823 1541 2874 Bek-

447 2897 613 2946 kerus
651 2894 800 2945 dedit
835 2886 1127 2959 ἐξηγητὰς,
1167 2896 1312 2957 quod
1347 2893 1540 2959 proba-

448 2966 531 3014 vit
566 2964 800 3015 Bredov.
839 2980 890 3029 p.
934 2966 1058 3014 224.
1095 2964 1216 3013 Erit
1244 2968 1423 3013 autem
1449 2978 1540 3027 ge-

448 3034 652 3084 nitivus
709 3032 896 3083 eodem
950 3032 1112 3083 modo
1164 3032 1535 3098 explicandae,

450 3119 556 3169 quo
577 3116 742 3165 supra
774 3101 819 3163 Ι,
852 3100 919 3150 35
954 3092 1012 3151 ἐν
1034 3099 1306 3160 Κροίσου,
1335 3101 1534 3151 Matth.

451 3172 543 3223 Gr.
594 3171 689 3222 Gr.
746 3172 797 3233 §-
851 3170 939 3234 91,
993 3172 1012 3221 l
1067 3169 1259 3220 laudat
1311 3186 1375 3221 ex
1435 3170 1538 3220 hoc

447 3241 569 3292 loco
606 3232 937 3304 ἕξηγητέας,
975 3255 1300 3306 quamquam
1339 3241 1394 3289 in
1429 3240 1537 3290 He-

449 3311 629 3362 rodoti
667 3310 905 3362 editione
953 3310 1071 3375 ipse
1122 3308 1295 3359 edidit
1341 3301 1536 3373 ἐξηγη-

448 3378 607 3431 τέων.
645 3411 715 3421 -
749 3371 1054 3443 Ἐξηγηταὶ
1098 3378 1202 3429 hoc
1245 3378 1367 3430 loco
1407 3382 1539 3429 sunt

448 3450 767 3515 (interprete
820 3448 1142 3500 Ruhnkenio
1196 3450 1264 3499 ad
1328 3448 1540 3499 Timaei

448 3523 583 3572 Lex.
620 3519 765 3571 Plat.
804 3535 929 3584 pag.
974 3517 1138 3581 110),
1164 3519 1255 3584 qui
1292 3522 1540 3569 monstra

449 3595 501 3641 et
538 3590 785 3656 prodigia
822 3592 1129 3653 procurent,
1179 3589 1317 3639 ritus
1362 3590 1419 3638 in
1454 3604 1539 3638 sa-

448 3661 556 3711 cris
595 3660 874 3710 observari
912 3659 1105 3710 solitos
1142 3659 1394 3721 doceant,
1425 3659 1538 3723 pia-

447 3729 568 3780 culo
584 3729 846 3779 obnoxios
859 3730 1079 3793 expient
1107 3727 1323 3793 aliaque
1349 3732 1535 3793 agant,

447 3814 587 3863 quae
650 3797 718 3847 ad
778 3813 1055 3849 sacrorum
1110 3796 1537 3848 administratio-

446 3883 567 3917 nem
605 3866 1007 3932 religionesque
1042 3868 1343 3917 servandas
1372 3866 1536 3932 perti-

445 3939 632 3986 neant.
676 3935 836 3986 Unde
881 3935 1070 3986 Cicero
1107 3934 1199 3998 (de
1243 3938 1414 4001 Legg.
1460 3936 1534 3998 ΙΙ,

445 4004 558 4065 26.)
621 4006 910 4068 religionum
971 4007 1277 4066 interpretes
1348 4010 1532 4056 vocat.

445 4074 612 4125 Plura
650 4073 936 4123 Ruhnken.
982 4072 1019 4124 l.
1058 4071 1093 4123 l.
1135 4074 1357 4124 Retinui
1399 4073 1533 4122 Τελ-

444 4138 722 4262 witz.
739 4140 1533 4276 “asfaxat'135'5332350‘3

442 4280 889 4343 inscriptionibus
931 4280 1190 4344 probatur
1230 4280 1328 4343 (cf.
1367 4280 1531 4346 Corp.

443 4350 722 4415 Inscriptt.
738 4350 930 4401 Graec.
956 4350 1060 4399 111.
1090 4365 1171 4401 nr.
1189 4349 1341 4400 4108.
1370 4352 1527 4404 4207.

445 4420 499 4472 8.
531 4420 616 4471 11.
659 4418 787 4486 15.).
853 4419 1050 4470 Aldina
1091 4419 1248 4473 affert
1298 4419 1528 4484 Τελμισ-

1639 1360 1800 1423 σέων,
1840 1377 1980 1412 unus
2025 1360 2162 1413 liber
2211 1361 2557 1427 Τελμισέωνς
2594 1364 2727 1413 Din-

1640 1434 1767 1483 dors
1797 1436 1852 1481 et
1877 1431 2106 1482 Dietsch
2135 1430 2483 1498 Τελμησέων.
2520 1432 2629 1482 Sed
2664 1431 2726 1482 li-

1640 1507 1760 1553 tera
1797 1501 1848 1567 ff,
1900 1502 1946 1550 si
1997 1502 2127 1567 quid
2181 1503 2370 1565 video,
2421 1503 2477 1551 in
2521 1503 2725 1553 talibus

1639 1570 1968 1637 geminanda
2007 1576 2117 1622 est:
2168 1573 2281 1624 vid.
2328 1573 2394 1623 G.
2445 1571 2725 1622 Hermann

1640 1642 1695 1692 in
1747 1640 1964 1692 Annall.
2026 1642 2221 1692 Vienn.
2289 1643 2433 1692 LIX.
2492 1658 2547 1707 p.
2600 1642 2722 1693 200.

1638 1711 1871 1762 BredoV.
1907 1726 1961 1775 p.
2000 1709 2088 1761 96.
2132 1711 2408 1762 Telmessus
2434 1712 2583 1774 urbs,
2610 1713 2727 1763 sive

1644 1781 1929 1841 Telmissus,
1969 1779 2036 1830 de
2060 1796 2169 1846 qua
2197 1781 2395 1832 Strabo
2421 1781 2568 1831 XIV.
2597 1798 2724 1847 pag.

1638 1852 1760 1912 081,
1817 1852 2082 1913 Pompon.
2142 1849 2288 1900 Mela
2345 1850 2391 1912 Ι,
2456 1851 2539 1900 15.
2593 1849 2643 1912 ἓ.
2695 1853 2727 1904 3

1638 1920 1770 1985 ibiq.
1811 1918 2154 1983 Tzschuck.,
2191 1920 2401 1970 Plinius
2437 1920 2511 1972 H.
2551 1921 2620 1971 N.
2659 1922 2725 1983 V,

1639 1989 1725 2040 28.
1762 1992 1813 2053 9.
1855 1989 1971 2039 102.
2009 1988 2129 2049 (ubi
2174 1989 2423 2040 Telmesus
2455 2005 2599 2041 nunc
2619 1991 2729 2040 edi-

1638 2061 1782 2124 tur),
1818 2059 2032 2109 Arrian.
2069 2060 2325 2123 Expedit.
2361 2058 2513 2110 Alex.
2556 2061 2602 2121 1,
2639 2063 2724 2111 24.

1638 2129 1716 2190 II,
1755 2128 1826 2191 3.,
1855 2127 2063 2192 Lyciae
2099 2133 2185 2178 est
2203 2129 2333 2179 urbs
2363 2129 2728 2193 celeberrima,

1640 2198 1807 2263 probe
1844 2197 2233 2262 distinguenda
2269 2199 2339 2250 ab
2378 2215 2461 2261 ea,
2500 2215 2640 2264 quae
2674 2201 2730 2249 in

1640 2267 1850 2318 Pisidia
1887 2264 1996 2317 sita
2031 2273 2148 2318 erat
2184 2268 2313 2319 urbs
2349 2269 2652 2320 Telmissus
2681 2286 2727 2320 s.

1641 2337 1976 2398 Tei-missus,
2033 2352 2194 2400 quam
2266 2343 2532 2389 memorat
2588 2340 2732 2390 idem

1642 2407 1905 2456 Arrianus
1944 2406 1990 2467 Ι,
2029 2408 2116 2456 27.
2189 2406 2344 2458 Illius
2385 2409 2637 2459 Telmissi
2674 2410 2731 2459 in

1643 2475 1926 2526 ruderibus
1961 2490 2106 2526 nunc
2141 2476 2396 2542 oppidum
2434 2478 2613 2530 Macri
2645 2495 2733 2529 ex-

1643 2549 1910 2596 structum
1948 2548 2051 2606 est,
2100 2546 2192 2596 ubi
2236 2547 2485 2598 immensi
2532 2548 2734 2599 theatri

1643 2616 1800 2664 ruina
1847 2615 2024 2665 adbuc
2079 2617 2440 2681 conspicitur,
2495 2619 2733 2685 itemque

1644 2684 1896 2749 sepulcra
1918 2685 1975 2733 in
2012 2685 2239 2748 rupibus
2264 2687 2448 2737 excisa
2471 2692 2526 2738 et
2543 2689 2733 2738 Perse-

1642 2754 1899 2820 politanis
1938 2753 2155 2805 similia.
2217 2757 2302 2807 De
2336 2758 2531 2821 quibus
2561 2756 2736 2807 multa

1643 2829 1870 2875 narrant
1908 2827 2128 2875 nostrae
2174 2827 2376 2875 aetatis
2424 2829 2734 2892 peregrina-

1643 2898 1807 2944 tores.
1866 2895 1953 2943 Tu
2005 2893 2118 2944 vid.
2169 2894 2292 2945 Van
2344 2896 2438 2945 der
2484 2896 2628 2962 bes
2673 2897 2732 2947 in

1644 2963 2008 3014 Commentar.
2058 2964 2356 3028 geograph.
2405 2965 2478 3015 ad
2514 2966 2731 3018 Arrian.

1643 3030 1921 3097 (Lugdun.
1940 3033 2066 3084 Bat.
2085 3031 2247 3095 1828)
2263 3049 2388 3100 pag.
2410 3035 2495 3087 31.
2536 3034 2733 3087 Clarke

1642 3101 1871 3152 Travels
1907 3100 1984 3163 11,
2032 3104 2075 3152 1.
2103 3118 2157 3166 p.
2179 3104 2282 3154 222
2309 3119 2421 3169 seq.
2458 3105 2558 3157 234
2579 3121 2728 3170 seqq.
2784 3146 2792 3153 .

1642 3176 1699 3221 et
1735 3171 2023 3238 praecipue
2069 3171 2329 3223 Fellows:
2377 3174 2512 3225 Asia
2558 3175 2733 3225 minor

1641 3258 1694 3306 p.
1733 3241 1836 3293 243
1868 3256 2019 3305 seqq.
2076 3242 2251 3306 Lycia
2285 3258 2410 3307 pag.
2465 3244 2582 3295 106.
2631 3244 2734 3294 Te-

1643 3311 1757 3360 xier
1813 3310 2086 3375 Descript.
2142 3312 2207 3362 de
2262 3311 2429 3362 l'Asie
2483 3315 2609 3364 min.
2664 3315 2730 3366 T.

1642 3380 1749 3431 111.
1797 3396 1850 3445 p.
1902 3378 2003 3430 186
2049 3395 2198 3446 seqq.
2249 3380 2334 3431 Pl.
2390 3381 2730 3435 166—178.

1639 3451 1811 3501 Ross:
1869 3447 2183 3500 Kleinasien
2243 3465 2300 3502 u.
2355 3452 2731 3503 Deutschland

1640 3534 1697 3583 p.
1748 3521 1814 3568 72
1864 3534 2017 3583 seqq.
2092 3518 2218 3570 Alia
2271 3520 2424 3571 dabit
2468 3523 2732 3582 Forbioeer

1639 3588 1861 3638 Handb.
1892 3588 1943 3639 d.
1975 3587 2070 3639 alt.
2094 3589 2400 3655 Geograph.
2427 3591 2505 3642 ΙΙ.
2532 3608 2584 3656 p.
2606 3593 2730 3644 255.

1640 3658 1801 3721 Apud
1837 3662 2049 3709 veteres
2085 3660 2214 3711 urbs
2262 3661 2528 3711 excellens
2575 3661 2734 3713 haru-

1643 3727 1850 3791 spicum
1885 3727 2192 3793 disciplina.
2265 3729 2351 3779 De
2396 3746 2502 3797 qua
2540 3747 2733 3782 consu-

1641 3796 1787 3846 latur
1833 3796 2027 3848 Cicero
2066 3797 2132 3847 de
2168 3798 2339 3849 divin.
2386 3801 2443 3863 I,
2492 3801 2548 3850 41
2597 3801 2728 3866 ibiq.

1640 3866 1833 3916 Davis.
1874 3872 1927 3917 et
1964 3866 2218 3918 Creuzer.

1711 3931 1850 3997 πρὶν
1895 3927 1998 3999 γὰρ
2052 3925 2089 4000 ἦ
2135 3927 2317 3985 ὀπίσω
2370 3935 2547 3997 σφέας
2596 3925 2734 3986 ἂνα-

1640 4000 1856 4053 πλῶσαι
1898 3996 1952 4061 ἐς
1987 3998 2086 4061 τὰς
2121 3997 2356 4071 Σάρδις]
2393 4006 2477 4055 Ex
2504 4005 2587 4056 bis
2617 4022 2733 4057 ver-

1637 4073 1724 4122 bis
1781 4089 1903 4124 cum
1955 4074 2228 4125 Larchero
2284 4074 2541 4141 colligere
2600 4076 2731 4126 mihi

1637 4157 1797 4207 posse
1855 4143 2069 4205 videor,
2128 4145 2313 4195 Croesi
2362 4144 2574 4209 legatos
2622 4161 2730 4197 non

1634 4212 1875 4276 pedestri
1921 4213 2116 4263 itinere
2172 4212 2354 4278 (quale
2415 4219 2546 4264 tunc
2599 4219 2732 4264 tem-

1635 4281 1780 4346 poris
1817 4282 2052 4332 forsitan
2099 4283 2315 4333 institui
2360 4299 2467 4333 non
2508 4284 2729 4349 potuit),

1636 4350 1729 4401 sed
1765 4352 1902 4401 mari
1940 4368 2048 4401 non
2086 4353 2203 4403 sine
2244 4352 2565 4417 ambagibus
2604 4353 2731 4404 Sar-

1633 4420 1791 4470 dibus
1828 4425 2172 4472 transvectos
2220 4436 2340 4473 esse
2375 4421 2727 4473 Telmessum.
