3109 5092
574 288 697 350 832

1027 289 1564 352 HERODOTI
1608 291 2103 352 EUTERPE.
2149 291 2234 350 11.
2282 300 2406 355 182.

572 462 861 555 Κύπρον
901 470 1161 556 πρῶτος
1210 460 1601 554 ἀνθρώπων
1646 466 1757 534 καὶ
1804 466 2294 555 κατεστρέψατο
2323 467 2390 545 ἐς
2419 463 2637 556 φόρου
2687 463 2892 535 ἀπα·

574 567 825 658 γωγήν.

503 734 509 739 ’
573 738 681 787 ris:
729 753 838 804 qua
879 736 947 787 de
994 752 1052 787 re
1095 735 1242 787 conf.
1288 733 1490 801 Engel:
1555 734 1665 798 Ky-

573 823 701 872 pros
744 807 792 857 1.
842 822 969 872 pag.
1021 808 1123 856 244
1167 820 1279 870 seq.
1331 804 1455 856 253.
1541 803 1665 853 Hoc

572 878 693 928 loco
739 877 884 943 quod
921 875 1250 927 Phoenicum
1287 889 1334 924 s.
1372 873 1665 938 Tyriorum

574 947 730 997 nulla
766 947 967 997 mentio
1003 945 1092 1007 fit,
1131 943 1256 993 inde
1283 944 1477 1009 opinor
1497 942 1667 1007 expli-

576 1018 839 1080 candum,
885 1016 1030 1081 quod
1074 1014 1229 1080 Tyrii
1275 1028 1322 1065 s.
1360 1013 1664 1064 Phoenices

575 1103 611 1139 a
636 1086 1098 1137 Nebucadnezare
1136 1084 1311 1149 pressi
1333 1081 1537 1133 nullam
1561 1081 1667 1146 Cy-

575 1157 813 1222 priorum
838 1157 1102 1206 rationem
1119 1152 1319 1203 habere
1338 1157 1663 1218 potuerunt:

576 1241 751 1292 neque
785 1241 915 1276 vero
950 1224 1076 1274 inde
1105 1222 1332 1287 colligas
1372 1221 1518 1283 licet,
1561 1222 1665 1286 Cy-

576 1296 724 1362 prios
746 1310 779 1344 a
800 1295 982 1360 Tyriis
1011 1293 1278 1343 defecisse
1306 1292 1498 1357 suique
1518 1306 1667 1354 pror-

578 1380 671 1415 sus
709 1365 842 1414 iuris
881 1364 1081 1422 fuisse3
1134 1361 1206 1411 cf.
1244 1360 1667 1425 Hengstenberg

580 1434 646 1484 de
682 1434 925 1498 Tyriorr.
960 1431 1109 1482 rebb.
1147 1446 1273 1495 pag.
1314 1432 1400 1481 5o.
1472 1429 1537 1478 In
1563 1429 1667 1478 hac

578 1518 757 1554 rerum
780 1502 1115 1554 obscuritate
1129 1499 1349 1565 egregia
1367 1500 1523 1549 nobis
1544 1513 1670 1548 exo-

577 1573 717 1623 ritur
770 1572 863 1622 lux
913 1587 981 1622 ex
1028 1570 1380 1633 inscriptione
1438 1569 1494 1617 in
1544 1568 1669 1632 ipsa

580 1643 747 1708 Cypri
782 1641 963 1692 insula
995 1644 1241 1705 reperta,
1278 1654 1408 1689 cura
1445 1637 1669 1687 nobilis·

578 1713 702 1762 simi
737 1712 891 1763 ducis
930 1711 996 1761 de
1032 1711 1253 1774 Luynes
1286 1707 1569 1773 publicata
1601 1723 1668 1757 ac

577 1797 750 1848 nuper
787 1780 1062 1846 explicata
1094 1794 1129 1829 a
1167 1779 1424 1830 Boethio:
1461 1793 1526 1827 ex
1565 1776 1668 1827 hac

580 1852 965 1917 inscriptione,
1008 1864 1148 1914 quae
1184 1848 1296 1898 alia
1334 1862 1548 1913 quoque
1587 1847 1669 1897 of-

580 1923 685 1973 fert
718 1922 952 1973 maxime
988 1919 1255 1984 insignia,
1309 1916 1666 1981 intelligimus

580 1992 746 2056 Cypri
784 1996 988 2042 statum
1026 1993 1084 2039 et
1115 1988 1482 2039 conditionem
1505 1985 1665 2036 valde

577 2062 840 2111 afflictam
875 2059 1215 2123 insulamque
1252 2056 1410 2107 bellis
1453 2056 1666 2105 intesti-

575 2131 661 2181 nis
675 2146 742 2182 ac
760 2128 1119 2180 seditionibus
1132 2133 1403 2188 vexatam,
1424 2125 1517 2174 sed
1543 2141 1668 2176 mox

579 2200 868 2251 liberatam
904 2213 997 2263 per
1031 2198 1340 2261 Aegyptum
1384 2196 1667 2259 ipsumque

578 2268 906 2329 Amasidem,
933 2266 1087 2315 cuius
1108 2280 1303 2315 nomen
1328 2264 1468 2330 (vid.
1491 2263 1563 2314 ad
1586 2263 1665 2326 11,

584 2340 682 2388 172
730 2336 891 2401 nott.)
936 2334 1197 2386 Roethius
1241 2334 1346 2384 sibi
1391 2334 1666 2384 invenisse

579 2406 821 2465 videtur3
877 2404 1004 2454 inde
1057 2405 1200 2455 enim
1248 2403 1497 2454 effectum
1545 2418 1667 2453 esse

582 2478 843 2540 traditur,
881 2478 943 2525 ut
980 2473 1051 2525 ad
1085 2488 1274 2538 pacem
1299 2472 1668 2525 concordiam-

1769 750 1874 799 que
1905 734 2144 786 redirent
2168 734 2420 801 singulae
2448 734 2741 796 civitatee,
2789 735 2898 786 Sa·

1767 804 1948 867 lamis,
1983 804 2269 868 Amathus,
2309 804 2538 867 Idalion,
2581 806 2894 855 eximiam-

1769 889 1874 939 que
1917 875 2020 925 hac
2063 875 2118 924 in
2160 891 2218 925 re
2259 875 2430 925 fuisse
2480 890 2669 924 curam
2709 876 2897 925 Ama·

1769 944 1927 1007 sidis,
1965 945 2055 1010 qui
2091 944 2216 995 illas
2252 945 2527 1006 civitates,
2563 951 2625 994 ut
2664 944 2894 995 foedus

1769 1014 2003 1077 inirent,
2049 1014 2279 1065 adduxit
2316 1030 2611 1080 pacemque
2647 1015 2894 1064 insulae

1769 1082 2026 1133 reddidit.
2047 1084 2173 1134 Vid.
2199 1084 2637 1148 Numismatique
2681 1089 2749 1133 ct
2792 1085 2894 1133 In-

1768 1154 1958 1218 script.
1980 1153 2265 1218 Cypriotes
2294 1169 2395 1219 par
2418 1155 2491 1205 H.
2523 1154 2590 1204 de
2617 1154 2889 1219 Luynes.

1766 1224 1943 1273 Paris.
1987 1223 2139 1273 1852.
2179 1223 2264 1276 Pl.
2304 1224 2464 1274 VIII.
2503 1226 2558 1273 et
2593 1223 2698 1274 lx,
2741 1239 2890 1289 pag.

1767 1292 1836 1344 39
1872 1307 2024 1357 seqq.
2052 1307 2118 1342 ac
2146 1294 2486 1357 potissimum
2516 1291 2622 1343 Ed.
2651 1293 2856 1343 Roeth
2876 1310 2892 1342 t

1766 1362 1872 1413 Die
1923 1361 2327 1414 Proclamation
2384 1362 2479 1412 des
2527 1363 2759 1413 Amasis
2814 1378 2890 1412 an

1771 1431 1859 1481 die
1913 1432 2141 1495 Cyprier
2188 1432 2278 1482 bei
2333 1432 2429 1482 der
2478 1431 2890 1481 Besitznahme

1770 1500 2015 1565 Cyperns
2079 1501 2252 1552 durch
2311 1501 2400 1551 die
2450 1501 2736 1566 Aegypter
2790 1517 2888 1551 um

1772 1569 1859 1620 die
1896 1571 2055 1620 Mitte
2108 1570 2203 1622 des
2239 1570 2338 1622 VI.
2377 1569 2563 1622 Iahrh.
2604 1571 2888 1621 Entziffe-

1770 1655 1910 1704 rung
1947 1639 2039 1689 der
2073 1640 2325 1690 Erztafel
2357 1655 2467 1690 von
2500 1639 2726 1690 Idalion
2764 1646 2881 1691 etc.

1767 1710 1927 1760 Paris
1965 1714 2021 1760 et
2055 1708 2409 1775 Heidelberg.
2451 1710 2603 1760 1855.
2639 1726 2779 1775 pag.
2810 1710 2882 1761 95

1769 1794 1921 1844 seqq.
1961 1805 2030 1816 -
2064 1779 2296 1841 Bellum,
2335 1778 2481 1844 quod
2518 1795 2636 1830 cum
2677 1781 2884 1830 Arabi-

1771 1848 1870 1897 bus
1916 1849 2090 1913 gessit
2126 1849 2342 1899 Amasis
2394 1853 2536 1899 teste
2581 1848 2880 1914 Polyaeno

1769 1918 1896 1979 vll,
1955 1919 2009 1981 4,
2065 1918 2380 1969 Herodotus
2435 1917 2582 1969 haud
2633 1935 2877 1970 comme-

1767 1991 1963 2038 morat.

1839 2046 1896 2113 ἐς
1920 2047 2110 2121 φόρου
2128 2046 2461 2121 ἀπαγωγήν]
2488 2057 2734 2109 Similem
2754 2060 2874 2110 fere

1769 2126 1972 2175 exitum
2023 2126 2079 2174 in
2116 2125 2440 2190 quibusdam
2493 2127 2643 2177 libris
2699 2131 2875 2179 serio-

1768 2210 1886 2245 rum
1905 2196 2249 2259 scriptorum,
2274 2196 2366 2261 qui
2385 2195 2729 2247 Herodotum
2752 2200 2874 2248 imi-

1769 2266 1879 2314 tari
1913 2265 2248 2327 studuerint,
2296 2280 2356 2315 se
2392 2264 2668 2316 invenisse
2698 2273 2875 2318 testa·

1770 2339 1858 2383 tur
1893 2333 2318 2399 wesselingius,
2358 2350 2411 2385 ν.
2454 2352 2502 2386 c.
2543 2338 2600 2385 in
2626 2338 2867 2402 Procop.

1769 2403 1895 2454 bell.
1944 2403 2112 2456 Goth.
2136 2404 2184 2468 1,
2223 2406 2273 2455 5.
2312 2404 2516 2469 Agath.
2551 2406 2597 2457 1.
2633 2422 2767 2471 pag.
2802 2408 2869 2458 13

1770 2474 1813 2524 C
1850 2479 1956 2525 etc.

1122 2697 1602 2770 ἸΣΤΟΡΙΩΝ
1641 2695 2176 2769 ‘HPOAOTOY
2214 2696 2308 2767 B'.
