<?xml version="1.0" encoding="UTF-8"?>
<!DOCTYPE html PUBLIC "-//W3C//DTD XHTML 1.0 Transitional//EN"
    "http://www.w3.org/TR/xhtml1/DTD/xhtml1-transitional.dtd">
<html xmlns="http://www.w3.org/1999/xhtml" xml:lang="en" lang="en">
 <head>
  <title>
</title>
<meta http-equiv="Content-Type" content="text/html;charset=utf-8" />
  <meta name='ocr-system' content='tesseract 3.04.00' />
  <meta name='ocr-capabilities' content='ocr_page ocr_carea ocr_par ocr_line ocrx_word'/>
</head>
<body>
  <div class='ocr_page' id='page_1' title='image "./herodotihalicar02unkngoog_0513.png"; bbox 0 0 3109 5092; ppageno 0'>
   <div class='ocr_carea' id='block_1_1' title="bbox 1049 347 2633 416">
    <p class='ocr_par' dir='ltr' id='par_1_1' title="bbox 1049 347 2633 416">
     <span class='ocr_line' id='line_1_1' title="bbox 1049 347 2633 416; baseline -0.001 -4"><span class='ocrx_word' id='word_1_1' title='bbox 1049 353 1544 414; x_wconf 85' lang='lat' dir='ltr'><strong>EUTERPE.</strong></span> <span class='ocrx_word' id='word_1_2' title='bbox 1591 353 1677 412; x_wconf 92' lang='lat'><strong>11.</strong></span> <span class='ocrx_word' id='word_1_3' title='bbox 1719 362 1809 416; x_wconf 79' lang='lat'><strong>31.</strong></span> <span class='ocrx_word' id='word_1_4' title='bbox 1850 363 1938 416; x_wconf 75' lang='lat'><strong>32.</strong></span> <span class='ocrx_word' id='word_1_5' title='bbox 2508 347 2633 411; x_wconf 80' lang='grc'><strong>493</strong></span> 
     </span>
    </p>
   </div>
   <div class='ocr_carea' id='block_1_2' title="bbox 356 518 2643 1752">
    <p class='ocr_par' dir='ltr' id='par_1_2' title="bbox 356 518 2643 1752">
     <span class='ocr_line' id='line_1_2' title="bbox 356 518 2631 620; baseline -0.001 -25"><span class='ocrx_word' id='word_1_6' title='bbox 356 525 538 620; x_wconf 74' lang='grc' dir='ltr'><strong><em>άρχφ</em></strong></span> <span class='ocrx_word' id='word_1_7' title='bbox 568 531 661 620; x_wconf 77' lang='grc' dir='ltr'><strong><em>τῷ</em></strong></span> <span class='ocrx_word' id='word_1_8' title='bbox 702 524 1100 614; x_wconf 82' lang='grc' dir='ltr'><strong>Ἀμμωνίων</strong></span> <span class='ocrx_word' id='word_1_9' title='bbox 1126 528 1424 614; x_wconf 76' lang='grc' dir='ltr'><strong><em>βασιλέϊ·</em></strong></span> <span class='ocrx_word' id='word_1_10' title='bbox 1468 534 1588 594; x_wconf 79' lang='grc' dir='ltr'><strong><em>καί</em></strong></span> <span class='ocrx_word' id='word_1_11' title='bbox 1622 552 1756 605; x_wconf 81' lang='grc' dir='ltr'><strong>κως</strong></span> <span class='ocrx_word' id='word_1_12' title='bbox 1792 521 1865 593; x_wconf 77' lang='grc' dir='ltr'><strong>ἐκ</strong></span> <span class='ocrx_word' id='word_1_13' title='bbox 1893 524 2117 611; x_wconf 78' lang='grc' dir='ltr'><strong><em>λόγων</em></strong></span> <span class='ocrx_word' id='word_1_14' title='bbox 2144 518 2373 591; x_wconf 78' lang='grc' dir='ltr'><strong><em>ἄλλων</em></strong></span> <span class='ocrx_word' id='word_1_15' title='bbox 2398 519 2631 592; x_wconf 77' lang='grc' dir='ltr'><strong><em>ἀπικέ-</em></strong></span> 
     </span>
     <span class='ocr_line' id='line_1_3' title="bbox 358 623 2632 718; baseline -0.002 -19"><span class='ocrx_word' id='word_1_16' title='bbox 358 640 521 700; x_wconf 89' lang='grc' dir='ltr'><strong><em>σθαι</em></strong></span> <span class='ocrx_word' id='word_1_17' title='bbox 560 627 628 710; x_wconf 80' lang='grc' dir='ltr'><strong>ἐς</strong></span> <span class='ocrx_word' id='word_1_18' title='bbox 657 633 900 718; x_wconf 80' lang='grc' dir='ltr'><strong><em>λέσχην</em></strong></span> <span class='ocrx_word' id='word_1_19' title='bbox 931 631 1085 716; x_wconf 82' lang='grc' dir='ltr'><strong><em>περὶ</em></strong></span> <span class='ocrx_word' id='word_1_20' title='bbox 1113 635 1235 699; x_wconf 88' lang='grc' dir='ltr'><strong><em>τοῦ</em></strong></span> <span class='ocrx_word' id='word_1_21' title='bbox 1271 638 1549 713; x_wconf 81' lang='grc' dir='ltr'><strong><em>Νείλου,</em></strong></span> <span class='ocrx_word' id='word_1_22' title='bbox 1575 624 1665 709; x_wconf 79' lang='grc' dir='ltr'><strong>ως</strong></span> <span class='ocrx_word' id='word_1_23' title='bbox 1691 624 1917 708; x_wconf 78' lang='grc' dir='ltr'><strong><em>οὐδεὶς</em></strong></span> <span class='ocrx_word' id='word_1_24' title='bbox 1950 624 2161 697; x_wconf 80' lang='grc' dir='ltr'><strong><em>αὐτοῦ</em></strong></span> <span class='ocrx_word' id='word_1_25' title='bbox 2190 624 2336 694; x_wconf 76' lang='grc' dir='ltr'><strong><em>οἶδε</em></strong></span> <span class='ocrx_word' id='word_1_26' title='bbox 2360 623 2476 706; x_wconf 80' lang='grc' dir='ltr'><strong><em>τὰς</em></strong></span> <span class='ocrx_word' id='word_1_27' title='bbox 2505 652 2632 714; x_wconf 80' lang='grc' dir='ltr'><strong>πη-</strong></span> 
     </span>
     <span class='ocr_line' id='line_1_4' title="bbox 357 725 2635 822; baseline -0.002 -20"><span class='ocrx_word' id='word_1_28' title='bbox 357 732 506 820; x_wconf 80' lang='grc' dir='ltr'><strong><em>γάς·</em></strong></span> <span class='ocrx_word' id='word_1_29' title='bbox 562 735 675 802; x_wconf 81' lang='grc' dir='ltr'><strong><em>καὶ</em></strong></span> <span class='ocrx_word' id='word_1_30' title='bbox 727 730 847 801; x_wconf 82' lang='grc' dir='ltr'><strong>τὸν</strong></span> <span class='ocrx_word' id='word_1_31' title='bbox 875 729 1224 822; x_wconf 78' lang='grc' dir='ltr'><strong><em>Ἐτέαρχον</em></strong></span> <span class='ocrx_word' id='word_1_32' title='bbox 1254 731 1466 822; x_wconf 84' lang='grc' dir='ltr'><strong><em>φάναι</em></strong></span> <span class='ocrx_word' id='word_1_33' title='bbox 1506 729 1743 802; x_wconf 79' lang='grc' dir='ltr'><strong><em>ἐλθεῖν</em></strong></span> <span class='ocrx_word' id='word_1_34' title='bbox 1773 732 1925 801; x_wconf 74' lang='grc' dir='ltr'><strong><em>κοτὲ</em></strong></span> <span class='ocrx_word' id='word_1_35' title='bbox 1955 727 2115 820; x_wconf 79' lang='grc' dir='ltr'><strong><em>παρ’</em></strong></span> <span class='ocrx_word' id='word_1_36' title='bbox 2154 725 2363 799; x_wconf 82' lang='grc' dir='ltr'><strong><em>αὐτὸν</em></strong></span> <span class='ocrx_word' id='word_1_37' title='bbox 2397 736 2635 797; x_wconf 87' lang='grc' dir='ltr'><strong><em>Νασα-</em></strong></span> 
     </span>
     <span class='ocr_line' id='line_1_5' title="bbox 359 830 2636 925; baseline -0.002 -20"><span class='ocrx_word' id='word_1_38' title='bbox 359 842 586 924; x_wconf 75' lang='grc' dir='ltr'><strong><em>μῶνας</em></strong></span> <span class='ocrx_word' id='word_1_39' title='bbox 624 834 897 925; x_wconf 80' lang='grc' dir='ltr'><strong><em>ἄνδρας.</em></strong></span> <span class='ocrx_word' id='word_1_40' title='bbox 955 832 1031 905; x_wconf 83' lang='grc' dir='ltr'><strong><em>τὸ</em></strong></span> <span class='ocrx_word' id='word_1_41' title='bbox 1072 836 1150 905; x_wconf 73' lang='grc' dir='ltr'><strong>δὲ</strong></span> <span class='ocrx_word' id='word_1_42' title='bbox 1190 841 1391 915; x_wconf 77' lang='grc' dir='ltr'><strong><em>ἔθνος</em></strong></span> <span class='ocrx_word' id='word_1_43' title='bbox 1429 842 1629 906; x_wconf 83' lang='grc' dir='ltr'><strong><em>τοῦτο</em></strong></span> <span class='ocrx_word' id='word_1_44' title='bbox 1668 837 1806 905; x_wconf 76' lang='grc' dir='ltr'><strong><em>ἐστὶ</em></strong></span> <span class='ocrx_word' id='word_1_45' title='bbox 1832 836 1960 923; x_wconf 74' lang='grc' dir='ltr'><strong>μὲν</strong></span> <span class='ocrx_word' id='word_1_46' title='bbox 1983 830 2325 922; x_wconf 75' lang='grc' dir='ltr'><strong><em>Λιβυκὸν,</em></strong></span> <span class='ocrx_word' id='word_1_47' title='bbox 2366 835 2636 921; x_wconf 78' lang='grc' dir='ltr'><strong><em>νέμεται</em></strong></span> 
     </span>
     <span class='ocr_line' id='line_1_6' title="bbox 361 931 2638 1029; baseline -0.003 -21"><span class='ocrx_word' id='word_1_48' title='bbox 361 939 435 1008; x_wconf 74' lang='grc' dir='ltr'><strong>δὲ</strong></span> <span class='ocrx_word' id='word_1_49' title='bbox 463 937 587 1027; x_wconf 82' lang='grc' dir='ltr'><strong>τὴν</strong></span> <span class='ocrx_word' id='word_1_50' title='bbox 613 937 877 1027; x_wconf 77' lang='grc' dir='ltr'><strong><em>Σύρτιν</em></strong></span> <span class='ocrx_word' id='word_1_51' title='bbox 907 965 979 1007; x_wconf 85' lang='grc' dir='ltr'><strong><em>τε</em></strong></span> <span class='ocrx_word' id='word_1_52' title='bbox 1008 941 1120 1008; x_wconf 79' lang='grc' dir='ltr'><strong><em>καὶ</em></strong></span> <span class='ocrx_word' id='word_1_53' title='bbox 1148 937 1274 1028; x_wconf 82' lang='grc' dir='ltr'><strong>τὴν</strong></span> <span class='ocrx_word' id='word_1_54' title='bbox 1317 937 1481 1029; x_wconf 79' lang='grc' dir='ltr'><strong><em>πρὸς</em></strong></span> <span class='ocrx_word' id='word_1_55' title='bbox 1513 936 1619 1028; x_wconf 73' lang='grc' dir='ltr'><strong>ἠῶ</strong></span> <span class='ocrx_word' id='word_1_56' title='bbox 1655 938 1882 1028; x_wconf 73' lang='grc' dir='ltr'><strong><em>χώρην</em></strong></span> <span class='ocrx_word' id='word_1_57' title='bbox 1911 944 2027 1027; x_wconf 87' lang='grc' dir='ltr'><strong><em>τῆς</em></strong></span> <span class='ocrx_word' id='word_1_58' title='bbox 2052 936 2344 1026; x_wconf 77' lang='grc' dir='ltr'><strong><em>Σύρτιος</em></strong></span> <span class='ocrx_word' id='word_1_59' title='bbox 2373 931 2499 1006; x_wconf 78' lang='grc' dir='ltr'><strong>οὐκ</strong></span> <span class='ocrx_word' id='word_1_60' title='bbox 2527 931 2638 1004; x_wconf 78' lang='grc' dir='ltr'><strong>ἐπὶ</strong></span> 
     </span>
     <span class='ocr_line' id='line_1_7' title="bbox 360 1037 2638 1130; baseline -0.002 -18"><span class='ocrx_word' id='word_1_61' title='bbox 360 1041 632 1112; x_wconf 80' lang='grc' dir='ltr'><strong><em>πολλόν.</em></strong></span> <span class='ocrx_word' id='word_1_62' title='bbox 690 1040 1138 1130; x_wconf 79' lang='grc' dir='ltr'><strong><em>ἀπικομένους</em></strong></span> <span class='ocrx_word' id='word_1_63' title='bbox 1171 1043 1247 1111; x_wconf 75' lang='grc' dir='ltr'><strong>δὲ</strong></span> <span class='ocrx_word' id='word_1_64' title='bbox 1274 1040 1429 1123; x_wconf 81' lang='grc' dir='ltr'><strong><em>τοὺς</em></strong></span> <span class='ocrx_word' id='word_1_65' title='bbox 1457 1046 1884 1130; x_wconf 71' lang='grc' dir='ltr'><strong><em>Νασαμῶνας</em></strong></span> <span class='ocrx_word' id='word_1_66' title='bbox 1923 1043 2037 1110; x_wconf 80' lang='grc' dir='ltr'><strong><em>καὶ</em></strong></span> <span class='ocrx_word' id='word_1_67' title='bbox 2079 1037 2638 1129; x_wconf 77' lang='grc' dir='ltr'><strong><em>εἰρωτεωμένους,</em></strong></span> 
     </span>
     <span class='ocr_line' id='line_1_8' title="bbox 362 1141 2639 1236; baseline -0.002 -22"><span class='ocrx_word' id='word_1_68' title='bbox 362 1156 430 1214; x_wconf 75' lang='grc' dir='ltr'><strong>εἴ</strong></span> <span class='ocrx_word' id='word_1_69' title='bbox 447 1172 511 1213; x_wconf 91' lang='grc' dir='ltr'><strong>τι</strong></span> <span class='ocrx_word' id='word_1_70' title='bbox 542 1151 769 1233; x_wconf 77' lang='grc' dir='ltr'><strong><em>ἔχουσι</em></strong></span> <span class='ocrx_word' id='word_1_71' title='bbox 807 1143 1016 1215; x_wconf 80' lang='grc' dir='ltr'><strong><em>πλέον</em></strong></span> <span class='ocrx_word' id='word_1_72' title='bbox 1041 1144 1267 1231; x_wconf 77' lang='grc' dir='ltr'><strong><em>λέγειν</em></strong></span> <span class='ocrx_word' id='word_1_73' title='bbox 1296 1147 1450 1236; x_wconf 75' lang='grc' dir='ltr'><strong><em>περὶ</em></strong></span> <span class='ocrx_word' id='word_1_74' title='bbox 1480 1151 1620 1216; x_wconf 76' lang='grc' dir='ltr'><strong><em>τ’ὤν</em></strong></span> <span class='ocrx_word' id='word_1_75' title='bbox 1650 1142 1919 1235; x_wconf 76' lang='grc' dir='ltr'><strong><em>ἐρήμων</em></strong></span> <span class='ocrx_word' id='word_1_76' title='bbox 1946 1150 2062 1234; x_wconf 81' lang='grc' dir='ltr'><strong><em>τῆς</em></strong></span> <span class='ocrx_word' id='word_1_77' title='bbox 2092 1142 2374 1230; x_wconf 84' lang='grc' dir='ltr'><strong><em>Λιβύης,</em></strong></span> <span class='ocrx_word' id='word_1_78' title='bbox 2402 1141 2639 1232; x_wconf 84' lang='grc' dir='ltr'><strong><em>φάναι,</em></strong></span> 
     </span>
     <span class='ocr_line' id='line_1_9' title="bbox 361 1241 2641 1338; baseline -0.002 -20"><span class='ocrx_word' id='word_1_79' title='bbox 361 1246 540 1338; x_wconf 79' lang='grc' dir='ltr'><strong><em>παρὰ</em></strong></span> <span class='ocrx_word' id='word_1_80' title='bbox 567 1257 762 1336; x_wconf 87' lang='grc' dir='ltr'><strong><em>σφίσι</em></strong></span> <span class='ocrx_word' id='word_1_81' title='bbox 785 1247 1107 1335; x_wconf 76' lang='grc' dir='ltr'><strong><em>γενέσθαι</em></strong></span> <span class='ocrx_word' id='word_1_82' title='bbox 1134 1246 1411 1338; x_wconf 71' lang='grc' dir='ltr'><strong><em>ἀνδρῶν</em></strong></span> <span class='ocrx_word' id='word_1_83' title='bbox 1432 1246 1824 1319; x_wconf 76' lang='grc' dir='ltr'><strong><em>δυναστέων</em></strong></span> <span class='ocrx_word' id='word_1_84' title='bbox 1844 1254 2090 1329; x_wconf 77' lang='grc' dir='ltr'><strong><em>παῖδας</em></strong></span> <span class='ocrx_word' id='word_1_85' title='bbox 2117 1241 2459 1335; x_wconf 79' lang='grc' dir='ltr'><strong><em>ὑβριστὰς,</em></strong></span> <span class='ocrx_word' id='word_1_86' title='bbox 2485 1242 2641 1324; x_wconf 83' lang='grc' dir='ltr'><strong>τούς</strong></span> 
     </span>
     <span class='ocr_line' id='line_1_10' title="bbox 363 1345 2638 1442; baseline -0.001 -22"><span class='ocrx_word' id='word_1_87' title='bbox 363 1349 534 1422; x_wconf 72' lang='grc' dir='ltr'><strong><em>ἄλλα</em></strong></span> <span class='ocrx_word' id='word_1_88' title='bbox 559 1378 630 1420; x_wconf 91' lang='grc' dir='ltr'><strong><em>τε</em></strong></span> <span class='ocrx_word' id='word_1_89' title='bbox 661 1358 1090 1440; x_wconf 81' lang='grc' dir='ltr'><strong><em>μηχανᾶσθαι</em></strong></span> <span class='ocrx_word' id='word_1_90' title='bbox 1120 1349 1601 1442; x_wconf 73' lang='grc' dir='ltr'><strong><em>ἀνδρωθέντας</em></strong></span> <span class='ocrx_word' id='word_1_91' title='bbox 1629 1348 1934 1442; x_wconf 79' lang='grc' dir='ltr'><strong><em>περισσὰ,</em></strong></span> <span class='ocrx_word' id='word_1_92' title='bbox 1956 1354 2068 1421; x_wconf 81' lang='grc' dir='ltr'><strong><em>καὶ</em></strong></span> <span class='ocrx_word' id='word_1_93' title='bbox 2102 1346 2185 1439; x_wconf 78' lang='grc' dir='ltr'><strong>δὴ</strong></span> <span class='ocrx_word' id='word_1_94' title='bbox 2202 1351 2315 1418; x_wconf 81' lang='grc' dir='ltr'><strong><em>καὶ</em></strong></span> <span class='ocrx_word' id='word_1_95' title='bbox 2341 1345 2638 1437; x_wconf 74' lang='grc' dir='ltr'><strong><em>ἀποκλη-</em></strong></span> 
     </span>
     <span class='ocr_line' id='line_1_11' title="bbox 365 1452 2641 1545; baseline -0.002 -21"><span class='ocrx_word' id='word_1_96' title='bbox 365 1459 575 1544; x_wconf 76' lang='grc' dir='ltr'><strong><em>ρῶσαι</em></strong></span> <span class='ocrx_word' id='word_1_97' title='bbox 606 1453 808 1526; x_wconf 82' lang='grc' dir='ltr'><strong><em>πέντε</em></strong></span> <span class='ocrx_word' id='word_1_98' title='bbox 838 1458 1132 1540; x_wconf 72' lang='grc' dir='ltr'><strong><em>ἑωυτῶν,</em></strong></span> <span class='ocrx_word' id='word_1_99' title='bbox 1155 1453 1532 1544; x_wconf 81' lang='grc' dir='ltr'><strong><em>ὀψομένους</em></strong></span> <span class='ocrx_word' id='word_1_100' title='bbox 1560 1453 1640 1524; x_wconf 77' lang='grc' dir='ltr'><strong><em>τὰ</em></strong></span> <span class='ocrx_word' id='word_1_101' title='bbox 1667 1452 1879 1545; x_wconf 78' lang='grc' dir='ltr'><strong><em>ἐρῆμα</em></strong></span> <span class='ocrx_word' id='word_1_102' title='bbox 1900 1461 2015 1545; x_wconf 82' lang='grc' dir='ltr'><strong><em>τῆς</em></strong></span> <span class='ocrx_word' id='word_1_103' title='bbox 2037 1452 2317 1540; x_wconf 86' lang='grc' dir='ltr'><strong><em>Λιβύης,</em></strong></span> <span class='ocrx_word' id='word_1_104' title='bbox 2350 1454 2461 1521; x_wconf 83' lang='grc' dir='ltr'><strong><em>καὶ</em></strong></span> <span class='ocrx_word' id='word_1_105' title='bbox 2493 1462 2641 1521; x_wconf 77' lang='grc' dir='ltr'><strong><em>εἴτι</em></strong></span> 
     </span>
     <span class='ocr_line' id='line_1_12' title="bbox 366 1552 2643 1649; baseline -0.002 -21"><span class='ocrx_word' id='word_1_106' title='bbox 366 1557 571 1628; x_wconf 81' lang='grc' dir='ltr'><strong><em>πλέον</em></strong></span> <span class='ocrx_word' id='word_1_107' title='bbox 606 1564 822 1629; x_wconf 77' lang='grc' dir='ltr'><strong><em>ἴδοιεν</em></strong></span> <span class='ocrx_word' id='word_1_108' title='bbox 856 1563 993 1628; x_wconf 73' lang='grc' dir='ltr'><strong>τῶν</strong></span> <span class='ocrx_word' id='word_1_109' title='bbox 1018 1555 1099 1628; x_wconf 77' lang='grc' dir='ltr'><strong><em>τὰ</em></strong></span> <span class='ocrx_word' id='word_1_110' title='bbox 1128 1558 1507 1647; x_wconf 81' lang='grc' dir='ltr'><strong><em>μακρότατα</em></strong></span> <span class='ocrx_word' id='word_1_111' title='bbox 1535 1559 1888 1649; x_wconf 75' lang='grc' dir='ltr'><strong><em>ἰδομένων.</em></strong></span> <span class='ocrx_word' id='word_1_112' title='bbox 1958 1563 2085 1648; x_wconf 83' lang='grc' dir='ltr'><strong>Τῆς</strong></span> <span class='ocrx_word' id='word_1_113' title='bbox 2119 1553 2247 1646; x_wconf 76' lang='grc' dir='ltr'><strong>γὰρ</strong></span> <span class='ocrx_word' id='word_1_114' title='bbox 2281 1556 2540 1644; x_wconf 84' lang='grc' dir='ltr'><strong><em>Λιβύης</em></strong></span> <span class='ocrx_word' id='word_1_115' title='bbox 2563 1552 2643 1624; x_wconf 76' lang='grc' dir='ltr'><strong><em>τὰ</em></strong></span> 
     </span>
     <span class='ocr_line' id='line_1_13' title="bbox 362 1653 2641 1752; baseline -0.001 -21"><span class='ocrx_word' id='word_1_116' title='bbox 362 1662 490 1750; x_wconf 73' lang='grc' dir='ltr'><strong>μὲν</strong></span> <span class='ocrx_word' id='word_1_117' title='bbox 523 1653 691 1730; x_wconf 71' lang='grc' dir='ltr'><strong><em>κατὰ</em></strong></span> <span class='ocrx_word' id='word_1_118' title='bbox 716 1659 842 1751; x_wconf 86' lang='grc' dir='ltr'><strong>τὴν</strong></span> <span class='ocrx_word' id='word_1_119' title='bbox 867 1669 1155 1752; x_wconf 84' lang='grc' dir='ltr'><strong><em>βορηΐην</em></strong></span> <span class='ocrx_word' id='word_1_120' title='bbox 1189 1662 1544 1733; x_wconf 85' lang='grc' dir='ltr'><strong><em>θάλασσαν</em></strong></span> <span class='ocrx_word' id='word_1_121' title='bbox 1580 1659 1702 1731; x_wconf 81' lang='grc' dir='ltr'><strong>ἀπ’</strong></span> <span class='ocrx_word' id='word_1_122' title='bbox 1737 1661 2088 1750; x_wconf 77' lang='grc' dir='ltr'><strong><em>Αἰγύπτου</em></strong></span> <span class='ocrx_word' id='word_1_123' title='bbox 2125 1657 2480 1750; x_wconf 73' lang='grc' dir='ltr'><strong><em>ἀρξάμενοι</em></strong></span> <span class='ocrx_word' id='word_1_124' title='bbox 2522 1659 2641 1748; x_wconf 87' lang='grc' dir='ltr'><strong>μέ-</strong></span> 
     </span>
    </p>
   </div>
   <div class='ocr_carea' id='block_1_3' title="bbox 365 1807 2643 1903">
    <p class='ocr_par' dir='ltr' id='par_1_3' title="bbox 365 1807 2643 1903">
     <span class='ocr_line' id='line_1_14' title="bbox 365 1807 2643 1903; baseline -0 -16"><span class='ocrx_word' id='word_1_125' title='bbox 365 1852 491 1900; x_wconf 86' lang='lat' dir='ltr'><strong>suo,</strong></span> <span class='ocrx_word' id='word_1_126' title='bbox 530 1836 672 1902; x_wconf 90' lang='lat' dir='ltr'><strong>quod</strong></span> <span class='ocrx_word' id='word_1_127' title='bbox 707 1835 947 1887; x_wconf 87' lang='lat' dir='ltr'><strong>Berolini</strong></span> <span class='ocrx_word' id='word_1_128' title='bbox 981 1807 1183 1903; x_wconf 83' lang='lat' dir='ltr'><strong>prodiit</strong></span> <span class='ocrx_word' id='word_1_129' title='bbox 1223 1839 1451 1890; x_wconf 79' lang='grc' dir='ltr'><strong><em>ιι.1824</em></strong></span> <span class='ocrx_word' id='word_1_130' title='bbox 1558 1835 1746 1901; x_wconf 90' lang='lat' dir='ltr'><strong>(Ideen</strong></span> <span class='ocrx_word' id='word_1_131' title='bbox 1779 1841 1885 1887; x_wconf 90' lang='lat' dir='ltr'><strong>etc.</strong></span> <span class='ocrx_word' id='word_1_132' title='bbox 1927 1837 2013 1900; x_wconf 89' lang='lat'><strong>11,</strong></span> <span class='ocrx_word' id='word_1_133' title='bbox 2053 1836 2104 1887; x_wconf 88' lang='lat'><strong>1.</strong></span> <span class='ocrx_word' id='word_1_134' title='bbox 2141 1853 2269 1902; x_wconf 86' lang='lat' dir='ltr'><strong>pag.</strong></span> <span class='ocrx_word' id='word_1_135' title='bbox 2308 1835 2409 1887; x_wconf 82' lang='lat'><strong>203</strong></span> <span class='ocrx_word' id='word_1_136' title='bbox 2445 1835 2643 1901; x_wconf 83' lang='lat' dir='ltr'><strong>seqq.)‚</strong></span> 
     </span>
    </p>
   </div>
   <div class='ocr_carea' id='block_1_4' title="bbox 313 1905 1467 4259">
    <p class='ocr_par' dir='ltr' id='par_1_4' title="bbox 313 1905 1467 4174">
     <span class='ocr_line' id='line_1_15' title="bbox 366 1905 1453 1972; baseline 0.001 -16"><span class='ocrx_word' id='word_1_137' title='bbox 366 1905 551 1970; x_wconf 84' lang='lat' dir='ltr'><strong>(Reise</strong></span> <span class='ocrx_word' id='word_1_138' title='bbox 589 1922 710 1956; x_wconf 79' lang='lat' dir='ltr'><strong>zum</strong></span> <span class='ocrx_word' id='word_1_139' title='bbox 728 1905 953 1972; x_wconf 88' lang='lat' dir='ltr'><strong>Tempel</strong></span> <span class='ocrx_word' id='word_1_140' title='bbox 975 1908 1070 1958; x_wconf 88' lang='lat' dir='ltr'><strong>des</strong></span> <span class='ocrx_word' id='word_1_141' title='bbox 1092 1908 1312 1972; x_wconf 81' lang='lat' dir='ltr'>Jupiter</span> <span class='ocrx_word' id='word_1_142' title='bbox 1329 1909 1453 1958; x_wconf 82' lang='lat' dir='ltr'><strong>Am-</strong></span> 
     </span>
     <span class='ocr_line' id='line_1_16' title="bbox 365 1975 1454 2042; baseline 0.002 -17"><span class='ocrx_word' id='word_1_143' title='bbox 365 1991 489 2026; x_wconf 87' lang='lat' dir='ltr'><strong>mon</strong></span> <span class='ocrx_word' id='word_1_144' title='bbox 537 1976 594 2025; x_wconf 89' lang='lat' dir='ltr'><strong>in</strong></span> <span class='ocrx_word' id='word_1_145' title='bbox 643 1975 693 2025; x_wconf 87' lang='lat' dir='ltr'><strong>d.</strong></span> <span class='ocrx_word' id='word_1_146' title='bbox 745 1975 1029 2042; x_wconf 75' lang='lat' dir='ltr'><strong>libyschen</strong></span> <span class='ocrx_word' id='word_1_147' title='bbox 1076 1978 1268 2028; x_wconf 83' lang='lat' dir='ltr'><strong>Wiiste</strong></span> <span class='ocrx_word' id='word_1_148' title='bbox 1318 1976 1454 2040; x_wconf 87' lang='lat' dir='ltr'><strong>etc.)</strong></span> 
     </span>
     <span class='ocr_line' id='line_1_17' title="bbox 365 2045 1454 2111; baseline 0 -15"><span class='ocrx_word' id='word_1_149' title='bbox 365 2060 491 2110; x_wconf 79' lang='lat' dir='ltr'><strong>pag.</strong></span> <span class='ocrx_word' id='word_1_150' title='bbox 521 2045 588 2096; x_wconf 88' lang='grc'><strong>87</strong></span> <span class='ocrx_word' id='word_1_151' title='bbox 618 2060 772 2110; x_wconf 86' lang='lat' dir='ltr'><strong>seqq.</strong></span> <span class='ocrx_word' id='word_1_152' title='bbox 822 2045 981 2097; x_wconf 86' lang='lat' dir='ltr'><strong>Conf.</strong></span> <span class='ocrx_word' id='word_1_153' title='bbox 1002 2052 1287 2111; x_wconf 89' lang='lat' dir='ltr'><strong>praeterea</strong></span> <span class='ocrx_word' id='word_1_154' title='bbox 1313 2045 1454 2096; x_wconf 87' lang='lat' dir='ltr'><strong>Hee-</strong></span> 
     </span>
     <span class='ocr_line' id='line_1_18' title="bbox 313 2113 1451 2183; baseline 0 -19"><span class='ocrx_word' id='word_1_155' title='bbox 313 2173 323 2183; x_wconf 45' lang='lat'><strong>·</strong></span> <span class='ocrx_word' id='word_1_156' title='bbox 365 2130 480 2165; x_wconf 88' lang='lat' dir='ltr'><strong>ren.</strong></span> <span class='ocrx_word' id='word_1_157' title='bbox 520 2113 690 2164; x_wconf 92' lang='lat' dir='ltr'><strong>Ideen</strong></span> <span class='ocrx_word' id='word_1_158' title='bbox 723 2120 828 2165; x_wconf 84' lang='lat' dir='ltr'><strong>etc.</strong></span> <span class='ocrx_word' id='word_1_159' title='bbox 870 2115 947 2178; x_wconf 87' lang='lat' dir='ltr'><strong>H,</strong></span> <span class='ocrx_word' id='word_1_160' title='bbox 984 2118 1031 2167; x_wconf 87' lang='grc'><strong>1.</strong></span> <span class='ocrx_word' id='word_1_161' title='bbox 1070 2132 1126 2180; x_wconf 89' lang='lat' dir='ltr'><strong>p.</strong></span> <span class='ocrx_word' id='word_1_162' title='bbox 1164 2118 1266 2166; x_wconf 81' lang='lat'><strong>212</strong></span> <span class='ocrx_word' id='word_1_163' title='bbox 1302 2131 1451 2181; x_wconf 88' lang='lat' dir='ltr'><strong>seqq.</strong></span> 
     </span>
     <span class='ocr_line' id='line_1_19' title="bbox 366 2184 1451 2267; baseline -0.001 -33"><span class='ocrx_word' id='word_1_164' title='bbox 366 2189 422 2234; x_wconf 86' lang='lat' dir='ltr'><strong>et</strong></span> <span class='ocrx_word' id='word_1_165' title='bbox 456 2185 655 2234; x_wconf 87' lang='lat' dir='ltr'><strong>Ritter.</strong></span> <span class='ocrx_word' id='word_1_166' title='bbox 680 2184 976 2235; x_wconf 83' lang='lat' dir='ltr'><strong>Erdkunde</strong></span> <span class='ocrx_word' id='word_1_167' title='bbox 1009 2186 1056 2235; x_wconf 92' lang='grc' dir='ltr'><strong>Ι.</strong></span> <span class='ocrx_word' id='word_1_168' title='bbox 1088 2202 1140 2267; x_wconf 88' lang='lat' dir='ltr'><strong>p.</strong></span> <span class='ocrx_word' id='word_1_169' title='bbox 1170 2186 1270 2237; x_wconf 83' lang='lat'><strong>981</strong></span> <span class='ocrx_word' id='word_1_170' title='bbox 1300 2200 1451 2250; x_wconf 86' lang='lat' dir='ltr'><strong>seqq.</strong></span> 
     </span>
     <span class='ocr_line' id='line_1_20' title="bbox 367 2253 1453 2319; baseline -0.002 -15"><span class='ocrx_word' id='word_1_171' title='bbox 367 2253 502 2304; x_wconf 85' lang='lat' dir='ltr'><strong>Aliis</strong></span> <span class='ocrx_word' id='word_1_172' title='bbox 529 2254 805 2304; x_wconf 77' lang='lat' dir='ltr'><strong>Ammonis</strong></span> <span class='ocrx_word' id='word_1_173' title='bbox 833 2254 1091 2319; x_wconf 83' lang='lat' dir='ltr'><strong>templum</strong></span> <span class='ocrx_word' id='word_1_174' title='bbox 1121 2256 1177 2304; x_wconf 92' lang='lat' dir='ltr'><strong>in</strong></span> <span class='ocrx_word' id='word_1_175' title='bbox 1205 2254 1338 2304; x_wconf 87' lang='lat' dir='ltr'><strong>Oasi</strong></span> <span class='ocrx_word' id='word_1_176' title='bbox 1358 2254 1453 2304; x_wconf 81' lang='lat' dir='ltr'><strong>El-</strong></span> 
     </span>
     <span class='ocr_line' id='line_1_21' title="bbox 367 2321 1453 2388; baseline -0.002 -15"><span class='ocrx_word' id='word_1_177' title='bbox 367 2324 574 2373; x_wconf 85' lang='lat' dir='ltr'><strong>Kassar</strong></span> <span class='ocrx_word' id='word_1_178' title='bbox 598 2322 961 2388; x_wconf 85' lang='lat' dir='ltr'><strong>quaerendum</strong></span> <span class='ocrx_word' id='word_1_179' title='bbox 987 2324 1295 2374; x_wconf 84' lang='lat' dir='ltr'><strong>videbatur.</strong></span> <span class='ocrx_word' id='word_1_180' title='bbox 1324 2321 1453 2373; x_wconf 79' lang='lat' dir='ltr'><strong>vid.</strong></span> 
     </span>
     <span class='ocr_line' id='line_1_22' title="bbox 367 2392 1456 2443; baseline 0.002 -2"><span class='ocrx_word' id='word_1_181' title='bbox 367 2393 477 2442; x_wconf 83' lang='lat' dir='ltr'><strong>los.</strong></span> <span class='ocrx_word' id='word_1_182' title='bbox 508 2393 575 2442; x_wconf 93' lang='lat' dir='ltr'><strong>de</strong></span> <span class='ocrx_word' id='word_1_183' title='bbox 599 2393 857 2443; x_wconf 86' lang='lat' dir='ltr'><strong>Hammer</strong></span> <span class='ocrx_word' id='word_1_184' title='bbox 890 2394 947 2442; x_wconf 90' lang='lat' dir='ltr'><strong>in</strong></span> <span class='ocrx_word' id='word_1_185' title='bbox 969 2392 1270 2443; x_wconf 74' lang='lat' dir='ltr'><strong>Annalibus</strong></span> <span class='ocrx_word' id='word_1_186' title='bbox 1294 2393 1456 2443; x_wconf 88' lang='lat' dir='ltr'><strong>Vien-</strong></span> 
     </span>
     <span class='ocr_line' id='line_1_23' title="bbox 369 2461 1453 2527; baseline 0.002 -17"><span class='ocrx_word' id='word_1_187' title='bbox 369 2475 552 2511; x_wconf 88' lang='lat' dir='ltr'><strong>nenss.</strong></span> <span class='ocrx_word' id='word_1_188' title='bbox 590 2461 700 2511; x_wconf 83' lang='lat' dir='ltr'><strong>vol.</strong></span> <span class='ocrx_word' id='word_1_189' title='bbox 733 2463 901 2512; x_wconf 81' lang='lat' dir='ltr'><strong>XLV.</strong></span> <span class='ocrx_word' id='word_1_190' title='bbox 929 2478 981 2527; x_wconf 77' lang='lat' dir='ltr'><strong>p,</strong></span> <span class='ocrx_word' id='word_1_191' title='bbox 1007 2463 1095 2513; x_wconf 84' lang='lat'><strong>31.</strong></span> <span class='ocrx_word' id='word_1_192' title='bbox 1154 2463 1337 2513; x_wconf 81' lang='lat' dir='ltr'><strong>Minus</strong></span> <span class='ocrx_word' id='word_1_193' title='bbox 1373 2477 1453 2512; x_wconf 92' lang='lat' dir='ltr'><strong>re·</strong></span> 
     </span>
     <span class='ocr_line' id='line_1_24' title="bbox 367 2531 1454 2596; baseline 0 -15"><span class='ocrx_word' id='word_1_194' title='bbox 367 2537 481 2592; x_wconf 84' lang='lat' dir='ltr'><strong>cte,</strong></span> <span class='ocrx_word' id='word_1_195' title='bbox 521 2535 582 2580; x_wconf 85' lang='lat' dir='ltr'><strong>nt</strong></span> <span class='ocrx_word' id='word_1_196' title='bbox 613 2546 756 2581; x_wconf 91' lang='lat' dir='ltr'><strong>nunc</strong></span> <span class='ocrx_word' id='word_1_197' title='bbox 794 2531 1007 2596; x_wconf 89' lang='lat' dir='ltr'><strong>quidem</strong></span> <span class='ocrx_word' id='word_1_198' title='bbox 1047 2532 1182 2583; x_wconf 83' lang='lat' dir='ltr'><strong>satis</strong></span> <span class='ocrx_word' id='word_1_199' title='bbox 1218 2535 1454 2591; x_wconf 85' lang='lat' dir='ltr'><strong>constat,</strong></span> 
     </span>
     <span class='ocr_line' id='line_1_25' title="bbox 367 2600 1456 2666; baseline 0 -16"><span class='ocrx_word' id='word_1_200' title='bbox 367 2604 494 2666; x_wconf 88' lang='lat' dir='ltr'><strong>post</strong></span> <span class='ocrx_word' id='word_1_201' title='bbox 539 2601 788 2650; x_wconf 78' lang='lat' dir='ltr'><strong>eximiam</strong></span> <span class='ocrx_word' id='word_1_202' title='bbox 842 2616 1026 2651; x_wconf 90' lang='lat' dir='ltr'><strong>curam</strong></span> <span class='ocrx_word' id='word_1_203' title='bbox 1062 2600 1340 2652; x_wconf 87' lang='lat' dir='ltr'><strong>Minutolii</strong></span> <span class='ocrx_word' id='word_1_204' title='bbox 1377 2605 1456 2651; x_wconf 85' lang='lat' dir='ltr'><strong>at-</strong></span> 
     </span>
     <span class='ocr_line' id='line_1_26' title="bbox 369 2668 1458 2736; baseline 0.001 -18"><span class='ocrx_word' id='word_1_205' title='bbox 369 2685 472 2735; x_wconf 89' lang='lat' dir='ltr'><strong>que</strong></span> <span class='ocrx_word' id='word_1_206' title='bbox 501 2668 728 2719; x_wconf 85' lang='lat' dir='ltr'><strong>aliorum</strong></span> <span class='ocrx_word' id='word_1_207' title='bbox 764 2671 1246 2736; x_wconf 78' lang='lat' dir='ltr'><strong>peregrinatorum,</strong></span> <span class='ocrx_word' id='word_1_208' title='bbox 1282 2687 1311 2721; x_wconf 92' lang='lat' dir='ltr'><strong>e</strong></span> <span class='ocrx_word' id='word_1_209' title='bbox 1343 2671 1458 2736; x_wconf 87' lang='lat' dir='ltr'><strong>qui·</strong></span> 
     </span>
     <span class='ocr_line' id='line_1_27' title="bbox 367 2738 1455 2791; baseline -0.002 -1"><span class='ocrx_word' id='word_1_210' title='bbox 367 2741 469 2790; x_wconf 87' lang='lat' dir='ltr'><strong>bus</strong></span> <span class='ocrx_word' id='word_1_211' title='bbox 504 2738 604 2788; x_wconf 90' lang='lat' dir='ltr'><strong>hos</strong></span> <span class='ocrx_word' id='word_1_212' title='bbox 641 2740 800 2789; x_wconf 88' lang='lat' dir='ltr'><strong>modo</strong></span> <span class='ocrx_word' id='word_1_213' title='bbox 848 2739 1038 2790; x_wconf 82' lang='lat' dir='ltr'><strong>afferre</strong></span> <span class='ocrx_word' id='word_1_214' title='bbox 1076 2740 1232 2791; x_wconf 78' lang='lat' dir='ltr'><strong>iuvat</strong></span> <span class='ocrx_word' id='word_1_215' title='bbox 1273 2755 1455 2791; x_wconf 88' lang='lat' dir='ltr'><strong>eorum</strong></span> 
     </span>
     <span class='ocr_line' id='line_1_28' title="bbox 367 2808 1455 2875; baseline -0.001 -16"><span class='ocrx_word' id='word_1_216' title='bbox 367 2811 422 2859; x_wconf 88' lang='lat' dir='ltr'><strong>in</strong></span> <span class='ocrx_word' id='word_1_217' title='bbox 457 2808 708 2874; x_wconf 79' lang='lat' dir='ltr'><strong>gratiam,</strong></span> <span class='ocrx_word' id='word_1_218' title='bbox 748 2811 797 2858; x_wconf 88' lang='lat' dir='ltr'><strong>si</strong></span> <span class='ocrx_word' id='word_1_219' title='bbox 827 2809 918 2874; x_wconf 89' lang='lat' dir='ltr'><strong>qni</strong></span> <span class='ocrx_word' id='word_1_220' title='bbox 955 2814 1100 2872; x_wconf 84' lang='lat' dir='ltr'><strong>sunt,</strong></span> <span class='ocrx_word' id='word_1_221' title='bbox 1142 2811 1234 2875; x_wconf 86' lang='lat' dir='ltr'><strong>qui</strong></span> <span class='ocrx_word' id='word_1_222' title='bbox 1270 2810 1337 2860; x_wconf 90' lang='lat' dir='ltr'><strong>de</strong></span> <span class='ocrx_word' id='word_1_223' title='bbox 1369 2808 1455 2858; x_wconf 87' lang='lat' dir='ltr'><strong>his</strong></span> 
     </span>
     <span class='ocr_line' id='line_1_29' title="bbox 367 2878 1457 2945; baseline 0.001 -18"><span class='ocrx_word' id='word_1_224' title='bbox 367 2879 707 2928; x_wconf 79' lang='lat' dir='ltr'><strong>accuratiora</strong></span> <span class='ocrx_word' id='word_1_225' title='bbox 777 2878 959 2928; x_wconf 87' lang='lat' dir='ltr'><strong>doceri</strong></span> <span class='ocrx_word' id='word_1_226' title='bbox 1039 2880 1457 2945; x_wconf 77' lang='lat' dir='ltr'><strong>concupiscant.</strong></span> 
     </span>
     <span class='ocr_line' id='line_1_30' title="bbox 369 2946 1457 3012; baseline -0.001 -14"><span class='ocrx_word' id='word_1_227' title='bbox 369 2948 462 2998; x_wconf 80' lang='lat' dir='ltr'><strong>Fr.</strong></span> <span class='ocrx_word' id='word_1_228' title='bbox 503 2946 796 2997; x_wconf 74' lang='lat' dir='ltr'><strong>Cailliaudx</strong></span> <span class='ocrx_word' id='word_1_229' title='bbox 834 2949 1060 3012; x_wconf 74' lang='lat' dir='ltr'><strong>voyage</strong></span> <span class='ocrx_word' id='word_1_230' title='bbox 1094 2950 1128 2998; x_wconf 78' lang='lat' dir='ltr'><strong>a</strong></span> <span class='ocrx_word' id='word_1_231' title='bbox 1165 2949 1350 3000; x_wconf 81' lang='lat' dir='ltr'><strong>l&#39;oasis</strong></span> <span class='ocrx_word' id='word_1_232' title='bbox 1390 2948 1457 2997; x_wconf 90' lang='lat' dir='ltr'><strong>de</strong></span> 
     </span>
     <span class='ocr_line' id='line_1_31' title="bbox 370 3016 1461 3083; baseline 0.001 -16"><span class='ocrx_word' id='word_1_233' title='bbox 370 3016 617 3081; x_wconf 71' lang='lat' dir='ltr'><strong>Syonnh,</strong></span> <span class='ocrx_word' id='word_1_234' title='bbox 657 3016 875 3083; x_wconf 73' lang='lat' dir='ltr'><strong>redigee</strong></span> <span class='ocrx_word' id='word_1_235' title='bbox 912 3024 967 3067; x_wconf 88' lang='lat' dir='ltr'><strong>et</strong></span> <span class='ocrx_word' id='word_1_236' title='bbox 1002 3017 1217 3082; x_wconf 75' lang='lat' dir='ltr'><strong>publiee</strong></span> <span class='ocrx_word' id='word_1_237' title='bbox 1251 3034 1350 3083; x_wconf 88' lang='lat' dir='ltr'><strong>par</strong></span> <span class='ocrx_word' id='word_1_238' title='bbox 1374 3018 1461 3068; x_wconf 89' lang='lat' dir='ltr'><strong>Io-</strong></span> 
     </span>
     <span class='ocr_line' id='line_1_32' title="bbox 370 3086 1459 3146; baseline 0 -11"><span class='ocrx_word' id='word_1_239' title='bbox 370 3086 540 3136; x_wconf 82' lang='lat' dir='ltr'><strong>mard.</strong></span> <span class='ocrx_word' id='word_1_240' title='bbox 578 3087 735 3137; x_wconf 86' lang='lat' dir='ltr'><strong>Paris</strong></span> <span class='ocrx_word' id='word_1_241' title='bbox 761 3087 932 3146; x_wconf 74' lang='lat'><strong>1823..</strong></span> <span class='ocrx_word' id='word_1_242' title='bbox 971 3088 1214 3138; x_wconf 84' lang='lat' dir='ltr'><strong>Hoskins</strong></span> <span class='ocrx_word' id='word_1_243' title='bbox 1232 3088 1377 3137; x_wconf 89' lang='lat' dir='ltr'><strong>Visit</strong></span> <span class='ocrx_word' id='word_1_244' title='bbox 1402 3091 1459 3136; x_wconf 88' lang='lat' dir='ltr'><strong>to</strong></span> 
     </span>
     <span class='ocr_line' id='line_1_33' title="bbox 369 3155 1462 3223; baseline 0.004 -19"><span class='ocrx_word' id='word_1_245' title='bbox 369 3155 462 3205; x_wconf 83' lang='lat' dir='ltr'><strong>the</strong></span> <span class='ocrx_word' id='word_1_246' title='bbox 511 3160 667 3220; x_wconf 85' lang='lat' dir='ltr'><strong>great</strong></span> <span class='ocrx_word' id='word_1_247' title='bbox 703 3156 866 3206; x_wconf 84' lang='lat' dir='ltr'><strong>Oasis</strong></span> <span class='ocrx_word' id='word_1_248' title='bbox 913 3172 966 3221; x_wconf 89' lang='lat' dir='ltr'><strong>p.</strong></span> <span class='ocrx_word' id='word_1_249' title='bbox 1012 3157 1116 3207; x_wconf 72' lang='lat' dir='ltr'><strong>21ss</strong></span> <span class='ocrx_word' id='word_1_250' title='bbox 1158 3173 1306 3223; x_wconf 88' lang='lat' dir='ltr'><strong>seqq.</strong></span> <span class='ocrx_word' id='word_1_251' title='bbox 1355 3158 1462 3208; x_wconf 69' lang='lat'><strong>254</strong></span> 
     </span>
     <span class='ocr_line' id='line_1_34' title="bbox 370 3225 1462 3293; baseline 0 -19"><span class='ocrx_word' id='word_1_252' title='bbox 370 3239 519 3289; x_wconf 89' lang='lat' dir='ltr'><strong>seqq.</strong></span> <span class='ocrx_word' id='word_1_253' title='bbox 582 3226 686 3275; x_wconf 80' lang='lat'><strong>257</strong></span> <span class='ocrx_word' id='word_1_254' title='bbox 730 3241 916 3291; x_wconf 87' lang='lat' dir='ltr'><strong>seqq.‚</strong></span> <span class='ocrx_word' id='word_1_255' title='bbox 964 3225 1297 3293; x_wconf 76' lang='lat' dir='ltr'><strong>Bibliotheq.</strong></span> <span class='ocrx_word' id='word_1_256' title='bbox 1345 3225 1462 3276; x_wconf 85' lang='lat' dir='ltr'><strong>uni·</strong></span> 
     </span>
     <span class='ocr_line' id='line_1_35' title="bbox 368 3291 1459 3361; baseline 0.001 -18"><span class='ocrx_word' id='word_1_257' title='bbox 368 3291 600 3344; x_wconf 76' lang='lat' dir='ltr'><strong>verselle</strong></span> <span class='ocrx_word' id='word_1_258' title='bbox 634 3295 702 3345; x_wconf 91' lang='lat' dir='ltr'><strong>de</strong></span> <span class='ocrx_word' id='word_1_259' title='bbox 737 3294 957 3345; x_wconf 78' lang='lat' dir='ltr'><strong>Geneve</strong></span> <span class='ocrx_word' id='word_1_260' title='bbox 992 3295 1143 3346; x_wconf 75' lang='grc'><strong>1851.</strong></span> <span class='ocrx_word' id='word_1_261' title='bbox 1186 3294 1459 3361; x_wconf 84' lang='lat' dir='ltr'><strong>Septemb.</strong></span> 
     </span>
     <span class='ocr_line' id='line_1_36' title="bbox 369 3355 1463 3429; baseline 0.002 -17"><span class='ocrx_word' id='word_1_262' title='bbox 369 3379 424 3428; x_wconf 88' lang='lat' dir='ltr'><strong>p.</strong></span> <span class='ocrx_word' id='word_1_263' title='bbox 465 3355 577 3413; x_wconf 59' lang='lat'><strong>210</strong></span> <span class='ocrx_word' id='word_1_264' title='bbox 618 3378 758 3429; x_wconf 65' lang='lat' dir='ltr'><strong>seq„</strong></span> <span class='ocrx_word' id='word_1_265' title='bbox 804 3364 975 3429; x_wconf 81' lang='lat' dir='ltr'><strong>Bayle</strong></span> <span class='ocrx_word' id='word_1_266' title='bbox 1010 3365 1091 3415; x_wconf 81' lang='lat' dir='ltr'><strong>St.</strong></span> <span class='ocrx_word' id='word_1_267' title='bbox 1128 3365 1302 3416; x_wconf 86' lang='lat' dir='ltr'><strong>John:</strong></span> <span class='ocrx_word' id='word_1_268' title='bbox 1355 3364 1463 3415; x_wconf 86' lang='lat' dir='ltr'><strong>Ad-</strong></span> 
     </span>
     <span class='ocr_line' id='line_1_37' title="bbox 369 3433 1461 3498; baseline 0.001 -17"><span class='ocrx_word' id='word_1_269' title='bbox 369 3437 625 3482; x_wconf 73' lang='lat' dir='ltr'><strong>ventui-es</strong></span> <span class='ocrx_word' id='word_1_270' title='bbox 662 3434 719 3482; x_wconf 89' lang='lat' dir='ltr'><strong>in</strong></span> <span class='ocrx_word' id='word_1_271' title='bbox 756 3433 849 3483; x_wconf 82' lang='lat' dir='ltr'><strong>the</strong></span> <span class='ocrx_word' id='word_1_272' title='bbox 874 3433 1088 3498; x_wconf 79' lang='lat' dir='ltr'><strong>Libyan</strong></span> <span class='ocrx_word' id='word_1_273' title='bbox 1119 3435 1318 3485; x_wconf 87' lang='lat' dir='ltr'><strong>Desert</strong></span> <span class='ocrx_word' id='word_1_274' title='bbox 1352 3433 1461 3483; x_wconf 89' lang='lat' dir='ltr'><strong>and</strong></span> 
     </span>
     <span class='ocr_line' id='line_1_38' title="bbox 371 3502 1461 3567; baseline 0.002 -17"><span class='ocrx_word' id='word_1_275' title='bbox 371 3502 463 3551; x_wconf 83' lang='lat' dir='ltr'><strong>the</strong></span> <span class='ocrx_word' id='word_1_276' title='bbox 484 3502 645 3552; x_wconf 86' lang='lat' dir='ltr'><strong>Oasis</strong></span> <span class='ocrx_word' id='word_1_277' title='bbox 684 3502 746 3552; x_wconf 83' lang='lat' dir='ltr'><strong>of</strong></span> <span class='ocrx_word' id='word_1_278' title='bbox 769 3503 987 3567; x_wconf 80' lang='lat' dir='ltr'><strong>Jupiter</strong></span> <span class='ocrx_word' id='word_1_279' title='bbox 1011 3505 1255 3554; x_wconf 86' lang='lat' dir='ltr'><strong>Ammon.</strong></span> <span class='ocrx_word' id='word_1_280' title='bbox 1283 3503 1461 3555; x_wconf 89' lang='lat' dir='ltr'><strong>Lond.</strong></span> 
     </span>
     <span class='ocr_line' id='line_1_39' title="bbox 379 3571 1462 3638; baseline 0 -17"><span class='ocrx_word' id='word_1_281' title='bbox 379 3571 529 3622; x_wconf 77' lang='grc'><strong>1849.</strong></span> <span class='ocrx_word' id='word_1_282' title='bbox 567 3571 818 3622; x_wconf 83' lang='lat' dir='ltr'><strong>Wheeler</strong></span> <span class='ocrx_word' id='word_1_283' title='bbox 843 3572 1166 3638; x_wconf 77' lang='lat' dir='ltr'><strong>Geography</strong></span> <span class='ocrx_word' id='word_1_284' title='bbox 1199 3574 1260 3625; x_wconf 84' lang='lat' dir='ltr'><strong>of</strong></span> <span class='ocrx_word' id='word_1_285' title='bbox 1287 3574 1462 3624; x_wconf 86' lang='lat' dir='ltr'><strong>Hero·</strong></span> 
     </span>
     <span class='ocr_line' id='line_1_40' title="bbox 373 3640 1464 3708; baseline 0.001 -19"><span class='ocrx_word' id='word_1_286' title='bbox 373 3640 486 3691; x_wconf 88' lang='lat' dir='ltr'><strong>dot.</strong></span> <span class='ocrx_word' id='word_1_287' title='bbox 524 3655 653 3705; x_wconf 82' lang='lat' dir='ltr'><strong>pag.</strong></span> <span class='ocrx_word' id='word_1_288' title='bbox 691 3642 795 3692; x_wconf 78' lang='lat'><strong>564</strong></span> <span class='ocrx_word' id='word_1_289' title='bbox 832 3658 945 3707; x_wconf 91' lang='lat' dir='ltr'><strong>seq.</strong></span> <span class='ocrx_word' id='word_1_290' title='bbox 1034 3641 1160 3692; x_wconf 86' lang='lat' dir='ltr'><strong>Alia</strong></span> <span class='ocrx_word' id='word_1_291' title='bbox 1200 3643 1464 3708; x_wconf 81' lang='lat' dir='ltr'><strong>quaedam</strong></span> 
     </span>
     <span class='ocr_line' id='line_1_41' title="bbox 372 3710 1460 3776; baseline 0.001 -17"><span class='ocrx_word' id='word_1_292' title='bbox 372 3710 540 3760; x_wconf 84' lang='lat' dir='ltr'><strong>etiam</strong></span> <span class='ocrx_word' id='word_1_293' title='bbox 589 3711 905 3775; x_wconf 83' lang='lat' dir='ltr'><strong>suppeditat</strong></span> <span class='ocrx_word' id='word_1_294' title='bbox 941 3710 1206 3776; x_wconf 81' lang='lat' dir='ltr'><strong>Forbiger</strong></span> <span class='ocrx_word' id='word_1_295' title='bbox 1238 3710 1460 3762; x_wconf 89' lang='lat' dir='ltr'><strong>Handb.</strong></span> 
     </span>
     <span class='ocr_line' id='line_1_42' title="bbox 375 3777 1464 3846; baseline 0.001 -18"><span class='ocrx_word' id='word_1_296' title='bbox 375 3778 430 3828; x_wconf 88' lang='lat' dir='ltr'><strong>d.</strong></span> <span class='ocrx_word' id='word_1_297' title='bbox 469 3777 565 3828; x_wconf 86' lang='lat' dir='ltr'><strong>alt.</strong></span> <span class='ocrx_word' id='word_1_298' title='bbox 596 3779 794 3845; x_wconf 83' lang='lat' dir='ltr'><strong>Geogr.</strong></span> <span class='ocrx_word' id='word_1_299' title='bbox 834 3781 909 3832; x_wconf 90' lang='lat'><strong>11.</strong></span> <span class='ocrx_word' id='word_1_300' title='bbox 944 3798 997 3846; x_wconf 90' lang='lat' dir='ltr'><strong>p.</strong></span> <span class='ocrx_word' id='word_1_301' title='bbox 1031 3782 1154 3832; x_wconf 78' lang='grc'><strong>825.</strong></span> <span class='ocrx_word' id='word_1_302' title='bbox 1197 3781 1288 3846; x_wconf 89' lang='lat' dir='ltr'><strong>qui</strong></span> <span class='ocrx_word' id='word_1_303' title='bbox 1321 3781 1464 3830; x_wconf 90' lang='lat' dir='ltr'><strong>idem</strong></span> 
     </span>
     <span class='ocr_line' id='line_1_43' title="bbox 374 3846 1465 3913; baseline 0.001 -17"><span class='ocrx_word' id='word_1_304' title='bbox 374 3849 453 3912; x_wconf 93' lang='lat' dir='ltr'><strong>(p.</strong></span> <span class='ocrx_word' id='word_1_305' title='bbox 478 3846 605 3913; x_wconf 81' lang='grc'><strong>824)</strong></span> <span class='ocrx_word' id='word_1_306' title='bbox 642 3854 886 3899; x_wconf 76' lang='lat' dir='ltr'><strong>veterum</strong></span> <span class='ocrx_word' id='word_1_307' title='bbox 912 3850 1064 3901; x_wconf 88' lang='lat' dir='ltr'><strong>locos</strong></span> <span class='ocrx_word' id='word_1_308' title='bbox 1099 3851 1166 3901; x_wconf 91' lang='lat' dir='ltr'><strong>de</strong></span> <span class='ocrx_word' id='word_1_309' title='bbox 1209 3849 1314 3900; x_wconf 81' lang='lat' dir='ltr'><strong>hac</strong></span> <span class='ocrx_word' id='word_1_310' title='bbox 1348 3849 1465 3899; x_wconf 88' lang='lat' dir='ltr'><strong>oasi</strong></span> 
     </span>
     <span class='ocr_line' id='line_1_44' title="bbox 374 3918 1463 3980; baseline 0 -13"><span class='ocrx_word' id='word_1_311' title='bbox 374 3932 560 3967; x_wconf 89' lang='lat' dir='ltr'><strong>omnes</strong></span> <span class='ocrx_word' id='word_1_312' title='bbox 584 3918 831 3980; x_wconf 81' lang='lat' dir='ltr'><strong>praebet.</strong></span> <span class='ocrx_word' id='word_1_313' title='bbox 886 3919 970 3970; x_wconf 91' lang='lat' dir='ltr'><strong>De</strong></span> <span class='ocrx_word' id='word_1_314' title='bbox 995 3918 1140 3971; x_wconf 82' lang='lat' dir='ltr'><strong>Solis</strong></span> <span class='ocrx_word' id='word_1_315' title='bbox 1173 3919 1324 3969; x_wconf 85' lang='lat' dir='ltr'><strong>fonte</strong></span> <span class='ocrx_word' id='word_1_316' title='bbox 1351 3918 1463 3968; x_wconf 82' lang='lat' dir='ltr'><strong>vid.</strong></span> 
     </span>
     <span class='ocr_line' id='line_1_45' title="bbox 376 3979 1465 4048; baseline -0.001 -11"><span class='ocrx_word' id='word_1_317' title='bbox 376 3992 516 4038; x_wconf 87' lang='lat' dir='ltr'><strong>nott.</strong></span> <span class='ocrx_word' id='word_1_318' title='bbox 547 3984 618 4035; x_wconf 89' lang='lat' dir='ltr'><strong>ad</strong></span> <span class='ocrx_word' id='word_1_319' title='bbox 647 3989 742 4048; x_wconf 83' lang='lat' dir='ltr'><strong>IV,</strong></span> <span class='ocrx_word' id='word_1_320' title='bbox 778 3988 898 4039; x_wconf 87' lang='grc'><strong>181.</strong></span> <span class='ocrx_word' id='word_1_321' title='bbox 924 4018 995 4029; x_wconf 86' lang='lat'><strong>--</strong></span> <span class='ocrx_word' id='word_1_322' title='bbox 1029 3987 1113 4038; x_wconf 82' lang='lat' dir='ltr'><strong>Ad</strong></span> <span class='ocrx_word' id='word_1_323' title='bbox 1137 3987 1304 4038; x_wconf 81' lang='lat' dir='ltr'><strong>verba</strong></span> <span class='ocrx_word' id='word_1_324' title='bbox 1333 3979 1465 4036; x_wconf 77' lang='grc' dir='ltr'><strong><em>άπι-</em></strong></span> 
     </span>
     <span class='ocr_line' id='line_1_46' title="bbox 375 4046 1467 4187; baseline 0.002 -84"><span class='ocrx_word' id='word_1_325' title='bbox 375 4052 700 4187; x_wconf 55' lang='lat' dir='ltr'><strong>:flebat</strong></span> <span class='ocrx_word' id='word_1_326' title='bbox 620 4046 676 4114; x_wconf 72' lang='grc' dir='ltr'><strong>ἐς</strong></span> <span class='ocrx_word' id='word_1_327' title='bbox 710 4053 915 4122; x_wconf 80' lang='grc' dir='ltr'><strong><em>λέσχην</em></strong></span> <span class='ocrx_word' id='word_1_328' title='bbox 949 4057 1023 4107; x_wconf 85' lang='lat' dir='ltr'><strong>cf.</strong></span> <span class='ocrx_word' id='word_1_329' title='bbox 1065 4072 1205 4122; x_wconf 87' lang='lat' dir='ltr'><strong>qnae</strong></span> <span class='ocrx_word' id='word_1_330' title='bbox 1235 4057 1467 4107; x_wconf 80' lang='lat' dir='ltr'><strong>diximus</strong></span> 
     </span>
    </p>

    <p class='ocr_par' dir='ltr' id='par_1_5' title="bbox 451 4161 1467 4259">
     <span class='ocr_line' id='line_1_47' title="bbox 451 4161 1467 4259; baseline 0 -17"><span class='ocrx_word' id='word_1_331' title='bbox 451 4161 646 4243; x_wconf 73' lang='grc' dir='ltr'><strong><em>ἐλθεῖν</em></strong></span> <span class='ocrx_word' id='word_1_332' title='bbox 694 4222 769 4234; x_wconf 92' lang='lat'><strong>-—-</strong></span> <span class='ocrx_word' id='word_1_333' title='bbox 819 4191 1181 4259; x_wconf 83' lang='grc' dir='ltr'><strong><em>Νασαμωνας</em></strong></span> <span class='ocrx_word' id='word_1_334' title='bbox 1227 4185 1467 4258; x_wconf 79' lang='grc' dir='ltr'><strong><em>ανδρας]</em></strong></span> 
     </span>
    </p>
   </div>
   <div class='ocr_carea' id='block_1_5' title="bbox 1553 1905 2657 3704">
    <p class='ocr_par' dir='ltr' id='par_1_6' title="bbox 1553 1905 2648 2652">
     <span class='ocr_line' id='line_1_48' title="bbox 1553 1905 2643 1971; baseline -0.001 -15"><span class='ocrx_word' id='word_1_335' title='bbox 1553 1911 1702 1956; x_wconf 86' lang='lat' dir='ltr'><strong>recte</strong></span> <span class='ocrx_word' id='word_1_336' title='bbox 1748 1913 1942 1956; x_wconf 90' lang='lat' dir='ltr'><strong>notare</strong></span> <span class='ocrx_word' id='word_1_337' title='bbox 1977 1905 2193 1956; x_wconf 82' lang='lat' dir='ltr'><strong>videtur</strong></span> <span class='ocrx_word' id='word_1_338' title='bbox 2230 1905 2305 1971; x_wconf 92' lang='lat' dir='ltr'><strong>(p.</strong></span> <span class='ocrx_word' id='word_1_339' title='bbox 2353 1905 2454 1957; x_wconf 87' lang='grc'><strong>198</strong></span> <span class='ocrx_word' id='word_1_340' title='bbox 2486 1905 2524 1955; x_wconf 90' lang='grc'><strong>1.</strong></span> <span class='ocrx_word' id='word_1_341' title='bbox 2562 1905 2643 1970; x_wconf 85' lang='grc'><strong>1.),</strong></span> 
     </span>
     <span class='ocr_line' id='line_1_49' title="bbox 1553 1975 2645 2041; baseline -0.003 -15"><span class='ocrx_word' id='word_1_342' title='bbox 1553 1977 1894 2026; x_wconf 74' lang='lat' dir='ltr'><strong>Nasamones</strong></span> <span class='ocrx_word' id='word_1_343' title='bbox 1929 1976 2257 2040; x_wconf 74' lang='lat' dir='ltr'><strong>pertinuisse</strong></span> <span class='ocrx_word' id='word_1_344' title='bbox 2293 1975 2364 2025; x_wconf 91' lang='lat' dir='ltr'><strong>ad</strong></span> <span class='ocrx_word' id='word_1_345' title='bbox 2400 1975 2645 2041; x_wconf 77' lang='lat' dir='ltr'><strong>Syrticae</strong></span> 
     </span>
     <span class='ocr_line' id='line_1_50' title="bbox 1554 2045 2646 2111; baseline -0.002 -16"><span class='ocrx_word' id='word_1_346' title='bbox 1554 2051 1777 2111; x_wconf 80' lang='lat' dir='ltr'><strong>gentes,</strong></span> <span class='ocrx_word' id='word_1_347' title='bbox 1817 2060 1955 2110; x_wconf 89' lang='lat' dir='ltr'><strong>quae</strong></span> <span class='ocrx_word' id='word_1_348' title='bbox 1992 2045 2368 2096; x_wconf 88' lang='lat' dir='ltr'><strong>commercium</strong></span> <span class='ocrx_word' id='word_1_349' title='bbox 2405 2060 2525 2095; x_wconf 88' lang='lat' dir='ltr'><strong>cum</strong></span> <span class='ocrx_word' id='word_1_350' title='bbox 2564 2046 2646 2093; x_wconf 90' lang='lat' dir='ltr'><strong>in-</strong></span> 
     </span>
     <span class='ocr_line' id='line_1_51' title="bbox 1555 2114 2643 2179; baseline -0.001 -15"><span class='ocrx_word' id='word_1_351' title='bbox 1555 2115 1771 2165; x_wconf 86' lang='lat' dir='ltr'><strong>terioris</strong></span> <span class='ocrx_word' id='word_1_352' title='bbox 1819 2114 2039 2164; x_wconf 82' lang='lat' dir='ltr'><strong>Africae</strong></span> <span class='ocrx_word' id='word_1_353' title='bbox 2099 2114 2353 2179; x_wconf 87' lang='lat' dir='ltr'><strong>gentibus</strong></span> <span class='ocrx_word' id='word_1_354' title='bbox 2400 2114 2643 2179; x_wconf 83' lang='lat' dir='ltr'><strong>egerint;</strong></span> 
     </span>
     <span class='ocr_line' id='line_1_52' title="bbox 1555 2183 2647 2250; baseline -0.002 -17"><span class='ocrx_word' id='word_1_355' title='bbox 1555 2185 1636 2234; x_wconf 88' lang='lat' dir='ltr'><strong>ita</strong></span> <span class='ocrx_word' id='word_1_356' title='bbox 1670 2190 1733 2233; x_wconf 90' lang='lat' dir='ltr'><strong>nt</strong></span> <span class='ocrx_word' id='word_1_357' title='bbox 1778 2184 1883 2234; x_wconf 87' lang='lat' dir='ltr'><strong>iter</strong></span> <span class='ocrx_word' id='word_1_358' title='bbox 1916 2183 2053 2234; x_wconf 89' lang='lat' dir='ltr'><strong>illud</strong></span> <span class='ocrx_word' id='word_1_359' title='bbox 2098 2183 2515 2250; x_wconf 86' lang='lat' dir='ltr'><strong>haudquaquam</strong></span> <span class='ocrx_word' id='word_1_360' title='bbox 2551 2198 2647 2247; x_wconf 90' lang='lat' dir='ltr'><strong>per</strong></span> 
     </span>
     <span class='ocr_line' id='line_1_53' title="bbox 1556 2253 2647 2319; baseline -0.002 -16"><span class='ocrx_word' id='word_1_361' title='bbox 1556 2256 1807 2319; x_wconf 76' lang='lat' dir='ltr'><strong>regiones</strong></span> <span class='ocrx_word' id='word_1_362' title='bbox 1865 2253 2028 2318; x_wconf 89' lang='lat' dir='ltr'><strong>plane</strong></span> <span class='ocrx_word' id='word_1_363' title='bbox 2072 2253 2382 2318; x_wconf 84' lang='lat' dir='ltr'><strong>incognitas</strong></span> <span class='ocrx_word' id='word_1_364' title='bbox 2430 2254 2647 2303; x_wconf 83' lang='lat' dir='ltr'><strong>institu-</strong></span> 
     </span>
     <span class='ocr_line' id='line_1_54' title="bbox 1558 2321 2644 2389; baseline -0.004 -15"><span class='ocrx_word' id='word_1_365' title='bbox 1558 2330 1675 2374; x_wconf 82' lang='lat' dir='ltr'><strong>tum</strong></span> <span class='ocrx_word' id='word_1_366' title='bbox 1712 2321 1886 2373; x_wconf 82' lang='lat' dir='ltr'><strong>videri</strong></span> <span class='ocrx_word' id='word_1_367' title='bbox 1919 2323 2142 2383; x_wconf 80' lang='lat' dir='ltr'><strong>debeat3</strong></span> <span class='ocrx_word' id='word_1_368' title='bbox 2178 2323 2377 2389; x_wconf 83' lang='lat' dir='ltr'><strong>quippe</strong></span> <span class='ocrx_word' id='word_1_369' title='bbox 2409 2339 2512 2388; x_wconf 87' lang='lat' dir='ltr'><strong>quo</strong></span> <span class='ocrx_word' id='word_1_370' title='bbox 2542 2322 2644 2371; x_wconf 91' lang='lat' dir='ltr'><strong>hoc</strong></span> 
     </span>
     <span class='ocr_line' id='line_1_55' title="bbox 1556 2391 2648 2458; baseline -0.001 -17"><span class='ocrx_word' id='word_1_371' title='bbox 1556 2393 1897 2458; x_wconf 85' lang='lat' dir='ltr'><strong>potissimum</strong></span> <span class='ocrx_word' id='word_1_372' title='bbox 1934 2393 2299 2457; x_wconf 86' lang='lat' dir='ltr'><strong>respexerint,</strong></span> <span class='ocrx_word' id='word_1_373' title='bbox 2350 2408 2479 2442; x_wconf 91' lang='lat' dir='ltr'><strong>num</strong></span> <span class='ocrx_word' id='word_1_374' title='bbox 2518 2391 2648 2457; x_wconf 86' lang='lat' dir='ltr'><strong>quid</strong></span> 
     </span>
     <span class='ocr_line' id='line_1_56' title="bbox 1559 2462 2647 2527; baseline -0.003 -14"><span class='ocrx_word' id='word_1_375' title='bbox 1559 2462 1815 2524; x_wconf 87' lang='lat' dir='ltr'><strong>ulterius,</strong></span> <span class='ocrx_word' id='word_1_376' title='bbox 1888 2477 2047 2527; x_wconf 87' lang='lat' dir='ltr'><strong>quam</strong></span> <span class='ocrx_word' id='word_1_377' title='bbox 2118 2462 2423 2512; x_wconf 87' lang='lat' dir='ltr'><strong>commercii</strong></span> <span class='ocrx_word' id='word_1_378' title='bbox 2478 2477 2647 2511; x_wconf 80' lang='lat' dir='ltr'><strong>causa</strong></span> 
     </span>
     <span class='ocr_line' id='line_1_57' title="bbox 1559 2530 2649 2597; baseline -0.002 -16"><span class='ocrx_word' id='word_1_379' title='bbox 1559 2531 1726 2597; x_wconf 76' lang='lat' dir='ltr'><strong>vulgo</strong></span> <span class='ocrx_word' id='word_1_380' title='bbox 1763 2531 2260 2596; x_wconf 84' lang='lat' dir='ltr'><strong>proficiscerentur,</strong></span> <span class='ocrx_word' id='word_1_381' title='bbox 2299 2530 2549 2596; x_wconf 86' lang='lat' dir='ltr'><strong>progredi</strong></span> <span class='ocrx_word' id='word_1_382' title='bbox 2583 2530 2649 2579; x_wconf 85' lang='lat' dir='ltr'><strong>li-</strong></span> 
     </span>
     <span class='ocr_line' id='line_1_58' title="bbox 1561 2607 1702 2652; baseline -0.016 0"><span class='ocrx_word' id='word_1_383' title='bbox 1561 2607 1702 2652; x_wconf 83' lang='lat' dir='ltr'><strong>ceat.</strong></span> 
     </span>
    </p>

    <p class='ocr_par' dir='ltr' id='par_1_7' title="bbox 1558 2660 2657 3704">
     <span class='ocr_line' id='line_1_59' title="bbox 1635 2660 2650 2749; baseline -0.002 -31"><span class='ocrx_word' id='word_1_384' title='bbox 1635 2667 1753 2733; x_wconf 83' lang='grc' dir='ltr'><strong>Τὴς</strong></span> <span class='ocrx_word' id='word_1_385' title='bbox 1787 2660 1893 2733; x_wconf 81' lang='grc' dir='ltr'><strong>γὰρ</strong></span> <span class='ocrx_word' id='word_1_386' title='bbox 1914 2660 2130 2749; x_wconf 80' lang='grc' dir='ltr'><strong><em>Λιβύης</em></strong></span> <span class='ocrx_word' id='word_1_387' title='bbox 2153 2661 2220 2718; x_wconf 78' lang='grc' dir='ltr'><strong><em>τὰ</em></strong></span> <span class='ocrx_word' id='word_1_388' title='bbox 2245 2662 2348 2733; x_wconf 68' lang='grc' dir='ltr'><strong>μὲν</strong></span> <span class='ocrx_word' id='word_1_389' title='bbox 2378 2661 2521 2718; x_wconf 79' lang='grc' dir='ltr'><strong><em>κατὰ</em></strong></span> <span class='ocrx_word' id='word_1_390' title='bbox 2543 2660 2650 2731; x_wconf 84' lang='grc' dir='ltr'><strong>τὴν</strong></span> 
     </span>
     <span class='ocr_line' id='line_1_60' title="bbox 1559 2732 2650 2806; baseline -0.002 -18"><span class='ocrx_word' id='word_1_391' title='bbox 1559 2736 1806 2806; x_wconf 77' lang='grc' dir='ltr'><strong><em>βορηΐην</em></strong></span> <span class='ocrx_word' id='word_1_392' title='bbox 1846 2732 2145 2788; x_wconf 82' lang='grc' dir='ltr'><strong><em>θάλασσαν</em></strong></span> <span class='ocrx_word' id='word_1_393' title='bbox 2193 2753 2244 2787; x_wconf 80' lang='grc' dir='ltr'><strong>κ.</strong></span> <span class='ocrx_word' id='word_1_394' title='bbox 2286 2753 2332 2787; x_wconf 89' lang='grc' dir='ltr'><strong>τ.</strong></span> <span class='ocrx_word' id='word_1_395' title='bbox 2373 2733 2447 2803; x_wconf 90' lang='grc' dir='ltr'><strong><em>λ.]</em></strong></span> <span class='ocrx_word' id='word_1_396' title='bbox 2506 2738 2650 2787; x_wconf 87' lang='lat' dir='ltr'><strong>Ean-</strong></span> 
     </span>
     <span class='ocr_line' id='line_1_61' title="bbox 1560 2805 2650 2873; baseline -0.004 -14"><span class='ocrx_word' id='word_1_397' title='bbox 1560 2810 1682 2859; x_wconf 91' lang='lat' dir='ltr'><strong>dem</strong></span> <span class='ocrx_word' id='word_1_398' title='bbox 1716 2807 1927 2873; x_wconf 76' lang='lat' dir='ltr'><strong>Libyae</strong></span> <span class='ocrx_word' id='word_1_399' title='bbox 1962 2807 2019 2858; x_wconf 86' lang='lat' dir='ltr'><strong>in</strong></span> <span class='ocrx_word' id='word_1_400' title='bbox 2054 2815 2165 2858; x_wconf 88' lang='lat' dir='ltr'><strong>tres</strong></span> <span class='ocrx_word' id='word_1_401' title='bbox 2200 2812 2383 2873; x_wconf 84' lang='lat' dir='ltr'><strong>partes</strong></span> <span class='ocrx_word' id='word_1_402' title='bbox 2430 2805 2650 2858; x_wconf 76' lang='lat' dir='ltr'><strong>divisio-</strong></span> 
     </span>
     <span class='ocr_line' id='line_1_62' title="bbox 1560 2876 2649 2942; baseline -0.002 -14"><span class='ocrx_word' id='word_1_403' title='bbox 1560 2894 1682 2928; x_wconf 89' lang='lat' dir='ltr'><strong>nem</strong></span> <span class='ocrx_word' id='word_1_404' title='bbox 1736 2877 1946 2942; x_wconf 82' lang='lat' dir='ltr'><strong>profert</strong></span> <span class='ocrx_word' id='word_1_405' title='bbox 1997 2877 2103 2939; x_wconf 83' lang='lat' dir='ltr'><strong>IV,</strong></span> <span class='ocrx_word' id='word_1_406' title='bbox 2151 2877 2268 2927; x_wconf 83' lang='lat'><strong>181.</strong></span> <span class='ocrx_word' id='word_1_407' title='bbox 2362 2876 2514 2937; x_wconf 82' lang='lat' dir='ltr'><strong>Quae</strong></span> <span class='ocrx_word' id='word_1_408' title='bbox 2561 2876 2649 2926; x_wconf 78' lang='lat' dir='ltr'><strong>vel</strong></span> 
     </span>
     <span class='ocr_line' id='line_1_63' title="bbox 1559 2945 2648 2998; baseline -0.002 -1"><span class='ocrx_word' id='word_1_409' title='bbox 1559 2947 1719 2997; x_wconf 87' lang='lat' dir='ltr'><strong>hodie</strong></span> <span class='ocrx_word' id='word_1_410' title='bbox 1755 2951 1972 2997; x_wconf 82' lang='lat' dir='ltr'><strong>servata</strong></span> <span class='ocrx_word' id='word_1_411' title='bbox 2010 2962 2130 2998; x_wconf 83' lang='lat' dir='ltr'><strong>esse</strong></span> <span class='ocrx_word' id='word_1_412' title='bbox 2165 2945 2404 2997; x_wconf 83' lang='lat' dir='ltr'><strong>dicitur</strong></span> <span class='ocrx_word' id='word_1_413' title='bbox 2389 2963 2446 2997; x_wconf 89' lang='lat' dir='ltr'><strong>m</strong></span> <span class='ocrx_word' id='word_1_414' title='bbox 2474 2946 2648 2995; x_wconf 87' lang='lat' dir='ltr'><strong>tribus</strong></span> 
     </span>
     <span class='ocr_line' id='line_1_64' title="bbox 1558 3015 2649 3081; baseline 0.001 -15"><span class='ocrx_word' id='word_1_415' title='bbox 1558 3016 1669 3066; x_wconf 86' lang='lat' dir='ltr'><strong>illis</strong></span> <span class='ocrx_word' id='word_1_416' title='bbox 1707 3015 2186 3081; x_wconf 78' lang='lat' dir='ltr'><strong>appellationibus:</strong></span> <span class='ocrx_word' id='word_1_417' title='bbox 2225 3015 2514 3074; x_wconf 74' lang='lat' dir='ltr'><strong>Bar-harei,</strong></span> <span class='ocrx_word' id='word_1_418' title='bbox 2556 3016 2649 3067; x_wconf 81' lang='lat' dir='ltr'><strong>Bi-</strong></span> 
     </span>
     <span class='ocr_line' id='line_1_65' title="bbox 1563 3085 2654 3153; baseline 0 -17"><span class='ocrx_word' id='word_1_419' title='bbox 1563 3087 1850 3148; x_wconf 73' lang='lat' dir='ltr'><strong>ledutqen’d</strong></span> <span class='ocrx_word' id='word_1_420' title='bbox 1892 3090 1946 3136; x_wconf 87' lang='lat' dir='ltr'><strong>et</strong></span> <span class='ocrx_word' id='word_1_421' title='bbox 1981 3085 2214 3143; x_wconf 74' lang='lat' dir='ltr'><strong>Saltum:</strong></span> <span class='ocrx_word' id='word_1_422' title='bbox 2261 3086 2460 3153; x_wconf 88' lang='lat' dir='ltr'><strong>qnippe</strong></span> <span class='ocrx_word' id='word_1_423' title='bbox 2495 3094 2654 3136; x_wconf 86' lang='lat' dir='ltr'><strong>natu-</strong></span> 
     </span>
     <span class='ocr_line' id='line_1_66' title="bbox 1564 3155 2654 3223; baseline -0.001 -18"><span class='ocrx_word' id='word_1_424' title='bbox 1564 3171 1659 3205; x_wconf 89' lang='lat' dir='ltr'><strong>rae</strong></span> <span class='ocrx_word' id='word_1_425' title='bbox 1701 3156 1808 3219; x_wconf 89' lang='lat' dir='ltr'><strong>ipsi</strong></span> <span class='ocrx_word' id='word_1_426' title='bbox 1854 3155 1949 3205; x_wconf 83' lang='lat' dir='ltr'><strong>illa</strong></span> <span class='ocrx_word' id='word_1_427' title='bbox 1992 3162 2075 3208; x_wconf 87' lang='lat' dir='ltr'><strong>est</strong></span> <span class='ocrx_word' id='word_1_428' title='bbox 2114 3156 2278 3207; x_wconf 79' lang='lat' dir='ltr'><strong>valde</strong></span> <span class='ocrx_word' id='word_1_429' title='bbox 2322 3171 2562 3223; x_wconf 84' lang='lat' dir='ltr'><strong>congrua</strong></span> <span class='ocrx_word' id='word_1_430' title='bbox 2600 3160 2654 3205; x_wconf 88' lang='lat' dir='ltr'><strong>et</strong></span> 
     </span>
     <span class='ocr_line' id='line_1_67' title="bbox 1564 3225 2652 3289; baseline -0.002 -13"><span class='ocrx_word' id='word_1_431' title='bbox 1564 3229 1953 3276; x_wconf 87' lang='lat' dir='ltr'><strong>consentanea.</strong></span> <span class='ocrx_word' id='word_1_432' title='bbox 2035 3227 2189 3289; x_wconf 81' lang='lat' dir='ltr'><strong>Quae</strong></span> <span class='ocrx_word' id='word_1_433' title='bbox 2242 3225 2387 3276; x_wconf 86' lang='lat' dir='ltr'><strong>ultra</strong></span> <span class='ocrx_word' id='word_1_434' title='bbox 2435 3226 2652 3276; x_wconf 83' lang='lat' dir='ltr'><strong>deserta</strong></span> 
     </span>
     <span class='ocr_line' id='line_1_68' title="bbox 1565 3294 2654 3361; baseline -0.003 -15"><span class='ocrx_word' id='word_1_435' title='bbox 1565 3294 1774 3346; x_wconf 76' lang='lat' dir='ltr'><strong>Sabata</strong></span> <span class='ocrx_word' id='word_1_436' title='bbox 1803 3301 1927 3344; x_wconf 88' lang='lat' dir='ltr'><strong>sunt</strong></span> <span class='ocrx_word' id='word_1_437' title='bbox 1965 3297 2216 3361; x_wconf 83' lang='lat' dir='ltr'><strong>regiones</strong></span> <span class='ocrx_word' id='word_1_438' title='bbox 2241 3295 2421 3345; x_wconf 86' lang='lat' dir='ltr'><strong>cultae</strong></span> <span class='ocrx_word' id='word_1_439' title='bbox 2456 3310 2522 3345; x_wconf 85' lang='lat' dir='ltr'><strong>ac</strong></span> <span class='ocrx_word' id='word_1_440' title='bbox 2551 3295 2654 3344; x_wconf 79' lang='lat' dir='ltr'><strong>fer-</strong></span> 
     </span>
     <span class='ocr_line' id='line_1_69' title="bbox 1566 3363 2653 3429; baseline -0.002 -17"><span class='ocrx_word' id='word_1_441' title='bbox 1566 3363 1716 3424; x_wconf 60' lang='lat' dir='ltr'><strong>tilem,</strong></span> <span class='ocrx_word' id='word_1_442' title='bbox 1767 3379 1911 3414; x_wconf 90' lang='lat' dir='ltr'><strong>nunc</strong></span> <span class='ocrx_word' id='word_1_443' title='bbox 1962 3366 2214 3429; x_wconf 84' lang='lat' dir='ltr'><strong>cognitae</strong></span> <span class='ocrx_word' id='word_1_444' title='bbox 2263 3369 2391 3414; x_wconf 88' lang='lat' dir='ltr'><strong>sunt</strong></span> <span class='ocrx_word' id='word_1_445' title='bbox 2441 3363 2653 3412; x_wconf 86' lang='lat' dir='ltr'><strong>nomine</strong></span> 
     </span>
     <span class='ocr_line' id='line_1_70' title="bbox 1566 3431 2653 3497; baseline -0.002 -16"><span class='ocrx_word' id='word_1_446' title='bbox 1566 3433 1819 3497; x_wconf 65' lang='lat' dir='ltr'><strong>Nigriciae</strong></span> <span class='ocrx_word' id='word_1_447' title='bbox 1854 3432 1971 3482; x_wconf 86' lang='lat' dir='ltr'><strong>sive</strong></span> <span class='ocrx_word' id='word_1_448' title='bbox 2005 3433 2211 3491; x_wconf 70' lang='lat' dir='ltr'><strong>Sudan:</strong></span> <span class='ocrx_word' id='word_1_449' title='bbox 2248 3448 2383 3497; x_wconf 89' lang='lat' dir='ltr'><strong>quas</strong></span> <span class='ocrx_word' id='word_1_450' title='bbox 2420 3446 2520 3482; x_wconf 93' lang='lat' dir='ltr'><strong>nec</strong></span> <span class='ocrx_word' id='word_1_451' title='bbox 2544 3431 2653 3480; x_wconf 89' lang='lat' dir='ltr'><strong>He-</strong></span> 
     </span>
     <span class='ocr_line' id='line_1_71' title="bbox 1565 3501 2654 3567; baseline -0.004 -15"><span class='ocrx_word' id='word_1_452' title='bbox 1565 3502 1756 3552; x_wconf 90' lang='lat' dir='ltr'><strong>rodoto</strong></span> <span class='ocrx_word' id='word_1_453' title='bbox 1782 3517 2001 3567; x_wconf 89' lang='lat' dir='ltr'><strong>prorsus</strong></span> <span class='ocrx_word' id='word_1_454' title='bbox 2030 3502 2336 3566; x_wconf 82' lang='lat' dir='ltr'><strong>incognitas</strong></span> <span class='ocrx_word' id='word_1_455' title='bbox 2371 3501 2558 3563; x_wconf 83' lang='lat' dir='ltr'><strong>fuisse,</strong></span> <span class='ocrx_word' id='word_1_456' title='bbox 2590 3515 2654 3549; x_wconf 86' lang='lat' dir='ltr'><strong>ea</strong></span> 
     </span>
     <span class='ocr_line' id='line_1_72' title="bbox 1564 3570 2657 3636; baseline -0.003 -16"><span class='ocrx_word' id='word_1_457' title='bbox 1564 3572 1688 3635; x_wconf 86' lang='lat' dir='ltr'><strong>ipsa</strong></span> <span class='ocrx_word' id='word_1_458' title='bbox 1724 3570 2033 3634; x_wconf 86' lang='lat' dir='ltr'><strong>declarant,</strong></span> <span class='ocrx_word' id='word_1_459' title='bbox 2082 3586 2218 3636; x_wconf 91' lang='lat' dir='ltr'><strong>quae</strong></span> <span class='ocrx_word' id='word_1_460' title='bbox 2266 3572 2321 3620; x_wconf 87' lang='lat' dir='ltr'><strong>in</strong></span> <span class='ocrx_word' id='word_1_461' title='bbox 2358 3570 2518 3620; x_wconf 85' lang='lat' dir='ltr'><strong>huius</strong></span> <span class='ocrx_word' id='word_1_462' title='bbox 2569 3584 2657 3618; x_wconf 88' lang='lat' dir='ltr'><strong>ca-</strong></span> 
     </span>
     <span class='ocr_line' id='line_1_73' title="bbox 1565 3638 2653 3704; baseline -0.001 -16"><span class='ocrx_word' id='word_1_463' title='bbox 1565 3640 1696 3704; x_wconf 85' lang='lat' dir='ltr'><strong>pitis</strong></span> <span class='ocrx_word' id='word_1_464' title='bbox 1732 3638 1840 3688; x_wconf 87' lang='lat' dir='ltr'><strong>fine</strong></span> <span class='ocrx_word' id='word_1_465' title='bbox 1872 3640 2146 3703; x_wconf 82' lang='lat' dir='ltr'><strong>leguntur.</strong></span> <span class='ocrx_word' id='word_1_466' title='bbox 2198 3639 2397 3688; x_wconf 86' lang='lat' dir='ltr'><strong>Confer</strong></span> <span class='ocrx_word' id='word_1_467' title='bbox 2420 3640 2653 3689; x_wconf 87' lang='lat' dir='ltr'><strong>Heeren.</strong></span> 
     </span>
    </p>
   </div>
   <div class='ocr_carea' id='block_1_6' title="bbox 1565 3707 2755 3778">
    <p class='ocr_par' dir='ltr' id='par_1_8' title="bbox 1565 3707 2755 3778">
     <span class='ocr_line' id='line_1_74' title="bbox 1565 3707 2755 3778; baseline -0.003 -18"><span class='ocrx_word' id='word_1_468' title='bbox 1565 3708 1733 3760; x_wconf 88' lang='lat' dir='ltr'><strong>Ideen</strong></span> <span class='ocrx_word' id='word_1_469' title='bbox 1771 3708 1848 3770; x_wconf 88' lang='lat'><strong>11,</strong></span> <span class='ocrx_word' id='word_1_470' title='bbox 1896 3709 1939 3758; x_wconf 91' lang='grc' dir='ltr'><strong>Ι.</strong></span> <span class='ocrx_word' id='word_1_471' title='bbox 1970 3725 2024 3773; x_wconf 89' lang='lat' dir='ltr'><strong>p.</strong></span> <span class='ocrx_word' id='word_1_472' title='bbox 2050 3708 2085 3758; x_wconf 82' lang='lat'>6</span> <span class='ocrx_word' id='word_1_473' title='bbox 2121 3707 2244 3759; x_wconf 88' lang='lat' dir='ltr'><strong>coll.</strong></span> <span class='ocrx_word' id='word_1_474' title='bbox 2283 3709 2487 3758; x_wconf 84' lang='lat' dir='ltr'><strong>Ritter·</strong></span> <span class='ocrx_word' id='word_1_475' title='bbox 2522 3707 2660 3758; x_wconf 81' lang='lat' dir='ltr'><strong>Erd-</strong></span> <span class='ocrx_word' id='word_1_476' title='bbox 2746 3771 2755 3778; x_wconf 79' lang='lat'><em>,</em></span> 
     </span>
    </p>
   </div>
   <div class='ocr_carea' id='block_1_7' title="bbox 1566 3777 2661 4188">
    <p class='ocr_par' dir='ltr' id='par_1_9' title="bbox 1568 3777 2090 3858">
     <span class='ocr_line' id='line_1_75' title="bbox 1568 3777 2090 3858; baseline -0.002 -30"><span class='ocrx_word' id='word_1_477' title='bbox 1568 3777 1752 3829; x_wconf 87' lang='lat' dir='ltr'><strong>kunde</strong></span> <span class='ocrx_word' id='word_1_478' title='bbox 1790 3777 1838 3828; x_wconf 92' lang='lat'><strong>1.</strong></span> <span class='ocrx_word' id='word_1_479' title='bbox 1863 3793 1932 3858; x_wconf 89' lang='lat' dir='ltr'><strong>p.</strong></span> <span class='ocrx_word' id='word_1_480' title='bbox 1967 3777 2090 3828; x_wconf 88' lang='grc'><strong>898.</strong></span> 
     </span>
    </p>

    <p class='ocr_par' dir='ltr' id='par_1_10' title="bbox 1566 3837 2661 4188">
     <span class='ocr_line' id='line_1_76' title="bbox 1644 3837 2656 3912; baseline -0.002 -17"><span class='ocrx_word' id='word_1_481' title='bbox 1644 3845 1762 3909; x_wconf 86' lang='grc' dir='ltr'><strong>Τῆς</strong></span> <span class='ocrx_word' id='word_1_482' title='bbox 1816 3841 1921 3910; x_wconf 79' lang='grc' dir='ltr'><strong>γὰρ</strong></span> <span class='ocrx_word' id='word_1_483' title='bbox 1976 3837 2192 3912; x_wconf 79' lang='grc' dir='ltr'><strong><em>Λιβύης</em></strong></span> <span class='ocrx_word' id='word_1_484' title='bbox 2236 3877 2307 3887; x_wconf 87' lang='grc'><strong>--</strong></span> <span class='ocrx_word' id='word_1_485' title='bbox 2336 3838 2656 3910; x_wconf 85' lang='grc' dir='ltr'><strong><em>θάλασσαν]</em></strong></span> 
     </span>
     <span class='ocr_line' id='line_1_77' title="bbox 1566 3915 2660 3982; baseline -0.002 -16"><span class='ocrx_word' id='word_1_486' title='bbox 1566 3918 1606 3966; x_wconf 87' lang='lat' dir='ltr'><strong>i.</strong></span> <span class='ocrx_word' id='word_1_487' title='bbox 1638 3932 1684 3966; x_wconf 86' lang='lat' dir='ltr'><strong>e.</strong></span> <span class='ocrx_word' id='word_1_488' title='bbox 1714 3916 1849 3980; x_wconf 80' lang='lat' dir='ltr'><strong>quod</strong></span> <span class='ocrx_word' id='word_1_489' title='bbox 1881 3917 2058 3966; x_wconf 72' lang='lat' dir='ltr'><strong>attinet</strong></span> <span class='ocrx_word' id='word_1_490' title='bbox 2093 3916 2166 3966; x_wconf 80' lang='lat' dir='ltr'><strong>ad</strong></span> <span class='ocrx_word' id='word_1_491' title='bbox 2191 3931 2281 3966; x_wconf 77' lang='lat' dir='ltr'><strong>eas</strong></span> <span class='ocrx_word' id='word_1_492' title='bbox 2314 3915 2510 3982; x_wconf 74' lang='lat' dir='ltr'><strong>Libyae</strong></span> <span class='ocrx_word' id='word_1_493' title='bbox 2530 3930 2660 3978; x_wconf 82' lang='lat' dir='ltr'><strong>par·</strong></span> 
     </span>
     <span class='ocr_line' id='line_1_78' title="bbox 1572 3984 2658 4050; baseline -0.002 -15"><span class='ocrx_word' id='word_1_494' title='bbox 1572 3994 1675 4046; x_wconf 74' lang='lat' dir='ltr'><strong>tes,</strong></span> <span class='ocrx_word' id='word_1_495' title='bbox 1727 3999 1859 4050; x_wconf 78' lang='lat' dir='ltr'><strong>quae</strong></span> <span class='ocrx_word' id='word_1_496' title='bbox 1892 3986 2156 4035; x_wconf 62' lang='lat' dir='ltr'><strong>see-madum</strong></span> <span class='ocrx_word' id='word_1_497' title='bbox 2199 4001 2339 4035; x_wconf 73' lang='lat' dir='ltr'><strong>mare</strong></span> <span class='ocrx_word' id='word_1_498' title='bbox 2369 3984 2576 4036; x_wconf 80' lang='lat' dir='ltr'><strong>boreale</strong></span> <span class='ocrx_word' id='word_1_499' title='bbox 2612 4000 2658 4035; x_wconf 85' lang='lat' dir='ltr'><strong>s.</strong></span> 
     </span>
     <span class='ocr_line' id='line_1_79' title="bbox 1569 4054 2661 4120; baseline -0.001 -17"><span class='ocrx_word' id='word_1_500' title='bbox 1569 4055 1984 4105; x_wconf 76' lang='lat' dir='ltr'><strong>mediterraneum</strong></span> <span class='ocrx_word' id='word_1_501' title='bbox 2039 4057 2398 4120; x_wconf 61' lang='lat' dir='ltr'><strong>pom-tynam,-</strong></span> <span class='ocrx_word' id='word_1_502' title='bbox 2468 4054 2661 4120; x_wconf 88' lang='lat' dir='ltr'><strong>quibus</strong></span> 
     </span>
     <span class='ocr_line' id='line_1_80' title="bbox 1574 4122 2660 4188; baseline -0.002 -14"><span class='ocrx_word' id='word_1_503' title='bbox 1574 4139 1669 4174; x_wconf 87' lang='lat' dir='ltr'><strong>ora</strong></span> <span class='ocrx_word' id='word_1_504' title='bbox 1715 4123 1954 4174; x_wconf 84' lang='lat' dir='ltr'><strong>borealis</strong></span> <span class='ocrx_word' id='word_1_505' title='bbox 1996 4124 2206 4188; x_wconf 80' lang='lat' dir='ltr'><strong>Libyae</strong></span> <span class='ocrx_word' id='word_1_506' title='bbox 2252 4122 2553 4186; x_wconf 86' lang='lat' dir='ltr'><strong>indicatur,</strong></span> <span class='ocrx_word' id='word_1_507' title='bbox 2602 4122 2660 4172; x_wconf 88' lang='lat' dir='ltr'><strong>in</strong></span> 
     </span>
    </p>
   </div>
   <div class='ocr_carea' id='block_1_8' title="bbox 1574 4191 2661 4244">
    <p class='ocr_par' dir='ltr' id='par_1_11' title="bbox 1574 4191 2661 4244">
     <span class='ocr_line' id='line_1_81' title="bbox 1574 4191 2661 4244; baseline -0.003 0"><span class='ocrx_word' id='word_1_508' title='bbox 1574 4193 1729 4244; x_wconf 90' lang='lat' dir='ltr'><strong>cuius</strong></span> <span class='ocrx_word' id='word_1_509' title='bbox 1789 4198 2027 4243; x_wconf 84' lang='lat' dir='ltr'><strong>extrema</strong></span> <span class='ocrx_word' id='word_1_510' title='bbox 2082 4191 2415 4243; x_wconf 86' lang='lat' dir='ltr'><strong>occidentem</strong></span> <span class='ocrx_word' id='word_1_511' title='bbox 2470 4206 2661 4243; x_wconf 77' lang='lat' dir='ltr'><strong>versus</strong></span> 
     </span>
    </p>
   </div>
   <div class='ocr_carea' id='block_1_9' title="bbox 379 4261 2662 4327">
    <p class='ocr_par' dir='ltr' id='par_1_12' title="bbox 379 4261 2662 4327">
     <span class='ocr_line' id='line_1_82' title="bbox 379 4261 2662 4327; baseline -0.001 -13"><span class='ocrx_word' id='word_1_512' title='bbox 379 4266 466 4314; x_wconf 92' lang='lat' dir='ltr'><strong>De</strong></span> <span class='ocrx_word' id='word_1_513' title='bbox 501 4263 867 4314; x_wconf 73' lang='lat' dir='ltr'><strong>Nasamonibus</strong></span> <span class='ocrx_word' id='word_1_514' title='bbox 903 4264 1087 4314; x_wconf 83' lang='lat' dir='ltr'><strong>confer</strong></span> <span class='ocrx_word' id='word_1_515' title='bbox 1125 4264 1231 4325; x_wconf 83' lang='lat' dir='ltr'><strong>IV,</strong></span> <span class='ocrx_word' id='word_1_516' title='bbox 1272 4264 1367 4314; x_wconf 86' lang='grc'><strong>172</strong></span> <span class='ocrx_word' id='word_1_517' title='bbox 1415 4269 1472 4312; x_wconf 90' lang='lat' dir='ltr'><strong>et</strong></span> <span class='ocrx_word' id='word_1_518' title='bbox 1574 4267 1728 4327; x_wconf 88' lang='lat' dir='ltr'><strong>parte</strong></span> <span class='ocrx_word' id='word_1_519' title='bbox 1764 4263 1833 4312; x_wconf 89' lang='lat' dir='ltr'><strong>ab</strong></span> <span class='ocrx_word' id='word_1_520' title='bbox 1858 4262 2140 4313; x_wconf 82' lang='lat' dir='ltr'><strong>Herodoto</strong></span> <span class='ocrx_word' id='word_1_521' title='bbox 2174 4261 2477 4312; x_wconf 78' lang='lat' dir='ltr'><strong>collocatur</strong></span> <span class='ocrx_word' id='word_1_522' title='bbox 2496 4261 2662 4312; x_wconf 67' lang='lat' dir='ltr'><strong>Solois</strong></span> 
     </span>
    </p>
   </div>
   <div class='ocr_carea' id='block_1_10' title="bbox 379 4332 1472 4398">
    <p class='ocr_par' dir='ltr' id='par_1_13' title="bbox 379 4332 1472 4398">
     <span class='ocr_line' id='line_1_83' title="bbox 379 4332 1472 4398; baseline -0.001 -15"><span class='ocrx_word' id='word_1_523' title='bbox 379 4333 607 4384; x_wconf 88' lang='lat' dir='ltr'><strong>Diodor.</strong></span> <span class='ocrx_word' id='word_1_524' title='bbox 636 4332 805 4384; x_wconf 83' lang='lat' dir='ltr'><strong>Sicul.</strong></span> <span class='ocrx_word' id='word_1_525' title='bbox 834 4333 942 4395; x_wconf 91' lang='grc' dir='ltr'><strong><em>ΙΙΙ,</em></strong></span> <span class='ocrx_word' id='word_1_526' title='bbox 968 4333 1054 4384; x_wconf 82' lang='grc'><strong>49.</strong></span> <span class='ocrx_word' id='word_1_527' title='bbox 1126 4333 1306 4398; x_wconf 82' lang='lat' dir='ltr'><strong>Atque</strong></span> <span class='ocrx_word' id='word_1_528' title='bbox 1330 4333 1472 4382; x_wconf 83' lang='lat' dir='ltr'><strong>Hee-</strong></span> 
     </span>
    </p>
   </div>
   <div class='ocr_carea' id='block_1_11' title="bbox 1574 4329 2657 4396">
    <p class='ocr_par' dir='ltr' id='par_1_14' title="bbox 1574 4329 2657 4396">
     <span class='ocr_line' id='line_1_84' title="bbox 1574 4329 2657 4396; baseline -0.002 -15"><span class='ocrx_word' id='word_1_529' title='bbox 1574 4332 2016 4396; x_wconf 80' lang='lat' dir='ltr'><strong>promontorium.</strong></span> <span class='ocrx_word' id='word_1_530' title='bbox 2064 4331 2222 4381; x_wconf 84' lang='lat' dir='ltr'><strong>Conf.</strong></span> <span class='ocrx_word' id='word_1_531' title='bbox 2244 4332 2339 4393; x_wconf 86' lang='lat' dir='ltr'><strong>IV,</strong></span> <span class='ocrx_word' id='word_1_532' title='bbox 2360 4330 2448 4380; x_wconf 78' lang='lat'><strong>43.</strong></span> <span class='ocrx_word' id='word_1_533' title='bbox 2505 4329 2657 4393; x_wconf 81' lang='lat' dir='ltr'><strong>Quod</strong></span> 
     </span>
    </p>
   </div>
   <div class='ocr_carea' id='block_1_12' title="bbox 381 4400 2662 4466">
    <p class='ocr_par' dir='ltr' id='par_1_15' title="bbox 381 4400 2662 4466">
     <span class='ocr_line' id='line_1_85' title="bbox 381 4400 2662 4466; baseline -0.002 -14"><span class='ocrx_word' id='word_1_534' title='bbox 381 4403 592 4466; x_wconf 79' lang='lat' dir='ltr'><strong>renius,</strong></span> <span class='ocrx_word' id='word_1_535' title='bbox 661 4402 757 4453; x_wconf 88' lang='lat' dir='ltr'><strong>ubi</strong></span> <span class='ocrx_word' id='word_1_536' title='bbox 817 4402 959 4452; x_wconf 86' lang='lat' dir='ltr'><strong>hunc</strong></span> <span class='ocrx_word' id='word_1_537' title='bbox 1016 4401 1196 4453; x_wconf 89' lang='lat' dir='ltr'><strong>locum</strong></span> <span class='ocrx_word' id='word_1_538' title='bbox 1253 4401 1473 4466; x_wconf 85' lang='lat' dir='ltr'><strong>exponit</strong></span> <span class='ocrx_word' id='word_1_539' title='bbox 1572 4401 1997 4465; x_wconf 86' lang='lat' dir='ltr'><strong>promontorium</strong></span> <span class='ocrx_word' id='word_1_540' title='bbox 2035 4400 2227 4451; x_wconf 72' lang='lat' dir='ltr'><strong>Kantin</strong></span> <span class='ocrx_word' id='word_1_541' title='bbox 2263 4414 2402 4462; x_wconf 85' lang='lat' dir='ltr'><strong>esse,</strong></span> <span class='ocrx_word' id='word_1_542' title='bbox 2442 4400 2662 4465; x_wconf 85' lang='lat' dir='ltr'><strong>copiosa</strong></span> 
     </span>
    </p>
   </div>
  </div>
 </body>
</html>
