3109 5092
1122 303 1631 399 ‘EUTERPR
1676 308 1761 366 11.
1804 318 1923 371 121.
2543 313 2666 375 693

384 481 507 544 τοῦ
534 474 889 563 οἰκήματος
916 479 1378 566 κεκληιμένου.
1449 475 1538 559 ὥς
1569 481 1644 550 δὲ
1672 476 1855 573 αὐτῷ
1882 484 1994 549 καὶ
2026 483 2129 561 δὶς
2167 484 2279 551 καὶ
2304 487 2448 573 τρὶς
2473 484 2661 557 ἄνοι’-

386 582 569 661 ξαντι
599 581 732 647 αἰεὶ
760 579 1018 648 ἐλάσσω
1036 587 1407 667 φαίνεσθαι
1436 581 1515 651 τοὶ
1539 583 1843 674 χρήματα
1871 582 2057 673 (τούς
2078 582 2205 677 γὰρ
2228 591 2513 669 κλέπτας
2536 588 2662 659 οὐκ

385 679 646 751 ἀνιέναι
677 689 1168 771 κεραΐζοντας),
1209 691 1488 772 ποιῆσαί
1509 716 1629 775 μιν
1656 688 1813 757 τάδε
1834 710 1848 722 ·
1910 688 2125 774 πάγας
2156 690 2516 778 προστάξαι
2547 696 2656 781 έρ-

385 784 759 871 γάσασθαι,
808 788 921 854 καὶ
967 787 1211 866 ταύτας
1252 790 1408 876 περὶ
1454 787 1535 858 τὰ
1581 787 1858 880 ἀγγήια,
1908 795 1982 860 έν
2024 808 2197 861 τοῖσι
2237 791 2319 862 τὰ
2359 795 2660 884 χρήματα

386 892 584 976 ἐνῆν,
630 895 887 977 στῆσαι.
957 895 1096 958 τῶν
1136 890 1212 959 δὲ
1248 898 1536 982 φωρῶν,
1579 890 1806 983 ὥσπερ
1848 898 1924 963 ἐν
1960 899 2055 989 τῷ
2094 893 2225 984 πρὸ
2265 903 2387 965 τοῦ
2412 898 2656 991 χρόνῳ,

385 991 771 1075 ἐλθόντων,
819 993 930 1060 καὶ
961 993 1281 1072 ἐνδύντος
1309 1000 1430 1063 τοῦ
1474 998 1706 1085 ἑτέρου
1744 994 2007 1084 αὐτῶν,
2052 1000 2197 1067 ἐπεὶ
2239 997 2405 1091 πρὸς
2430 999 2504 1069 τὸ
2532 998 2652 1087 ἅγ-

388 1123 503 1182 γος
550 1101 935 1183 προσῆλθε,
982 1100 1187 1176 ἰθέως
1230 1102 1312 1185 τῇ
1341 1097 1521 1187 πάγῃ
1571 1103 1920 1188 ἐνέχεσθαι
1943 1123 1956 1136 ·
2019 1095 2109 1181 ὦς
2143 1102 2217 1171 δὲ
2246 1109 2501 1188 γνῶναι
2529 1101 2653 1173 αὐ-

387 1196 540 1284 τὸν,
576 1203 651 1268 ἐν
678 1203 798 1292 οἴῳ
826 1204 1015 1291 κακῷ
1043 1191 1161 1288 ἦν,
1191 1203 1397 1281 ἰθέως
1424 1207 1693 1271 καλέειν
1722 1202 1843 1272 τὸν
1868 1201 2229 1291 ἀδελφεὸν,
2260 1209 2371 1275 καὶ
2401 1212 2657 1295 δηλοῦν

386 1298 570 1393 αὐτῷ
596 1299 675 1369 τὰ
713 1302 1084 1391 παρεόντα,
1117 1305 1229 1371 καὶ
1256 1304 1564 1373 κελεύειν
1590 1304 1713 1394 τὴν
1739 1315 2055 1395 ταχίστην
2085 1306 2376 1377 ἐσδύντα
2404 1306 2651 1378 ἄποτα-

386 1420 539 1492 μεῑν
577 1402 789 1473 αὐτοῦ
833 1404 957 1494 τὴν
997 1404 1342 1495 κεφαλὴν,
1390 1405 1563 1488 ὅκως
1601 1407 1689 1497 μὴ
1735 1407 1937 1488 αὐτὸς
1973 1407 2218 1497 ὀφθεὶς
2259 1413 2370 1479 καὶ
2404 1439 2652 1500 γνωρι-

385 1510 612 1590 σθεὶς,
656 1503 728 1587 ὃς
757 1518 893 1597 εἴη,
941 1514 1410 1599 προσαπολέσῃ
1443 1514 1554 1580 καὶ
1585 1515 1867 1581 ἐκεῖνον.
1951 1518 2045 1604 τῷ
2089 1514 2163 1581 δὲ
2208 1514 2395 1596 δόξαι
2427 1506 2504 1583 εὖ
2542 1517 2650 1583 λέ-

390 1638 559 1697 γειν,
594 1612 705 1679 καὶ
734 1617 1013 1700 ποιῆσαί
1035 1640 1153 1700 μιν
1181 1616 1549 1683 πεισθέντα
1574 1622 1785 1684 ταῦτα
1804 1638 1817 1651 ·
1864 1617 1978 1685 καὶ
1999 1616 2510 1706 καταρμόσαντα
2536 1614 2657 1686 τὸν

850 1836 988 1898 §.2

452 1919 556 1970 τοῦ
600 1913 909 1985 οἰκήματος
960 1921 1463 1988 κεκληιμένου]

381 1987 752 2054 κεκληιμένου
784 1990 907 2042 dedi
931 1991 1256 2041 Bredovium
1283 2008 1336 2058 p.
1371 1996 1464 2043 177

381 2065 627 2123 secutus,
654 2076 811 2126 quem
836 2061 1063 2110 eundem
1088 2068 1317 2113 recentt.
1340 2062 1465 2113 edd.

379 2130 554 2179 secuti
574 2135 726 2181 sunt·
714 2167 727 2191 ,
751 2129 915 2195 vulgo
928 2129 1303 2195 κεκλειμένου,
1321 2134 1465 2197 quod

380 2215 553 2264 aeque
571 2216 637 2250 ac
649 2198 1038 2261 κεκλεισμένον
1059 2200 1314 2250 librorum
1336 2202 1465 2251 scri-

380 2275 593 2334 ptorum
626 2268 978 2333 complurium
1019 2272 1352 2321 auctoritate
1387 2272 1467 2320 ni-

379 2339 513 2388 titur
546 2354 721 2404 neque
767 2354 895 2389 vero
930 2339 1298 2389 Herodoteum
1345 2356 1465 2390 esse

379 2408 615 2458 videtur.
705 2409 820 2457 Nec
885 2408 1060 2473 magis
1126 2410 1463 2473 probandum

378 2475 943 2540 κατακεκλεισμένον,
983 2478 1125 2542 quod
1160 2483 1297 2528 vett.
1338 2480 1459 2529 edd.

379 2548 656 2612 praebent.
699 2547 783 2596 Ad
805 2545 913 2596 loci
936 2553 1309 2611 argumentum
1337 2554 1465 2612 apte

381 2621 563 2666 monet
596 2615 923 2666 Wilkinson.
953 2616 1228 2668 Manners.
1251 2622 1357 2666 etc.
1385 2618 1461 2667 ΙΙ.

381 2703 434 2751 p.
461 2687 576 2747 111,
609 2688 663 2735 in
689 2686 1076 2751 Aegyptiorum
1105 2689 1463 2736 monumentis

380 2755 625 2820 conspici
663 2756 851 2805 domus
904 2754 1059 2804 obice
1104 2754 1319 2804 clausas
1355 2771 1465 2806 ma-

378 2825 653 2889 ioremque
689 2826 742 2874 in
791 2824 1138 2875 securitatem
1177 2824 1302 2874 addi
1340 2825 1465 2874 sub-

379 2894 505 2943 inde
541 2894 778 2959 sigillum
816 2892 852 2957 (,
859 2891 1245 2959 ‚occasionally
1280 2894 1464 2944 scaled

379 2963 512 3013 with
548 2980 582 3014 a
615 2979 760 3014 mass
797 2963 858 3014 of
886 2962 1027 3028 clay‘
1035 2963 1073 3025 ι)
1117 2964 1340 3028 ipseque
1377 2980 1465 3014 ex-

379 3033 530 3083 hibet
566 3033 709 3083 fores
754 3033 963 3097 aliquot
995 3033 1073 3081 ita
1116 3031 1332 3083 clausas
1373 3034 1464 3085 ob-

382 3103 482 3153 ice.
523 3094 847 3166 σήμαντρον
892 3102 1077 3153 eodem
1118 3117 1281 3152 sensu
1316 3103 1465 3153 adhi-

379 3173 499 3221 buit
561 3172 627 3221 de
681 3170 860 3236 sigillo
914 3171 1460 3250 Euripid.1phigen.

380 3242 546 3290 'laun
583 3240 744 3302 1372,
793 3234 1181 3305 σημαντήριον
1227 3242 1463 3307 Aeschy-

377 3309 463 3358 lus
521 3309 657 3358 dixit
714 3311 769 3358 in
813 3309 1130 3373 Agamemn.
1176 3310 1296 3362 592.
1377 3312 1464 3363 Ad

379 3378 547 3427 verba
582 3372 676 3425 καὶ
711 3372 802 3433 δὶς
824 3372 920 3425 καὶ
950 3373 1069 3439 τρὶς
1108 3377 1166 3441 (i.
1203 3395 1250 3429 e.
1287 3384 1463 3430 iterum

377 3455 527 3511 atque
568 3449 770 3503 iterum,
827 3445 1053 3508 saepius)
1103 3449 1249 3498 conf.
1299 3464 1464 3513 supra

378 3521 518 3566 nott.
555 3515 623 3565 ad
660 3515 747 3576 ΙΙ,
788 3513 905 3563 120.

449 3609 557 3667 οὐκ
615 3607 906 3666 ἀνιέναι
968 3610 1461 3695 κεραΐζοντας]

377 3688 663 3752 Participii
703 3701 862 3735 usum
914 3690 1037 3750 post
1071 3674 1290 3733 ανιέναι
1327 3685 1462 3735 satis

378 3760 822 3817 commonstrant,
858 3770 996 3819 quae
1020 3753 1217 3804 Matth.
1249 3770 1302 3818 p.
1331 3755 1459 3805 1081

379 3828 643 3892 disputat.
707 3826 781 3875 Et
816 3825 961 3875 conf.
990 3839 1203 3889 quoque
1227 3825 1300 3885 11,
1342 3823 1459 3873 113.

446 3922 628 3993 πάγας
663 3959 732 3968 —-
772 3925 991 3993 στῆσαι]
1064 3926 1269 3976 Eadem
1320 3926 1467 3977 locu-

379 4000 525 4049 tione
560 4001 814 4059 utuntur,
867 3997 958 4062 qui
994 3995 1198 4046 similes
1236 3996 1465 4046 fabellas

382 4069 587 4118 Graece
622 4068 981 4131 scripserunt,
1026 4067 1331 4115 Pausanias
1368 4067 1463 4127 Ix,

379 4137 474 4199 37,
526 4137 620 4186 ubi
663 4135 808 4186 conf.
865 4134 1095 4186 Siebelis
1129 4150 1183 4199 p.
1230 4134 1357 4194 126,
1415 4139 1468 4185 et

380 4206 594 4256 Charax
629 4207 683 4255 in
712 4205 882 4255 schol.
916 4205 986 4255 ad
1014 4204 1290 4269 Aristoph.
1322 4204 1465 4253 Nub.

383 4276 506 4325 504.
532 4275 701 4325 —In
738 4290 887 4340 seqq.
927 4290 1048 4325 cum
1080 4273 1255 4324 Gaiss.
1296 4272 1466 4322 edidi:

385 4335 445 4392 ἐν
479 4342 558 4409 τῷ
596 4336 707 4408 πρὸ
742 4342 848 4393 τοῦ
881 4334 1094 4410 χρόνῳ,
1145 4358 1265 4392 cum
1301 4342 1467 4406 vulgo

1573 1830 1744 1875 esset.
1771 1814 1832 1873 έν
1854 1841 1928 1886 τῳ
1957 1824 2229 1890 προτοῦ
2256 1817 2465 1905 χρόνῳ.
2496 1825 2655 1903 Quod

1571 1911 1694 1943 mox
1729 1876 2010 1944 Herodoto
2062 1900 2147 1944 est
2179 1893 2251 1960 τῇ
2285 1886 2438 1961 πάγῃ
2474 1885 2654 1958 ἐνέχε-

1571 1962 1744 2025 σθαι,
1782 1963 1837 2013 id
1875 1963 2108 2014 Characi
2145 1973 2231 2013 est
2263 1963 2458 2028 παγίσι
2498 1977 2655 2027 περι-

1570 2034 1795 2093 πεσειν;
1867 2034 2176 2084 Pausanias
2238 2050 2368 2084 vero
2431 2033 2651 2083 scribit.

1569 2101 1896 2181 Agameddm
1951 2092 1980 2149 ὃ
2044 2094 2249 2165 δεσμὸς
2301 2105 2538 2166 κατεῖχε.
2582 2132 2653 2141 —-

1563 2163 1890 2251 ἀποταμεῖν
1915 2187 1943 2221 e
1963 2171 2283 2222 Florentino
2305 2170 2443 2221 libro
2472 2172 2653 2235 recepi

1570 2256 1664 2305 pro
1702 2231 2080 2304 ἀποτάμνειν,
2146 2241 2289 2306 quod
2349 2240 2476 2290 olim
2536 2242 2652 2304 ipse

1569 2326 1689 2360 cum
1714 2310 2026 2361 Gaisfordio
2062 2309 2337 2361 dederam.
2377 2310 2460 2361 cf.
2487 2312 2653 2360 etiam

1566 2381 1641 2442 11,
1684 2378 1786 2431 139
1813 2380 1996 2446 ibique
2033 2384 2174 2430 nott.

1632 2495 1781 2538 οκως
1826 2474 1903 2545 μὴ
1930 2512 1999 2521 --
2033 2475 2457 2546 προσαπολέσῃ]
2512 2480 2654 2530 Reli-

1567 2551 1778 2614 quimus
1820 2566 1849 2600 e
1886 2551 2202 2600 Florentino
2252 2551 2372 2600 cod.
2422 2550 2652 2613 aliisque

1566 2611 1996 2695 προσαπολέσῃ,
2035 2619 2353 2669 mutandum
2383 2619 2440 2667 in
2476 2631 2652 2680 προσ-

1564 2678 1829 2737 απολέσει
1869 2703 1932 2736 ex
1971 2703 2181 2737 canone
2205 2689 2527 2747 Davisiano,
2562 2687 2652 2735 cui

1562 2756 1667 2806 hoc
1699 2755 1820 2806 loco
1858 2757 2023 2806 etiam
2042 2756 2169 2805 libri
2206 2757 2424 2821 quidam
2461 2755 2652 2804 suffra-

1563 2829 1781 2889 gantur.
1853 2825 1959 2875 Sed
2007 2830 2192 2876 monet
2227 2824 2493 2875 Matthiae
2532 2823 2648 2888 (Gr.

1566 2894 1658 2945 Gr.
1688 2910 1741 2958 p.
1766 2892 1912 2961 999),
1950 2895 1996 2943 si
2035 2895 2276 2944 futurum
2314 2910 2399 2944 ess
2376 2898 2460 2944 set
2494 2894 2653 2943 resti-

1565 2963 1850 3027 tuendum,
1899 2964 2087 3029 reponi
2126 2963 2322 3014 debere
2357 2976 2651 3026 προσαπο-

1564 3025 1706 3094 λὲει,
1765 3033 1906 3098 qnod
1937 3049 2262 3099 quamquam
2308 3032 2456 3082 nullo
2493 3034 2551 3081 in
2588 3031 2652 3081 li-

1565 3103 1662 3153 bro
1699 3103 1903 3168 scripto
1936 3105 2215 3169 reperitur,
2258 3119 2445 3168 reponi
2464 3106 2650 3151 tamen
2686 3126 2698 3139 ·

1562 3171 1681 3222 vult
1721 3173 1953 3224 BredOV.
1992 3190 2044 3238 p.
2088 3172 2220 3233 340,
2275 3189 2431 3238 quem
2474 3172 2652 3235 ipsum

1565 3248 1863 3307 sequuntur
1881 3243 2119 3293 Dindori'
2147 3247 2200 3292 et
2218 3240 2462 3291 Dietsch.
2514 3240 2649 3288 Mihi

1564 3327 1665 3360 nec
1698 3311 1802 3361 hoc
1839 3310 1960 3361 loco
1996 3328 2096 3362 nec
2132 3326 2296 3375 supra
2322 3310 2528 3371 11,120
2554 3307 2648 3357 fin.

1566 3369 1736 3443 (οκως
1767 3407 1837 3417 --
1864 3373 2167 3445 ποιήσωσι)
2210 3377 2526 3428 mutandum
2570 3375 2650 3421 vi-

1565 3448 1752 3507 detur3
1810 3464 1985 3513 neque
2047 3448 2153 3498 huc
2212 3446 2405 3495 referri
2466 3443 2649 3504 velim,

1565 3517 1709 3581 quod
1744 3517 1788 3578 Ι,
1829 3518 1931 3567 112
1965 3516 2056 3567 fin.
2094 3516 2295 3581 legitur
2329 3504 2578 3562 ἀπολέει.

1633 3613 2004 3680 γνωρισθεὶς,
2040 3606 2103 3672 ὃς
2111 3613 2250 3693 εἴη]
2297 3617 2338 3667 i.
2374 3632 2422 3665 e.
2453 3618 2651 3679 aquilus

1564 3687 1676 3751 quis
1723 3694 1871 3735 esset.
1952 3656 2061 3736 Ubi
2106 3672 2168 3740 ὃς
2211 3700 2308 3748 pro
2352 3687 2652 3749 interroga-

1564 3756 1679 3804 tivo
1704 3756 2020 3817 pronomine
2043 3754 2289 3818 accipere
2312 3754 2467 3814 licet3
2501 3754 2648 3804 conf.

1564 3824 1762 3874 Matth.
1802 3824 1894 3874 Gr.
1916 3824 2111 3875 Graec.
2142 3839 2270 3888 pag.
2303 3823 2426 3874 907.
2452 3821 2502 3884 ἐ.
2527 3824 2648 3873 485.
2680 3846 2685 3851 ·

1637 3923 1714 3992 τῷ
1753 3918 1817 3974 δὲ
1853 3916 2063 3985 δόξαι
2097 3913 2161 3973 εὖ
2198 3915 2400 3991 λέγειν]
2441 3926 2507 3975 In
2540 3942 2650 3975 uno

1564 3996 1704 4045 libro
1742 3999 1827 4045 est
1862 3986 2059 4056 δόξαν,
2098 3994 2275 4059 qnod
2276 3995 2323 4043 si
2353 4011 2538 4044 verum
2572 4010 2653 4044 es-

1569 4070 1670 4126 set,
1703 4063 1889 4114 eodem
1917 4063 2074 4113 modo
2100 4048 2336 4128 positum
2362 4064 2522 4126 foret,
2547 4079 2653 4128 quo

1568 4132 1801 4194 11‚148.
1856 4134 2045 4197 Eurip.
2085 4134 2272 4197 Suppl.
2312 4132 2432 4184 129.
2483 4135 2656 4184 Hera-

1570 4171 1698 4254 eli’d.
1742 4202 1866 4265 187,
1904 4217 2039 4268 quos
2070 4202 2219 4252 locos
2259 4202 2415 4251 affert
2441 4203 2655 4252 Wesse-

1571 4272 1793 4337 lingius.
1878 4271 1986 4321 Sed
2044 4276 2196 4321 vetat
2252 4287 2484 4336 sequens
2543 4266 2655 4319 καὶ

1574 4339 1840 4405 ποιῆσαι,
1878 4345 1940 4390 ut
1974 4341 2112 4390 bene
2147 4345 2329 4390 monet
2351 4339 2653 4404 Schweigh.
