3109 5092
453 342 576 403 464

1319 342 1861 406 HERODOTI

364 527 438 588 16
456 514 692 586 ἑκατὸν
724 518 835 584 καὶ
874 518 1318 606 ἑξακισχίλιοι.
1354 526 1444 588 Εἰ
1473 509 1573 588 ὦν
1609 514 1798 608 ἡμεῖς
1831 514 2055 609 ὀρθῶς
2088 520 2243 607 περὶ
2270 515 2499 588 αὐτῶν
2528 520 2731 606 γινώ-

449 642 735 708 σκομεν,
765 616 989 702 Ἴωνες
1028 618 1151 691 οὐκ
1195 614 1272 691 εὖ
1307 626 1672 712 φρονέουσι
1716 623 1869 711 περὶ
1904 622 2278 709 Αἰγύπτου.
2350 629 2411 691 εί
2448 623 2521 692 δὲ
2557 621 2733 713 ὀρθή

448 719 587 793 ἐστι
607 719 647 814 ἡ
668 728 805 793 τῶν
829 719 1076 794 Ἰώνων
1093 722 1683 815 γνώμη,”Ελληνάς
1700 754 1772 794 τε
1801 727 1911 794 καὶ
1937 722 2183 806 αὐτούς
2197 723 2430 806 Ἴωνας
2453 723 2727 796 ἀποδεί-

445 855 652 917 κνυμι
668 823 793 897 οὐκ
817 824 1295 918 ἐπισταμένους
1315 837 1721 917 λογίζεσθαι,
1744 834 1813 899 οἳ
1834 849 2000 917 φασι
2017 836 2169 918 τρία
2182 833 2385 918 μόρια
2406 829 2579 899 εἶναι
2601 836 2729 919 γῆν
2832 885 2843 894 .

445 927 1035 1020 πᾶσαν,Εὐρώπην
1048 961 1121 1002 τε
1141 935 1251 1002 καὶ
1266 931 1494 1022 Ἀσίην
1506 934 1617 1002 καὶ
1631 932 1918 1021 Λιβύην.
1939 936 2256 1022 τέταρτον
2271 930 2398 1020 γὰρ
2420 932 2504 1021 δή
2517 954 2729 1022 σφεας

445 1039 557 1104 δεῖ
594 1044 1186 1124 προσλογίζεσθαι,
1227 1037 1585 1125 Αἰγύπτου
1620 1034 1695 1107 τὸ
1725 1040 1984 1122 Δέλτα,
2028 1041 2090 1105 εἰ
2121 1035 2287 1125 μήτε
2323 1040 2404 1124 γε’
2436 1034 2576 1106 ἔστι
2610 1043 2727 1126 τῆς

435 1134 675 1227 Ἀσίης,
712 1139 876 1227 μήτε
907 1144 1023 1228 τῆς
1052 1142 1326 1230 Λιβύης.
1358 1138 1439 1213 οὐ
1467 1138 1596 1231 γὰρ
1625 1136 1707 1229 δὴ
1736 1136 1773 1207 ὁ
1802 1139 2047 1219 Νεῖλός
2075 1143 2155 1227 γέ
2178 1136 2341 1226 ἐστι,
2369 1137 2538 1209 κατὰ
2563 1145 2721 1209 τοῦ-

440 1340 718 1406 significat
763 1340 1015 1392 Ammonis
1066 1341 1184 1407 (qui
1235 1343 1533 1409 Aegyptio-

440 1426 558 1460 rum
595 1411 805 1476 Iupiter
839 1408 949 1473 est)
981 1421 1209 1476 partem,
1252 1415 1532 1475 possessio-

441 1482 866 1599 Zg'u's‘ulzi'ezglz'?
873 1521 884 1532 ·
907 1481 1227 1610 „Ilgglo‘hlsl’n
1244 1482 1524 1616 ldgplusgg:

439 1619 486 1668 1.
527 1634 653 1684 pag.
700 1619 994 1671 163—1158.
1068 1619 1367 1686 Champoll.
1419 1620 1529 1671 l'E-

439 1694 592 1753 gypt.
631 1704 761 1739 sous
796 1689 833 1738 l.
870 1689 1033 1738 Phar.
1073 1689 1120 1740 1.
1159 1707 1287 1756 pag.
1327 1692 1412 1752 30,
1449 1693 1528 1740 vi-

439 1773 558 1808 rum
595 1760 816 1809 doctum
854 1760 909 1808 in
934 1760 1054 1809 The
1088 1759 1342 1811 classical
1377 1761 1529 1811 Iour-

438 1827 532 1877 nal
566 1828 675 1879 vol.
713 1829 819 1879 111.
859 1843 985 1894 pag.
1024 1829 1147 1880 374.
1187 1830 1285 1881 IV.
1326 1848 1379 1896 p.
1405 1829 1526 1892 369,

439 1902 495 1947 et
531 1898 803 1963 Deseript.
857 1897 922 1948 de
968 1887 1110 1963 l’Eg.
1151 1901 1362 1966 antiqq.
1401 1900 1525 1951 Vol.

440 1967 515 2018 11.
551 1984 607 2032 p.
632 1968 971 2019 425—427.“
1021 1967 1161 2019 Adcl.
1184 1970 1527 2020 Wilkinson:

439 2037 695 2088 Manners
735 2037 843 2087 and
891 2037 1141 2088 Customs
1189 2039 1239 2088 1.
1276 2055 1402 2105 pag.
1443 2041 1526 2101 12,

438 2106 606 2162 alios,
661 2122 797 2171 quos
845 2106 1005 2156 modo
1052 2106 1293 2159 laudavi.
1371 2108 1529 2170 Quod

440 2175 510 2224 ad
547 2176 814 2226 Graecum
854 2175 1134 2226 Thebarum
1168 2193 1365 2228 nomeu
1403 2180 1531 2228 atti-

438 2249 560 2307 net,
608 2245 872 2295 Rosellini
920 2243 959 2294 l.
1010 2245 1046 2296 Ι.
1094 2261 1219 2311 pag.
1269 2246 1371 2298 303
1409 2263 1524 2312 seq.

440 2314 639 2378 respici
674 2314 793 2365 vult
845 2313 918 2363 ad
959 2315 1288 2379 Aegyptiam
1338 2332 1527 2367 vocem

439 2381 523 2446 ιόρ
561 2384 677 2433 sive
714 2382 855 2447 toph,
895 2398 1036 2447 quae
1063 2384 1414 2436 habitationem
1451 2388 1529 2435 in-

440 2452 605 2503 dicat.
680 2453 786 2503 Alii
842 2452 912 2502 ad
959 2459 1118 2503 notas
1162 2453 1527 2520 hieroglyphi-

440 2538 534 2572 cas
581 2529 910 2588 provocant,
958 2522 1015 2572 in
1061 2524 1257 2588 quibus
1305 2525 1529 2590 reperiri

440 2592 630 2642 dicunt
666 2608 856 2643 vocem
891 2591 1080 2656 Ape-t,
1131 2595 1250 2646 sive
1294 2595 1528 2660 articulo

441 2663 757 2728 praeposito
797 2663 959 2725 Tape,
991 2663 1029 2712 i.
1069 2678 1117 2712 e.
1159 2656 1343 2730 Θήβη,
1377 2671 1433 2715 et
1470 2666 1526 2714 in

439 2732 640 2799 plurali
676 2729 881 2799 Θῆβαι,
918 2747 1026 2797 qua
1059 2749 1194 2784 voce
1231 2734 1412 2785 locum
1444 2750 1529 2784 sa-

441 2818 592 2853 crum
626 2802 895 2853 declarari
919 2801 1129 2852 addunt
1144 2841 1157 2864 ‚
1195 2804 1252 2852 in
1274 2820 1380 2870 quo
1405 2806 1530 2855 Am-

441 2872 994 2991 ssssnbpchissue-'it
1015 2871 1221 2987 eultus,
1257 2873 1344 2924 vel
1372 2874 1529 2994 (littam

441 2957 562 3059 0115}
598 2955 1528 3074 ¹3.isssssffffiffaffl‘gzssffisssaeussz

440 3078 565 3130 vid.
594 3079 832 3143 Parthey
849 3077 918 3127 ad
944 3077 1222 3131 Plutarch.
1286 3082 1369 3130 De
1394 3082 1527 3133 Isid.

445 3152 500 3198 et
537 3147 740 3199 Osirid.
777 3162 903 3212 pag.
947 3148 1065 3197 174.
1106 3149 1370 3214 Brugsch.
1409 3151 1447 3201 1.
1490 3150 1528 3203 1.

445 3233 572 3283 pag.
615 3217 732 3269 134.
771 3217 873 3268 283
910 3231 1028 3281 seq.

514 3284 616 3351 τῆς
652 3278 716 3335 τὸ
768 3283 1108 3349 περίμετρον
1157 3277 1385 3337 στάδιοί
1423 3284 1532 3338 εἰσι

442 3354 623 3406 εἴκοσι
660 3351 758 3405 καὶ
787 3345 989 3405 ἑκατὸν
1019 3351 1114 3404 καὶ
1143 3346 1530 3424 ἑξακισχίλιοι]

445 3428 599 3478 Haec
633 3441 742 3476 non
789 3426 859 3475 ad
896 3424 1046 3474 urbis
1080 3425 1386 3477 Thebarum
1422 3444 1532 3478 am-

443 3497 617 3547 bitum
642 3495 944 3561 pertinent,
981 3495 1078 3544 sed
1107 3494 1178 3544 ad
1198 3497 1531 3547 Thebaidem

446 3571 676 3628 terram,
708 3580 868 3630 quam
905 3563 1074 3628 vulgo
1113 3565 1367 3629 dicimus,
1418 3568 1534 3616 sive

445 3631 780 3700 supeflorem
818 3634 1057 3699 Aegypti
1100 3639 1338 3698 partem,
1393 3651 1534 3700 quae

444 3705 514 3755 ab
554 3704 954 3770 Heptanomide
1000 3703 1265 3767 incipiens
1315 3704 1386 3754 ad
1431 3708 1534 3755 Ae-

443 3774 683 3838 thiopiae
701 3773 837 3824 fines
861 3772 1174 3838 porrigitur.
1201 3774 1385 3837 Ipsum
1411 3775 1534 3824 The·

444 3843 608 3893 haidis
642 3858 838 3893 nomen
872 3842 1016 3891 infra
1055 3843 1292 3892 occurrit
1325 3843 1405 3903 11,
1446 3845 1531 3906 28,

442 3912 586 3961 unde
611 3912 855 3962 diversus
877 3911 1154 3962 Thebaicus
1166 3928 1335 3962 nomas
1352 3913 1427 3975 ΙΙ,
1445 3914 1531 3963 42.

825 4081 956 4133 Car.
993 4082 1142 4134 XVI.

513 4178 589 4232 Ec
624 4166 706 4231 ὧν
741 4169 903 4247 ἡμεῖς
934 4174 1143 4256 ,ὀρθ-ὦς
1177 4178 1308 4248 περὶ
1337 4178 1527 4234 αὐτῶν

442 4244 813 4317 γινώσκομεν]
876 4250 1068 4300 αυτῶν
1129 4255 1348 4317 reposui
1407 4269 1528 4303 cum

446 4322 622 4372 Gaisf.
671 4336 768 4386 pro
804 4312 1041 4371 αὐτέων.
1114 4320 1198 4371 Ad
1242 4337 1528 4388 argumen-

443 4395 559 4442 tum
592 4390 698 4442 loci
727 4394 1036 4455 teneamus,
1074 4395 1288 4442 veteres
1325 4393 1381 4442 in
1407 4392 1528 4457 ipsa

1635 1341 1782 1390 orbis
1817 1344 2084 1390 terrarum
2120 1341 2386 1392 divisione
2420 1341 2584 1393 valde
2620 1339 2727 1391 dis·

1633 1410 1901 1471 sensisse,
1948 1414 2009 1460 ut
2054 1410 2299 1475 pluribus
2344 1411 2416 1462 ad
2462 1412 2515 1463 h.
2554 1411 2590 1462 l.
2630 1426 2728 1461 no-

1633 1480 1777 1529 tavit
1800 1479 2212 1545 Wesselingius.
2253 1483 2333 1531 Ac
2352 1481 2594 1546 plerique
2615 1487 2727 1531 tres

1634 1548 1761 1598 olim
1780 1549 2188 1600 constituebant
2207 1555 2411 1615 partes,
2433 1552 2724 1616 Europam,

1629 1619 1846 1680 Asiam,
1893 1620 2135 1669 Africam
2176 1636 2221 1671 s.
2258 1621 2510 1684 Libyam,
2558 1619 2725 1685 idque

1630 1689 1797 1738 etiam
1845 1693 2081 1739 testatur
2119 1689 2421 1740 Sallustius
2474 1690 2595 1755 lug.
2638 1691 2723 1740 17.

1634 1760 1685 1820 §-
1725 1759 1786 1819 33
1835 1757 1930 1808 alii
1965 1758 2184 1824 quidam
2228 1759 2366 1809 duas
2408 1758 2567 1809 modo
2604 1774 2726 1823 par·

1632 1833 1716 1877 tes
1770 1828 2081 1893 ponebant,
2150 1830 2230 1879 ita
2277 1834 2341 1878 ut
2388 1829 2577 1879 Africa
2634 1827 2725 1878 vel

1631 1897 1796 1946 Asiae
1848 1896 1937 1946 vel
1986 1900 2241 1964 Europae
2298 1899 2721 1949 adscriberetur.

1630 1966 1946 2016 Herodotus
1977 1968 2197 2031 quidem
2221 1967 2293 2016 ad
2320 1967 2600 2033 vulgarem
2636 1983 2724 2018 eo-

1630 2049 1749 2084 rum
1796 2036 2158 2101 Graecorum,
2214 2037 2307 2102 qui
2354 2043 2465 2087 tres
2524 2037 2725 2088 consti·

1632 2105 1862 2154 tuebant
1908 2111 2120 2171 partes,
2168 2106 2475 2171 opinionem
2522 2122 2580 2157 se
2630 2122 2723 2170 ap-

1631 2171 1830 2238 plicat,
1882 2175 1977 2225 sed
2024 2176 2080 2225 in
2127 2192 2190 2226 eo
2229 2177 2423 2239 opinor
2468 2176 2721 2238 discedit,

1635 2243 1805 2308 quod,
1840 2259 1963 2294 eum
1993 2244 2175 2295 Nilum
2197 2244 2275 2294 illi
2304 2244 2599 2296 indicarint
2619 2250 2723 2295 ter-

1634 2313 1838 2362 minum
1872 2314 2041 2364 Asiae
2085 2320 2141 2365 et
2174 2315 2422 2378 Africae,
2472 2317 2544 2366 ad
2578 2315 2723 2365 Afri·

1632 2397 1751 2431 cam
1785 2382 1953 2432 refert
2000 2383 2305 2448 Aegyptum
2351 2399 2453 2433 nec
2488 2384 2613 2435 Nilo
2652 2385 2722 2434 ab

1631 2452 1766 2501 Asia
1801 2453 2015 2517 seiungi
2051 2453 2197 2516 vult,
2244 2452 2340 2502 sed
2376 2453 2584 2503 Isthmo
2619 2454 2721 2504 Ae-

1632 2521 1821 2585 gyptio
1881 2522 2111 2586 sinuque
2169 2523 2425 2575 Arabico,
2513 2522 2722 2585 Quodsi

1631 2591 1772 2640 enim
1809 2590 1935 2641 Nilo
1978 2597 2211 2656 utraque
2259 2591 2404 2641 orbis
2451 2597 2722 2643 terrarum

1630 2675 1756 2725 pars
1795 2660 2209 2723 determinetur,
2244 2662 2352 2710 iam
2377 2667 2589 2712 restare
2623 2677 2724 2727 pu-

1632 2734 1718 2780 tat
1754 2729 1921 2780 Delta
1969 2731 2085 2781 sive
2132 2746 2251 2782 eam
2300 2735 2532 2795 terram,
2584 2746 2721 2797 quae

1630 2797 1756 2849 Nilo
1794 2799 1881 2849 vel
1931 2802 2113 2864 potius
2159 2800 2277 2850 eius
2324 2800 2503 2850 fluviis
2551 2802 2723 2851 utrin-

1633 2883 1735 2934 que
1769 2868 2011 2932 inclusa,
2040 2869 2367 2921 intermedia
2402 2872 2560 2935 quasi
2579 2872 2723 2920 inter

1632 2938 1821 2987 Asiam
1872 2943 1927 2988 et
1980 2940 2222 2990 Africam
2278 2939 2410 3002 sita,
2469 2945 2721 3007 quartam

1633 3008 1745 3058 sere
1777 3007 1924 3057 orbis
1963 3012 2228 3059 terrarum
2264 3014 2475 3073 partem
2521 3009 2723 3059 consti-

1634 3081 1786 3127 tuere
1820 3079 2092 3128 censenda
2130 3079 2228 3140 sit,
2267 3093 2390 3128 cum
2424 3081 2604 3129 neutri
2635 3093 2723 3128 ac-

1634 3147 1845 3196 censeri
1895 3148 2089 3210 possit.
2163 3148 2248 3197 Ad
2297 3162 2459 3212 quam
2508 3153 2722 3199 senten-

1632 3216 1767 3265 tiam
1801 3231 1868 3266 ea
1898 3231 2115 3283 quoque
2137 3217 2377 3279 faciunt,
2412 3233 2551 3283 quae
2578 3217 2721 3283 apud

1633 3286 1992 3349 Pomponium
2037 3286 2237 3337 Melam
2284 3285 2537 3351 leguntur
2580 3289 2626 3350 1,
2664 3285 2734 3339 9.-

1634 3357 1686 3417 §-
1734 3355 1851 3417 120,
1888 3355 1984 3404 ubi
2019 3355 2227 3406 consul.
2268 3356 2343 3405 Is.
2383 3357 2545 3406 Voss.
2613 3355 2721 3407 Sed

1633 3424 1944 3474 universam
1982 3425 2248 3477 Herodoti
2298 3425 2367 3474 de
2417 3426 2565 3476 orbis
2614 3430 2721 3475 ter-

1634 3508 1816 3543 rarum
1865 3493 2136 3544 divisione
2197 3496 2524 3545 sententiam
2583 3495 2721 3544 bene

1636 3563 1889 3627 exposuit
1906 3562 2234 3614 Dahlmann.
2258 3564 2463 3615 Herod.
2500 3579 2626 3629 pag.
2652 3562 2721 3615 80

1635 3647 1788 3696 seqq.
1837 3631 1959 3681 coll.
2005 3633 2199 3684 Ukert.
2244 3632 2292 3694 Ι,
2329 3634 2380 3683 2.
2428 3649 2556 3699 pag.
2596 3634 2717 3683 215.

1634 3701 1755 3752 216.
1831 3700 2117 3751 Caeterum
2146 3706 2337 3752 contra
2362 3703 2719 3764 Hecataeum,

1639 3770 1730 3834 qui
1767 3785 1834 3819 ex
1869 3771 2062 3820 Ionum
2105 3771 2357 3836 opinione
2393 3772 2573 3821 Nilum
2610 3776 2721 3821 sta-

1635 3839 1803 3888 tuerit
1846 3841 2136 3890 terminum
2177 3841 2344 3890 Asiae
2392 3846 2450 3891 et
2491 3841 2719 3905 Libyae,

1633 3907 1769 3958 haec
1799 3907 1869 3957 ab
1896 3909 2176 3959 Herodoto
2213 3911 2421 3974 scripta
2444 3910 2618 3961 videri
2642 3912 2720 3959 iu-

1632 3976 1781 4028 dicat
1791 3976 2054 4095 glausen.
2081 3978 2151 4029 ad
2170 3980 2437 4030 Hecataei
2469 3975 2717 4044 fragmm.

1628 4062 1663 4111 p
1696 4107 2079 4182 ἀποδείκνυμι
2129 4106 2236 4167 οὖκ
2284 4107 2717 4182 ἐπισταμένους]

1627 4185 1711 4233 De
1745 4189 2021 4236 structura
2061 4187 2171 4237 vid.
2212 4191 2351 4237 nott.
2391 4187 2461 4237 ad
2510 4187 2589 4248 11,
2633 4188 2715 4237 15.

1627 4253 1694 4303 In
1742 4256 2091 4319 sequentibus
2142 4255 2260 4306 cum
2296 4256 2600 4337 Schweigh.
2639 4271 2720 4306 re·

1628 4324 1932 4386 posuimus:
1988 4323 2258 4388 τέταρτον
2303 4317 2410 4389 γὰρ
2464 4322 2553 4389 δη
2601 4323 2718 4388 (ubi

1628 4390 1795 4457 vulgo
1831 4392 2091 4444 omittunt
2138 4385 2270 4459 δὴ),
2317 4394 2414 4446 sed
2449 4395 2718 4445 intactum
