3109 5092
1137 355 1406 417 EUTE
1421 356 1540 415 ΒΡ
1555 358 1632 416 Ε.
1682 355 1766 416 11.
1812 365 1898 420 14.

2529 352 2653 414 457

374 529 542 617 πότι,
568 525 679 599 ὅτε
705 534 844 600 τῶν
875 528 1079 617 ίρέων
1112 535 1323 600 ταῦτα
1362 527 1495 616 ἐγω
1523 525 1795 621 ἤκουον.
1852 535 1984 601 νῦν
2010 530 2118 616 δὲ,
2162 525 2249 618 ἦν
2278 528 2369 619 μὴ
2398 527 2506 599 ἐπ’
2541 532 2650 599 ἑκ-

374 640 655 705 καίδεκα
681 628 723 723 ἦ
750 639 1237 704 πεντεκαίδεκα
1264 632 1513 723 πήχεας
1540 631 1762 722 ἀναβῇ
1789 631 1864 702 τὸ
1901 633 2245 722 ἐλάχιστον
2271 629 2307 703 ὁ
2335 632 2651 722 ποταμὸς,

373 737 499 810 οὐκ
540 734 938 828 ὑπερβαίνει
983 740 1049 817 ἐς
1090 735 1215 827 τὴν
1262 736 1508 827 χώρην.
1568 740 1886 808 δοκέουσί
1921 742 2133 827 τέμοι
2162 743 2561 825 Αἰγυπτίων
2587 742 2655 806 οἱ

374 850 618 931 ἔνερθε
644 847 760 931 τῆς
798 849 1034 930 λίμνης
1060 846 1176 930 τῆς
1204 848 1495 930 Μοίριος
1525 841 1860 921 οἰκέοντες
1890 843 1972 912 τά
1996 869 2068 911 τε
2096 840 2268 911 ἄλλα
2293 847 2506 932 χωρία
2538 842 2652 909 καὶ

373 945 447 1017 τὸ
475 945 884 1035 καλεόμενον
906 944 1151 1030 Δέλτα,
1184 940 1267 1035 ἢν
1295 941 1472 1015 οὕτω
1502 942 1543 1034 ἡ
1572 945 1755 1034 χώρη
1786 941 1956 1035 αὕτη
1990 943 2157 1015 κατὰ
2187 943 2391 1032 λόγον
2431 941 2646 1014 ἐπιδι-

376 1056 473 1143 δῷ
497 1053 563 1130 ἐς
589 1046 782 1134 ὕψος,
814 1050 926 1118 καὶ
954 1045 1028 1118 τὰ
1052 1044 1285 1137 ὁμοῖον
1314 1047 1621 1143 ἀποδιδῷ
1652 1052 1718 1129 ἐς
1746 1045 2047 1139 αὔξησιν,
2077 1047 2167 1138 μὴ
2200 1047 2646 1131 κατακλύζον-

376 1182 484 1233 τος
510 1151 726 1241 αὐτὴν
755 1157 876 1222 τοῦ
903 1160 1161 1222 Νείλου
1189 1161 1544 1222 πείσεσθαι
1573 1152 1691 1222 τὸν
1720 1153 1935 1223 πάντα
1967 1153 2212 1242 χρόνον
2248 1151 2367 1222 τὸν
2398 1155 2652 1221 ἐπίλοι-

376 1283 507 1328 πον
564 1255 923 1344 Αἰγύπτιοι
942 1307 960 1341 ,
1012 1256 1088 1326 τό
1141 1282 1294 1324 κοτε
1348 1253 1540 1326 αὐτοὶ
1581 1253 1910 1345 Ἕλληνας
1969 1263 2231 1345 ἔφασαν
2277 1263 2653 1325 πείσεσθαι.

377 1358 751 1449 πυθόμενοι
780 1358 944 1449 γὰρ,
984 1354 1073 1439 ὦς
1099 1355 1288 1428 ὕεται
1327 1365 1507 1429 πᾶσα
1541 1355 1581 1451 ἡ
1620 1358 1801 1450 χώρη
1829 1356 2359 1448 τῶνἙλλήνων,
2395 1355 2539 1429 ἀλλ’
2572 1356 2656 1427 οὐ

378 1479 729 1553 ποταμοῖσι
759 1461 1056 1554 ἄρδεται,
1087 1462 1384 1551 κατάπερ
1417 1458 1456 1552 ἡ
1493 1464 1819 1553 σφετέρη,
1851 1459 2455 1552 ἔφασανἽῑλληνας
2483 1478 2651 1545 ψευ-

375 1566 666 1647 σθέντας
710 1567 862 1637 κοτὲ
901 1569 1172 1646 ἐλπίδος
1214 1565 1540 1655 μεγάλης,
1587 1573 1809 1648 κακῶς
1846 1567 2211 1657 πεινήσειν.
2284 1564 2363 1635 τὰ
2392 1567 2467 1635 δὲ
2502 1573 2659 1645 ἔπος

371 1677 569 1740 τοῦτο
606 1670 829 1739 ἐθέλει
861 1669 1121 1758 λέγειν,
1165 1666 1288 1756 ὦς,
1331 1677 1394 1740 εἰ
1419 1668 1508 1760 μὴ
1540 1671 1851 1762 ἐθελήσει
1880 1692 2005 1759 σφι
2035 1664 2247 1740 ὕεινὸ
2275 1668 2470 1755 θεὸς,
2501 1667 2651 1739 ἀλλ’

372 1772 605 1867 αὐχμῷ
632 1779 1069 1864 διαχρᾶσθαι,
1108 1780 1281 1867 λιμῷ
1312 1770 1708 1863 οίἝλληνες
1738 1773 2215 1864 αἱρεθήσονται
2239 1793 2254 1807 ·
2299 1771 2382 1842 οὐ
2413 1769 2541 1861 γὰρ
2571 1772 2659 1861 δή

372 1885 503 1965 σφί
527 1881 665 1947 ἐστι
693 1875 940 1959 ὕδατος
970 1875 1254 1965 οὐδεμία
1293 1875 1461 1966 ἄλλη
1500 1875 1931 1969 ἀποστροφὴ,
1972 1874 2073 1946 ὅτι
2112 1874 2201 1966 μὴ
2230 1878 2303 1944 ἐκ
2332 1881 2454 1945 τοῦ
2486 1873 2653 1956 Διὸς

372 1986 647 2069 μοῦνον.
707 1983 842 2050 Καὶ
874 1985 1083 2050 ταῦτα
1109 1981 1236 2069 μὲν
1264 1983 1330 2061 ἐς
1344 1978 1673 2072 ’Έλληνας
1701 1987 2133 2068 Αἰγυπτίοισι
2160 1976 2387 2069 ὀρθῶς
2417 1985 2653 2068 ἔχοντα
2675 1981 2749 2041 14

445 2187 555 2239 νῦν
589 2183 681 2252 δὲ,
723 2178 797 2254 ἢν
831 2183 907 2254 μὴ
946 2180 1027 2239 ἐπ’
1069 2180 1369 2240 ἑκκαίδεκα
1401 2219 1465 2227 -
1569 2207 1672 2241 usu
1697 2191 1852 2241 verbi
1877 2181 2115 2255 ἐθέλειν,
2150 2190 2294 2257 quod
2316 2190 2501 2241 Latini
2525 2207 2655 2256 quo-

372 2252 585 2325 ἆναβῇ]
624 2248 699 2323 ἦν
733 2250 810 2324 μὴ
857 2275 888 2310 e
933 2260 1079 2309 binis
1127 2259 1281 2310 libris
1319 2276 1464 2312 nunc

371 2333 666 2394 receptum,
687 2329 953 2394 probante
965 2328 1214 2380 Wersero
1238 2331 1295 2379 in
1310 2332 1458 2380 Actt.

373 2398 524 2464 phill.
546 2399 731 2448 Monn.
757 2398 802 2460 Ι,
830 2398 874 2448 1.
906 2415 957 2462 p.
984 2398 1084 2449 100
1113 2398 1238 2450 coll.
1260 2399 1458 2451 Matth.

374 2469 467 2519 Gr.
489 2469 580 2519 Gr.
606 2484 658 2532 p.
685 2469 837 2519 1020.
889 2467 1068 2533 Vulgo
1100 2463 1163 2517 εἰ
1189 2460 1285 2533 μή.
1325 2469 1459 2520 Inde

374 2538 539 2587 etiam
584 2553 681 2602 pro
720 2537 867 2603 vulg.
914 2526 1171 2586 ἐπιδιδοῖ
1213 2543 1268 2588 et
1314 2531 1457 2588 ἄπο-

371 2604 536 2656 διδοῖ
582 2606 918 2657 coniunctivi
963 2607 1191 2658 formam
1241 2608 1461 2658 restitui

370 2693 494 2732 cum
529 2682 759 2730 reeentt.
797 2676 919 2726 edd.
960 2673 1183 2726 iubente
1219 2677 1456 2728 Bredov.

371 2763 424 2812 p.
458 2746 581 2798 401.
637 2746 903 2797 Voculam
939 2741 993 2795 εἰ
1021 2746 1079 2796 in
1114 2746 1198 2796 his
1238 2751 1459 2798 tuentur

372 2817 433 2867 G.
460 2816 805 2866 Hermannus
844 2816 910 2865 de
936 2816 1131 2880 partic.
1165 2807 1241 2866 ἄν
1265 2829 1331 2881 'p.
1355 2817 1452 2868 101

371 2891 426 2935 et
481 2886 738 2950 Hartung
782 2885 956 2935 Lebre
1008 2885 1061 2935 d.
1113 2886 1328 2936 Partik.
1380 2887 1456 2936 II.

370 2972 422 3020 p.
461 2954 584 3006 300.
641 2956 705 3004 In
741 2955 866 3019 ipsa
903 2956 1182 3006 sententia
1217 2956 1309 3004 vix
1343 2956 1456 3018 illa,

369 3040 528 3090 quam
567 3024 811 3075 nonnulli
858 3025 1071 3074 odorati
1108 3030 1263 3086 sunt,
1316 3026 1460 3076 inest

369 3093 706 3170 tantojogia,
746 3110 866 3144 cum
905 3093 1136 3145 docente
1162 3094 1459 3146 Wesselin-

407 3165 460 3213 io
506 3154 661 3225 ν’ψος
696 3164 768 3214 ad
801 3163 904 3214 soli
947 3163 1318 3227 altitudinem,
1357 3156 1456 3213 αὕ-

402 3246 529 3296 ησις
554 3232 622 3283 ad
650 3233 890 3283 eiusdem
923 3233 1313 3284 incrementum
1339 3251 1458 3300 spe·

366 3307 497 3353 etet.
551 3304 734 3365 Quare
763 3301 900 3352 nihil
928 3303 1248 3353 mutandum
1274 3308 1456 3355 monet

366 3373 696 3422 Letronnius
708 3373 929 3438 (Journ.
946 3370 1135 3426 ἅδην.
1155 3372 1306 3423 1817.
1325 3389 1452 3438 pag.

366 3442 433 3492 48
459 3441 629 3506 seq.),
671 3458 792 3491 cnm
830 3441 971 3491 idem
1010 3441 1122 3492 fere
1154 3443 1227 3492 sit
1261 3448 1451 3507 atque:

365 3498 526 3644 :32:25
548 3504 680 3630 {⁷5:53
683 3527 700 3559 ⁴
708 3502 1453 3645 32².1.20132ff{{025.0252.53

364 3647 461 3700 καὶ
508 3639 769 3713 αὔξησιν.
845 3649 1040 3712 Itaque
1094 3651 1258 3700 etiam
1303 3649 1454 3699 nulla

364 3735 501 3785 opus
526 3719 812 3768 verborum
842 3719 1284 3783 transpositione,
1323 3735 1452 3783 qua-

361 3791 465 3840 lem
489 3792 670 3839 tentat
686 3788 972 3838 Benedict.
999 3787 1053 3836 in
1073 3790 1222 3838 Actt.
1254 3790 1446 3838 semin.

363 3875 478 3924 reg.
518 3857 667 3922 Lips.
697 3857 774 3908 11.
806 3874 858 3923 p.
883 3857 1002 3910 286.
1063 3856 1149 3908 Ad
1180 3858 1351 3907 verba
1386 3849 1448 3905 τὸ

363 3918 709 3991 καλεόμενον
747 3926 925 3976 Δέλτα
977 3926 1122 3977 cons.
1160 3927 1328 3976 Plinii
1376 3927 1451 3976 lo·

363 4013 486 4049 cum
521 3996 591 4045 ad
627 3996 719 4058 ΙΙ,
749 3996 814 4046 15
850 3995 1094 4045 allatum.
1134 4022 1200 4031 —-
1244 3995 1454 4046 Vocula

361 4058 661 4130 Αἰγύπτιοι
698 4069 915 4129 spectat
951 4064 1020 4114 ad
1064 4065 1259 4127 verba,
1308 4080 1449 4129 quae

359 4136 520 4185 initio
556 4134 767 4199 periodi
803 4134 1083 4200 leguntur:
1123 4128 1448 4198 Αἰγυπτίων

362 4198 422 4254 οἴ
457 4198 658 4266 ἔνερθε
688 4200 790 4268 τῆς
825 4200 1028 4267 λίμνης
1062 4200 1164 4267 τῆς
1191 4201 1444 4266 Μοίριος

360 4269 644 4328 οἰκέοντες
679 4287 730 4320 κ.
757 4286 804 4321 τ.
827 4271 875 4321 λ.
917 4303 988 4312 --
1043 4271 1127 4321 Ad
1162 4272 1331 4322 verba
1377 4264 1442 4320 τὸ

359 4337 422 4392 δὲ
461 4334 597 4397 ἔπος
633 4339 801 4389 τοῦτο
841 4331 1072 4391 ἐθέλει
1116 4337 1295 4404 λέγειν
1342 4340 1437 4389 ad-

356 4412 482 4462 hibe
516 4409 780 4460 Valcken.
827 4414 942 4462 not.
982 4409 1052 4460 ad
1099 4409 1203 4472 IV,
1235 4409 1328 4460 131
1371 4409 1440 4459 de

1568 2277 1672 2326 que
1708 2261 1944 2311 reddunt
1978 2264 2122 2312 velle.
2176 2261 2260 2312 Ad
2301 2257 2654 2326 διαχρᾶσθαι

1568 2332 1640 2380 cf.
1681 2335 1820 2380 nott.
1863 2332 1933 2381 ad
1969 2332 2014 2395 Ι,
2043 2332 2161 2383 110.

1637 2391 1706 2448 οὖ
1743 2392 1849 2464 γὰρ
1886 2392 1963 2465 δή
2012 2398 2121 2465 σφί
2151 2390 2265 2450 ἔστι
2302 2388 2517 2457 ὕδατος
2553 2390 2651 2449 οὗ·

1563 2467 1730 2533 δεμιά
1773 2462 1910 2534 ἄλλη
1950 2460 2313 2533 ἀποστροφὴ,
2353 2459 2441 2519 ὅτι
2476 2461 2553 2534 μὴ
2593 2460 2653 2518 ἐκ

1560 2536 1665 2588 τοῦ
1718 2533 1857 2596 Διὸς
1914 2535 2158 2604 μοῦνον]
2233 2535 2477 2602 οὐδεμία
2529 2555 2652 2590 curn

1562 2608 1734 2659 Gaias.
1777 2608 2033 2673 rescripsi
2067 2623 2167 2672 pro
2202 2609 2353 2674 vulg.
2389 2599 2649 2671 οὐδεμίη.

1559 2704 1625 2714 -
1652 2667 1993 2741 ἀποστροφὴ
2020 2678 2307 2741 perfugium
2335 2681 2422 2727 eet
2446 2692 2542 2727 seu
2571 2693 2652 2727 re-

1558 2748 1766 2797 medium
1797 2743 2057 2812 (aquae),
2097 2762 2259 2811 quam
2294 2746 2448 2797 vocis
2484 2747 2652 2812 signi-

1561 2816 1871 2866 ficationem
1897 2817 2107 2881 aliquot
2131 2816 2389 2886 exemplis
2413 2815 2650 2866 illustra-

1559 2886 1644 2936 vit
1665 2886 1994 2951 Wesseling.
2025 2885 2094 2935 ad
2122 2886 2174 2936 h.
2202 2885 2238 2935 l.
2289 2887 2436 2937 Hinc
2463 2887 2509 2937 is
2536 2887 2651 2936 fere

1560 2957 1777 3006 exsistit
1809 2955 1918 3006 loci
1955 2971 2176 3006 sensus:
2216 2972 2374 3022 neque
2400 2960 2525 3007 enim
2549 2958 2650 3008 illie

1558 3027 1708 3075 ullum
1762 3027 1908 3076 aliud
1955 3025 2295 3092 (remedium)
2350 3032 2458 3085 est,
2516 3028 2649 3076 unde

1560 3112 1742 3160 aquam
1789 3097 1864 3146 ad
1915 3111 2071 3160 ayros
2115 3098 2409 3162 irriyandos
2444 3104 2647 3159 petant,

1559 3166 1658 3214 nisi
1690 3182 1723 3214 a
1758 3165 1876 3216 Iove
1910 3167 2235 3226 commmoda,
2270 3167 2306 3216 i.
2341 3183 2388 3216 e.
2422 3181 2519 3215 non
2555 3168 2648 3215 ali-

1555 3235 1688 3284 unde
1712 3237 1864 3284 ullam
1900 3251 2066 3300 aquae
2099 3238 2294 3299 copiam
2327 3244 2501 3298 petere
2523 3251 2649 3297 poe-

1553 3312 1671 3354 sunt
1703 3308 1803 3354 nisi
1826 3308 2012 3367 pluviis
2045 3320 2080 3353 a
2113 3305 2233 3355 Iove
2265 3308 2445 3355 ηιίεείε.
2496 3305 2647 3353 Satis

1555 3389 1686 3424 vero
1720 3379 1964 3434 constat,
2001 3373 2134 3423 Iovis
2160 3375 2375 3424 nomine
2398 3374 2646 3437 quamvis

1555 3442 1694 3493 coeli
1749 3447 1801 3492 et
1856 3443 2000 3492 a'eris
2050 3444 2365 3507 temperiem
2416 3441 2647 3491 indicari

1551 3511 1813 3576 illumque
1838 3513 1995 3561 deum
2020 3517 2300 3562 auctorem
2325 3512 2453 3561 ferri
2479 3511 2647 3560 omni-

1553 3598 1671 3642 um,
1711 3595 1850 3644 quae
1887 3579 2118 3630 coelitus
2156 3585 2459 3645 appareant
2499 3579 2645 3629 deci-

1554 3650 1775 3699 dantve.
1845 3651 2028 3712 Quare
2066 3666 2185 3698 cum
2225 3649 2443 3713 pluviae
2478 3649 2547 3698 ad
2584 3648 2645 3697 il-

1551 3718 1663 3768 lum
1698 3718 2040 3776 referantur,
2080 3717 2461 3782 explicandum
2501 3718 2644 3783 quod

1556 3787 1717 3851 paulo
1756 3791 1885 3837 ante
1917 3786 2142 3851 legitur:
2181 3782 2236 3836 εἰ
2267 3779 2344 3850 μὴ
2383 3778 2644 3849 ἐθελήσει
2690 3829 2697 3834 .

1559 3869 1659 3920 σφι
1686 3845 1814 3904 ὕειν
1839 3846 1868 3904 ὁ
1887 3852 2056 3918 θεὸς,
2096 3856 2189 3905 ubi
2217 3856 2380 3921 vulgo
2414 3855 2643 3907 landant

1554 3925 1906 3990 Aristophan.
1938 3926 1994 3975 in
2019 3925 2158 3977 Avv.
2189 3926 2340 3976 1501.
2393 3926 2509 3976 Nec
2532 3926 2641 3976 alio

1589 3996 1813 4057 ertinet‚
1853 3995 1998 4071 quod
2034 3994 2089 4044 h.
2118 3995 2157 4044 l.
2195 3994 2398 4060 legitur
2435 3986 2527 4043 ὅτι
2561 3988 2639 4060 μὴ

1577 4080 1611 4111 κ
1647 4060 1751 4112 τοῦ
1788 4063 1930 4120 Διος
1967 4061 2203 4127 μοῦνον.
2266 4064 2448 4115 Nolim
2484 4064 2641 4128 plura

1548 4132 1740 4183 afferre
1777 4132 1833 4181 in
1868 4149 1927 4183 re
1961 4133 2097 4185 satis
2133 4137 2268 4184 nota
2306 4139 2362 4184 et
2396 4133 2520 4184 aliie
2557 4134 2634 4184 lo-

1545 4204 1625 4252 cis
1667 4217 1701 4250 a
1745 4201 2110 4253 Valckenario
2159 4203 2342 4254 allatis
2394 4219 2636 4267 compro-

1542 4272 1693 4321 bata.
1752 4270 1874 4321 vid.
1912 4272 2072 4322 modo
2103 4272 2298 4323 Ideler.
2331 4271 2400 4321 ad
2427 4272 2634 4322 Aristo-

1540 4341 1635 4390 tel.
1678 4341 1904 4390 Meteor.
1949 4341 2073 4392 Vol.
2124 4342 2172 4392 1.
2218 4358 2271 4406 p.
2317 4344 2421 4392 554
2462 4346 2517 4391 et
2554 4341 2633 4391 lo-

1539 4426 1634 4461 cos
1665 4409 2005 4461 Herodoteos
2040 4412 2086 4473 1,
2112 4411 2199 4461 87.
2238 4411 2346 4473 ΙΙΙ,
2376 4409 2495 4460 117.
2531 4410 2627 4472 IV,
