3109 5092
1185 355 1434 420 CLIO.
1478 359 1530 420 I.
1580 368 1703 423 195.
1754 369 1870 437 196.

2544 365 2669 429 393

389 529 783 615 ἐπενδύνει,
824 531 935 600 καὶ
963 538 1311 618 χλανίδιον
1342 531 1587 603 λευκὸν
1630 534 2230 624 περιβαλλόμενος,
2270 532 2668 629 ὑποδήματα

389 641 563 722 ἔχων
582 634 925 723 ἐπιχώρια,
955 634 1384 726 παραπλήσια
1421 643 1572 726 τῇσι
1600 646 1960 728 Βοιωτίῃσι
2000 640 2259 729 ἐμβάσι.
2330 648 2668 731 κομῶντες

389 739 465 807 δὲ
484 736 599 818 τὰς
617 735 915 825 κεφαλὰς
948 744 1217 827 μίτρῃσι
1247 735 1670 827 ἀναδέονται,
1698 746 2180 833 μεμυρισμένοι
2201 749 2337 814 πᾶν
2360 743 2436 815 τὸ
2454 750 2664 835 σῶμα.

387 847 731 930 σφρηγῖδα
795 841 867 910 δὲ
931 843 1205 921 ἕκαστος
1260 848 1395 930 ἔχει
1437 847 1552 913 καὶ
1615 851 1958 936 σκῆπτρον
1999 855 2496 936 χειροποίητον,
2555 847 2659 919 ἐπ’

388 944 641 1037 ἑκάστῳ
684 944 759 1013 δὲ
795 941 1110 1037 σκήπτρῳ
1167 952 1392 1015 ἔπεστι
1433 952 1884 1037 πεποιημένον
1936 944 1977 1040 ἢ
2026 956 2240 1040 μῆλον
2290 946 2331 1040 ἢ
2376 951 2580 1040 ῥόδον
2623 948 2665 1041 ἢ

385 1042 694 1138 κρίνονῆ
733 1042 1020 1135 αἰετὸςῆ
1059 1045 1224 1118 ἄλλο
1250 1077 1334 1117 τι.
1422 1047 1594 1120 ἄνευ
1634 1050 1765 1142 γὰρ
1800 1053 2127 1143 ἐπισήμου
2168 1051 2252 1124 οὔ
2291 1076 2417 1144 σφι
2466 1054 2665 1143 νόμος

384 1154 525 1222 ἐστὶ
556 1156 735 1238 ἔχειν
762 1155 1122 1240 σκῆπτρον.
1201 1149 1371 1241 αὕτη
1415 1153 1543 1242 μὲν
1585 1157 1670 1246 δή
1708 1176 1829 1243 σφι
1870 1153 2129 1246 ἄρτισις
2169 1160 2324 1247 περὶ
2359 1156 2435 1228 τὸ
2473 1159 2666 1247 σῶμά

387 1259 549 1325 ἐστι.

530 1357 749 1447 Νόμοι
785 1357 860 1426 δὲ
887 1354 1147 1428 αὐτοῖσι
1186 1348 1319 1429 ὦδε
1361 1363 1773 1430 κατεστέασι.
1846 1356 1883 1431 ὁ
1924 1361 2050 1450 μὲν
2088 1362 2475 1450 σοφώτατος
2522 1360 2660 1449 ὅδε,
2680 1367 2798 1431 196

381 1561 529 1612 Male
555 1561 682 1611 olim
715 1561 980 1626 scriptum
1017 1557 1280 1626 εἰρινέον.
1343 1561 1471 1611 Cor-

380 1632 521 1681 rexit
554 1631 859 1696 Schweigh.
898 1661 971 1671 ·—
1010 1633 1324 1682 Transitum
1358 1632 1471 1681 He-

380 1702 562 1751 rodoti
599 1717 633 1751 a
670 1700 866 1766 plurali
904 1698 1221 1767 (χρέωνται)
1264 1701 1335 1751 ad
1362 1701 1470 1749 sin-

379 1771 621 1836 gularem
667 1786 950 1821 numerum
992 1761 1334 1835 (ἐπενδύνει)
1372 1785 1470 1819 no-

378 1846 567 1891 tarunt
624 1841 1023 1906 wesseling-ius
1088 1841 1161 1890 ad
1219 1841 1271 1891 h.
1324 1840 1365 1891 1.
1414 1844 1469 1888 et

376 1910 576 1961 Matth.
607 1910 701 1962 Gr.
726 1910 821 1961 Gr.
847 1926 900 1975 p.
926 1909 1045 1960 587.
1073 1908 1232 1961 conf.
1267 1910 1314 1972 I,
1345 1908 1464 1959 197.

376 1982 421 2042 Ι,
460 1981 564 2030 216
599 1981 722 2032 init.
748 1980 823 2058 X,
866 1980 950 2041 16,
999 1978 1094 2028 ubi
1138 1995 1173 2030 a
1206 1978 1472 2044 singulari

377 2049 447 2099 ad
483 2048 744 2113 pluralem
781 2048 908 2099 talis
944 2048 1006 2099 fit
1041 2049 1328 2100 transitus.
1388 2048 1470 2098 Si-

375 2118 524 2169 milia
561 2119 858 2169 afferuntur
894 2135 925 2169 e
962 2118 1041 2182 11,
1079 2117 1166 2169 38.
1206 2118 1292 2169 65.

445 2180 816 2252 παραπλήσια
860 2185 990 2252 τῇσι
1026 2186 1329 2252 Βοιωτίῃσι
1376 2177 1465 2250 ἐμ-

375 2248 523 2326 βάσι]
560 2258 707 2308 Hinc
753 2258 952 2308 Strabo
990 2256 1028 2308 1.
1071 2256 1110 2308 1.
1149 2256 1284 2307 dicit
1320 2247 1464 2305 ὑπό-

375 2325 531 2391 δημα
578 2316 778 2391 ἐμβάδι
824 2315 1048 2389 ὅμοιον.
1135 2326 1293 2377 C'onf.
1338 2324 1464 2377 Pol-

371 2397 479 2448 luc.
540 2396 825 2447 Onomast.
873 2395 1001 2458 VII,
1062 2397 1149 2447 85.
1197 2395 1285 2447 87.
1336 2394 1462 2446 coll.

371 2467 469 2527 IV,
524 2466 646 2517 115.
694 2455 959 2530 ἓμβοὶδες,
1020 2481 1248 2530 quarum
1307 2465 1465 2515 varia

370 2537 524 2601 apud·
555 2536 795 2587 Graecos
833 2535 1004 2585 fuisse
1038 2550 1240 2600 genera
1279 2535 1468 2584 videu-

370 2611 460 2657 tur
512 2603 681 2668 (quod
728 2603 817 2655 vel
855 2603 1100 2654 additum
1149 2604 1202 2655 h.
1242 2603 1281 2655 l.
1330 2601 1462 2668 τῇσι

371 2674 674 2738 Βοιωτίῃσι
712 2672 999 2739 declarat),
1039 2675 1184 2724 inter
1226 2673 1362 2724 vilia
1395 2688 1464 2724 ac

369 2744 622 2810 vulgaria
665 2744 910 2809 virisque
953 2744 1259 2796 communia
1298 2744 1463 2794 Grae-

374 2830 558 2865 corum
638 2813 1014 2864 calceamenta
1088 2813 1459 2871 habebantur3

370 2884 486 2935 vid.
523 2883 737 2934 Becker
770 2884 827 2932 in
853 2882 1090 2934 Charicl.
1129 2883 1238 2934 111.
1266 2899 1319 2947 p.
1355 2883 1461 2932 224

366 2954 451 3005 ed.
503 2969 617 3003 sec.
654 2951 951 3003 Wieseler:
1000 2954 1117 3003 Das
1156 2950 1460 3017 Satyrspiel

364 3039 491 3088 pag.
532 3022 620 3073 81.
692 3021 982 3072 Caeterum
1015 3022 1217 3087 optime
1242 3022 1349 3071 huc
1379 3022 1459 3072 fa-

365 3094 442 3143 cit
477 3092 802 3143 Dicaearchi
837 3092 993 3141 locus
1028 3090 1165 3156 (vid.
1202 3090 1458 3141 Creuzeri

363 3162 575 3213 Melett.
613 3161 722 3211 ΙΙΙ.
764 3178 820 3225 p.
868 3158 1019 3222 190),
1068 3160 1162 3211 ubi
1207 3159 1273 3210 de
1319 3160 1459 3211 The·

361 3232 522 3283 banis
558 3230 875 3281 mulieribus
916 3244 1211 3295 earumque
1250 3230 1458 3307 vestitu

363 3301 609 3352 scribens
665 3300 769 3351 boc
812 3314 1031 3364 quoque
1083 3299 1261 3349 addit:
1311 3291 1454 3347 υπό-

363 3368 519 3435 δημα
576 3359 737 3418 λιτὸν
789 3366 859 3418 οὐ
909 3363 1085 3434 βαθὺ,
1144 3364 1457 3432 φοινικοῦν

362 3434 426 3490 δὲ
460 3437 533 3504 τῇ
565 3436 735 3506 χροίᾳ
776 3433 872 3487 καὶ
907 3429 1200 3487 ταπεινόν·
1239 3425 1454 3485 ὖσκλω-

359 3501 462 3558 τὸν
499 3501 590 3566 δὲ,
640 3494 781 3557 (ιῗστε
831 3497 1086 3571 γυμνοὺς
1124 3496 1329 3571 σχεδὸν
1368 3495 1452 3554 ἔκ-

360 3575 678 3642 φαίνεσθαι
720 3568 859 3634 τοὺς
894 3567 1100 3633 πόδας.
1175 3574 1333 3626 Unde
1365 3590 1455 3624 sa-

359 3648 431 3697 tis
475 3650 659 3712 patet,
717 3661 814 3696 cur
863 3643 1203 3709 Babylonios
1258 3659 1450 3694 soccos

358 3734 479 3769 cum
515 3714 791 3767 Boeoticis
828 3715 1031 3765 Noster
1067 3712 1377 3764 contulerit.

427 3781 718 3851 σφρηγῖδα
751 3779 816 3835 δὲ
869 3779 1106 3840 ἕκαστος
1159 3776 1300 3847 ἔχει,
1355 3776 1449 3830 καὶ

356 3852 650 3920 σκῆπτρον
705 3850 1137 3918 χειροποίητον]
1211 3850 1448 3902 Gemmis

355 3925 426 3975 ad
461 3923 692 3976 annulos
736 3922 1070 3988 signatorios
1108 3920 1448 3985 Babylonios

350 4009 482 4045 usos
518 4008 637 4044 esse
664 4006 1027 4057 magnumque
1062 3989 1449 4041 commercium

352 4078 539 4113 earum
587 4061 893 4112 instituisse
940 4076 1036 4124 per
1078 4075 1288 4110 omnem
1326 4058 1446 4108 fere

345 4132 534 4183 Asiam
581 4131 718 4181 satis
765 4128 1007 4181 const‘at.
1078 4128 1246 4179 Plura
1292 4128 1439 4176 Hee-

346 4217 460 4252 ren.
493 4200 532 4252 1.
567 4200 604 4251 l.
642 4216 771 4265 pag.
806 4198 930 4250 208.
966 4198 1062 4249 211
1097 4213 1251 4263 seqq.
1290 4201 1346 4246 et
1385 4197 1431 4258 1,

347 4270 398 4321 1.
443 4286 571 4335 pag.
620 4270 708 4321 98.
799 4268 1057 4322 Creuzer:
1116 4268 1223 4317 Zur
1272 4266 1431 4317 Gem-

341 4338 648 4390 meukunde
699 4355 756 4402 p.
806 4337 907 4389 132
963 4352 1116 4401 seqq.
1208 4334 1429 4398 Layard

343 4408 592 4464 Nineveh
631 4409 740 4461 and
776 4407 852 4457 its
896 4406 1132 4462 remains
1177 4406 1256 4458 ΙΙ.
1295 4418 1428 4471 pag.

1574 1561 1673 1614 421
1715 1562 2063 1613 Discoveries
2098 1567 2204 1614 etc.
2239 1580 2367 1631 pag.
2400 1564 2523 1618 008.
2579 1566 2665 1616 De

1574 1632 1767 1681 baculis
1805 1636 1924 1682 arte
1959 1633 2123 1682 factis
2143 1649 2283 1698 quae
2309 1635 2509 1685 Noster
2533 1636 2665 1685 scri-

1574 1701 1680 1762 bit,
1736 1700 2081 1752 illustrantur
2137 1703 2234 1766 iis,
2296 1719 2437 1769 quae
2494 1703 2666 1754 tradit

1574 1770 1934 1835 Theophrast.
1977 1772 2124 1822 Hist.
2152 1771 2326 1837 plant.
2351 1775 2428 1836 V,
2453 1775 2504 1824 4.
2548 1776 2598 1836 ξ.
2629 1776 2660 1824 7

1574 1839 1641 1889 de
1676 1840 1869 1890 arbore
1906 1841 1963 1890 in
1989 1840 2128 1904 Tylo
2162 1842 2342 1893 insula
2359 1844 2508 1893 circa
2530 1842 2663 1894 Ara-

1570 1909 1746 1971 biam,
1809 1909 1952 1959 unde
1996 1909 2134 1959 tales
2176 1911 2359 1962 baculi
2404 1927 2661 1963 exsecan-

1575 1983 1683 2029 tur.
1759 1978 1919 2030 Cous.
1953 1979 2183 2031 Heeren.
2213 1979 2253 2032 1.
2290 1980 2329 2034 l.
2365 1996 2493 2048 pag.
2531 1982 2655 2033 246.

1574 2077 1644 2086 —-
1666 2048 1732 2098 In
1752 2046 1859 2098 fiu'e
1887 2064 2009 2113 cap.
2040 2040 2285 2114 ἄρτισις,
2326 2066 2467 2116 quae
2486 2052 2661 2102 rarior

1572 2122 1657 2167 est
1691 2133 1825 2180 vox,
1873 2119 1946 2169 ad
1979 2122 2220 2185 eorporis
2263 2122 2501 2185 pertinet
2546 2122 2661 2173 cul·

1568 2192 1684 2238 tum
1720 2188 2098 2254 vestiendique
2134 2191 2421 2243 rationem.

1904 2361 2037 2412 Cir.
2080 2362 2320 2416 CXCVI.

1638 2452 1669 2512 ὁ
1706 2457 1810 2527 μὲν
1838 2455 2169 2527 σοφώτατος
2191 2453 2308 2530 ὅδε,
2346 2458 2488 2517 κατὰ
2511 2457 2654 2531 γνώ-

1565 2546 1682 2596 μην
1730 2525 1836 2597 τὴν
1880 2525 2160 2599 ἡμετέρην
2205 2551 2255 2585 κ.
2297 2552 2343 2585 τ.
2380 2536 2455 2602 λ.]
2504 2538 2658 2588 Haec

1566 2603 1755 2666 utique
1791 2618 1858 2652 ex
1894 2604 2119 2653 orientis
2150 2620 2326 2667 more,
2364 2607 2656 2656 etiamnum

1566 2687 1663 2736 per
1687 2672 1874 2722 Asiam
1905 2672 2213 2736 obtinente,
2251 2690 2357 2739 quo
2384 2675 2659 2725 connubia

1566 2740 1839 2802 emtione,
1901 2741 2240 2806 venditione,
2296 2759 2405 2794 non
2466 2748 2654 2795 mutuo

1563 2810 1866 2860 animorum
1942 2810 2172 2874 affectu,
2243 2814 2653 2876 contrahantur,

1564 2878 1919 2929 diiudicanda
1954 2896 2099 2943 esse,
2150 2888 2333 2933 monet
2367 2884 2560 2949 Heyne
2596 2885 2654 2934 iu

1562 2947 1927 3000 commentat.
1971 2951 2162 3001 societ.
2207 2952 2457 3018 Gotting.
2502 2955 2652 3006 XVI.

1561 3033 1689 3084 pag.
1733 3019 1821 3082 34,
1860 3018 2196 3086 similemque
2244 3037 2445 3073 morem
2492 3024 2655 3075 Geta-

1558 3104 1677 3139 rum
1710 3094 1972 3140 memorat
2011 3105 2077 3141 ex
2100 3092 2365 3156 Pompon.
2401 3092 2545 3144 Mela
2572 3095 2651 3157 11,

1560 3160 1611 3209 2.
1668 3158 1996 3209 Herodoteis
2055 3177 2178 3211 cum
2236 3162 2416 3212 verbis
2465 3164 2652 3213 confer

1559 3227 1847 3278 Strabonis
1885 3226 2055 3294 (XVI.
2093 3246 2148 3295 p.
2176 3232 2301 3294 745)
2337 3232 2520 3296 verba,
2558 3234 2653 3298 qui

1556 3297 1695 3349 haec
1743 3298 1924 3361 addit,
1980 3300 2035 3348 in
2086 3315 2301 3364 quaque
2344 3302 2489 3351 tribu
2535 3308 2647 3352 tres

1555 3368 1704 3418 viros
1741 3368 2062 3432 integritate
2103 3370 2426 3433 conspicuos
2463 3370 2649 3420 vendi·

1560 3437 1723 3494 tioni,
1755 3437 2063 3501 praefectos
2124 3438 2311 3488 fuisse.
2396 3439 2504 3490 Sed
2553 3438 2646 3489 ille

1555 3521 1653 3570 pro
1734 3504 1952 3571 vulgari
2024 3506 2342 3557 confusione
2404 3509 2645 3572 Assyriis

1555 3575 1720 3623 istum
1788 3590 1990 3625 morem
2051 3576 2337 3627 adscribit.
2436 3578 2645 3628 Eadem

1553 3643 1723 3693 ferme
1757 3644 2390 3696 Nicolaus‘Damaseen.
2440 3663 2491 3710 p.
2540 3646 2643 3696 293

1516 3743 1522 3748 -
1553 3728 1599 3761 s.
1638 3727 1766 3776 pag.
1809 3713 1906 3762 152
1933 3728 2048 3777 seq.
2088 3712 2256 3764 Orell.
2282 3713 2406 3766 coll.
2428 3714 2641 3766 Aelian.

1552 3781 1624 3831 V.
1659 3783 1732 3830 Η.
1771 3782 1869 3844 IV,
1908 3781 1957 3843 1,
1995 3782 2088 3832 ubi
2123 3783 2374 3834 Perizon.
2411 3783 2643 3835 aliarum

1553 3850 1797 3914 gentium
1817 3851 2021 3901 similes
2041 3867 2217 3902 mores
2238 3858 2474 3906 enarrat.
2505 3855 2643 3905 Post

1550 3920 1825 3983 Heynium
1872 3919 1929 3969 in
1964 3919 2100 3970 haec
2138 3920 2314 3972 denuo
2357 3922 2644 3988 inquisivit

1553 3988 1753 4038 Iacobs
1792 3988 2157 4052 (Vermischte
2187 3989 2411 4043 schrift.
2447 3993 2543 4043 VI.
2584 4011 2640 4059 p.

1547 4057 1617 4109 23
1640 4056 1839 4122 seqq.),
1866 4058 1922 4108 id
1949 4074 2110 4123 quam
2136 4060 2369 4111 maxime
2395 4077 2640 4127 monens,

1542 4141 1665 4176 eam
1701 4125 1906 4191 legem,
1954 4143 2097 4193 quae
2140 4129 2196 4180 h.
2241 4130 2279 4180 1.
2318 4147 2639 4184 commemo-

1540 4200 1695 4245 ratur
1740 4211 1991 4261 quaeque
2038 4199 2446 4264 sapientissima
2489 4202 2639 4253 vide-

1539 4269 1630 4314 tur
1683 4266 2000 4330 Herodoto,
2066 4268 2206 4319 bene
2274 4272 2636 4334 separandam

1540 4349 1662 4385 esse
1698 4335 1768 4384 ab
1809 4351 1900 4398 ea,
1938 4351 2101 4401 quam
2143 4338 2349 4389 Noster
2384 4340 2634 4404 turpissi-

1537 4420 1681 4457 mam
1719 4404 1861 4456 dixit
1897 4406 1944 4469 Ι,
1983 4405 2103 4471 199,
2150 4406 2222 4459 ad
2266 4423 2426 4458 sacra
2461 4413 2518 4459 et
2553 4425 2634 4460 re-
