3109 5092
444 308 570 370 232

1315 307 1859 370 HERODOTI

440 480 793 571 χαιότατον
828 487 1028 573 ἱρῶν,
1075 480 1199 553 ὅσα
1230 481 1474 570 ταύτης
1517 487 1634 573 τῆς
1677 486 1872 552 θεοῦ.
1931 485 2044 552 καὶ
2081 481 2210 573 γὰρ
2250 482 2326 554 τὸ
2362 488 2437 555 ἐν
2468 487 2725 582 Κύπρῳ

439 582 589 674 ἱρὸν
633 587 960 657 ἐνθεῦτεν
996 589 1298 674 ἐγένετο,
1346 582 1435 666 ὥς
1472 582 1663 655 αὐτοὶ
1700 586 1974 673 λέγουσι
2002 589 2337 677 Κύπριοι,
2386 592 2499 660 καὶ
2536 590 2611 661 τὸ
2651 596 2726 661 ἐν

435 687 821 777 Κυθήροισι
854 693 1165 771 Φοίνικές
1212 697 1341 760 εἰσι
1392 693 1463 758 οἰ
1502 688 1975 778 ἱδρυσάμενοι,
2026 692 2099 761 ἐκ
2134 691 2379 780 ταύτης
2419 699 2537 783 τῆς
2576 705 2718 763 Συ-

436 799 584 879 ρίης
626 791 870 872 ἐόντες.
933 810 1104 863 τοῖσι
1151 794 1224 863 δὲ
1270 798 1410 862 τῶν
1440 796 1786 863 Σκυθέων
1833 792 2160 882 συλήσασι
2200 793 2274 863 τὸ
2327 794 2478 885 ἱρὸν
2521 797 2596 867 τὸ
2648 802 2723 867 ἐν

428 892 836 981 Ἀσκάλωνι,
873 898 983 966 καὶ
1025 912 1197 967 τοῖσι
1232 895 1491 967 τούτων
1527 898 1662 965 αἰεὶ
1700 894 2066 983 ἐκγόνοισι,
2122 900 2449 988 ἐνέσκηψε
2486 897 2527 990 ἡ
2562 899 2724 983 θεὸς

503 1103 781 1176 ἐνέσκηψε
815 1103 851 1177 ἡ
890 1104 1056 1179 θεὸς]
1104 1102 1440 1177 ἔνσκήπτειν
1476 1119 1530 1163 et

434 1176 852 1246 κατασκήπτειν
889 1183 1105 1247 proprie
1144 1182 1210 1233 de
1243 1182 1530 1246 fulminibus

432 1253 684 1314 immissis,
724 1252 850 1302 dein
871 1253 938 1303 de
960 1253 1209 1317 quibusvis
1238 1255 1382 1302 malis
1403 1268 1529 1317 yra-

432 1321 654 1372 vim-ibus
698 1322 931 1372 divinitus
973 1322 1194 1383 fulminis
1248 1322 1321 1371 ad
1365 1325 1532 1372 instar

432 1392 657 1439 imnis-sis
704 1390 791 1439 vel
837 1392 892 1440 in
944 1393 1157 1456 aliquem
1198 1407 1304 1440 cum
1349 1393 1531 1457 impetu

432 1458 753 1508 irruentibus.
846 1461 1078 1510 Notavit
1143 1459 1392 1510 Siebelis.
1457 1460 1530 1510 ad

433 1529 672 1578 Pausan.
699 1527 803 1589 111,
833 1530 914 1579 12.
950 1533 999 1592 §-
1036 1530 1088 1580 6.
1127 1530 1212 1579 Ex
1236 1531 1520 1580 Herodoto

435 1597 506 1647 cf.
549 1596 645 1657 IV,
686 1598 772 1647 79.
806 1599 961 1660 VIII,
1000 1597 1069 1649 39
1108 1603 1164 1648 et
1199 1598 1326 1649 add.
1358 1599 1517 1649 Held.

434 1665 504 1716 ad
539 1664 820 1717 Plutarch.
859 1666 1051 1719 Aemil.
1087 1668 1244 1718 Paul.
1280 1684 1401 1733 cap.
1433 1669 1517 1718 27.

433 1752 486 1801 p.
514 1735 634 1784 255.
709 1735 839 1784 Mox
872 1735 1037 1800 vulgo
1067 1728 1336 1800 θήλειαν,
1377 1738 1523 1803 quod

431 1805 610 1869 ipsum
647 1807 790 1853 teste
812 1803 1081 1855 Creuzero
1119 1806 1335 1856 exhibet
1360 1809 1521 1858 Tibe-

434 1875 547 1923 rius
581 1871 785 1922 Rhetor
821 1874 887 1924 de
924 1874 1054 1939 figg.
1093 1890 1213 1939 cap.
1256 1876 1341 1926 35.
1407 1875 1518 1941 θη-

434 1941 569 2005 λέην
605 1942 772 1991 scribi
806 1944 983 1993 voluit
1009 1944 1253 1994 Koenius
1289 1944 1359 1993 ad
1391 1947 1521 1998 Gre-

435 2027 550 2074 gor.
590 2010 832 2061 Corinth.
883 2013 950 2062 de
996 2012 1216 2062 dialect.
1259 2011 1429 2064 lonic.
1468 2019 1519 2076 §-

434 2081 544 2140 41„
573 2078 736 2143 idque
757 2082 961 2145 recepit
983 2081 1323 2131 Schaeferus.
1358 2083 1525 2158 Equi-

437 2148 558 2197 dem
577 2163 698 2197 cum
717 2154 944 2199 recentt.
970 2150 1126 2199 editt.
1142 2149 1266 2198 dedi
1287 2147 1522 2211 θήἰεαν,

437 2216 582 2281 quod
620 2216 820 2266 dudum
852 2218 1101 2268 voluerat
1126 2218 1442 2268 Buttmann.
1467 2219 1524 2267 in

440 2286 680 2336 Gramm.
717 2286 842 2334 mai.
881 2288 927 2336 Ι.
964 2303 1016 2352 p.
1057 2286 1159 2338 ‘253
1198 2292 1313 2336 not.
1354 2288 1526 2351 quod-

437 2369 542 2419 que
576 2369 721 2404 nuuc
769 2356 957 2418 reponi
1008 2356 1169 2404 iussit
1201 2356 1432 2406 Bredov.
1470 2372 1521 2420 p.

440 2425 565 2484 157,
614 2438 778 2488 quum
810 2424 1146 2485 Herodotus,
1185 2429 1331 2474 recte
1377 2440 1527 2489 prae-

437 2493 674 2556 cipiente
728 2494 989 2558 Gregorio
1038 2494 1322 2544 Corinthio
1377 2494 1416 2544 l.
1465 2494 1522 2554 1.,

435 2562 597 2612 huius
637 2562 899 2613 adiectivi
933 2564 1319 2629 paenultimam
1356 2579 1452 2630 per
1497 2566 1525 2614 ἐ’

432 2647 502 2681 ne
541 2646 609 2681 ue
644 2633 826 2696 per'ft
862 2634 1104 2698 proferre
1142 2632 1333 2683 soleat.

533 2698 778 2764 νέσκηψε
830 2695 865 2767 ἡ
935 2695 1076 2759 θεὸς
1123 2694 1343 2767 θήλεαν
1398 2699 1530 2751 νοῦ-

431 2769 560 2887 {mlv}
618 2771 831 2890 gigans,
870 2772 1002 2891 hpec
1033 2773 1218 2889 yergba
1242 2772 1527 2890 ngberitfli's

458 2876 471 2888 .
524 2855 615 2888 .a
693 2857 903 2891 izoevt
961 2856 1064 2890 του
1161 2856 1236 2890 πο
1342 2856 1527 2890 ενα-

435 2900 755 2971 δρογύνους
791 2899 830 2973 ἦ
862 2877 1221 2974 κατεαγῖἱτας.
1271 2858 1527 2960 {luribus

434 2991 548 3024 rem
583 2975 825 3028 illustrat
868 2979 1229 3044 Hippocrates
1284 2979 1352 3028 de
1402 2979 1526 3029 Aer.

434 3044 538 3108 Aq.
593 3049 648 3093 et
693 3049 827 3098 Loc.
874 3062 928 3110 p.
977 3047 1080 3098 293
1130 3047 1204 3108 (ἕ.
1259 3047 1376 3097 106.
1432 3048 1530 3098 109

434 3113 520 3163 ed.
559 3112 800 3181 Corais)‚
842 3116 936 3165 ubi
972 3116 1036 3167 de
1073 3116 1268 3166 iisdem
1307 3117 1526 3180 Scythis

434 3181 689 3247 loquens:
751 3177 1045 3248 εὐνουχίαι
1104 3182 1391 3249 γίνονται,
1449 3187 1528 3235 111-

435 3253 581 3334 quit,
620 3248 715 3304 καὶ
746 3257 1043 3318 γυναικεῖα
1074 3244 1399 3318 ἐργάζονται
1430 3249 1528 3304 καὶ

436 3337 542 3378 ως.
583 3315 647 3371 αἴ
718 3325 982 3388 γυναῖκες
1047 3320 1414 3386 διαλέγονταί
1470 3337 1527 3373 τε

435 3382 651 3453 ὁμοίως
698 3390 1011 3442 καλεῦνταί
1061 3407 1118 3442 τε
1171 3388 1231 3442 οἰ
1274 3390 1528 3442 τοιοῦτοι

433 3452 779 3528 ἀνανὸριείς.
879 3462 1098 3513 Incolas
1161 3463 1340 3528 pergit
1402 3478 1527 3513 cau·

435 3545 551 3580 sam
609 3533 784 3583 morbi
848 3532 916 3582 ad
985 3533 1144 3582 deum
1213 3533 1415 3583 referre
1472 3537 1528 3583 et

436 3602 746 3653 istiusmodi
780 3603 1025 3653 homines
1072 3600 1234 3653 valde
1271 3603 1526 3653 revereri.

442 3671 595 3731 Quae
625 3672 736 3723 alia
771 3670 838 3721 de
872 3672 955 3721 his
991 3671 1145 3721 addit
1181 3672 1419 3736 scriptor
1451 3671 1532 3720 lu-

439 3739 874 3802 culentissimus,
926 3740 1111 3791 malim
1161 3742 1305 3806 apud
1351 3742 1530 3804 ipsum

436 3807 566 3872 legi.
639 3809 724 3860 Ad
760 3825 897 3874 quae
929 3826 1035 3860 non
1074 3812 1209 3861 satis
1246 3811 1531 3861 attenden-

436 3879 519 3926 tes
563 3879 668 3926 viri
725 3878 870 3928 docti
921 3880 1102 3929 varias
1160 3881 1225 3929 de
1280 3879 1531 3929 muliebri

437 3946 760 4011 Scytharum
802 3948 988 3997 morbo
1027 3949 1309 4013 opiniones
1346 3955 1527 4013 protu-

1631 1114 1839 1177 lerunt,
1885 1114 2086 1166 citatas
2125 1120 2242 1167 tum
2287 1135 2322 1169 a
2356 1118 2722 1186 wesselingio

1633 1201 1698 1234 ac
1734 1185 2009 1235 Larchero
2048 1186 2104 1235 in
2139 1192 2278 1237 nott.
2319 1188 2389 1239 ad
2439 1189 2493 1241 h.
2530 1189 2567 1240 l.
2605 1195 2721 1241 tum

1633 1270 1667 1304 a
1704 1255 1923 1305 Starkio
1959 1255 2016 1305 in
2053 1256 2375 1320 scriptione,
2427 1275 2567 1324 quae
2604 1277 2723 1325 pro·

1634 1324 1735 1373 diit
1781 1324 1886 1374 hoc
1943 1325 2045 1374 sub
2104 1326 2290 1377 titulo:
2353 1329 2476 1389 „De
2534 1323 2721 1397 νούσῳ

1632 1391 1843 1461 θηλείᾳ
1890 1394 2034 1457 apud
2081 1395 2420 1447 Herodotum
2463 1398 2721 1463 prolusi0,

1633 1463 1800 1512 Ienae
1839 1463 2039 1518 1827.“‚
2089 1464 2267 1515 Nolim
2302 1467 2427 1517 hinc
2461 1473 2720 1533 repetere,

1627 1546 1769 1596 quae
1803 1533 1960 1582 varia
2006 1532 2148 1583 hanc
2196 1535 2251 1584 in
2306 1552 2417 1605 rem
2454 1553 2721 1589 commen-

1624 1600 1729 1650 tati
1775 1602 1889 1650 sint
1930 1603 2035 1650 viri
2083 1604 2259 1666 docti,
2316 1623 2562 1672 quaeque
2608 1609 2720 1673 opi-

1625 1671 1743 1720 nati
1794 1672 1931 1731 sint,
1976 1686 2103 1721 nam
2148 1674 2315 1737 pudet
2363 1678 2566 1726 talibus
2605 1679 2721 1743 pla-

1626 1740 1783 1804 gulas
1822 1738 2056 1805 replere3
2094 1744 2388 1795 continebo
2421 1762 2506 1796 me
2538 1747 2594 1796 in
2628 1748 2716 1812 iis,

1625 1825 1766 1873 quae
1820 1809 1947 1859 olim
2005 1812 2073 1860 ab
2123 1813 2456 1878 Hieronymo
2510 1817 2721 1868 Mercu-

1625 1879 1748 1928 riali
1800 1876 1979 1940 (Varr.
2018 1881 2194 1932 Lectt.
2244 1883 2361 1945 ΙΙΙ,
2406 1885 2461 1949 7)
2505 1886 2721 1950 prolata

1626 1964 1691 1997 ac
1746 1948 2137 2014 WesselingiO,
2207 1952 2718 2018 Schweighaeusero

1626 2018 1883 2081 probata,
1923 2018 2155 2082 amplius
2191 2021 2481 2087 disquisita
2512 2042 2545 2074 a
2569 2026 2717 2076 Star-

1626 2086 1719 2136 kio
1756 2086 1825 2135 ad
1862 2103 2045 2137 veram
2084 2090 2380 2142 Herodotei
2417 2093 2523 2144 loci
2562 2096 2719 2146 intel-

1627 2153 1906 2218 ligentiam
1935 2158 2251 2221 perducant.
2318 2162 2719 2216 commonstra-

1630 2224 1711 2271 vit
1739 2226 1988 2275 nimirum
2024 2227 2180 2280 hicce
2228 2231 2312 2280 vir
2347 2232 2715 2299 doctissimus,

1627 2288 1845 2339 νοῦσον
1890 2287 2132 2359 θήλειαν
2178 2302 2433 2362 primaria
2480 2319 2545 2353 ac
2595 2321 2717 2369 pro-

1628 2360 1746 2423 pria
1813 2377 1914 2412 sua
1972 2365 2026 2413 vi
2086 2366 2377 2433 designare
2434 2372 2716 2424 virilitatis

1628 2428 1895 2479 iacturam
1932 2438 1988 2482 et
2018 2435 2193 2484 virilis
2229 2444 2456 2491 naturae
2484 2458 2719 2494 commu-

1628 2497 1891 2548 tationem
1961 2501 2017 2549 in
2091 2506 2403 2558 muliebrem
2470 2511 2717 2577 formam,

1629 2571 1777 2616 certo
1816 2570 2056 2633 corporis
2108 2576 2292 2626 morbo
2342 2578 2587 2631 effectam
2636 2583 2714 2647 (p.

1629 2636 1715 2685 21.
1745 2638 1810 2686 22
1837 2638 2002 2703 seq.).
2053 2640 2230 2706 Atque
2250 2644 2557 2700 huiusmodi
2583 2668 2718 2702 mor-

1631 2705 1768 2754 bosa
1805 2709 2157 2760 conversione
2193 2713 2426 2777 Scythas
2457 2718 2551 2770 illo
2586 2725 2720 2771 tem-

1630 2789 1762 2838 pore
1832 2775 2138 2840 laborasse,
2211 2799 2278 2831 ex
2346 2785 2717 2854 Hippocratis,

1632 2858 1790 2907 quem
1810 2845 2077 2896 Herodoti
2102 2852 2385 2912 aequalem
2417 2856 2587 2908 fuisse
2617 2862 2719 2911 sci·

1631 2927 1778 2972 mue,
1823 2919 1879 2963 et
1913 2915 2228 2968 Aristotelis
2281 2924 2595 2977 testimonio
2634 2930 2719 2995 (111

1629 2981 1812 3030 Ethic.
1857 2984 2069 3035 Nicom.
2111 2987 2243 3052 VII,
2282 2989 2332 3039 8.
2384 2992 2462 3044 al.
2497 2996 2527 3044 7
2574 2999 2623 3058 ἓ.
2662 2999 2717 3064 6)

1632 3057 1892 3102 accurata
1939 3052 2320 3118 disquisitione
2374 3062 2515 3114 idem
2564 3064 2720 3118 colle-

1633 3118 1734 3184 git.
1819 3122 1932 3171 Nec
1991 3123 2076 3172 his
2126 3133 2414 3180 contentus
2469 3134 2722 3198 probavit

1632 3203 1822 3252 porro,
1860 3190 2090 3242 similem
2117 3198 2475 3251 evirationem
2504 3203 2560 3253 in
2594 3204 2719 3255 aliis

1633 3274 1846 3322 quoque
1909 3266 2089 3312 terrae
2162 3268 2505 3334 regionibus,
2577 3276 2720 3339 apud

1633 3325 1770 3376 alias
1814 3331 2062 3381 nationes
2105 3336 2270 3386 etiam
2308 3345 2499 3392 nostra
2542 3348 2724 3408 aetate

1631 3399 1887 3461 reperiri3
1947 3403 2076 3465 quin
2131 3406 2271 3456 adeo
2314 3410 2459 3473 apud
2504 3413 2721 3464 eosdem

1633 3466 1868 3530 Scythas
1906 3470 2201 3523 etiamnum
2227 3477 2454 3528 eundem
2487 3481 2723 3533 inveniri

1630 3537 1874 3587 morbum
1912 3540 2211 3608 iisdemque
2265 3546 2467 3612 signis»,
2525 3553 2721 3614 quibus

1634 3611 1848 3657 veteres
1875 3608 2023 3659 illum
2051 3612 2455 3678 descripserint.
2498 3621 2727 3671 Testan-

1636 3678 1725 3723 tur
1746 3675 1848 3728 boc
1879 3682 2207 3732 recentiores
2230 3685 2419 3737 harum
2446 3690 2727 3754 reg-ionum

1634 3747 2094 3813 peregrinator-es,
2134 3752 2256 3816 alii,
2310 3772 2537 3821 quorum
2573 3762 2728 3810 testi-

1634 3815 1817 3864 monia
1877 3820 2058 3868 accita
2078 3819 2131 3886 *)
2200 3827 2514 3890 suppeditat
2569 3828 2724 3896 larga

1634 3898 1796 3933 manu
1833 3886 1897 3936 V.
1925 3888 2022 3951 D„
2064 3892 2156 3954 qui
2182 3908 2240 3942 re
2275 3896 2644 3961 copiosissime
2671 3905 2725 3950 et

1634 3955 2042 4008 accuratissime
2088 3964 2328 4015 tractata
2372 3967 2453 4017 ita
2500 3970 2722 4020 statuit:

562 4143 605 4192 ⁴*)
635 4142 838 4195 Inprimis
867 4141 1034 4183 consul.
1074 4142 1105 4183 l.
1139 4142 1367 4197 neineggs
1411 4147 1453 4187 in
1484 4149 1683 4200 Aligem.
1713 4159 1889 4208 topogr.
1922 4155 2177 4202 Beschrcib.
2217 4161 2261 4201 d.
2301 4163 2503 4214 Caucas.,
2542 4166 2719 4209 hon-aus.

437 4209 494 4246 ce
532 4196 693 4236 eb·V0¹¹
724 4193 794 4232 FF·
823 4192 904 4234 En·
935 4192 1155 4233 Schrssdffl‘
1183 4195 1324 4244 (1796)
1365 4198 1396 4237 Ῐ·
1421 4201 1613 4261 ,lh-265}-
1645 4202 1824 4262 Polock.
1855 4206 2037 4247 Histoir.
2075 4211 2300 4263 primitive
2339 4216 2417 4256 des
2454 4219 2638 4270 pcuples
2666 4221 2721 4261 de

431 4248 476 4288 la
542 4259 633 4286 uss.
667 4245 861 4285 l‘elcrsb.
897 4244 990 4283 1801
1026 4258 1069 4296 p.
1105 4245 1191 4284 175.
1249 4246 1309 4286 Dc
1337 4247 1531 4290 lndmms
1560 4254 1705 4295 simile
1735 4256 1839 4308 quid
1870 4256 1993 4298 affert
2022 4260 2157 4302 Ukert
2186 4263 2437 4319 Geogmph.
2469 4270 2512 4310 d.
2545 4269 2718 4312 Grieeh.

431 4310 473 4338 u.
499 4297 622 4337 Rom.
654 4295 726 4340 111.
755 4296 798 4335 2.
830 4308 874 4349 p.
903 4295 1003 4342 3043
1032 4295 1086 4334 de
1116 4296 1342 4337 American
1370 4303 1730 4353 septentrionalis
1759 4307 1917 4350 incolis
1946 4317 2078 4365 atque
2108 4313 2163 4354 de
2192 4315 2521 4360 Kamschmlclis
2549 4321 2721 4364 Klemm

433 4346 742 4402 Culturgesch.
771 4345 825 4388 11.
853 4359 899 4404 p,
929 4346 999 4389 82.
1030 4346 1109 4392 ⁸207
1141 4346 1243 4392 coll.
1276 4348 1393 4392 vni.
1423 4365 1468 4411 p.
1506 4352 1570 4396 12.
