3109 5092
1117 345 1612 408 EUTERPE.
1657 347 1743 407 H.
1792 355 1912 411 107.
2528 351 2645 411 661

535 521 788 588 Τοῦτον
841 513 925 606 δὴ
978 515 1097 588 τὸν
1133 518 1515 608 Αἰγύπτιον
1567 523 1959 612 Σέσωστριν
2010 519 2476 614 ἀναχωρέοντα
2527 527 2640 599 καὶ
2663 529 2782 593 107

363 621 706 709 ἀνάγοντα
730 617 1021 703 πολλοὺς
1039 617 1449 714 ἀνθρώπους
1477 628 1615 694 τῶν
1637 628 1921 712 ἐθνέων,
1941 632 2079 695 τῶν
2096 625 2212 706 τὰς
2239 627 2457 716 χώρας
2483 655 2640 697 κατ-

369 727 768 815 εστρέψατο,
824 731 1062 813 ἔλεγον
1098 731 1169 796 οἱ
1205 731 1410 818 ἱρέες,
1472 732 1628 798 ἐπεί
1660 757 1733 799 τε
1776 731 2044 818 ἐγένετο
2086 727 2645 821 ἀνακομιζόμενος

367 835 442 901 ἐν
469 828 790 918 Δάφνῃσι
818 833 967 920 τῇσι
993 838 1416 921 Πηλουσίῃσι
1435 883 1454 917 ,
1496 831 1616 903 τὸν
1655 831 1993 921 ἀδελφεὸν
2018 836 2317 919 ἑωυτοῦ,
2358 840 2454 928 τῷ
2485 838 2639 905 ἐπέ·

365 949 568 1024 τρεψε
596 935 980 1023 Σέσωστρις
1018 930 1142 1022 τὴν
1171 943 1559 1023 Αἴγυπτον,
1598 942 1841 1008 τοῦτον
1880 938 1990 1006 ἐπὶ
2019 939 2232 1021 ξείνια
2260 933 2475 1011 αὐτὸν
2516 966 2637 1008 κα-

367 1152 491 1187 esse
529 1134 739 1201 aliquot
769 1135 1028 1203 exemplis
1062 1136 1272 1189 indicat
1303 1139 1459 1191 Wes-

369 1207 565 1270 seling.
614 1205 685 1256 ad
725 1205 778 1259 h.
817 1204 886 1270 l.,
942 1222 1007 1257 ex
1042 1207 1275 1273 Procop.
1315 1208 1454 1259 Bell.

367 1278 520 1327 Pers.
545 1276 593 1339 Ι,
620 1276 672 1325 6.
704 1275 907 1341 Agatb.
932 1276 1009 1327 ΙΙ.
1034 1293 1090 1342 Ρ.
1112 1277 1179 1330 38
1206 1279 1272 1330 Β.
1304 1278 1458 1329 item·

367 1362 473 1411 que
518 1361 585 1396 ex
620 1344 822 1410 Lysiae
859 1344 1017 1398 Orat.
1053 1347 1111 1410 1,
1150 1348 1184 1398 5
1218 1353 1274 1398 et
1302 1348 1459 1399 Euri-

366 1415 479 1482 pid.
523 1414 654 1465 Hel.
709 1413 863 1466 1262.
946 1417 1222 1468 Intactum
1263 1417 1456 1484 reliqui

366 1476 541 1548 πολὺ,
606 1483 750 1550 quod
798 1483 852 1534 h.
905 1483 942 1535 1.
998 1501 1182 1536 omnes
1228 1486 1460 1538 afferunt

368 1555 491 1605 libri
528 1554 722 1620 scripti
757 1558 813 1604 et
847 1552 1013 1617 editi,
1057 1555 1328 1608 Bredovio
1365 1573 1460 1609 au·

366 1630 522 1675 ctore
555 1640 608 1689 p.
650 1623 716 1675 36
764 1624 1081 1675 mutandum
1130 1628 1186 1677 in
1222 1619 1454 1691 ιίολλὸν,

368 1694 515 1760 quod
551 1693 679 1743 inde
713 1694 922 1759 recepit
953 1694 1201 1747 Dietsch.
1252 1694 1458 1776 Vulga-

367 1769 482 1814 tum
540 1763 765 1814 retinuit
795 1763 1064 1815 Dindorf.
1163 1766 1271 1816 Pro
1323 1758 1460 1828 ἀλη-

367 1828 544 1899 θηΐῃ,
596 1832 738 1899 quod
784 1833 910 1883 olim
958 1833 1272 1899 legebatur,
1332 1834 1459 1886 dedi

366 1919 489 1955 cum
542 1906 771 1953 recentt.
831 1902 952 1953 edd.
1003 1900 1284 1971 ἀληθείῃ,
1340 1905 1453 1954 vid.

367 1976 510 2023 nott.
549 1972 617 2023 ad
645 1972 691 2033 1,
728 1970 815 2022 34.
866 1970 1273 2038 θεησαμένων,
1311 1974 1457 2039 quod

366 2046 597 2093 recentt.
645 2040 766 2092 edd.
807 2046 1156 2094 mutaverunt
1201 2044 1257 2092 in
1304 2042 1455 2108 θηη-

368 2109 643 2176 σαμένων,
684 2110 931 2176 equidem
957 2112 1152 2178 reliqui
1178 2129 1299 2187 cum
1324 2115 1457 2165 Bre-

369 2182 496 2234 dov,
532 2196 659 2247 pag.
697 2183 786 2232 45.

739 2350 873 2403 Cu.
913 2351 1086 2405 CVII.

436 2446 497 2505 ἔν
553 2446 823 2520 Δάφνῃσι
883 2452 1012 2522 τῇσι
1079 2453 1453 2523 Πηλουσίῃσι]

366 2525 490 2577 vid.
530 2540 695 2589 supra
742 2524 811 2574 ad
849 2524 934 2586 ΙΙ,
974 2524 1042 2574 30
1090 2525 1455 2576 monita.1n

366 2596 609 2661 proxime
651 2593 1097 2645 antecedentibus
1144 2611 1174 2645 e
1225 2594 1457 2645 meliori-

364 2665 466 2715 bus
502 2664 656 2715 libris
683 2665 938 2714 revocavi
958 2655 1205 2720 πολλοὺς
1228 2680 1325 2729 pro
1351 2678 1454 2712 πο-

365 2726 526 2816 λὲαςς
565 2733 677 2785 vid.
704 2732 937 2783 Bredov.
974 2749 1030 2799 p.
1068 2733 1157 2784 36.

434 2796 537 2853 τὸν
560 2794 841 2868 ἀδελφεὸν
865 2793 1104 2867 ἑωυτοῦ]
1134 2802 1456 2867 Appellatur

370 2875 604 2940 Amnis,
642 2873 689 2924 si
717 2872 852 2922 fides
882 2876 969 2923 est
993 2871 1313 2923 Manethoni
1347 2870 1455 2935 (Io-

365 2944 517 3010 seph.
559 2947 732 2994 contr.
771 2943 966 3008 Apion.
1008 2941 1054 2993 Ι.
1098 2945 1149 3005 §-
1190 2941 1276 2993 15.
1304 2946 1345 2992 t.
1374 2940 1451 2992 ΙΙ.

333 3030 414 3078 Δρ.
464 3014 627 3074 447),
686 3012 778 3078 qui
828 3011 1015 3062 eadem
1059 3010 1255 3074 ferme,
1312 3026 1455 3077 quae

363 3081 510 3147 apud
555 3082 892 3133 Herodotum
940 3080 1223 3147 leguntur,
1283 3080 1454 3131 tradit

366 3157 532 3217 atque
587 3151 732 3202 hunc
781 3151 1004 3203 Armain
1057 3150 1283 3202 eundem
1332 3166 1454 3202 esse

363 3220 520 3272 addit
553 3226 718 3286 atque
754 3222 1010 3281 Danaum,
1047 3222 1274 3272 fratrem
1303 3219 1454 3271 Seso-

362 3293 543 3342 stridis
566 3290 681 3355 (qui
701 3290 790 3339 hic
811 3289 1008 3340 dicitur
1029 3288 1334 3356 Σέθωσις),
1360 3290 1452 3356 qui

361 3360 506 3410 idem
543 3363 768 3409 vocetur
793 3360 1071 3423 Aegyptus.
1127 3360 1192 3409 In
1228 3374 1335 3425 quo
1365 3364 1451 3409 ta-

367 3443 487 3479 men
509 3427 855 3477 Manetbonis
893 3426 1094 3478 nullam
1132 3442 1253 3478 esse
1291 3428 1451 3477 fidem

363 3496 672 3549 Larcherus
717 3498 997 3546 contendit
1042 3497 1101 3545 in
1148 3497 1260 3546 tab.
1300 3497 1453 3547 chro-

365 3567 476 3618 nol.
509 3571 551 3617 t.
575 3565 701 3616 VII.
723 3581 847 3632 pag.
874 3566 976 3618 322
1005 3580 1121 3630 seq.
1162 3562 1287 3616 coll.
1314 3581 1368 3630 p.
1396 3566 1451 3616 8.

366 3637 475 3689 Sed
508 3634 837 3699 Cbampoll.,
888 3634 1146 3685 afferente
1186 3634 1453 3685 Creuzero

366 3708 573 3758 Comm.
630 3706 760 3755 Her.
821 3720 875 3770 p.
935 3705 1064 3767 198,
1124 3705 1451 3768 suspicatur,

367 3783 569 3827 temere
625 3774 935 3826 universale
991 3789 1187 3823 nomen
1232 3774 1457 3838 Aegypti

367 3848 604 3899 Graecos
629 3845 951 3910 imposuisse
974 3844 1025 3893 ei
1055 3844 1188 3910 regi,
1226 3845 1316 3909 qui
1344 3844 1455 3893 Da-

366 3916 459 3965 nai
493 3916 665 3965 frater
704 3914 1000 3974 ferebatur;
1052 3918 1293 3963 ceterum
1329 3928 1452 3978 pro·-

366 3983 574 4034 babilia
615 3999 735 4034 esse
779 3988 834 4034 et
870 3997 1112 4048 congrua
1150 3987 1451 4047 temporum

366 4052 700 4114 rationibus,
772 4067 913 4118 quae
968 4052 1113 4118 apud
1162 4051 1453 4117 Iosepbum

365 4122 403 4172 l.
437 4120 475 4172 l.
510 4136 575 4170 ex
609 4121 940 4172 Manethone
974 4120 1337 4187 proferantur,
1374 4121 1453 4170 vi-

365 4191 590 4256 derique
636 4191 869 4240 Danaum
917 4207 1038 4243 esse
1079 4191 1296 4241 Armai'n
1336 4191 1454 4241 Ma·

357 4259 644 4321 nothonis3
715 4260 938 4311 fratrem
1007 4264 1220 4322 autem,
1297 4275 1454 4325 quem

364 4330 561 4383 Graeci
617 4330 928 4395 ignorantia
967 4330 1250 4396 Aeqypeum
1306 4329 1452 4381 dixe-

360 4402 500 4464 rint,
537 4398 794 4451 Sesostrin
832 4415 953 4452 esse
984 4400 1217 4453 Sethosin
1246 4399 1454 4453 Rames-

715 4569 750 4595 p

1556 1154 1676 1189 sem.
1761 1138 1965 1189 Postea
2026 1138 2162 1189 haec
2219 1138 2648 1206 disquisivnrunt

1558 1209 1780 1259 Bunsen
1814 1208 1853 1259 1.
1891 1207 1928 1258 l.
1959 1208 2069 1259 111.
2107 1225 2162 1273 p.
2200 1208 2299 1260 100
2333 1224 2504 1274 seqq„
2542 1211 2648 1260 Ro·

1559 1278 1738 1328 sellini
1790 1278 1940 1330 Mon.
1985 1282 2121 1328 stor.
2170 1279 2218 1328 Ι.
2267 1295 2321 1344 p.
2373 1281 2495 1329 254.
2544 1279 2645 1329 301

1558 1363 1710 1413 seqq.
1747 1347 1824 1398 ΙΙ.
1863 1363 1916 1412 p.
1946 1348 1968 1398 1
1998 1363 2150 1413 seqq.
2189 1347 2332 1411 259„
2372 1349 2480 1414 qui,
2508 1364 2648 1414 quae

1559 1417 1823 1483 Iosephus
1856 1416 2040 1480 babet,
2076 1417 2307 1483 probare
2328 1417 2530 1480 studet,
2566 1420 2650 1468 ita

1560 1490 1622 1537 ut
1641 1489 1922 1549 Danaum,
1963 1501 2120 1552 quem
2145 1487 2431 1552 profugum
2459 1502 2524 1538 ex
2542 1489 2649 1539 Ae-

1560 1556 1811 1676 ffiffsse
1838 1555 2652 1692 ιω...

1787 1662 1801 1689 2
2505 1665 2518 1690 2

1560 1696 1649 1746 bic
1691 1694 2018 1747 Sesostridis
2063 1711 2259 1746 nomen
2300 1700 2488 1761 gerat,
2544 1697 2650 1746 fra-

1559 1769 1697 1815 trem
1750 1764 1924 1815 fuisse
1976 1765 2369 1825 existimemus3
2432 1765 2653 1830 quibus-

1562 1850 1683 1885 cum
1743 1834 1888 1885 conf.
1937 1848 2076 1898 quae
2131 1834 2339 1885 iudicat
2385 1834 2649 1886 Gesenius

1560 1905 1645 1955 in:
1694 1901 1845 1954 Hall.
1888 1903 2026 1953 Litt.
2071 1904 2208 1954 Zeit.
2249 1903 2402 1955 1841.
2452 1919 2506 1969 p.
2545 1903 2648 1955 558

1560 1989 1676 2039 seq.
1725 1971 1994 2037 Equidem
2019 1972 2201 2023 malim
2228 1972 2645 2038 sequiBoeckb.

1559 2043 1595 2095 1.
1634 2043 1671 2093 l.
1709 2057 1764 2106 p.
1796 2041 1893 2093 681
1938 2057 2119 2109 seqq.,
2172 2042 2262 2109 qui
2299 2042 2504 2093 reiecta
2545 2042 2649 2093 hac

1560 2110 1706 2163 omni
1757 2111 1937 2161 Danai
1990 2113 2424 2178 comparatione,
2487 2128 2648 2179 quam

1555 2182 1775 2247 ignorat
1808 2180 2152 2244 Herodotus,
2201 2181 2299 2232 illa
2327 2197 2465 2259 quae
2501 2182 2646 2261 apud

1560 2252 1686 2303 Iose
1724 2250 1851 2301 hum
1875 2251 2132 2333 leguntur
2158 2252 2326 2302 verba
2366 2242 2422 2316 (ἡ
2455 2245 2519 2301 δὲ
2540 2243 2650 2316 χοῦ-

1729 2317 1886 2385 λήθη
1926 2313 2042 2370 ἀπὸ
2074 2318 2180 2370 τοῦ
2202 2311 2383 2371 αὐτοῦ
2421 2319 2520 2401 [sc.
2544 2319 2650 2370 Σε-

1559 2338 1824 2471 θεόσεως]
1861 2387 2172 2470 ᾼῖγυπτος·
2184 2388 2365 2470 λέγει
2404 2381 2509 2456 γὰρ
2548 2388 2646 2456 [sc.

1556 2451 1588 2509 ὁ
1627 2450 1988 2526 Μανεθων],
2039 2474 2126 2507 οτι
2175 2448 2206 2507 ὃ
2252 2453 2357 2524 μὲν
2386 2457 2651 2514 Σέθωσις

1558 2519 1809 2577 ἐκαλεῖτο
1863 2525 2173 2607 Αἴγυπτος,
2214 2475 2445 2607 Ἀρμαϊς
2503 2521 2566 2576 δὲ
2616 2519 2647 2576 ὃ

1555 2586 1805 2659 ἀδελφὸς
1839 2587 2023 2646 αὐτου
2057 2588 2339 2659 Δαναὸς),
2380 2597 2449 2646 ab
2487 2598 2651 2648 inter-

1558 2665 1808 2731 polatore
1844 2665 2082 2730 quodam
2128 2665 2321 2715 addita
2354 2681 2421 2716 ac
2462 2667 2648 2716 Mane-

1556 2735 1739 2786 thonis
1774 2734 1930 2784 libris
1966 2734 2124 2784 illata
2160 2749 2284 2784 esse
2317 2735 2646 2800 suspicatur.

1559 2806 1714 2867 Quae
1749 2803 1830 2854 ita
1865 2804 2010 2854 tueri
2046 2803 2232 2853 studet
2264 2804 2498 2869 Lepsius
2534 2803 2572 2855 1.
2608 2802 2648 2854 1.

1556 2890 1612 2939 p.
1640 2871 1762 2934 281,
1802 2877 1865 2923 ut
1886 2871 2149 2935 Manetho
2171 2869 2515 2938 significarit,
2554 2890 2650 2923 sua

1556 2950 1727 2994 aetate
1744 2942 1882 2993 haec
1905 2943 1975 2993 ad
1994 2943 2246 2993 Danaum
2271 2942 2481 3007 referri,
2509 2959 2652 3009 quae

1558 3012 1777 3079 quidem
1814 3013 1936 3079 ipsa
1972 3027 2081 3062 non
2115 3028 2337 3078 prorsus
2363 3012 2544 3064 aliena
2568 3014 2651 3062 vi-

1556 3083 1789 3134 deantur
1840 3083 1910 3134 ab
1958 3082 2350 3148 Aegyptiorum
2402 3083 2651 3145 historia,

1556 3153 1651 3217 qui
1688 3168 1823 3203 sane
1860 3152 2087 3203 duorum
2123 3154 2396 3217 regiorum
2421 3153 2651 3203 fratrum

1554 3222 1789 3273 dissidia
1831 3223 2103 3274 noverint.
2178 3224 2339 3273 Hunc
2373 3238 2504 3272 vero
2540 3223 2652 3271 Da·

1555 3307 1720 3342 naum
1770 3292 1841 3342 ad
1886 3290 2237 3341 Phoeniciam
2277 3293 2459 3356 potius
2514 3290 2651 3340 rela-

1555 3366 1673 3410 tum
1710 3360 1830 3410 vult
1864 3361 2082 3410 Movers
2132 3361 2264 3426 (Die
2299 3359 2559 3409 Phoeniz.
2599 3359 2648 3409 Ι.

1555 3445 1612 3494 p.
1636 3428 1726 3494 46)
1748 3444 1909 3493 quam
1938 3429 2009 3478 ad
2029 3430 2363 3494 Aegyptum:
2391 3428 2462 3477 ad
2486 3442 2649 3492 quam

1558 3498 1606 3547 si
1652 3513 1844 3547 revera
1898 3497 2163 3562 pertinuit
2207 3498 2435 3548 Danaus
2479 3496 2650 3545 frater

1555 3566 1907 3624 Sesostridis,
1944 3570 2005 3616 ut
2027 3566 2236 3628 volunt,
2273 3564 2328 3614 id
2365 3565 2495 3630 quin
2525 3564 2577 3615 h.
2607 3564 2647 3615 l.

1555 3635 1758 3685 Noster
1821 3633 2183 3696 declarasset,
2252 3634 2347 3683 vix
2404 3633 2647 3695 dubium,

1556 3719 1679 3754 cum
1699 3704 1756 3754 in
1780 3705 2011 3754 caeteris
2040 3708 2153 3754 tam
2175 3701 2423 3753 lubenter
2437 3702 2649 3754 Graeca

1555 3788 1677 3825 cum
1712 3773 2001 3838 Aegyptiis
2056 3777 2375 3838 componat;
2434 3772 2651 3824 accedit

1556 3857 1773 3909 quoqne
1808 3842 2084 3893 Diodorus
2119 3842 2165 3905 1,
2204 3842 2302 3905 57,
2346 3842 2403 3892 in
2438 3858 2650 3893 summa

1555 3913 1670 3962 fere
1690 3911 2036 3963 consentiens
2054 3927 2175 3963 cum
2184 3911 2466 3965 Herodoto
2483 3911 2649 3962 idem-

1555 3996 1661 4048 que
1715 3996 1909 4031 nomen
1963 3982 2148 4032 fratris
2195 3984 2406 4033 tacens.
2490 3982 2650 4043 Quod

1556 4049 1702 4101 haud
1738 4050 2048 4101 inconsulto
2077 4051 2284 4101 factum
2316 4051 2560 4114 videtur,
2600 4052 2648 4102 si

1559 4119 1773 4186 quidem
1821 4120 1889 4170 de
1933 4120 2207 4172 industria
2254 4121 2410 4186 pravi
2458 4121 2644 4171 fratris

1554 4205 1751 4241 nomen
1788 4189 2100 4240 sacerdotes
2143 4188 2351 4241 celasse
2398 4206 2499 4241 nec
2536 4207 2645 4241 mo-

1553 4259 1826 4310 numentis
1849 4259 2128 4311 literarum
2150 4260 2509 4326 consignasse
2535 4276 2647 4310 cre-

1556 4328 1722 4380 dibile
1759 4334 1864 4380 est.

1627 4388 1719 4451 ἐπὶ
1745 4394 1927 4463 ξείνια
1951 4388 2130 4451 αὐτὸν
2153 4387 2492 4461 καλέσαντα]
2535 4392 2646 4462 ξεί-
