3109 5092
390 1458 494 1551 8¹!

488 348 608 429 176

1352 347 1892 412 HERODOTI

480 520 556 591 τὸ
588 520 902 609 ἱππικὸν,
948 526 1042 614 τῷ
1086 520 1174 610 δή
1212 548 1275 590 τι
1308 525 1419 591 καὶ
1448 525 1672 611 ἐπεῖχε
1711 524 2174 615 ἐλλάμψεσθαι
2204 521 2240 596 6
2267 523 2512 605 Λυδός.
2564 520 2653 605 ως
2679 526 2758 595 δὲ
2843 612 2850 616 ,

485 628 598 694 καὶ
638 626 970 715 συνήισαν
1013 628 1080 705 ἐς
1130 622 1255 713 τὴν
1297 625 1546 715 μάχην,
1601 630 1903 698 ἐνθαῦτα
1943 626 2032 711 ὥς
2080 627 2439 720 ὤσφραντο
2486 627 2759 715 τάχιστα

483 734 622 798 τῶν
659 729 979 818 καμήλων
1019 734 1089 798 οἱ
1135 735 1328 798 ἵπποι
1370 732 1483 800 καὶ
1527 729 1713 802 εἶδον
1755 731 1995 819 αὐτὰς,
2047 730 2262 802 ὀπίσω
2317 729 2755 821 ἀνέστρεφον,

486 830 862 922 διέφθαρτό
898 860 970 901 τε
1010 836 1104 924 τῷ
1144 839 1415 928 Κροίσω
1454 829 1511 922 ἡ.
1539 838 1746 915 έλπίς.
1819 834 1901 906 οὐ
1940 839 2166 925 μέντοι
2204 841 2276 904 οἵ
2307 863 2384 923 γε
2426 837 2643 905 Λυδοὶ
2681 834 2757 904 τὸ

483 939 809 1006 ἐνθεῦτεν
837 927 1114 1005 δειλοὶ
1075 957 1278 1025 ησαν·
1357 934 1506 1006 ἀλλ’
1540 932 1631 1018 ὥς
1659 945 1917 1028 ἔμαθον
1948 939 2024 1010 τὸ
2051 939 2444 1028 γινόμενον,
2493 935 2754 1008 ἀποθο-

484 1039 716 1129 ρόντες
776 1036 907 1109 ἀπὸ
960 1045 1097 1108 τῶν
1151 1045 1415 1127 ἵππων,
1488 1043 1671 1123 πεζοὶ
1735 1059 1905 1112 τοῖσι
1960 1048 2262 1135 Πέρσῃσι
2313 1046 2753 1130 συνέβαλλον.

479 1141 700 1236 χρόνῳ
742 1143 852 1230 δὲ,
907 1142 1250 1213 πεσόντων
1288 1140 1691 1233 ἀμφοτέρων
1748 1153 2054 1235 πολλῶν,
2109 1145 2473 1235 ἐτράποντο
2509 1150 2580 1214 οἱ
2608 1153 2753 1214 Λυ-

482 1250 626 1333 δοὶ,
675 1251 1188 1336 κατειληθέντες
1240 1247 1315 1315 δὲ
1369 1250 1436 1327 ἐς
1486 1247 1562 1317 τὸ
1605 1263 1820 1336 τεῖχος
1876 1252 2381 1340 ἐπολιορκέοντο
2435 1244 2567 1317 ὑπὸ
2620 1253 2757 1316 τῶν

479 1352 825 1439 Περσέων.

656 1459 839 1521 Τοῖσι
879 1479 1004 1540 μεν
1046 1448 1130 1540 δὴ
1156 1451 1552 1542 κατεστήκεε
1595 1463 1966 1545 πολιορκίη.

2047 1465 2336 1546 Κροῖσος
2379 1454 2453 1524 δὲ
2494 1456 2756 1522 δοκέων

480 1560 551 1626 οἰ
567 1554 814 1644 χρόνον
841 1557 950 1624 ἐπὶ
994 1552 1257 1644 μακρὸν
1297 1562 1574 1626 ἔσεσθαι
1600 1553 1724 1645 τὴν
1751 1567 2182 1649 πολιορκίην,
2233 1566 2492 1647 ἔπεμπε
2527 1559 2602 1627 ἐκ
2633 1561 2754 1625 τοῦ

479 1666 728 1746 τείχεος
758 1657 1004 1737 αλλους
1041 1655 1367 1745 ἀγγέλους
1395 1661 1462 1740 ἐς
1501 1687 1618 1740 τας
1643 1670 2035 1750 συμμαχίας.
2107 1667 2178 1731 οἱ
2203 1662 2328 1751 μὲν
2354 1689 2481 1752 γαρ
2511 1658 2750 1750 πρότε-

481 1790 603 1851 ρον
643 1766 1125 1850 διεπέμποντο,
1172 1765 1239 1841 ές
1280 1765 1582 1851 πέμπτον
1621 1769 1799 1852 μῆνα
1837 1769 2269 1855 προερέοντες
2302 1768 2752 1850 συλλέγεσθαι

483 1870 551 1945 ές
577 1865 865 1956 Σάρδις·
927 1865 1209 1944 τούτους
1238 1865 1311 1934 δὲ
1352 1868 1677 1955 ἐξέπεμπε
1703 1865 1827 1956 τὴν
1852 1877 2168 1958 ταχίστην
2195 1871 2474 1938 δέεσθαι
2499 1869 2750 1955 βοηθέ-

386 1981 468 2043 82
487 1997 622 2056 ειν,
675 1996 764 2048 ως
817 1972 1382 2058 πολιορκεομένου
1423 1977 1745 2059 Κροίσου.

1819 1969 1935 2051 ’Ἐς
1974 1999 2045 2041 τε
2103 1969 2188 2062 δὴ
2242 2000 2339 2041 ων
2390 1998 2506 2051 τας
2548 1968 2754 2048 ἄλλας

484 2081 741 2160 ἔπεμπε
777 2080 1182 2161 συμμαχίας,
1234 2074 1346 2140 καὶ
1390 2070 1476 2161 δὴ
1517 2076 1629 2142 καὶ
1672 2076 1740 2153 ές
1766 2080 2261 2164 Λακεδαίμονα.
2323 2090 2493 2145 τοῖσι
2533 2074 2753 2142 δὲκαὶ

479 2172 741 2245 αὐτοῖσι
777 2191 949 2244 τοῖσι
975 2174 1437 2265 Σπαρτιήτῃσι
1474 2174 1623 2245 κατ’
1659 2174 1867 2248 αὐτὸν
1893 2184 2132 2249 τοῦτον
2159 2176 2278 2248 τὸν
2304 2177 2549 2268 χρόνον
2583 2196 2749 2245 συν-

479 2383 684 2434 Herod.
737 2384 815 2446 11,
867 2382 933 2434 37
979 2382 1071 2434 fin.
1118 2388 1173 2433 et
1230 2382 1301 2432 cf.
1350 2397 1570 2448 quoque

477 2454 735 2504 Kuehner
781 2453 874 2505 Gr.
924 2453 1018 2505 Gr.
1071 2456 1123 2516 §-
1178 2452 1299 2504 528.
1347 2457 1462 2504 not.
1510 2452 1563 2504 3.

479 2518 607 2572 ἰδέα
645 2528 730 2574 est
763 2528 985 2586 ,φθάσω
1020 2523 1131 2573 vid.
1170 2537 1310 2587 quae
1344 2521 1415 2572 ad
1439 2521 1565 2573 Plu-

480 2593 657 2671 tareh.
696 2592 931 2645 Flamin.
968 2594 1273 2644 monuimus
1308 2607 1436 2658 pag.
1474 2594 1562 2643 77.

548 2749 624 2800 τῳ
674 2724 749 2815 δή
796 2745 849 2779 τι
904 2726 999 2780 καὶ
1056 2719 1240 2796 ἐπεῖχε
1291 2721 1561 2793 ἐλλαμψε-

480 2801 621 2851 σθαι
684 2794 715 2851 6
767 2793 983 2866 Λυδὸς]
1030 2801 1066 2849 i.
1121 2816 1170 2852 e.
1224 2816 1320 2866 quo
1366 2801 1563 2850 scilicet

475 2875 671 2922 mulum
706 2873 851 2921 etiam
882 2886 939 2919 se
962 2872 1279 2920 illustriorem
1308 2870 1426 2932 fore
1453 2869 1562 2932 Ly-

479 2942 574 2990 dus
614 2940 954 2991 existimabat.
1000 2936 1079 3005 τῷ
1132 2931 1205 3002 δή
1255 2953 1334 3001 τι,
1373 2937 1559 3003 pleris-

478 3026 583 3075 que
621 3009 775 3058 libris
808 3009 1115 3072 probatum,
1148 3008 1269 3058 loeo
1308 3023 1416 3057 non
1452 3022 1561 3056 mo—

478 3080 681 3139 νὶωιιες
721 3079 902 3142 aptius
937 3077 1077 3126 enim
1115 3076 1298 3127 sensui
1328 3077 1561 3136 videtur,

480 3164 641 3214 quam
691 3147 835 3211 quod
878 3146 1048 3196 Aldus
1106 3146 1303 3196 edidit.
1360 3145 1436 3211 τῷ
1488 3141 1562 3209 δή

478 3232 599 3266 τοι.
638 3217 723 3266 cf.
762 3217 1018 3280 Hartung
1052 3216 1211 3265 Lehr.
1253 3215 1306 3266 d.
1348 3214 1558 3265 Partik.

477 3288 524 3338 I.
549 3304 603 3353 p.
633 3286 755 3338 280.
793 3286 1029 3336 Verbum
1062 3278 1282 3351 ἐπέχειν
1316 3283 1419 3334 hoc
1442 3300 1562 3334 sen-

477 3374 542 3407 su
585 3358 665 3421 (in
713 3359 874 3407 animo
922 3354 1161 3433 ἠμὸενε,
1182 3357 1422 3419 cogitare,
1467 3354 1562 3404 ubi

477 3427 851 3477 accusativum
910 3416 1011 3473 τὸν
1059 3421 1203 3474 νοῦν
1258 3423 1386 3474 licet
1438 3439 1563 3488 sup-

473 3497 647 3562 plere)
684 3496 959 3546 illustrant
989 3493 1096 3544 loci
1130 3508 1165 3543 a
1200 3493 1563 3558 wessenngio

472 3567 702 3631 laudati,
741 3567 835 3616 ubi
862 3565 1027 3615 etiam
1052 3563 1379 3615 infinitivum
1414 3563 1564 3613 vide·

473 3652 593 3687 mus
637 3636 740 3687 hoo
785 3636 1010 3686 verbum
1057 3634 1161 3686 hoe
1214 3650 1377 3684 sensu
1421 3633 1560 3683 exei—

473 3707 734 3771 pientem:
795 3706 842 3768 1,
895 3706 1015 3756 153.
1060 3704 1148 3768 ΙΙ,
1196 3705 1283 3755 96.
1331 3704 1428 3765 vl,
1468 3704 1556 3753 49.

473 3776 645 3825 Addit
716 3777 801 3825 Cr.
871 3774 1125 3825 Eustath.
1199 3775 1270 3824 ad
1334 3773 1560 3822 Homeri

475 3842 677 3907 Odyss.
721 3845 870 3905 XIX,
908 3845 993 3894 71.
1030 3859 1084 3908 Ρ.
1134 3844 1237 3894 683
1278 3842 1420 3892 med.
1454 3843 1558 3891 Ba-

475 3911 563 3961 sil.
603 3910 797 3989 Polyb.
834 3880 1044 3974 XVIII,
1086 3914 1172 3973 28,
1225 3913 1411 3962 11.—
1447 3913 1554 3960 Pro

475 3972 506 4029 6
558 3975 749 4038 Λυδὸς
803 3980 1049 4030 nonnulli
1102 3981 1228 4030 libri
1274 3972 1305 4029 6
1360 3971 1552 4043 αὐτος,

474 4051 621 4114 quod
649 4065 713 4099 ex
736 4051 1218 4127 interpretamento
1242 4056 1419 4099 ortum
1442 4065 1554 4100 ore-

474 4119 722 4169 diderim.
771 4120 1016 4184 Namque
1050 4110 1080 4166 6
1119 4110 1308 4175 Λυδὸς
1358 4117 1555 4167 intelli-

471 4189 621 4253 gitur
665 4188 927 4249 Croesus,
982 4189 1149 4253 igitur
1200 4187 1354 4249 idem,
1400 4187 1553 4237 ouius

473 4257 644 4312 modo
667 4257 992 4307 mentionem
1022 4256 1306 4307 intulerat.
1360 4249 1553 4321 συνήϊ-

474 4339 580 4375 σαν
639 4326 756 4391 (pro
814 4320 1125 4392 συνῄεσαν)
1179 4326 1372 4391 scripsi
1432 4342 1554 4375 cum

471 4401 698 4447 recentt.
736 4397 857 4447 edd.
895 4397 1020 4448 vid.
1051 4396 1284 4448 Bredov.
1312 4412 1369 4462 p.
1393 4397 1516 4448 409.

1737 2374 1992 2439 ἐνθαῦτα
2038 2377 2115 2445 ὦς
2172 2376 2475 2451 ωσφραντο
2522 2396 2753 2449 ταχιστα

1665 2468 1780 2502 των
1829 2450 2096 2532 καμήλων
2142 2449 2203 2505 οἰ
2243 2452 2440 2520 ἵπποι]
2476 2455 2559 2504 De
2605 2459 2750 2503 stru-

1666 2527 1823 2574 ctura
1857 2527 2008 2577 verbi
2042 2518 2464 2590 ὀσφραίνεσθαι
2499 2534 2621 2573 oum
2657 2539 2751 2589 ge-

1666 2593 1839 2645 nitivo
1900 2597 2047 2646 conf.
2094 2595 2349 2645 Kuehner
2411 2593 2504 2644 Gr.
2552 2593 2643 2643 Gr.
2694 2596 2745 2656 §-

1667 2663 1787 2727 528,
1823 2680 1869 2715 ο.
1910 2671 1965 2716 et
1995 2664 2200 2715 Herod.
2235 2664 2282 2727 1,
2313 2662 2434 2713 202.
2481 2674 2754 2728 ωσφραν-.

1667 2747 1731 2780 το
1770 2734 1896 2783 dedi
1938 2751 2059 2785 eum
2100 2733 2412 2784 melioribus
2462 2731 2619 2782 codd.
2671 2733 2750 2781 iu·

1660 2801 1824 2853 bento
1868 2819 2083 2870 quoque
2117 2804 2349 2854 Bredov.
2397 2818 2450 2867 p.
2496 2802 2617 2863 ἔ406,
2656 2801 2750 2866 qui

1665 2869 1732 2921 de
1766 2874 1889 2938 ipsa
1924 2875 2099 2925 forma
2136 2873 2380 2937 pluribus
2413 2871 2662 2947 disputat
2691 2886 2748 2935 Ρ.

1664 2940 1769 2992 354
1821 2960 1968 3011 seq.
2002 2945 2068 2994 In
2121 2958 2269 3008 seqq.
2320 2934 2588 3008 χρόνφδ
2553 2934 2617 2989 δὲ
2665 2944 2750 2989 est

1664 3019 1718 3061 ta
1722 3013 1893 3079 adem,
1931 3023 2212 3077 postremo,
2258 3011 2440 3076 aliquo
2489 3010 2747 3074 temporis

1665 3083 1844 3147 spatio
1904 3083 2258 3148 interposit05
2311 3080 2420 3130 vid.
2471 3093 2637 3144 supra
2677 3079 2748 3130 ad

1664 3151 1711 3214 I
1697 3151 2283 3284 κδέτειληθέντες
2327 3211 2392 3267 δὲ
2436 3208 2491 3274 ἐς
2534 3208 2599 3266 τὸ
2636 3219 2746 3266 τεῖ-

1662 3289 1783 3357 χος]
1845 3292 1884 3341 i.
1942 3305 1988 3341 ο.
2039 3292 2184 3339 intra
2233 3288 2449 3338 moenia
2491 3290 2745 3350 compulsi,

1662 3365 1838 3411 coacti.
1929 3359 2088 3410 Conf.
2144 3351 2532 3421 ἀπειληθέντα
2579 3357 2628 3419 1,
2676 3359 2744 3406 24

1661 3429 1795 3495 ibiq
1825 3433 1969 3479 nott.

1994 3600 2128 3652 Cu.
2162 3598 2412 3650 LXXXI.

1660 3695 2430 3839 ..23²²'Q53312135’2505322335
2483 3696 2612 3820 ἕὲἕ
2624 3695 2746 3820 ⁴315

1659 3847 1848 3907 gatum
1885 3847 2067 3892 tuetur
2101 3840 2426 3906 wesseling.
2468 3855 2534 3889 ex
2573 3839 2617 3901 1,
2655 3838 2741 3889 83.

1657 3942 1727 3954 -—
1762 3913 1845 3962 De
1874 3909 2157 3990 συμμαχίη
2194 3916 2249 3961 et
2284 3912 2388 3961 hoc
2423 3914 2478 3959 et
2517 3924 2629 3974 seq.
2657 3923 2746 3957 ca-

1658 3982 1773 4047 pite
1809 3997 1904 4102 pro
1942 3973 2223 4046 σύμμαχοι
2271 3979 2419 4031 conf.
2470 3993 2637 4043 supra
2673 3977 2745 4027 ad

1979 4220 2112 4272 Cu».
2150 4221 2430 4273 LXXXII.

1728 4317 2150 4375 συνεπεπτώκεε
2193 4319 2309 4389 ἔρις
2368 4314 2540 4372 ἐοῦσα
2596 4313 2744 4387 πρὸς

1649 4386 1950 4461 Ἀργείους]
1987 4396 2022 4446 i.
2071 4410 2121 4446 e.
2162 4402 2254 4461 „et
2295 4397 2420 4458 ipsis
2461 4392 2545 4442 his
2581 4392 2743 4457 Spar-
