3109 5092
1124 345 1631 407 EUTERPE.
1678 349 1763 408 Π.
1808 358 1899 411 35.
2535 352 2651 414 501

370 518 542 606 μέζω
576 516 933 603 παρέχεται
966 513 1131 607 πρὸς
1162 523 1386 588 πᾶσαν
1417 518 1674 611 χώρην·
1736 520 1999 592 τούτων
2038 528 2265 594 εἵνεκα
2295 530 2477 599 πλέω
2505 535 2661 621 περὶ

370 616 577 708 αὐτῆς
621 618 974 708 εἰρήσεται.
1058 620 1420 709 Αἰγύπτιοι
1465 620 1602 714 ἅμα
1647 630 1742 717 τῷ
1782 622 2054 719 οὐρανῷ
2105 633 2201 720 τῷ
2242 627 2410 700 κατὰ
2446 635 2657 721 σφέας

372 722 548 794 ἐόντι
599 723 904 816 ἑτεροίῳ,
972 725 1086 793 καὶ
1135 731 1233 819 τῷ
1284 732 1562 820 ποταμῷ
1612 726 1827 815 φύσιν
1876 725 2156 818 ἀλλοίην
2220 740 2653 832 παρεχομένῳ

371 822 412 915 ἢ
450 829 520 894 οἱ
567 821 759 894 ἄλλοι
807 828 1125 914 ποταμοὶ,
1180 825 1261 897 τὰ
1316 827 1532 900 πολλὰ
1583 830 1802 902 πάντα
1842 837 2134 919 ἔμπαλιν
2174 850 2346 903 τοῖσι
2389 833 2652 910 ἄλλοισι

369 926 793 1016 ἀνθρώποισι
840 930 1201 1018 ἐστήσαντο
1240 928 1417 1022 ἤθεά
1463 959 1534 1002 τε
1580 937 1691 1003 καὶ
1734 931 2001 1023 νόμους.
2085 938 2160 1005 ἐν
2199 951 2371 1008 τοῖσι
2417 946 2495 1009 αἰ
2525 941 2652 1030 μὲν

368 1048 686 1121 γυναῖκες
734 1029 1132 1123 ἀγοράζουσι
1186 1037 1298 1104 καὶ
1347 1036 1806 1126 καπηλεύουσι
1825 1088 1844 1122 ,
1912 1043 1982 1108 οἱ
2024 1038 2099 1108 δὲ
2151 1036 2430 1128 ἄνδρες,
2493 1042 2643 1114 κατ’

368 1216 415 1251 τ.
457 1198 533 1265 L]
600 1199 743 1250 Olim
793 1191 974 1262 πλέω,
1039 1203 1185 1266 quod
1235 1218 1378 1253 nunc
1428 1220 1458 1253 e

367 1269 679 1320 melioribus
733 1269 888 1319 libris
942 1275 1210 1321 mutatum
1257 1279 1344 1323 est
1399 1275 1456 1323 in

366 1339 615 1390 πλεῖστα.
673 1340 862 1404 Neque
891 1340 1033 1390 enim
1069 1346 1338 1408 repugnat
1375 1358 1456 1394 se-

367 1424 537 1475 quens
575 1399 629 1472 ἤ.
702 1407 827 1458 Vid.
860 1409 1059 1461 Matth.
1086 1412 1179 1462 Gr.
1206 1412 1297 1462 Gr.
1326 1428 1453 1477 pag.

367 1478 466 1529 461
508 1477 631 1528 coll.
663 1478 963 1529 Hermann.
1000 1478 1071 1529 ad
1100 1480 1285 1545 Viger.
1325 1498 1452 1548 pag.

367 1547 486 1598 718.
510 1547 751 1597 Klausen
770 1547 839 1597 ad
858 1548 1112 1613 Aeschyl.
1133 1551 1451 1615 Agamemn.

366 1619 452 1675 51,
490 1618 582 1682 qui
609 1617 727 1681 ipse
750 1620 935 1667 tuetur
963 1618 1220 1678 πλεῖστα,
1252 1636 1286 1670 a
1313 1620 1453 1671 Bek-

362 1687 524 1749 kero,
573 1686 855 1736 Dindorfio
898 1692 952 1737 et
983 1688 1269 1740 Dietschio
1316 1691 1453 1740 reie-

366 1760 539 1818 ctum,
577 1755 671 1820 qui
706 1756 970 1820 probante
1005 1757 1279 1809 Bredovio
1300 1774 1356 1824 p.
1382 1759 1450 1810 66

364 1826 490 1877 olim
529 1825 812 1890 vulgatam
857 1824 1145 1877 lectionem
1185 1818 1335 1878 πλέω
1370 1845 1453 1880 re—

363 1899 647 1946 vocarunt.
731 1893 884 1944 Idem
918 1895 1189 1948 Matthiae
1235 1896 1272 1946 l.
1320 1898 1358 1949 1.
1398 1902 1449 1962 ἕ.

362 1965 456 2016 451
483 1963 603 2015 init.
618 1964 788 2015 verba
809 1980 961 2030 seqq.
978 1984 990 2015 ε
1010 1961 1107 2015 καὶ
1125 1961 1158 2016 ἔ
1188 1980 1260 2030 γα
1277 1960 1451 2031 λόγου

362 2026 502 2098 μέζω
533 2039 683 2084 recte
722 2035 802 2084 sic
838 2049 903 2084 ex
978 2035 1083 2085 nit:
1169 2050 1275 2100 ργα
1307 2028 1450 2099 μέζω

361 2095 402 2167 ἦ
444 2094 627 2167 λέγειν
674 2097 849 2165 ἔστιν,
905 2050 1149 2164 {gemme
1208 2106 1452 2170 arderet-e

361 2173 428 2223 Μ
426 2171 893 2237 ενΙουῦνάίῃΙεείτεπ,
909 2176 990 2222 als
1003 2174 1110 2225 sich
1125 2190 1283 2239 cayeu
1303 2178 1450 2228 lti'sse.

363 2242 486 2292 Vid.
526 2242 730 2292 Herod.
771 2242 846 2304 11,
880 2242 1000 2293 148.
1037 2243 1167 2304 VII,
1197 2245 1313 2294 147.
1350 2245 1447 2305 ῙΧ,

360 2312 447 2364 37.
486 2310 1031 2376 Schweighaeuser-us
1053 2312 1110 2360 in
1129 2313 1314 2363 Lexic.
1341 2313 1452 2362 He·

358 2380 477 2432 rod.
517 2381 598 2431 11.
646 2396 701 2444 p.
741 2381 862 2432 244.
912 2380 984 2429 ad
1028 2374 1164 2446 ἔργα
1200 2398 1266 2431 ex
1299 2387 1450 2432 ante-

359 2450 574 2503 cedenti
610 2450 856 2500 oratione
893 2450 1090 2500 iterum
1125 2452 1297 2517 repeti
1328 2451 1448 2501 vult

357 2520 616 2582 πλεῖστα,
667 2518 813 2584 quod
858 2519 987 2568 mihi
1034 2519 1182 2571 haud
1224 2537 1448 2572 necesse

357 2589 591 2640 videtur.
667 2588 820 2639 Idem
841 2588 1042 2639 Matth.
1073 2592 1124 2653 g.
1150 2592 1273 2652 455,
1309 2591 1343 2642 3
1379 2590 1447 2641 de

357 2658 539 2710 verbis
593 2650 738 2721 πρὸς
788 2655 979 2706 πᾶσαν
1033 2650 1227 2722 χώρην
1277 2661 1344 2726 (i.
1395 2675 1444 2710 e.

352 2743 487 2850 532⁶
513 2729 1446 2864 ewmmffl‘zgfissivffiss

356 2867 665 2926 admonuit3
686 2867 961 2931 pertinent
981 2866 1087 2917 huc
1108 2867 1314 2918 similes
1335 2868 1445 2918 No-

357 2938 459 2989 stri
490 2936 600 2987 loci
630 2935 717 2985 111
736 2972 750 2997 ,
781 2935 850 2985 94
891 2935 1015 2985 coll.
1052 2936 1139 2988 34.
1176 2937 1348 3000 VIII,
1373 2939 1443 2987 44

355 3012 524 3072 atque
554 3005 766 3057 Aelian.
794 3006 864 3056 N.
890 3006 957 3055 A.
981 3005 1051 3067 X,
1076 3012 1127 3068 4,
1160 3007 1254 3056 ubi
1292 3007 1438 3057 conf.

354 3076 567 3127 Iacobs.
604 3103 677 3114 —
723 3075 788 3124 In
832 3089 984 3139 seqq.
1029 3075 1101 3124 ad
1145 3067 1216 3124 τὰ
1263 3068 1444 3127 πολλὰ

353 3137 542 3196 πάντα
578 3143 726 3195 conf.
767 3145 812 3202 1,
850 3142 975 3195 203.

422 3204 728 3275 ἐστήσαντο
775 3204 928 3278 ἤθεά
979 3226 1037 3262 τε
1072 3207 1167 3260 καὶ
1206 3203 1438 3279 νόμους]

353 3285 460 3335 Ρι·ο
512 3279 666 3349 ἤθεα
719 3282 984 3333 Valckeu.
1045 3280 1238 3331 maluit
1302 3276 1444 3332 ἔθεα

354 3351 522 3420 (quod
576 3352 718 3402 idem
776 3351 984 3415 placuit
1031 3350 1324 3402 Schaefero
1383 3352 1440 3401 in

353 3424 614 3489 Apparat.
636 3421 813 3472 critic.
845 3421 917 3471 ad
932 3420 1286 3471 Demostheu.
1307 3425 1438 3472 tom.

352 3493 426 3542 11.
479 3507 606 3558 pag.
647 3490 798 3555 169);
845 3490 938 3555 qui
983 3504 1080 3540 cur
1116 3489 1198 3539 ita
1236 3489 1441 3540 malue-

351 3561 450 3622 rit,
495 3560 643 3611 haud
684 3560 821 3609 satis
865 3574 925 3609 se
958 3558 1266 3623 intelligere
1311 3560 1440 3609 scri-

352 3631 436 3680 bit
462 3628 1026 3692 Schweighaeuserus,
1065 3628 1154 3677 cui
1190 3621 1329 3677 ἔθεα
1360 3629 1440 3677 vi-

353 3699 548 3750 dentur
570 3700 744 3762 magis
769 3713 889 3748 esse
923 3697 1308 3748 consuetudines
1338 3701 1442 3748 sin-

348 3772 604 3832 gulorum,
669 3760 822 3832 ἤθεα
872 3766 1060 3829 publici
1111 3767 1287 3831 magis
1341 3782 1442 3816 mo·

351 3853 454 3888 res.
529 3838 609 3887 Ac
657 3836 851 3888 laudat
885 3834 1150 3885 Herodot.
1201 3835 1303 3898 IV,
1352 3835 1439 3884 95.

356 3906 474 3958 106.
510 3906 682 3969 VIII,
721 3905 841 3957 144.
929 3904 1014 3954 Tu
1051 3903 1162 3954 vid.
1199 3918 1342 3968 quae
1376 3904 1441 3954 de

349 3975 435 4025 his
468 3975 698 4026 vocibus
742 3973 1045 4039 disputavit
1069 3972 1352 4022 Bekkerus
1385 3972 1441 4021 in

350 4044 583 4108 Specim.
641 4043 959 4095 Philostrat.
1025 4055 1152 4106 pag.
1209 4042 1270 4093 11
1320 4057 1435 4107 seq.

349 4114 595 4178 Namque
638 4103 793 4176 ἦθος
840 4126 1251 4172 onmem‚morum
1299 4112 1439 4161 indo·

345 4186 460 4236 lem.
497 4181 714 4232 habitum
743 4183 1004 4244 proprium
1031 4180 1277 4244 quendam
1300 4180 1439 4230 indi-

345 4255 438 4301 cat
489 4254 722 4317 apteque
759 4249 883 4300 inde
932 4249 1096 4299 etiam
1146 4248 1215 4298 ad
1251 4249 1438 4314 populi

345 4335 522 4372 mores
556 4326 612 4369 et
647 4319 834 4371 civilia
863 4318 1120 4369 instituta
1147 4319 1437 4369 transferri

341 4391 547 4454 potest.
571 4418 643 4429 —
688 4386 1016 4456 Dejmorum
1040 4388 1437 4453 Aegyptiorum

1563 1209 1617 1255 et
1655 1204 1985 1255 Graecorum
2038 1204 2407 1271 discrepantia
2455 1210 2648 1261 comici

1560 1274 1845 1325 cuiusdam
1898 1274 2197 1327 versiculos
2250 1278 2392 1342 apud
2448 1276 2646 1331 Athen.

1559 1344 1684 1394 v11.
1746 1360 1800 1408 p.
1855 1343 1958 1396 299
1999 1359 2115 1410 seq.
2171 1344 2328 1397 affert
2377 1347 2649 1415 Schweig-

1556 1413 1876 1464 haeuserus.

1624 1473 1686 1531 ἐν
1720 1484 1868 1531 τοῖσι
1904 1475 1970 1531 αἱ
1999 1475 2105 1546 μὲν
2139 1485 2404 1548 γυναῖκες
2434 1474 2643 1549 ἀγορά-

1551 1549 1710 1609 ζουσι
1747 1547 1843 1600 καὶ
1876 1542 2287 1617 καπηλεύουσι]
2348 1554 2434 1604 Ad
2471 1554 2646 1619 ipsam

1555 1636 1665 1671 rem
1692 1619 2064 1686 Nymphodori
2088 1620 2267 1671 locum
2301 1622 2533 1673 afferunt
2566 1624 2647 1673 in-

1554 1687 1821 1754 terpretes
1848 1690 1905 1739 in
1930 1688 2149 1740 scholiis
2174 1689 2245 1740 ad
2262 1691 2518 1755 Sophocl.
2542 1693 2646 1743 Oe-

1553 1759 1665 1824 dip.
1703 1759 1893 1809 Colon.
1943 1757 2040 1810 331
2086 1758 2264 1824 (327),
2318 1760 2413 1811 ubi
2459 1775 2647 1811 narra-

1553 1833 1670 1889 tur,
1739 1828 2016 1878 Sesostrin
2074 1828 2306 1892 primum
2359 1829 2646 1881 muliebria

1553 1899 1739 1948 munia
1773 1898 1908 1947 viris
1954 1897 2298 1962 assignasse,
2351 1913 2457 1964 quo
2499 1898 2646 1950 scili-

1551 1972 1642 2017 cet
1677 1981 1769 2016 eos
1797 1967 2147 2017 effeminat-et.
2209 1966 2350 2017 Add.
2374 1969 2639 2034 Pompon.

1553 2037 1685 2087 Mel.
1722 2037 1768 2098 1,
1807 2036 1859 2098 9,
1896 2037 1931 2086 6
1966 2035 2099 2101 ibiq.
2144 2036 2453 2088 Tzschuck.
2491 2043 2533 2089 t.
2572 2038 2638 2089 V.

1554 2122 1610 2171 p.
1648 2107 1769 2158 294.
1854 2105 1938 2156 Ad
1986 2104 2269 2156 mulierum
2314 2106 2641 2173 dignitatem

1553 2175 1697 2239 apud
1718 2175 2018 2239 Aegyptios
2045 2190 2110 2224 ca
2133 2189 2348 2240 quoque
2367 2180 2640 2241 spectant,

1553 2259 1694 2308 quae
1744 2244 1889 2308 apud
1935 2245 2234 2296 Diodorum
2289 2244 2545 2311 leguntur
2590 2248 2637 2309 1,

1552 2314 1640 2364 27.
1673 2343 1745 2352 -
1780 2304 2078 2377 ἀγοράζειν
2098 2314 2316 2364 omnino
2339 2321 2424 2365 est
2452 2318 2501 2365 in
2518 2317 2641 2380 soro

1550 2398 1707 2448 agere
1743 2387 1798 2433 et
1831 2388 2062 2444 verear-i,
2101 2374 2162 2432 ἐν
2184 2374 2369 2452 ἀγορᾷ
2397 2398 2640 2449 περιπα-

1547 2454 1685 2515 τεῖν,
1724 2449 2056 2518 διατρίβειν,
2096 2457 2158 2503 ut
2188 2452 2333 2517 apud
2365 2453 2638 2519 Nympho-

1548 2521 1738 2572 dorum
1787 2526 1984 2572 exstat.
2067 2522 2189 2571 Hoc
2236 2526 2418 2572 autem
2460 2524 2638 2587 ipsum

1548 2590 1693 2654 apud
1747 2590 1986 2642 Graecos
2045 2591 2307 2651 virorum,
2358 2591 2639 2657 haudqua-

1548 2675 1709 2725 quam
1733 2658 2013 2709 mulierum
2036 2665 2172 2709 erat.
2205 2658 2365 2710 Conf.
2387 2660 2491 2723 111,
2515 2658 2634 2712 137.

1553 2727 1668 2779 139.
1711 2729 1807 2790 IV,
1836 2727 1920 2778 78.
1954 2728 2073 2779 164.
2091 2758 2163 2769 -
2192 2719 2536 2791 καπηλεύειν
2564 2730 2635 2780 ad

1547 2799 1603 2848 id
1640 2797 1947 2848 commercii
1968 2812 2136 2863 genus
2164 2797 2454 2863 pertinere,
2490 2797 2637 2864 quod

1544 2869 1706 2918 rebus
1742 2866 2027 2918 vilioribus
2061 2868 2133 2918 ad
2159 2868 2307 2917 vitae
2335 2882 2492 2918 usum
2524 2883 2637 2918 ma-

1545 2938 1688 2987 xime
1732 2937 2059 2987 necessariis
2093 2937 2430 3000 continetur,
2480 2940 2635 3002 patet

1547 3023 1614 3058 ex
1668 3006 1765 3069 iis,
1832 3021 1972 3071 quae
2036 3005 2107 3056 ad
2161 3006 2219 3069 1,
2277 3005 2346 3057 94
2405 3012 2635 3058 annota-

1543 3077 1743 3126 vimus.

1616 3138 1678 3194 οἱ
1705 3137 1771 3193 δὲ
1805 3132 2039 3206 ἄνδρες,
2094 3134 2221 3192 κατ’
2262 3141 2461 3201 οἴκους
2509 3135 2631 3194 ἐόν-

1543 3229 1650 3276 τες,
1675 3204 2012 3277 ὑφαίνουσι]
2036 3213 2120 3263 Ex
2134 3212 2462 3264 Graecorum
2484 3229 2634 3264 more

1542 3285 1779 3334 virorum
1811 3297 1932 3332 cum
1971 3286 2117 3332 esset
2149 3284 2207 3331 in
2244 3283 2362 3333 foro
2398 3284 2628 3345 versari,

1543 3352 1822 3403 mulierum
1850 3351 1996 3401 domi
2023 3366 2242 3402 manere
2258 3342 2408 3416 (κατ’
2432 3349 2632 3408 οἴκους

1541 3417 1691 3472 εἶναι
1740 3438 1785 3471 s.
1823 3415 2140 3482 οἰκουρείνς
2191 3420 2267 3470 cf.
2300 3419 2629 3471 Valckenar.

1541 3491 1613 3542 ad
1648 3490 1915 3541 Herodot.
1964 3489 2071 3551 IV,
2127 3489 2243 3553 114)
2296 3489 2645 3545 domesticis-,

1541 3576 1647 3627 que
1699 3559 1964 3624 negotiis,
2025 3558 2096 3607 ad
2148 3572 2286 3622 quae
2332 3559 2627 3609 textorium

1540 3645 1677 3695 opus
1746 3628 2088 3694 potissimum
2154 3626 2464 3690 pertinebat
2524 3626 2626 3692 (cf.

1543 3700 1605 3752 C.
1656 3699 1724 3748 F.
1768 3699 2065 3747 Hermann.
2116 3695 2527 3746 Privatalterth.
2575 3695 2624 3757 §-

1547 3768 1631 3819 10.
1657 3771 1772 3817 not.
1797 3767 1875 3829 9),
1912 3780 2130 3827 vacare,
2168 3766 2498 3816 contrarium
2524 3765 2629 3815 Ae-

1543 3837 1854 3902 gyptiorum
1899 3851 2103 3886 morem
2139 3833 2391 3884 consulto
2426 3835 2629 3886 Noster

1539 3906 1631 3955 hic
1666 3905 1992 3966 declaravit,
2027 3903 2174 3953 haud
2208 3903 2367 3954 aliter
2398 3904 2511 3955 fere
2547 3908 2628 3954 at-

1544 3991 1651 4040 que
1696 3973 2019 4038 Sophocles,
2073 3973 2163 4038 qui
2209 3974 2247 4023 l.
2284 3972 2321 4025 1.
2361 3973 2627 4039 Oedipum

1542 4045 1622 4094 sic
1646 4043 1955 4108 loquentem
1981 4042 2220 4105 inducit,
2249 4047 2310 4092 ut
2330 4041 2472 4093 filios
2497 4059 2626 4094 suos

1539 4111 1675 4162 nihil
1705 4116 1957 4177 agentes,
1991 4111 2133 4162 filias
2157 4116 2338 4163 autem
2363 4127 2625 4162 summam

1538 4182 1710 4248 ipsius
1766 4195 1951 4231 curam
1994 4173 2259 4231 hahentes
2274 4218 2287 4243 ,
2352 4181 2624 4247 Aegyptio

1538 4266 1687 4303 more
1722 4265 1756 4300 a
1794 4265 1885 4300 ere
1920 4250 2092 4310 dicat,
2128 4250 2267 4300 haec
2298 4249 2535 4301 addens:

1746 4264 1865 4370 gast
1889 4311 1993 4382 γὰρ
2023 4312 2083 4368 οἱ
2102 4311 2207 4383 μὲν
2226 4309 2458 4396 ᾄρσενες
2481 4310 2626 4369 κατὰ

2162 4399 2363 4450 στεγας
