3109 5092
461 231 586 291 756

1322 222 1858 286 HERODOTI

465 406 578 473 καὶ
618 398 1030 489 ἀναδήσαντι
1059 396 1185 488 τὴν
1228 395 1519 489 πατριὴν
1550 401 1618 479 ἐς
1662 399 2140 467 ἑκκαιδέκατον
2166 394 2374 481 θεὸν,
2419 398 2758 484 ἐποίησαν

470 511 538 577 οἰ
560 509 732 597 ἱρέες
766 509 888 573 τοῦ
924 500 1124 588 Διὸς,
1167 496 1314 572 οἷόν
1339 530 1402 572 τι
1434 503 1546 570 καὶ
1582 502 1726 591 ἐμοὶ
1756 497 1838 569 οὐ
1876 500 2442 589 γενεηλογήσαντι
2484 501 2739 589 ἐμεωυ-

468 609 610 681 τόν.
682 605 1123 694 ἐσαγαγόντες
1167 609 1233 686 ἐς
1270 605 1346 675 τὸ
1388 607 1685 695 μέγαρον
1730 610 1900 691 ἔσω,
1945 603 2059 674 ἐὸν
2085 607 2289 693 με’γα,
2341 606 2751 692 ἐξηρίθμεον

474 710 861 791 δεικνύντες
907 707 1271 790 κολοσσοὺς
1315 713 1626 792 ξυλίνους
1663 706 2055 793 τοσούτους,
2111 704 2311 786 ὅσους
2338 732 2465 792 περ
2510 705 2711 775 εἶπον
2732 727 2746 741 ·

472 812 787 907 ἀρχιρεύς
825 811 954 902 γὰρ
996 817 1270 892 ἕκαστος
1312 809 1559 882 αὐτόθι
1585 817 1843 881 ἵσταται
1881 812 1989 879 ἐπὶ
2019 816 2134 898 τῆς
2170 812 2427 880 ἑωυτοῦ
2456 810 2607 897 ζόης
2649 815 2748 876 εἰ·

471 920 639 990 κόνα
690 921 966 988 ἑωυτοῦ.
1037 913 1478 1005 ἀριθμέοντες
1530 906 1627 984 ὦν
1662 915 1789 993 ἷκαὶ
1838 914 2226 995 δεικνύντες
2269 915 2338 982 οἱ
2377 915 2549 1003 ἱρέες
2601 913 2751 1001 ἐμοὶ

466 1020 972 1093 ἀπεδείκνυσαν
1013 1025 1222 1089 παῖδα
1266 1016 1513 1108 πατρὸς
1540 1019 1818 1087 ἑωυτῶν
1855 1021 2137 1088 ἕκαστον
2178 1015 2411 1102 ἐόντα,
2465 1018 2540 1084 ἐκ
2592 1021 2717 1084 τοῦ
2734 1033 2839 1088 174

467 1232 565 1274 nrm
618 1237 663 1274 s.
713 1228 966 1270 auctorem
1024 1218 1293 1269 decimum
1342 1225 1556 1270 sextum

469 1309 502 1343 a
539 1307 599 1342 se
633 1293 752 1355 ipso
787 1294 1081 1339 retrorsum
1104 1289 1324 1339 ductum
1353 1290 1558 1353 referre

463 1363 778 1422 instituerat,
841 1358 936 1408 ubi
993 1351 1098 1421 τὴν
1148 1351 1396 1422 πατριὴν
1446 1373 1556 1408 non

469 1430 578 1481 alio
615 1444 776 1480 sensu
813 1427 952 1476 dixit
984 1433 1150 1492 atque
1182 1427 1324 1477 infra
1354 1428 1428 1490 11,
1454 1427 1555 1478 146

468 1490 586 1549 ἀπὸ
619 1491 828 1548 τούτου
865 1493 1413 1561 γενεηλογέουσι
1451 1488 1552 1546 αὖ·

468 1566 585 1619 τῶν
621 1559 748 1632 τὴν
797 1566 1091 1631 γένεσιν.
1162 1567 1357 1631 Neque
1392 1566 1553 1616 aliter

469 1638 588 1702 ΠΙ,
641 1637 736 1687 75:
803 1627 1118 1700 ἀρξάμενος
1163 1626 1280 1702 ἀπὸ
1317 1626 1554 1717 Ἀχαιμέ-

469 1721 600 1765 νεος
633 1696 1027 1770 ἐγενεηλόγησε
1049 1696 1155 1769 τὴν
1179 1719 1426 1769 πατριην
1449 1698 1556 1768 τὴν

471 1773 688 1840 Κύρου.
787 1774 921 1824 Inde
988 1773 1136 1824 haud
1204 1774 1555 1835 intercedam,

470 1847 518 1898 si
554 1846 675 1911 quis
712 1844 816 1895 hoc
840 1844 1006 1894 etiam
1028 1843 1149 1894 loco
1175 1836 1282 1908 τὴν
1309 1834 1558 1909 πατριὴν

470 1915 539 1966 de
571 1915 845 1981 phratria‚
882 1929 1044 1980 quam
1076 1914 1250 1963 Attici
1278 1913 1554 1975 dicebant,

472 1985 723 2050 accipere
775 1983 934 2045 velit,
985 1988 1049 2033 ut
1100 1984 1236 2033 fecit
1271 1982 1552 2034 Welcker:

470 2055 585 2105 Der
616 2053 838 2118 epische
862 2051 1013 2116 Cycl.
1034 2067 1090 2116 p.
1120 2052 1238 2104 162.
1292 2053 1378 2102 Tu
1408 2051 1554 2103 conf.

468 2123 516 2186 1,
555 2123 657 2176 200
699 2127 754 2171 et
779 2122 825 2184 1,
864 2123 964 2172 125
989 2121 1175 2185 ibique
1207 2127 1348 2171 nott.
1405 2123 1555 2171 Deus

472 2196 679 2254 autem,
717 2206 875 2254 quem
909 2189 1124 2254 generis
1161 2190 1385 2255 stirpem
1411 2196 1554 2241 retu·

469 2260 535 2309 lit
554 2261 892 2321 Hecataeus,
930 2258 1023 2308 vix
1050 2257 1191 2309 alius
1217 2274 1337 2309 esse
1374 2260 1556 2325 potuit

478 2334 646 2393 atque
679 2328 896 2393 Apollo,
936 2342 970 2377 a
1003 2326 1235 2377 Milesiis
1269 2328 1558 2393 insigniter

472 2397 685 2448 cultus:
761 2397 874 2448 vid.
918 2396 1163 2447 Klausen
1224 2396 1297 2446 ad
1350 2399 1552 2448 Hecat.

469 2467 665 2534 fragm.
707 2484 761 2533 p.
790 2467 842 2519 6.
898 2493 967 2502 —
1018 2466 1102 2516 Ad
1144 2466 1372 2517 formam
1403 2470 1558 2518 vocis

472 2537 766 2588 numeralis
831 2527 1234 2586 ἑκκαιδέκατον
1282 2538 1429 2588 conf.
1480 2537 1555 2600 ΙΙ,

473 2607 574 2659 159
632 2599 951 2664 ἑκκαίδεκα,
994 2610 1049 2656 et
1095 2620 1236 2673 quae
1275 2608 1560 2658 admonuit

467 2676 705 2728 Bredov.
734 2692 791 2742 p.
831 2675 935 2727 279
971 2690 1085 2742 seq.

541 2788 671 2845 οἷόν
714 2811 767 2844 τι
833 2790 929 2844 καὶ
994 2784 1120 2858 ἐμοὶ
1175 2785 1244 2844 οὗ
1299 2794 1556 2860 γενεηλο-

468 2859 703 2928 γήσαντι
753 2853 1054 2929 ἐμεωυτόν]
1111 2866 1194 2914 Ex
1239 2864 1326 2914 his
1372 2865 1558 2913 verbis

469 2934 608 2982 satis
637 2935 811 2996 patet,
840 2932 1178 2982 Herodotum
1211 2934 1389 2998 ipsum
1417 2933 1556 2982 The·

468 3000 553 3050 bis
580 3004 972 3052 commoratum
1002 2999 1190 3051 fuisse.
1233 3002 1359 3052 Vid.
1386 3018 1554 3067 supra

469 3069 559 3133 11,
599 3070 652 3121 3.
687 3069 751 3121 15
788 3070 921 3135 ibiq.
960 3073 1103 3121 nott.

539 3162 904 3237 ἐσαγαγόντες
954 3163 1010 3229 ἐς
1042 3163 1107 3221 τὸ
1144 3169 1392 3237 μέγαρον
1426 3167 1552 3238 ἔσω,

467 3232 563 3291 ἐὸν
585 3240 743 3308 μέγα]
782 3235 1029 3307 μέγαρον
1056 3242 1185 3307 quid
1216 3247 1379 3305 esset,
1415 3243 1551 3292 dixi-

469 3328 586 3362 mus
621 3312 693 3362 ad
729 3312 784 3374 Ι,
833 3314 919 3363 47.
968 3312 1114 3375 ,,Ρι·ο
1162 3314 1295 3362 atr-io
1338 3312 1427 3363 hic
1462 3329 1551 3363 ac-

462 3382 580 3502 {zilpi
603 3382 797 3502 volunt
812 3381 1464 3517 GallIiIdoctizglgescflipg.
1484 3382 1550 3432 de

487 3454 608 3501 ’“.
700 3452 875 3517 niqq.
989 3469 1096 3517 .p.
1309 3452 1552 3515 iuque

466 3468 645 3587 ipslgun
696 3521 1091 3587 amplissimum
1151 3537 1272 3572 esse
1332 3522 1550 3583 atrium,

468 3592 614 3655 quod
651 3592 708 3641 in
744 3592 870 3641 vico
905 3591 1134 3642 Karnak
1181 3591 1250 3640 ab
1299 3589 1558 3641 orientali

466 3666 623 3724 parte
655 3661 771 3712 Nili
804 3659 1071 3725 hodieque
1105 3660 1353 3724 pateat.“
1391 3661 1484 3715 Gr.

547 3771 858 3835 κολοσσοὺς
920 3775 1209 3845 ξυλίνους]
1283 3779 1554 3829 Heerenio

468 3844 655 3910 (Ideen
674 3847 818 3909 11,·2.
845 3864 898 3911 p.
917 3846 1041 3912 302)
1067 3848 1124 3897 hi
1147 3849 1347 3898 colossi
1369 3849 1555 3899 viden-

469 3920 560 3965 tur
586 3930 735 3965 esse:
768 3916 1018 3966 kolossale
1055 3917 1552 3983 master-Karyai-

470 3986 594 4039 den:
618 3984 758 4034 unde
778 3984 934 4035 simul
957 3985 1098 4036 idem
1118 3987 1202 4036 vir
1226 3986 1418 4037 doctus
1441 3987 1550 4036 col-

468 4052 622 4119 ligit,
682 4053 845 4102 etiam
901 4054 956 4102 in
999 4056 1288 4120 Aegyptiis
1330 4057 1549 4121 templis

466 4122 607 4189 ligni
645 4122 908 4187 quendem
955 4122 1129 4173 fuisse
1167 4139 1323 4174 usum
1357 4126 1425 4174 ad
1464 4142 1545 4176 or-

467 4197 752 4254 namenta,
785 4190 896 4241 alia
932 4191 986 4242 id
1005 4208 1195 4257 genus.
1251 4195 1429 4258 Atque
1451 4195 1544 4244 ad-

465 4260 643 4313 hibuit
676 4261 820 4312 hunc
860 4260 924 4326 l.‚
977 4269 1228 4313 monente
1257 4264 1543 4328 CreuzerO,

1656 1218 1908 1269 Visconti
1941 1217 2011 1267 ad
2041 1217 2184 1267 Mus.
2219 1217 2609 1269 Pio-clement.
2636 1216 2751 1270 vol.

1644 1289 1735 1339 ‹11.
1772 1304 1901 1353 pag.
1939 1287 2025 1338 32.
2066 1286 2211 1339 Galli
2245 1303 2375 1338 vero
2416 1287 2565 1338 docti
2609 1287 2672 1352 (l.
2711 1288 2749 1339 1.

1656 1373 1785 1422 pag.
1828 1357 1948 1422 169)
1997 1356 2097 1407 hos
2132 1356 2343 1423 lig-neos
2381 1357 2626 1408 colossos
2663 1373 2751 1407 ar-

1656 1427 1935 1477 bitrantur
2005 1426 2179 1476 fuisse
2248 1427 2622 1492 sarcophagos
2684 1426 2749 1476 li-

1656 1512 1856 1561 gneos,
1907 1498 2024 1545 sive
2078 1497 2401 1546 mumiarum
2443 1512 2634 1560 arcas,
2691 1498 2749 1545 in

1659 1565 1856 1631 quibus
1910 1566 2152 1630 ipsorum
2204 1564 2523 1630 pontificum
2577 1567 2749 1616 maxi-

1658 1650 1863 1685 morum
1897 1634 2169 1684 cadavera
2224 1635 2499 1685 medicata
2533 1634 2749 1686 inclusa

1657 1704 1882 1754 fuerint.
1959 1704 2170 1766 Quibus
2214 1705 2436 1755 minime
2490 1704 2628 1755 illud
2665 1721 2748 1754 re-

1657 1771 1863 1838 fragari
1893 1777 2074 1823 monet
2099 1773 2355 1827 Creuzer.
2380 1773 2609 1837 (Comm.
2637 1775 2747 1824 He-

1657 1842 1810 1893 rodd.
1868 1857 2000 1908 pag.
2062 1841 2244 1907 201)‚.
2276 1843 2423 1908 quod
2481 1845 2748 1895 contiuuo

1658 1913 1892 1977 quisque
1922 1912 2176 1962 sacerdos
2211 1927 2471 1975 summus,
2510 1913 2636 1964 dum
2663 1916 2745 1963 vi-

1657 1981 1766 2046 vit,
1817 1982 2113 2046 imaginem
2161 1997 2318 2032 suam
2372 1999 2575 2048 ponere
2613 1984 2747 2034 dici-

1657 2055 1780 2113 tur-3
1833 2067 1959 2100 nam
1994 2051 2246 2101 similiter
2293 2052 2450 2118 loqui
2484 2053 2747 2104 Nostrum

1656 2120 1741 2182 11,
1780 2120 1847 2171 86
1870 2119 1940 2169 de
1976 2122 2122 2171 veris
2160 2123 2404 2182 mumiis;
2442 2122 2641 2172 deiude
2664 2123 2745 2171 vi-

1656 2205 1746 2239 ros
1782 2189 2079 2240 honoratos
2117 2191 2174 2239 in
2210 2191 2567 2242 conclavibus
2594 2191 2745 2242 aedi-

1655 2258 1903 2309 ficiorum
1939 2261 2229 2309 memorari
2266 2259 2539 2325 sepultos,
2577 2267 2745 2326 atque

1655 2328 2016 2392 reputandum
2074 2330 2292 2380 omnino
2349 2344 2470 2380 esse
2491 2367 2506 2393 ,
2581 2346 2745 2395 quam

1655 2397 1767 2446 vim
1806 2397 1861 2445 in
1887 2398 2281 2463 Aegyptiorum
2312 2399 2433 2450 vita
2471 2415 2537 2449 ac
2572 2400 2746 2450 socie-

1657 2471 1777 2516 tate
1812 2466 2066 2516 habuerit
2100 2470 2426 2518 mumiarum
2461 2474 2745 2533 spectacu-

1657 2535 1768 2585 lum
1810 2533 1918 2598 (ΙΙ,
1958 2534 2078 2601 78),
2129 2535 2366 2602 denique
2409 2536 2569 2602 quam
2620 2555 2743 2587 con-

1658 2609 1979 2654 sentaneum
2011 2606 2085 2654 sit
2119 2605 2388 2657 eiusmodi
2423 2607 2745 2672 religionum

1658 2673 1950 2737 sacerdoti,
1987 2675 2172 2725 vivum
2201 2691 2267 2726 ac
2301 2678 2601 2742 spirantem
2637 2677 2745 2726 sibi

1659 2744 1903 2794 arculam
1948 2744 2125 2809 ipsum
2160 2759 2315 2795 suam
2352 2745 2651 2797 collocasse
2688 2750 2742 2795 in

1661 2814 1803 2862 atrio
1843 2811 2121 2864 sublustri.
2185 2814 2518 2879 Obloquitur
2552 2815 2745 2867 Gallus

1660 2883 1930 2946 interpres
1964 2884 2255 2947 recentior,
2280 2885 2334 2933 in
2364 2886 2486 2950 ipsa
2523 2890 2745 2935 colosso·

1658 2968 1766 3000 rum
1814 2966 1950 3001 voce
2002 2952 2271 3015 haerensf
2309 2970 2431 3004 cum
2478 2954 2744 3005 Herodoti

1656 3021 1851 3080 verba,
1902 3021 2089 3085 qualia
2134 3037 2280 3072 nunc
2314 3023 2599 3088 leguntur,
2652 3025 2744 3072 vix

1658 3090 1821 3140 talem
1870 3089 2375 3155 interpretationem
2426 3092 2738 3144 admittant.

1655 3161 1847 3224 Neque
1884 3159 2026 3208 enim
2062 3161 2230 3211 verba
2267 3152 2481 3211 αὐτόθι
2517 3160 2735 3212 ἵσταται

1655 3256 1721 3264 —-
1769 3219 1965 3277 εἰκόνα
2009 3228 2075 3279 de
2122 3231 2351 3295 mamis,
2407 3247 2547 3296 quae
2593 3232 2741 3282 humi

1653 3298 1844 3362 reponi
1877 3297 2017 3348 solet
2055 3298 2190 3363 (vid.
2225 3303 2366 3351 nott.
2406 3301 2476 3351 ad
2511 3302 2593 3364 11,
2628 3300 2738 3366 86),

1655 3366 1832 3431 accipi
1864 3372 2140 3432 poterunt.

1720 3429 1954 3493 ἕκαστος
1985 3427 2197 3486 αὐτόθι
2229 3433 2537 3504 ἵσταται]
2586 3434 2740 3487 ἵστα-

1651 3519 1743 3553 ται
1786 3504 2030 3571 plerique
2092 3506 2221 3557 libri
2267 3512 2322 3556 et
2373 3507 2566 3571 optimi
2617 3524 2736 3572 pro·

1652 3574 1823 3624 hante
1859 3590 2075 3640 quoque
2096 3575 2331 3628 Bredov.
2359 3592 2412 3640 p.
2439 3576 2559 3629 397.
2600 3577 2738 3627 Con-

1654 3648 1742 3692 tra
1792 3659 1821 3692 e
1856 3644 2137 3694 Sancrofti
2175 3645 2315 3695 libro
2352 3645 2583 3710 aliisque
2616 3646 2739 3697 Eltz

1656 3714 1883 3775 Quaest.
1942 3713 2182 3764 Herodd.
2253 3714 2392 3765 fasc.
2451 3716 2498 3766 1.
2558 3732 2612 3780 p.
2676 3718 2740 3766 12

1657 3779 1907 3844 (Jahrbb.
1946 3782 1985 3832 f.
2015 3782 2284 3848 Philolog.
2321 3784 2512 3849 Suppl.
2544 3785 2642 3835 lx.
2682 3801 2738 3850 p.

1659 3851 1783 3916 118)
1795 3852 1987 3916 reponi
2011 3852 2162 3903 iubet
2187 3844 2319 3919 ῖστᾷ
2344 3854 2513 3904 verbo
2536 3855 2739 3916 activo,

1653 3920 1799 3984 quod
1857 3921 2163 3973 invenimus
2211 3920 2286 3982 ΙΙ,
2341 3922 2428 3973 86.
2477 3922 2591 3986 IV,
2640 3922 2739 3974 103

1654 3988 1885 4054 aliisque
1926 3989 2093 4053 locis,
2150 4005 2286 4056 quos
2335 3991 2547 4043 indicat
2585 3993 2740 4042 Wes-

1652 4056 1939 4123 selingius.
2014 4061 2281 4122 Quoniam
2318 4076 2449 4111 vero
2476 4061 2531 4112 h.
2558 4061 2596 4112 1.
2624 4062 2739 4126 agi-

1651 4134 1743 4178 tur
1778 4127 1843 4177 de
1874 4134 2080 4191 statua,
2117 4144 2275 4194 quam
2304 4130 2403 4181 sibi
2430 4133 2640 4195 quisque
2651 4146 2742 4194 po·

1647 4201 1735 4252 m'l.
1753 4199 2093 4261 ponendamve
2126 4206 2297 4252 curat.
2348 4201 2487 4249 satis
2527 4201 2742 4250 videtur

1649 4271 1800 4315 tutus
1833 4267 1997 4316 medii
2032 4267 2184 4319 verbi
2222 4282 2374 4318 usus.
