3109 5092
1274 375 1529 438 CLIO.
1575 378 1627 436 I.
1677 383 1798 441 171.

2547 377 2672 440 333

396 559 555 620 λευε
593 554 672 620 ἓν
715 548 1206 640 βουλευτήριον
1238 547 1473 631 Ἴωνας
1527 553 1889 638 ἐκτῆσθαι,
1934 547 2011 618 τὸ
2053 548 2129 634 Q}
2177 548 2350 620 εἶναι
2388 552 2464 620 ἐν
2501 553 2644 646 Τέῳ
2661 573 2675 587 ·

408 653 597 724 Τέων
632 651 764 743 γὰρ
800 656 1008 743 μέσον
1042 653 1216 723 εἶναι
1240 650 1511 743 Ἰωνίης.

1589 652 1707 734 τὰς
1743 652 1819 722 δὲ
1852 649 2061 733 ἄλλας
2096 653 2331 735 πόλιας
2376 658 2677 743 οἰκεομέ-

396 786 520 837 νας
564 757 779 846 μηδὲν
826 761 1029 828 ἕσσον
1071 765 1465 846 νομίζεσθαι
1482 808 1502 845 ,
1568 757 1865 846 κατάπερ
1906 763 1969 826 εί
2011 762 2139 847 ὃῆμ
2148 785 2211 827 οι
2257 757 2418 828 εἷεν.
2501 755 2680 828 οὕτω

396 862 525 950 μὲν
554 861 639 950 δή
676 882 798 949 σφι
836 860 1108 950 γνώμας
1135 862 1405 931 τοιάσδε
1443 858 1880 945 ἀπεδέξαντο.

550 960 888 1055 ’Ἅρπαγος
939 966 1015 1035 δὲ
1072 964 1698 1058 καταστρεψάμενος
1763 962 2027 1052 Ἰωνίην
2110 967 2406 1035 ἐποιέετο
2479 983 2681 1053 στρα-
2702 977 2812 1039 171

397 1074 599 1156 τηΐην
636 1071 747 1138 ἐπὶ
782 1074 1017 1158 Κᾶρας
1062 1071 1177 1138 καὶ
1216 1077 1565 1152 Καυνίους
1614 1070 1727 1154 καὶ
1788 1073 2120 1154 Λυκίους,
2173 1063 2310 1156 ἅμα
2355 1063 2683 1156 ἀγόμενος

398 1173 513 1242 καὶ
534 1169 776 1253 Ἴωνας
819 1175 933 1242 καὶ
966 1173 1276 1254 Αἰολέας.
1348 1175 1507 1244 Εἰσὶ
1552 1172 1629 1243 δὲ
1667 1170 1932 1244 τούτων
1973 1176 2198 1260 Κᾶρες
2236 1170 2363 1261 μὲν
2394 1168 2682 1260 ἀπιγμέ-

399 1371 650 1438 equidem
705 1375 785 1424 sic
842 1377 1200 1441 interpretor:
1269 1377 1495 1442 reliquas

398 1458 520 1493 vero
554 1443 735 1508 urbes,
775 1461 904 1509 quae
942 1443 1042 1511 (ab
1069 1442 1323 1510 Ionibus)
1354 1445 1496 1495 habi-

399 1521 593 1578 tantur,
618 1513 797 1563 haesit
811 1515 967 1566 Schw
973 1515 1358 1581 eighaeuserus
1372 1515 1497 1582 (Le-

399 1584 511 1633 xic.
531 1550 739 1633 Herod.
762 1584 840 1636 ΙΙ.
862 1601 916 1650 p.
944 1584 1067 1651 138)
1090 1585 1325 1636 addens.
1364 1600 1497 1650 „-po

401 1658 590 1716 „teras
627 1654 794 1703 etiam
830 1655 1101 1720 suspicari
1149 1648 1252 1713 τὰς
1286 1646 1496 1704 αλλοθι

401 1689 646 1785 :zachae
679 1719 1012 1789 οἰκεομένας
1045 1729 1141 1775 aut
1165 1719 1495 1804 οἰκημένας,

402 1792 706 1911 „scriptum
754 1795 1088 1859 oportuisse,
1144 1801 1240 1845 aut
1286 1786 1387 1852 τὰς
1433 1786 1495 1842 ἐν

403 1876 555 1926 „⁷18⁸
583 1877 617 1927 (²

401 1898 580 2064 {rum
582 1947 618 1996 p
641 1937 786 1995 acet3
839 1934 984 1985 conf.
1032 1935 1199 1984 etiam
1244 1938 1386 1985 nott.
1424 1933 1495 1984 ad

747 2172 881 2225 Cu.
920 2174 1164 2228 CLXXI.

472 2264 591 2342 ἅμα
616 2267 895 2344 ἀγόμενος
914 2275 1010 2329 καὶ
1025 2269 1228 2336 Ἴωνας
1250 2274 1348 2328 καὶ
1368 2272 1498 2328 Alo-

405 2345 558 2414 λέας]
605 2348 728 2399 Hoc
776 2347 1157 2415 explicandum
1204 2364 1269 2400 ex
1304 2350 1498 2399 Persa-

404 2433 524 2469 rum
545 2433 710 2482 more,
749 2433 855 2483 quo
879 2419 1116 2470 victores
1140 2420 1344 2470 victam
1370 2435 1498 2486 gen·

406 2495 517 2537 tem
566 2502 677 2537 una
720 2503 904 2538 secum
953 2489 1239 2553 ducerent,
1300 2490 1498 2555 copiis-

407 2573 514 2623 que
548 2557 664 2607 suis
712 2558 969 2609 continuo
1008 2558 1163 2609 illam
1212 2558 1493 2610 adderent.

409 2628 497 2678 Cf.
532 2628 767 2678 Heeren.
807 2627 974 2679 Ideen
1007 2628 1286 2694 1,1pag.
1323 2630 1444 2680 513.

479 2692 590 2746 εἰσὶ
635 2690 700 2746 δὲ
748 2689 969 2747 τούτων
1002 2695 1188 2764 Κᾶρες
1227 2691 1332 2762 μὲν
1365 2689 1495 2748 ἀπι-

407 2763 604 2831 γμένοι
661 2757 718 2824 ἐς
778 2758 885 2831 τὴν
930 2758 1175 2831 ἤπειρον
1222 2783 1274 2818 κ.
1322 2783 1369 2818 τ.
1419 2765 1492 2832 λ.]

409 2837 602 2896 Cares,
642 2836 736 2901 qui
783 2835 1026 2888 Graecae
1073 2837 1260 2903 stirpis
1304 2838 1499 2888 volunt

410 2920 560 2968 esse,
598 2905 850 2971 primitus
885 2923 915 2956 e
952 2907 1185 2959 Graecia
1218 2908 1341 2973 ipsa
1376 2921 1498 2973 pro-

410 2975 586 3025 sectos
623 2975 831 3040 Aegaei
876 2977 1043 3027 maris
1083 2977 1292 3027 insulas
1341 2992 1499 3028 occu-

410 3059 573 3110 passe
608 3044 772 3111 vulgo
801 3051 1058 3111 narrant,
1095 3046 1420 3112 eosdemque
1443 3049 1500 3096 et

412 3119 718 3165 mercatura
764 3119 820 3165 et
867 3114 1172 3166 latrociniis
1214 3117 1498 3166 maritimis

411 3184 630 3235 inclitos
697 3184 871 3235 fuisse
949 3186 1178 3236 addunt.
1284 3186 1499 3236 Primus

410 3256 601 3319 iugum
646 3252 752 3303 illis
794 3254 1119 3320 imposuisse
1169 3255 1367 3306 dicitur
1401 3256 1502 3306 Mi-

412 3338 540 3388 nos,
591 3323 684 3388 qui
717 3323 921 3389 primus
959 3325 1287 3376 Graecorum
1322 3325 1501 3376 classe

410 3393 702 3459 plurimum
746 3392 948 3457 valuit,
1008 3394 1296 3446 nonnullos
1357 3395 1502 3446 subi-

412 3463 592 3530 gendo
614 3463 839 3528 suisque
865 3463 1214 3514 Cretensibus
1246 3465 1503 3516 adiicien-

414 3534 512 3596 do,
553 3532 720 3597 alios,
760 3533 852 3598 qui
888 3533 1076 3598 iugum
1111 3533 1253 3584 ferre
1276 3534 1501 3598 nollent,

413 3602 711 3665 eiiciendo,
747 3602 830 3652 ita
863 3607 926 3652 ut
960 3603 1154 3654 insulis
1191 3604 1395 3655 relictis
1431 3604 1503 3655 ad

412 3673 663 3739 proxima
706 3672 873 3722 Asiae
916 3671 1080 3723 litora
1135 3688 1255 3724 sese
1299 3675 1503 3739 recipe-

414 3747 536 3793 rent
585 3742 769 3806 ibique
812 3740 968 3792 sedes
1023 3741 1271 3808 figerent.
1344 3743 1503 3794 Unde

415 3818 543 3864 sunt
578 3826 766 3861 rursus
801 3810 944 3877 pulsi
971 3812 1141 3866 multo
1178 3817 1305 3878 post
1339 3813 1501 3863 adve-

414 3880 693 3932 nientibus
718 3896 749 3932 e
771 3881 1003 3932 Graecia
1022 3881 1267 3946 Ionibus,
1298 3882 1366 3934 de
1391 3882 1504 3947 qui-

414 3951 515 4000 bus
563 3951 800 4002 vidimus
845 3952 917 4001 ad
961 3951 1018 4014 1,
1070 3951 1185 4002 142.
1268 3952 1341 4001 At
1376 3967 1503 4002 vero

415 4020 526 4070 alia
600 4020 649 4070 si
706 4020 1205 4085 circumspiciamus
1225 4058 1238 4084 ‚
1307 4021 1506 4072 Carum

415 4104 549 4155 gens
594 4089 900 4155 primitivas
944 4090 1101 4140 sedes
1144 4091 1202 4139 in
1236 4090 1372 4141 Asia
1413 4090 1506 4141 ha-

416 4160 602 4211 buisse
636 4160 876 4222 videtur,
915 4159 1207 4210 Semiticae
1229 4160 1388 4225 stirpi
1418 4175 1506 4211 ac·

414 4229 713 4290 censenda;
753 4245 818 4280 ex
839 4229 973 4280 Asia
992 4244 1283 4294 progressa
1303 4229 1360 4279 in
1378 4246 1506 4296 pro-

414 4300 561 4350 xime
580 4300 720 4351 sitas
748 4299 955 4350 insulas
976 4299 1192 4349 Cretam
1218 4300 1506 4365 praecipue

415 4370 593 4420 tenuit
627 4369 812 4434 ibique
849 4385 971 4419 cum
1006 4368 1129 4418 aliis
1162 4367 1323 4421 huius
1358 4368 1505 4419 insu-

414 4438 505 4489 lae
550 4437 743 4491 incolis
787 4438 1185 4505 quodammodo
1236 4437 1505 4490 coaluisse

692 1857 1058 1928 olnmoe'voecfl
1101 1865 1341 1927 Quorum
1365 1879 1495 1913 neu·
1496 1911 1501 1916 .

1597 1373 1832 1424 videtur.
1918 1373 1999 1424 Ac
2053 1373 2367 1425 Semiticam
2425 1374 2688 1440 originem

1597 1449 1871 1495 testantur
1895 1443 2164 1494 vocabula
2188 1445 2454 1509 quaedam
2475 1445 2689 1507 Carica,

1598 1513 1787 1579 qualia
1831 1513 2059 1578 collegit
2100 1514 2411 1581 Joblonsky
2448 1514 2685 1580 Opuscc.

1599 1584 1666 1634 T.
1706 1584 1809 1637 111.
1845 1600 1900 1649 p.
1939 1582 2035 1645 943
2072 1599 2247 1649 neque
2282 1583 2388 1635 huc
2423 1600 2531 1634 non
2571 1600 2691 1649 per-

1598 1654 1739 1703 tinet
1769 1654 2057 1715 Homerus,
2090 1656 2183 1717 qui
2201 1654 2368 1705 Cares
2392 1655 2530 1705 dixit
2552 1654 2689 1721 βαρ-

1600 1715 1981 1791 βαροφώνους
2025 1690 2538 1786 1'11.11,867,ubi
2575 1724 2687 1773 vid.

1596 1795 1950 1857 interpretes3
1997 1796 2058 1842 tu
2105 1792 2217 1843 vid.
2255 1793 2501 1858 inprimis
2540 1794 2691 1844 Stra—

1597 1862 1793 1913 bonem
1842 1861 1910 1913 de
1948 1861 2106 1912 huius
2151 1863 2303 1912 vocis
2335 1862 2392 1911 vi
2424 1861 2691 1912 disseren-

1598 1937 1709 1981 tem
1744 1930 1892 1981 XIV.
1943 1946 1998 1996 p.
2036 1931 2135 1982 661
2176 1932 2304 1982 Cas.
2384 1930 2553 1982 Plura
2596 1931 2689 1982 da-

1597 2001 1734 2052 bunt
1780 2000 1991 2051 Hoeck.
2039 1999 2204 2050 Creta
2245 2001 2324 2051 11.
2368 2017 2424 2066 p.
2461 2002 2495 2052 6
2532 2017 2686 2068 seqq.

1598 2071 1702 2122 290
1737 2085 1887 2136 seqq.
1926 2068 2227 2122 Bertheau:
2264 2072 2374 2122 Ζιιι·
2406 2070 2605 2125 Gesch.
2633 2071 2687 2124 d.

1596 2140 1835 2192 Israelit.
1870 2150 1924 2207 p.
1968 2140 2066 2192 192
2102 2155 2256 2207 seqq.
2287 2142 2531 2194 Movers:
2587 2143 2691 2193 Die

1599 2211 1861 2262 Phoeniz.
1902 2211 1952 2263 I.
1983 2226 2038 2275 p.
2082 2210 2146 2261 17
2183 2226 2357 2276 seqq„
2392 2213 2486 2278 qui
2522 2213 2688 2263 Cares

1601 2297 1669 2332 ex
1728 2280 2046 2332 Palaestina
2107 2284 2307 2347 repetit
2364 2287 2692 2348 gentemque

1601 2352 1720 2403 sive
1775 2351 2128 2403 Phoeniciam
2178 2352 2294 2402 sive
2335 2352 2690 2403 ‘Canaiticam

1599 2422 1818 2488 proprie
1873 2421 2044 2472 fuisse
2093 2424 2307 2473 statuit.
2398 2424 2616 2488 Leleges
2658 2437 2692 2471 a

1603 2491 1834 2542 Caribus
1856 2507 1966 2543 non
1987 2491 2234 2542 diversos
2265 2496 2364 2542 aut
2389 2497 2536 2542 certe
2571 2506 2694 2542 cum

1602 2562 1671 2610 iis
1689 2561 1770 2610 ita
1785 2562 2081 2626 permixtos
2105 2576 2243 2625 esse,
2263 2565 2325 2610 ut
2350 2576 2448 2625 pro
2470 2576 2583 2611 una
2602 2575 2692 2611 ea-

1601 2631 1830 2695 demque
1852 2634 2018 2695 gente
2038 2630 2230 2680 merito
2253 2629 2442 2680 haberi
2460 2631 2690 2695 possint,

1599 2704 1817 2765 praeter
1846 2697 2187 2750 Herodotum
2222 2700 2450 2762 Strabo,
2488 2700 2693 2749 Pausa·

1602 2770 1753 2831 nias,
1800 2768 1896 2818 alii
1947 2773 2220 2819 asserunt.
2293 2770 2381 2820 Tu
2424 2769 2537 2819 vid.
2574 2768 2690 2838 plu-

1601 2839 1752 2890 ribus
1795 2838 1934 2889 haec
1981 2842 2338 2904 exponentem
2372 2837 2552 2890 Raoul
2586 2830 2692 2892 Βο-

1602 2908 1809 2960 chette:
1853 2908 2100 2958 Histoire
2145 2907 2209 2959 de
2257 2906 2545 2961 l’etabliss.
2595 2911 2691 2960 des

1602 2978 1779 3030 colon.
1813 2977 2009 3044 Grecq.
2038 2978 2084 3031 I.
2109 2994 2237 3044 pag.
2266 2978 2371 3031 378
2397 2994 2548 3047 seqq.
2588 2980 2692 3033 384

1601 3063 1752 3113 seqq.
1814 3048 1999 3115 ibique
2048 3048 2306 3101 Strabon.
2353 3051 2503 3102 XIV.
2562 3065 2687 3117 pag.

1602 3117 1707 3169 976
1756 3134 1803 3169 s.
1851 3134 1978 3184 pag.
2017 3118 2116 3170 661
2151 3118 2237 3170 ed.
2286 3120 2551 3184 casaub„
2598 3120 2692 3185 qui

1603 3203 1726 3238 cum
1744 3189 2025 3239 Herodoto
2049 3188 2211 3253 plane
2238 3191 2527 3252 consentit,
2565 3189 2689 3241 coll.

1601 3257 1761 3309 XIII.
1813 3274 1866 3324 p.
1903 3257 2007 3311 909
2057 3274 2102 3308 s.
2148 3273 2276 3324 pag.
2331 3259 2428 3310 611
2472 3259 2597 3309 Cas.
2634 3262 2692 3309 et

1602 3328 1732 3378 VII.
1791 3344 1846 3393 p.
1896 3326 1994 3377 321
2043 3327 2169 3377 Cas.
2252 3329 2375 3379 Hoc
2423 3329 2590 3392 igitur
2644 3328 2693 3378 si

1603 3412 1820 3458 verm,
1869 3396 2098 3461 Leleges
2148 3400 2205 3446 et
2245 3397 2352 3462 ipsi
2400 3397 2469 3446 ad
2504 3397 2692 3447 Asiam

1606 3472 1773 3532 atque
1816 3465 1887 3516 ad
1921 3464 2237 3516 Semiticam
2272 3467 2494 3530 stirpem
2529 3466 2694 3530 perti-

1603 3536 1837 3596 nebunt,
1906 3548 2083 3598 neque
2141 3534 2212 3584 ad
2261 3534 2575 3597 Graeciam,
2632 3538 2694 3584 ut

1604 3620 1775 3669 nuper
1810 3603 2090 3653 contendit
2121 3602 2327 3654 Soldan
2360 3601 2530 3666 (Mus.
2549 3603 2694 3654 'Rhe-

1604 3690 1730 3724 nan.
1769 3673 1877 3735 111,
1917 3674 1962 3723 1.
2003 3688 2059 3737 p.
2095 3671 2166 3724 89
2202 3687 2354 3738 seqq.
2397 3673 2497 3723 114
2532 3673 2691 3740 seq.)‚

1604 3745 1699 3809 qui
1732 3747 2018 3807 utramque
2054 3747 2272 3808 gentem
2303 3747 2495 3793 contra
2529 3742 2694 3793 diser-

1607 3818 1722 3863 tum
1766 3811 2037 3863 Herodoti
2091 3827 2157 3861 ac
2201 3811 2486 3863 Strabonis
2541 3813 2694 3863 testi-

1608 3881 1848 3932 monium
1884 3881 1964 3931 ita
2000 3880 2264 3947 distingui
2300 3880 2447 3945 vult,
2500 3887 2562 3932 ut
2594 3883 2695 3934 Oa-

1607 3966 1695 4003 res
1720 3950 1791 4000 ad
1817 3951 1983 4001 Asiae
2009 3951 2236 4016 populos
2263 3952 2575 4017 pertineant
2608 3968 2696 4004 ae·

1608 4037 1714 4087 que
1738 4036 1804 4070 ac
1823 4021 1966 4086 Lydi
1989 4026 2045 4071 et
2069 4022 2231 4086 Mysi,
2259 4020 2484 4087 Leleges
2513 4023 2695 4088 prisco

1610 4106 1749 4141 aevo
1808 4089 2098 4141 Graeciam
2166 4092 2440 4141 tenuerint
2497 4094 2692 4158 ipsam,

1607 4161 1753 4211 unde
1794 4161 2029 4225 profecti
2071 4166 2128 4211 et
2172 4160 2379 4212 insulas
2426 4165 2483 4211 et
2517 4162 2694 4228 ipsam

1607 4230 1776 4281 Asiae
1824 4246 1974 4282 oram
2010 4231 2307 4296 proximam
2355 4233 2692 4297 occuparint.

1610 4300 1769 4361 Quod
1805 4300 2023 4366 quidem
2058 4301 2142 4351 vir
2174 4300 2521 4351 doctissimus
2564 4299 2696 4351 mihi

1605 4369 1753 4420 haud
1769 4370 2059 4435 persuasit,
2072 4370 2220 4420 haud
2239 4370 2522 4432 nescienti,
2534 4384 2697 4436 quam

1606 4440 1762 4491 varie
1796 4453 2065 4505 quamque
2105 4438 2320 4489 diversa
2355 4438 2425 4489 de
2457 4438 2562 4490 hac
2594 4441 2696 4489 Le·
