3109 5092
480 341 606 402 612
1347 336 1893 398 IIERODOTI

479 539 600 605 σφι
631 519 928 603 κομισθῇ
968 511 1236 603 νεκρὸς,
1275 510 1668 581 δεικνύουσι
1704 524 1874 578 τοῖσι
1910 514 2219 597 κομίσασι
2252 502 2760 597 παραδείγματα

481 624 745 708 νεκρῶν
792 618 1062 703 ξύλινα,
1111 622 1192 705 τῇ
1231 619 1461 704 γραφῇ
1506 614 1951 702 μεμιμημένα.
2056 614 2169 680 καὶ
2216 608 2341 699 τὴν
2384 612 2511 700 μὲν
2542 631 2755 679 σπου-

481 722 843 810 δαιοτάτην
879 719 1142 791 αὐτέων
1172 720 1340 809 φασὶ
1381 716 1591 801 εἶναι,
1627 722 1750 784 τοῦ
1782 711 1909 784 οῦκ
1944 736 2133 783 οσιον
2168 721 2484 803 ποιεῦμαι
2520 712 2595 782 τὸ
2634 710 2757 782 οῦ-

479 853 652 915 νομα
689 828 799 894 ἐπὶ
829 822 1112 918 τοιόύτφ
1149 822 1486 912 πρήγματι
1513 816 1947 907 ούνομάζειν,
1983 816 2109 907 τὴν
2144 820 2219 887 δὲ
2257 821 2585 906 δευτέρην
2614 822 2756 885 δει-

480 928 763 998 κνύουσι
812 924 1309 1015 ὑποδεεστέρην
1356 951 1427 991 τε
1478 922 1724 1011 ταύτης
1773 923 1885 990 καὶ
1936 919 2448 1010 εὐτελεστέρην,
2505 917 2631 1007 τὴν
2679 919 2759 987 δὲ

477 1039 711 1121 τρίτην
757 1029 1257 1118 εὐτελεστάτην.
1363 1025 1743 1113 φράσαντες
1785 1025 1862 1094 δὲ
1901 1024 2372 1094 πυνθάνονται
2414 1019 2576 1111 παρ’
2628 1018 2753 1090 αῦ-

478 1141 649 1217 τῶν,
704 1132 852 1204 κατ’
909 1130 995 1223 ἦν
1039 1161 1193 1202 τινα
1243 1130 1615 1220 βούλονταί
1641 1148 1763 1215 σφι
1802 1135 2269 1216 σκευασθῆναι
2310 1125 2430 1196 τὸν
2485 1125 2755 1215 νεκρόν.

412 1292 425 1304 .
478 1242 548 1306 oc
588 1237 715 1325 μὲν
761 1234 846 1325 δὴ
895 1233 1240 1319 ἐκποδών,
1292 1237 1520 1324 μισθῷ
1575 1227 2141 1321 ὁμολογήσαντες,
2193 1228 2758 1313 ἀπαλλάσσονται,

550 1393 878 1450 δεικνύουσι
913 1402 1060 1450 τοῖσι
1096 1397 1362 1462 κομίσασι
1383 1412 1565 1460 παρα-

479 1468 753 1534 δείγματα
772 1467 991 1534 νεκρῶν
1015 1460 1244 1547 ξύλινα,
1280 1464 1350 1532 τῇ
1371 1462 1565 1531 γραφῇ

477 1537 853 1605 μεμιμημένα]
878 1529 1206 1588 δεικνύουσι
1230 1537 1314 1585 bis
1349 1534 1568 1599 reposui

477 1610 718 1675 itemque
787 1624 912 1659 mox
975 1597 1340 1671 έσεργνύουσι
1395 1602 1567 1669 (quod

537 1694 655 1729 sum
691 1684 805 1728 tres
837 1677 964 1728 libri
987 1676 1240 1740 afferunt)
1279 1690 1374 1739 pro
1411 1674 1564 1737 vulg.

478 1695 771 1798 :iptuvv'oem
791 1754 846 1798 et
869 1737 1179 1811 ἐσεργνῦσι,
1205 1744 1350 1809 quod
1362 1750 1565 1793 utrum-

478 1832 583 1883 que
593 1819 820 1868 retinuit
832 1816 1076 1868 Dietsch.
1091 1814 1409 1865 Dindorfius
1433 1813 1564 1862 scri-

479 1889 590 1953 psit
611 1884 866 1937 δεικνῦσι
886 1892 942 1937 et
960 1877 1267 1948 ἐσεργνῦσι.
1319 1882 1427 1933 Sed
1445 1880 1562 1932 vid.

475 1957 711 2008 Bredov.
741 1973 791 2021 p.
823 1957 946 2007 402.
1001 1953 1270 2018 Intelligit
1295 1951 1563 2016 exempla-

477 2027 561 2076 ria
595 2043 643 2078 s.
678 2024 970 2076 simulacra
1002 2023 1322 2075 mumiarum
1360 2022 1561 2085 lignea,

475 2096 693 2159 pictura
727 2095 952 2145 inducta
975 2100 1031 2143 et
1065 2092 1282 2157 quidem
1304 2106 1389 2154 ea,
1421 2104 1564 2154 quae

477 2163 702 2225 Isidem,
740 2163 1011 2213 osiridem
1034 2168 1097 2210 ut
1120 2161 1426 2225 plurimum,
1464 2159 1566 2209 ali-

476 2246 610 2281 asve
643 2247 730 2281 res
767 2246 955 2281 sacras
993 2230 1288 2280 exhiberet.
1362 2230 1448 2279 De
1486 2228 1561 2278 lo-

476 2304 696 2351 cutione
721 2298 790 2365 τῇ
829 2297 1021 2364 γραφῇ
1051 2290 1423 2362 μεμιμημένα,
1453 2314 1565 2362 qua

476 2369 684 2420 indicat
720 2370 1014 2420 simulacra
1043 2368 1155 2416 ista
1187 2370 1268 2417 sic
1303 2368 1460 2449 picta·
1483 2368 1565 2417 fu-

476 2440 616 2500 isse,
655 2444 716 2489 ut
750 2440 966 2504 pictura
990 2452 1179 2487 verum
1196 2437 1428 2486 maxime
1445 2437 1564 2486 imi-

477 2514 728 2560 tarentur
761 2515 927 2576 atque
972 2508 1366 2573 exprimerent,
1412 2507 1560 2557 conf.

478 2578 556 2639 11,
597 2578 664 2628 78
699 2572 831 2657 ibiq.
867 2582 981 2629 not.

543 2640 761 2712 καὶτὴν
796 2641 901 2712 μὲν
923 2636 1409 2711 σπουδαιοτάτην]
1439 2644 1562 2696 scil.

473 2715 828 2781 ταρίχευσιν,
881 2717 1371 2780 praestantissimam
1423 2715 1567 2764 enim

475 2786 731 2851 intelligit
767 2786 1057 2837 condiendi
1079 2786 1366 2835 rationem.
1428 2784 1565 2834 Cum

476 2856 618 2905 enim
654 2858 762 2906 tria
796 2855 884 2905 hic
917 2860 1089 2919 ponat
1121 2869 1324 2918 genera
1377 2854 1565 2904 condi-

475 2922 628 2984 endi,
670 2923 804 2973 illud
841 2922 1269 2984 observandum,
1317 2924 1563 2972 cuiusvis

476 2989 671 3041 classis
725 2992 914 3041 modos
960 2991 1135 3041 videri
1193 2992 1365 3042 fuisse
1420 3007 1565 3041 com-

475 3058 656 3124 plures
671 3097 686 3121 ‚
724 3060 807 3111 uti
830 3065 1105 3111 testantur
1130 3061 1363 3110 mumiae
1383 3060 1563 3111 adhuc

477 3143 619 3191 quae
666 3134 976 3194 supersunt.
1055 3127 1257 3194 [Quare
1302 3144 1411 3179 non
1463 3130 1564 3179 mi-

475 3212 617 3258 rum,
656 3213 690 3247 a
715 3199 1018 3249 recentiore
1043 3198 1432 3263 Aegyptiarum
1458 3202 1565 3248 ter-

475 3282 655 3317 rarum
698 3269 1104 3334 peregrinatore
1150 3268 1386 3332 quinque
1426 3267 1566 3317 clas-

475 3351 563 3386 ses
589 3351 711 3387 esse
738 3337 1079 3389 observatas.
1136 3337 1258 3387 Vid.
1282 3336 1567 3387 Minutoli:

474 3407 788 3473 Nachtrltge
824 3412 930 3461 etc.
975 3424 1029 3472 p.
1071 3406 1190 3459 199.
1263 3406 1403 3457 Add.
1442 3407 1564 3457 Bel-

475 3477 600 3526 zoui
634 3477 863 3543 Voyage
900 3492 967 3527 en
1001 3479 1220 3542 Egypte
1262 3481 1305 3527 t.
1345 3477 1393 3527 Ι.
1430 3492 1561 3541 pag.

474 3545 579 3596 269
615 3562 767 3613 seqq.
815 3552 870 3597 et
915 3546 1244 3596 Wilkinson.
1304 3546 1561 3596 Manners

477 3619 583 3666 etc.
621 3631 733 3667 sec.
767 3632 875 3668 ser.
913 3616 991 3667 11.
1030 3632 1084 3681 p.
1131 3616 1252 3675 456,
1291 3617 1382 3680 qui
1419 3613 1563 3664 idem

475 3691 685 3744 monet,
739 3701 806 3736 ex
855 3700 1052 3750 magno
1101 3698 1324 3735 numero
1373 3685 1563 3735 mumi-

475 3767 628 3804 arum
652 3754 854 3806 Thebis
879 3754 1110 3820 aliisque
1133 3754 1188 3803 in
1212 3753 1348 3804 loeis
1378 3768 1563 3817 reper-

474 3826 652 3872 tarum
713 3824 772 3874 id
829 3831 978 3875 certo
1028 3838 1319 3889 apparere,
1380 3822 1563 3887 plures

476 3892 679 3954 gradus
714 3891 873 3941 huius
911 3892 1171 3957 triplicis,
1207 3907 1368 3958 quam
1394 3893 1565 3942 Hero·

473 3958 636 4009 dotus
670 3961 842 4024 ponit,
889 3962 1116 4011 rationis
1151 3960 1439 4011 condiendi
1477 3976 1568 4011 ex-

474 4028 685 4079 stitisse
713 4029 956 4094 adeoque
973 4046 1197 4081 necesse
1215 4030 1404 4092 videri,
1446 4030 1562 4094 plu-

472 4112 558 4147 res
615 4099 944 4148 constituere
1007 4098 1294 4149 condiendi
1349 4099 1558 4149 modos.

473 4165 613 4217 Add.
662 4168 894 4231 Magnus
944 4166 980 4217 1.
1030 4166 1065 4216 l.
1115 4182 1242 4233 pag.
1295 4168 1358 4219 61
1416 4166 1556 4234 seq.]

475 4235 635 4296 Quod
685 4251 811 4286 vero
850 4236 1096 4300 Iieynius
1143 4235 1179 4287 1.
1227 4236 1264 4286 1.
1318 4252 1443 4302 pag.
1491 4237 1560 4287 82

471 4304 674 4354 rectius
707 4321 742 4355 a
785 4304 1030 4355 Diodoro
1076 4305 1334 4355 traditum
1381 4312 1559 4370 putat,

468 4381 703 4425 ειιηιιιιιηη
738 4374 808 4425 ad
848 4374 1267 4441 unumquodque
1313 4376 1561 4426 conditu-

1670 1412 1765 1447 rae
1816 1412 1989 1461 genus
2032 1397 2467 1446 necessariorum
2516 1398 2759 1445 rationem

1669 1482 1703 1516 a
1738 1466 2060 1517 taricheutis
2096 1466 2264 1515 fuisse
2296 1465 2633 1531 propositam
2667 1463 2758 1512 de-

1667 1536 1977 1586 functorum
2001 1535 2344 1597 necessariis,
2372 1533 2653 1584 Herodoto
2677 1533 2759 1582 sie

1668 1605 2043 1669 patrocinatur
2076 1607 2260 1670 Zoega
2295 1572 2392 1669 (de
2429 1602 2591 1653 obell.
2625 1618 2757 1667 pag.
2826 1632 2831 1637 ·

1668 1677 1770 1724 252
1815 1679 1931 1724 not.
1987 1674 2092 1737 15),
2140 1680 2202 1724 ut
2257 1679 2476 1724 moneat
2524 1671 2756 1736 cogitari

1666 1759 1827 1808 posse
1852 1742 2071 1807 singula
2092 1742 2275 1809 lignea
2295 1740 2542 1808 exempla
2564 1742 2757 1792 fasciis

1665 1828 1763 1878 pro
1799 1813 2061 1877 cuiusque
2091 1813 2410 1863 conditurae
2436 1811 2649 1862 ratione
2676 1810 2757 1861 di-

1664 1882 1839 1932 versis
1875 1882 2124 1932 involuta
2157 1884 2358 1944 fuisse,
2397 1881 2540 1931 unde
2574 1896 2640 1930 ex
2666 1895 2759 1931 cu-

1663 1952 1833 2001 iusvis
1883 1951 2117 2002 mumiae
2158 1956 2388 2017 aspectu
2429 1951 2518 2001 vel
2562 1965 2627 2000 ex
2678 1952 2757 2015 pi-

1662 2026 1754 2071 cto
1810 2022 2043 2070 mumiae
2087 2022 2362 2072 schemate
2397 2020 2759 2086 distinguere·

1663 2096 1781 2152 tur,
1827 2091 1981 2140 cuius
2018 2096 2165 2141 esset
2210 2091 2425 2142 classis.
2497 2092 2571 2141 Et
2615 2106 2758 2140 com·

1666 2159 1863 2226 probat
1879 2160 2252 2211 Herodoteam
2285 2159 2651 2210 narrationem
2676 2165 2759 2209 ta·

1665 2227 1798 2280 bula
1831 2245 1861 2279 e
1896 2229 2158 2295 sepulcris
2179 2229 2546 2295 Ilithyiopolis
2582 2234 2759 2291 eruta,

1669 2314 1809 2364 quae
1841 2298 1945 2348 hoc
1968 2300 2246 2365 negotium
2281 2300 2418 2351 bene
2442 2314 2757 2363 expressum

1668 2369 1823 2419 nobis
1844 2372 1973 2418 ante
1997 2368 2184 2420 oculos
2207 2370 2381 2435 ponit.
2417 2368 2573 2418 Haec
2592 2368 2757 2418 Creu·

1669 2438 1903 2488 zerusl.
1954 2437 1992 2489 l.
2031 2454 2157 2504 pag.
2212 2440 2276 2490 18
2325 2443 2380 2488 et
2414 2437 2529 2487 tab.
2574 2430 2657 2488 nr.
2702 2438 2753 2489 1.

1669 2508 1955 2558 Caeterum
1995 2508 2245 2558 constitit
2278 2507 2413 2558 haec
2457 2507 2632 2573 prima
2671 2522 2757 2555 ra·

1666 2577 1746 2627 tio
1782 2577 2073 2627 condiendi
2106 2576 2315 2628 talento
2353 2578 2570 2638 Attice,
2611 2580 2756 2626 teste

1665 2647 1907 2696 Diodoro
1945 2647 1991 2708 1,
2031 2647 2119 2710 91,
2155 2647 2301 2712 quod
2340 2645 2478 2698 1200
2512 2645 2755 2696 thaleros

1665 2716 1965 2766 Saxonicos
2006 2716 2119 2766 sere
2145 2720 2371 2782 aequat3
2412 2715 2590 2766 altera
2611 2716 2753 2765 ratio

1664 2786 1862 2850 viginti
1898 2786 2058 2835 minis
2092 2787 2364 2838 constitit.

1736 2853 1839 2903 τοῦ
1873 2845 1980 2903 οὐκ
2018 2845 2182 2904 ὅσιον
2229 2851 2499 2917 ποιεῦμαι
2550 2846 2615 2903 τὸ
2656 2843 2752 2902 οὔ·

1666 2938 1813 2987 νομα
1848 2937 1899 2972 κ.
1948 2939 1996 2973 τ.
2037 2922 2111 2990 λ.]
2155 2923 2517 2987 Cogitaudum
2564 2929 2647 2972 est
2684 2921 2752 2972 de

1663 2992 1880 3044 Osiridis
1914 2993 2205 3043 simulacro
2259 2994 2317 3042 in
2362 2992 2595 3042 mumiae
2641 2993 2751 3041 for-

1663 3078 1807 3111 mam
1829 3066 2150 3126 composito‚
2188 3068 2252 3113 ut
2276 3061 2599 3125 intelligitur
2635 3069 2751 3110 tum

1664 3147 1729 3181 ex
1751 3131 1953 3180 diserto
1967 3131 2347 3196 Athenagorae
2363 3131 2674 3180 testimonio
2696 3131 2751 3179 in

1663 3200 1829 3265 legat.
1866 3215 1964 3264 pro
2012 3201 2214 3250 Christ.
2265 3216 2384 3264 cap.
2431 3201 2521 3249 25.
2568 3216 2620 3264 p.
2661 3198 2748 3259 32,

1663 3275 1779 3319 tum
1814 3284 1879 3318 ex
1915 3270 2089 3333 ipsius
2127 3269 2393 3320 Herodoti
2426 3268 2561 3318 locis
2605 3270 2750 3317 inter

1665 3354 1724 3389 se
1768 3338 1985 3388 collatis
2032 3339 2107 3401 11,
2162 3338 2417 3391 61.132.
2485 3338 2583 3387 170
2629 3352 2743 3400 seq.

1663 3410 1915 3472 Arguunt
1952 3409 2117 3458 etiam
2154 3408 2308 3472 ipsae
2352 3405 2579 3457 Osiridis
2614 3407 2747 3455 ima-

1665 3477 1819 3559 gines
1853 3476 1943 3526 vel
1978 3479 2033 3526 in
2068 3478 2332 3543 sepulcris
2367 3480 2614 3541 repertae
2657 3474 2745 3524 vel

1664 3547 1722 3595 in
1774 3547 2095 3596 mumiarnm
2152 3547 2379 3611 picturis
2452 3545 2746 3596 exhibitae.

1664 3614 1833 3666 Plura
1859 3616 2178 3666 Creuzerus.
2240 3616 2402 3667 Conf.
2430 3616 2593 3665 etiam
2617 3613 2752 3664 Wil-

1665 3684 1885 3735 kinson.
1926 3687 2181 3736 Manners
2226 3690 2331 3736 etc.
2377 3700 2489 3736 sec.
2529 3700 2635 3738 ser.
2672 3684 2749 3734 11.

1666 3769 1719 3819 p.
1757 3755 1890 3817 455,
1937 3753 2273 3806 Rosellinil.
2310 3755 2348 3806 1.
2385 3771 2437 3819 p.
2476 3753 2580 3806 336
2614 3759 2750 3816 not„

1666 3823 1862 3874 Amad.
1898 3824 2131 3901 Peyron
2170 3823 2207 3873 1.
2246 3825 2283 3874 l.
2317 3840 2372 3889 p.
2404 3825 2493 3875 82.

1734 3884 1879 3941 κατὰ
1916 3881 1992 3957 ἥν
2026 3908 2154 3942 τινα
2197 3886 2513 3959 βούλονταί
2553 3906 2657 3957 σφι
2697 3907 2750 3941 κ.

1664 3977 1715 4012 τ.
1748 3960 1794 4009 λ.
1800 3958 1821 4025 ]
1846 3961 2052 4042 Supple
2080 3961 2421 4041 ταρίχευσιν.
2497 3963 2604 4013 Pro
2627 3961 2754 4012 olim

1663 4030 1890 4095 vulgato
1914 4025 2063 4080 κατὰ
2092 4021 2325 4113 ἥντινα,
2363 4032 2506 4097 quod
2532 4032 2757 4082 retinuit

1662 4100 1921 4163 Dietsch‚
1963 4101 2157 4166 scripsi
2180 4093 2303 4150 κατ’
2342 4094 2568 4165 ἥντινα.
2623 4101 2751 4153 vid.

1664 4174 1781 4218 not.
1819 4171 1890 4220 ad
1927 4170 2003 4232 11,
2042 4172 2128 4221 24.

1733 4232 1794 4287 οἴ
1821 4232 1925 4302 μὲν
1961 4208 2034 4303 δὴ
2070 4229 2333 4289 ἐκποδὼν
2370 4268 2439 4277 —-
2471 4230 2755 4294 ἀπαλλάσ-

1663 4307 1879 4371 σονται]
1936 4308 2264 4374 obloquitur
2299 4308 2573 4359 Diodorus
2616 4308 2652 4358 1.
2693 4308 2752 4371 1.,

1664 4392 1847 4427 coram
1872 4376 2072 4443 populo
2090 4377 2529 4444 solemnibusque
2553 4379 2753 4429 ritibus
