3109 5092
1106 321 1607 381 BUTERPE.
1653 324 1736 383 11.
1786 334 1905 387 1⁶21.

2524 326 2647 387 689

369 494 599 557 κακῶν
637 485 1256 579 ἀπαλλαγήσεσθαι.
1347 492 1430 563 οὐ
1470 496 1599 584 μὲν
1623 492 1785 567 οὐδὲ
1814 492 1855 586 ἡ
1891 503 2207 585 βασιληΐη
2242 501 2309 577 ἐς
2337 495 2640 581 Ἀλέξαν-

370 599 537 680 δρον
565 593 860 681 περιήϊε,
907 590 1110 677 ὥστε,
1153 596 1465 685 γέροντος
1497 601 1812 688 Πριάμου
1840 599 2095 681 ἐόντος,
2138 596 2248 668 ἐπ’
2282 604 2518 694 ἐκείνῳ
2564 602 2644 672 τὰ

368 696 723 785 πρήγματα
755 696 928 765 εἶναι
948 719 962 732 ·
1005 694 1176 766 ἀλλὰ
1196 696 1476 790 Ἕκτωρ,
1513 704 1625 771 καὶ
1654 702 2105 792 πρεσβύτερος
2122 705 2232 771 καὶ
2260 701 2433 792 ἀνὴρ
2462 708 2635 773 ἐκεί-

367 827 493 867 νου
533 804 792 887 μᾶλλον
828 797 992 881 ἐῶν,
1035 807 1268 889 ἔμελλε
1308 801 1524 892 αὐτὴν
1552 808 1866 896 Πριάμου
1911 802 2380 887 ἀποθανόντος
2419 834 2634 897 παρα-

366 903 751 1001 λάμψεσθαι
773 925 786 937 ·
841 901 960 971 τὸν
979 901 1062 971 οὐ
1091 911 1383 993 προσῆκε
1411 902 1749 979 ἀδικέοντι
1772 915 1866 1003 τῷ
1884 905 2199 1001 ἀδελφεῷ
2228 910 2634 998 ἐπιτρέπειν,

365 1007 476 1074 καὶ
508 1010 717 1074 ταῦτα
743 1005 1068 1094 μεγάλων.
1089 1013 1318 1076 κακῶν
1344 1007 1438 1077 δι’
1471 1010 1683 1080 αὐτὸν
1708 1011 2227 1101 συμβαινόντων
2249 1018 2388 1101 ἰδίῃ
2419 1041 2486 1082 τε
2522 1016 2633 1081 καὶ

363 1106 546 1199 αὐτῷ
580 1109 690 1175 καὶ
725 1124 895 1177 τοῖσι
923 1106 1182 1178 ἄλλοισι
1222 1116 1381 1180 πᾶσι
1431 1121 1669 1202 Τρωσί.
1755 1112 1934 1185 Ἀλλ’
1969 1111 2051 1181 οὐ
2082 1113 2210 1201 γάρ
2241 1115 2422 1202 εἶχον
2448 1111 2629 1184 Ἑλέ-

362 1239 491 1299 νην
519 1207 893 1279 ἀποδοῦναι
914 1263 933 1293 ,
970 1209 1130 1281 οὐδὲ
1173 1213 1444 1299 λέγουσι
1473 1214 1735 1287 αὐτοῖσι
1762 1216 1887 1307 τὴν
1916 1213 2246 1305 ἀληθείην
2277 1221 2634 1287 ἐπίστευον

364 1310 795 1402 οῖἝλληνες,
841 1309 930 1392 ὦς
953 1314 1080 1403 μὲν
1111 1315 1243 1404 ἐγώ
1284 1318 1561 1408 γνώμην
1588 1319 2047 1408 ἀποφαίνομαι
2068 1372 2085 1395 ,
2127 1326 2247 1389 τοῦ
2276 1326 2633 1409 δαιμονίου

287 1434 382 1486 159
399 1417 1013 1505 παρασκευάζοντος
1032 1469 1050 1501 ,
1106 1417 1278 1498 ὅκως
1318 1431 1756 1513 πανωλεθρίῃ
1799 1422 2201 1511 ἀπολόμενοι
2256 1423 2634 1510 καταφανὲς

361 1526 557 1588 τοῦτο
590 1536 760 1588 τοῖσι
803 1518 1228 1608 ἀνθρώποισι
1269 1525 1630 1611 ποιήσωσι,
1675 1522 1764 1606 ὦς
1796 1533 1933 1595 τῶν
1958 1525 2272 1615 μεγάλων
2297 1523 2628 1614 ἀδικημά-

360 1652 497 1693 των
529 1623 812 1711 μεγάλαι
860 1625 988 1691 εἰσὶ
1031 1627 1142 1694 καὶ
1181 1629 1255 1693 αἰ
1279 1636 1589 1717 τιμωρίαι
1622 1628 1801 1718 παρὰ
1844 1635 1982 1698 τῶν
2008 1634 2230 1698 θεῶν·
2281 1630 2391 1697 καὶ
2420 1634 2628 1696 ταῦτα

359 1727 518 1814 μὲν,
554 1732 636 1814 τῇ
651 1728 806 1814 ’ἐμοὶ
837 1726 1056 1796 δοκέει
1077 1780 1095 1811 ,
1134 1739 1411 1816 εἴρηται.

501 1828 816 1917 Πρωτέος
845 1830 919 1898 δὲ
951 1830 1350 1913 ἐκδέξασθαι
1379 1830 1503 1920 τὴν
1529 1840 1892 1922 βασιληΐην
1908 1828 2348 1921 Ῥαμψίνιτον
2367 1837 2623 1918 ἔλεγον,
2647 1837 2755 1898 121

428 1993 522 2052 ἐπ’
563 1992 759 2067 ἐκείνῳ
807 1995 874 2052 τὰ
919 1996 1220 2070 πρήγματα
1265 1998 1436 2069 εἷναι]

356 2075 504 2123 Bene
547 2073 1117 2135 Schweighaeuserus:
1174 2083 1227 2125 ut
1273 2093 1440 2129 rerum

351 2158 536 2192 semum
566 2157 723 2205 penes
754 2145 886 2191 illum
913 2145 1068 2206 foret.
1125 2145 1265 2195 Nam
1298 2136 1440 2207 πρά-

355 2225 537 2275 γματα
561 2210 768 2261 indicat
805 2215 1069 2274 imperinm,
1105 2230 1272 2264 rerum
1309 2231 1439 2263 sum-

353 2298 495 2332 mam.
552 2280 710 2330 Conf.
750 2285 890 2331 nott.
920 2281 988 2330 ad
1015 2281 1440 2334 PlutarchiFla-

354 2351 486 2400 min.
522 2365 576 2413 p.
623 2348 737 2400 119.
809 2351 892 2400 De
939 2366 1040 2400 usu
1085 2354 1438 2418 praepositio·

355 2421 440 2468 nis
489 2409 580 2466 ἐπὶ
632 2419 687 2467 in
741 2417 1040 2469 locutione:
1100 2413 1191 2470 ἐπ’
1242 2413 1438 2487 ἐκείνῳ

355 2488 564 2538 monuit
601 2487 843 2538 Fischer.
886 2490 955 2538 ad
990 2491 1205 2541 Weller.
1241 2491 1353 2550 111,
1381 2490 1434 2542 b.

357 2575 410 2622 p.
460 2558 582 2609 235.
631 2584 692 2593 --
751 2557 814 2607 In
870 2574 1020 2622 seqq.
1072 2551 1219 2624 ἀνὴρ
1276 2575 1437 2609 sensu

355 2625 612 2677 eminenti
660 2627 1059 2691 accipiendum,
1106 2630 1173 2678 de
1218 2645 1324 2694 quo
1362 2629 1435 2678 cf.

353 2697 477 2758 vll,
515 2696 617 2745 210
654 2696 834 2759 ibique
871 2696 1134 2747 Valcken.
1191 2698 1320 2748 Mox
1357 2713 1437 2746 re-

350 2765 486 2830 liqui
521 2755 871 2829 έπιτρέπειν,
926 2767 1068 2831 quod
1115 2767 1173 2816 in
1210 2757 1436 2827 ἐπιτρά-

351 2849 483 2883 πειν
527 2835 847 2884 commutari
895 2834 1116 2895 volunt3
1178 2835 1274 2885 sed
1321 2834 1433 2884 vid.

351 2908 487 2953 nott.
527 2902 594 2952 ad
634 2903 679 2966 1,
708 2903 794 2955 98.

419 2969 523 3021 τοῦ
559 2969 865 3037 δαιμονίου
893 2962 1437 3037 παρασκευάζοντος,

350 3030 498 3098 ὅκως
544 3039 913 3107 πανωλεθρίῃ
961 3057 1012 3091 κ.
1061 3057 1109 3090 τ.
1144 3039 1214 3107 λ.]
1266 3040 1438 3090 Perti-

349 3116 479 3161 nent
516 3110 621 3161 huc
657 3127 745 3174 ea,
784 3127 924 3175 quae
959 3112 1030 3161 ad
1067 3110 1111 3171 Ι,
1150 3109 1218 3161 32
1258 3111 1438 3175 dispu-

345 3182 580 3230 tavimus
611 3180 677 3231 (le
700 3196 766 3230 ea
786 3181 973 3231 Nostri
997 3181 1301 3239 sententia,
1330 3195 1439 3245 qua

345 3249 588 3299 homines
634 3251 896 3313 superbos
936 3254 1364 3315 arrogantesque
1401 3264 1435 3299 a

347 3318 452 3367 diis
499 3318 659 3367 deiici
697 3318 810 3368 alto
853 3319 1022 3384 gradu
1060 3326 1224 3383 atque
1263 3319 1434 3368 everti

346 3386 643 3436 statuebat.
679 3388 868 3451 Neque
886 3389 1133 3437 Nemesis
1159 3387 1269 3448 illa,
1296 3401 1434 3452 quae

344 3471 516 3521 prava
541 3455 785 3505 facinora
809 3462 973 3520 atque
1007 3457 1171 3521 impia
1209 3455 1314 3505 sibi
1339 3471 1434 3519 pu·

346 3524 548 3574 nienda
584 3524 776 3586 sumit,
813 3526 1062 3589 cuiquam
1100 3522 1294 3588 parcit,
1335 3538 1436 3573 nec

347 3594 459 3644 ullo
506 3592 666 3643 modo
715 3594 968 3655 remittit,
1020 3608 1140 3642 cum
1189 3591 1434 3641 homines

345 3664 600 3714 immissis
621 3661 1024 3712 calamitatibus
1045 3662 1112 3712 ad
1133 3659 1432 3711 modestam

345 3738 400 3783 et
435 3733 716 3783 honestam
754 3733 924 3782 vitam
956 3731 1251 3797 perducere
1283 3735 1338 3780 et
1362 3729 1431 3778 ab

346 3818 439 3864 00,
490 3802 750 3868 quidquid
796 3803 951 3852 nefas
1002 3806 1111 3863 est,
1161 3799 1433 3850 deterrere

344 3872 496 3923 velit.
570 3873 728 3922 Hanc
764 3887 894 3922 vero
940 3869 1238 3919 vindictam
1274 3869 1431 3933 quasi

345 3940 584 3991 divinam
634 3941 878 3990 historiis
915 3941 1027 3991 suis
1063 3943 1125 3988 ut
1161 3954 1432 3988 commou-

345 4015 571 4071 straret,
636 4010 971 4074 propositum
1034 4008 1225 4058 habuit
1277 4012 1431 4073 pater

342 4078 634 4138 historiae,
700 4078 932 4144 indeque
987 4078 1151 4127 etiam
1206 4076 1430 4127 Troiani

344 4147 471 4198 belli
507 4146 650 4196 mala
687 4151 852 4212 atque
894 4146 1234 4198 calamitates
1281 4161 1433 4210 repe-

344 4218 440 4278 tit,
481 4215 742 4264 divinitus
777 4217 1048 4267 immissas
1074 4216 1325 4266 Troianis
1362 4214 1430 4264 ob

342 4287 529 4352 priora
549 4284 750 4335 delicta
777 4290 941 4352 atque
966 4291 1217 4351 peccata.
1271 4284 1429 4334 Conf.

344 4356 559 4421 Iaeger.
596 4354 843 4419 Disputt.
891 4355 1132 4406 Herodd.
1182 4369 1309 4419 pag.
1360 4355 1430 4404 45

426 4458 762 4501 HERODOT.
810 4460 853 4500 1.

1543 2010 1600 2055 et
1635 2021 1776 2071 quae
1812 2021 1979 2070 supra
2023 2006 2093 2055 ad
2130 2005 2217 2067 11,
2256 2007 2355 2057 115
2405 2004 2631 2055 adnota-

1542 2076 1738 2126 vimus.
1828 2076 1968 2125 Nam
2023 2076 2264 2137 fuerunt,
2322 2076 2414 2140 qui
2468 2075 2627 2140 plane

1542 2144 1704 2197 aliter
1755 2144 2033 2195 traderent
2086 2144 2391 2210 bellumque
2438 2145 2628 2194 Troia-

1541 2231 1667 2264 num
1705 2214 1947 2264 dicerent
1982 2214 2321 2279 frequentiae
2352 2213 2626 2263 hominum

1541 2284 1915 2333 exonerandae
1940 2299 2108 2333 causa
2143 2299 2176 2333 a
2196 2284 2300 2334 diis
2332 2284 2626 2333 conflatum

1540 2369 1685 2404 esse:
1745 2353 1797 2402 id
1856 2352 1998 2418 quod
2058 2353 2130 2402 ad
2181 2351 2623 2416 philosophorum

1541 2438 1756 2487 quoque
1780 2422 1995 2477 scholas
2022 2423 2259 2474 transiit.
2299 2422 2422 2471 vid.
2452 2421 2623 2470 schol.

1539 2492 1611 2541 ad
1648 2491 1807 2542 Iliad.
1848 2492 1900 2551 Ι,
1940 2494 1989 2541 5.
2038 2492 2285 2556 Euripid.
2324 2490 2516 2540 Helen.
2558 2490 2624 2539 39

1539 2577 1692 2625 seqq.
1747 2560 1927 2611 Strab.
1982 2560 2076 2610 IV.
2140 2576 2267 2625 pag.
2313 2560 2417 2608 279
2454 2561 2520 2609 A.
2567 2575 2621 2623 p.

1544 2629 1643 2681 183
1686 2630 1735 2678 D
1783 2634 1838 2679 et
1886 2628 2176 2693 Chrysippi
2229 2628 2425 2691 fragm.
2480 2627 2623 2691 apud

1538 2697 1817 2748 Plutarch.
1856 2699 1992 2747 Mor.
2036 2697 2111 2746 ΙΙ.
2147 2712 2197 2761 p.
2229 2696 2363 2746 1049
2384 2697 2448 2746 B.
2489 2697 2625 2745 1052

1538 2769 1800 2831 (Baguet.
1859 2770 2146 2815 comment.
2214 2764 2280 2815 de
2337 2763 2625 2829 Chrysipp.

1536 2837 1747 2886 Lovau.
1798 2834 1952 2885 1822.
2002 2851 2054 2900 p.
2103 2834 2248 2899 208).
2333 2834 2441 2883 Sed
2488 2833 2624 2883 haec

1536 2904 1927 2970 displicuerunt
1979 2904 2122 2969 patri
2179 2903 2471 2965 historiae,
2531 2904 2625 2968 qui

1539 2974 1650 3024 alio
1685 2973 1845 3025 modo
1877 2975 2236 3024 Troianorum
2271 2971 2420 3023 mala
2457 2973 2624 3037 expli-

1538 3042 1715 3094 canda
1752 3044 1981 3096 censuit.
2056 3043 2235 3109 Atque
2270 3043 2433 3092 simili
2464 3043 2623 3092 modo

1539 3114 1817 3169 Stasinum
1852 3114 1907 3163 in
1944 3112 2158 3178 Cypriis
2187 3112 2517 3162 carminibus
2557 3128 2623 3161 ex

1539 3183 1751 3233 Helena
1804 3183 2064 3244 abducta,
2114 3181 2257 3247 quod
2295 3182 2379 3231 ius
2418 3183 2626 3245 gravis·

1536 3254 1672 3303 sime
1719 3253 1885 3303 fuerit
1930 3251 2220 3312 violatum,
2282 3250 2624 3301 calamitates

1535 3323 1804 3372 Troianas
1867 3322 2215 3386 repetivisse,
2290 3320 2624 3382 eandemque

1538 3391 1703 3441 etiam
1731 3391 1959 3440 aliorum
1988 3394 2289 3453 poetarum,
2326 3388 2622 3445 Alcmanis,

1535 3459 1913 3524 Bacchylidis,
1961 3456 2246 3520 Aeschyli,
2295 3456 2622 3505 sententiam

1538 3528 1708 3577 fuisse
1746 3526 2001 3577 admonet
2036 3524 2312 3575 Welcker:
2351 3525 2462 3573 Der
2497 3524 2625 3587 Epi·

1538 3596 1666 3646 sche
1705 3596 1856 3660 Cycl.
1902 3595 1976 3644 11.
2023 3610 2077 3658 p.
2117 3592 2237 3642 159.
2273 3623 2343 3631 —
2391 3592 2623 3641 Coniun-

1537 3665 1739 3714 ctivum
1775 3655 2084 3727 ποιήσωσι,
2132 3660 2492 3725 praecedente
2525 3676 2623 3709 vo-

1535 3733 1660 3784 cula
1697 3722 1872 3793 ὅπως,
1926 3732 2040 3780 iure
2084 3730 2138 3778 h.
2178 3728 2215 3777 1.
2265 3745 2373 3779 non
2420 3728 2622 3779 sollici-

1533 3808 1723 3853 tarunt
1753 3800 2017 3859 editores,
2058 3798 2435 3863 explicandum
2470 3796 2621 3848 illum

1535 3871 1748 3939 quidem
1798 3869 2089 3921 secundum
2130 3883 2223 3928 ea,
2275 3883 2414 3932 quae
2462 3883 2623 3931 expo-

1533 3943 1646 3992 suit
1690 3938 2031 3990 Baeumlein:
2099 3936 2312 3987 Griech.
2362 3937 2509 3986 Mod.
2564 3953 2616 4001 p.

1536 4011 1636 4063 113
1662 4026 1812 4075 seqq.
1851 4006 1925 4058 Et
1948 4007 2093 4057 conf.
2117 4021 2329 4072 quoque
2346 4006 2619 4056 Kuehner.

1533 4080 1628 4130 Gr.
1644 4079 1737 4130 Gr.
1757 4081 1805 4141 ὅ.
1828 4079 1947 4127 777.
1996 4077 2193 4141 Itaque
2213 4075 2362 4125 nolui
2382 4076 2622 4139 recipere

1535 4140 1867 4212 ποιήσουσι,
1896 4145 2040 4212 quod
2064 4145 2251 4209 reponi
2281 4144 2397 4195 vult
2427 4146 2618 4196 Cobet.

1896 4266 2028 4316 Car.
2071 4264 2267 4314 CXXI.

1604 4342 1709 4415 τὴν
1748 4346 2050 4416 βασιληΐην
2085 4339 2459 4414 Ῥαμψίνιτον
2510 4344 2617 4395 ἔλε-

2118 4432 2195 4490 44
