3109 5092
1268 343 1522 405 OLIO.
1570 346 1621 404 Ι.
1673 355 1788 408 121.
2541 343 2663 405 255

390 513 598 603 λόγου
626 512 908 596 οὐδενὸς
943 515 1279 612 ,γινόμεθα
1305 515 1471 604 πρὸς
1493 519 1852 604 Περσέων,
1896 518 2118 596 ἐόντες
2160 519 2397 599 ξεῖνοι·
2440 522 2555 588 σέο
2591 516 2660 587 δ’

306 634 363 688 61
388 622 788 699 ἐνεστεῶτος
829 622 1172 706 βασιλέος,
1217 619 1441 701 ἐόντος
1468 618 1833 707 πολιήτεω,
1876 621 1987 691 καὶ
2016 617 2308 708 ἄρχομεν
2342 617 2415 689 τὸ
2444 623 2663 709 μέρος,

325 749 334 763 ·
395 723 506 791 καὶ
553 720 746 810 τιμὰς
790 718 954 809 πρὸς
996 724 1110 790 σέο
1153 720 1446 810 μεγάλας
1490 729 1747 811 ἔχομεν.
1834 720 2012 792 οὕτω
2059 715 2155 792 ὧν
2198 722 2464 802 πάντως
2504 718 2667 812 ἡμῖν

391 827 505 893 σέο
531 851 604 892 τε
634 825 745 893 καὶ
775 830 891 912 τῆς
919 830 1040 911 σῆς
1068 821 1271 914 ἀρχῆς
1305 828 1681 914 προοπτέον
1712 827 1870 894 ἐστί.
1942 827 2052 894 καὶ
2095 832 2226 895 νῦν
2267 831 2329 894 εί
2367 825 2667 914 φοβερόν

391 955 454 995 τι
486 923 817 1015 ὁρέομεν,
861 930 997 995 πᾶν
1036 923 1122 995 ἅν
1152 949 1258 997 σοι
1298 928 1839 1017 προεφράζομεν·
1890 935 2022 998 νῦν
2049 928 2123 998 δὲ
2151 925 2665 1017 ἀποσκήψαντος

391 1035 511 1098 τοῦ
552 1033 883 1099 ἐνυπνίου
928 1025 994 1108 ἐς
1031 1034 1381 1119 φλαῦρον,
1422 1028 1624 1099 αὐτοί
1655 1058 1728 1099 τε
1771 1035 2152 1119 θαρσέομεν
2193 1033 2306 1100 καὶ
2335 1033 2442 1100 σοὶ
2470 1034 2664 1118 ἕτερα

391 1138 670 1201 τοιαῦτα
695 1130 1330 1221 παρακελευόμεθα·
1387 1133 1505 1203 τὸν
1553 1134 1629 1202 δὲ
1668 1139 1876 1203 παῖδα
1906 1140 2149 1205 τοῦτον
2176 1138 2243 1216 ἐξ
2282 1130 2662 1224 ὀφθαλμῶν

390 1232 779 1323 ἀπόπεμψαι
808 1238 874 1316 ἐς
894 1238 1160 1323 Πέρσας
1184 1263 1258 1304 τε
1286 1238 1397 1305 καὶ
1428 1234 1584 1316 τούς
1610 1240 2069 1325 γειναμένους.
2117 1235 2435 1317 Ἀκούσας
2453 1243 2661 1307 ταῦτα
2682 1240 2789 1300 121

392 1332 429 1405 ὁ
468 1334 833 1426 Ἀστυάγης
877 1338 1078 1426 ἐχάρη
1119 1366 1193 1407 τε
1234 1339 1345 1408 καὶ
1391 1342 1674 1420 καλέσας
1710 1337 1827 1410 τὸν
1852 1346 2090 1429 Κῦρον
2129 1343 2324 1427 ἔλεγέ
2360 1345 2430 1409 οἱ
2461 1341 2621 1410 τάδε
2644 1364 2658 1376 ·

380 1432 462 1509 Ὦ
509 1456 660 1527 παῖ,
714 1440 789 1509 σὲ
832 1438 960 1529 γὰρ
1004 1439 1136 1528 ἐγώ
1182 1440 1262 1511 δι’
1305 1438 1466 1524 ὄψιν
1504 1439 1777 1531 ὀνείρου
1819 1439 1901 1513 οὐ
1938 1446 2176 1532 τελέην
2214 1440 2524 1532 ἠδίκεον,
2580 1450 2664 1533 τῇ

392 1547 697 1612 σεωυτοῦ
750 1542 825 1611 δὲ
882 1549 1083 1633 μοίρῃ
1138 1551 1420 1633 περίεις·
1485 1550 1618 1615 νῦν
1671 1537 1769 1616 ὦν
1808 1555 1914 1615 ἴθι
1954 1553 2211 1636 χαίρων
2255 1542 2324 1626 ἐς
2370 1548 2659 1635 Πέρσας,

462 1738 556 1791 σέο
604 1731 661 1788 δ’
713 1732 1137 1799 ἐνεστεῶτος
1190 1738 1471 1808 βασιλέος]

393 1800 656 1867 ἐνεστεώς
690 1810 756 1859 de
803 1825 928 1875 rege
967 1812 1125 1876 quasi
1158 1811 1237 1878 τῷ
1270 1805 1473 1878 θρόνῳ

391 1869 653 1935 ἐνεστεώς
686 1878 823 1940 dici,
861 1895 925 1929 ex
963 1880 1064 1931 hoc
1092 1880 1213 1931 loco
1248 1887 1476 1932 annota-

392 1947 474 1996 vit
509 1946 773 1999 Valcken.
802 1948 871 1997 ad
908 1949 1012 2010 111,
1049 1949 1137 2001 66.
1210 1950 1318 2000 Sed
1353 1966 1476 2015 pos·

392 2016 468 2064 ais
506 2030 720 2081 quoque
758 2031 878 2066 cum
902 2017 1204 2084 Schweigh.
1241 2012 1476 2075 ἐνεστὼς

394 2085 638 2148 accipere
674 2101 739 2136 eo
773 2100 955 2148 sensu,
994 2103 1100 2152 quo
1121 2079 1475 2151 κατεστηκὼς

394 2153 478 2203 vel
527 2142 635 2217 ὧν,
701 2169 1026 2220 quamquam
1087 2155 1476 2206 Valckenariu-

393 2237 518 2270 nam
556 2224 820 2272 rationem
869 2229 922 2273 et
971 2226 1365 2275 accuratiorem
1419 2229 1475 2274 et

392 2291 798 2355 exquisitiorem
815 2292 987 2343 videri
1005 2309 1111 2343 nou
1129 2309 1288 2358 neg0.
1312 2294 1476 2344 Grae-

394 2374 516 2409 cum
537 2362 709 2410 totius
735 2362 998 2412 orationis
1034 2362 1268 2412 colorem
1304 2363 1361 2412 in
1387 2362 1472 2411 his

394 2443 609 2493 quoque
644 2428 893 2492 adverte,
946 2431 1090 2496 quod
1127 2432 1327 2481 Noster
1357 2432 1474 2499 Mag

391 2512 492 2562 gos
527 2500 825 2564 Astyagem
870 2515 1081 2564 regem,
1144 2501 1472 2551 Graecorum

393 2581 526 2616 sane
570 2583 744 2630 more,
791 2568 1128 2633 appellantes
1176 2570 1310 2619 facit
1367 2583 1471 2617 πο-

392 2627 623 2699 λιήτην,
678 2637 713 2686 i.
778 2651 823 2686 e.
878 2638 1079 2700 civem,
1141 2638 1472 2703 popularem,

392 2719 557 2768 quum
607 2705 850 2755 eiusdem
900 2704 1190 2773 (Medicae)
1243 2708 1318 2757 ait
1354 2707 1477 2756 stir-

393 2773 506 2837 piS,
543 2774 741 2839 Cyrum
778 2790 906 2825 vero
928 2776 1179 2838 Persam,
1216 2781 1474 2840 tanquam

396 2842 534 2892 alius
574 2843 811 2893 nationis
847 2845 1051 2908 virum,
1093 2841 1302 2909 ξεῖνον,
1347 2845 1386 2895 i.
1426 2859 1473 2894 e.

393 2913 755 2976 peregrinum,
778 2918 1112 2964 extraneum.
1137 2944 1209 2953 —-
1229 2914 1295 2964 In
1320 2929 1473 2978 seqq.

395 2995 520 3030 cum
562 2981 796 3032 BredoV.
848 2998 901 3048 p.
950 2983 1051 3035 313
1115 2988 1170 3034 et
1220 2982 1474 3033 Dindorf.

397 3049 541 3098 edidi
577 3041 827 3115 ὁρέομεν
871 3068 969 3117 pro
1008 3052 1157 3118 vulg.
1196 3041 1475 3117 ἑωρῶμεν,

396 3134 556 3184 quam
575 3120 804 3170 Dietsch
832 3122 1066 3171 mutavit
1100 3122 1157 3171 in
1179 3110 1474 3184 ἕωρέομεν.

395 3186 567 3237 Paulo
611 3193 738 3253 post
776 3189 925 3239 valet
981 3181 1474 3254 ἀποσκήπτειν

397 3256 538 3306 idem
584 3257 696 3307 sere
743 3259 887 3323 quod
935 3250 1295 3323 ἕξέρχεσθαι,
1350 3248 1475 3321 ἐξή-

397 3338 520 3373 κειν
556 3325 621 3376 de
656 3327 953 3390 insomnio,
991 3327 1135 3393 quod
1164 3327 1366 3377 exitum
1398 3327 1476 3375 in-

397 3393 548 3443 venit
594 3408 638 3444 a.
679 3395 955 3460 expletur,
1003 3397 1084 3445 ita
1125 3402 1187 3446 ut
1222 3386 1475 3459 ἀποσκή-

397 3474 560 3510 πτειν
620 3455 678 3519 ές
734 3462 1057 3528 φλαῦρον
1117 3462 1294 3528 (cuius
1353 3463 1473 3513 loco

397 3530 537 3579 male
574 3530 792 3595 quidam
827 3532 952 3582 libri
981 3530 1230 3596 φαῦλον,
1267 3532 1333 3581 de
1366 3546 1474 3597 quo

398 3599 469 3648 cf.
504 3598 736 3649 BredoV.
775 3615 828 3665 p.
858 3601 926 3652 34
963 3603 1105 3666 seq.)
1144 3601 1242 3650 sit:
1289 3601 1340 3648 in
1370 3615 1474 3650 rem

395 3668 579 3717 nullius
609 3672 833 3719 momenti
863 3684 910 3720 ε.
936 3674 1167 3735 exiqumn
1192 3671 1356 3728 exire,
1393 3683 1473 3717 ce-

397 3736 540 3785 dere.
564 3735 743 3816 ‘Confi
772 3752 912 3802 quae
935 3737 1004 3787 ad
1025 3738 1240 3787 initium
1273 3736 1474 3801 capitis

398 3818 721 3854 monuimus.
1211 3858 1218 3862 .

467 3866 564 3920 καὶ
599 3867 691 3921 σοὶ
731 3867 935 3935 ἕτερα
971 3870 1259 3922 τοιαῦτα
1293 3886 1475 3934 παρα-

397 3931 771 4006 κελευόμεθα]
786 3936 947 4003 ἕτερα
963 3939 1197 3990 τοιαῦτα
1217 3945 1346 3990 sunt
1371 3943 1476 3990 alia

399 4008 543 4068 talia,
579 4010 616 4061 i.
645 4024 693 4059 e.
729 4010 927 4071 cimilia,
963 4015 1018 4059 et
1053 4008 1299 4060 adverbii
1324 4012 1476 4073 pote-

400 4080 572 4127 state:
599 4079 846 4131 rimilieer.
913 4078 1059 4128 Hinc
1087 4093 1206 4128 cum
1229 4078 1479 4141 Wytten-

397 4144 594 4195 bachio
648 4147 704 4195 in
753 4146 980 4197 Selectt.
1021 4147 1300 4197 historice.
1347 4159 1475 4210 pag.

397 4211 500 4264 352
535 4214 800 4264 vertimus
834 4214 889 4266 h.
927 4214 995 4264 l.z
1033 4222 1123 4280 „et
1152 4216 1254 4277 ipen·
1274 4215 1479 4276 confidi-

395 4296 501 4332 mns
534 4289 585 4332 et
622 4290 671 4332 te
717 4285 830 4333 item
872 4283 1124 4346 confidere
1164 4281 1479 4332 hortamur.“

400 4347 508 4412 Qui
543 4348 685 4400 idem
724 4351 809 4401 vir
844 4349 955 4402 alia
983 4349 1192 4401 excitat
1215 4346 1376 4400 huius
1401 4346 1480 4400 di·

1582 1745 1779 1794 ctionis
1815 1745 2086 1809 exempla3
2126 1763 2190 1797 ex
2227 1746 2508 1795 Herodoto
2546 1745 2663 1795 lau-

1581 1814 1678 1863 dat
1712 1813 1757 1874 1,
1788 1814 1906 1863 191.
1933 1815 2054 1865 207.
2093 1815 2169 1875 ΙΙ,
2196 1815 2246 1862 5.
2277 1815 2396 1864 150.
2435 1814 2543 1876 111,
2576 1815 2658 1864 13.

1579 1884 1669 1933 47.
1713 1882 1799 1931 70.
1835 1883 1976 1945 VII,
2013 1884 2134 1934 206.
2210 1883 2275 1932 In
2323 1898 2476 1946 seqq.
2526 1876 2664 1939 τοὺς

1579 1945 1946 2014 γειναμένους
1994 1957 2048 2000 et
2092 1952 2148 2003 h.
2198 1952 2235 2001 l.
2286 1958 2339 1999 et
2389 1967 2508 2015 cap.
2564 1952 2660 2001 122

1580 2018 1718 2069 dixit
1758 2028 2019 2082 parentes.
2107 2019 2318 2070 Similia
2369 2020 2528 2070 affert
2576 2020 2662 2069 Ia-

1577 2088 1709 2138 cobs
1744 2089 1816 2138 ad
1844 2089 2093 2139 Prooem.
2131 2089 2345 2139 Aeliani
2383 2088 2450 2138 de
2484 2090 2554 2138 N.
2591 2091 2657 2139 A.

1577 2173 1630 2222 p.
1670 2158 1721 2207 1.
1755 2157 2010 2208 Kuehner
2047 2161 2142 2211 Gr.
2182 2159 2275 2209 Gr.
2314 2161 2365 2221 ξ.
2398 2160 2521 2209 474.

1935 2329 2069 2379 Cu.
2110 2329 2303 2379 CXXI.

1647 2419 1728 2478 δι’
1772 2420 1915 2492 ὄψιν
1974 2422 2204 2495 ὀνείρου
2264 2421 2343 2480 οὗ
2400 2426 2658 2498 τελέην]

1574 2499 1613 2547 i.
1651 2513 1698 2547 e.
1745 2506 1965 2562 propter
2005 2504 2179 2551 somnii
2220 2503 2372 2550 visum
2415 2516 2657 2560 vanum,

1576 2582 1622 2617 ε.
1657 2569 1830 2632 magis
1867 2567 1935 2617 ad
1956 2569 2208 2618 verbum:
2249 2584 2344 2618 non
2364 2570 2660 2632 perfectum.

1577 2637 1712 2702 quod
1763 2652 1857 2686 non
1911 2640 2117 2699 expleri
2162 2637 2359 2692 debuit,-
2417 2651 2476 2685 eo
2514 2636 2664 2699 ‚quod

1575 2721 1670 2755 non
1690 2706 1995 2768 perfectura,
2030 2722 2205 2755 vanum
2229 2713 2362 2756 erat.
2425 2704 2660 2753 Confero

1578 2773 2256 2923 233¹13539fff³²3⁰2³2km34
2291 2789 2386 2890 ἒ..
2403 2772 2531 2890 12¹2.
2548 2771 2662 2890 53}

1578 2942 1649 2950 —-
1704 2911 1858 2974 Αρα.
1957 2911 2087 2961 Mox
2154 2912 2467 2976 scripsimus
2538 2926 2658 2961 cum

1578 2979 1883 3046 Schweigh.
1943 2985 1998 3031 et
2044 2980 2218 3031 Gaias.
2272 2979 2489 3043 περίεις
2540 2979 2659 3044 (pro

1577 3049 1834 3116 περιεῐς),
1860 3053 1921 3099 ut
1948 3050 2091 3099 infra
2116 3051 2161 3111 1,
2196 3052 2313 3101 124.
2381 3050 2505 3100 Vid.
2531 3051 2661 3100 Bre-

1579 3118 1705 3170 dov.
1732 3135 1785 3184 p.
1814 3118 1937 3172 403.
1971 3150 2034 3160 —-
2054 3119 2156 3178 ,De
2183 3111 2319 3185 γὰρ,
2360 3119 2505 3183 quod
2542 3135 2659 3169 ora-

1578 3188 1782 3238 tionem
1825 3188 2041 3254 incipit,
2090 3190 2235 3239 conf.
2282 3203 2448 3251 supra
2490 3189 2560 3238 ad
2610 3188 2657 3249 1,

1577 3257 1629 3307 8.
1673 3258 1760 3307 24.
1831 3257 2085 3308 Refertur
2121 3260 2259 3307 enim
2299 3257 2368 3306 ad
2402 3257 2483 3317 id,
2515 3257 2660 3321 quod

1577 3326 1849 3391 sequitur3
1903 3327 1983 3376 sic
2027 3326 2084 3376 h.
2131 3324 2168 3376 l.
2223 3325 2292 3376 ad
2338 3325 2506 3375 verba
2550 3322 2661 3373 νῦν

1580 3382 1669 3443 ὦν
1722 3391 1814 3443 ἴθι
1853 3393 2089 3456 χαίρων.

1649 3458 1758 3511 νῦν
1794 3447 1877 3510 ὦν
1912 3458 2004 3510 ἴθι
2039 3457 2322 3525 χαίρων]
2364 3461 2402 3509 i.
2444 3475 2492 3510 e.
2529 3473 2658 3508 nunc

1575 3532 1730 3595 igitur
1770 3529 1879 3586 abi,
1925 3536 2185 3579 contentus
2230 3537 2318 3578 tua
2357 3536 2522 3590 soree,
2569 3529 2657 3576 im-

1575 3603 1730 3650 munis
1774 3598 1928 3648 omnis
1970 3597 2137 3646 damni
2181 3597 2413 3660 malique.
2472 3595 2656 3645 Cous.

1576 3667 1643 3717 de
1681 3665 1896 3731 χαίρων
1927 3667 2226 3715 Hermann.
2273 3662 2343 3713 ad
2377 3664 2561 3726 Viget.
2602 3680 2654 3728 p.

1577 3734 1681 3786 766
1708 3749 1825 3799 seq.
1896 3735 2027 3783 Mox
2062 3734 2117 3781 in
2152 3733 2333 3783 verbis
2371 3724 2558 3781 ἐλθών
2592 3725 2657 3779 δὲ

1578 3795 1746 3860 ἐκεῖ,
1803 3817 1941 3867 quae
1989 3801 2150 3851 simili
2196 3801 2355 3851 modo
2401 3800 2658 3865 leguntur

1577 3871 1633 3932 I,
1672 3871 1824 3933 207„
1873 3870 2123 3920 voculam
2161 3859 2283 3919 ἐκεῖ·
2307 3870 2388 3918 ita
2420 3870 2654 3933 positam

1577 3939 1936 3999 advertimus,
1996 3943 2059 3989 ut
2123 3935 2260 3988 alias
2323 3928 2526 3987 ἕκεῖσεε
2590 3938 2657 3988 de

1577 4023 1683 4073 quo
1721 4007 1866 4058 conf.
1905 4006 2160 4058 Kuehner
2194 4007 2287 4057 Gr.
2314 4007 2408 4058 Gr.
2444 4009 2495 4069 §-
2532 4007 2654 4059 571.

1579 4081 1695 4127 not.
1725 4075 1777 4127 3.
1834 4077 1918 4126 Tu
1955 4076 2066 4126 vid.
2104 4076 2267 4125 etiam
2302 4074 2506 4125 Herod.
2530 4076 2656 4138 VII,

1584 4145 1681 4195 147
1717 4145 1901 4210 ibique
1933 4149 2074 4195 nott.
2109 4175 2182 4184 —
2219 4145 2286 4193 In
2320 4144 2429 4193 fine
2462 4146 2660 4208 capitia

1579 4214 1772 4264 verba:
1811 4206 1880 4263 οὗ
1915 4205 2060 4262 κατὰ
2074 4205 2457 4276 Μιτραδάτην
2479 4225 2537 4259 τε
2558 4205 2663 4261 τὸν

1580 4273 1863 4348 βουκόλον
1907 4276 2003 4331 καὶ
2052 4274 2159 4345 τὴν
2191 4283 2434 4345 γυναῖκα
2481 4268 2663 4329 αὐτοῦ

1581 4351 1808 4400 nonautz
1856 4361 1954 4399 non
1988 4347 2097 4399 eiua
2131 4347 2424 4398 conditioni)
2453 4362 2516 4396 oc
2547 4346 2660 4410 toci,
