3109 5092
415 382 534 445 134

1278 372 1821 439 HERODO'PI

410 552 605 623 ὅπλα.
680 554 981 620 ἐνθαῦτα
1037 556 1199 638 θείῃ
1264 554 1496 642 πομπῇ
1553 550 1929 637 χρεώμενος
1998 549 2398 635 παρίσταται
2453 554 2690 614 Πεισι-

412 654 672 747 στράτῳ
732 652 1133 742 Ἀμφίλυτος
1186 646 1222 719 ὁ
1294 649 1662 742 Ἀκαρνὰν,
1732 647 2183 739 χρησμολόγος
2233 644 2440 738 ἀνὴρ,
2506 646 2580 729 ὅς
2630 652 2701 718 οἱ

416 753 714 850 προσιών
740 762 866 849 χρᾷ
896 758 973 826 ἐν
1001 757 1332 849 ἑξαμέτρῳ
1360 756 1535 850 τόνῳ
1552 808 1572 841 ,
1601 756 1763 825 τάδε
1790 755 2040 841 λέγων·

562 882 887 969 ’Έρῤιπται
931 882 988 948 δ’
1037 880 1069 949 ὁ
1115 883 1328 968 βόλος,
1370 879 1436 949 τὸ
1487 885 1552 949 δὲ
1595 886 1837 947 δίκτυον
1875 880 2323 944 ἐκπεπέτασται·

583 985 810 1052 θύννοι
855 981 911 1048 δ’
958 984 1270 1069 οἰμήσουσι
1313 990 1628 1067 σεληναίης
1668 978 1768 1048 διὰ
1809 979 2045 1058 νυκτός.

415 1165 680 1228 Krueger.
732 1161 788 1209 in
822 1159 996 1210 Indic.
1045 1160 1115 1209 ad
1158 1161 1507 1224 Xenophont.

415 1233 657 1283 Anabas.
701 1246 828 1295 pag.
878 1231 999 1279 510.
1086 1230 1170 1278 Ex
1225 1230 1507 1279 Herodoto

418 1301 653 1351 conferri
700 1302 955 1363 poterunt
1002 1297 1058 1347 hi
1113 1297 1244 1348 loci:
1296 1300 1370 1361 V,
1420 1300 1505 1348 74.

417 1370 515 1432 IX,
557 1372 625 1420 52
659 1368 843 1432 ibique
878 1372 1019 1417 nott.

485 1450 622 1517 θείῃ
656 1449 860 1518 πομπῇ
892 1443 1228 1519 χρεώμενος]
1267 1452 1303 1502 i.
1345 1468 1392 1502 e.
1432 1451 1510 1502 ch·-

416 1526 594 1574 vinitus
636 1523 837 1582 missus,
886 1521 1048 1572 divino
1090 1523 1319 1571 instinctu
1367 1536 1504 1571 usus.

416 1595 520 1644 Est
556 1592 698 1641 enim
745 1582 945 1654 πομπὴ
989 1595 1104 1640 tum
1148 1593 1343 1653 missiO,
1390 1596 1503 1641 tum

416 1663 671 1725 ὶηιριιιειιε,
705 1662 981 1711 instinctus.
1055 1660 1142 1710 Cr.
1178 1659 1371 1709 laudat
1390 1660 1508 1710 Ari-

418 1731 548 1782 stid.
586 1729 889 1783 Panathen.
928 1729 975 1779 1.
1046 1730 1133 1779 Tu
1177 1729 1291 1780 vid.
1335 1731 1508 1779 Hero-

421 1801 534 1852 dot.
573 1800 679 1863 ΠΙ,
712 1801 777 1849 77
816 1799 1000 1864 ibique
1033 1801 1171 1848 nott.

480 1878 813 1950 Ἀμφίλυτος
842 1875 871 1934 ὁ
900 1876 1194 1951 Ἀκαρνὰν]
1217 1885 1306 1935 Ita
1323 1900 1507 1935 omnes

414 1954 557 2007 libri.
630 1953 765 2004 Cum
810 1970 939 2005 vero
974 1955 1268 2005 Acarnania
1304 1956 1506 2006 mentio

414 2025 503 2076 ue
524 2025 661 2075 mira
693 2023 961 2104 videatur,
998 2024 1396 2074 Valckenarius
1428 2041 1509 2075 re-

416 2095 547 2171 poni
583 2092 792 2143 mavult
828 2084 858 2141 ὁ
899 2062 1197 2155 Ἀκαρνεὺς
1232 2107 1278 2144 8.
1321 2084 1508 2156 ’-Αχαρ

417 2155 577 2223 νεὶς,
648 2167 710 2211 ut
767 2160 1115 2211 Acharneus&
1168 2160 1509 2227 intelligatur

416 2236 603 2293 vates,
638 2230 896 2280 oriundus
917 2230 1343 2280 Acharnensium
1365 2247 1507 2295 pago

416 2302 474 2352 in
513 2302 632 2364 ipsa
663 2305 809 2349 terra
829 2299 1042 2358 Attica3
1082 2314 1240 2362 quem
1280 2301 1507 2350 eundem

416 2371 545 2421 hinc
583 2369 836 2419 Socrates
872 2366 958 2432 (in
990 2368 1265 2418 Platonis·
1276 2370 1369 2434 qui
1407 2371 1508 2419 fer-

417 2445 507 2490 tur
530 2439 736 2517 Theag.
744 2453 902 2517 pag.
932 2439 1030 2488 124
1055 2436 1134 2501 D)
1172 2443 1334 2488 vocat
1372 2454 1505 2503 χρη-

419 2497 652 2572 σμῳδόν
702 2498 804 2555 τὸν
849 2501 1030 2571 ἡμεὸ
1043 2498 1254 2570 απὸν,
1322 2513 1377 2558 et
1429 2506 1507 2559 di-

417 2582 563 2629 serte
586 2575 936 2628 Atheniensem
961 2576 1095 2627 dicit
1114 2576 1361 2628 Clemens
1386 2578 1508 2629 Ale-

414 2647 607 2699 xandr.
650 2647 935 2697 Stromatt.
982 2646 1028 2697 1.
1076 2662 1203 2711 pag.
1243 2646 1376 2709 398,
1417 2650 1501 2700 21.

417 2719 571 2781 Quae
606 2721 789 2767 utrum
835 2715 1113 2768 sufficiant
1157 2716 1226 2766 ad
1263 2718 1506 2768 Herodo-

418 2792 630 2838 teorum
666 2784 929 2836 librorum
967 2785 1259 2837 lectionem
1293 2793 1506 2838 mutan-

419 2856 573 2918 dam,
620 2855 714 2905 alii
762 2855 1082 2905 diiudicent.
1154 2858 1424 2920 Equidem
1471 2872 1505 2906 a

416 2925 574 2976 codd.
598 2926 869 2987 scriptura
887 2926 1139 2975 recedere
1158 2924 1325 2984 nolui,
1325 2940 1503 3008 quam

415 2996 496 3043 ita
519 2994 660 3042 tueri
680 2994 892 3042 studuit
907 2993 1232 3054 Gronovius,
1250 2999 1310 3043 ut
1325 2987 1507 3057 Ἀχαρ-

417 3054 525 3110 νάν
549 3077 594 3110 8.
620 3052 892 3141 Ἀκαρνὰν
921 3061 1064 3112 idem
1092 3061 1274 3113 valere
1305 3062 1509 3114 (liceret

417 3134 583 3195 atque
620 3120 948 3193 Ἀχαρνεὺς,
999 3146 1105 3195 qno
1141 3130 1507 3182 Acharnensis

417 3199 547 3265 pagi
595 3197 740 3248 cives
793 3197 885 3247 ille
937 3199 1301 3263 perhibeatur.
1384 3201 1507 3252 Alia

417 3270 485 3320 de
516 3268 621 3318 hoc
655 3272 783 3318 vate
821 3268 1196 3333 suppeditabit
1234 3272 1505 3322 Meursius

416 3340 473 3389 in
494 3338 773 3387 Pisistrat.
805 3353 925 3402 cap.
952 3339 1004 3389 5.
1053 3340 1250 3421 Negris
1275 3340 1505 3392 Valcke-

412 3408 569 3459 nario
600 3408 891 3458 obsecutus
931 3408 1152 3473 scripsit
1178 3399 1503 3473 Ἀχαρνεύςς

412 3482 641 3529 recentt.
679 3478 802 3528 edd.
853 3479 910 3529 in
947 3477 1175 3543 vulgata
1221 3481 1505 3545 acquieve-

411 3552 570 3610 runt,
633 3564 773 3614 quae
826 3548 956 3598 mihi
1014 3550 1232 3614 egregie
1284 3551 1503 3614 probari

411 3618 630 3667 videtur
666 3618 763 3679 iis,
803 3624 942 3683 qnae
975 3618 1162 3669 attulit
1187 3620 1411 3672 Lobeck
1446 3620 1502 3670 in

411 3685 770 3751 Aglaopham.
792 3702 845 3751 p.
871 3687 993 3739 310.
1013 3694 1130 3741 not.
1153 3706 1223 3740 m.
1248 3690 1315 3741 de
1336 3691 1504 3740 Acar-

412 3754 646 3804 nanibus
668 3756 737 3805 ob
757 3757 1096 3807 vaticinandi
1116 3763 1171 3809 et
1192 3758 1502 3810 fascinandi

414 3826 585 3872 artem
633 3822 762 3872 olim
807 3841 902 3888 per
939 3826 1228 3876 Graeciam
1272 3827 1502 3878 similem

413 3891 471 3939 in
508 3888 723 3940 modum
762 3894 1023 3956 cognitis,
1061 3910 1167 3959 quo
1204 3897 1375 3946 Marsi
1410 3913 1504 3961 per

332 4006 351 4025 ,
412 3958 649 4009 Italiam.
722 3960 908 4009 Testis
957 3976 1171 4026 quoque
1215 3970 1300 4013 est
1335 3966 1504 4029 Megi-

412 4027 552 4077 stias
600 4027 918 4079 Acarnanas
968 4035 1154 4091 vates,
1205 4034 1296 4096 qui
1335 4035 1503 4084 Grae-

411 4110 597 4146 corum
633 4097 930 4146 exercitum
971 4099 1246 4162 sequitur,
1293 4102 1499 4154 Herod.

410 4163 537 4225 VII,
571 4165 695 4215 221.

481 4257 892 4330 χρησμολόγος]
922 4267 1010 4318 Ita
1039 4273 1270 4319 vocatur
1302 4271 1379 4332 is,
1417 4275 1504 4336 qui

410 4338 620 4387 oracula
642 4336 770 4399 edit,
806 4336 1074 4401 Apollinis
1096 4339 1317 4390 numine
1346 4340 1498 4392 affla-

409 4410 518 4457 tus.
590 4404 737 4457 Alibi
761 4408 1086 4461 ‚oraculorum
1119 4416 1200 4459 est
1226 4410 1496 4475 interpres,

1608 1163 1672 1209 ut
1705 1154 1919 1215 V11‚6.
1960 1156 2060 1206 142
2089 1158 2145 1204 et
2181 1154 2326 1219 apud
2362 1153 2692 1203 Pausaniam

1609 1229 1654 1291 1,
1693 1226 1781 1277 34.
1814 1223 1864 1286 ἐ.
1905 1223 1955 1286 3,
1993 1224 2085 1274 ubi
2117 1222 2230 1274 vid.
2272 1221 2473 1274 Siebel.

1678 1289 1937 1358 ἕρόιπται
1985 1284 2040 1342 δ’
2082 1283 2112 1342 ὁ
2149 1286 2335 1359 βόλος]
2385 1284 2583 1357 βόλος,
2631 1297 2695 1341 ut

1608 1366 1930 1416 Latinorum
1961 1366 2201 1417 iaculum.
2237 1363 2326 1413 hic
2357 1362 2577 1413 brevius
2607 1379 2694 1413 re-

1609 1436 1680 1485 tis
1718 1448 1889 1500 genus
1929 1430 2038 1496 (ein
2072 1432 2281 1483 kleines
2312 1430 2584 1497 Zugnetz)
2615 1432 2695 1481 in-

1611 1505 1758 1554 dicat
1813 1502 2045 1566 indeque
2093 1502 2449 1565 distinguitur
2492 1502 2562 1551 ab
2608 1517 2692 1564 eo,

1608 1572 1754 1640 quod
1790 1570 2025 1621 δίκτυον
2060 1571 2276 1621 dicitur.
2350 1573 2575 1622 Praeter
2611 1586 2694 1634 ea,

1609 1658 1750 1709 quae
1800 1641 2006 1691 Lexica
2052 1641 2308 1702 offerunt,
2356 1643 2442 1694 Gr.
2484 1642 2696 1692 confert

1608 1712 1910 1773 Boettiger.
1937 1711 1992 1759 in
2021 1710 2308 1760 Amalthea
2336 1711 2412 1761 11.
2441 1726 2565 1776 pag.
2592 1710 2696 1762 307

1609 1787 1724 1833 not.
1763 1780 1914 1831 Alias
1939 1770 1971 1829 ὁ
1999 1772 2169 1846 βόλος
2193 1779 2260 1830 de
2287 1781 2527 1843 piscibus
2561 1781 2695 1845 ipsis

1608 1868 1717 1902 uno
1765 1851 1896 1900 retis
1943 1850 2092 1900 iactu
2137 1850 2314 1914 captis
2361 1849 2586 1913 dicitur,
2632 1853 2697 1899 ut

1609 1923 1666 1971 in
1718 1918 1972 1983 Aeschyl.
2030 1920 2185 1969 Pers.
2241 1919 2371 1981 430,
2434 1919 2528 1969 ubi
2581 1919 2694 1969 vid.

1610 1987 1914 2041 Blomfield.
1950 1988 2007 2037 in
2036 1988 2314 2057 (ilos-san,
2352 1989 2440 2038 cui
2478 1990 2564 2039 Cr.
2605 1988 2698 2039 ad-

1612 2060 1693 2109 dit
1726 2057 2112 2122 Wyttenbach.
2154 2057 2223 2107 ad
2262 2058 2541 2109 Plutarch.
2579 2059 2698 2109 Mo-

1610 2126 1735 2179 rall.
1760 2126 1882 2179 Vol.
1910 2127 1985 2177 11.
2015 2143 2069 2191 p.
2095 2126 2217 2179 633.
2265 2128 2409 2178 Hinc
2442 2128 2498 2177 in
2523 2128 2698 2178 Theo-

1612 2197 1841 2257 crit.1‚
1893 2197 1962 2247 40
2019 2212 2053 2246 a
2113 2196 2338 2246 scholiis
2394 2196 2698 2262 explicatur

1612 2258 1808 2387 ’5ζὲὦο
1824 2266 2699 2387 ehissetssssuiffipssiffi‘ffiss}

1611 2407 1668 2455 in
1703 2405 1820 2454 his.
1859 2404 1992 2466 „sed
2028 2409 2090 2454 ut
2124 2404 2356 2456 adhunc
2388 2405 2548 2455 bolum
2580 2421 2700 2472 per·

1608 2489 1817 2525 vemas
1824 2472 1859 2500 “
1933 2471 2139 2538 (DeRe
2163 2475 2353 2525 rustic.
2382 2475 2485 2537 111,
2522 2478 2574 2539 2,
2611 2478 2695 2528 16.

1609 2561 1664 2628 p.
1702 2544 1804 2594 278
1838 2542 2117 2607 Schneid.)
2169 2544 2479 2609 Respicitur
2515 2552 2698 2597 autem

1608 2614 1666 2664 in
1702 2611 1950 2675 oraculo,
1998 2613 2144 2678 quod
2188 2613 2243 2663 h.
2280 2614 2319 2665 l.
2352 2614 2581 2680 legitur,
2631 2632 2698 2667 ea

1609 2683 1875 2748 piscatio,
1922 2697 2093 2762 quae,
2146 2684 2275 2748 quia
2313 2689 2473 2735 nocte
2510 2685 2696 2748 fiebat,

1611 2744 2005 2815 νυκτερευτιιιὴ
2030 2752 2341 2816 dicebatur,
2380 2753 2447 2804 de
2475 2771 2585 2821 qua
2606 2758 2694 2807 Gr.

1610 2823 1749 2872 citat
1783 2820 1928 2871 Plat.
1965 2821 2023 2871 in
2057 2822 2299 2887 Sophist.
2337 2839 2462 2888 pag.
2493 2825 2597 2876 220
2625 2827 2695 2887 D,

1611 2891 1706 2941 ubi
1739 2890 1853 2940 vid.
1887 2891 2174 2942 Heindorf.
2212 2907 2338 2958 pag.
2365 2894 2488 2944 287.
2546 2893 2699 2945 Alias

1611 2961 1938 3025 thynnorum
1952 2961 2297 3024 ‚piscationis
2330 2963 2520 3013 crebra
2554 2980 2702 3014 men-

1612 3031 1717 3089 tio;
1757 3044 1897 3094 quae
1931 3029 2246 3095 plerumque
2279 3033 2361 3082 ita
2394 3031 2587 3094 fiebat,
2635 3038 2697 3083 ut

1613 3099 1734 3163 quis
1780 3098 1837 3148 in
1881 3098 2049 3149 altum
2099 3100 2277 3151 locum
2322 3101 2698 3164 adscenderet,

1612 3168 1756 3218 unde
1791 3167 2117 3232 thynnorum
2145 3186 2361 3235 gregem
2396 3171 2700 3236 speculare-

1610 3243 1724 3299 tur,
1773 3253 1881 3302 quo
1917 3239 2036 3289 viso
2084 3239 2298 3305 signum
2332 3241 2697 3305 piscatoribus

1609 3307 1793 3369 daret,
1852 3307 1946 3371 qui
1991 3309 2202 3358 retibus
2260 3314 2437 3360 totum
2479 3327 2696 3374 gregem

1608 3376 1963 3431 includerent.
2035 3378 2192 3441 Quod
2235 3384 2362 3443 post
2396 3380 2700 3432 Philostra-

1606 3451 1722 3495 tum
1759 3446 1814 3495 in
1843 3446 1993 3497 Icon.
2027 3447 2072 3508 Ι,
2107 3448 2173 3500 13
2210 3450 2430 3512 copiose
2463 3465 2576 3500 rem
2610 3451 2700 3500 de-

1607 3516 1930 3566 scribentem
1954 3520 2096 3581 ,apte
2144 3519 2354 3568 monuit
2391 3518 2696 3571 Blomfield.

1605 3585 1645 3635 1.
1670 3586 1729 3647 1.,
1751 3584 1924 3636 multa
1943 3584 2053 3635 alia
2076 3586 2358 3651 colligens,
2381 3588 2524 3638 unde
2548 3594 2697 3640 certe

1604 3655 1710 3705 hoc
1725 3655 2004 3719 probatur,
2037 3656 2092 3706 id
2117 3656 2367 3719 piscandi
2393 3672 2563 3721 genus
2592 3658 2697 3709 fre-

1606 3723 2017 3787 quentissimum
2052 3725 2224 3775 fuisse
2243 3725 2509 3791 valdeque
2534 3727 2584 3777 ei
2615 3729 2696 3776 in-

1607 3792 1838 3843 dulsisse
1892 3798 2131 3853 veteres,
2183 3795 2432 3859 inprimis
2479 3795 2695 3847 Atticos

1604 3863 1871 3913 homines.
1925 3862 2084 3913 Unde
2108 3863 2416 3927 imaginem,
2443 3880 2553 3930 qua
2576 3881 2698 3916 ora—

1606 3931 1786 3981 culum
1823 3931 2024 3994 utitur,
2061 3948 2170 3983 non
2204 3932 2367 3999 longe
2405 3936 2696 3998 repetitam

1610 4004 1665 4049 et
1700 4002 2034 4065 quaesitam,
2084 4001 2180 4052 sed
2227 4018 2292 4053 ex
2340 4003 2568 4054 solemni
2601 4004 2698 4055 ho·

1607 4069 1809 4119 minum
1847 4070 2151 4121 Atticorum
2198 4073 2559 4138 occupatione
2607 4073 2698 4124 de-

1606 4143 1838 4188 snmtam
1865 4155 1987 4190 esse
2018 4141 2197 4203 quivis
2228 4143 2539 4206 perspiciet.
2587 4143 2698 4194 Ad-

1604 4206 1709 4257 huc
1743 4209 1890 4272 apud
1915 4208 2114 4260 Sardos
2140 4210 2304 4260 talem
2341 4211 2581 4277 thynnos
2608 4228 2698 4262 ca-

1603 4276 1787 4340 piendi
1832 4278 2099 4329 rationem
2147 4280 2395 4330 obtinere
2441 4281 2699 4331 observa—

1601 4345 1683 4395 vit
1713 4350 1877 4410 atque
1904 4347 2141 4413 imagine
2174 4348 2362 4399 addita
2396 4348 2700 4400 illustravit

1600 4414 1646 4465 1.
1684 4415 1875 4466 Warre
1924 4416 2198 4481 Tyndale:
2260 4417 2355 4468 the
2403 4419 2582 4469 island
2636 4420 2701 4470 of
