3109 5092
460 332 585 394 300
1330 329 1871 394 HERODOTI

458 537 523 579 τι
566 503 916 596 γεγόνασι,
962 512 1182 594 μωρίη
1220 504 1432 595 πολλὴ
1478 507 1738 594 λέγειν·
1792 509 1931 576 τῶν
1957 502 2285 594 ’Ἄβαντες
2318 506 2446 595 μὲν
2489 508 2555 588 ἐξ
2594 503 2734 575 Εὐ-

461 607 651 703 βοίης
697 612 826 681 εἰσὶ
869 604 995 679 οὐκ
1044 611 1355 698 ἐλαχίστη
1395 626 1630 700 μοῖρα,
1692 624 1865 679 τοῖσι
1900 607 2154 698 Ἰωνίης
2195 612 2360 698 μέτα
2409 606 2573 679 οὐδὲ
2615 615 2737 680 τοῦ

459 714 828 804 οὐνόματος
866 708 1073 783 οὐδέν
1091 733 1106 748 ·

1184 709 1452 782 Μινύαι
1504 713 1579 785 δὲ
1634 709 2045 802 Ὀρχομένιοι
2099 709 2581 803 ἀναμεμίχαται
2625 716 2738 783 καὶ

458 825 790 909 Καδμεῖοι
833 817 947 886 καὶ
986 813 1300 904 Δρύοπες
1339 819 1453 886 καὶ
1488 819 1758 896 Φωκέες
1797 813 2201 904 ἀποδάσμιοι
2241 820 2356 887 καὶ
2392 820 2739 888 Μολοσσοὶ

461 989 708 1054 Theogn.
756 985 861 1037 486
921 982 1166 1063 suppleri
1202 984 1324 1033 vult
1370 974 1547 1048 ὄντες,

460 1063 523 1110 ut
568 1060 826 1124 iungatur
883 1052 1098 1119 μᾶλλον
1138 1041 1359 1117 Ἴωνες,
1416 1055 1549 1105 mihi

459 1144 570 1179 non
608 1141 744 1192 opus
785 1140 907 1175 esse
953 1122 1187 1173 videtur.
1276 1126 1379 1175 Est
1418 1140 1548 1175 vero

460 1199 596 1248 haec
629 1195 898 1246 Herodoti
934 1192 1225 1254 sententia,
1255 1194 1549 1244 absurdum

461 1283 583 1318 esse
636 1266 840 1326 dicere,
904 1262 1004 1312 hos
1060 1262 1251 1324 Iones,
1320 1278 1549 1328 quorum

462 1338 574 1388 sint
620 1333 905 1385 duodecim
954 1333 1095 1382 istae
1137 1331 1326 1395 urbes,
1373 1334 1547 1398 magis

463 1407 625 1456 Iones
672 1419 792 1454 esse
827 1417 988 1467 quam
1033 1401 1271 1466 reliquos
1319 1401 1549 1452 aliarum

464 1481 727 1526 terrarum
762 1472 953 1534 Iones,
991 1470 1314 1521 nobiliorive
1354 1488 1550 1538 genere

464 1543 722 1596 oriundos
756 1546 855 1592 aut
880 1540 1178 1592 honestiori
1212 1541 1332 1591 loco
1440 1547 1549 1596 tos.

461 1616 583 1666 Hoc
620 1614 761 1664 enim
803 1611 909 1662 sibi
943 1610 1137 1661 volunt
1172 1610 1366 1661 verba:
1455 1603 1547 1661 022-

463 1677 589 1734 λιόν
624 1699 677 1733 τι
712 1673 1003 1746 γεγόνασι,
1051 1680 1108 1729 in
1144 1680 1339 1745 quibus
1377 1681 1552 1732 Cobet

461 1755 620 1804 Varr.
649 1754 829 1803 Lectt.
864 1766 920 1816 p.
948 1750 1047 1800 157
1078 1752 1313 1816 expungi
1344 1750 1463 1801 vult
1496 1766 1551 1799 τι

464 1829 629 1889 atque
663 1814 895 1871 καλλιον
926 1835 1022 1885 pro
1060 1820 1319 1871 adverbio
1351 1821 1547 1885 accipi.

465 1894 601 1945 Inde
636 1891 781 1943 haud
802 1905 947 1941 vana
978 1890 1196 1939 videtur
1218 1891 1551 1940 Dahlmanni

466 1964 545 2028 (in
579 1961 845 2012 Herodot.
878 1976 1005 2025 pag.
1032 1958 1155 2023 115)
1195 1964 1361 2025 atque
1384 1960 1553 2010 Klau-

465 2033 601 2082 senii
634 2030 728 2095 (ad
752 2030 1018 2080 Hecataei
1044 2029 1293 2094 fragmm.
1319 2047 1373 2095 p.
1404 2029 1548 2095 108.)

466 2101 733 2165 suspicio,
770 2098 1109 2149 Herodotum
1147 2098 1280 2149 haec
1319 2115 1552 2165 pronun-

465 2173 604 2221 tiare
649 2173 843 2218 contra
885 2169 1220 2217 Hecataeum
1256 2168 1548 2231 Milesium,

466 2238 732 2303 simulque
782 2236 1003 2286 Ionicae
1065 2237 1242 2299 gentis
1294 2253 1553 2302 arrogan-

466 2310 600 2359 tiam
637 2305 909 2372 quandam
954 2307 1011 2354 in
1053 2305 1312 2356 iactando
1356 2322 1553 2372 genere

466 2377 640 2429 nobili
685 2375 976 2440 reprimere
1018 2374 1287 2438 voluisse,
1342 2391 1553 2428 summa

465 2448 592 2499 inde
627 2461 760 2498 cura
793 2460 885 2495 eos
927 2449 1322 2508 recensentem,
1377 2446 1425 2494 si
1460 2448 1551 2511 qui

466 2519 655 2569 forsan
697 2514 837 2566 alius
890 2515 1075 2580 stirpis
1109 2514 1302 2565 Ionum
1339 2517 1554 2581 expedi-

465 2588 607 2639 tioni
642 2588 699 2636 in
734 2585 920 2635 Asiam
965 2584 1437 2650 commigrantium
1473 2587 1554 2637 in-

466 2656 778 2718 terfuerint,
826 2656 1019 2720 quibus
1073 2655 1364 2720 integritas
1411 2656 1555 2706 Ioni-

467 2745 566 2780 cae
603 2726 788 2791 stirpis
823 2725 1108 2775 imminuta
1141 2725 1325 2777 fuerit.
1394 2727 1555 2776 Facit

466 2799 574 2849 hue
617 2810 831 2862 quoque
875 2811 908 2844 a
957 2796 1051 2847 Cr.
1114 2795 1316 2845 citatus
1368 2795 1428 2845 G.
1484 2796 1552 2847 Ο.

467 2866 714 2918 Mueller.
771 2865 830 2913 in
886 2864 1207 2914 Orchomen.
1270 2880 1398 2929 pag.
1452 2864 1554 2914 399

469 2952 612 3000 seq.,
671 2934 767 2983 ubi
833 2948 925 2982 eos
977 2938 1224 2983 recenset
1276 2934 1552 2996 Boeotios,

470 3005 736 3057 Cadmeos
795 3002 913 3051 sive
968 3002 1258 3052 Thebanos
1324 3001 1552 3066 aliosve,

465 3076 564 3141 qui
589 3088 699 3124 una
735 3087 856 3122 cum
883 3072 1109 3122 Ionibus
1146 3071 1202 3120 iu
1226 3071 1410 3121 Asiam
1434 3088 1555 3137 pro-

470 3144 607 3195 fecti
651 3143 781 3192 sint.
870 3141 955 3191 Tu
1010 3139 1154 3190 conf.
1214 3142 1555 3206 potissimum

467 3212 779 3267 Pausaniae
816 3208 992 3260 locum
1027 3210 1317 3330 class5icum
1350 3211 1552 3275 v11,2.

472 3288 523 3349 5.
560 3286 611 3335 2.
654 3280 777 3332 coll.
812 3280 938 3342 VII,
980 3279 1031 3331 3.
1069 3281 1189 3342 §.5

538 3351 654 3403 τῶν
676 3318 938 3418 ’Ἄβαντες
969 3343 1071 3410 μὲν
1116 3342 1171 3409 ἐξ
1210 3339 1464 3414 Εὐβοίης
1500 3367 1553 3399 κ.

468 3439 515 3473 τ.
545 3421 614 3489 L]
655 3420 942 3472 Consentit
961 3418 1326 3470 Pausaniasl.
1352 3419 1389 3469 l.
1439 3421 1555 3470 Pri-

468 3494 633 3543 mitus
680 3496 861 3541 autem
904 3489 1041 3539 haec
1091 3504 1225 3554 gens
1272 3505 1337 3539 ex
1386 3489 1556 3540 Thra·

470 3564 590 3614 ciae
633 3560 946 3626 regionibus
1004 3559 1251 3625 profecta
1305 3559 1361 3609 in
1415 3560 1556 3610 Pho-

469 3633 591 3683 cide
627 3632 782 3680 sedes
818 3629 964 3692 fixit,
1016 3629 1159 3679 unde
1194 3633 1323 3694 post
1356 3629 1413 3678 in
1449 3631 1556 3679 Eu-

468 3703 661 3752 boeam
684 3699 916 3750 insulam
942 3699 1291 3763 immigravit,
1331 3702 1556 3749 auctore

471 3770 743 3821 Strabone
786 3770 856 3818 X.
905 3785 958 3833 p.
1005 3768 1109 3820 682
1153 3769 1218 3818 Β.
1267 3767 1362 3829 0.,
1429 3767 1554 3819 coll.

472 3837 652 3890 Schol.
691 3838 762 3888 ad
791 3838 1014 3888 Homer.
1052 3837 1139 3887 Ili.
1176 3837 1251 3900 11,
1291 3836 1424 3899 536,
1461 3837 1556 3886 ubi

471 3923 667 3957 nomen
706 3907 885 3968 gentis
918 3907 989 3955 ab
1025 3907 1238 3956 Abante
1272 3921 1418 3971 rege,
1454 3907 1558 3955 Ne·

471 3976 630 4040 ptuni
687 3975 825 4034 filio,
894 3976 1174 4038 repetitur.
1259 3975 1415 4026 Conf.
1469 3975 1553 4026 Io.

471 4043 653 4096 Kofod
689 4011 928 4092 Whi'tte:
984 4045 1069 4092 De
1104 4043 1265 4093 rebus
1301 4043 1558 4093 Chiorum

471 4112 642 4181 publl.
679 4111 884 4169 (Havn.
900 4110 1083 4188 1838)
1118 4127 1243 4176 pag.
1286 4112 1349 4162 19
1380 4128 1528 4178 seqq.

544 4174 770 4231 Μινιάι
809 4172 873 4227 δὲ
900 4167 1251 4259 Ὀρχομένιοι
1286 4171 1556 4244 ἀναμεμί-

472 4249 659 4318 χαται]
699 4249 853 4299 Libri
889 4261 1074 4298 omnes
1110 4239 1555 4313 ’'gonzonsmowt

475 4321 623 4387 quod
648 4333 769 4371 cum
796 4333 1023 4383 pravum
1047 4331 1166 4368 esse
1195 4320 1408 4382 pateat,
1434 4318 1559 4368 Pal-

475 4391 631 4447 merii
687 4387 995 4441 emendatio
1050 4402 1194 4442 nunc
1239 4388 1297 4437 in
1348 4391 1560 4439 textum

1653 990 1874 1067 recepta
1922 988 2030 1035 est.
2070 973 2447 1050 Ὀρχομένιοι.
2540 986 2738 1052 Negris

1651 1055 1822 1105 edidit
1849 1046 2204 1119 Ὀρχομένιοι
2255 1068 2287 1104 σ
2300 1070 2335 1103 υ
2350 1070 2383 1104 v
2395 1056 2738 1120 αναμεμίχα-

1651 1140 1771 1188 ται,
1809 1124 1976 1176 scribi
2007 1138 2224 1205 quoque
2245 1140 2407 1190 posse
2443 1125 2735 1177 adiiciens.

1640 1162 2006 1259 Ὀρχομένιοί
2040 1207 2097 1242 τε
2139 1183 2578 1259 ἆναμεμίχαταις
2628 1196 2738 1246 He-

1649 1263 1787 1314 rold.
1826 1265 1882 1313 in
1917 1263 2152 1345 Specim.
2188 1264 2454 1314 Emendd.
2487 1265 2733 1317 Herodd.

1652 1335 1960 1385 coniecerat
1987 1323 2350 1397 Ὀρχομένιοί
2389 1347 2508 1396 σφι.
2569 1336 2740 1399 Egre-

1651 1404 1739 1469 gie
1770 1403 2026 1485 Palmerji
2069 1403 2499 1453 emendationem
2543 1405 2740 1467 probat

1650 1473 1962 1524 Pausaniae
2005 1471 2158 1522 locus
2200 1472 2486 1534 laudatus,
2545 1473 2639 1523 ubi
2683 1475 2738 1523 in

1652 1543 1934 1609 gentibus,
1973 1557 2112 1607 quae
2143 1542 2368 1592 Ionibus
2393 1546 2525 1596 tunc
2558 1558 2740 1593 acces-

1652 1613 1840 1693 serint,
1865 1617 2216 1662 recensentur
2241 1603 2599 1675 Ὀρχομένιοι
2624 1612 2741 1661 Μι-

1654 1674 1788 1731 vum
1836 1679 2132 1745 συγγενεία
2177 1696 2294 1729 των
2339 1678 2571 1744 Κόδρου
2607 1680 2741 1731 παί-

1654 1749 1773 1801 δων
1816 1751 1969 1817 (uam
2013 1731 2176 1800 Codri
2213 1750 2558 1801 Atheniensis
2593 1752 2738 1817 regis

1652 1821 1793 1872 filios
1827 1821 2018 1870 Ionum
2056 1820 2389 1884 expeditioni
2433 1821 2740 1885 praefuisse

1654 1890 1911 1957 constat).
1998 1890 2234 1940 Eosdem
2279 1890 2495 1955 Minyas
2538 1889 2743 1941 Orcho-

1653 1962 1859 2011 menios
1903 1961 2075 2010 Teum
2128 1959 2423 2010 condentes
2476 1965 2741 2011 memorat

1652 2031 1795 2081 idem
1838 2029 1977 2091 VII,
2020 2028 2072 2080 3.
2122 2032 2173 2092 5.
2221 2029 2271 2081 3.
2347 2029 2486 2079 Add.
2528 2031 2633 2094 IX,
2670 2029 2738 2081 37

1653 2101 1744 2151 fin.
1804 2102 1859 2149 et
1902 2098 2032 2149 vide
2079 2100 2296 2148 omnino
2339 2098 2592 2150 Mueller:
2642 2100 2742 2150 Or-

1655 2170 1943 2220 chomenos
1987 2184 2040 2232 p.
2087 2167 2191 2220 399
2227 2183 2340 2233 seq.
2402 2169 2736 2219 Lachmann.

1654 2240 1836 2303 Spart.
1864 2237 2284 2288 Staatsverfass.
2313 2254 2367 2302 p.
2391 2237 2459 2288 38
2480 2254 2614 2305 seq„
2650 2239 2742 2304 qni

1654 2309 1872 2374 Minyas
1917 2307 1989 2357 ad
2037 2307 2279 2357 Ionicam
2333 2308 2556 2372 stirpem
2604 2310 2742 2359 refe-

1655 2394 1778 2428 rens
1824 2377 2161 2427 Herodotum
2216 2391 2404 2441 parum
2437 2383 2587 2428 recte
2639 2379 2738 2428 hos

1655 2447 1830 2498 videri
1875 2448 2072 2497 statuit
2109 2445 2432 2497 discrevisse
2480 2447 2548 2497 ab
2599 2448 2742 2498 Ioni-

1655 2519 1785 2578 bus,
1825 2517 2148 2582 quibuscum
2184 2516 2434 2580 primitus
2465 2517 2742 2568 coniuncti

1656 2588 1875 2638 fuerint.
1938 2587 2073 2636 Mihi
2110 2589 2292 2635 tamen
2325 2588 2636 2651 respicienti
2672 2587 2742 2637 ad

1660 2673 1751 2719 ea,
1811 2672 1951 2721 quae
1994 2653 2289 2705 Muellerus
2335 2656 2390 2704 in
2442 2656 2581 2707 libro
2629 2655 2743 2707 lau-

1660 2727 1789 2776 dato
1842 2730 2007 2790 atque
2050 2725 2366 2775 Buttmann.
2421 2726 2478 2775 in
2527 2726 2742 2791 Mytho-

1655 2795 1765 2861 leg.
1807 2795 1883 2845 11.
1925 2810 1979 2859 p.
2021 2794 2120 2846 194
2145 2810 2295 2860 seqq.
2335 2795 2402 2846 de
2433 2796 2616 2860 prisca
2643 2795 2744 2845 Mi-

1655 2880 1885 2929 nyarum
1919 2867 2080 2929 gente
2116 2863 2558 2929 disputaverunt,
2605 2865 2742 2915 haec

1657 2938 1806 2984 certe
1840 2949 1973 2999 gens
2010 2935 2081 2983 ab
2115 2934 2338 2985 Ionibus
2373 2934 2534 2999 plane
2566 2949 2742 2985 secer-

1657 3003 1838 3054 nenda
1868 3003 2101 3053 videtur.

1723 3068 1821 3122 καὶ
1855 3064 1981 3135 Δρυ
1985 3087 2152 3134 οπες,
2199 3069 2296 3121 καὶ
2335 3068 2553 3129 Φωκέες
2598 3062 2742 3122 ἄπο-

1655 3134 1908 3209 δασμιοι]
1945 3143 2194 3218 Dryopes
2221 3143 2422 3207 primas
2459 3140 2615 3192 sedes
2649 3142 2745 3192 ha-

1657 3213 1864 3262 bebant
1900 3213 2044 3262 circa
2057 3205 2278 3262 Oetam
2317 3215 2583 3274 montem,
2619 3228 2744 3262 con-

1657 3283 1839 3347 tiguas
1873 3281 2064 3331 Doridi
2112 3286 2309 3333 terrae.
2379 3281 2540 3332 Unde
2584 3282 2742 3332 eiecti

1657 3353 1713 3401 iu
1733 3350 2027 3401 Phocidem
2064 3352 2220 3402 iuxta
2239 3354 2570 3402 Parnassum
2593 3367 2745 3401 mou-

1657 3427 1766 3471 tem
1819 3437 1878 3470 se
1923 3427 2274 3486 receperunt3
2321 3437 2430 3486 qua
2474 3426 2620 3471 terra
2664 3437 2744 3470 re-

1655 3491 1792 3541 licta
1837 3491 1905 3540 ab
1943 3490 2179 3541 Hercule
2223 3492 2280 3541 in
2311 3490 2745 3556 Peloponnesum

1658 3561 1812 3612 ducti
1840 3565 2176 3624 occuparunt
2199 3562 2420 3611 Asinem
2446 3565 2624 3611 terrae
2648 3561 2743 3609 Ar·

1659 3631 1879 3695 golidis.
1942 3629 2098 3680 Couf.
2127 3633 2350 3682 Homer.
2387 3628 2475 3680 Ili.
2514 3630 2590 3692 Π,
2618 3628 2739 3680 560.

1658 3703 1731 3750 Et
1767 3700 1894 3749 inde
1930 3699 2155 3749 Ionibus
2195 3699 2458 3765 quosdam
2497 3714 2617 3749 sese
2655 3697 2746 3747 ad·

1656 3770 1899 3819 iunxisse
1934 3769 1990 3817 iu
2027 3768 2214 3819 Asiam
2249 3770 2606 3832 transvectis,
2655 3783 2746 3817 ve-

1657 3838 1883 3889 risimile
1948 3837 2168 3888 videtur
2225 3837 2517 3889 Larchero.
2610 3837 2745 3886 Post

1656 3923 1786 3957 vero
1833 3907 1999 3957 Asine
2046 3907 2240 3956 iterum
2288 3908 2447 3957 eiecti
2498 3908 2744 3970 Dryopes

1659 3975 1823 4026 aliam
1860 3977 1916 4025 in
1949 3979 2097 4026 terra
2119 3977 2461 4027 Messeniaca
2488 3989 2746 4040 accepere

1660 4046 1935 4111 regionem
1958 4046 2029 4095 ab
2052 4046 2521 4107 Lacedaemoniis,
2562 4044 2747 4095 aliam-

1660 4130 1765 4178 que
1813 4114 1926 4165 illie
1983 4115 2343 4165 condiderunt
2389 4116 2608 4165 Asinam
2661 4129 2749 4162 ur-

1662 4184 1810 4244 bem,
1848 4184 1917 4234 de
1952 4199 2061 4248 qua
2093 4185 2297 4235 Noster
2328 4185 2488 4245 VIII,
2526 4185 2614 4233 46.
2656 4182 2743 4232 73.

1661 4252 1822 4304 Cous.
1838 4253 1976 4305 (21²,
1989 4254 2293 4304 Hermann·
2310 4253 2524 4304 Griech.
2539 4254 2750 4304 Staats-

1663 4322 1882 4373 alterth.
1930 4325 1979 4385 5.
2022 4324 2124 4373 77.
2156 4326 2269 4374 not.
2307 4325 2390 4374 21.
2440 4324 2526 4375 ed.
2565 4326 2747 4388 quart.

1661 4394 1680 4458 ξ
1731 4387 1826 4442 καὶ
1862 4386 2081 4449 Φωκέες
2116 4381 2488 4460 ἀποδάσμιοι]
2528 4387 2752 4449 Φωκέες
