3109 5092
487 341 612 405 368

1348 345 1890 409 HERODOTI

483 511 683 603 (αὕτη
716 514 792 586 δὲ
830 517 1249 608 συνετωτέρη
1289 518 1619 608 γενομένη
1647 525 1765 609 τῆς
1804 517 2137 610 πρότερον
2163 516 2514 610 ἀρξάσης),
2558 527 2755 592 τοῦτο

482 620 610 707 μὲν
648 619 1041 708 μνημόσυνα
1092 618 1388 707 ἐλίπετο,
1446 621 1529 693 τὰ
1580 620 1713 711 ἐγώ
1763 620 2220 712 ἀπηγήσομαι,
2270 631 2467 695 τοῦτο
2509 625 2587 694 δὲ
2629 624 2753 715 τὴν
2771 648 2838 704 37

484 721 755 809 Μήδων
792 718 1016 813 ὁρῶσα
1048 722 1262 815 ἀρχὴν
1300 726 1604 815 μεγάλην
1632 754 1704 795 τε
1743 729 1854 796 καὶ
1894 723 2019 796 οὐκ
2050 724 2568 816 ἀτρεμίζουσαν,
2607 725 2746 799 ἀλλ’

482 822 653 895 ἄλλα
690 854 762 896 τε
804 822 1219 918 ἀραιρημένα
1256 826 1459 898 ἄστεα
1499 827 1801 914 αὐτοῖσι,
1851 826 1928 900 ἐν
1969 829 2045 898 δὲ
2087 828 2171 918 δὴ
2210 834 2322 900 καὶ
2350 830 2477 921 τὴν
2508 840 2750 916 Νῖνον,

483 929 995 1019 προεφυλάξατο
1032 928 1157 1001 ὅσα
1202 928 1487 1002 ἐδύνατο
1514 932 1817 1024 μάλιστα.
1889 937 2139 1022 Πρῶτα
2167 932 2294 1022 μὲν
2318 932 2439 1004 τὸν
2465 931 2748 1025 Εὐφρή-

482 1060 607 1121 την
647 1031 976 1123 ποταμόν,
1023 1033 1262 1124 ῥέοντα
1302 1034 1632 1126 πρότερον
1676 1033 1878 1120 ἰθὺν,
1924 1032 1996 1117 ὅς
2035 1057 2158 1125 σφι
2206 1034 2318 1107 διὰ
2358 1042 2473 1126 τῆς
2513 1037 2747 1118 πόλιος

483 1138 686 1225 μέσης
732 1138 905 1226 ῥέει,
964 1143 1206 1207 τοῦτον
1262 1136 1538 1209 ἄνωθεν
1601 1138 1937 1226 διώρυχας
1992 1137 2285 1227 ὀρύξασα
2330 1136 2507 1210 οὕτω
2555 1140 2639 1229 δή
2684 1169 2749 1209 τι

483 1235 756 1327 ἐποίησε
783 1238 1089 1328 σκολιὸν,
1135 1237 1304 1311 ὥστε
1343 1239 1426 1331 δὴ
1455 1244 1598 1333 τρὶς
1643 1238 1707 1324 ἐς
1735 1245 1876 1310 τῶν
1901 1239 2053 1311 τινα
2095 1241 2379 1331 κωμέων
2403 1248 2541 1313 τῶν
2570 1240 2645 1313 ἓν
2670 1248 2751 1336 τῇ

484 1406 825 1470 potissimum
850 1407 1126 1458 afferatur.
1174 1408 1281 1459 Sed
1306 1408 1408 1459 hoc
1438 1408 1569 1458 mihi

484 1476 601 1525 iure
647 1477 881 1542 quodam
926 1492 1128 1543 ponere
1163 1494 1325 1543 posse
1359 1479 1567 1540 videor,

484 1545 786 1608 Nitocrim,
859 1546 906 1596 si
961 1562 1102 1612 quae
1167 1563 1405 1613 unquam
1463 1548 1569 1597 fuit

485 1613 646 1666 huius
701 1616 936 1666 nominis
992 1617 1182 1682 regina
1231 1617 1569 1682 Babyloniae

486 1690 611 1749 post
648 1691 862 1750 captam
902 1686 1125 1750 Ninum,
1162 1687 1199 1736 i.
1235 1702 1282 1737 e.
1314 1692 1440 1753 post
1472 1702 1569 1737 au-

483 1769 611 1804 num
653 1754 755 1805 607
782 1760 909 1806 ante
948 1755 1071 1806 Chr.
1110 1772 1194 1819 n.,
1248 1772 1357 1807 non
1405 1755 1568 1806 aliam

483 1825 589 1873 nisi
635 1824 1114 1876 Nebucadnezaris
1161 1841 1384 1876 uxorem
1431 1841 1569 1888 esse,

483 1894 575 1957 qui
607 1899 818 1945 mortuo
860 1896 1302 1960 Nabopalassaro
1346 1911 1572 1960 regnum

485 1965 727 2029 suscepit
763 1980 907 2015 anno
944 1965 1045 2015 (504
1084 1981 1135 2016 a.
1174 1965 1301 2016 Chr.
1327 1982 1381 2015 n.
1415 1964 1570 2031 (vide

486 2034 567 2084 10.
621 2048 655 2083 a
701 2033 979 2098 Gumpach
1028 2034 1067 2086 l.
1111 2034 1151 2086 1.
1199 2050 1255 2099 p.
1304 2034 1404 2084 119
1451 2049 1567 2099 seq.

487 2102 580 2152 161
624 2102 762 2168 seq.)
802 2104 1095 2168 multisque
1134 2103 1569 2168 expeditionibus

485 2171 697 2222 bellicis
734 2171 915 2224 clarus
949 2173 1164 2223 exstitit
1199 2177 1366 2237 atque
1401 2188 1436 2222 a
1468 2173 1569 2222 Be-

483 2256 609 2291 roso
646 2240 813 2306 (apud
848 2242 1065 2306 Ioseph.
1102 2259 1151 2294 c.
1179 2242 1373 2306 Apion.
1416 2241 1462 2304 Ι,
1506 2241 1570 2292 19

485 2327 600 2376 seq.
654 2311 899 2362 Richter.
936 2312 1129 2362 Berosi
1147 2311 1336 2362 Chald.
1357 2312 1566 2361 Hister.

483 2397 539 2446 p.
590 2380 659 2431 66
696 2394 810 2446 seq.
861 2386 916 2431 et
961 2397 1015 2446 p.
1068 2381 1137 2432 89
1187 2396 1251 2430 ex
1298 2378 1566 2445 Eusebio)

482 2449 818 2515 Babylonem
878 2450 1062 2500 urbem
1121 2433 1350 2500 maxime
1418 2465 1570 2500 exor-

484 2535 676 2580 nasse,
711 2520 927 2570 moenia
952 2520 1229 2582 refecisse,
1269 2519 1379 2570 alia
1403 2535 1569 2584 opera

485 2590 715 2650 grandia
749 2590 1059 2640 condidisse
1104 2589 1334 2652 dicitur,
1383 2588 1569 2654 qualia

482 2658 537 2709 h.
592 2658 630 2710 l.
684 2659 953 2710 Nitocridi
1010 2659 1347 2720 tribuuntur,
1408 2673 1572 2723 quam

485 2744 620 2778 sane
658 2743 786 2794 rege
820 2730 1038 2794 saepius
1074 2729 1303 2780 absente
1328 2728 1412 2777 his
1436 2729 1569 2792 ipsis

484 2798 787 2862 praefuisse
822 2798 1163 2850 exstruendis
1203 2803 1259 2849 et
1303 2798 1374 2848 ad
1408 2797 1570 2847 finem

484 2866 843 2930 perducendis
893 2868 1083 2918 credas
1134 2868 1283 2918 licet.
1383 2866 1570 2931 Ipsum

484 2934 961 2987 Nebucadnezaris
982 2952 1176 2987 nomen
1196 2936 1372 2987 adhuc
1400 2936 1456 2985 in
1491 2935 1570 2985 la-

486 3004 693 3053 teribus
733 3006 874 3057 inter
914 3004 1212 3070 Babylonis
1253 3006 1440 3055 ruinas
1489 3020 1571 3054 re·

485 3072 656 3136 pertis
691 3074 879 3124 crebro
914 3089 1224 3138 comparere
1259 3088 1421 3139 supra
1458 3074 1569 3123 iam

487 3140 887 3194 declaravimus
925 3140 1017 3206 (ad
1046 3143 1092 3205 1,
1131 3143 1284 3205 18l);
1330 3143 1568 3193 Nitocri-

487 3210 573 3260 dis
616 3226 811 3262 nomen
858 3212 1095 3262 nondum
1141 3211 1425 3261 inventum
1461 3217 1565 3262 est.

484 3280 553 3330 In
598 3279 701 3331 hac
743 3281 1223 3333 Nebucaduezaris
1264 3296 1431 3331 uxore
1461 3279 1572 3345 ple·

486 3365 687 3415 rosque
723 3352 868 3402 viros
917 3351 1108 3402 doctos
1157 3366 1301 3400 nunc
1347 3366 1571 3403 consen-

486 3420 686 3471 tientes
707 3422 936 3486 reperi0‚
956 3419 1225 3471 Niebuhr:
1246 3417 1424 3470 Klein.
1439 3418 1569 3470 hist.

484 3488 712 3541 Schrift.
762 3492 809 3542 Ι.
860 3507 914 3556 p.
953 3490 1057 3541 208
1094 3504 1237 3554 τεῳ,
1286 3489 1573 3555 Lengerke

484 3559 557 3609 ad
590 3559 806 3612 Daniel.
844 3576 898 3624 p.
935 3561 1085 3623 206.,
1132 3558 1373 3623 Hupfeld
1408 3560 1577 3609 Exer-

487 3628 609 3681 citt.
645 3628 888 3682 Herodd.
939 3629 1097 3695 Spec.
1146 3628 1194 3679 I.
1246 3643 1300 3692 p.
1350 3629 1439 3679 40.
1487 3627 1573 3691 56,

485 3698 644 3749 Vaux
695 3698 940 3750 Nineveh
998 3698 1105 3749 and
1150 3696 1459 3762 Persepolis
1515 3712 1572 3762 p.

487 3767 590 3830 39,
672 3767 997 3819 Grotefend=
1066 3766 1451 3831 Erlituterung.
1517 3766 1572 3817 d.

485 3835 814 3888 Keilinschr.
859 3837 1130 3904 Babylon.
1177 3835 1406 3888 Backst.
1442 3851 1573 3902 pag.

557 3965 700 4038 αὕτη
732 3967 795 4023 δὲ
833 3969 1179 4039 συνετωτέρη
1213 3971 1489 4038 γενομένη
1515 3987 1568 4022 κ.

485 4056 535 4091 τ.
573 4040 648 4107 L]
691 4043 977 4107 Participii
1017 4058 1174 4094 usum
1213 4043 1270 4092 in
1313 4042 1418 4093 hac
1453 4058 1575 4107 par-

487 4110 726 4172 enthesi,
796 4110 893 4160 ubi
947 4111 1179 4162 refertur
1230 4112 1300 4162 ad
1360 4117 1575 4163 antece—

486 4180 620 4230 dens
658 4179 1003 4244 participium
1039 4178 1347 4245 γενομένη,
1396 4179 1575 4231 decla-

487 4250 632 4301 ravit
670 4246 937 4298 Matthiae
973 4249 1066 4299 Gr.
1105 4248 1200 4299 Gr.
1247 4264 1374 4330 pag.
1416 4249 1570 4301 1093.

486 4344 555 4355 —
600 4319 666 4369 In
715 4332 865 4382 seqq.
916 4306 1102 4382 ἀρχὴν
1147 4345 1218 4357 -
1252 4309 1361 4367 οὐκ
1407 4308 1570 4383 ἄτρε-

482 4385 756 4454 μίζουσαν
791 4385 926 4438 dicit
950 4399 1202 4453 regnum,
1239 4386 1353 4437 suis
1374 4384 1572 4438 finibus

1671 1423 1780 1459 non
1816 1412 2131 1459 contentum
2176 1424 2279 1460 nec
2318 1409 2557 1477 quietem
2601 1407 2757 1474 quasi

1670 1492 1869 1543 agens,
1903 1478 2000 1528 sed
2033 1477 2156 1529 loco
2194 1493 2294 1530 suo
2323 1494 2384 1529 se
2416 1494 2657 1542 movens,
2695 1483 2757 1528 ut

1670 1547 1951 1612 imperium
2006 1553 2208 1614 augeat
2261 1548 2507 1614 aliasque
2565 1552 2756 1613 gentes

1669 1617 1941 1692 proximas
1964 1618 2069 1666 sibi
2090 1618 2328 1683 subigat.
2366 1618 2571 1668 Eodem
2592 1633 2756 1668 sensu

1669 1679 1982 1749 ἀτρεμίζειν
2027 1687 2074 1749 Ι,
2125 1687 2243 1738 190.
2282 1686 2407 1751 Vn,
2462 1687 2546 1738 15.
2596 1687 2754 1750 VIII,

1669 1755 1756 1806 68.
1802 1758 1853 1816 §-
1903 1757 1955 1805 2.
2037 1757 2166 1806 Mox
2226 1772 2348 1807 cum
2393 1724 2644 1808 ’Bekkero
2701 1761 2757 1807 et

1673 1823 1955 1956 Βίῗᾶοτῇο
1993 1827 2136 1890 scrip
2140 1826 2188 1876 si
2232 1815 2375 1874 ἀλλ’
2422 1816 2564 1875 αλλα
2607 1840 2666 1876 τε
2699 1840 2752 1875 κ.

1672 1907 1703 1941 τ

1672 1960 1825 2011 locus
1850 1963 2042 2013 similis
2055 1964 2107 2028 Ι,
2136 1964 2235 2016 190
2269 1980 2379 2016 non
2411 1964 2573 2030 fugit.
2622 1966 2756 2029 Ipsa

1672 2033 1946 2082 sententia
1986 2033 2090 2084 hoc
2126 2034 2375 2099 flagitare
2410 2034 2645 2086 videtur:
2685 2061 2756 2070 —

1674 2116 1834 2163 „cum
1876 2103 2158 2153 Medorum
2211 2103 2497 2168 imperium
2545 2103 2757 2154 videret

1672 2170 1906 2235 amplum
1925 2187 2025 2222 nec
2040 2174 2271 2237 quietem
2299 2188 2486 2238 agens,
2509 2174 2600 2225 sed
2624 2171 2758 2223 mul·

1672 2245 1760 2289 tas
1808 2255 1931 2291 esse
1975 2247 2167 2306 captas
2220 2243 2383 2292 urbes
2432 2244 2503 2294 ab
2552 2243 2647 2304 iis,
2698 2243 2757 2292 in

1671 2309 1755 2359 his
1781 2325 1908 2360 vero
1932 2311 2096 2361 etiam
2117 2312 2315 2363 Ninum
2345 2313 2489 2363 etc.“
2524 2312 2610 2363 Ad
2635 2327 2762 2377 par·-

1672 2377 1872 2429 ticulas
1893 2393 1961 2428 τε
1974 2371 2063 2429 ’ἐν
2086 2374 2150 2431 δὲ
2179 2372 2252 2445 δὴ
2287 2375 2382 2431 καὶ
2412 2382 2755 2444 of.111,125

1672 2449 1855 2513 ibique
1901 2452 2040 2500 nott.
2087 2454 2144 2500 et
2187 2449 2330 2500 alios
2371 2451 2558 2502 Nostri
2603 2449 2755 2500 locos

1674 2516 2752 2584 1,184.192.11,78.111‚15.38.

1672 2586 1757 2638 30.
1797 2587 2081 2648 VI1,238.
2155 2588 2394 2653 Simplex
2443 2558 2504 2639 ἐν
2543 2584 2606 2638 δὲ
2654 2584 2751 2638 καὶ

1674 2656 1965 2785 exstatjgl,
2007 2657 2124 2709 176.
2164 2657 2260 2721 VI,
2287 2657 2373 2709 86.
2411 2657 2754 2720 0011.11,43.

1675 2732 1729 2775 et
1767 2726 1846 2775 IX
1937 2728 1987 2775 2.

1743 2785 1804 2844 ἐν
1838 2786 1902 2843 δὲ
1941 2789 2014 2859 δὴ
2054 2789 2148 2843 καὶ
2185 2787 2291 2859 τὴν
2329 2793 2538 2861 Νῖνον]
2579 2794 2754 2857 0131,

1681 2863 1881 2925 1,106.
1956 2864 2102 2915 Male
2135 2863 2377 2915 Panvius
2415 2864 2545 2915 olim
2581 2865 2757 2929 suspi-

1671 2932 1900 2983 cabatur
1934 2924 1995 2981 ἐν
2029 2926 2093 2982 δὲ
2129 2925 2203 2997 δὴ
2245 2930 2343 2982 καὶ
2379 2924 2487 2998 τὴν
2503 2924 2657 2998 Ἵνα,
2694 2937 2757 2984 ut

1669 3017 1738 3134 {a
1765 3001 1894 3122 urgs
1928 3001 2296 3069 intelligatur,
2342 3000 2411 3053 de
2447 3018 2556 3068 qua
2590 3018 2757 3068 supra

1741 3130 1975 3188 ἄνωθεν
1998 3132 2291 3219 διώρυχας
2306 3117 2646 3205 ὀρυξασα]”
2607 3154 2756 3190 ανω-

1671 3207 1783 3258 θεν
1834 3207 1956 3260 scil.
2003 3205 2104 3273 τῆς
2153 3207 2491 3277 Βαβυλῶνος
2534 3200 2786 3274 πόλιος,-

1673 3282 1736 3329 ut
1767 3278 1873 3330 iam
1897 3279 2187 3344 Breigerus
2207 3279 2274 3329 de
2308 3277 2517 3330 difficil.
2547 3278 2754 3330 Herod.

1673 3348 1969 3414 geograph.
2017 3347 2121 3400 loc.
2169 3364 2298 3414 pag.
2353 3350 2421 3399 42
2466 3348 2602 3399 bene
2646 3363 2759 3398 mo-

1671 3422 1883 3468 nuerat.

1745 3500 1888 3536 muts
1936 3477 2009 3549 δὴ
2049 3479 2171 3549 τρὶς
2213 3475 2269 3542 ἐς
2314 3501 2431 3534 των
2473 3475 2603 3535 τινὰ
2647 3500 2756 3534 κω-

1675 3552 1827 3620 μέων
1861 3553 1975 3604 τῶν
2026 3544 2086 3602 ἐν
2125 3552 2194 3620 τῇ
2220 3545 2484 3636 Ἀσσυρίῃ
2525 3544 2756 3603 ἀπικνέ-

1673 3639 1793 3674 εται
1829 3656 1899 3664 -
1946 3614 1977 3673 ὁ
2024 3614 2106 3673 Εἰ
2097 3614 2366 3688 φρήτης,
2411 3614 2754 3688 Ἀρδέρικκα]

1675 3694 1889 3744 Primus
1925 3692 2230 3744 Larcherus
2266 3693 2372 3743 hoc
2405 3692 2675 3756 explicare
2702 3696 2758 3742 et

1676 3763 1865 3813 addita
1909 3761 2273 3813 delineatione
2314 3761 2590 3812 illustrare
2637 3776 2760 3811 sen-

1676 3833 1906 3883 tentiam
1941 3847 2094 3882 suam
2120 3835 2349 3883 conatus
2374 3834 2474 3882 est.
2548 3831 2758 3882 Statuit

1676 3902 1818 3952 enim
1870 3902 2094 3951 fluvium
2147 3901 2620 3966 praeterfluentem
2675 3900 2758 3950 ita

1675 3969 1899 4022 ductum
1944 3969 2140 4031 fuisse,
2202 3974 2264 4020 ut
2307 3969 2485 4021 altera
2543 3972 2758 4020 tautum

1675 4041 1795 4106 ripa
1834 4040 2012 4090 vicum
2049 4038 2345 4103 attingeret
2383 4038 2626 4104 adeoque
2659 4039 2759 4088 tri-

1675 4110 1804 4173 plici
1841 4109 1925 4159 vel
1956 4107 2296 4174 quadruplici
2325 4110 2637 4160 curvamine
2662 4108 2759 4158 flu-

1675 4179 1798 4229 vius
1845 4178 1964 4244 ipse
2010 4178 2335 4229 flecteretur.
2418 4179 2588 4241 Quem
2633 4182 2759 4242 post

1676 4252 1897 4299 secutus
1944 4252 2028 4298 est
2072 4246 2247 4298 Italus
2280 4247 2548 4298 Herodoti
2595 4247 2759 4296 inter-

1673 4333 1816 4383 pres.
1900 4316 2073 4368 Paulo
2131 4315 2292 4366 aliter
2339 4331 2453 4366 rem
2500 4315 2760 4381 expedire

1673 4386 1883 4439 studuit
1897 4383 2254 4453 Breigerusl.
2279 4382 2320 4436 1.
2343 4400 2472 4452 pag.
2491 4384 2581 4438 41.
2630 4384 2757 4448 Qui,

1846 1893 2066 1944 iubente
2089 1894 2323 1946 Bredov.
2363 1910 2418 1959 p.
2445 1895 2567 1959 211,
2595 1910 2756 1961 quem
2835 1951 2847 1963 ὁ
