3109 5092
1270 396 1525 460 CLIO.
1572 399 1623 458 Ι.
1671 405 1793 462 178.

384 582 620 662 λισμα,
653 577 794 641 τῶν
834 565 1024 659 ἡμεῖς
1067 576 1285 659 ἴδμεν.
1351 573 1605 662 τάφρος
1642 570 1770 661 μὲν
1800 575 2032 662 πρῶτα
2016 540 2178 658 ’μὶν
2207 574 2428 658 βαθέα
2457 597 2528 639 τε
2559 573 2671 640 καὶ

391 673 593 766 εὐρέα
638 676 749 744 καὶ
790 677 957 763 πλέη
996 670 1242 754 ὕδατος
1281 677 1619 766 περιθέει·
1677 672 1843 763 μετὰ
1878 673 1955 743 δὲ
1996 689 2210 762 τεῖχος
2253 674 2670 774 πεντήκοντα

388 778 514 869 μὲν
556 781 827 866 πηχέων
864 784 1239 866 βασιληΐων
1282 776 1395 847 ἐὸν
1436 778 1511 847 τὸ
1552 767 1781 867 εὖρος,
1825 774 1999 861 ὕψος
2038 776 2114 846 δὲ
2142 781 2510 876 διηκοσίων
2542 804 2670 865 πη-

388 885 582 971 χέων.

390 1133 424 1167 2.
458 1041 677 1183 '5⁹⁰5‘ss
713 1077 800 1169 Β.
820 1038 1392 1168 βέἒῗέῖαῑξὶιῗῖἐιὲἒ
1406 1046 1481 1168 {51

390 1188 685 1238 foeminino
712 1187 902 1238 formis
932 1188 1000 1239 ε-(ὶ
1038 1203 1136 1252 pro
1169 1188 1276 1239 ῖιῖῐ
1308 1203 1375 1238 ex
1395 1188 1481 1238 Io-

389 1272 519 1306 num
554 1272 702 1307 more
740 1259 923 1307 omnia
961 1257 1115 1308 dabit
1144 1257 1383 1308 Bredov.
1422 1274 1477 1323 p.

392 1327 511 1377 157.
585 1326 671 1377 Ad
706 1332 1084 1392 argumentum
1128 1329 1223 1377 vix
1262 1342 1481 1377 monere

390 1411 555 1461 opus,
616 1411 791 1462 neque
845 1397 1027 1447 fossae
1088 1412 1265 1463 neque
1321 1397 1479 1459 muri,

390 1467 545 1516 cuius
583 1481 863 1516 mensuras
902 1467 1104 1518 Noster
1138 1466 1228 1517 hic
1252 1466 1480 1528 indicat,

391 1537 689 1601 quidquam
712 1535 890 1586 adbuc
912 1551 1223 1602 superesse:
1256 1536 1312 1585 id
1336 1535 1482 1601 quod

388 1621 547 1655 nemo
584 1606 898 1670 mirabitur,
950 1607 1043 1671 qui
1093 1610 1331 1672 quantas
1369 1621 1483 1655 mu-

391 1674 631 1725 tationes
667 1679 794 1740 post
819 1676 1091 1726 Herodoti
1119 1680 1357 1725 aetatem
1394 1675 1481 1724 hic

388 1744 541 1794 locus
588 1758 785 1809 passus
842 1744 945 1808 sit,
992 1745 1320 1809 cogitaverit
1368 1743 1482 1794 ani-

390 1828 586 1878 moque
622 1813 782 1863 simul
815 1814 1180 1879 reputaverit,
1235 1814 1331 1863 hos
1366 1828 1482 1863 mu-

388 1898 478 2001 308
518 1898 585 1933 ex
620 1899 789 2002 gpefiip·
817 1881 1066 2002 latericito
1094 1898 1269 2002 eqque
1298 1882 1482 2002 8818εέ-

427 1968 516 2001 um
552 1966 616 2001 ru
658 1970 679 2001 1
774 1967 885 2002 isse
919 1967 1013 2002 exs
1043 1969 1139 2003 ruc
1168 1968 1248 2003 os.
1365 1968 1435 2002 on
1464 1988 1478 2002 .

392 2022 574 2071 Ritter
618 2020 729 2072 1.1.
776 2037 831 2086 p.
879 2020 1003 2074 904.
1084 2022 1313 2074 Fresnel
1357 2021 1393 2071 l.
1441 2021 1481 2073 1.

392 2091 473 2141 ΙΙ.
510 2106 562 2156 p.
602 2092 635 2141 5
672 2106 788 2156 seq.
822 2092 889 2144 73
925 2107 1041 2158 seq.
1113 2093 1336 2157 Layard
1359 2091 1484 2141 Dis-

392 2160 635 2210 coveries
689 2165 792 2211 etc.
841 2176 895 2226 p.
947 2162 1070 2213 493.
1115 2163 1235 2212 528.
1283 2191 1354 2202 --
1414 2161 1483 2210 In

391 2230 526 2294 ipsis
568 2232 708 2280 muri
742 2231 1010 2280 mensuris
1046 2231 1355 2282 indicandis
1390 2245 1483 2280 va·

390 2300 539 2349 riant
573 2301 869 2367 scriptores
903 2301 1070 2351 iidem
1105 2302 1303 2364 ferme,
1342 2315 1479 2364 quos

391 2369 551 2420 modo
605 2371 663 2419 18
721 2370 1099 2435 magnitudine
1148 2372 1298 2421 urbis
1355 2368 1482 2419 defi-

388 2439 590 2489 nienda
611 2439 992 2490 dissentientes
1012 2442 1328 2506 reperimus.
1352 2439 1478 2490 Vid.

388 2508 660 2574 tabulam,
700 2525 864 2574 quam
892 2515 1020 2575 post
1042 2511 1371 2560 Larchernm
1401 2509 1481 2571 (in

391 2584 641 2629 annotat.
700 2580 774 2629 ad
829 2579 882 2629 h.
936 2579 1000 2643 l.)
1054 2580 1175 2645 ipse
1233 2579 1357 2629 dedi
1424 2578 1479 2628 in

392 2649 646 2714 fragmm.
693 2648 976 2698 Ctesiann.
1021 2665 1149 2714 pag.
1197 2649 1300 2701 403
1343 2646 1478 2712 ibiq.

388 2717 538 2768 laud.
580 2717 751 2768 Orelli
796 2717 867 2767 ad
904 2717 1119 2770 Philon.
1155 2719 1291 2783 Byz.
1338 2715 1387 2779 §-
1429 2718 1479 2767 5.

390 2802 521 2852 pag.
575 2787 695 2838 114.
746 2786 869 2837 coll.
913 2787 1032 2838 112.
1121 2786 1480 2838 Altitndinem

393 2856 665 2905 moenium
704 2856 919 2906 Ctesias
956 2855 1096 2918 1.1.,
1135 2857 1229 2921 qui
1264 2861 1481 2921 praeter

393 2925 530 2976 alios
575 2925 664 2975 hic
713 2925 1075 2976 consulendus
1122 2930 1180 2975 et
1214 2941 1337 2976 cum
1372 2925 1480 2974 No-

392 3000 507 3045 stro
546 2995 941 3059 comparandus
979 3000 1094 3055 est,
1142 2996 1313 3045 fuisse
1358 3009 1481 3060 per-

389 3064 544 3114 bibet
603 3065 1002 3148 quinquaginta
1056 3057 1317 3129 ὀργυιὰς,
1382 3063 1478 3129 (181

389 3148 646 3184 numerus
701 3136 943 3199 apprime
992 3135 1309 3185 conveniret
1353 3149 1477 3184 cum

388 3203 663 3254 Herodoti
699 3218 979 3266 mensura,
1032 3204 1078 3254 si
1117 3202 1302 3286 πῆχυς
1337 3219 1478 3254 00111-

390 3272 951 3405 ἔζωέἔὲᾶοέἳῖἒί
988 3274 1129 3392 ‘333‘
1146 3271 1480 3424 ἓῐῗέῗξῐῖ.

388 3411 582 3462 ficiunt
614 3413 780 3477 pedes
819 3358 1144 3475 {recegtosq
1180 3359 1478 3491 οιειπήχεις

391 3480 616 3531 ducenti
648 3481 813 3546 pedes
835 3482 1091 3545 totidem,
1131 3498 1252 3532 cum
1280 3472 1481 3545 ὄργυιά

388 3550 558 3615 vulgo
595 3565 693 3600 sex
726 3548 923 3616 pedum
959 3552 1059 3613 sit,
1097 3549 1283 3615 πῆχυς
1317 3551 1477 3600 unius

393 3625 449 3670 et
495 3618 722 3670 alterius
774 3619 1061 3670 dimidiati.
1146 3620 1233 3670 cf.
1283 3619 1476 3670 Ukert.

392 3688 702 3755 Geograph.
742 3689 1041 3756 (1.,6110011.
1078 3688 1189 3738 und
1213 3690 1403 3739 Roem.
1430 3688 1477 3752 Ι,

391 3760 444 3809 2.
496 3773 623 3823 pag.
672 3758 759 3809 75.
849 3760 1003 3821 Quae
1050 3774 1171 3810 cum
1223 3759 1303 3808 ita
1347 3760 1477 3819 sint,

394 3826 635 3877 Ctesiam
685 3827 878 3878 volunt
926 3844 1025 3878 sua
1079 3829 1148 3878 ab
1195 3829 1478 3878 Herodoto

394 3896 754 3960 desumsisse,
788 3897 869 3947 ita
901 3902 1112 3962 tamen,
1162 3901 1224 3947 ut
1264 3897 1479 3947 cubitos

392 3966 662 4017 Herodoti
697 3967 877 4031 regios
913 3982 1022 4017 non
1061 3968 1197 4016 satis
1236 3966 1482 4016 attende-

394 4036 499 4099 rit,
548 4035 643 4086 sed
690 4034 910 4086 eosdem
946 4051 1255 4087 communes
1291 4037 1363 4086 ad
1400 4050 1482 4085 or-

393 4105 648 4171 gyiarum
682 4120 988 4156 mensuram
1033 4106 1327 4157 revocarit.
1396 4104 1483 4154 De

394 4189 502 4240 quo
583 4174 834 4238 equidem
918 4174 1087 4225 nolim
1159 4173 1483 4237 discernere,

678 877 714 950 ὅ
758 882 836 950 δὲ
874 880 1219 970 βασιλήιος
1258 887 1472 971 πῆχυς
1518 886 1643 951 τοῦ
1682 889 1959 973 μετρίου
2000 883 2139 985 ἐστὶ
2180 879 2421 971 πήχεος
2458 884 2675 970 μέζων

1585 1052 1868 1115 potuerat,
1906 1064 1973 1099 ex
1994 1048 2098 1098 hoc
2123 1049 2390 1114 scriptore
2416 1063 2518 1098 sua
2544 1047 2675 1098 hau-

1585 1120 1726 1170 sisse
1761 1118 1849 1169 vel
1884 1117 2225 1184 negligenter
2250 1119 2385 1168 adeo
2415 1118 2559 1168 hunc
2588 1118 2676 1167 de-

1584 1189 1889 1254 scripsisse.
1938 1189 2178 1238 01051881
2214 1189 2382 1254 igitur
2419 1191 2465 1237 si
2499 1188 2677 1253 sequi-

1585 1275 1732 1321 mur,
1770 1259 2043 1308 moenium
2080 1257 2314 1308 altitudo
2345 1258 2575 1308 accedet
2604 1257 2677 1307 ad

1586 1335 1837 1378 trecentos
1893 1327 2064 1377 ferme
2128 1326 2296 1392 pe'des
2355 1326 2676 1377 Rhenanos:

1583 1398 1929 1448 Herodotum
1976 1412 2085 1447 non
2133 1396 2350 1462 vulgari
2387 1397 2484 1446 sed
2520 1398 2674 1462 regio

1587 1467 1774 1517 cubito
1797 1470 2040 1516 utentem
2065 1467 2115 1516 si
2148 1469 2302 1531 sequi
2340 1465 2538 1531 placet,
2578 1465 2678 1516 ali-

1586 1537 1718 1602 quid
1756 1535 2122 1586 adiiciendum
2166 1537 2297 1599 erit,
2343 1537 2424 1587 ita
2471 1542 2532 1585 ut
2574 1543 2675 1586 tre-

1584 1610 1721 1657 centi
1752 1608 1960 1670 triyinea
1989 1606 2075 1655 vel
2110 1610 2297 1669 potius
2335 1607 2678 1671 quadraginta

1584 1676 1751 1741 pedes
1779 1674 2031 1725 Rhenani
2063 1677 2347 1739 prodeant.
2408 1677 2456 1725 A
2479 1676 2677 1741 quibus

1585 1744 1877 1795 admodum
1932 1758 2067 1794 sane
2115 1745 2394 1795 'recedunt
2452 1745 2521 1807 ii,
2585 1743 2677 1810 qui

1582 1819 1728 1864 teste
1747 1813 1990 1863 Diodoro
2019 1818 2073 1862 et
2095 1813 2367 1864 Strabone
2399 1813 2434 1863 l.
2463 1812 2500 1864 l.
2535 1829 2678 1862 moe-

1583 1884 1732 1933 nium
1771 1882 2114 1932 altitudinem
2167 1887 2524 1949 qninquayinta
2559 1888 2679 1933 tan·

1584 1958 1700 2002 tum
1766 1952 2072 2002 cubitorum
2143 1967 2265 2003 esse
2331 1952 2676 2003 tradiderunt

1583 2023 1878 2086 scriptores
1901 2021 2249 2084 recentiores,
2285 2023 2482 2088 quibus
2510 2021 2676 2072 etiam

1585 2093 1805 2141 Curtius
1832 2091 1900 2153 V,
1928 2092 1975 2141 1.
2001 2090 2051 2152 5.
2083 2091 2147 2142 13
2170 2092 2542 2142 accensendus
2568 2096 2673 2142 est.

1587 2161 1695 2212 Sed
1728 2161 1812 2210 his
1848 2161 1982 2225 ipsis
2022 2161 2408 2227 scriptoribus,
2461 2162 2554 2227 qui
2585 2160 2675 2211 vel

1583 2230 1882 2281 Alexandri
1919 2235 2105 2280 aetate
2142 2231 2227 2281 vel
2261 2231 2550 2297 postmodo
2581 2231 2677 2281 fio·

1583 2305 1838 2364 ruerunt,
1899 2300 1968 2350 ab
2004 2300 2273 2351 Herodoti
2320 2306 2533 2365 aetate,
2582 2300 2677 2366 qui

1583 2372 1703 2435 ipse
1740 2371 1831 2419 vix
1863 2371 2107 2436 integros
2137 2370 2278 2420 vidit
2304 2387 2485 2422 muros
2509 2387 2541 2421 8
2564 2372 2674 2420 Da-

1582 2442 1664 2490 rio
1721 2438 1862 2504 (111,
1902 2438 2024 2504 159)
2065 2439 2340 2503 sublatos,
2391 2440 2551 2492 valde
2589 2456 2675 2490 re-

1582 2511 1747 2560 motis
1771 2509 2130 2575 praeferenda
2162 2509 2378 2560 videtur
2403 2511 2674 2575 antiquio-

1582 2595 1702 2628 rum
1744 2579 2070 2643 scriptorum
2116 2581 2444 2643 auctoritas,
2494 2594 2673 2644 neque

1583 2648 1725 2698 hanc
1756 2647 2179 2712 discrepantiam
2211 2665 2332 2699 eum
2361 2650 2419 2698 in
2452 2649 2671 2698 modum

1584 2717 1702 2768 tolli
1739 2733 1902 2782 posse
1926 2722 2129 2781 putem,
2169 2734 2327 2782 quem
2350 2734 2522 2783 nuper
2546 2733 2671 2784 pro—

1581 2788 1767 2851 posuit
1818 2787 1885 2837 R.
1924 2787 2122 2837 Iacobs
2171 2788 2255 2836 De
2289 2803 2524 2837 mensur.
2562 2786 2672 2837 He·

1581 2857 1760 2906 rodot.
1806 2871 1859 2921 p.
1915 2855 1996 2906 19.
2047 2857 2142 2918 20,
2191 2857 2529 2907 Herodotum
2583 2871 2672 2906 su-

1582 2925 1800 2990 spicans
1847 2924 1916 2974 de
1961 2926 2174 2991 antiqui
2221 2927 2479 2991 temporis
2516 2942 2669 2976 muro

1584 2998 1811 3059 accepta
1851 2994 2173 3058 tradidisse,
2222 2996 2555 3046 recentiores
2604 2996 2669 3047 de

1578 3064 1898 3129 posterioris
1932 3066 2132 3115 aetatis
2167 3081 2320 3116 muro
2356 3071 2483 3131 post
2519 3065 2670 3116 illum

1580 3135 1818 3184 dirutum
1865 3139 2143 3185 exstructo
2200 3136 2405 3186 dixisse
2462 3135 2550 3186 vel
2603 3134 2670 3185 de

1580 3204 1826 3254 interiori
1899 3203 2135 3268 quodam
2200 3221 2380 3269 muro,
2454 3205 2669 3270 qualem

1579 3280 1795 3339 praeter
1813 3271 1960 3323 illum
1981 3273 2209 3324 alterum
2232 3275 2506 3324 exstitisse
2528 3275 2669 3324 idem

1581 3344 1771 3393 sumit:
1799 3358 1906 3408 qua
1930 3343 1997 3393 de
2026 3360 2084 3394 re
2109 3342 2350 3394 dicemus
2380 3345 2450 3394 ad
2472 3344 2517 3406 Ι,
2548 3343 2666 3395 181.

1579 3413 1736 3463 Illam
1777 3427 1936 3475 vero,
1985 3428 2147 3478 quam
2195 3429 2295 3463 nos
2329 3413 2669 3463 Herodotum

1580 3483 1757 3532 secuti
1804 3482 2082 3546 posuimus
2127 3484 2266 3531 muri
2306 3481 2667 3546 altitudinem,

1579 3567 1757 3616 neque
1811 3552 1987 3614 ipsam
2041 3550 2217 3601 videri
2277 3550 2668 3613 incredibilem,

1581 3622 1628 3670 si
1677 3618 1765 3668 vel
1813 3634 1932 3668 08111
1977 3620 2099 3669 aliis
2151 3621 2391 3686 Aegypti
2436 3620 2667 3671 molibus

1579 3690 1823 3754 ipsisque
1857 3688 2080 3754 reliquis
2110 3688 2484 3754 Babylonicae
2519 3690 2668 3739 urbis

1580 3758 1942 3808 monumentis
1996 3764 2365 3822 comparetur,
2416 3774 2671 3824 expresse

1580 3831 1765 3879 monet
1810 3827 2204 3893 Buckingham.
2266 3827 2303 3879 l.
2357 3828 2396 3878 l.
2445 3844 2500 3893 p.
2546 3829 2668 3879 504.

1582 3898 1649 3947 In
1698 3895 1992 3946 latitudine
2036 3897 2177 3947 muri
2223 3896 2519 3948 indicanda
2563 3899 2672 3948 He-

1582 3966 1832 4017 rodotum
1866 3965 2010 4016 idem
2054 3971 2216 4032 putat
2258 3982 2565 4017 mensuram
2603 3968 2670 4019 ab

1583 4038 1691 4086 imo
1729 4035 1897 4085 fundo
1933 4036 2273 4100 aestimasse,
2307 4053 2428 4088 cnm
2454 4038 2672 4088 Curtius

1586 4110 1750 4171 atque
1786 4104 2015 4170 Strabo,
2053 4106 2144 4172 qui
2181 4107 2411 4172 triginta
2446 4107 2553 4157 duo
2588 4122 2674 4156 su-

1588 4179 1741 4225 mant
1791 4175 1985 4239 pedes‚
2042 4175 2277 4226 medium
2336 4191 2544 4226 murum
2600 4174 2677 4224 di-

394 4257 726 4309 quamquam
771 4245 864 4294 vix
907 4243 1168 4295 credibile
1212 4249 1299 4294 est
1344 4259 1485 4306 eum,
1589 4243 1764 4294 mensi
1795 4259 1916 4296 esse
1952 4245 2261 4296 videantur.

396 4311 491 4378 qui
511 4311 852 4364 Herodotum
889 4313 1245 4364 refellendum
1283 4317 1337 4363 et
1374 4328 1489 4363 cor-

1663 4303 1693 4362 ὁ
1742 4306 1807 4363 δὲ
1858 4307 2152 4382 βασιλήϊος
2199 4312 2385 4378 πῆχυς
2435 4309 2541 4361 τοῦ
2584 4326 2678 4377 με·

396 4380 685 4448 rigendum
754 4382 862 4435 sibi
926 4387 1223 4446 sumserat,
1293 4383 1493 4448 quique
1593 4380 1758 4447 τρίου
1790 4398 1841 4433 κ.
1867 4399 1915 4434 τ.
1954 4381 2028 4448 L]
2063 4381 2268 4433 Eadem
2307 4383 2421 4431 sere
2448 4383 2677 4431 Lucian.

396 4448 627 4503 meliora
666 4449 734 4503 de
769 4449 856 4502 bis
890 4449 1083 4518 utique
1116 4451 1236 4518 ipse
1276 4450 1495 4504 edoceri
1598 4450 1812 4517 Gatapl.
1851 4451 1935 4502 16.
2006 4451 2236 4502 Praeter
2267 4449 2534 4500 Ukertnm
2571 4447 2679 4502 1.1.

2543 397 2668 459 349
2749 429 2753 436 »
