3109 5092
1111 315 1612 377 EUTERPE.
1658 316 1743 376 H.
1789 323 1911 377 149.
2531 316 2653 379 773

370 477 565 566 οὗτος
604 485 1074 576 οἰκοδόμηται,
1118 493 1234 577 τῆς
1278 487 1352 557 τὰ
1382 496 1786 578 περίμετρον
1815 494 1933 577 τῆς
1972 489 2295 579 περιόδου
2337 492 2465 560 εἰσὶ
2493 490 2650 560 στά-

371 688 555 751 lacus,
593 689 684 755 qui
723 687 900 740 adhue
936 692 1164 739 vocatur
1201 690 1388 742 Birket
1421 696 1470 741 el

375 760 616 818 Κενοιιη,
670 760 727 808 in
775 758 1138 808 remotissima
1181 757 1340 810 huius
1386 767 1469 810 to-

373 831 482 878 tius
520 829 648 893 pagi
685 833 839 893 parte
876 828 1014 877 situs
1042 830 1464 892 septentrionem

373 913 562 947 versus
597 899 665 947 ab
704 899 836 948 urbe
859 896 1105 947 Medinat
1143 897 1193 946 el
1217 900 1463 965 Fayoum

373 966 814 1032 (Crocodilopoli)
852 966 1354 1030 proficiscentibus,
1406 970 1462 1019 in

373 1038 491 1102 ipso
544 1036 754 1101 Libyae
823 1036 1066 1085 deserto:
1131 1038 1223 1102 qui
1278 1053 1463 1103 quam-

373 1123 535 1171 quam
581 1111 777 1156 natura
817 1105 1033 1170 quidem
1081 1106 1261 1156 factus
1317 1107 1466 1158 vide-

375 1182 492 1237 tur,
543 1180 727 1226 tamen
776 1174 867 1239 (ut
902 1174 1009 1224 viri
1052 1174 1318 1232 doctiilli
1352 1178 1463 1226 exi-

376 1247 624 1307 stimant)
687 1252 806 1296 arte
866 1244 1105 1295 humana
1166 1247 1464 1297 accedente

371 1318 564 1380 postea
587 1329 704 1365 eum
727 1315 782 1363 in
808 1314 1068 1364 ambitum
1094 1315 1284 1378 crevit,
1307 1331 1463 1382 quem

373 1384 685 1434 Herodotus
724 1384 926 1450 aliique
960 1384 1253 1448 scriptores
1291 1386 1341 1435 ei
1380 1402 1465 1435 as-

377 1455 624 1518 signant,
680 1469 822 1503 nunc
867 1468 999 1503 vero
1035 1454 1269 1517 speciem
1305 1455 1464 1505 valde

376 1528 638 1572 mutatam
703 1523 1071 1588 ambitumque
1130 1523 1462 1574 deminutum

374 1593 619 1657 praebet.
694 1593 798 1654 Qui
847 1592 990 1642 enim
1027 1591 1154 1642 olim
1202 1594 1464 1643 ambitum

373 1662 739 1726 quadraginta
805 1659 1179 1711 milliariorum
1231 1662 1465 1713 Gallico-

375 1747 491 1781 rum
530 1731 734 1795 (lz'eues)
782 1730 1042 1781 habuisse
1076 1730 1323 1794 videtur,
1384 1733 1465 1782 ita

375 1805 435 1850 ut
471 1801 648 1850 lacum
685 1802 979 1851 Lemanum
1027 1801 1140 1850 fere
1184 1807 1463 1865 aequaret,

373 1871 420 1920 is
459 1870 654 1934 viginti
691 1871 926 1935 quinque
962 1869 1214 1920 milliaria
1252 1871 1464 1921 Gallica

373 1940 465 1988 vix
513 1939 720 1988 ambitu
772 1938 917 1989 nime
964 1954 1197 2004 aequare
1246 1939 1462 2003 dicitur,

373 2024 698 2073 quamquam
733 2008 790 2057 in
835 2009 968 2072 ipsis
1020 2009 1178 2058 terris
1212 2008 1465 2060 adiacen-

373 2079 552 2137 tibus,
590 2093 728 2143 quae
763 2093 905 2127 nunc
941 2077 1182 2128 incultae
1216 2085 1368 2140 sunt,
1411 2084 1466 2128 et

376 2148 649 2197 meridiem
694 2152 748 2196 et
799 2146 1218 2210 septentrionem
1271 2164 1463 2197 versus

375 2233 409 2266 a
457 2217 580 2266 lacu
626 2215 804 2266 adhuc
854 2221 1168 2281 comparent
1210 2219 1463 2283 vestigia,

376 2301 516 2351 quae
563 2285 703 2336 hanc
748 2290 948 2334 terram
995 2287 1153 2349 aquis
1204 2285 1331 2337 olim
1373 2288 1465 2337 ob-

378 2361 577 2406 tectam
612 2355 783 2404 fuisse
818 2355 1129 2404 ostendunt.
1189 2356 1345 2406 Conf.
1377 2357 1462 2405 Io-

376 2425 546 2476 mard.
581 2424 618 2475 l.
654 2424 689 2475 l.
720 2440 844 2489 pag.
875 2425 942 2473 84
975 2440 1090 2490 seq.
1154 2425 1282 2474 Cum
1321 2426 1461 2475 enirn

376 2495 501 2544 olim
539 2495 710 2544 maior
744 2509 1007 2557 aquarum
1037 2496 1120 2543 vis
1146 2510 1176 2543 e
1204 2494 1328 2544 Nilo
1368 2511 1463 2560 per

376 2562 616 2613 canalem
673 2566 728 2612 in
786 2562 962 2613 lacum
1024 2568 1170 2614 esset
1229 2563 1463 2615 deducta

376 2632 505 2697 (quo
549 2634 668 2696 ipso
715 2637 1033 2697 spectarunt
1065 2634 1352 2698 Aegyptii,
1400 2639 1464 2683 ut

378 2707 433 2751 et
483 2700 619 2750 alias
671 2702 922 2766 regiones
979 2702 1148 2751 nimia
1200 2718 1459 2767 aquarum

376 2771 533 2834 copia
555 2769 869 2820 laborantes
896 2770 1208 2832 liberarent,
1242 2778 1298 2821 et
1324 2772 1460 2822 alias

375 2855 638 2904 aquarum
694 2840 882 2904 inopia
937 2838 1250 2890 laborantes
1316 2842 1464 2892 ferti-

373 2909 536 2958 liores
572 2908 885 2969 redderent3
923 2910 995 2959 cf.
1033 2910 1228 2960 Ritter.
1264 2909 1302 2961 l.
1344 2910 1383 2962 l.
1406 2928 1459 2975 p.

372 2978 528 3044 807),
580 2985 643 3029 ut
689 2994 907 3043 campos
955 2978 1270 3030 adiacentes
1310 2981 1464 3030 inun-

373 3049 528 3098 daret
575 3064 835 3114 aquarum
872 3049 1059 3113 copia,
1112 3064 1258 3099 nunc
1292 3051 1462 3100 multo

372 3118 546 3167 minor
568 3134 830 3184 aquarum
854 3118 939 3167 vis
968 3133 1065 3182 per
1087 3115 1306 3184 Iosep’hi
1322 3157 1335 3181 ,
1373 3120 1464 3185 qui

374 3187 600 3249 dicitur,
656 3188 903 3237 canalem
958 3204 1023 3237 ex
1078 3187 1204 3239 Nilo
1258 3189 1465 3239 intrare

375 3257 592 3318 dicitur,
616 3257 761 3307 unde
786 3257 1078 3308 accedente
1104 3274 1316 3324 quoque
1340 3275 1466 3309 con-

375 3326 529 3374 tinua
556 3325 899 3376 exhalatione
931 3326 1110 3376 lacum
1148 3330 1324 3392 magis
1349 3344 1464 3377 ma-

376 3395 567 3458 gisque
609 3394 834 3444 diminui
871 3395 1132 3445 credibile
1168 3395 1286 3447 fiat.
1351 3398 1464 3446 Do-

376 3468 626 3512 cumento
657 3468 742 3512 est
774 3464 898 3526 ipsa
933 3463 1086 3513 lacus
1121 3479 1266 3528 aqua
1298 3464 1463 3526 salsa,

377 3546 514 3595 quae
551 3532 853 3597 antiquitus
895 3531 1045 3580 nulla
1093 3532 1151 3581 in
1188 3548 1250 3582 eo
1296 3533 1466 3583 fuisse

374 3599 617 3662 videtur,
656 3617 774 3650 cnm
811 3598 1011 3649 multos
1035 3601 1338 3651 crocodilos
1373 3601 1465 3651 ille

379 3669 576 3731 aleret,
617 3685 753 3733 quos
791 3669 847 3718 in
881 3685 1029 3734 aqua
1061 3670 1209 3719 salsa
1247 3671 1496 3721 omnino·

377 3755 487 3789 non
528 3740 792 3789 invenias.
877 3738 1080 3789 Confer
1122 3740 1466 3789 Mannertnm

376 3809 415 3858 l.
464 3809 503 3859 l.
558 3825 687 3874 pag.
723 3808 827 3858 428
875 3824 986 3873 seq.
1069 3808 1176 3859 Sed
1224 3810 1466 3873 piscibus

378 3878 656 3929 abundare
709 3878 884 3928 lacum
943 3877 1085 3927 dixit
1131 3878 1198 3928 L.
1248 3878 1314 3928 de
1360 3879 1465 3927 La-

375 3946 545 3997 borde
607 3949 662 3996 in
717 3949 904 3997 Revue
971 3946 1247 4010 franceise
1311 3947 1462 3998 1820.

377 4016 534 4067 Ianv.
571 4031 695 4080 pag.
735 4016 822 4067 67.
894 4017 1047 4066 Haec
1083 4017 1253 4081 igitur
1289 4017 1338 4066 si
1375 4033 1468 4067 va-

374 4085 518 4146 lent,
567 4085 624 4134 in
658 4084 836 4136 locum
874 4085 1057 4148 lacus,
1103 4087 1199 4150 qui
1249 4102 1284 4136 a
1318 4088 1467 4136 Moe-

375 4153 495 4203 ride
530 4169 658 4217 rege
681 4154 862 4204 factus
887 4154 1002 4204 eius
1034 4170 1248 4220 quoque
1269 4171 1464 4205 nomen

378 4224 679 4288 antiquitus
716 4224 976 4284 obtinuit,
1012 4240 1157 4274 nunc
1194 4225 1360 4275 cessit
1389 4224 1467 4274 la-

377 4307 498 4353 cus,
570 4293 658 4342 cui
728 4309 921 4344 nomen
990 4293 1176 4344 Birket
1246 4296 1294 4344 el
1361 4294 1411 4342 K
1415 4310 1466 4343 e-

375 4376 503 4412 roun
547 4378 594 4413 s.
631 4362 829 4426 Quorn,
869 4362 1031 4427 idque
1067 4364 1148 4414 ita
1178 4364 1468 4430 probatum

1568 706 1861 756 verumque
1904 690 2100 742 habuit
2142 692 2417 743 Letronne
2465 691 2657 759 (Frag-

1571 767 1745 811 ments
1800 761 2041 811 d'Heron
2099 766 2204 811 etc.
2264 778 2320 826 p.
2379 760 2536 826 168),
2593 768 2655 812 ut

1570 832 1715 881 omni
1750 829 1913 880 dubio
1951 836 2220 880 exemtum
2256 832 2651 896 pronuntiaret.

1568 901 1641 950 At
1676 915 1805 949 vero
1841 902 1962 963 ipsa
1990 900 2255 950 Herodoti
2292 901 2461 950 verba
2495 909 2655 950 accu-

1566 970 1740 1020 ratius
1775 970 2187 1032 inspicientibus
2218 970 2438 1020 disertis
2474 969 2655 1020 verbis

1565 1040 1843 1099 testantis,
1866 1038 2124 1088 Moeridis
2142 1038 2319 1089 lacum
2343 1054 2508 1104 prope
2528 1039 2655 1089 Cro-

1569 1108 1897 1171 codilopolin
1957 1107 2226 1170 (Medinat
2281 1108 2329 1158 el
2384 1108 2653 1173 Fayoum)

1567 1179 1828 1242 iuxtaque
1861 1178 2039 1241 ipsum
2064 1176 2431 1242 labyrinthum
2465 1178 2653 1240 fuisse,

1567 1248 1661 1312 qui
1698 1262 1832 1296 sane
1871 1246 2187 1311 longissimo
2224 1250 2488 1297 terrarum
2534 1262 2657 1312 spa·

1567 1318 1643 1366 tio
1691 1316 1849 1366 abest
1895 1332 1929 1366 a
1974 1315 2101 1366 lacu
2135 1317 2325 1366 Birket
2363 1316 2413 1365 el
2448 1316 2652 1379 Quom,

1566 1384 1835 1450 simulque
1871 1385 2242 1450 cogitantibus
2277 1385 2420 1435 bunc
2454 1384 2653 1448 lacum,

1568 1457 1711 1521 quod
1760 1470 1905 1505 nunc
1956 1456 2094 1505 satis
2147 1459 2390 1517 constat,
2459 1459 2657 1504 natura

1569 1525 1772 1575 editum
1808 1538 1947 1584 esse,
1985 1539 2093 1573 non
2130 1529 2249 1574 arte
2282 1525 2503 1586 factum,
2539 1523 2656 1574 lon-

1569 1609 1741 1659 geque
1783 1594 2093 1643 inferiorem
2154 1609 2274 1644 esse
2319 1592 2430 1642 Nili
2475 1592 2651 1655 alve0,

1569 1663 1788 1713 dubium
1827 1678 1946 1713 esse
1982 1664 2073 1711 vix
2098 1663 2330 1727 poterit,
2367 1662 2471 1711 boc
2507 1667 2655 1712 certe

1567 1732 1688 1782 loco
1720 1731 2058 1793 Herodoteo,
2096 1731 2356 1781 Moeridis
2388 1730 2568 1782 lacum
2606 1732 2653 1781 si

1565 1817 1909 1866 quaeramus,
1942 1801 2010 1850 de
2029 1801 2153 1851 lacu
2174 1799 2366 1850 Birket
2391 1799 2441 1849 el
2466 1800 2653 1863 Quorn

1567 1871 1796 1935 cogitari
1844 1871 2089 1934 profecto
2135 1885 2243 1919 non
2291 1884 2470 1934 posse.
2544 1869 2654 1918 Ita-

1569 1955 1674 2004 que
1695 1939 1858 1990 Mich.
1886 1938 2102 1989 Russell
2132 1938 2306 2002 (View
2341 1939 2403 1988 of
2434 1938 2654 1987 ancient

1569 2009 1674 2058 and
1712 2008 1934 2059 modern
1971 2010 2172 2073 Egypt.
2206 2023 2257 2072 p.
2300 2006 2421 2073 102)
2458 2007 2653 2057 Moeri-

1568 2078 1652 2129 dis
1683 2077 1806 2128 lacu
1835 2077 1953 2128 vult
1977 2077 2354 2141 comprehendi
2388 2092 2454 2127 ea
2474 2077 2655 2126 omnia

1566 2149 1957 2213 Aegyptiorum
2006 2153 2247 2197 veterum
2302 2163 2347 2197 s.
2394 2145 2652 2196 Moeridis

1567 2218 1711 2282 regis
1747 2232 1939 2282 opera,
1990 2217 2186 2281 quibus
2223 2216 2403 2266 Nilum
2454 2214 2653 2265 canali-

1565 2288 1668 2337 bus
1729 2286 1908 2337 ductis
1960 2287 2288 2350 coniungere
2351 2300 2468 2334 cum
2529 2284 2653 2336 lacu

1566 2356 1757 2405 Birket
1803 2355 1851 2405 el
1888 2356 2073 2418 Quorn
2121 2355 2385 2421 simulque
2422 2353 2653 2405 fertilem

1566 2425 1790 2475 reddere
1825 2431 2000 2475 totum
2026 2425 2176 2474 illum
2206 2430 2382 2475 terrae
2418 2429 2653 2474 tractum

1565 2494 1891 2546 studuerint.
1978 2494 2167 2560 Neque
2220 2495 2380 2545 aliter
2422 2493 2654 2543 wilkin-

1566 2579 1684 2614 son.
1738 2564 1969 2630 (Egypt.
2018 2563 2124 2613 and
2174 2564 2386 2613 Thebes
2434 2578 2487 2626 p.
2527 2561 2649 2612 355.

1564 2634 1842 2684 Manners.
1873 2639 1979 2683 etc.
2015 2633 2061 2682 I.
2088 2648 2142 2697 p.
2172 2632 2238 2682 92
2274 2646 2425 2696 seqq.
2463 2630 2568 2680 111.
2596 2646 2650 2694 p.

1565 2705 1633 2752 65
1682 2718 1794 2753 sec.
1841 2718 1945 2752 ser.
1995 2701 2072 2751 11.
2119 2716 2174 2764 p.
2228 2699 2349 2764 157)
2407 2699 2651 2748 canalem

1565 2772 1785 2821 ductum
1824 2786 1858 2821 a
1882 2769 2007 2820 Nilo
2037 2770 2094 2819 in
2124 2784 2344 2833 pagum,
2382 2767 2474 2833 qui
2508 2783 2653 2817 nunc

1563 2842 1807 2906 Fayoum
1844 2840 2065 2901 dicitur,
2100 2839 2335 2903 indeque
2369 2837 2438 2887 ad
2473 2835 2652 2887 lacum

1568 2911 1786 2974 (Birket
1823 2910 1869 2959 el
1904 2907 2116 2971 Quorn)
2154 2909 2331 2973 ipsum
2366 2908 2650 2958 continua·

1565 2987 1706 3042 tum,
1753 2980 1824 3030 ab
1858 2978 2142 3028 Herodoto
2191 2993 2311 3028 cum
2356 2976 2478 3041 ipso
2526 2976 2653 3027 lacu

1566 3049 1824 3101 confundi
1851 3048 2217 3113 Moeridisque
2250 3046 2431 3098 lacum
2466 3048 2652 3097 vocari

1567 3120 1788 3169 statuit:
1826 3122 2197 3184 provocatque
2233 3118 2316 3166 vir
2351 3116 2546 3166 doctus
2583 3115 2653 3165 ad

1565 3190 1800 3240 Plinium
1834 3189 1981 3238 Hist.
2011 3188 2142 3238 Nat.
2169 3186 2420 3245 XXXVI,
2457 3187 2533 3247 12,
2566 3184 2652 3247 76,

1567 3274 1672 3323 quo
1701 3263 1843 3308 teste
1874 3258 2018 3321 „fuit
2041 3258 2194 3305 lacus
2223 3254 2482 3305 Moeridis
2500 3291 2514 3315 ,
2550 3253 2654 3301 hoc

1567 3333 1652 3378 est
1718 3329 1872 3378 fossa
1928 3324 2220 3390 grandis.“
2312 3324 2651 3385 Quamquam

1568 3397 1790 3447 difficile
1825 3395 2012 3458 utique
2060 3397 2143 3442 est
2192 3392 2442 3452 credere,
2495 3404 2654 3438 cana-

1563 3465 1670 3515 lem
1706 3462 2028 3527 simplicem,
2062 3459 2321 3510 Moeridis
2355 3473 2520 3523 opus,
2559 3473 2655 3522 ap-

1567 3534 1756 3599 pellari
1789 3531 2045 3581 Moeridis
2079 3529 2257 3578 lacum
2294 3532 2412 3576 arte
2447 3526 2653 3576 factum

1566 3603 1637 3653 ab
1672 3600 1982 3661 Herodoto,
2024 3598 2116 3663 qui
2150 3598 2267 3662 ipse
2303 3598 2445 3646 hane
2480 3596 2654 3661 regio-

1568 3687 1692 3722 nem
1747 3669 1939 3718 invisit
1999 3668 2217 3732 suisque
2272 3669 2419 3716 certe
2478 3666 2651 3715 oculis

1570 3738 1853 3804 conspexit
1888 3737 2094 3797 lacum,
2134 3736 2227 3801 qui
2264 3734 2652 3799 labyrinthum,

1569 3825 1727 3874 quem
1758 3808 1988 3857 intravit
2021 3804 2119 3869 (11,
2148 3804 2289 3869 149),
2327 3803 2651 3869 attingebat.

1567 3879 1763 3943 Itaque
1796 3876 1899 3926 hoc
1939 3876 2059 3925 loco
2108 3890 2217 3925 non
2254 3873 2497 3924 canalem
2534 3876 2654 3923 tan-

1567 3953 1709 4008 tum,
1758 3962 1945 3996 verum
1981 3944 2155 3994 maius
2193 3943 2464 4009 quoddam
2498 3958 2653 4008 opus,

1569 4016 1713 4082 quod
1750 4016 1903 4065 lacus
1938 4015 2172 4079 speciem
2202 4013 2512 4079 praebuerit
2542 4017 2597 4062 et
2620 4029 2655 4063 a

1568 4102 1723 4152 rege,
1762 4085 1857 4149 qui
1896 4084 2224 4149 perfecerat,
2274 4097 2468 4133 nomen
2503 4097 2656 4133 acce-

1567 4156 1712 4221 perit
1746 4154 2033 4216 Moeridis,
2072 4154 2197 4204 olim
2232 4151 2511 4202 exstitisse
2545 4167 2657 4201 cre-

1549 4225 1788 4288 damus,
1855 4224 2063 4275 facturn
2119 4222 2253 4272 illud
2315 4221 2529 4286 quidem
2585 4221 2655 4270 ad

1535 4309 1831 4360 ‚aquarum
1870 4309 1900 4344 e
1935 4294 2060 4345 Nilo
2097 4293 2202 4342 hue
2235 4291 2518 4340 ductarum
2563 4291 2657 4340 ab·

1568 4363 1889 4415 undantiam
1926 4364 1982 4413 in
2021 4378 2080 4413 se
2114 4360 2477 4427 recipiendam
2515 4373 2656 4411 eam-
