3109 5092
1016 358 1152 423 AD
1199 358 1723 420 HERODOT.
1770 361 1821 435 Ι,
1865 368 1954 423 93.
2496 360 2619 425 837

339 530 410 599 ,τὸ
439 530 501 591 δὲ
542 527 676 590 ἄλλο
705 534 872 606 σῆμα,
901 533 1061 603 χῶμα
1090 532 1192 602 γῆς
1221 562 1289 571 —-
1318 519 1478 601 οὖροι
1507 527 1569 586 δὲ
1599 529 1759 587 πέντε
1788 527 2002 603 ἐόντες,
2044 530 2123 587 ἔτι
2153 531 2250 588 καὶ
2277 529 2331 597 ἐς
2357 528 2446 606 ἐμὲ
2475 524 2621 608 ἦσαν

347 617 439 677 ἐπὶ
470 623 572 675 τοῦ
607 615 852 691 σήματος
875 611 995 674 ἄνω
1029 649 1100 658 --
1130 618 1449 688 sepulcrum,
1479 618 1625 673 cuius
1652 621 1787 674 basis
1822 639 1851 674 e
1875 621 2174 691 grandibus
2205 622 2492 691 lapidibus,
2531 643 2619 677 re-

350 710 546 777 liquum
578 716 755 761 autem
782 708 1081 776 sepulcrum
1108 711 1287 758 terrae
1319 706 1554 758 tumulus
1584 713 1662 759 est
1693 735 1764 744 -—
1804 705 2014 759 termini
2039 714 2233 774 autem,
2277 707 2366 774 qui
2394 707 2620 777 quinque

349 802 473 848 sunt
506 794 678 846 adhuc
713 794 784 846 ad
813 809 984 845 uveam
1007 797 1235 844 aetatem
1261 789 1317 842 t'n
1347 807 1548 843 summo
1578 791 1817 861 sepulcro
1851 799 2038 860 erant,
2075 790 2143 841 ab
2172 790 2257 843 his
2290 790 2464 858 igitur
2491 811 2616 846 ver-

349 879 435 930 bis
477 877 525 929 si
568 876 936 928 discedimus:
978 874 1152 943 ipsam
1179 872 1480 926 Herodotei
1526 873 1632 926 loci
1665 874 1992 927 sententiam
2032 882 2159 944 apte
2201 883 2258 927 et
2296 877 2614 946 percepisse

351 969 407 1017 et
438 960 748 1014 reddidisse
778 959 1106 1012 iudicandus
1136 958 1212 1010 sit
1235 958 1599 1012 Etruscorum
1626 967 2094 1012 monumentorum
2124 960 2418 1028 interpres.
2477 962 2617 1016 Nam

349 1047 578 1117 primum
609 1045 956 1098 Chandlerus
996 1043 1032 1095 1.
1066 1042 1100 1095 l.
1146 1042 1214 1094 de
1243 1042 1330 1094 his
1364 1043 1576 1112 Lydiae
1605 1043 1878 1114 sepulcris
1910 1044 1989 1119 ita
2017 1046 2192 1097 refert
2229 1062 2285 1114 p.
2316 1050 2420 1105 369
2461 1064 2611 1101 vers.

351 1133 569 1185 (ἔοι-ιιι..
616 1171 650 1198 ,,
669 1170 704 1197 ,,
725 1129 843 1182 Alle
873 1128 997 1181 sind
1025 1128 1122 1181 mit
1151 1126 1383 1194 griinem
1414 1128 1598 1181 Rasen
1634 1129 1897 1197 bedeckt‚
1932 1129 2043 1182 und
2074 1148 2136 1183 so
2167 1128 2277 1182 viel
2305 1129 2407 1182 mir
2440 1130 2495 1183 in
2526 1131 2614 1184 die

352 1216 550 1285 Augen
583 1214 777 1283 fielen,
812 1213 894 1267 als
933 1214 1020 1265 ich
1050 1218 1214 1266 unter
1247 1211 1412 1265 ihnen
1449 1213 1941 1280 herumwandelte‚
1977 1215 2153 1267 haben
2184 1215 2326 1267 noch
2355 1215 2474 1267 ihre
2504 1214 2613 1269 Ke-

349 1301 608 1370 gelsorrn,
656 1301 796 1352 ohne
837 1299 967 1351 dass
1004 1298 1092 1351 die
1123 1296 1313 1366 Spitze
1351 1299 1490 1350 auch
1529 1314 1638 1351 nur
1671 1298 1759 1351 ein
1804 1299 1991 1367 wenig
2032 1299 2413 1367 eingesunken
2442 1300 2613 1353 wire.

348 1387 525 1438 Einer
564 1386 663 1437 der
693 1383 1008 1452 Grabhiigel
1051 1384 1152 1435 auf
1187 1380 1372 1434 dieser
1399 1382 1587 1451 Hfihe,
1631 1383 1731 1435 der
1775 1383 1935 1437 meist
1975 1384 2032 1437 in
2068 1383 2167 1436 der
2193 1383 2355 1435 Mitte
2387 1385 2490 1435 auf
2517 1385 2617 1437 der

348 1470 500 1522 Seite
545 1470 686 1522 nach
727 1469 932 1522 Sardes
973 1468 1138 1536 liegt,
1185 1482 1301 1516 war
1348 1465 1448 1518 das
1497 1466 1758 1519 Grabmal
1798 1468 1898 1520 des
1938 1467 2221 1536 Alyattes,
2270 1467 2472 1521 Vaters
2515 1469 2615 1521 des

350 1555 618 1607 Croesus.
638 1556 724 1585 ““
762 1552 820 1621 ¹⁸¹)
890 1552 1104 1605 Deinde
1155 1550 1213 1602 in
1258 1550 1592 1604 monumenti
1640 1551 1865 1616 Albani,
1910 1552 2058 1622 quod
2102 1552 2475 1605 Curiatiorum
2516 1570 2613 1605 no-

347 1639 490 1691 mine
522 1637 738 1706 vulgari
770 1638 952 1704 venit,
991 1635 1287 1689 ruderibus
1320 1651 1490 1705 super
1517 1635 1637 1687 basi
1671 1655 1700 1688 e
1730 1636 2004 1706 lapidibus
2035 1641 2317 1689 exstructa
2345 1636 2615 1707 hodieque

349 1730 665 1793 comparent
712 1723 945 1790 vestigia
976 1722 1204 1791 quinque
1230 1737 1484 1773 concrum
1524 1721 1852 1791 (Inghirami
1881 1720 1976 1772 IV.
2019 1739 2074 1790 p.
2109 1724 2241 1779 168:
2287 1720 2526 1788 „„Cosi
2557 1722 2613 1773 in

349 1808 514 1873 Alba,
560 1807 776 1860 colonia
813 1807 900 1859 dei
935 1806 1122 1874 Frigi,
1171 1803 1291 1857 cive
1328 1803 1553 1871 digente
1585 1805 1684 1857 che
1725 1805 1774 1857 si
1804 1806 1913 1875 pub
1943 1809 2133 1857 tenere
2169 1822 2451 1875 compl-esa
2486 1805 2613 1858 nell’

349 1893 534 1946 antica
565 1892 823 1958 Mennis,
882 1891 920 1943 il
955 1888 1310 1943 vecchissimo
1342 1907 1372 1941 c
1403 1889 1693 1943 notissimo
1728 1890 1978 1960 sepolcro
2010 1889 2355 1943 denominato
2399 1889 2466 1942 de
2503 1890 2616 1942 Cu-

350 1978 485 2031 riazi
534 1981 565 2030 e
615 1977 771 2029 anch'
824 1994 948 2028 esso
992 1994 1067 2031 un
1106 1977 1250 2030 dado
1289 1975 1468 2044 lapide
1510 1978 1803 2043 quadrato,
1860 1977 1946 2028 sal
1985 1976 2144 2043 quale
2168 1992 2406 2046 sor-gono
2433 1975 2621 2043 civique

349 2063 729 2135 granconi‚““
769 2091 836 2100 -
879 2060 954 2113 Se
985 2079 1054 2113 ne
1082 2076 1260 2128 vegga
1298 2059 1348 2112 la
1377 2059 1559 2126 figura
1587 2059 1692 2111 alla
1721 2059 1945 2113 ser.VI.
1972 2062 2086 2110 tav.
2120 2060 2186 2111 F.
2217 2063 2252 2118 6
2281 2076 2426 2112 num.
2458 2058 2573 2125 10).

522 2186 559 2213 ‚,
577 2144 738 2197 Unde
776 2145 920 2197 haud
961 2144 1150 2214 inepta
1193 2143 1513 2196 coniectura
1542 2150 1659 2210 est,
1704 2142 1944 2210 Alyattei
1980 2141 2129 2195 illius
2170 2142 2413 2213 sepulcri
2454 2144 2615 2196 basin

353 2231 619 2300 lapideam
661 2229 841 2282 fuisse
879 2233 1096 2284 cubum.-
1137 2227 1403 2281 tumulum
1447 2246 1477 2279 e
1519 2232 1670 2280 terra
1715 2232 2029 2296 aggestum,
2072 2245 2282 2282 conum.
2352 2227 2535 2298 Atque
2567 2229 2618 2281 si

352 2321 698 2385 reputamus,
744 2330 1022 2367 numerum
1064 2312 1401 2383 pyramidum
1437 2313 1740 2381 quinarium
1781 2314 1869 2366 bis
1912 2313 2195 2366 memorari
2229 2313 2389 2365 etiam
2418 2313 2477 2365 in
2506 2331 2617 2366 mo-

351 2405 610 2454 numento
640 2398 966 2452 Porsennae
1007 2398 1149 2471 (vid.
1178 2397 1355 2450 Varro
1387 2414 1475 2467 ap.
1508 2396 1653 2450 Plin.
1686 2397 1722 2450 l.
1757 2397 1857 2466 l.)‚
1916 2398 2062 2451 haud
2094 2398 2334 2451 absurde
2366 2396 2616 2452 censebi-

349 2504 502 2553 mus,
563 2483 831 2537 eiusmodi
874 2483 1275 2536 architecturae
1321 2482 1513 2549 Lydos
1570 2481 1718 2535 inter
1760 2488 1926 2553 atquc
1971 2484 2244 2536 Etruscos
2297 2488 2618 2537 concentum

351 2578 610 2640 tanquam
657 2586 857 2621 novum
903 2571 1282 2637 argumentum
1323 2567 1583 2620 accedere
1627 2567 1729 2634 iis,
1782 2584 1923 2637 quae
1952 2566 2112 2637 plura
2151 2568 2219 2620 ad
2252 2567 2621 2621 narrationem

352 2654 622 2707 Herodoti
661 2653 735 2721 (Ι,
772 2653 869 2721 94)
915 2654 983 2706 de
1014 2652 1296 2721 Lydorum
1327 2651 1386 2703 in
1419 2651 1580 2704 Italia
1619 2652 1858 2705 adventu
1892 2652 2203 2705 firmandam
2245 2652 2430 2722 posita
2465 2661 2617 2705 sunt.

354 2738 461 2790 Cui
493 2738 573 2790 rei
612 2737 772 2792 etiam
793 2738 1082 2791 Osannum
1116 2756 1171 2789 v.
1198 2737 1266 2789 cl.
1300 2736 1458 2791 fidem
1489 2736 1693 2791 habere
1725 2737 1886 2789 video
1917 2736 1974 2788 in
2003 2736 2380 2806 disputatione
2409 2737 2478 2789 de
2504 2755 2616 2790 mo-

356 2830 614 2876 numento
645 2823 888 2890 Phrygio
920 2839 1098 2892 nuper
1124 2826 1370 2892 reperto.
1434 2821 1562 2875 Vid.
1604 2822 1726 2875 eius
1756 2821 1865 2875 viri
1894 2820 2134 2888 libellus,
2167 2821 2264 2892 qui
2293 2822 2620 2875 inscribitur

353 2909 535 2962 Midas
565 2926 620 2977 p.
653 2914 720 2966 10
750 2906 915 2961 infra.
940 2909 1058 2947 —“
1121 2907 1558 2963 GREUZER.

348 3066 392 3073 ⁷-
403 3063 652 3071 -.-.-—...—.--—
662 3063 708 3068 .--

491 3155 546 3223 *)
600 3155 937 3225 [Nuperrime
983 3159 1223 3211 tumulos
1257 3161 1536 3226 Lydorum
1571 3175 1755 3225 regum
1789 3157 2145 3225 Alyattisque
2182 3158 2491 3223 sepulcrum
2527 3174 2617 3209 ac-

352 3230 598 3280 curatius
645 3230 1043 3295 perquisivisse
1093 3230 1350 3281 dicuntur
1392 3231 1499 3282 viri
1535 3230 1717 3291 docti,
1767 3228 2106 3295 Spiegclthal
2150 3232 2206 3278 et
2239 3228 2618 3293 Behr-Negen-

353 3299 530 3359 (ἰωῆς,
581 3314 614 3347 a
653 3299 850 3363 quibus
899 3302 954 3350 et
1007 3301 1246 3350 certiora
1295 3304 1352 3349 et
1388 3301 1736 3351 accuratiora
1774 3300 1870 3349 des
1904 3299 1990 3350 his
2039 3301 2448 3363 exspectamus:
2504 3297 2615 3348 vid.

351 3367 787 3417 Monatsbcricht
840 3369 892 3418 d.
941 3369 1146 3419 Berlin.
1194 3368 1371 3419 Akad.
1423 3370 1476 3419 d.
1514 3368 1851 3420 Wissensch.
1906 3368 2039 3420 1853
2084 3367 2346 3419 Novemb.
2396 3382 2450 3429 p.
2495 3364 2617 3414 653.

356 3436 489 3487 1854
515 3437 772 3486 Decemb.
800 3452 852 3499 p.
875 3437 1007 3499 700,
1044 3438 1140 3487 ubi
1175 3438 1366 3487 addita
1404 3443 1488 3488 est
1523 3439 1707 3503 imago
1735 3452 1986 3488 camerac
2023 3436 2413 3488 subterraneae
2451 3449 2622 3498 nuper

354 3504 586 3556 effossae
624 3503 817 3555 tumuli
841 3505 1103 3570 Alyattis.
1177 3504 1295 3571 Br.]
