3109 5092
1156 263 1211 321 Ε
1232 262 1652 324 UTERPE.
1697 263 1780 323 ΙΙ.
1826 270 1946 326 166.

2566 261 2688 326 807

415 455 591 520 σιος,
646 440 1135 522 Μυεκφορίτης
1153 456 1182 524 ζ
1232 425 1427 515 οὗτος
1481 432 1516 504 ὁ
1565 435 1767 526 νομὰς
1804 439 1880 505 ἐν
1918 435 2102 528 νήσῳ
2156 438 2396 522 οἰκέει,
2453 433 2689 507 ἀντίον

413 536 825 625 Βουβάστιος
856 535 1106 617 πόλιος.
1165 528 1351 607 οὗτοι
1384 539 1460 608 δὲ
1495 544 1567 607 oc
1600 541 1794 627 νομοὶ
1822 546 2258 627 Καλασιρίων
2294 542 2454 626 εἰσὶ,
2488 540 2684 627 γενό-

412 668 636 728 μενοι,
668 637 780 709 ὅτε
822 641 931 709 ἐπὶ
961 648 1314 721 πλείστους
1353 645 1697 728 ἐγενέατο,
1744 643 1941 711 πέντε
1982 643 2095 709 καὶ
2130 651 2339 710 εἰκοσι
2365 643 2687 732 μυριάδες

412 741 706 830 ἀνδρῶν.

798 739 962 811 οὐδὲ
1010 743 1297 812 τούτοισι
1364 748 1573 827 ἔξεστι
1626 749 1867 833 τέχνην
1911 747 2281 833 ἐπασκῆσαι
2335 742 2685 834 οὐδεμίαν,

413 843 581 914 ἀλλὰ
606 843 687 913 τὰ
717 848 782 925 ἐς
811 845 1105 933 πόλεμον
1135 849 1531 917 ἐπασκέουσι
1560 854 1801 937 μοῦνα,
1830 863 1984 927 παῖς
2010 845 2190 936 παρὰ
2218 845 2467 936 πατρὸς
2493 851 2682 920 ἐκδε-

413 1046 541 1098 olim
566 1046 850 1097 dicebatur
879 1045 1145 1098 Phar-baie.
1220 1047 1360 1097 Add.
1382 1048 1498 1098 Rit-

413 1122 511 1166 ter.
552 1115 588 1166 l.
627 1115 665 1165 l.
705 1115 749 1165 1.
792 1131 915 1180 pag.
955 1114 1074 1164 828.

481 1182 794 1249 Θμουΐτης]
829 1184 1022 1234 Thmui-3
1044 1183 1172 1234 urbs
1189 1221 1202 1244 ‚
1237 1184 1382 1233 unde
1402 1200 1497 1234 no-

411 1269 529 1303 mus
583 1253 865 1315 Thmuites,
921 1268 1031 1302 una
1088 1252 1154 1302 de
1197 1253 1494 1303 maioribus

410 1324 646 1387 Aegypti
660 1322 933 1373 inferioris
952 1322 1177 1372 urbibus
1200 1322 1367 1371 fuisse
1380 1338 1496 1387 per-

410 1393 627 1442 hibetur
660 1396 717 1442 et
753 1407 787 1442 a
814 1390 1126 1441 Ptolemaeo
1150 1395 1315 1454 caput
1348 1394 1494 1440 nomi

409 1461 679 1512 Mendesii
726 1461 950 1521 dicitur,
1005 1459 1135 1510 lieet
1181 1460 1494 1511 Herodotus

410 1531 544 1581 duos
578 1546 779 1595 eosque
815 1530 1059 1580 diversos
1096 1533 1356 1578 memoret
1401 1546 1494 1579 no-

411 1614 556 1661 mos,
594 1600 934 1649 Mendesium
965 1602 1129 1662 atque
1165 1597 1489 1649 Thmuitem.

411 1670 564 1731 Quae
599 1670 680 1718 sic
717 1682 1041 1732 componere
1080 1667 1265 1717 studet
1298 1667 1493 1717 Cham-

409 1736 542 1815 poll.
577 1736 617 1786 1.
657 1736 695 1788 1.
734 1738 810 1786 ΙΙ.
854 1752 981 1801 pag.
1005 1736 1102 1786 115
1132 1751 1269 1801 seq.,
1301 1741 1364 1785 ut
1398 1750 1493 1785 νο-

409 1799 519 1870 μὸν
556 1807 700 1870 apud
735 1805 1071 1856 Herodotum
1118 1821 1226 1854 non
1278 1810 1388 1854 tam
1425 1805 1492 1854 de

409 1876 692 1940 provincia
732 1890 775 1924 s.
814 1875 1188 1938 praefectura,
1228 1874 1298 1923 ad
1331 1889 1491 1939 quam

406 1944 587 2009 plures
611 1944 772 1994 urbes
793 1943 1177 2007 pertinuerint,
1218 1959 1379 2008 quam
1401 1960 1493 2008 po·

407 2014 517 2064 tius
555 2013 619 2063 de
655 2012 869 2077 singulo
916 2012 1145 2063 alicuius
1200 2013 1348 2061 urbis
1385 2017 1493 2062 ter-

406 2083 595 2133 ritorio
624 2083 730 2131 dici
756 2083 1051 2132 existimet.
1124 2082 1276 2144 Quae
1308 2087 1488 2131 tamen

406 2168 616 2212 vereor,
651 2156 713 2201 ut
735 2152 969 2201 virorum
1000 2150 1276 2201 doctorum
1303 2166 1488 2200 assen-

406 2236 521 2270 sum
544 2220 844 2270 inveniant.
915 2221 1054 2270 Utut
1085 2223 1198 2280 est,
1236 2221 1345 2269 sita
1370 2224 1488 2270 erat

415 2290 622 2360 Ήιηηιίε,
635 2290 763 2339 urbs
791 2289 936 2339 haud
963 2289 1252 2338 admodum
1277 2294 1487 2338 remota

406 2375 440 2408 a
473 2359 584 2409 Nili
622 2359 785 2408 fluvio
811 2357 1122 2419 Mendesio,
1159 2357 1339 2407 media
1373 2359 1484 2408 fere

404 2430 546 2478 inter
583 2428 891 2478 Tanitieum
933 2434 986 2476 et
1022 2428 1357 2476 Mendesium
1389 2428 1484 2476 flu-

403 2498 567 2547 vium.
625 2499 834 2548 Ruinae
857 2496 1007 2545 urbis
1032 2494 1243 2560 amplae
1266 2501 1486 2545 exstant

317 2586 329 2596 ·
400 2567 576 2616 tribus
634 2564 902 2615 milliariis
965 2564 1190 2615 Gallicis
1244 2580 1277 2615 a
1334 2566 1484 2615 Man-

404 2635 601 2686 sourah
623 2650 791 2699 prope
814 2635 994 2684 vicum
1028 2635 1236 2698 Temay
1260 2633 1485 2698 (Thma-

402 2701 609 2756 onidhl.
689 2703 856 2753 Plura
910 2702 1208 2766 Champoll.
1257 2702 1294 2753 l.
1341 2701 1379 2753 l.
1429 2707 1483 2752 et

402 2773 683 2822 Mannert:
724 2772 922 2834 Geogr.
950 2771 1045 2821 der
1075 2771 1167 2822 Gr.
1206 2789 1261 2822 u.
1293 2773 1481 2823 Roem.

403 2843 471 2902 X,
511 2842 556 2892 1.
599 2857 728 2906 pag.
770 2840 890 2901 577,
927 2841 1218 2904 Forbiger:
1260 2841 1480 2891 Handb.

405 2910 459 2961 d.
497 2910 594 2961 alt.
634 2908 940 2974 Geograph.
980 2908 1055 2958 ΙΙ.
1092 2925 1217 2975 pag.
1255 2911 1377 2989 781.

463 2969 837 3044 Ὀνουφίτης]
866 2977 1141 3041 Οηιιρῆἰίεπ
1179 2971 1360 3041 νομὸν
1391 2994 1483 3029 no-

399 3049 482 3098 vit
518 3048 726 3099 Plini'us
762 3047 798 3098 1.
836 3048 872 3097 l.
913 3049 1150 3126 itemque
1175 3047 1484 3128 Stephanus

398 3119 535 3181 Byz.
553 3108 852 3180 Ὄνουφις,
877 3109 1041 3173 πόλις
1063 3109 1352 3180 Αἰγύπτου
1374 3131 1482 3165 ουκ

395 3180 702 3248 ἄγνωστος·
748 3177 778 3234 ὁ
830 3185 1066 3250 πολίτης
1116 3182 1481 3250 Ονουφίτης

397 3255 557 3304 Nomi
593 3256 732 3304 situs
768 3270 876 3304 non
907 3256 1043 3304 satis
1081 3259 1281 3304 certus.
1335 3256 1484 3304 Dan-

397 3322 578 3372 villius
609 3322 878 3373 collocat'
862 3339 918 3371 in
941 3323 1263 3374 occidentali
1283 3323 1485 3373 Seben-

398 3392 570 3454 nytici
607 3392 758 3442 fluvii
782 3392 929 3455 ripa,
967 3393 1061 3441 ubi
1085 3408 1229 3441 nunc
1254 3391 1480 3452 Banoub,

396 3465 460 3509 ut
481 3461 687 3510 Arabes
719 3459 927 3508 dicunt.
985 3460 1143 3509 Conf.
1179 3459 1480 3523 Champoll.

397 3528 434 3579 l.
476 3529 532 3579 l.·
563 3529 639 3579 11.
688 3543 814 3592 pag.
856 3527 976 3577 227.
1046 3529 1334 3577 Mannerto
1386 3528 1476 3589 (X,

401 3598 448 3647 1.
490 3612 614 3663 pag.
653 3596 776 3662 573)
819 3596 1036 3646 videtur
1082 3611 1274 3646 nomus
1326 3598 1480 3646 meri-

398 3665 537 3716 diem
583 3681 774 3717 versus
822 3667 889 3716 ab
939 3665 1101 3728 urbe,
1145 3680 1286 3730 quae
1335 3681 1480 3715 nunc

396 3737 703 3800 appellatur
724 3737 1002 3796 Mansura‚
1040 3736 1097 3783 in
1133 3735 1309 3784 media
1335 3740 1479 3785 terra

396 3820 430 3855 a
457 3806 622 3855 fluvio
661 3810 896 3855 remotus
938 3803 1193 3855 collocari
1228 3820 1408 3868 posse.

458 3865 601 3924 ’Am'
587 3872 786 3939 σιος]
827 3874 984 3923 Conf.
1019 3877 1135 3924 not.
1160 3872 1229 3923 ad
1266 3874 1341 3933 ΙΙ,
1376 3871 1475 3924 137

392 3943 511 3992 init.
582 3944 689 3993 Hic
735 3942 930 3992 addam
982 3942 1256 3992 Mannerti
1292 3941 1380 4006 (Χ,
1429 3943 1478 3992 l.

392 4027 447 4076 p.
474 4011 598 4076 591)
628 4012 969 4072 sententiam,
999 4012 1085 4061 cui
1114 4026 1306 4061 nomus
1337 4013 1480 4076 Any-

393 4081 507 4130 sius
538 4079 685 4130 haud
720 4080 861 4130 alius
913 4095 1032 4130 esse
1065 4081 1282 4130 videtur
1314 4085 1480 4145 atque

391 4164 581 4199 nemus
626 4148 959 4210 Sethroites,
1007 4149 1286 4200 Herodoto
1333 4150 1478 4199 hand

392 4224 868 4279 commemoratus,
919 4219 977 4266 in
1028 4218 1280 4268 orientali
1325 4225 1479 4283 parte

389 4286 543 4338 lacus
580 4287 896 4350 Menzaleh,
951 4303 1057 4351 quo
1103 4287 1230 4338 olim
1280 4288 1479 4352 Anysis

1600 1064 1694 1099 rex
1728 1046 2062 1112 confugerit,
2097 1048 2158 1096 in
2192 1046 2343 1096 cuius
2374 1047 2684 1098 memoriam

1599 1119 1834 1168 fortasse
1857 1132 2046 1166 nemus
2068 1115 2148 1165 ita
2173 1116 2339 1165 fuerit
2358 1117 2682 1181 appellatus.

1669 1184 2105 1250 Μυεκφορίτης]
2122 1184 2255 1234 Cum
2278 1184 2472 1248 insula,
2499 1187 2555 1234 in
2575 1201 2683 1251 qua

1598 1255 1684 1305 bic
1713 1269 1922 1317 nemus,
1951 1269 2139 1319 parum
2166 1253 2346 1317 ampla
2370 1255 2469 1317 sit,
2492 1254 2684 1305 Cham-
2750 1291 2753 1294 ψ

1597 1324 1727 1388 poll.
1764 1324 1800 1373 l.
1836 1323 1873 1375 l.
1923 1324 2003 1373 11.
2055 1338 2181 1387 pag.
2227 1323 2295 1374 68
2338 1337 2456 1372 eam
2505 1324 2684 1374 Buba-

1597 1394 1737 1443 stico
1784 1408 1943 1443 nomo
1994 1391 2322 1455 adscriptam
2371 1392 2543 1442 fuisse
2587 1408 2684 1457 pu-

1596 1467 1701 1513 tat.
1772 1463 1982 1512 Nomen
2020 1462 2195 1525 ipsum
2243 1459 2553 1525 significare
2591 1461 2683 1512 do·

1598 1536 1687 1593 cet
1721 1533 1931 1581 insulam
1959 1532 2243 1596 florentem,
2281 1531 2492 1595 floribus
2526 1546 2682 1581 orna-

1599 1609 1716 1652 tam.
1801 1601 1990 1664 Neque
2039 1614 2229 1663 reapse
2280 1604 2497 1662 postero
2551 1605 2682 1650 tem-

1596 1681 1727 1734 pore
1763 1668 1876 1717 ulla
1899 1668 2055 1718 huius
2092 1669 2237 1717 nomi
2256 1669 2485 1729 mentio,
2520 1684 2679 1732 quem

1597 1738 2016 1802 septentrionem
2063 1752 2253 1786 versus
2302 1738 2371 1787 ab
2408 1736 2539 1787 urbe
2574 1739 2680 1788 Bu-

1595 1808 1768 1867 basti‚
1816 1807 1964 1856 intra
1997 1805 2339 1856 Pelusiacum
2378 1811 2432 1856 et
2471 1807 2682 1856 Taniti-

1597 1892 1716 1928 cum
1751 1877 1973 1926 fluvium
2012 1876 2183 1928 fuisse
2207 1871 2492 1924 'existimat
2526 1876 2680 1924 Man-

1594 1950 1734 1996 nert.
1772 1944 1809 1994 l.
1862 1945 1900 1995 l.
1949 1946 2016 2006 Χ,
2066 1945 2115 1994 1.
2154 1959 2280 2008 pag.
2332 1945 2452 1996 591.
2495 1970 2560 1980 —
2593 1944 2679 1994 De

1592 2015 1725 2065 urbe
1747 2015 1967 2065 Bubasci
1998 2014 2107 2065 vid.
2139 2027 2304 2077 supra
2332 2013 2406 2074 ΙΙ,
2433 2013 2522 2063 60.
2557 2012 2672 2064 137.

1663 2075 1723 2132 ἐν
1760 2075 1915 2147 νήσω
1953 2077 2150 2147 οἰκέει]
2189 2076 2369 2130 οἰκεῖν
2414 2081 2500 2131 hic
2534 2084 2676 2132 sicum

1594 2168 1704 2203 esse
1744 2151 2036 2218 significat.
2108 2150 2326 2200 Laudat
2348 2150 2672 2217 wesseling.

1588 2222 1811 2271 Homer.
1862 2221 1947 2271 Ili.
1991 2221 2067 2281 11,
2105 2220 2208 2271 626
2244 2219 2367 2270 coll.
2417 2220 2673 2285 Sophool.

1588 2291 1676 2341 Αἰ.
1714 2293 1813 2341 604
1871 2290 2114 2353 aiosque
2169 2289 2398 2338 aliorum
2450 2290 2677 2354 scripto-

1589 2374 1705 2408 rum
1753 2360 1920 2410 locos.
1995 2360 2081 2408 Tu
2125 2358 2235 2408 vid.
2289 2373 2489 2435 supra
2512 2359 2557 2419 1,
2605 2361 2674 2409 27

1589 2429 1774 2493 ibique
1818 2434 1954 2478 nott.
1993 2455 2063 2464 -—
2094 2428 2177 2477 Ad
2211 2427 2405 2477 verba:
2454 2441 2545 2476 οτε
2583 2420 2676 2478 ἐπὶ

1588 2496 1886 2554 πλείστους
1928 2489 2181 2560 ἑγενέατο
2240 2495 2383 2545 conf.
2437 2502 2553 2546 not.
2604 2497 2673 2548 ad

1586 2566 1825 2691 11πὲἳέ
1829 2625 1985 2696 παρὰ
2021 2623 2237 2694 πατρὸς
2273 2622 2669 2699 ἐκδεκόμενος]

1589 2703 1747 2753 Conf.
1795 2703 1839 2763 Ι,
1880 2703 1910 2750 7
1947 2701 2079 2765 ibiq.
2117 2703 2232 2749 not.
2283 2700 2358 2763 ΙΙ,
2394 2700 2479 2751 65.
2544 2703 2673 2753 Dio-

1590 2773 1706 2823 dor.
1744 2772 1821 2821 ΙΙ.
1858 2771 1943 2820 21.
2016 2769 2199 2833 Ipsum
2229 2775 2602 2834 argumentum
2625 2773 2673 2821 si

1586 2845 1921 2905 spectemus,
1956 2838 2093 2889 satis
2131 2853 2195 2888 ex
2232 2839 2334 2888 hoc
2368 2837 2495 2889 loeo
2516 2839 2669 2904 (coll.

1585 2909 1662 2970 ΙΙ,
1704 2909 1823 2973 140)
1868 2907 2151 2972 alteroque
2201 2907 2276 2957 ΙΙ.
2324 2906 2391 2957 37
2437 2909 2557 2974 (ubi
2604 2911 2672 2961 de

1587 2978 1960 3029 sacerdotibus
1983 2975 2186 3032 sermo)
2216 2983 2459 3042 apparet,
2492 2980 2672 3030 omnia

1587 3064 1810 3098 munera
1843 3047 1986 3112 apud
2023 3046 2323 3112 Aegyptios
2370 3047 2672 3098 haeredita-

1588 3119 1671 3168 ria
1715 3118 1886 3168 fuisse
1932 3132 2249 3181 omnemque
2298 3116 2442 3166 vitae
2488 3118 2671 3167 condi-

1588 3179 1790 3237 tiorssn
1828 3202 1861 3236 a
1893 3191 2050 3251 patre
2070 3185 2138 3234 ad
2172 3184 2339 3234 filium
2375 3186 2453 3235 ita
2490 3192 2671 3236 trans-

1586 3256 1746 3317 iisse,
1806 3260 1867 3304 ut
1911 3255 2022 3304 filio
2074 3254 2217 3303 haud
2264 3253 2476 3303 licuerit
2521 3254 2669 3304 alind

1587 3338 1869 3389 capessere
1903 3324 2180 3388 negotium
2224 3321 2457 3386 indeque
2504 3324 2669 3371 etiam

1585 3393 1880 3442 ascendere
1917 3392 1972 3439 in
2014 3391 2177 3440 alium
2215 3390 2484 3439 ordinem.
2524 3391 2667 3455 quod

1583 3461 1727 3510 idem
1763 3459 2084 3510 confirmant
2120 3474 2153 3508 a
2198 3458 2438 3508 Diodoro
2486 3459 2531 3520 Ι,
2576 3459 2663 3510 73

1585 3531 1653 3579 74
1684 3530 1964 3594 disputata
1988 3543 2054 3578 ac
2082 3526 2283 3576 similia
2308 3527 2603 3577 Indorum
2587 3544 2668 3577 m-

1583 3599 1806 3659 stituta‚
1847 3612 1984 3662 quae
2020 3588 2303 3660 attigimus
2340 3596 2408 3644 ad
2435 3597 2512 3653 ΙΙ,
2544 3597 2662 3648 164.

1580 3667 1653 3717 At
1701 3682 1829 3716 vero
1876 3665 2087 3716 exstitit
2130 3679 2300 3729 nuper
2341 3665 2426 3713 vir
2473 3665 2665 3715 doctus

1580 3735 1839 3801 (Ampere
1876 3736 1959 3784 in.
1992 3736 2179 3783 Revue
2215 3733 2267 3782 d.
2305 3733 2447 3783 deux
2482 3736 2664 3787 mend.

1586 3804 1739 3855 1848.
1788 3805 1853 3854 Τ.
1912 3804 2121 3854 XXIII.
2182 3818 2309 3867 pag.
2362 3802 2466 3854 838
2512 3820 2663 3870 seqq.

1578 3874 1848 3924 l’Institnt
1870 3872 2005 3923 1848
2039 3876 2174 3922 sect.
2201 3873 2276 3922 Π.
2312 3888 2393 3923 nr.
2422 3873 2519 3924 153
2547 3889 2661 3939 seq.

1582 3959 1710 4008 pag.
1762 3945 1828 3992 74
1881 3957 2024 4006 seq„
2093 3943 2278 3991 Revue
2327 3941 2666 4009 archeologi·

1583 4028 1689 4078 que
1723 4012 1791 4062 V.
1825 4026 1955 4076 pag.
1990 4010 2093 4061 405
2127 4013 2323 4075 seqq.),
2361 4013 2453 4076 qui
2489 4013 2665 4077 Aegy·

1580 4082 1817 4146 ptiorum
1843 4080 2057 4129 ordines
2075 4081 2153 4129 ita
2180 4087 2465 4144 separatos
2493 4082 2664 4131 fuisse

1584 4154 1773 4214 negat,
1812 4153 1874 4200 nt
1906 4165 2063 4199 nemo
2102 4150 2382 4214 qnisquam
2406 4151 2463 4199 in
2498 4150 2662 4199 alium

1583 4219 1821 4270 ordinem
1856 4219 2162 4282 transgredi
2200 4218 2455 4282 aliudque
2501 4233 2665 4283 nego-

1581 4290 1716 4338 tium
1754 4292 1919 4353 atque
1962 4294 2243 4352 paternum
2280 4302 2441 4353 agere
2476 4292 2663 4352 potue-
