3109 5092
459 337 583 400 362

1324 335 1867 399 HERODOTI

326 520 445 585 182
462 516 784 582 Χαλδαῖοι
803 561 821 594 ,
852 510 1075 590 ἐόντες
1102 512 1275 598 ἱρέες
1304 510 1549 581 τούτου
1575 517 1698 581 τοῦ
1733 515 1925 580 θεοῦ.
1981 508 2157 577 Φασὶ
2184 507 2262 576 δὲ
2288 511 2358 577 οἱ
2387 504 2581 577 αὐτοὶ
2608 497 2728 577 οὗ·

384 647 387 652 ·
456 643 593 700 τοι,
623 615 768 703 ἐμοὶ
796 613 923 702 μὲν
954 611 1038 682 οὐ
1072 611 1272 684 πιστὰ
1306 617 1650 702 λέγοντες,
1693 612 1814 684 τὸν
1851 608 2023 682 θεὸν
2047 608 2258 682 αὐτὸν
2289 617 2533 700 φοιτᾶν
2558 639 2630 681 τε
2663 615 2729 692 ἐς

455 717 576 788 τὸν
621 715 788 807 νηὸν
832 718 945 786 καὶ
989 715 1463 788 ἀναπαύεσθαι
1505 722 1616 789 ἐπὶ
1658 724 1773 806 τῆς
1814 724 2078 804 κλίνης,
2131 714 2431 803 κατάπερ
2469 717 2546 785 ἐν
2587 715 2724 804 Θή-

457 830 616 912 βῃσι
653 827 805 911 τῇσι
836 827 1249 909 Αἰγυπτίῃσι
1287 821 1454 892 κατὰ
1495 822 1614 892 τὸν
1657 818 1866 891 αὐτὸν
1895 819 2180 909 τρόπον,
2226 814 2314 899 ὥς
2357 821 2628 906 λέγουσι
2666 824 2733 888 οἱ

458 925 819 1014 Αἰγύπτιοι
842 946 857 960 ·
917 927 1028 993 καὶ
1074 922 1203 1015 γὰρ
1245 924 1329 1014 δὴ
1377 928 1592 997 ἐκεῖθι
1647 930 1954 1014 κοιμᾶται
1994 925 2073 992 ἐν
2110 928 2205 1016 τῷ
2243 927 2365 991 τοῦ
2397 919 2566 1003 Διὸς
2606 928 2729 992 τοῦ

458 1129 596 1190 tuis,
646 1127 1039 1178 Chaldaeorum
1074 1144 1206 1192 gens
1242 1128 1369 1179 olim
1405 1130 1544 1179 fero-

460 1198 683 1249 cissima
705 1201 760 1247 et
794 1197 1226 1258 bellicosissima,
1266 1200 1378 1262 ubi,
1419 1198 1543 1249 sub-

462 1275 589 1319 acta
638 1267 1064 1331 Mesopotamia,
1121 1268 1403 1333 Babylone
1463 1284 1544 1319 se-

463 1338 560 1388 des
597 1337 766 1400 cepit,
811 1336 1055 1401 inprimis
1092 1338 1263 1387 sacris
1302 1339 1545 1388 deorum·

461 1423 565 1472 que
589 1405 739 1456 cultu
763 1409 818 1456 et
847 1406 1116 1457 sideribus
1140 1407 1545 1472 perscrutandis

462 1476 759 1540 conspicua
796 1475 918 1526 fuit.
991 1476 1127 1526 Inde
1161 1477 1265 1527 hoc
1300 1476 1420 1528 loco
1440 1493 1546 1526 me-

463 1551 706 1597 moratur
735 1545 1076 1596 sacerdotum
1112 1547 1317 1609 tribus,
1366 1546 1545 1611 qualis

463 1615 553 1667 vel
580 1615 749 1665 multo
776 1619 901 1679 post
924 1616 1257 1666 Herodotum
1274 1654 1287 1678 ,
1318 1617 1548 1667 Alexan·

465 1686 548 1735 dri
576 1685 767 1750 Magni
784 1684 1028 1750 adeoque
1051 1687 1337 1736 Strabonis
1366 1690 1549 1737 aetate

466 1755 644 1807 adbuc
688 1756 948 1816 occurrit,
990 1756 1085 1806 ubi
1131 1761 1334 1807 certam
1383 1772 1550 1821 quan-

466 1827 589 1876 dam
638 1824 937 1889 Babylonis
992 1826 1143 1876 urbis
1191 1831 1400 1891 partem
1447 1825 1551 1875 soli

465 1896 753 1945 habitasse
807 1894 1082 1959 dicuntur,
1129 1912 1163 1946 a
1221 1896 1550 1961 reliquorum

465 1965 741 2018 hominum
789 1966 1064 2014 consortio
1112 1966 1372 2028 seiuncti,
1421 1966 1552 2030 ipsi-

468 2050 573 2100 que
608 2033 773 2083 divisi
813 2051 908 2098 per
938 2034 1120 2098 plures
1160 2034 1399 2085 familias
1435 2036 1551 2084 sive

469 2104 662 2154 tribus.
736 2103 894 2154 Conf.
936 2104 1377 2156 Strabon.XV1.
1422 2119 1549 2170 pag.

471 2171 592 2225 739.
632 2177 688 2222 et
709 2171 934 2224 Diodor.
972 2174 1046 2235 ΙΙ,
1085 2175 1169 2235 24,
1208 2174 1302 2224 ubi
1325 2173 1551 2252 Belesys

471 2246 701 2293 vocatur
736 2257 851 2290 των
887 2235 1086 2305 sepe-‘mv
1122 2211 1550 2307 ἐπισημότατος,

472 2327 574 2368 ους
586 2303 937 2374 Βαβυλωνιοι
961 2308 1549 2368 καλοῦσιΧαλδαίους.

469 2382 651 2445 Atque
685 2380 789 2430 hoc
824 2382 1000 2445 ipsum
1025 2381 1417 2433 Chaldaeorum
1447 2380 1552 2446 (sa-

471 2449 771 2516 cerdotum)
791 2466 987 2501 nomen
1005 2468 1114 2502 non
1142 2453 1276 2503 artis
1302 2452 1397 2502 sed
1422 2467 1552 2518 gen-

468 2523 543 2573 tis
580 2537 646 2572 ex
691 2520 960 2572 vocabulo
1008 2522 1228 2572 ductum
1268 2537 1389 2573 esse
1424 2522 1552 2571 scri-

468 2592 551 2641 bit
575 2591 765 2641 Cicero
791 2591 857 2642 de
884 2592 1139 2652 Divin.1,
1182 2591 1227 2655 l,
1264 2607 1405 2657 quae
1425 2606 1553 2641 vere

470 2662 579 2711 dici
617 2666 800 2714 mouet
836 2662 1029 2713 Roeth.
1068 2660 1104 2711 1.
1146 2660 1181 2712 l.
1220 2678 1273 2726 p.
1312 2662 1381 2712 ‘28
1408 2665 1549 2712 nott.

469 2733 627 2782 Haec
660 2731 826 2796 igitur
854 2731 1199 2782 sacerdotum
1225 2747 1357 2796 gens
1383 2748 1429 2782 s.
1461 2731 1555 2781 tri-

470 2802 574 2851 bus
619 2800 1009 2851 Chaldaeorum
1054 2802 1272 2851 nomine
1320 2800 1553 2866 insignis

473 2885 595 2920 oum
622 2870 887 2922 idolorum
923 2869 1093 2920 cultui
1116 2871 1407 2935 praecipue
1431 2885 1554 2934 ope-

473 2943 712 2999 raretur,
750 2940 979 2989 maxime
1001 2940 1180 2989 invisa
1208 2940 1314 2989 fuit
1336 2939 1555 2991 Iudaeis

468 3009 756 3070 Persisve,
805 3009 896 3071 qui
940 3009 1050 3072 ipsi
1096 3008 1411 3072 religionem
1449 3023 1558 3058 ma-

475 3079 559 3144 gis
596 3091 784 3142 puram
821 3092 993 3141 eoque
1032 3077 1293 3127 Iudaicae
1327 3078 1559 3127 similem

474 3146 853 3208 sectabantur,
895 3146 1118 3196 semotis
1146 3147 1396 3197 omnibus
1432 3147 1561 3197 deo-

472 3233 591 3268 rum
621 3215 921 3266 simulacris
949 3232 1015 3265 ac
1038 3216 1231 3281 signis.
1290 3216 1451 3267 Unde
1482 3218 1561 3267 in·

474 3285 768 3350 telligitur,
827 3300 923 3336 cur
980 3286 1267 3336 Persarum
1325 3302 1480 3351 reges
1534 3303 1565 3338 e

473 3355 871 3408 Chaldaeorum
906 3355 1120 3421 templis
1158 3356 1317 3422 signa
1350 3357 1565 3407 auferre

474 3425 810 3486 studuerint,
847 3431 909 3475 ut
944 3426 1090 3475 infra
1108 3426 1338 3492 legimus
1366 3427 1414 3489 Ι,
1441 3425 1559 3478 183.

472 3499 615 3548 Nam
650 3495 716 3546 de
736 3495 1061 3546 Iudaeorum
1098 3496 1454 3561 scriptoribus
1477 3501 1564 3546 ta-

475 3568 641 3628 ceb03
676 3566 767 3631 qui
804 3566 1017 3631 quoties
1052 3567 1109 3615 in
1144 3567 1349 3617 huncce
1390 3565 1562 3616 idolo-

474 3654 591 3688 rum
629 3635 830 3686 cultum
867 3635 1221 3699 invehantur,
1261 3637 1398 3686 satis
1436 3651 1561 3686 con-

474 3711 605 3757 stat.
654 3705 968 3771 Astrologia
1009 3710 1193 3756 autem
1236 3706 1352 3755 sive
1399 3721 1561 3756 accu-

474 3776 665 3826 ratiori
719 3775 955 3826 siderum
1020 3776 1358 3840 cognitione,
1419 3791 1562 3840 quae

472 3846 611 3899 adeo
658 3859 779 3894 cum
816 3844 939 3907 ipsa
994 3844 1261 3910 religione
1302 3849 1363 3896 et
1409 3844 1560 3895 cultu

473 3909 695 3964 deorum
730 3913 1022 3964 coniuncta
1062 3913 1371 3978 ferebant,
1409 3930 1562 3979 prae-

473 3985 630 4064 cipue
679 3981 985 4034 Chaldaeos
1038 3984 1350 4034 sacerdotes
1394 3983 1561 4035 incla-

472 4052 647 4103 ruisse
674 4054 921 4116 quamvis
951 4068 1107 4102 nemo
1134 4053 1377 4119 ignoret,
1413 4053 1562 4106 haud

474 4126 660 4172 tamen
706 4120 1007 4184 poenitebit
1042 4122 1367 4184 contulisse,
1418 4139 1563 4188 quae

476 4190 695 4256 egregie
742 4205 862 4240 eam
906 4190 964 4238 in
1009 4205 1123 4240 rem
1167 4192 1414 4258 disputat
1459 4192 1564 4244 Ge-

475 4260 657 4311 senius
705 4258 745 4309 1.
804 4258 844 4309 l.
891 4273 1017 4324 pag.
1082 4259 1178 4311 351
1235 4276 1416 4326 seqq„
1472 4261 1563 4312 cui

474 4329 616 4382 adde
639 4330 983 4382 Muenterum
1018 4327 1056 4380 1.
1082 4328 1120 4379 1.
1160 4345 1286 4396 pag.
1309 4329 1379 4381 79
1404 4345 1559 4397 seqq.

474 4400 543 4456 83
584 4411 736 4467 seqq.

1949 1127 2080 1176 Car.
2115 1123 2443 1176 CLXXXII.

1719 1222 1863 1278 Φασὶ
1883 1222 1945 1278 δὲ
1963 1221 2025 1277 οἷ
2038 1218 2202 1277 αὐτοὶ
2224 1213 2409 1291 οὗτοι]
2429 1227 2732 1280 Articulum

1650 1292 1732 1360 οἷ,
1773 1297 1911 1348 male
1947 1299 2002 1347 in
2039 1298 2364 1363 quibusdam
2403 1297 2731 1348 editionibus

1650 1369 1932 1428 omissum,
1966 1369 2157 1418 merito
2184 1372 2511 1417 revocarunt
2538 1368 2735 1419 Sohae-

1651 1439 1815 1498 ferus‚
1855 1438 2127 1503 Schwgh„
2165 1437 2363 1499 Gaias„
2401 1453 2524 1487 cum
2549 1454 2733 1489 omnes

1649 1509 1762 1558 fere
1797 1478 1922 1556 libri
1957 1508 2147 1573 scripti
2182 1523 2303 1557 eum
2337 1507 2627 1557 retineant.
2665 1540 2735 1548 —-

1649 1569 2052 1626 ἀναπαύεσθαι
2083 1577 2303 1642 scripsi,
2342 1577 2495 1626 libris
2516 1578 2735 1643 scriptis

1653 1648 1734 1697 sic
1770 1647 2081 1698 iubentibus
2116 1652 2170 1698 et
2207 1645 2262 1698 b.
2296 1646 2334 1697 l.
2365 1652 2421 1697 et
2448 1648 2494 1710 1,
2535 1648 2618 1697 12.
2656 1648 2733 1710 ΙΙ,

1651 1717 1738 1768 95.
1777 1717 1936 1768 Conf.
1971 1721 2111 1767 nott.
2148 1716 2218 1766 ad
2254 1717 2300 1780 1,
2342 1715 2460 1766 181.

1724 1795 1847 1868 ἐμοὶ
1876 1798 1981 1868 μὲν
2013 1794 2081 1854 οὗ
2110 1795 2282 1853 πιστὰ
2301 1799 2578 1870 λέγοντες]
2605 1804 2736 1855 Istis

1653 1874 1989 1938 hominibus,
2042 1874 2135 1939 qui
2190 1889 2402 1937 semper
2452 1873 2610 1923 nobis
2668 1874 2736 1925 de

1654 1944 1800 1996 mala
1832 1944 2100 1994 Herodoti
2134 1942 2239 1993 fide
2282 1943 2521 1994 clamant
2556 1959 2738 1994 aures-

1652 2030 1757 2080 que
1785 2014 2121 2076 obtundunt,
2153 2028 2273 2063 cum
2293 2013 2629 2063 Herodotum
2653 2029 2741 2064 sa-

1653 2083 1932 2134 cerdotum
1977 2084 2285 2134 ministrum
2329 2083 2583 2133 dictitent
2627 2087 2739 2134 tur-

1654 2155 1898 2219 piterque
1939 2154 2009 2203 ab
2043 2152 2128 2204 his
2175 2152 2309 2217 ipsis
2355 2152 2553 2203 falsum
2591 2156 2646 2203 et
2686 2154 2738 2203 in

1652 2222 1871 2273 fraudes
1913 2223 2224 2285 inductum,
2284 2237 2385 2272 nec
2433 2223 2537 2273 hac
2582 2239 2740 2274 occa-

1654 2294 1807 2343 sione
1845 2292 2055 2354 oblata,
2092 2308 2194 2342 nec
2230 2291 2370 2341 alias
2407 2293 2623 2343 omnino
2660 2309 2740 2344 re-

1655 2362 1923 2427 spondere
1957 2363 2251 2427 quidquam
2283 2361 2491 2426 placet3
2538 2364 2740 2413 adscri-

1655 2433 1783 2483 bere
1827 2438 2008 2483 tamen
2051 2432 2205 2482 iuvat
2251 2432 2512 2482 Larcheri
2554 2437 2739 2482 notam

1656 2503 1729 2554 ad
1764 2502 1817 2551 h.
1854 2502 1891 2552 l.
1928 2502 2137 2554 Gallico
2169 2517 2414 2552 sermone
2450 2502 2534 2551 his
2559 2504 2740 2552 verbis

1657 2574 1999 2636 conceptam:
2066 2568 2318 2634 „Malgrd
2366 2571 2423 2621 la
2479 2571 2742 2623 credulite

1658 2643 1731 2692 du
1768 2641 1962 2705 siecle,
1998 2640 2069 2692 οιῖι
2106 2641 2281 2691 vivait
2313 2641 2621 2704 Herodoto,
2671 2659 2742 2692 on

1659 2717 1850 2762 trouve
1884 2712 2021 2762 dans
2058 2727 2145 2762 ses
2181 2711 2345 2764 ecrits
2382 2712 2476 2762 des
2513 2727 2743 2775 preuves

1658 2783 1709 2833 d'
1715 2797 1787 2831 un
1801 2780 2089 2846 jugement
2110 2784 2232 2833 sain
2250 2786 2307 2831 et
2343 2778 2562 2833 dclaire.
2568 2781 2603 2808 ‘⁴
2658 2783 2745 2831 In-

1659 2852 1745 2901 fra
1798 2853 1843 2912 1,
1894 2850 2012 2902 183.
2063 2850 2426 2902 narrationem
2472 2850 2746 2902 concludit

1659 2920 1841 2970 verbis
1862 2921 2061 2971 Noster
2080 2920 2253 2973 bisce:
2286 2910 2396 3000 byn}
2425 2915 2490 2969 δέ
2513 2936 2611 2981 μιν
2637 2913 2744 2970 οὐκ

1660 2982 1840 3038 εἶδον·
1865 2982 1933 3039 τὰ
1956 2985 2020 3039 δὲ
2037 2986 2251 3054 λέγεται
2273 2979 2391 3040 ὑπὸ
2416 2987 2743 3054 Χαλδαίων,

1661 3055 1839 3108 ταῦτα
1875 3057 2034 3125 λέγω.
2107 3061 2234 3112 Vid.
2282 3065 2635 3112 commentat.
2678 3062 2746 3112 de

1663 3130 1781 3179 vita
1819 3135 1874 3180 et
1909 3131 2122 3194 scriptt.
2159 3130 2425 3182 Herodoti
2460 3133 2512 3193 ξ.
2546 3131 2633 3182 10.

1733 3211 1829 3265 καὶ
1878 3207 1982 3280 γὰρ
2014 3208 2101 3297 δὴ
2146 3207 2329 3266 ἕκειθι
2377 3213 2640 3279 κοιμᾶται
2685 3207 2746 3266 ἐν

1664 3282 1745 3346 τῷ
1783 3285 1891 3335 τοῦ
1925 3278 2066 3343 Διὸς
2111 3285 2216 3336 τοῦ
2251 3284 2534 3351 Θηβαιέος
2581 3279 2747 3351 γυνή]

1663 3353 1749 3404 De
1792 3356 1968 3406 forma
2000 3352 2283 3421 Θηβαιέος
2320 3356 2433 3406 vid.
2482 3354 2745 3421 Stephan.

1664 3423 1898 3485 Byzant.
1947 3441 1991 3476 s.
2039 3442 2093 3475 v.
2141 3422 2327 3492 Θῆβαι
2377 3431 2432 3476 et
2479 3424 2623 3476 infra
2674 3427 2747 3489 11,

1663 3492 1751 3544 42.
1802 3497 1887 3547 54.
1971 3495 2172 3547 Struve
2230 3497 2455 3558 Quaest.
2504 3495 2746 3546 Herodd.

1665 3561 1824 3627 Spec.
1861 3565 1936 3615 11.
1976 3581 2028 3630 p.
2064 3567 2118 3615 4.
2189 3565 2340 3616 Alias
2385 3566 2585 3616 Noster
2627 3581 2748 3615 cum

1667 3632 1792 3683 aliis
1829 3635 2182 3699 scriptoribus
2216 3639 2447 3700 usurpat
2491 3636 2751 3686 adiectivi

1667 3702 1892 3754 formam
1940 3701 2196 3771 Θηβαῖος
2244 3702 2501 3784 (11‚166)
2539 3704 2751 3755 eodem-

1664 3788 1771 3837 que
1830 3789 1993 3825 sensu
2044 3766 2336 3838 Θηβαϊκὸς
2395 3775 2471 3835 ΙΙ,
2535 3775 2570 3825 4
2622 3773 2748 3826 coll.

1663 3841 1843 3907 Apoll.
1876 3843 2048 3894 Rhod.
2077 3842 2249 3895 schol.
2286 3858 2341 3908 p.
2366 3844 2435 3896 43
2464 3847 2518 3894 et
2545 3860 2599 3909 p.
2625 3845 2749 3895 641.

1663 3912 1840 3963 Paris.
1877 3943 1946 3953 —-
1981 3914 2067 3964 Ad
2095 3927 2206 3964 rem
2242 3914 2414 3978 ipsam
2448 3916 2754 3977 comparari

1664 3982 1911 4032 volumus
1967 3987 2185 4047 praeter
2232 3982 2517 4033 Strabonis
2572 3981 2753 4036 locum

1667 4067 1790 4101 mox
1815 4052 2165 4104 indicandum
2185 4052 2468 4103 Minutoli.
2507 4052 2670 4103 Reise
2700 4070 2750 4103 a.

1666 4122 1857 4187 Temp.
1906 4122 1959 4173 d.
1996 4123 2205 4187 Iupiter
2249 4123 2484 4172 Ammon
2525 4136 2581 4186 p.
2630 4123 2752 4174 121.

1663 4190 1771 4241 Hic
1821 4193 1963 4244 enim
2025 4192 2083 4242 in
2138 4190 2339 4256 templo
2391 4191 2752 4256 Aegyptiace,

1664 4253 1809 4324 q'uod
1829 4261 2051 4310 Kar-nale
2083 4260 2442 4311 inmderibus
2475 4265 2582 4323 est,
2616 4263 2753 4311 ima—

1664 4329 1845 4395 ginem
1876 4330 2103 4393 invenit,
2141 4331 2240 4381 ubi
2270 4331 2428 4380 iuxta
2461 4345 2642 4395 regem
2667 4346 2754 4380 sa-

1665 4399 2021 4468 oea-mque
2052 4397 2265 4467 puellae
2291 4411 2513 4468 quoque
2536 4400 2756 4468 conspi-
