3109 5092
1109 325 1606 389 EUTERPE.
1662 330 1745 390 11.
1794 341 1913 393 100.
2529 338 2653 400 647

384 496 743 585 Αἰγύπτιοι
769 499 1219 585 βασιλεύοντα
1249 504 1482 591 σφέων
1507 499 1943 590 ἀπέκτειναν,
1988 502 2504 590 ἀποκτείναντες
2547 512 2644 598 δὲ,

382 598 560 671 οὕτω
618 605 844 691 ἐκείνῃ
882 599 1223 674 ἀπέδοσαν
1260 603 1386 695 τὴν
1441 614 1840 697 βασιληΐην,
1894 607 2108 702 τούτῳ
2147 614 2644 703 τιμωρέουσαν,

298 720 397 778 149
417 705 706 787 πολλοὺς
722 712 1117 794 Αἰγυπτίων
1145 714 1546 801 διαφθεῖραι
1588 711 1786 805 δόλῳ.
1854 717 2315 802 ποιησαμένην
2356 716 2484 805 γάρ
2524 745 2645 805 μιν

379 819 626 898 οἴκημα
666 817 1028 902 περίμηκες
1070 808 1401 899 ὑπόγαιον
1438 821 1725 884 καινοῦν
1778 821 1876 909 τῷ
1908 814 2089 910 λόγῳ
2110 866 2129 901 ,
2183 816 2320 912 νόῳ
2358 818 2435 888 δὲ
2472 816 2643 892 ἄλλα

378 975 672 1041 thiopicam
706 982 889 1029 tamen
920 978 1055 1030 dicit
1085 981 1318 1033 Heeren.
1359 981 1398 1034 1.
1425 980 1461 1032 l.

376 1046 451 1109 11,
489 1047 536 1097 1.
575 1061 701 1113 pag.
736 1049 857 1111 412,
892 1049 983 1099 ubi
1024 1055 1248 1114 monet,·
1269 1050 1325 1101 in
1360 1052 1462 1102 Ae·

373 1117 684 1180 gyptiorum
721 1116 883 1169 rebus
905 1118 1110 1170 nullam
1142 1136 1461 1172 commemo-

1567 982 1633 1033 In
1667 998 1819 1049 seqq.
1856 984 2052 1037 verbex
2098 977 2202 1050 τὴν
2243 980 2435 1051 ἔλεγον
2473 1002 2640 1052 τιμω-

1564 1048 1807 1113 ρέουσαν
1867 1043 2127 1119 ἀδελφεῷ
2137 1091 2153 1117 ,
2223 1070 2362 1120 quae
2420 1061 2641 1121 propter

1560 1120 1733 1172 multa
1752 1121 1865 1173 alia
1880 1122 2170 1174 interiecta
2186 1129 2504 1188 repetuntur
2521 1142 2640 1176 ver-

373 1184 484 1235 rari
510 1187 751 1251 reginam
771 1187 1078 1252 mulierem,
1117 1191 1215 1241 sed
1233 1192 1290 1240 in
1330 1207 1459 1242 ana-
1560 1190 1643 1241 bis
1686 1183 1868 1259 τούτῳ
1902 1189 2316 1257 τιμωρέουσαν,
2365 1195 2640 1260 iungenda

373 1254 589 1320 glyphis
625 1255 963 1322 Aethiopicis
996 1274 1185 1310 recens
1221 1260 1455 1311 detectis

374 1324 555 1390 plures
581 1326 824 1391 conspici
843 1326 1074 1379 feminas
1096 1329 1332 1394 reginas.
1370 1329 1454 1380 Ad

374 1409 509 1459 qiias
535 1395 698 1445 etiam
729 1396 1056 1461 pertinuisse
1082 1399 1202 1449 vult
1225 1400 1454 1451 Nitocrin

371 1463 756 1514 Herodoteam.
824 1465 888 1516 In
911 1468 1045 1532 ipsis
1060 1468 1450 1534 Aegyptiorum

369 1534 729 1584 monumentis
745 1534 851 1585 hoc
871 1536 1096 1601 reginae
1106 1553 1300 1588 nomen
1322 1554 1452 1590 non-

372 1603 497 1653 dum
535 1608 622 1654 est
655 1604 961 1669 inventum,
1012 1607 1155 1671 quod
1194 1624 1358 1659 unum
1393 1609 1452 1659 in

371 1677 528 1731 sexta
571 1673 917 1725 Manethonis
967 1677 1222 1741 dynastia
1277 1693 1451 1743 eaque

367 1742 718 1808 Memphitica
747 1750 1049 1810 comparet,
1092 1747 1186 1796 ubi
1213 1748 1451 1799 omnium

367 1827 502 1862 suae
557 1814 758 1863 aetatis
805 1813 1199 1867 formosissima
1252 1817 1452 1867 dicitur

372 1881 617 1945 Nilos-ris,
672 1898 813 1947 quae
861 1884 1079 1935 tertiam
1115 1886 1449 1951 pyramidem

366 1952 696 2002 exstruxerit
773 1968 1106 2019 regnumque
1178 1970 1274 2020 per
1340 1956 1449 2006 XII

368 2036 540 2070 annos
599 2022 835 2072 tenuerit
881 2022 1142 2087 (Syncell.
1196 2040 1326 2089 pag.
1380 2026 1448 2075 58

366 2090 483 2139 sive
536 2105 663 2155 pag.
717 2091 858 2157 108).
941 2092 1322 2143 Thebanorum
1367 2109 1442 2144 re-

364 2174 491 2222 gum
527 2160 582 2209 in
625 2159 808 2211 indice
850 2161 995 2226 apud
1028 2162 1446 2213 Eratosthenem

365 2227 521 2291 (ibid.
565 2244 694 2294 pag.
745 2229 896 2281 1043.
947 2246 1074 2297 pag.
1124 2232 1254 2296 145)
1295 2232 1448 2282 Nito-

362 2298 469 2348 cris
527 2299 844 2349 vicesimum
913 2299 1207 2351 secundum
1268 2299 1444 2351 locum

362 2367 602 2431 obtinet,
653 2368 856 2419 femina
887 2369 1010 2420 loco
1047 2370 1440 2435 viri-regnans.

360 2437 538 2498 Quam
572 2437 797 2488 eandem
843 2454 963 2489 esse
999 2443 1165 2504 atque
1198 2440 1444 2490 Herodo-

356 2510 502 2557 team
537 2522 681 2557 nunc
727 2507 844 2559 fere
885 2509 1141 2559 convenit
1187 2510 1330 2560 inter
1363 2510 1442 2559 vi·

358 2591 449 2626 ros
499 2577 720 2637 doctos3
761 2577 873 2628 vid.
922 2579 1142 2628 Bunsen
1186 2577 1225 2628 l.
1272 2578 1311 2629 l.
1358 2579 1438 2630 11.

355 2662 411 2710 p.
449 2646 550 2697 193
585 2661 697 2711 seq.
728 2646 832 2697 ⁰236
872 2663 1018 2714 seq.,
1056 2648 1289 2712 Lepsius
1323 2646 1361 2697 l.
1399 2647 1437 2698 l.

355 2730 484 2779 pag.
523 2715 643 2765 256.
682 2716 810 2779 270,
872 2717 1042 2767 Fruin
1072 2718 1156 2767 De
1191 2717 1435 2767 Manetb.

357 2784 653 2850 Sebennyt.
705 2801 758 2851 p.
811 2785 926 2849 105,
971 2785 1264 2836 Rosellini:
1323 2787 1440 2837 Mo-

354 2868 502 2904 num.
540 2855 726 2905 storic.
768 2854 812 2904 Ι.
850 2871 902 2920 p.
942 2854 1011 2906 30
1036 2871 1150 2920 seq.
1195 2854 1272 2907 11.
1307 2871 1434 2921 pag.

360 2922 477 2985 138,
515 2925 608 2989 qui
638 2940 836 2975 nomen
849 2924 1091 2989 reginae,
1122 2939 1283 2989 quam
1305 2926 1438 2975 Era-

355 2992 635 3044 tosthenes
679 2993 717 3045 l.
765 2992 802 3045 1.
841 2994 1019 3045 reddit
1055 2986 1307 3057 Ἀθηνᾶν
1351 3009 1435 3043 νι-

353 3053 634 3126 κηφόρον,
655 3064 922 3128 probante
944 3062 1260 3115 Iablonskio
1279 3078 1433 3114 vocc.

354 3131 526 3198 Aegg.
566 3148 692 3198 pag.
735 3134 849 3196 162,
882 3132 1071 3184 eodem
1119 3132 1232 3184 fere
1275 3132 1435 3184 modo

349 3203 768 3267 interpretatur,
808 3218 928 3254 cum
965 3202 1065 3253 Nee
1096 3218 1141 3256 s.
1180 3203 1272 3253 Nic
1303 3201 1436 3252 nihil

351 3270 498 3322 aliud
540 3271 615 3321 sit
653 3272 760 3322 nisi
797 3271 962 3335 ΝείιΙι,
1007 3272 1044 3323 i.
1083 3288 1131 3324 e.
1167 3272 1433 3334 Minerva,

351 3344 407 3392 et
453 3342 559 3391 Oro
616 3357 659 3393 s.
722 3340 838 3391 Kro
893 3341 1164 3405 significet
1214 3346 1429 3393 vincere.

349 3409 492 3461 Add.
549 3410 823 3459 Letronne
884 3407 1040 3471 (Rev.
1105 3408 1430 3474 Archeolog.

349 3479 447 3529 IV.
483 3494 628 3544 pag..
654 3476 759 3529 550
799 3482 854 3528 et
897 3476 1058 3527 Mem.
1105 3481 1174 3529 de
1218 3478 1428 3530 l’Acad.

350 3547 402 3598 d.
451 3548 623 3597 Inscr.
669 3546 822 3607 XIX,
873 3547 921 3596 l.
969 3562 1096 3612 pag.
1147 3548 1290 3613 127),
1338 3549 1430 3612 qui

348 3616 598 3668 Nitocrin
673 3614 1032 3681 Babyloniam
1123 3616 1429 3681 Aegyptiae

348 3686 537 3751 stirpis
586 3685 757 3736 fuisse
801 3684 927 3735 inde
982 3683 1222 3749 colligit,
1283 3684 1426 3748 quod

345 3755 844 3806 Nabuchodonosor
897 3752 1122 3815 bellum,
1181 3753 1326 3818 quod
1369 3753 1426 3803 in

345 3826 652 3891 Aegyptum
700 3823 973 3885 intulerit,
1021 3822 1103 3872 ita
1146 3837 1427 3886 composu-

345 3895 474 3956 erit,
511 3898 574 3943 ut
590 3892 846 3959 Aegyptii
877 3893 1021 3957 regis
1041 3890 1207 3941 filiam
1231 3891 1288 3940 in
1315 3905 1427 3940 ma-

346 3963 652 4012 trimonium
676 3961 966 4026 acceperit.
1037 3961 1178 4011 Utut
1213 3964 1315 4021 est,
1353 3960 1425 4010 ad

345 4030 560 4081 fabulas
599 4031 745 4081 haud
784 4030 1062 4080 reiecerim
1094 4030 1236 4080 hanc
1270 4029 1424 4080 Nito-

344 4099 477 4161 crin,
498 4104 560 4149 ut
578 4098 785 4164 placuit
805 4099 1079 4150 Moversio
1098 4099 1229 4165 (Die
1252 4097 1425 4149 Phoe-

341 4167 450 4218 niz.
484 4167 531 4217 I.
571 4183 625 4232 p.
662 4166 793 4229 628)
825 4167 1088 4251 aliisque,
1136 4168 1230 4234 qui
1268 4167 1425 4218 deam

339 4241 437 4358 1¹:32?
437 4236 1421 4372 ¹3¹5..1‘1³.¹;⁸;“;.1¹3.3¹}2⁶2²?023.¹33”2¹3

337 4375 514 4443 Pauly
546 4375 963 4442 RealencycIOP.
1001 4377 1069 4429 V.
1103 4392 1154 4441 p.
1192 4374 1316 4432 664.
1353 4406 1423 4416 -

1556 1266 1685 1311 sunt
1706 1276 1826 1311 cum
1849 1261 2030 1313 verbis
2046 1254 2293 1320 πολλοὺς
2317 1257 2639 1328 Αἰγυπτίων

1553 1326 1898 1394 διαφθεῖραι
1926 1322 2096 1398 δόλῳ.

1624 1397 2019 1464 ποιησαμένην
2048 1390 2153 1463 γάρ
2177 1414 2278 1463 μιν
2300 1396 2513 1464 οἴκημα
2539 1415 2637 1450 πε-

1555 1467 1789 1532 ρίμηκες
1832 1485 1884 1519 κ.
1932 1483 1981 1519 τ.
2029 1466 2100 1534 L]
2149 1468 2326 1534 Vulgo
2373 1469 2509 1520 haec
2554 1471 2638 1520 ita

1553 1539 1858 1603 accipiunt:
1882 1538 2119 1601 „fecisse
2135 1538 2349 1589 scilicet
2374 1538 2636 1590 conclave

1551 1607 1921 1673 praelongam·
1951 1609 2385 1671 subterraneum,
2433 1624 2633 1660 novum

1552 1677 1809 1742 quiddam
1834 1694 1895 1728 se
1911 1677 2088 1728 moliri
2112 1677 2383 1728 dicentem
2399 1715 2413 1740 ,
2449 1678 2633 1729 animo

1551 1746 1699 1798 aliud
1745 1747 2134 1811 cogitantem.“
2226 1747 2333 1797 Ubi
2389 1744 2634 1796 καινοῦν

1552 1832 1675 1866 cum
1743 1815 1931 1881 glossa
1995 1814 2259 1866 Herodot.
2327 1821 2629 1879 exponunt:

1551 1877 1879 1948 χρήσασθαι
1915 1875 2061 1951 λόγῳ
2099 1881 2299 1948 καινῷ,
2346 1900 2471 1934 novo
2509 1899 2629 1949 quo·

1550 1955 1665 2003 dam
1678 1969 1905 2004 sermone
1916 1956 2004 2017 uti,
2022 1953 2465 2019 quemadmodum
2484 1953 2632 2019 apud

1549 2022 1854 2088 Thucydid.
1892 2022 1999 2085 111,
2035 2022 2103 2073 82
2149 2020 2499 2071 καινοῦσθαι
2531 2014 2632 2079 τὰς

1548 2090 1839 2155 διανοίας,
1874 2107 2029 2142 novas
2056 2094 2377 2156 eoeooqitams
2410 2106 2524 2142 esse
2541 2108 2627 2142 ra-

1545 2163 1723 2211 tiones.
1775 2160 1882 2211 Sed
1904 2160 2300 2212 Valckenarius
2318 2161 2483 2211 verbo
2507 2175 2628 2210 και-

1548 2228 1692 2279 νοῦν
1725 2232 2049 2294 auspicandi,
2084 2231 2427 2295 inaugurandi
2445 2234 2502 2280 et
2538 2232 2625 2281 de-

1544 2300 1752 2349 dicandi
1766 2301 1960 2350 tribuit
1982 2300 2257 2350 notionem
2271 2336 2285 2362 ,
2321 2314 2483 2365 quam
2504 2314 2628 2350 ean-

1544 2368 1665 2419 dem
1710 2369 1765 2420 in
1812 2370 1978 2420 verbo
2028 2375 2297 2435 cognatae
2337 2369 2524 2434 stirpis
2558 2384 2626 2420 ac

1541 2438 1959 2504 significationis
1992 2435 2264 2495 καινίζειν
2309 2437 2450 2487 idem
2484 2454 2626 2488 com-

1541 2509 1757 2572 probat.
1828 2510 1947 2558 Iam
1982 2506 2061 2575 τῷ
2096 2500 2244 2574 λόγῳ
2280 2506 2375 2572 (de
2411 2522 2519 2572 quo
2547 2508 2622 2558 cs.

1539 2581 1681 2628 nott.
1720 2576 1791 2626 ad
1827 2578 1874 2639 Ι,
1918 2574 2013 2640 59)
2046 2577 2151 2626 erit
2187 2575 2497 2640 oppositum
2543 2593 2624 2627 se-

1538 2646 1728 2710 quenti
1770 2638 1912 2712 νόῳ,
1970 2643 2424 2710 quemadmodum
2483 2646 2621 2696 alias

1539 2715 1645 2764 sibi
1681 2719 2026 2779 opponuntur
2057 2709 2203 2779 λόγῳ
2237 2704 2342 2776 μὲν
2374 2744 2445 2753 --
2478 2708 2621 2782 ἔργῳ

1538 2776 1630 2844 δὲ,
1668 2783 1779 2833 alia
1812 2784 1868 2833 id
1898 2798 2098 2849 genus,
2136 2786 2192 2833 et
2220 2782 2364 2846 apud
2391 2784 2622 2833 Latinos

1533 2852 1687 2904 verbo
1726 2879 1789 2889 -
1828 2869 1888 2903 re
1918 2868 2057 2904 vena.
2128 2851 2288 2903 Unde
2334 2866 2453 2903 eam
2501 2868 2622 2903 esse

1535 2921 1655 2973 vult
1673 2922 1756 2972 vir
1780 2921 1972 2973 doctus
1995 2921 2101 2972 loci
2115 2921 2463 2972 sententiam:
2488 2923 2625 2988 quod

1527 2994 1653 3056 fieri
1665 3000 1941 3043 curaverat
1956 2995 2225 3056 spadorum
2245 2993 2479 3042 conclave
2503 2992 2620 3043 sub-

1534 3070 1847 3124 terraneum,
1884 3062 2037 3112 verbo
2068 3062 2263 3127 quidem
2286 3063 2615 3126 αιιερίοαιαιη,

1533 3132 1631 3183 sed
1660 3148 1722 3181 re
1755 3147 1878 3181 vera
1901 3133 2007 3181 alia
2022 3132 2186 3195 fuisse
2207 3131 2491 3181 meditatam
2514 3130 2614 3196 (sc.

1535 3200 1821 3268 reginam).
1874 3202 1949 3251 Et
1985 3206 2202 3265 praeter
2230 3201 2617 3252 Schneiderum

1533 3271 1591 3320 in
1626 3272 1762 3322 Lex.
1808 3270 2023 3333 Graec„
2070 3271 2162 3335 qui
2199 3270 2322 3319 voci
2373 3267 2618 3318 καινοῦν

1532 3339 1660 3390 inde
1699 3340 1843 3390 hanc
1876 3339 2178 3403 auspicandi
2214 3338 2409 3387 tribuit
2451 3337 2617 3401 signi-

1531 3408 1872 3472 ficationem,
1922 3406 2440 3470 Schweighaeusero
2479 3420 2613 3469 quo-

1530 3493 1636 3543 que
1670 3477 1831 3528 valde
1881 3476 2067 3526 arrisit
2109 3474 2245 3524 haec
2291 3473 2615 3538 interpreta-

1527 3547 1607 3596 tio
1626 3546 1865 3610 itemque
1883 3542 2162 3594 Dindorfio
2186 3543 2242 3591 in
2258 3541 2423 3592 Thes.
2446 3541 2615 3592 Grae—

1530 3614 1627 3665 cit.
1666 3615 1763 3664 IV.
1802 3629 1856 3677 p.
1892 3613 2014 3663 815.
2085 3613 2164 3661 Ac
2195 3605 2443 3675 praestat
2464 3615 2615 3660 certe

1528 3683 1611 3733 sic
1645 3682 2016 3746 interpretari,
2052 3694 2214 3744 quam
2249 3694 2369 3729 cum
2398 3680 2611 3743 Toupio

1528 3750 1820 3813 (Emendd.
1854 3750 1912 3799 in
1939 3748 2094 3800 Suid.
2133 3748 2241 3798 111.
2271 3764 2343 3813 pa
2385 3785 2398 3798 .
2439 3748 2540 3799 193
2559 3763 2605 3800 s.

1527 3837 1581 3887 p.
1619 3820 1764 3885 468.)
1800 3818 1981 3883 legere
2015 3813 2313 3878 ξεινιδνα
2373 3832 2470 3881 pro
2488 3832 2608 3866 και-

1528 3886 1696 3951 νοῦν)
1731 3880 1834 3951 μὲν
1870 3883 1949 3953 τῷ
1980 3880 2156 3954 λόγῳ,
2206 3885 2262 3935 id
2299 3886 2444 3952 quod
2475 3888 2611 3937 Lar-

1528 3958 1688 4009 chero
1710 3954 1934 4021 placuit,
1966 3961 2065 4006 aut
2088 3970 2210 4005 cum
2235 3954 2438 4006 Corae:
2463 3945 2607 4005 ὑπό-

1523 4041 1690 4092 γαιον
1725 4018 1831 4089 μὲν
1868 4015 1987 4075 ἐὸν
2021 4023 2101 4092 τῷ
2131 4016 2304 4091 λόγῳ,
2354 4025 2499 4091 quod
2537 4041 2606 4076 ne

1524 4095 1783 4148 Larcheri
1836 4094 2050 4160 quidem
2091 4093 2219 4145 tulit
2265 4095 2604 4160 applausum.

1522 4165 1631 4218 Sed
1651 4162 1879 4229 οἴκημα,
1904 4164 1952 4214 si
1972 4162 2463 4215 Valckenarianam
2487 4180 2609 4230 pro·

1522 4237 1619 4286 bes
1650 4235 1945 4297 rationem,
1983 4234 2086 4284 erit
2108 4250 2217 4284 non
2250 4238 2362 4284 tam
2383 4249 2603 4295 camera,

1522 4307 1783 4367 conclave,
1854 4319 2016 4369 quam
2081 4304 2236 4353 aedes
2251 4337 2266 4365 ,
2345 4303 2601 4363 aedicula3

1523 4375 1725 4440 quippe
1762 4373 1974 4423 facilior
2008 4374 2123 4423 tum
2168 4371 2391 4438 reginae
2434 4371 2603 4422 fraus.
