3109 5092
1210 382 1462 447 CLIO.
1507 385 1556 443 Ι.
1604 395 1657 447 3.
1699 395 1752 448 4.
2543 390 2608 451 11

333 552 668 635 πείσαντος
722 551 937 626 αὐτοῦ
972 551 1247 646 Ἑλένην
1263 609 1283 643 ,
1329 573 1502 627 τοῖσι
1530 553 1804 647 Ἕλλησι
1848 559 2067 645 δόξαι,
2126 566 2396 650 πρῶτον
2443 566 2610 652 πέμ-

332 674 591 740 ψαντας
631 656 993 746 ἀγγέλους,
1048 658 1394 732 ἀπαιτέειν
1438 686 1511 730 τε
1547 656 1825 751 Ἑλένην
1865 665 1978 733 καὶ
2025 670 2216 746 δίκας
2241 670 2358 753 τῆς
2394 660 2609 754 ἄρπα-
2653 692 2666 700 ”

332 768 455 851 γῆς
511 765 780 832 αἰτέειν.
848 762 1006 845 τούς
1053 764 1163 851 δὲ,
1221 767 1727 853 προϊσχομένων
1773 771 2013 851 ταῦτα,
2074 771 2443 859 προφέρειν
2486 793 2609 859 σφι

332 872 644 955 Μηδείης
670 864 796 955 τὴν
822 863 1169 958 ἁρπαγὴν,
1210 862 1299 949 ὥς
1334 864 1418 938 οὐ
1454 867 1687 949 δόντες
1721 867 1914 940 αὐτοὶ
1949 876 2142 951 δίκας
2172 869 2333 941 οὐδὲ
2369 874 2604 945 έκδόν·

330 998 440 1051 τες
475 967 974 1053 ἀπαιτεόντων,
1019 972 1377 1059 βουλοίατό
1416 993 1541 1060 σφι
1577 970 1740 1061 παρ’
1780 971 2008 1043 ἄλλων
2045 979 2237 1056 δίκας
2272 983 2606 1062 γίνεσθαι.

330 1078 555 1161 Μέχρι
596 1073 723 1161 μὲν
769 1065 869 1144 ὧν
909 1074 1155 1144 τούτου
1190 1072 1495 1165 ἁρπαγὰς
1541 1074 1796 1164 μούνας
1837 1074 2012 1147 εἶναι
2071 1075 2235 1169 παρ’
2275 1076 2606 1169 ἀλλήλων,
2623 1092 2660 1150 4

330 1175 405 1246 τὸ
441 1174 674 1247 (1ὲᾶπό
702 1176 951 1248 τούτου
968 1176 1295 1267 Ἕλληνας
1324 1177 1409 1268 δὴ
1436 1179 1744 1268 μεγάλως
1769 1186 2025 1262 αἰτίους
2053 1184 2394 1269 γενέσθαι.
2442 1210 2607 1272 προ-

331 1284 561 1367 τέρους
597 1278 725 1369 γὰρ
755 1278 952 1370 ἄρξαι
994 1282 1482 1371 στρατεύεσθαι
1524 1285 1594 1363 ές
1631 1281 1755 1372 τὴν
1783 1280 2012 1373 Ἀσίην
2049 1279 2092 1374 ἢ
2130 1287 2344 1373 σφέας
2380 1290 2447 1368 ές
2486 1286 2611 1378 τὴν

326 1381 693 1473 Εὐρώπην.
740 1384 816 1455 τὸ
848 1389 974 1474 μέν
1002 1414 1134 1456 νυν
1157 1382 1481 1476 ἁρπάζειν
1505 1402 1865 1474 γυναῖκας,
1897 1386 2172 1476 ἀνδρῶν
2198 1386 2458 1460 ἀδίκων
2489 1419 2604 1460 νο-

326 1495 542 1576 μίζειν
577 1494 778 1576 ἔργον
818 1487 1022 1559 εἶναι·
1067 1488 1142 1559 τὰ
1182 1491 1259 1560 δὲ
1294 1486 1813 1581 ἁρπασθεισέων
1847 1490 2159 1581 σπουδὴν
2190 1493 2607 1582 ποιήσασθαι

392 1648 533 1714 τοὺς
584 1650 668 1719 δὲ,
722 1656 1160 1722 προϊσχομένων
1210 1656 1411 1739 ταῦτα,

321 1725 636 1805 προφέρειν
683 1738 785 1790 σφι
842 1724 1113 1792 Μηδείης
1164 1720 1270 1793 τὴν
1314 1718 1413 1791 ἁρ-

320 1812 441 1916 ῗιῖιῖ
444 1789 536 1916 71111]
565 1795 1411 1931 (iGrzecigo-Zaveprpok'lggznqss-

319 1938 432 1986 dem
501 1935 850 1998 exprobrasse
908 1936 1132 1988 Medeae
1192 1947 1408 2002 raptum.

316 2006 486 2055 Haud
516 2005 831 2087 infrequens
860 2005 1074 2056 dicendi
1100 2023 1290 2073 genus,
1318 2008 1411 2058 ubi

320 2075 497 2125 dativi
520 2074 639 2126 loco
675 2075 982 2141 genitivum
1007 2078 1286 2143 participii
1321 2078 1412 2128 ab·

320 2145 577 2205 solutum,
631 2160 790 2209 quem
850 2145 1055 2207 dicunt,
1106 2147 1411 2197 invenimus

321 2214 468 2276 (illos
503 2230 633 2264 vero
667 2214 772 2275 his,
815 2217 1072 2276 postulata
1100 2218 1289 2280 profer
1290 2221 1414 2268 enti-

316 2284 429 2343 Ims,
472 2288 685 2347 raptum
731 2283 961 2334 Medeae
1009 2286 1408 2363 exprobrasse).

318 2355 447 2403 Non
480 2353 641 2403 aliter
672 2369 798 2403 mox
835 2344 1241 2405 απαιτεόντων.
1283 2356 1408 2407 vid.

316 2438 462 2488 quae
498 2422 611 2472 dixi
645 2422 703 2472 1ιι
742 2422 935 2474 Creuz.
960 2423 1171 2474 Melett.
1208 2425 1314 2476 ΠΙ.
1354 2441 1409 2490 p.

314 2493 387 2544 80
421 2497 537 2542 not.
580 2497 635 2542 et
679 2491 749 2541 ed
792 2492 940 2542 Plut.
966 2492 1198 2544 Flamin.
1248 2495 1407 2545 VIII.

312 2579 371 2627 p.
409 2561 499 2613 97.
536 2560 660 2611 Alia
702 2560 951 2612 laudavit
994 2563 1298 2630 Schweigh.
1337 2565 1409 2615 ad

310 2632 367 2682 h.
414 2629 474 2691 1.,
522 2646 680 2696 quem
728 2631 958 2681 eundem
1006 2632 1164 2683 affert
1206 2634 1406 2685 Matth.

314 2704 366 2764 5.
404 2699 508 2751 563
544 2716 598 2765 Ρ.
641 2700 777 2751 1110
813 2701 882 2752 ob
913 2702 1214 2766 genitivum
1252 2704 1411 2753 abso-

310 2772 487 2820 lutum
534 2769 836 2834 participii,
896 2772 1097 2822 omisso
1156 2773 1409 2823 substan·

310 2842 450 2890 tivo.
482 2840 569 2888 De
596 2839 751 2888 verbi
786 2839 1188 2905 significatione
1214 2844 1409 2907 (προϊ

310 2903 630 2974 σχομένων)
655 2909 854 2991 oinnia,
872 2915 1126 2961 monente
1148 2912 1258 2971 Cr„
1282 2926 1409 2961 eon-

309 2983 478 3045 gesta
532 2981 661 3028 sunt
714 2978 771 3027 in
830 2994 976 3029 nova
1038 2979 1168 3032 edit.
1228 2979 1406 3030 Lond.

310 3047 580 3112 Stephan.
620 3046 885 3099 Thesaur.
924 3049 1048 3114 I.p
1012 3064 1067 3114 p.
1112 3048 1268 3101 1363.
1321 3049 1407 3099 Ad

309 3117 549 3168 alterum
598 3117 823 3166 verbum
870 3116 1187 3181 προφέρειν
1237 3134 1314 3169 se.
1352 3116 1414 3167 τί

306 3202 423 3236 τινι
470 3183 712 3248 (obiicere
764 3188 920 3236 alicui
961 3189 1173 3253 aliquid.
1216 3202 1408 3250 eapro-

304 3254 489 3321 bmre)
529 3254 674 3305 idem
709 3255 847 3305 citat
880 3257 1123 3321 Lenuep.
1155 3256 1225 3307 ad
1264 3256 1405 3307 Pha-

304 3325 471 3376 laria.
488 3324 670 3407 Epist.
702 3324 823 3375 107.
858 3340 913 3389 Ρ.
949 3326 1072 3378 311.

378 3385 462 3451 ὥς
500 3387 571 3442 οὗ
606 3384 805 3451 δόντες
855 3385 1020 3443 αυτοὶ
1065 3391 1231 3449 δίκας
1268 3407 1320 3442 κ.
1355 3407 1404 3441 τ.

304 3463 352 3513 2.
358 3462 554 3531 ]Haee
576 3462 744 3512 verba
762 3463 1005 3527 proxime
1031 3460 1407 3514 connectenda

304 3549 433 3584 cum
460 3530 929 3595 antecedentibus,
951 3533 1055 3583 hoe
1076 3533 1187 3582 fere
1212 3546 1404 3581 sensu:

302 3619 475 3663 „cum-
514 3604 601 3666 qm'
636 3602 737 3663 ipsi
771 3600 1010 3667 (Graeci)
1035 3618 1132 3652 non
1165 3615 1265 3664 pro
1295 3604 1405 3651 iure

302 3671 685 3735 satisfecissent
726 3686 887 3736 neque
922 3670 1310 3734 exposcentibus
1343 3671 1405 3719 il-

300 3743 403 3790 lam
444 3738 738 3804 (Medeam)
776 3740 1136 3802 reddidissent,
1171 3754 1303 3789 nune
1336 3739 1402 3789 ab

302 3812 426 3861 aliis
461 3809 563 3860 sibi
601 3810 847 3871 satisfieri
875 3810 1114 3860 vellene.“

727 4012 996 4065 Onulv.

368 4144 571 4213 Μέχρι
591 4141 717 4225 μὲν
774 4162 859 4196 ων
900 4138 1128 4214 τούτου]
1168 4147 1401 4226 Quidam

297 4217 432 4268 libri
500 4206 754 4279 τούτων,
824 4216 923 4266 alii
988 4219 1190 4269 rectius
1266 4207 1401 4265 τού-

294 4301 425 4349 του,
468 4301 606 4352 quos
644 4301 767 4335 eum
794 4285 971 4337 Schw.
1009 4293 1064 4336 et
1103 4287 1280 4338 Gaisf.
1319 4300 1400 4334 se-

296 4356 417 4407 cuti
469 4370 684 4415 eumue,
733 4361 1001 4405 commate
1046 4354 1224 4406 deleto
1273 4358 1400 4419 post

292 4417 535 4477 τούτου.
607 4420 853 4475 Similem
902 4424 1173 4489 quandam
1210 4423 1399 4474 coufu-

1517 1659 1726 1709 eionem
1762 1658 1832 1725 ed
1861 1659 2011 1713 Plut.
2047 1660 2224 1714 Flam.
2272 1678 2327 1728 p.
2378 1665 2482 1715 100
2515 1681 2606 1715 no·

1517 1729 1777 1780 tavimus.

1586 1790 1650 1847 τὸ
1706 1791 1811 1861 μέν
1863 1812 1972 1847 νυν
2017 1788 2291 1861 ἁρπάζειν
2334 1804 2609 1864 γυναῖκας

1516 1882 1569 1916 κ.
1609 1883 1656 1916 τ.
1694 1865 1767 1933 L]
1807 1868 1845 1919 i.
1887 1883 1933 1917 e.
1984 1867 2097 1929 „Et
2138 1870 2370 1919 mulieres
2416 1872 2612 1935 quidem

1516 1951 1724 1999 rapere,
1755 1937 1855 1987 sibi
1880 1937 2046 1987 vider-2·
2073 1935 2250 1999 (aiunt
2275 1953 2354 1988 sc.
2381 1940 2607 2005 Persae)

1514 2008 1808 2056 iniustorum
1844 2020 2060 2056 virorum
2103 2021 2214 2057 esse
2255 2007 2484 2070 facinus:
2521 2026 2609 2059 ra-

1508 2083 1719 2141 ptarum
1755 2090 1874 2126 vero
1907 2076 2137 2126 ultionem
2169 2077 2392 2127 studiose
2427 2094 2609 2142 perse-

1513 2145 1617 2210 qui,
1670 2147 1956 2203 menum,-
1995 2148 2180 2196 nullam
2223 2153 2384 2197 tamen
2429 2157 2609 2211 rapta-

1512 2231 1622 2264 rum
1656 2229 1828 2263 curam
1853 2183 2068 2277 Ιιαόενε,
2104 2217 2434 2278 pmdentiwn.
2447 2220 2483 2244 ‘⁶
2542 2219 2607 2268 In

1512 2284 1600 2334 his
1637 2284 1819 2333 verbis
1855 2284 2124 2363 probante
2159 2286 2394 2336 Bredot’.
2428 2303 2482 2352 p.
2515 2289 2605 2338 94.

1512 2353 1836 2403 retinuimus
1874 2369 2049 2417 ωρην,
2088 2370 2209 2404 eum
2246 2354 2412 2421 vulgo
2460 2364 2608 2407 esset

1512 2437 1691 2485 ωρην,
1715 2422 1858 2488 quod
1895 2424 2056 2474 etiam
2077 2425 2407 2490 Excerptum
2442 2426 2610 2477 habet

1510 2493 1568 2542 1ιι
1604 2491 1739 2542 Cod.
1779 2492 1980 2555 Pelet„
2016 2493 2171 2543 euius
2205 2496 2387 2544 varias
2418 2486 2605 2546 lectio-

1510 2576 1608 2611 nes
1671 2561 1782 2613 vid.
1859 2562 1928 2611 ad
1998 2562 2200 2612 calcem
2276 2564 2601 2615 Commeutt.

1510 2630 1804 2680 Herodott.
1846 2631 2121 2680 Creuzeri.
2177 2631 2331 2681 Idem
2369 2634 2605 2683 vocabu-

1510 2699 1624 2749 Ιιιιιι
1667 2699 1817 2748 infra
1868 2700 1973 2760 ΙΙΙ,
2027 2699 2146 2750 155.
2187 2700 2285 2762 ΙΧ,
2334 2702 2386 2750 8.
2449 2701 2604 2752 Adde

1510 2767 1749 2848 Etymol.
1774 2783 1956 2833 magn.
1984 2784 2037 2832 p.
2059 2768 2180 2847 448,
2208 2770 2295 2819 45.
2333 2770 2437 2820 Est
2463 2771 2605 2821 enim

1508 2851 1631 2901 ωρη
1667 2837 1919 2899 Ionibus,
1959 2840 2022 2887 ut
2056 2852 2177 2899 ωρα
2211 2839 2487 2889 veteribus
2509 2841 2603 2890 At-

1507 2906 1664 2967 ticis»,
1711 2921 1863 2969 eura,
1905 2906 2316 2988 explicaturque
2364 2908 2604 2971 φροντίς

1509 2973 1587 3040 (v.
1627 2991 1677 3025 e.
1715 2976 1861 3041 apud
1895 2976 2125 3027 Hesiod.
2157 2967 2315 3042 Εργ.
2364 2978 2474 3043 30),
2513 2995 2604 3029 ne·

1509 3060 1616 3111 que
1652 3045 1797 3110 apud
1831 3052 2085 3111 posterae
2139 3048 2340 3098 aetatis
2377 3049 2604 3113 scripto-

1508 3129 1595 3165 res
1644 3129 1874 3181 usquam
1931 3116 2227 3167 invenitur.
2292 3117 2602 3168 Vid.Va1-

1511 3183 1669 3234 cken.
1730 3185 1800 3234 ad
1843 3185 2047 3235 Herod.
2097 3185 2204 3243 111,
2266 3186 2386 3237 155.
2458 3187 2606 3237 Hine

1510 3268 1725 3318 quoque
1793 3251 2079 3318 μηδεμίαν
2137 3244 2296 3317 ὥρην
2348 3250 2498 3319 ἔχειν
2555 3273 2600 3306 s.

1508 3320 1809 3371 ποιεῖσθαι
1844 3329 2059 3374 vertere
2093 3322 2253 3373 lieet.
2312 3340 2417 3374 rem
2455 3327 2608 3387 parvi

1509 3408 1553 3441 s·
1599 3390 1742 3443 nihili
1783 3394 2033 3455 pendere,
2086 3391 2232 3441 unde
2277 3392 2424 3442 haud
2470 3394 2605 3442 mul-

1508 3464 1625 3509 tum
1661 3461 2064 3539 significatione
2103 3461 2304 3522 distat,
2343 3463 2487 3525 quod
2523 3462 2604 3510 1ιι-

1509 3530 1595 3579 fra
1646 3529 1908 3594 legimus:
1959 3522 2133 3592 λόγον
2178 3498 2391 3577 οὐδένα
2435 3522 2602 3593 ποιή-

1511 3596 1746 3647 σασθαι.
1786 3598 1871 3648 Cf.
1911 3598 2090 3648 Gloss.
2127 3597 2332 3647 Herod.
2374 3603 2428 3647 et
2465 3613 2604 3663 quae

1511 3667 1667 3717 addit
1704 3666 1927 3716 Creuz.:
1980 3665 2203 3727 „Klotz.
2255 3666 2325 3716 ad
2377 3667 2604 3732 Tyrtaei

1509 3736 1745 3786 Canum.
1779 3751 1833 3800 p.
1862 3735 1943 3785 14.
1974 3734 2217 3799 Hesyeh.
2242 3735 2331 3786 11.
2368 3752 2421 3801 p.
2469 3736 2603 3789 1593

1508 3805 1595 3856 ed.
1634 3803 1907 3855 Alberti.“
1943 3804 2107 3866 Hinc,
2147 3803 2336 3855 eodem
2365 3806 2450 3857 Cr.
2490 3823 2600 3857 mo-

1505 3878 1698 3935 nente,
1737 3864 2062 3937 ὥρεύειν,
2102 3873 2139 3923 1.
2180 3889 2230 3925 e.
2266 3867 2595 3940 φυλάσσειν,

1504 3943 1730 3993 verbum
1776 3944 1982 4005 rarius,
2031 3943 2172 3992 eruit
2216 3944 2503 3996 Ruhnken.
2540 3946 2599 3995 1ιι

1502 4012 1686 4077 Epist.
1730 4013 1906 4062 critic.
1953 4027 2008 4076 p.
2060 4012 2178 4062 100.
2250 4012 2391 4063 Add.
2426 4014 2491 4064 F.
2525 4014 2592 4064 A.

1504 4080 1671 4131 Wolf.
1712 4081 1782 4131 ad
1827 4081 2053 4131 Hesiod.
2092 4080 2301 4147 Theog.
2346 4097 2429 4132 ve.
2470 4082 2593 4135 903.

1502 4165 1556 4214 p
1543 4148 1763 4266 τέι33δὲ
1829 4206 2271 4280 ἁρπασθεισέων
2330 4209 2595 4281 σπουδὴν

1502 4278 1865 4349 ποιήσασθαι
1908 4281 2225 4349 τιμωρέειν]
2271 4285 2480 4335 Pendet
2516 4286 2594 4335 1ιι-

1500 4353 1745 4404 finitivus
1765 4350 2062 4417 τιμωρέειν
2084 4369 2118 4403 a
2137 4346 2401 4416 σπουδὴν
2426 4347 2592 4418 ποιή-

1500 4411 1732 4487 σασθαι,
1768 4422 1922 4473 cuius
1953 4422 2169 4488 generis
2209 4422 2454 4486 exempla
2478 4426 2594 4471 tum
