3109 5092
550 321 675 383 810
1420 321 1959 385 HERODOTI

543 509 740 569 οἴνου
795 499 1100 589 τέσσερες
1150 495 1542 587 ἀρυστῆρες.
1640 501 1851 565 ταῦτα
1904 510 2075 565 τοῖσι
2130 498 2263 565 αἰεὶ
2324 498 2835 587 δορυφορέουσι

545 606 829 671 ἐδίδοτο.

685 700 872 772 Ἐπεί
891 729 960 771 τε
991 703 1066 771 δὲ
1099 703 1484 787 συνιόντες,
1529 699 1570 769 ὅ
1598 730 1669 771 τε
1686 699 1959 791 Ἀπρίης
1998 699 2187 788 ἄγων
2220 700 2377 781 τοὺς
2417 701 2835 791 ἐπικούρους

549 809 662 877 καὶ
691 802 728 875 ὅ
745 805 1026 894 Ἀμασις
1055 805 1308 886 πάντας
1331 803 1488 885 τούς
1517 813 1952 893 Αἰγυπτίους,
1979 802 2303 874 ἀπίκοντο
2330 808 2397 884 ἐς
2423 806 2835 894 ΖἉώμεμφιν

549 912 784 993 πόλιν,
812 910 1224 996 συνέβαλον·
1255 913 1368 978 καὶ
1397 912 1803 997 ἐμαχέσαντο
1826 910 1953 996 μὲν
1984 901 2063 976 εὖ
2091 913 2163 977 οἱ
2183 911 2419 993 ξεῖνοι,
2466 909 2728 1000 πλήθει·
2751 912 2831 980 δὲ

547 1020 774 1106 πολλῷ
803 1012 1157 1091 ἐλάσσονες
1183 1013 1438 1095 ἐόντες,
1479 1009 1649 1081 κατὰ
1690 1016 1886 1081 τοῦτο
1930 1011 2352 1100 ἑσσώθησαν.
2423 1009 2715 1101 Ἀπρίεω
2752 1015 2833 1084 δὲ

546 1123 807 1205 λέγεται
852 1115 1026 1184 εἶναι
1066 1112 1188 1203 ἥδε
1229 1113 1271 1205 ἡ
1316 1116 1619 1198 διάνοια,
1658 1111 1817 1204 μηδ’
1850 1111 1937 1184 ἂν
1964 1115 2135 1184 θεόν
2172 1143 2291 1203 μιν
2317 1120 2576 1202 μηδένα
2604 1117 2827 1186 δύνα-

546 1232 712 1290 σθαι
757 1224 1010 1287 παῦσαι
1055 1224 1172 1305 τῆς
1209 1226 1595 1307 βασιληῒης·
1646 1215 1823 1286 οὕτω
1851 1216 2205 1305 ἀσφαλέως
2233 1220 2461 1310 ἑωυτῷ
2494 1225 2831 1305 ἱδρῦσθαι

547 1324 796 1392 ἐδόκεε.
845 1322 958 1388 καὶ
989 1318 1072 1409 δὴ
1102 1322 1250 1389 τότε
1276 1319 1644 1410 συμβαλών
1675 1318 1978 1409 ἑσσώθη·
2010 1323 2121 1389 καὶ
2148 1324 2519 1409 ζωγρηθεὶς
2543 1319 2829 1412 ἀπήχθη

548 1427 614 1504 ἐς
641 1422 820 1493 Σάϊν
862 1422 1095 1503 πόλιν,
1139 1426 1205 1503 ές
1240 1422 1322 1491 τὰ
1369 1427 1626 1494 ἑωυτοῦ
1664 1430 1843 1493 οἰκία
1898 1424 2226 1511 πρότερον
2268 1424 2498 1505 ἐόντα,
2551 1424 2703 1495 τότε
2750 1426 2829 1495 δὲ

537 1524 845 1615 Ἀμάσιος
871 1522 1001 1613 ἤδη
1030 1526 1366 1616 βασιλήτα.
1427 1529 1728 1595 ἐνθαῦτα
1758 1526 1831 1595 δὲ
1861 1529 2025 1606 τέως
2050 1528 2176 1615 μὲν
2205 1529 2518 1615 ἐτρέφετο
2547 1531 2621 1597 ἐν
2645 1545 2829 1618 τοῖσι

546 1634 989 1718 βασιληΐοισι,
1037 1637 1158 1699 καί
1183 1628 1592 1719 μινἍμασις
1619 1622 1697 1698 εὖ
1729 1646 2054 1714 περιεῖπε.
2110 1632 2295 1709 τέλος
2324 1630 2433 1713 δὲ,
2471 1634 2823 1721 μεμφομέ-

545 1762 689 1803 νων
722 1737 1156 1819 Αἰγυπτίων,
1199 1729 1288 1814 ὥς
1325 1730 1408 1803 οὐ
1449 1749 1637 1802 ποιοῖ
1672 1738 1898 1801 δίκαια
1940 1735 2211 1818 τρέφων
2240 1729 2359 1801 τὸν
2384 1741 2577 1821 σφίσι
2606 1762 2679 1803 τε
2710 1738 2827 1803 καὶ

548 1839 778 1929 ἑωυτῷ
823 1842 1171 1923 ἔχθιστον,
1215 1833 1393 1907 οὕτω
1431 1833 1515 1923 δὴ
1549 1840 1919 1922 παραδιδοῖ
1945 1832 2064 1904 τὸν
2092 1832 2372 1923 Ἀπρίην
2398 1853 2569 1906 τοῖσι
2600 1844 2823 1925 Αἰγυ-

547 1948 816 2010 πτίοισι.
876 1943 946 2008 oc
967 1940 1048 2007 δέ
1071 1968 1188 2026 μιν
1223 1937 1629 2023 ἀπέπνιξαν,
1663 1941 1775 2007 καὶ
1805 1944 2034 2006 ἔπειτα
2064 1943 2335 2019 ἔθαψαν
2375 1941 2451 2008 ἐν
2492 1945 2641 2028 τῇσι
2686 1968 2818 2009 πα-

409 716 530 777 169

1800 2137 1939 2209 μηδ’
1976 2134 2051 2194 ἂν
2082 2136 2227 2194 θεόν
2264 2160 2362 2207 μιν
2396 2142 2617 2209 μηδένα
2641 2143 2822 2196 δύνα-

1730 2215 1871 2265 σθαι
1920 2212 2157 2280 παῦσαι]
2195 2214 2417 2264 Attendi
2469 2215 2618 2266 iubet
2662 2218 2823 2267 Wec-

1731 2286 1927 2349 seling.
1955 2285 2024 2334 sd
2048 2285 2190 2334 hanc
2225 2284 2582 2334 stultissimae
2607 2286 2823 2336 iactan-

539 2139 721 2210 ῦψος,
758 2145 966 2211 μῆκος,
1002 2132 1196 2209 εὖρος,
1235 2147 1343 2197 alia
1367 2148 1421 2197 id
1455 2163 1627 2211 genus

543 2218 735 2268 addita
770 2216 1121 2266 inveniuntur
1155 2215 1210 2264 in
1250 2219 1512 2266 mensuris
1549 2218 1629 2266 in·

545 2285 816 2345 dicendis,
853 2284 919 2332 de
959 2285 1152 2348 quibus
1181 2285 1376 2336 Matth.
1408 2286 1502 2337 Gr.
1530 2287 1625 2337 Gr.

548 2359 597 2417 5.
634 2354 755 2413 428,
792 2354 824 2403 5
863 2352 1192 2416 disputavit;
1234 2356 1626 2405 nominativum

544 2423 728 2490 posuit
761 2426 983 2487 propter
1018 2422 1253 2487 reliqua,
1290 2425 1346 2474 in
1384 2425 1502 2488 ipso
1530 2440 1627 2474 no—

543 2493 806 2545 minativo
848 2490 1081 2555 prolata.
1153 2493 1303 2543 Mina
1339 2494 1524 2543 Attica
1560 2520 1625 2529 —

545 2579 646 2614 nec
682 2562 821 2613 enim
862 2560 998 2610 alias
1046 2561 1220 2611 minas
1265 2563 1353 2612 hic
1399 2563 1627 2612 indicari

545 2632 706 2683 credo
733 2660 802 2670 -
820 2630 1070 2681 constitit
1096 2637 1308 2682 centum
1336 2632 1628 2693 drachmis,

546 2718 686 2767 qnae
729 2701 933 2752 nostris
980 2701 1244 2751 mensuris
1289 2701 1627 2766 adaequatae

545 2772 792 2822 efficiunt
833 2769 902 2820 29
947 2770 1108 2821 Loth.
1158 2772 1209 2831 3,
1246 2770 1378 2821 3001
1439 2772 1627 2833 Quint.

545 2840 723 2891 ΟὸΙΙιι.
785 2839 903 2889 sive
959 2839 1025 2903 ¹1
1070 2839 1194 2888 libr.
1257 2842 1413 2890 Rom.
1500 2839 1627 2891 Vid.

542 2911 752 2960 Wurm.
781 2907 847 2957 de
879 2907 1077 2970 pondd.
1106 2912 1235 2957 ratt.
1261 2924 1388 2973 pag.
1413 2910 1502 2960 43.
1539 2911 1629 2959 47.

611 2969 921 3056 ἀρυστῆρες
965 2976 1241 3039 Hesychio
1287 2977 1630 3059 explicantur

541 3039 801 3105 κοτύλαι,
842 3058 981 3106 quae
1015 3044 1226 3109 quidem
1266 3051 1320 3094 et
1351 3046 1502 3109 ipsae
1531 3062 1628 3110 pro

543 3113 773 3178 singulis
810 3112 1071 3161 Graeciae
1117 3114 1432 3164 civitatibus
1466 3115 1628 3165 valde

546 3188 703 3233 erant
751 3181 1024 3241 diversae,
1074 3181 1217 3233 haud
1269 3189 1448 3233 tamen
1501 3200 1626 3234 raro

542 3268 641 3316 pro
675 3254 1036 3303 Romanorum
1077 3250 1304 3301 heminis
1352 3254 1627 3317 accipiun-

543 3328 662 3386 tur,
698 3336 839 3387 quae
875 3326 1114 3385 aequant
1148 3321 1198 3383 0,
1237 3320 1443 3374 587344
1472 3324 1627 3373 Wnr·

541 3394 706 3443 temb.
731 3392 986 3456 Schopp„
1020 3391 1184 3455 igitur
1210 3392 1483 3442 dimidium
1513 3393 1628 3442 fere

544 3464 658 3513 eius
698 3476 1008 3522 mensurae,
1047 3475 1187 3525 quae
1215 3460 1478 3524 Schoppen
1511 3461 1629 3510 vul·

543 3548 612 3597 go
641 3532 843 3583 dicitur
873 3546 918 3580 s.
946 3536 1143 3595 quarta
1165 3545 1294 3595 pars
1320 3531 1453 3589 eiua,
1481 3530 1625 3594 quod

543 3601 730 3652 Manes
763 3604 1008 3651 vocatur.
1080 3600 1249 3649 Binae
1284 3599 1500 3663 cotylae
1548 3600 1626 3648 ef-

541 3672 731 3723 ficiunt
768 3667 996 3731 ξέστην,
1036 3667 1316 3719 duodecim
1350 3665 1520 3731 χοῦν,
1570 3672 1624 3717 et

441 3784 452 3793 .
542 3747 757 3790 centum
817 3737 1180 3802 quadraginta
1234 3742 1469 3803 quatuor
1529 3752 1622 3799 με-

537 3800 769 3871 τρητήν.
840 3808 924 3855 Tu
955 3805 1067 3855 vid.
1103 3808 1308 3858 Wurm.
1347 3805 1456 3856 1.1.
1496 3821 1624 3869 pag.

544 3877 643 3927 123
675 3891 827 3940 seqq.
869 3874 967 3925 126
994 3889 1110 3938 seq.
1153 3875 1268 3927 198
1308 3880 1362 3926 et
1385 3874 1451 3925 de
1479 3875 1626 3925 omni

537 3947 641 3996 hoc
663 3943 1005 3995 vasculorum
1024 3945 1286 3994 minorum
1313 3960 1509 4009 genere
1522 3945 1627 3994 Us-

539 4015 691 4078 sing:
729 4014 811 4062 De
843 4013 1141 4063 nominibb.
1167 4029 1315 4064 vass.
1341 4014 1534 4064 Graec.
1569 4028 1620 4075 p.

542 4084 658 4144 107,
696 4084 933 4132 Kranae:
972 4080 1292 4147 Angeiolog.
1329 4098 1452 4146 pag.
1495 4080 1619 4133 381.

865 4198 1000 4250 Car.
1038 4198 1277 4250 CLXIX.

604 4276 886 4334 ἀπίκοντο
946 4273 999 4338 ἐς
1045 4276 1396 4349 Μώμεμφιν]
1459 4284 1618 4335 Conf.

534 4358 651 4406 not.
687 4353 756 4404 ad
793 4352 870 4415 11,
912 4351 1027 4403 163.

1729 2356 1840 2405 tiae
1860 2353 2074 2419 plenam
2100 2354 2398 2404 orationem
2415 2390 2428 2414 ,
2454 2353 2532 2401 illi
2555 2369 2822 2418 perquam

1730 2423 1986 2485 similem,
2038 2437 2177 2488 quae
2222 2438 2289 2472 ex
2334 2423 2590 2485 Hophrae
2634 2421 2821 2487 (quem

1732 2493 1959 2543 eundem
2008 2491 2174 2542 babet
2222 2497 2386 2555 atque
2431 2492 2674 2555 Apriem)
2726 2508 2821 2544 ore

1731 2562 2039 2626 proseratur
2084 2561 2229 2626 apud
2274 2560 2474 2610 Ezech.
2512 2562 2716 2621 XXIX,
2765 2562 2817 2613 3.

1729 2633 1915 2694 Neque
1964 2630 2069 2679 huc
2115 2645 2225 2679 non
2268 2630 2507 2693 pertinet
2553 2629 2820 2680 Ieremiae

1725 2699 1879 2750 locus
1916 2699 2109 2759 XLIV,
2146 2698 2231 2761 30,
2267 2699 2359 2748 ubi
2395 2698 2602 2748 lehova
2644 2700 2821 2765 loqui-

1732 2774 1846 2818 tur:
1901 2783 2067 2829 „ecce
2113 2784 2215 2833 ego
2264 2759 2424 2817 trado
2473 2767 2818 2819 Pharaonem

1731 2806 2092 2901 Cboph'raum,
2130 2852 2311 2901 regem
2334 2838 2587 2901 Aegypti,
2622 2838 2679 2887 in
2708 2853 2819 2888 ma-

1731 2921 1857 2956 num
1896 2906 2235 2956 inimicorum
2282 2906 2453 2970 ipsius
2500 2911 2556 2955 et
2607 2907 2663 2956 in
2701 2922 2817 2958 ma·

1729 2990 1874 3092 gumf
1894 2976 2266 3095 ᾳέιιιὲιιοῖιῑίιιιιι
2299 2975 2546 3094 Ζιιξιιιὲιέι
2582 2976 2817 3096 ἰιιεὶιιιιὲἶίι

1775 3059 1884 3093 οιι.
1950 3081 1962 3094 .
2031 3060 2261 3111 canger:
2348 3060 2456 3094 mm
2533 3060 2708 3095 verse.

1729 3113 1954 3162 Eusebii
1992 3114 2241 3164 chronic.
2278 3129 2405 3177 pag.
2453 3113 2523 3163 88
2565 3118 2620 3163 et
2668 3115 2817 3165 simi-

1730 3181 1809 3232 les
1831 3182 2040 3244 Aiacis,
2077 3182 2302 3233 aliorum
2328 3182 2684 3247 gloriationes
2704 3189 2819 3235 sto-

1724 3250 1896 3313 lidae,
1936 3267 2071 3317 qnae
2108 3252 2265 3301 affert
2288 3253 2367 3301 La
2393 3251 2567 3302 Cerda
2597 3251 2664 3301 ad
2692 3253 2818 3303 Vir-

1728 3321 1822 3385 gil.
1851 3289 1988 3372 A’en.
2018 3322 2084 3382 X,
2114 3322 2233 3381 773,
2260 3320 2815 3386 aWeeselingiolau-

1730 3388 1923 3449 datus,
1955 3391 2049 3455 qui
2071 3395 2199 3454 apte
2224 3404 2439 3453 quoque
2458 3390 2701 3440 meminit
2718 3392 2816 3441 So-

1727 3457 1906 3535 phocl.
1943 3460 2134 3536 Antig3
2185 3460 2283 3509 127
2332 3458 2478 3535 (117)
2521 3451 2662 3513 Ζεὺς
2707 3452 2815 3523 γὰρ

1728 3518 1972 3590 μεγαλης
2022 3519 2275 3591 γλώσσης
2330 3518 2589 3587 κόμπους
2640 3518 2815 3589 ὑπερ-

1726 3594 2011 3659 εχθαίρει.
2045 3611 2204 3660 qnam
2236 3597 2460 3645 eandem
2483 3599 2812 3647 sententiam

1729 3669 1783 3713 et
1821 3665 2119 3730 Aeschylus
2154 3666 2305 3715 Pers.
2337 3664 2441 3715 829
2478 3669 2534 3714 et
2568 3666 2814 3716 Herodo-

1725 3737 1816 3783 tus
1851 3734 1980 3797 VII,
1998 3684 2109 3785 y.10
2146 3737 2195 3796 §-
2235 3736 2267 3784 5
2305 3731 2420 3797 (ubi
2454 3734 2567 3784 vid.
2616 3734 2810 3797 allata)

1725 3773 2164 3883 pronuntiarunt.

1795 3859 1858 3920 εὖ
1896 3870 2175 3935 περιεῖπε]
2211 3870 2412 3921 Confer
2436 3886 2603 3936 snpra
2636 3871 2679 3933 Ι,
2719 3870 2808 3923 73.

1729 3939 2217 4003 114.11,64.69.

1797 4002 1857 4058 οῖ
1895 4007 1959 4059 δέ
2004 4025 2104 4073 μιν
2138 4000 2481 4071 ἀπέπνιξαν]
2534 4007 2812 4057 Diodorus

1729 4079 1776 4140 Ι,
1814 4078 1882 4129 68
1916 4078 2007 4130 fin.
2056 4079 2188 4129 haec
2230 4083 2443 4129 tantum
2473 4077 2731 4157 profert.
2779 4068 2812 4126 ὁ

1726 4142 1831 4210 μὲν
1861 4142 2088 4211 Ἀπριής
2120 4143 2432 4224 ζωγρηθεὶς
2455 4137 2689 4209 ἀνήχθη
2715 4142 2815 4194 καὶ

1728 4212 2172 4281 στραγγαληθεὶς
2204 4208 2583 4295 ἐτελεύτησεν..

1726 4285 1781 4334 in
1819 4291 2049 4335 mentem
2088 4300 2304 4349 quoque
2349 4284 2501 4333 venit
2536 4282 2652 4332 eius
2684 4298 2815 4348 sup-

1722 4354 1902 4418 plicii,
1942 4353 2085 4419 quod
2114 4355 2189 4417 11,
2224 4354 2324 4407 100
2344 4352 2436 4403 fin.
2464 4359 2811 4403 memoratur.

2637 4215 2813 4265 Nobis
2916 4230 2922 4234 ·
