3109 5092
1264 367 1522 432 OLIO.
1566 370 1617 430 Ι.
1664 379 1782 434 134.

2540 373 2665 437 279

391 545 620 632 γνοίη,
664 548 728 612 εἰ
762 537 986 631 ὁμοῖοί
1021 549 1148 613 εἰσι
1191 547 1260 613 οἱ
1282 545 1886 633 συντυγχάνοντες·
1927 541 2076 612 ἀντὶ
2104 543 2232 635 γὰρ
2260 553 2381 618 τοῦ
2410 573 2658 637 προσα-

391 646 702 735 γορεύειν
740 643 1103 736 ἀλλήλους,
1149 651 1456 735 φιλέουσι
1499 665 1671 718 τοῖσι
1712 647 2010 734 στόμασι.
2078 641 2164 735 ἦν
2207 650 2282 718 δὲ
2318 641 2662 742 ᾖοῧτερος

389 745 870 838 ὑποδεέστερος
913 746 1153 844 ὀλίγῳ,
1206 748 1324 843 τὰς
1365 749 1642 840 παρειὰς
1682 753 2055 837 φιλέονται·
2108 744 2196 838 ἦν
2235 753 2310 822 δὲ
2349 762 2577 848 πολλῷ
2618 748 2659 846 ἦ

390 849 663 941 οὕτερος
688 849 1151 940 ἆγενέστερος,
1181 860 1620 940 προσπίπτων
1660 854 2061 941 προσκυνέει
2086 852 2207 922 τὸν
2234 859 2486 945 ἕτερον.
2557 886 2657 925 τι-

390 961 563 1044 μῶσι
600 956 675 1025 δὲ
720 959 794 1026 ἐκ
837 956 1114 1026 πάντων
1151 953 1306 1035 τοὺς
1350 953 1627 1041 ἄγχιστα
1670 956 1945 1030 ἑωυτῶν
1982 958 2325 1038 οἰκέοντας
2376 959 2542 1047 μετά
2580 987 2657 1047 γε

390 1056 684 1139 ἑωυτούς
701 1111 719 1144 ,
744 1057 1029 1148 δεύτερα
1060 1058 1137 1127 δὲ
1162 1055 1317 1136 τούς
1344 1062 1738 1145 δευτέρους,
1768 1055 1932 1145 μετὰ
1961 1058 2038 1127 δὲ
2062 1059 2230 1129 κατὰ
2258 1061 2464 1148 λόγον
2492 1090 2653 1150 προ-

389 1168 736 1251 βαίνοντες
775 1167 1048 1250 tandm·
1096 1158 1332 1248 ἥκιστα
1373 1159 1448 1228 δὲ
1488 1157 1646 1240 τούς
1688 1163 1961 1229 ἑωυτῶν
2006 1163 2344 1233 ἑκαστάτω
2385 1169 2654 1254 οἰκημέ-

387 1376 513 1424 τας,
572 1365 634 1410 ιιι
679 1359 970 1412 cohaereat
1020 1374 1139 1409 cum
1185 1355 1468 1421 διαγνοίη.

388 1429 495 1483 Sed
541 1430 588 1479 si
634 1430 743 1480 tale
789 1429 918 1494 quid
972 1429 1029 1476 in
1068 1427 1221 1476 libris
1266 1424 1472 1491 legere-

387 1505 506 1561 tur,
579 1514 739 1564 aegre
796 1496 1044 1562 equidem
1106 1495 1468 1546 desiderarem

386 1567 673 1621 articulum
710 1571 838 1616 ante
879 1566 1024 1616 hunc
1070 1566 1465 1617 accusativum.

385 1639 571 1690 Malim
619 1637 783 1702 igitur
822 1635 1213 1685 nominativum
1249 1635 1470 1700 partici-

383 1710 486 1776 pii,
526 1721 680 1770 quem
713 1704 951 1755 retinent
984 1719 1169 1754 omnes
1193 1704 1337 1768 libri,
1376 1705 1469 1754 ab·

385 1776 622 1828 solutum
666 1773 873 1833 dicere3
931 1789 1070 1838 quae
1115 1778 1391 1825 structura
1432 1788 1466 1823 a

383 1847 568 1896 nostro
601 1843 867 1907 scriptore
897 1842 1074 1894 aliena
1111 1844 1331 1893 minime
1358 1843 1467 1894 dici

383 1913 610 1979 poterit3
648 1927 750 1962 nec
785 1912 945 1974 enim,
984 1929 1126 1978 quae
1160 1913 1463 1977 Schweigh.

383 1987 468 2032 est
504 1983 796 2044 sententia,
834 1983 1112 2032 commode
1149 1982 1240 2032 ille
1278 1983 1467 2032 referri

380 2052 582 2116 poterit
615 2049 684 2101 ad
721 2042 922 2115 ὁμοῖοί
956 2047 1094 2114 εἰσι,
1146 2053 1341 2116 quippe
1380 2052 1467 2102 cui

380 2122 690 2185 appositum
738 2120 812 2170 sit
853 2113 914 2169 οἱ
961 2116 1461 2185 συντυγχάνοντες.

379 2188 606 2240 Herold.
656 2188 692 2241 l.
734 2189 774 2242 l.
827 2204 884 2254 p.
931 2190 1120 2240 7—11.
1199 2189 1467 2241 Herodoti

376 2258 555 2309 locum
591 2259 811 2320 misere,
844 2264 907 2308 ut
932 2263 1119 2323 putat,
1165 2259 1465 2309 laceratum

379 2330 460 2379 ita
512 2329 799 2379 restituere
840 2326 958 2377 vult
1037 2331 1099 2378 ut
1142 2344 1238 2392 pro
1276 2320 1465 2393 ἐντυγ-

375 2390 644 2463 χάνοντες
670 2397 938 2448 scribatur
960 2364 1342 2461 ἑντυγχάνοντ
1353 2413 1390 2445 α
1402 2413 1429 2453 ς
1444 2433 1460 2458 ,

377 2467 520 2534 quod
557 2468 734 2532 ipsum
771 2466 839 2516 ad
871 2463 1137 2532 διαγνοίη
1174 2468 1460 2530 pertineat,

375 2542 503 2602 post
555 2536 701 2602 quod
743 2536 966 2586 verbum
1015 2536 1218 2586 maiore
1270 2536 1463 2587 distin-

376 2607 559 2657 ctione
605 2606 788 2670 posita
840 2605 1127 2670 sequentia
1171 2605 1339 2654 verba
1384 2605 1465 2654 ita

375 2677 685 2727 continuari
713 2675 862 2737 vult,
899 2678 961 2724 ut
985 2674 1152 2724 verba
1184 2668 1238 2724 εἰ
1270 2663 1470 2737 ὁμοῖοί

375 2740 484 2796 εἰσι
521 2740 582 2795 οἴ
612 2758 766 2794 συντ.
854 2743 1065 2793 rotasin
1110 2742 1354 2793 efficiant
1390 2743 1461 2792 ad

374 2814 665 2880 apodosin:
711 2804 818 2862 ἆντ
878 2810 982 2861 τοῦ
1015 2828 1068 2866 κ.
1107 2827 1156 2860 τ.
1188 2811 1236 2860 λ.
1287 2813 1463 2862 eiecta

333 2884 571 2935 -vocula
617 2875 754 2948 γὰρ,
808 2897 970 2948 quam
1023 2881 1077 2932 h.
1128 2879 1163 2931 1.
1213 2896 1462 2931 necessa-

373 2955 510 3003 riam
546 2968 654 3002 non
691 2967 811 3002 esse
849 2951 1220 3001 demonstrare
1255 2950 1460 3002 studet.

375 3024 565 3087 Neque
609 3037 735 3072 vero
781 3021 912 3071 mihi
964 3021 1262 3085 persuasit,
1319 3023 1383 3070 ut
1428 3036 1462 3070 a

375 3091 602 3154 vulgata
638 3089 988 3141 discederem.
1027 3120 1096 3129 -
1145 3090 1210 3138 In
1248 3090 1368 3154 ipsa
1402 3105 1461 3140 re

375 3161 542 3211 nolim
576 3161 849 3210 insistere.
898 3158 1048 3210 Satis
1083 3159 1294 3208 monuit
1315 3159 1461 3209 Bris-

376 3230 561 3280 sonius
621 3229 688 3280 de
730 3244 843 3292 reg.
900 3230 1052 3279 Pers.
1106 3227 1338 3292 princip.
1383 3229 1459 3290 II,

379 3301 496 3352 178.
543 3296 657 3360 179,
695 3298 783 3348 cui
819 3297 959 3348 alios
995 3296 1259 3361 quosdam
1299 3296 1460 3346 huius

375 3369 539 3418 moris
606 3372 775 3418 testes
836 3366 989 3417 addit
1043 3366 1459 3431 wesselingius.

375 3439 460 3488 De
494 3437 661 3488 verbo
713 3436 1063 3497 προσκυνεῖν
1107 3435 1220 3486 vid.
1269 3436 1339 3484 ad
1383 3435 1458 3496 11,

376 3505 448 3556 80
482 3509 622 3558 nott.
691 3507 797 3557 Pro
831 3497 1229 3569 ἀγεννέστερος
1267 3504 1458 3569 scripsi

376 3566 786 3640 ἆγενέστερος,
838 3576 1137 3625 commotus
1173 3574 1269 3635 iis,
1319 3588 1460 3638 quae

377 3644 564 3694 attulit
599 3642 834 3694 Bredov,
873 3660 928 3709 p.
965 3642 1055 3693 98.

445 3702 648 3778 ἥκιστα
685 3708 749 3762 δὲ
767 3703 904 3769 τοὺς
928 3702 1154 3761 ἑωυτῶν
1177 3699 1459 3760 ἑκαστάτω

377 3776 720 3846 οἰκημένους
754 3772 817 3830 ἑν
849 3777 984 3844 τιμῇ
1009 3770 1268 3844 ἄγονται]
1305 3780 1462 3830 Haec

378 3857 433 3902 et
466 3852 707 3916 proxime
733 3849 1114 3900 antecedentia
1137 3849 1183 3899 si
1212 3848 1459 3912 legimus,

376 3925 570 3986 sponte
605 3921 663 3970 in
697 3924 932 3969 mentem
957 3919 1110 3969 venit
1134 3918 1460 3969 Graecorum

377 3992 650 4041 sententia
696 3987 765 4038 de
798 3989 969 4053 probo
1010 3988 1220 4051 vicino,
1266 3987 1358 4052 qui
1403 3987 1460 4035 in

378 4075 584 4110 summo
635 4059 778 4109 bono
834 4057 1094 4118 habetur,
1166 4057 1233 4107 de
1294 4055 1457 4118 malo,

376 4128 470 4192 qui
522 4143 730 4178 summo
791 4131 876 4176 est
923 4126 1275 4176 detrimento:
1343 4124 1455 4174 vid.

373 4197 603 4248 Hesiod.
623 4187 781 4260 Ἐργ.
820 4210 873 4244 κ.
906 4186 1035 4258 Ἦμ.
1066 4193 1168 4245 346
1194 4210 1327 4257 seq„
1363 4193 1460 4243 ubi

376 4265 677 4328 Goettling.
741 4269 868 4328 apte
931 4264 1175 4314 meminit
1233 4263 1457 4314 Pindar.

375 4333 530 4384 Nem.
552 4335 679 4396 VII,
707 4333 806 4384 130
842 4337 898 4384 et
932 4332 1042 4384 alia
1076 4333 1343 4395 quaedam
1374 4335 1459 4381 at·

377 4401 506 4452 tulit
529 4403 602 4454 D.
637 4417 749 4452 vau
778 4403 1001 4468 Lennep
1035 4417 1091 4466 p.
1130 4400 1216 4463 73,
1252 4401 1310 4451 in
1344 4399 1459 4465 qui-

1572 1362 1674 1412 bus
1725 1361 1891 1410 etiam
1931 1360 2211 1415 Alcmanis
2252 1364 2386 1416 illud
2432 1365 2656 1431 (fragm.

1572 1430 1692 1496 LX)
1728 1426 1869 1494 μέγα
1901 1430 2111 1494 γείτονι
2146 1433 2364 1496 γείτων.
2424 1435 2657 1485 Locutio

1572 1489 1634 1548 έν
1676 1497 1809 1564 τιμῇ
1844 1488 2086 1564 ἄγεσθαι
2133 1500 2204 1562 (in
2241 1503 2430 1554 honore
2470 1504 2660 1554 habere

1570 1569 1804 1635 aliquem)
1847 1571 2076 1619 recurrit
2110 1571 2198 1634 11,
2237 1573 2326 1624 83.
2405 1574 2517 1624 Nec
2561 1575 2659 1623 ali-

1572 1643 1655 1688 ter
1713 1637 1826 1687 fere
1877 1640 2117 1689 activum
2181 1632 2340 1705 ἄγειν
2393 1643 2480 1703 ΙΙ,
2534 1644 2655 1693 172.

1569 1708 1668 1770 IX,
1708 1708 1757 1758 7.
1836 1707 1902 1757 Id
1938 1708 2084 1773 qnod
2118 1710 2363 1761 imitatus
2401 1717 2486 1762 est
2518 1713 2658 1761 Pau-

1570 1776 1784 1837 sanias,
1831 1777 1986 1826 cuius
2021 1776 2169 1828 locos
2204 1779 2415 1844 aliquot
2451 1780 2658 1830 indicat

1570 1845 1819 1897 Siebelis.
1859 1846 1929 1895 ad
1954 1848 2194 1898 Pausan.
2219 1850 2264 1911 1,
2293 1849 2343 1898 5.
2380 1852 2431 1911 §-
2461 1847 2511 1898 3.
2572 1851 2657 1899 De

1569 1915 1860 1980 participio
1917 1910 2220 1979 οἰκημένους
2279 1918 2502 1982 eiusque
2552 1933 2656 1967 usu

1572 1985 1642 2035 cf.
1682 1999 1848 2049 snpra
1885 1984 1930 2047 1,
1967 1983 2054 2034 28.
2076 2014 2148 2024 --
2181 1984 2282 2050 τῆς
2318 1977 2522 2051 ἀρετῆς
2555 1977 2653 2034 ἀν-

1568 2048 1835 2118 τέχεσθαι
1863 2054 2080 2118 proprie
2103 2059 2213 2103 estz
2250 2057 2507 2105 virtutem
2544 2061 2656 2106 stu·

1571 2122 1724 2173 diose
1750 2124 1923 2187 sequi,
1961 2124 2018 2172 in
2037 2124 2296 2174 virtutem
2329 2126 2654 2188 incumbere,

1569 2194 1605 2242 i.
1635 2208 1681 2242 e.
1711 2194 1877 2243 colere
1901 2195 2143 2243 virtuIem.
2182 2195 2386 2244 Contra
2424 2195 2480 2243 in
2500 2210 2653 2259 seqq.

1569 2256 1629 2310 οἱ
1648 2253 1906 2325 ἐχόμενοι
1932 2267 2059 2311 sunt
2073 2267 2300 2327 pru-vimi
2331 2265 2529 2329 quique,
2552 2279 2655 2314 usu

1566 2330 1846 2380 Herodoto
1911 2346 2173 2396 perquam
2242 2332 2499 2383 familiari
2556 2349 2655 2383 nec

1567 2398 1691 2450 aliis
1717 2400 2074 2463 scriptoribus
2103 2402 2348 2463 insolit03
2384 2402 2528 2452 conf.
2553 2403 2651 2460 IV,

1566 2470 1686 2520 169.
1724 2470 1805 2531 V,
1845 2469 1932 2518 49.
1968 2471 2078 2532 VI,
2117 2471 2150 2520 8
2188 2477 2291 2521 etc.
2359 2470 2651 2534 Vulgatani

1563 2531 1730 2601 μα’λα,
1768 2553 1929 2602 quam
1954 2540 2009 2587 in
2037 2532 2274 2603 μάλιστα
2305 2543 2654 2590 mutaverant

1567 2607 2003 2669 Schweighaeus.
2043 2612 2098 2656 et
2133 2608 2408 2659 Gaisford.
2460 2623 2526 2657 ex
2564 2625 2653 2658 co—

1566 2676 1686 2726 dice
1709 2675 2258 2740 SchellershemianO,
2300 2677 2545 2742 equidem
2571 2693 2651 2726 re-

1563 2747 1758 2796 vocavi
1810 2761 1931 2794 cum
1973 2750 2201 2795 recentt.
2249 2745 2371 2796 edd.
2423 2751 2477 2795 et
2522 2748 2651 2796 Bre-

1566 2814 1691 2866 doV.
1742 2832 1796 2880 p.
1852 2813 1922 2864 66
1968 2829 2111 2878 seq.,
2171 2816 2265 2879 qui
2298 2815 2437 2865 bene
2470 2814 2647 2879 docet,

1564 2899 1752 2935 vocem
1804 2874 1954 2946 μάλα
2001 2883 2271 2934 adiectam
2314 2884 2402 2934 hic
2438 2884 2650 2934 valere:

1562 2961 1613 3002 et
1646 2958 1721 3004 sic
1744 2968 1931 3016 porro,
1981 2954 2238 3016 deinceps,
2277 2969 2455 3019 usque,
2504 2960 2568 3004 ut
2601 2954 2649 3016 Ι,

1569 3023 1686 3074 181.
1748 3023 1885 3084 VII,
1933 3022 2032 3072 186
2087 3021 2318 3088 aliisque
2369 3027 2651 3087 poetarum

1562 3093 1714 3142 locis.
1791 3093 1944 3154 Quae
1983 3098 2284 3156 sequuntur
2320 3093 2514 3156 verba,
2553 3108 2650 3157 per

1561 3161 1884 3227 particulam
1937 3153 2003 3210 δὲ
2056 3177 2091 3211 a
2144 3164 2385 3228 proxime
2437 3168 2650 3231 antece-

1564 3232 1818 3282 dentibus
1853 3235 2135 3296 separata:
2171 3225 2312 3281 κατὰ
2336 3223 2438 3281 τὸν
2469 3223 2650 3281 αὐτὸν

1562 3294 1626 3350 δὲ
1680 3292 1852 3364 λόγον
1902 3296 1999 3349 καὶ
2060 3293 2121 3349 οἰ
2176 3296 2390 3362 Πέρσαι
2447 3299 2648 3364 τιμῶσι

1565 3368 1623 3434 (i.
1661 3385 1708 3419 e.
1746 3370 1819 3418 ad
1850 3370 2057 3419 eandem
2092 3385 2213 3419 vero
2248 3373 2487 3419 rationem
2518 3370 2650 3419 Per·

1561 3454 1654 3488 sae
1687 3453 1878 3502 quoque
1914 3437 2052 3487 alios
2096 3438 2325 3502 populos
2369 3439 2538 3486 colunt
2571 3445 2650 3486 at-

1562 3522 1741 3626 3112?
1756 3505 1969 3624 3335.
1988 3506 2130 3634 ‚¹²⁰3
2130 3523 2162 3635 ‚⁷²
2165 3506 2338 3622 ”affl
2341 3508 2650 3622 ‘’33‘'31‘20533

1561 3649 1727 3695 antea
1773 3643 2029 3703 dixisset,
2077 3642 2267 3691 eadem
2313 3655 2528 3705 quoque
2575 3641 2648 3691 ad

1560 3715 1759 3764 Persas
1788 3710 1877 3774 (de
1905 3723 2131 3774 quorum
2158 3709 2394 3759 moribus
2426 3710 2644 3760 omnino

1561 3783 1615 3832 h.
1642 3781 1678 3832 1.
1703 3779 2014 3844 perscribit)
2047 3779 2316 3843 pertinere
2352 3784 2642 3843 appareat:

1563 3850 1894 3914 eandemque
1951 3848 2115 3897 etiam
2173 3849 2242 3898 ob
2296 3862 2517 3898 causam
2563 3864 2645 3898 se—

1562 3919 1786 3985 quentia
1804 3916 2013 3967 addidit
2041 3932 2135 3982 per
2164 3917 2479 3982 particulam
2507 3911 2641 3982 γάρε

1565 3981 1867 4053 προέβαινε
1904 3977 2010 4050 γὰρ
2047 3978 2119 4050 δὴ
2156 3979 2221 4035 τὸ
2256 3981 2433 4042 ἔθνος
2463 3975 2645 4051 ἄρχον

1559 4071 1617 4107 τε
1652 4050 1747 4105 καὶ
1777 4045 2177 4120 ἐπιτροπεῦον,
2217 4055 2287 4105 ad
2310 4056 2508 4104 Persas
2540 4057 2643 4105 uti-

1561 4141 1665 4192 que
1700 4125 2005 4189 spectantia
2041 4140 2216 4189 neque
2252 4124 2318 4174 de
2350 4124 2526 4175 Medis
2563 4126 2642 4173 in-

1560 4194 1882 4259 telligenda:
1937 4195 1993 4244 id
2050 4194 2192 4259 quod
2249 4193 2338 4244 vel
2381 4193 2641 4243 articulus

1559 4256 1623 4313 τὸ
1672 4269 1800 4314 ante
1849 4259 2024 4319 ἔθνος
2056 4263 2269 4327 positus
2315 4267 2371 4312 et
2416 4263 2486 4312 ad
2520 4277 2642 4326 pro-

1560 4333 1702 4383 xime
1749 4348 2093 4398 praegressos
2134 4334 2330 4382 Persas
2386 4336 2641 4395 spectans

1560 4403 1786 4467 ipsaque
1827 4401 2132 4465 imperfecti
2166 4394 2521 4466 (προέβαινε)
2556 4399 2641 4449 vis
