3109 5092
1141 320 1636 381 EUTERPE.
1681 320 1766 378 H.
1812 323 1901 381 73.

2545 311 2665 372 591

390 524 508 585 μιν
549 489 674 564 οὐκ
716 493 944 581 εἶδον,
993 499 1055 563 εἰ
1096 490 1188 584 μὴ
1229 488 1390 563 ὅσον
1432 497 1697 583 γραφῇ·
1764 492 1879 561 καὶ
1925 486 2056 579 γὰρ
2102 488 2186 578 δὴ
2232 489 2344 559 καὶ
2388 484 2671 565 σπάνιος

390 694 860 829 affixam}
896 691 1482 827 afflixi-“3325

390 832 608 884 Handb.
648 849 696 884 z.
725 833 791 883 A.
818 833 885 883 Τ.
915 832 992 885 11.
1022 848 1078 897 Ρ.
1117 832 1218 883 180
1251 847 1368 897 seq.
1395 831 1479 881 ed.

392 918 525 965 sec„
557 901 758 953 Welte:
792 903 909 952 Das
925 902 1082 952 Buch
1105 902 1251 952 Hiob
1275 918 1331 968 p.
1357 901 1480 966 283,

392 973 802 1023 Sehlottmann:
822 972 937 1021 Das
952 969 1102 1021 Bnch
1116 971 1262 1022 Hiob
1283 987 1338 1036 p.
1357 971 1480 1033 389,

393 1040 610 1092 Ewald:
659 1042 764 1092 Die
801 1041 1032 1091 Dichter
1067 1041 1122 1092 d.
1162 1040 1258 1091 alt.
1299 1040 1477 1091 Bund.

395 1112 502 1163 111.
530 1127 584 1176 p.
610 1112 707 1162 271
738 1109 823 1161 ed.
851 1111 1009 1177 sec.),
1044 1111 1332 1177 ipsumque
1357 1111 1485 1160 Um·

394 1181 565 1245 breit,
600 1179 778 1246 virum
814 1179 1186 1231 doctissimum
1219 1186 1288 1246 ,et
1323 1180 1485 1230 colle-

397 1266 525 1317 gam
548 1251 1085 1313 aestumatissimnm,
1123 1265 1272 1300 nnnc
1304 1264 1486 1300 acces-

397 1322 538 1371 sisse
584 1319 791 1382 laetor,
837 1319 960 1370 aliis
1013 1334 1202 1385 parum
1236 1325 1384 1370 recte
1418 1319 1484 1369 de

397 1407 560 1441 arena
595 1389 722 1440 olim
756 1390 1147 1454 cogitantibus,
1218 1391 1355 1440 Post
1377 1390 1487 1439 He-

397 1460 675 1522 rodotum,
732 1475 890 1524 quem
940 1459 1118 1524 ipsum
1162 1461 1219 1509 in
1255 1460 1339 1508 his
1375 1460 1485 1508 He·

398 1529 576 1581 cataei
604 1529 807 1579 scrinia
828 1528 1152 1594 compilasse
1174 1528 1365 1582 dicunt
1384 1527 1486 1594 (cf.

399 1600 641 1650 Klausen
686 1599 759 1649 ad
809 1599 1079 1649 Hecataei
1135 1599 1384 1664 fragmm.
1430 1613 1489 1662 p.

402 1671 502 1720 126
522 1683 659 1733 seq.,
697 1667 794 1718 sed
819 1668 931 1718 vid.
957 1670 1122 1719 etiam
1144 1668 1486 1719 Henrichsen

399 1737 499 1790 1.1.
527 1738 571 1787 1.
604 1753 731 1804 pag.
759 1737 794 1789 6
824 1736 985 1802 not.),
1021 1737 1237 1802 plurimi
1262 1737 1489 1802 scripto·

398 1823 485 1858 res
521 1808 590 1858 de
625 1808 890 1872 phoenice
921 1807 1252 1869 retulerunt,
1289 1807 1490 1857 descri-

401 1878 590 1928 bentes
625 1877 992 1928 Herodoteam
1029 1879 1396 1927 narrationem
1432 1879 1488 1926 et

398 1947 712 2012 plerumque
732 1946 1314 2012 amplificanteaatque
1336 1961 1488 1996 exor-

400 2022 623 2078 nantes,
667 2031 892 2083 quornm
924 2017 1074 2066 locos
1112 2015 1487 2081 suppeditabit

400 2086 628 2135 Martini
680 2086 749 2136 ad
801 2085 1082 2136 Lactantii
1142 2101 1359 2136 carmen
1419 2084 1486 2135 de

399 2156 672 2205 Phoenice
725 2155 1099 2221 (Lunaebnrg.
1146 2153 1302 2219 1825)
1353 2169 1482 2220 pag.

401 2225 471 2276 38
507 2226 746 2290 itemque
779 2225 1047 2275 Leemans
1095 2224 1164 2276 ad
1196 2224 1483 2289 Hor-apoll.

400 2311 455 2360 p.
496 2297 617 2345 242.
687 2294 831 2346 Add.
867 2292 1229 2344 Henrichsen.
1278 2294 1482 2348 Comm-

403 2366 431 2415 1
467 2369 523 2414 et
557 2364 616 2414 11
661 2364 728 2414 de
759 2364 1019 2415 Phoenic.
1060 2363 1248 2414 fabula
1279 2364 1482 2428 (Havn.

407 2435 540 2484 1825
576 2438 630 2484 et
667 2431 857 2497 1827),
899 2434 992 2499 qui
1017 2433 1207 2483 itidem
1242 2432 1486 2499 singulos

400 2508 646 2554 veterum
696 2503 845 2553 locos
911 2504 1152 2553 excussit
1206 2504 1487 2567 ipsiusque

401 2571 622 2624 fabulae
665 2573 934 2623 rationem
980 2572 1207 2622 reddere
1256 2579 1487 2622 conatus

403 2649 487 2693 est
523 2645 599 2708 (Ρ.
625 2641 877 2710 26-30).
928 2644 1008 2692 Ac
1043 2641 1133 2692 vel
1172 2647 1338 2692 antea
1371 2641 1488 2707 plu-

397 2727 487 2763 res
524 2713 629 2762 viri
665 2713 839 2776 docti,
888 2727 1115 2776 quorum
1151 2710 1319 2762 libros
1357 2710 1489 2761 alla-

400 2787 487 2833 tos
538 2781 774 2847 reperies
822 2796 1009 2831 omnes
1045 2779 1191 2846 apud
1229 2781 1489 2832 Graesse.

402 2852 658 2917 Beitriige
705 2868 756 2903 z.
808 2851 1040 2902 Literat.
1089 2867 1145 2901 n.
1198 2850 1342 2916 Sage
1394 2851 1489 2901 des

401 2921 751 2972 Mittelalters
776 2938 829 2987 p.
861 2922 948 2971 72.
973 2925 1089 2971 not.
1117 2923 1181 2983 2,
1220 2919 1287 2970 de
1319 2920 1491 2971 Phoe-

402 2991 523 3041 nice
583 2996 978 3056 exposuerunt3
1051 2994 1244 3041 nostra
1307 2994 1490 3039 aetate

402 3061 689 3126 Boettiger
725 3057 1232 3125 (Kunstmytholog.
1263 3059 1310 3108 Ι.
1341 3074 1394 3123 p.
1421 3058 1491 3109 39

405 3129 579 3196 seq.),
618 3130 852 3181 Creuzer
889 3127 1156 3194 (Symbol.
1193 3128 1269 3178 11.
1308 3144 1364 3193 p.
1390 3127 1490 3179 163

404 3198 571 3265 seq.)‚
617 3198 825 3249 Bohlen
862 3199 999 3259 (Das
1035 3197 1147 3247 alte
1181 3197 1374 3248 Indien
1411 3197 1488 3248 11.

403 3284 459 3334 Ρ.
497 3269 595 3319 241
634 3267 804 3334 seq.),
838 3267 1167 3318 Wilkinson.
1206 3267 1491 3332 (Manners

405 3342 514 3390 etc.
551 3353 662 3388 sec.
699 3352 807 3388 ser.
844 3335 891 3387 1.
936 3353 993 3401 p.
1036 3337 1139 3388 303
1173 3351 1328 3402 seqq.
1366 3335 1490 3386 coll.

405 3408 482 3459 11.
519 3424 573 3472 p.
611 3405 756 3472 228),
793 3405 971 3457 Raonl
992 3406 1257 3456 Rochette
1290 3407 1363 3470 (p.
1389 3405 1492 3456 319

405 3491 559 3542 seqq.
597 3478 713 3526 eius
749 3475 899 3537 libri,
938 3490 1044 3540 quo
1077 3475 1185 3525 iam
1223 3475 1292 3525 ad
1323 3474 1397 3537 11,
1422 3477 1492 3525 42

407 3562 519 3611 seq.
558 3547 644 3595 usi
680 3545 907 3609 sumus),
945 3544 1146 3594 Ideler:
1183 3543 1493 3594 Handbuch

407 3615 461 3665 d.
498 3614 823 3680 Chronolog.
874 3614 920 3664 1.
958 3630 1012 3679 Ρ.
1057 3613 1157 3665 186
1191 3629 1340 3679 seq.,
1377 3612 1494 3676 alii,

406 3700 471 3735 ac
507 3685 798 3750 praecipue
829 3684 1086 3747 Lepsins:
1135 3681 1497 3747 Chronologie

406 3753 460 3804 d.
495 3755 730 3819 Aegypt.
769 3768 824 3818 p.
861 3751 960 3803 180
993 3768 1145 3819 seqq.
1212 3753 1327 3803 Nos
1363 3766 1496 3815 pau-

406 3823 486 3873 cis
527 3824 616 3874 hic
656 3823 1033 3888 defungamur.
1116 3822 1305 3886 Neque
1352 3821 1494 3870 enim

407 3907 545 3958 qnae
583 3892 693 3942 alia
726 3891 862 3942 alias
909 3890 1053 3957 apud
1089 3896 1281 3956 gentes
1320 3890 1494 3940 orien-

405 3962 479 4011 tis
537 3962 880 4026 potissimum
932 3959 1222 4011 traduntur
1275 3959 1493 4021 similia,

409 4046 678 4096 exponere
725 4045 871 4081 nunc
921 4034 1110 4089 vacat3
1183 4030 1242 4078 in
1282 4029 1494 4079 univer-

408 4115 527 4150 sum
568 4100 844 4151 monuisse
885 4099 1158 4162 sufficiat,
1198 4098 1494 4163 Aegyptio-

408 4185 526 4219 rum
564 4169 881 4235 phoenicem
919 4183 1075 4219 avem
1124 4183 1245 4219 esse
1280 4167 1489 4227 fictam3

408 4239 477 4289 de
522 4254 632 4304 qna
674 4254 811 4305 qnae
859 4238 1147 4289 memoriae
1195 4238 1494 4301 prodantur

407 4313 525 4357 tum
579 4309 723 4373 apud
766 4307 1134 4369 Herodotum,
1186 4311 1303 4357 tum
1347 4304 1494 4371 apud

408 4375 577 4439 alios,
621 4391 687 4427 ea
722 4376 794 4426 ad
823 4343 1147 4476 temerarias
1184 4389 1251 4427 ac
1280 4375 1494 4441 symbo-

1584 690 1722 742 licas
1757 692 1999 743 rationes
2030 707 2128 757 pro
2154 688 2504 756 antiquitatis
2527 702 2676 737 more

1587 775 1709 811 esse
1742 760 2047 812 referenda.
2094 762 2504 812 Astronomicas
2534 757 2676 806 enim

1585 831 1827 882 rationes
1878 833 1927 881 si
1979 833 2283 896 respexeris
2302 867 2317 895 ,
2374 827 2541 895 prisci
2594 825 2676 874 illi

1584 901 1978 966 Aegyptiorum
2027 902 2338 952 sacerdotes
2397 897 2676 964 phoenicis

1585 970 1826 1021 adventu
1858 970 2103 1021 indicare
2148 970 2389 1021 voluisse
2422 967 2678 1018 videntur

1584 1042 1768 1105 mag-ni
1834 1039 1983 1090 illius
2047 1041 2179 1090 anni
2246 1037 2676 1097 conversionem,

1589 1125 1729 1175 quae
1760 1109 2052 1164 multorum
2085 1110 2149 1172 (i.
2187 1126 2235 1162 e.
2282 1105 2674 1175 quingentorum)

1586 1195 1853 1240 annornm
1889 1179 2197 1245 vulgarium
2236 1179 2389 1244 cyclo
2427 1192 2549 1227 cum
2585 1175 2678 1224 ab-

1588 1248 1865 1314 solvatur,
1922 1264 2110 1300 recens
2157 1249 2319 1315 quasi
2357 1252 2547 1297 natum
2582 1245 2678 1295 ad-

1590 1318 1757 1369 ducat
1793 1323 2026 1384 tempus.
2079 1318 2238 1382 Quod
2274 1333 2399 1369 cum
2434 1319 2679 1381 praestet

1588 1389 1700 1453 sol,
1737 1389 1890 1438 cuius
1926 1404 2090 1439 cursu
2130 1388 2259 1439 talis
2295 1386 2551 1453 periodus
2587 1386 2678 1435 de-

1588 1458 1810 1508 finiatur
1860 1457 2116 1523 illiusque
2160 1459 2292 1509 anni
2341 1456 2526 1522 magni
2580 1455 2679 1504 fiat

1589 1528 1903 1591 conversio,
1942 1529 2207 1593 phoenix,
2246 1543 2351 1593 quo
2383 1528 2504 1591 ipso
2540 1525 2679 1575 haec

1588 1598 1872 1647 conversio
1926 1597 2234 1662 indicatur,
2300 1595 2432 1647 solis
2488 1596 2679 1660 utique

1589 1673 1675 1716 est
1710 1668 1857 1728 avis;
1910 1667 1981 1717 ad
2028 1667 2197 1718 solem
2233 1667 2549 1731 solaresque
2594 1679 2678 1713 ra-

1588 1736 1767 1787 tiones
1810 1737 1937 1787 hinc
1981 1743 2258 1803 spectant,
2324 1747 2677 1801 quaecunque

1586 1806 1657 1856 de
1690 1821 1756 1856 eo
1792 1807 2118 1869 referuntur,
2155 1806 2224 1856 ad
2261 1806 2430 1856 solem
2462 1807 2678 1869 spectat

1588 1875 1729 1926 adeo
1763 1876 1937 1926 forma
1971 1877 2299 1941 habitusque
2335 1875 2453 1924 avis
2500 1877 2555 1923 et
2589 1887 2677 1922 co-

1588 1944 1672 1995 lor
1710 1959 2011 2010 purpureus
2058 1962 2124 2000 ac
2168 1944 2507 2010 splendidus.
2590 1943 2677 1992 Ex

1590 2015 1820 2079 Arabia,
1860 2030 2001 2081 quae
2036 2016 2259 2066 orientis
2297 2013 2429 2065 solis
2460 2016 2544 2063 est
2568 2018 2676 2061 ter-

1589 2101 1683 2149 ra,
1719 2083 1990 2149 proficisci
2025 2085 2253 2148 dicitur,
2290 2088 2501 2149 patrem
2538 2096 2677 2132 mor-

1588 2159 1741 2208 tnmn
1785 2156 1850 2220 (i.
1888 2171 1936 2206 e.
1974 2160 2189 2226 tempus
2227 2153 2676 2220 praeterlapsum,

1570 2223 1690 2274 ‘hoc
1714 2237 1977 2278 annornm
2004 2221 2158 2290 cyclo
2181 2221 2519 2287 absolutum)
2538 2236 2679 2286 myr-

1588 2293 1687 2345 rha
1723 2294 1792 2344 ad
1829 2296 1920 2345 ovi
1956 2296 2131 2346 instar
2174 2293 2479 2345 involutum
2522 2294 2678 2359 (nam

1591 2370 1803 2428 tempus
1841 2365 2193 2430 praeteritum
2217 2365 2487 2415 inclusum
2521 2361 2677 2427 quasi

1591 2440 1807 2496 tenetur
1842 2449 1944 2485 nec
1976 2445 2214 2499 unquam
2249 2434 2376 2484 inde
2414 2432 2558 2483 elabi
2584 2446 2678 2496 po-

1591 2503 1735 2566 test)
1794 2503 2073 2554 delaturus
2139 2503 2478 2568 Heliopolin,
2536 2502 2572 2551 i.
2627 2515 2675 2550 e.

1590 2573 1775 2624 Solis*
1760 2588 1815 2621 in
1840 2573 2053 2633 urbem3
2096 2573 2295 2642 quippe
2318 2572 2410 2623 Sol
2444 2576 2547 2632 est,
2584 2571 2679 2635 qui

1590 2649 1801 2708 tempus
1848 2641 2276 2707 praeterlapsum
2320 2643 2379 2691 1ιι
2424 2655 2484 2690 se
2521 2640 2680 2705 quasi

1590 2710 1823 2776 recipiat
1858 2718 2025 2776 atque
2058 2710 2285 2773 condat,
2323 2723 2523 2759 novum
2547 2714 2680 2758 tem-

1593 2795 1694 2846 pus
1728 2780 1905 2831 denno
1938 2781 2198 2832 editurus.
2270 2749 2469 2845 ’Itaque
2515 2778 2679 2844 phoe-

1592 2851 1714 2901 nice
1785 2849 2125 2915 significatur
2191 2849 2452 2914 temporis
2526 2852 2707 2898 certa¹

1593 2919 1861 2987 quaedam
1938 2918 2191 2985 periodus
2257 2919 2388 2970 solis
2460 2933 2680 2968 conver-

1593 2992 1747 3041 sione
1783 2988 2022 3040 addncta
2067 2994 2124 3039 et
2158 2988 2473 3055 quingentis
2511 2989 2682 3038 ferme

1592 3060 1749 3111 annis
1801 3058 2083 3122 absoluta,
2136 3059 2274 3109 bene
2323 3057 2682 3109 discernenda

1591 3130 1661 3179 ab
1708 3127 1886 3179 altera
1934 3129 2032 3179 illa
2077 3130 2325 3193 periodo,
2378 3141 2542 3194 qnam
2585 3128 2682 3179 So-

1592 3199 1833 3249 thiacam
1867 3198 2145 3264 appellant
2170 3204 2336 3264 atque
2363 3213 2485 3248 cum
2511 3198 2683 3248 Phoe-

1592 3269 1742 3319 nicia
1764 3268 1987 3334 periodo
2022 3267 2167 3317 haud
2203 3283 2327 3318 raro
2362 3271 2418 3317 et
2453 3267 2683 3331 antiqua

1595 3342 1651 3388 et
1701 3339 2001 3388 recentiore
2066 3343 2251 3388 aetate
2301 3336 2680 3396 confuderunt,

1594 3408 1726 3457 licet
1755 3406 1829 3457 ad
1867 3407 2004 3458 1460
2037 3407 2205 3456 ferme
2238 3419 2412 3456 annos
2446 3403 2543 3452 illa
2566 3419 2682 3468 per-

1593 3477 1799 3536 tineat;
1858 3475 1969 3525 vid.
2006 3475 2236 3541 Lepsius
2276 3473 2315 3526 l.
2362 3471 2402 3522 l.
2453 3489 2507 3538 p.
2557 3473 2678 3523 180.

1602 3545 1699 3596 186
1733 3561 1846 3610 seq.
1929 3545 2083 3594 Haec
2127 3544 2318 3609 paucis
2369 3540 2439 3590 ad
2484 3540 2684 3590 intelli-

1595 3615 1836 3680 gentiam
1868 3611 2088 3663 fabulae
2119 3610 2465 3663 Herodoteae
2505 3609 2684 3660 decla·

1594 3687 1718 3733 rata
1753 3698 1896 3733 nunc
1934 3681 2238 3742 sufficiant,
2288 3694 2425 3744 quae
2475 3681 2570 3744 qui
2603 3695 2683 3730 re-

1594 3752 1897 3817 putaverit,
1937 3751 1985 3799 is
2021 3750 2211 3814 opinor
2243 3747 2544 3814 intelliget,
2588 3763 2684 3799 cnr

1595 3825 1818 3887 postera
1875 3819 2120 3884 inprimis
2189 3821 2375 3868 aetate
2441 3818 2685 3884 adeoque

1597 3891 1909 3941 Christiana
1950 3903 2049 3953 pro
2081 3889 2468 3938 {numi-talitatis
2512 3893 2567 3938 et
2602 3904 2685 3940 re-

1594 3961 1922 4011 surreccionis
1972 3957 2217 4022 symbolo
2265 3957 2499 4022 phoenix
2533 3957 2685 4007 habi-

1596 4033 1686 4078 tus
1732 4028 1918 4078 fuerit.
2001 4027 2127 4077 vid.
2171 4028 2405 4092 Lepsius
2450 4027 2488 4078 1.
2539 4027 2579 4077 l.
2628 4044 2684 4091 p.

1599 4096 1862 4148 183.195
1898 4100 1954 4146 et
1986 4096 2279 4162 praecipue
2306 4096 2538 4148 Graesse
2569 4096 2608 4148 l.
2646 4097 2683 4147 l.

1596 4182 1652 4232 Ρ.
1682 4167 1751 4216 74
1789 4180 1943 4231 seqq.

1666 4226 1770 4300 ἐγώ
1820 4233 1925 4299 μέν
1968 4248 2068 4297 μιν
2109 4223 2215 4284 οὐκ
2267 4225 2456 4298 εἶδον,
2511 4227 2567 4282 εἰ
2606 4222 2685 4297 μὴ

1594 4315 1735 4353 οσον
1778 4301 1997 4370 γραφῇ]
2059 4303 2275 4353 Iudicat
2318 4307 2476 4368 pater
2518 4301 2686 4351 histo-

1596 4372 1730 4438 riae,
1767 4388 1827 4423 se
1858 4371 2233 4423 tantummodo
2255 4387 2327 4422 eoe
2354 4372 2559 4435 pictum
2586 4383 2686 4420 sen
