3109 5092
459 343 582 405 240
1327 342 1872 405 HERODOTI

461 516 928 608 προσθήσομαι
962 521 1045 605 τῇ
1085 516 1356 607 γνώμῃ,
1406 514 1673 605 οὐδεὶς
1716 515 1935 606 φόνον
1970 522 2279 588 τοιοῦτον
2315 513 2734 609 ὑπηρετήσω.

462 626 731 692 πολλῶν
762 620 837 689 δὲ
877 626 1103 692 εἵνεκα
1135 618 1218 690 ού
1257 621 1572 709 φονεύσω
1613 643 1763 710 μιν·
1827 622 1940 689 καὶ
1979 617 2081 690 ὅτι
2117 618 2299 716 αὐτῷ
2341 650 2452 711 μοι
2489 643 2735 711 συγγε-

459 725 580 814 νής
610 722 794 794 ἔστιν
827 719 863 794 ὅ
901 740 1092 810 παῖς,
1130 727 1241 794 καὶ
1273 720 1376 794 ὅτι
1414 723 1779 813 Ἀστυάγης
1807 728 1933 813 μέν
1963 721 2102 794 ἐστι
2134 727 2356 814 γέρων
2392 728 2503 795 καὶ
2543 724 2743 807 ἅπαις

462 835 731 919 ἔρσενος
775 828 1003 916 γόνου.
1075 834 1137 897 εἰ
1173 828 1248 898 δὲ
1276 826 1620 919 ἐθελήσει,
1657 829 1902 898 τούτου
1929 828 2480 918 τελευτήσαντος,
2519 827 2585 910 ἐς
2618 828 2743 918 τὴν

461 935 808 1023 θυγατέρα
843 932 1097 1020 ταύτην
1126 929 1458 1020 ἀναβῆναι
1487 928 1528 1022 ἡ
1562 934 1912 1022 τυραννὶς,
1954 922 2031 1021 ἧς
2060 937 2192 1002 νῦν
2216 930 2337 1002 τὸν
2371 931 2528 1004 υἰόν
2561 940 2737 1002 κτεί-

465 1063 569 1106 νει
618 1031 711 1105 δι’
761 1032 956 1124 ἐμεῦ,
1007 1033 1171 1105 ἄλλο
1209 1044 1280 1105 τί
1314 1030 1357 1124 ἢ
1394 1044 1690 1106 λείπεται
1729 1034 1803 1105 τὸ
1849 1033 2178 1106 ἐνθεῦτεν
2217 1032 2362 1124 ἐμοὶ
2398 1037 2743 1106 κινδύνων

468 1136 504 1209 ὁ
551 1142 888 1228 μέγιστοςς
940 1136 1110 1209 ἀλλὰ
1161 1146 1283 1208 τοῦ
1324 1140 1450 1227 μὲν
1492 1137 1828 1227 ἀσφαλέος
1885 1144 2111 1209 εἵνεκα
2158 1135 2303 1228 ἐμοὶ
2351 1144 2463 1209 δεῖ
2503 1147 2744 1210 τοῦτον

466 1248 790 1312 τελευτᾶν
825 1242 945 1313 τὸν
990 1248 1232 1311 παῖδα·
1299 1248 1406 1312 δεῖ
1435 1246 1563 1331 μέν
1600 1271 1701 1313 τοι
1736 1248 1876 1313 τῶν
1916 1241 2069 1313 τινὰ
2096 1239 2488 1330 Ἀστυάγεος
2532 1242 2744 1314 αὐτοῦ

335 1349 678 1435 ῙΙΟφονὲα
716 1349 1036 1433 γενέσθαι
1073 1346 1183 1415 καὶ
1223 1343 1314 1433 μὴ
1356 1351 1495 1416 τῶν
1544 1342 1744 1435 ἐμῶν.
1839 1352 2062 1416 Ταῦτα
2105 1344 2284 1431 εἷπε,
2338 1348 2452 1415 καὶ
2503 1345 2745 1416 αὐτίκα

468 1447 757 1537 ἄγγελον
801 1456 1053 1538 ἔπεμπε
1094 1444 1204 1517 ἐπὶ
1231 1453 1370 1517 τῶν
1403 1450 1760 1538 βουκόλων
1795 1454 1936 1519 τῶν
1967 1446 2398 1536 Ἀστυάγεος,
2431 1447 2551 1520 τὸν
2585 1447 2741 1539 ἠπί-

471 1575 669 1621 στατο
715 1553 923 1641 νομάς
967 1579 1038 1620 τε
1082 1548 1613 1638 ἐπιτηδειοτάτας
1656 1556 1943 1640 νέμοντα
1989 1554 2104 1621 καὶ
2153 1550 2369 1642 οὔρεα,
2404 1554 2744 1642 θηριωδέ-

472 1677 709 1740 στατα,
768 1661 862 1750 τῷ
906 1652 1163 1743 οὔνομα
1206 1645 1295 1743 ἦν
1347 1658 1817 1747 Μιτραδάτης,
1877 1663 2187 1725 συνοίκεε
2241 1655 2315 1725 δὲ
2365 1661 2448 1747 τῇ
2493 1658 2750 1725 ἑωυτοῦ

471 1757 858 1853 συνδούλῳ·
927 1757 1183 1847 οὕνομα
1243 1758 1320 1828 δὲ
1375 1765 1458 1851 τῇ
1506 1762 1777 1849 γυναικὶ
1822 1748 1943 1846 ἦν,
2006 1764 2088 1848 τῇ
2137 1765 2480 1844 συνοίκεε,
2542 1756 2749 1829 Κυνώ

471 1860 638 1932 κατὰ
682 1860 807 1952 τὴν
836 1858 1177 1952 Ἑλλήνων
1218 1866 1566 1948 γλῶσσαν,
1615 1859 1782 1935 κατὰ
1818 1861 1893 1930 δὲ
1939 1859 2063 1951 τὴν
2098 1859 2422 1950 Μηδικὴν
2456 1861 2745 1931 Σπακώ·

469 1964 593 2054 τὴν
646 1966 774 2056 γὰρ
821 1965 996 2036 κύνα
1042 1967 1359 2035 καλέουσι
1404 1966 1625 2036 σπάκα
1685 1969 1936 2054 Μῆδοι.
2025 1969 2101 2033 αἱ
2144 1964 2218 2033 δὲ
2266 1960 2577 2055 ὑπώρεαί
2619 1971 2749 2034 εἰσι

470 2189 525 2292 11).
564 2173 687 2225 750.
724 2173 809 2224 Ad
826 2189 978 2239 seqq.
1021 2164 1081 2223 ἐν
1117 2165 1233 2241 νόῳ
1271 2164 1382 2223 ἐστὶ
1415 2173 1560 2225 conf.

505 2281 519 2307 ²
545 2308 641 2361 καὶ
674 2302 849 2370 ἄπαις
882 2306 1110 2376 ἔρσενος
1142 2302 1340 2377 γόνου]
1377 2311 1564 2377 Expli-

474 2383 707 2433 candum
740 2382 845 2433 hoc
882 2382 1070 2432 eodem
1105 2385 1297 2444 pacto,
1335 2398 1440 2447 quo
1477 2398 1563 2433 su-

473 2469 571 2518 pra
610 2453 655 2514 Ι,
701 2452 796 2502 107
832 2442 1045 2515 ἀνδρὸς
1076 2445 1312 2515 ὡραίην.
1363 2483 1434 2492 --
1479 2450 1565 2501 Ad

476 2521 932 2589 significationem
966 2523 1120 2572 verbi
1157 2511 1413 2585 ἐθελήσει
1449 2519 1564 2571 vid.

478 2608 617 2658 quae
653 2592 721 2642 ad
770 2593 817 2654 Ι,
867 2591 952 2643 32.
1003 2593 1081 2654 ΙΙ,
1120 2593 1187 2643 14
1223 2597 1351 2641 sunt
1395 2590 1563 2652 dieta,

476 2667 531 2713 et
561 2663 687 2714 add.
722 2663 894 2712 Meier
924 2661 991 2711 de
1026 2661 1291 2713 Andocid.
1332 2665 1469 2711 orat.
1496 2660 1565 2723 V,

476 2736 525 2783 2.
567 2749 695 2798 pag.
742 2735 793 2783 5.
847 2732 1044 2796 Negris
1094 2733 1261 2782 verbs
1306 2720 1565 2794 ἐθελήσει

477 2832 547 2841 —-
580 2793 863 2867 ἀναβῆναι
900 2802 1099 2867 accipit
1144 2817 1241 2867 pro
1288 2792 1567 2866 ἀναβήσε-

476 2887 587 2921 ται.
610 2872 726 2923 Nec
749 2871 909 2921 aliter
924 2871 1033 2920 fere
1047 2869 1319 2920 Heroldin
1331 2869 1561 2922 Jahn-bb.

480 2941 520 2991 f.
562 2940 758 2990 Philol.
801 2955 856 2990 u.
904 2941 1217 3006 Paedagog.
1268 2940 1470 2990 XXIV.
1510 2954 1562 3001 p.

481 3009 602 3059 402.
643 3000 900 3072 ἐθελήσει
939 3010 1135 3072 scripsi
1168 3025 1263 3073 pro
1291 3008 1440 3074 vulg.
1470 3005 1572 3055 θε-

481 3069 673 3142 λήσας
712 3077 785 3128 cf.
822 3082 963 3127 nott.
1005 3077 1074 3128 ad
1110 3077 1183 3139 11,
1223 3078 1308 3129 14.
1419 3091 1426 3098 ·

551 3136 687 3195 ἄλλο
733 3144 793 3195 τί
835 3135 875 3209 ἢ
920 3144 1194 3212 λείπεται]
1238 3148 1276 3198 i.
1325 3163 1372 3197 e.
1411 3159 1572 3196 nonne

483 3223 734 3281 superest.
801 3217 886 3265 De
933 3230 1038 3280 quo
1075 3215 1446 3280 interrogandi
1482 3230 1572 3278 ge-

484 3302 614 3337 nere
661 3285 870 3335 monuit
917 3284 1172 3336 Kuehner
1220 3287 1311 3336 Gr.
1365 3287 1459 3337 Gr.
1517 3286 1571 3345 ς.

485 3357 607 3418 852,
655 3372 725 3406 m.
776 3353 949 3405 Paulo
987 3359 1115 3406 ante
1159 3356 1303 3420 quod
1347 3371 1445 3420 pro
1495 3347 1571 3422 ἧς

487 3426 683 3477 Struve
721 3424 952 3490 Specim.
1005 3425 1230 3488 Quaest.
1275 3425 1483 3477 Herod.
1520 3426 1571 3476 1.

486 3513 541 3561 p.
590 3493 659 3545 23
701 3495 997 3560 repositum
1046 3494 1167 3544 vult
1215 3491 1296 3558 τῆ
1309 3509 1358 3558 ς,
1418 3495 1573 3547 libris

485 3565 693 3626 invitis,
716 3565 963 3630 equidem
998 3565 1117 3614 viro
1157 3564 1472 3617 doctissimo
1510 3580 1577 3615 ex

488 3636 554 3684 iis
589 3632 822 3700 legibus,
863 3649 999 3699 quas
1033 3634 1164 3684 mihi
1209 3635 1432 3699 scripsi,
1483 3635 1577 3685 ob-

486 3710 789 3768 temperare
845 3702 992 3753 haud
1043 3704 1216 3768 potui.
1277 3704 1384 3766 Qui
1431 3704 1576 3754 idem

487 3790 540 3838 p.
580 3773 667 3825 30.
717 3773 786 3824 32
834 3773 992 3823 initio
1040 3773 1199 3823 huius
1241 3774 1440 3838 capitis
1477 3789 1574 3839 pro

489 3832 613 3891 οὐκ
665 3829 701 3903 ᾗ
752 3832 1059 3891 ἐνετέλλετο
1104 3844 1271 3893 scribi
1309 3843 1461 3893 iubet
1497 3833 1576 3892 οὗ

489 3908 573 3975 τῇ
600 3909 689 3961 vel
709 3901 835 3958 οὐκ
864 3899 993 3974 ὅκη
1022 3904 1181 3972 ἐνει,
1215 3912 1273 3962 in
1302 3928 1408 3977 quo
1432 3917 1578 3962 utro-

488 3994 773 4098 {2333
793 3985 1174 4112 ἐξὲῗὲἱηῗωὲ*
1208 3982 1580 4102 ιέἰὲἳὲοὲξωξῗ

493 4116 621 4167 dere
655 4115 822 4166 nolui.

896 4285 1029 4336 CAP.
1067 4286 1180 4336 CX.

565 4383 776 4452 ἔπεμπε
838 4378 928 4437 ἐπὶ
993 4386 1106 4438 τῶν
1169 4379 1461 4454 βουκόλων
1511 4421 1582 4430 -

1661 2163 1763 2221 τὸν
1803 2163 2078 2235 ἠπίστατο
2126 2162 2306 2237 νομάς
2346 2187 2406 2223 τε
2446 2164 2751 2238 ἕπιτηδεω-

1663 2233 1835 2320 τάτας
1874 2236 2141 2307 νέμοντα]
2196 2243 2397 2293 Vocem
2446 2233 2751 2307 ἐπιτηδειο-

1663 2325 1834 2367 τατας
1893 2312 2149 2361 Rciskius
2194 2318 2408 2363 mutare
2458 2313 2633 2363 voluit
2696 2313 2753 2361 in

1661 2371 2218 2444 άνεπιτηδειοτάτας,
2259 2388 2322 2432 nt
2356 2398 2562 2447 pascua
2596 2381 2756 2432 intel·
2792 2381 2801 2392 “

1663 2449 1906 2514 ligantur
1927 2453 2140 2501 maxime
2162 2450 2418 2515 horrifica.
2456 2451 2565 2503 Sed
2590 2451 2755 2502 verba

1666 2534 1817 2583 seqq.
1892 2509 2070 2582 οὔρεα
2133 2518 2568 2584 θηριωδέστατα
2604 2520 2757 2571 Reis-

1666 2588 1816 2638 kium
1858 2590 1915 2638 in
1964 2604 2199 2640 errorem
2254 2591 2535 2641 induxisse
2598 2605 2755 2639 nemo

1667 2674 1775 2708 non
1821 2657 1990 2708 videt.
2048 2659 2444 2725 Wesselingius
2500 2658 2756 2724 intelligit

1660 2743 1857 2790 pascua
1891 2728 2045 2778 bobus
2075 2730 2348 2791 pascendis
2380 2733 2590 2780 maxime
2614 2736 2755 2792 apta,

1667 2799 1873 2861 cyr-eyia
1912 2798 1980 2847 ob
2029 2798 2132 2848 soli
2170 2800 2444 2862 virtutem,
2487 2813 2759 2864 agrosque

1665 2866 1920 2917 herbidos
1959 2871 2125 2931 atque
2160 2868 2412 2933 irriguos.
2452 2868 2756 2933 Schweigh.

1666 2936 1927 3001 intelligit
1956 2951 2163 3001 pascua
2192 2939 2264 2986 ad
2300 2938 2369 3000 id,
2402 2939 2465 2988 de
2500 2952 2598 3002 quo
2630 2951 2758 2986 nunc

1674 3006 1935 3069 agebatur,
1973 3009 2187 3058 maxime
2220 3008 2419 3058 idonea.
2461 3006 2650 3058 Gallus
2680 3007 2759 3055 in-

1672 3080 1879 3138 terpres
1914 3076 2339 3142 wesseling-ium
2389 3081 2473 3127 est
2509 3079 2757 3136 secutus;

1672 3144 1849 3195 Italus
1896 3145 2101 3195 reddit:
2149 3161 2281 3208 „per
2332 3148 2533 3210 pascoli
2575 3161 2761 3209 oppor-

1673 3214 1975 3264 tunisst’mi.“

1744 3281 2003 3332 συνοίκεε
2039 3276 2103 3332 δὲ
2146 3281 2216 3349 τῇ
2253 3273 2469 3333 ἑωυτοῦ
2515 3274 2763 3334 συνδού-

1671 3349 1772 3417 λῳ]
1840 3352 1929 3402 Ita
1983 3353 2298 3417 scripsimus
2360 3368 2481 3403 cum
2533 3358 2761 3404 recentt.

1676 3421 1834 3471 editt.
1872 3438 1901 3472 e
1926 3421 2198 3473 Sancroft'.
2237 3422 2395 3473 libro.
2433 3424 2610 3490 Vulgo
2633 3437 2764 3472 συν-

1675 3483 1885 3554 δούλῃ,
1932 3491 2131 3542 omisso
2183 3492 2413 3542 articulo
2457 3489 2545 3557 τῇ.
2602 3491 2763 3542 Conf.

1676 3560 1750 3619 11,
1803 3559 1922 3611 134.
1984 3562 2136 3611 Solet
2182 3562 2324 3611 enim
2383 3561 2584 3612 Noster
2626 3561 2763 3611 talia

1678 3629 1953 3679 adiectiva
2001 3632 2307 3696 composita
2342 3632 2639 3681 communis
2675 3646 2766 3694 ge-

1678 3699 1824 3748 neris
1862 3699 2116 3765 pleraque
2136 3701 2404 3766 proferre:
2443 3700 2587 3766 quod
2619 3715 2767 3748 mon-

1679 3768 1877 3818 stravit
1921 3768 2155 3821 Bredov.
2192 3786 2246 3834 p.
2290 3772 2411 3820 275.
2474 3770 2767 3834 Vulgatam

1679 3830 1967 3903 συνδούλῃ
2013 3840 2213 3890 omisso
2275 3838 2514 3889 articulo
2566 3839 2768 3888 retinu-

1679 3910 1836 3957 erunt
1864 3907 2118 3960 Dindorf.
2156 3913 2211 3959 et
2244 3908 2492 3959 Dietsch.

1748 3968 1855 4041 τὴν
1899 3970 2003 4041 γὰρ
2057 3969 2205 4027 κύνα
2262 3972 2523 4027 καλέουσι
2581 3968 2770 4025 σπάκα

1680 4042 1907 4112 Μῆδοι]
1978 4048 2063 4097 Ex
2124 4047 2394 4099 Herodoti
2454 4047 2770 4096 narratione

1680 4116 1960 4180 profectus
1996 4117 2241 4167 Iustinus
2278 4117 2334 4179 I,
2373 4118 2408 4166 4
2447 4115 2557 4166 alia
2600 4115 2769 4177 addit,

1685 4185 1881 4250 quibus
1923 4184 2113 4236 fabula
2155 4186 2331 4251 magis
2379 4191 2668 4235 exornetur
2716 4188 2772 4234 et

1685 4253 2061 4318 amplificetur.
2082 4256 2268 4320 Ipsum
2280 4255 2551 4305 Medicum
2578 4268 2771 4304 nomen

1688 4318 1877 4372 σπάκα
1902 4333 2049 4374 recte
2071 4324 2271 4375 Noster
2287 4324 2534 4390 protulit,
2556 4322 2772 4389 quando

1685 4391 1900 4457 quidem
1937 4393 1994 4443 in
2031 4393 2219 4459 lingna
2242 4393 2479 4444 Zendica
2514 4395 2656 4443 canis
2681 4408 2774 4442 vo-
