3109 5092
1030 369 1161 428 AD
1204 367 1553 431 HEROD
1574 365 1719 429 OT.
1762 370 1847 443 11,
1886 377 1976 431 85.
2510 362 2633 425 863

365 555 396 591 a
428 540 670 593 transitu
714 539 772 591 in
812 538 918 590 alia
958 537 1189 592 aliorum
1232 540 1543 593 animalium
1587 557 1821 611 corpora
1851 544 2146 592 servarent
2184 555 2249 591 ac
2290 538 2627 606 retinerent;

366 624 420 677 id
458 626 647 694 potius
694 623 984 676 conditura
1025 632 1312 693 spectasse
1347 626 1685 694 Aegyptios,
1737 630 1799 677 ut
1838 623 2014 676 anima
2054 624 2431 691 migrationem
2461 625 2627 693 perfi-

364 727 492 761 cere
540 715 760 778 posset,
826 726 1142 761 concessam
1182 709 1326 763 illam
1369 710 1590 781 quidem
1627 710 1699 761 iis
1740 715 1953 762 tantum
1993 708 2330 776 hominibus,
2394 725 2627 779 quorum

365 809 569 863 corpus
601 794 708 846 rite
751 800 904 847 esset
931 794 1241 847 conditum:
1286 812 1395 866 quo
1427 796 1677 863 neglecto
1718 810 1939 847 cursum
1980 793 2180 864 cuique
2212 793 2421 846 animae
2459 794 2626 862 perfi-

365 878 617 930 ciendum
664 878 915 948 impediri
951 886 1047 931 aut
1083 896 1317 948 prorsus
1349 881 1468 932 fieri
1505 898 1614 932 non
1656 897 1843 949 posse.
1902 878 2071 931 Addit
2107 878 2250 931 idem
2290 879 2378 931 vir
2409 878 2624 943 doctus,

365 962 622 1015 sanitatis
654 980 876 1034 quoque
905 962 1158 1033 publicae
1199 965 1255 1017 in
1289 965 1373 1017 his
1409 964 1676 1017 rationem
1706 982 1832 1016 esse
1864 962 2195 1016 habendam:
2238 979 2399 1032 quam
2427 970 2627 1015 terram

365 1047 699 1117 sepeliendis
741 1048 1102 1101 cadaveribus
1145 1056 1322 1118 aptam
1364 1056 1420 1102 et
1459 1067 1492 1101 a
1521 1050 1640 1102 Nili
1681 1049 1842 1119 aquis
1882 1055 2054 1100 tutam
2089 1047 2346 1117 Aegyptii
2388 1065 2498 1100 non
2534 1046 2626 1098 ha-

365 1132 618 1199 buerint,
662 1133 932 1186 cadavera
972 1141 1151 1186 autem
1192 1135 1572 1202 putrescentia
1601 1135 1781 1186 aerem
1814 1149 2164 1201 corrumpere
2205 1132 2446 1202 indeque
2478 1130 2627 1183 sani-

365 1216 466 1269 tati
519 1217 742 1269 officere
781 1217 1082 1287 potuerint.
1162 1218 1329 1281 Quod
1372 1238 1441 1272 ne
1483 1219 1670 1285 fleret,
1722 1219 1801 1270 ita
1843 1218 2200 1287 prospexisse
2244 1215 2367 1270 vult
2410 1222 2628 1269 veteres

366 1301 702 1370 Aegyptios,
754 1309 816 1354 ut
857 1310 1193 1355 mortuorum
1235 1305 1503 1357 cadavera
1545 1303 1840 1356 condirent
1880 1303 2209 1371 conditaque
2249 1302 2305 1353 in
2337 1301 2551 1371 cryptis
2595 1318 2631 1352 a

367 1385 484 1438 Nili
523 1386 884 1439 inundatione
922 1388 1307 1441 remotioribus
1337 1389 1707 1458 deponerent:
1746 1386 1875 1438 inde
1907 1403 2038 1438 vero
2082 1386 2335 1438 effectum
2368 1376 2629 1452 esse,'ut

368 1470 628 1539 Aegyptii
657 1476 876 1524 veteres
908 1472 1108 1539 optima
1138 1473 1376 1525 sanitate
1406 1474 1730 1524 fruerentur
1764 1471 1907 1542 (vid.
1943 1470 2155 1523 Herod.
2190 1470 2264 1537 11·‚
2299 1472 2398 1537 77)
2445 1487 2626 1539 neque

370 1554 478 1607 ulla
505 1553 625 1606 lues
661 1555 909 1623 pestisve
939 1556 1246 1626 antiquitus
1278 1565 1648 1626 grassaretur.
1714 1556 1835 1608 Nec
1866 1555 2014 1623 fugit
2045 1556 2220 1608 virum
2250 1557 2486 1623 doctum,
2518 1554 2628 1606 tale

367 1638 500 1709 quid
543 1638 703 1690 etiam
743 1655 774 1690 a
803 1640 1009 1692 medico
1036 1640 1343 1694 Parisiensi
1376 1641 1647 1711 prolatum
1679 1658 1835 1708 esse,
1879 1640 2153 1691 mentione
2194 1641 2341 1692 facta
2372 1641 2427 1691 in
2456 1639 2627 1691 Jour-

367 1722 475 1775 nal.
520 1723 895 1791 complement.
947 1741 1014 1776 ou
1058 1724 1339 1779 Dictionn.
1392 1725 1461 1777 de
1504 1725 1751 1777 sciences
1804 1725 1993 1776 medic.
2048 1731 2089 1775 t.
2119 1723 2368 1777 XXXIV.
2409 1741 2465 1792 p.
2499 1728 2624 1782 380.

367 1806 586 1859 Etenim
627 1808 712 1859 hic
757 1809 846 1861 vir
886 1809 1111 1877 doctus,
1152 1810 1400 1881 Pariset,
1445 1810 1504 1863 in
1540 1809 1963 1876 dissertatione,
2010 1825 2151 1878 quae
2182 1809 2395 1861 inserta
2422 1808 2628 1875 legitur

370 1891 457 1944 in:
503 1892 695 1944 Revue
736 1892 996 1945 medicale
1037 1895 1317 1963 francaise
1360 1902 1417 1947 et
1460 1898 1755 1962 etrangere
1801 1901 1856 1946 et
1883 1892 2116 1945 Journal
2157 1893 2226 1944 de
2257 1892 2517 1962 Clinique
2558 1892 2626 1943 de

364 1975 739 2029 l'Hotel-Dieu
775 1984 879 2030 etc.
911 1976 1072 2030 Paris
1100 1982 1256 2038 1827.
1289 1980 1452 2031 T.11.
1483 1997 1539 2047 p.
1570 1984 1866 2045 409—415,
1899 1995 2117 2030 causam
2145 1977 2436 2030 condiendi
2467 1977 2628 2028 cada-

368 2077 531 2127 vera,
582 2062 832 2114 omnibus
863 2062 985 2114 aliis
1014 2063 1267 2132 reiectis,
1313 2082 1379 2116 ex
1410 2080 1521 2115 una
1564 2065 1662 2115 hac
1688 2062 1941 2132 publicae
1973 2062 2227 2114 sanitatis
2266 2063 2506 2115 tuendae
2536 2079 2627 2113 ra-

368 2144 517 2197 tione
545 2147 898 2215 repetendam
942 2165 1067 2200 esse
1097 2148 1353 2216 censuit,·
1392 2148 1632 2217 indeque
1671 2148 1831 2200 etiam
1873 2146 2279 2216 explicandum,
2321 2147 2473 2217 quod
2498 2146 2628 2199 inde

368 2245 401 2280 a
430 2235 627 2298 quarto
666 2237 796 2300 post
822 2231 954 2284 Chr.
988 2250 1043 2284 n.
1075 2232 1323 2299 saeculo,
1376 2250 1485 2303 quo
1517 2232 1667 2286 hicce
1703 2250 1818 2285 mos
1848 2232 1904 2285 in
1939 2232 2357 2285 desuetudinem
2393 2231 2626 2297 venerit,

367 2314 544 2383 pestis
574 2316 820 2382 grassari
862 2316 1106 2385 coeperit
1141 2318 1213 2370 ad
1242 2323 1482 2370 nostram
1522 2333 1701 2388 usque
1731 2324 1992 2385 aetatem,
2038 2316 2173 2370 adeo
2214 2325 2275 2371 ut
2304 2315 2629 2369 recentiori-

368 2399 473 2449 bus
505 2399 828 2469 Aegyptiis,
870 2401 920 2453 si
949 2401 1200 2470 publicae
1242 2402 1466 2455 sanitati
1506 2402 1797 2455 consulere
1830 2408 2148 2472 pestemque
2195 2420 2227 2454 a
2267 2421 2329 2454 se
2375 2406 2630 2453 avertere

368 2482 587 2551 vellent,
619 2485 955 2538 redeundum
986 2494 1138 2539 esset
1165 2487 1233 2539 ad
1262 2488 1546 2556 antiquum
1570 2487 1861 2539 condiendi
1890 2488 2072 2539 ritum.
2126 2487 2396 2557 Equidem
2428 2487 2482 2537 in
2515 2492 2633 2537 tota

370 2566 470 2619 hac
500 2585 560 2620 re
591 2569 646 2620 id
682 2570 1025 2638 potissimum
1065 2571 1242 2625 teneri
1274 2571 1461 2639 velim,
1507 2572 1655 2624 hunc
1694 2571 1987 2624 condiendi
2031 2571 2281 2641 adeoque
2324 2568 2630 2641 sepeliendi

367 2652 581 2704 modum
619 2653 869 2706 omnibus
900 2656 1191 2726 Aegyptiis
1231 2674 1563 2709 communem
1601 2657 1810 2724 fuisse,
1856 2656 1979 2722 lege
2015 2656 2174 2725 quasi
2218 2656 2531 2724 impositum
2575 2660 2632 2706 et

371 2742 674 2789 sacratum:
734 2755 891 2807 quem
935 2741 984 2792 si
1028 2758 1148 2793 cum
1192 2748 1427 2811 utroque
1468 2741 1591 2793 viro
1636 2741 1796 2793 docto
1840 2741 2071 2791 dicimus
2112 2741 2369 2792 effectum
2411 2747 2467 2791 et
2502 2756 2630 2808 pro-

369 2820 589 2872 ductum
621 2822 798 2874 videri
828 2823 952 2893 ipsa
979 2830 1190 2893 terrae,
1223 2843 1383 2896 quam
1408 2825 1743 2877 incoluerint
1770 2824 2064 2894 Aegyptii,
2108 2832 2308 2877 natura
2337 2829 2393 2876 et
2424 2823 2628 2890 indole,

366 2912 545 2957 tamen
589 2905 697 2958 alia
736 2924 956 2978 quoque
987 2908 1130 2961 haud
1172 2910 1287 2962 scio
1328 2928 1396 2962 an
1435 2910 1800 2976 accesserint,
1846 2908 1991 2961 haud
2038 2908 2219 2961 minus
2263 2907 2630 2977 respicienda.

368 2989 631 3059 Aegyptii
665 2991 806 3043 enim
837 2993 918 3044 uti
949 2994 1157 3061 omnia,
1192 3012 1334 3064 quae
1370 2995 1439 3047 ad
1469 2994 1701 3047 hominis
1732 2994 1896 3046 vitam
1927 2994 1985 3045 in
2017 2994 2117 3045 hac
2146 3000 2298 3046 terra
2327 2993 2629 3062 pertinent,

371 3076 439 3127 ad
468 3076 602 3127 deos
639 3081 695 3127 et
735 3076 1054 3146 religionem
1086 3080 1428 3145 referebant,
1472 3079 1550 3134 ita
1582 3086 1853 3131 mortuum
1884 3095 2105 3149 quoque
2144 3078 2409 3130 hominem
2438 3078 2630 3130 horum

369 3177 532 3212 curae
561 3160 845 3214 immunem
872 3182 999 3217 esse
1028 3163 1326 3217 noluerunt
1355 3163 1596 3234 indeque
1627 3165 1771 3216 hunc
1799 3162 2102 3232 sepeliendi
2133 3164 2345 3216 modum
2375 3171 2633 3232 tanquam

369 3244 541 3312 legem
572 3263 780 3299 sacram
812 3249 1062 3301 omnibus
1097 3250 1385 3319 Aegyptiis
1421 3249 1933 3318 praescripserunt,
1981 3249 2077 3317 qui
2112 3248 2169 3299 in
2213 3247 2435 3301 alteram
2466 3248 2630 3298 vitam

369 3330 612 3381 transire
653 3331 842 3400 ibique
873 3333 1087 3385 diutius
1118 3351 1335 3387 manere
1364 3333 1572 3386 vellent
1600 3334 1704 3386 sub
1749 3332 1974 3402 imperio
2004 3333 2135 3385 boni
2181 3332 2328 3385 illius
2363 3330 2626 3395 Osiridis,

371 3412 469 3481 qui
503 3412 802 3466 inferorum
833 3434 1061 3485 praeses
1090 3418 1392 3470 habebatur
1433 3424 1737 3488 auctorque
1768 3417 1934 3469 huius
1966 3417 2109 3468 ritus
2147 3422 2312 3485 atque
2357 3413 2630 3483 exemplar

372 3496 781 3564 celebrabatur,
827 3501 976 3569 quod
1018 3517 1288 3572 quemque
1331 3502 1595 3555 hominem
1635 3502 1796 3572 sequi
1840 3502 1925 3553 sas
1966 3508 2102 3552 erat.
2178 3500 2371 3570 ltaque
2403 3500 2473 3550 ad
2499 3496 2631 3551 reli-

371 3581 589 3648 gionem
632 3598 854 3651 quoque
889 3584 1227 3653 pertinuisse
1270 3588 1414 3639 hunc
1453 3603 1653 3639 morem
1693 3592 1751 3639 et
1786 3603 1905 3638 cum
1943 3592 2191 3638 veterum
2232 3585 2633 3652 Aegyptiorum

375 3666 633 3734 opinione
661 3666 728 3719 de
759 3667 990 3720 hominis
1025 3675 1173 3722 statu
1203 3678 1331 3740 post
1365 3677 1589 3723 mortem
1619 3670 1971 3723 coniunctum
1995 3670 2174 3723 fuisse
2205 3668 2455 3739 equidem
2484 3673 2634 3721 certe

372 3751 723 3810 crediderim:
759 3751 973 3823 reliqua
1005 3753 1228 3808 medicis
1258 3756 1608 3809 diiudicanda
1635 3755 1958 3825 relinquam.
