3109 5092
1254 382 1508 445 CLIO.
1554 383 1608 444 I.
1654 391 1773 448 181.

2520 380 2640 444 361

375 584 508 647 ριοι
527 609 547 642 ,
591 557 669 626 έν
696 569 869 627 τοῖσι
898 562 1275 642 κατίζοντες
1306 553 1730 646 ἀμπαύονται
1762 560 1834 628 oc
1865 553 2369 646 ἀναβαίνοντες.
2451 558 2527 627 έν
2565 555 2643 627 δὲ

373 665 467 755 τῷ
491 668 857 754 τελευταίῳ
886 661 1124 755 πύργῳ
1158 659 1319 752 νηὸς
1359 667 1586 730 ἔπεστι
1627 664 1865 750 μέγας·
1914 663 1990 731 ἐν
2032 660 2106 730 δὲ
2140 665 2234 753 τῷ
2275 665 2418 752 νηῷ
2447 667 2647 750 κλίνη

372 764 628 854 μεγάλη
658 767 877 835 κέεται
916 756 996 834 εὖ
1034 766 1451 856 ἐστρωμένη,
1480 771 1601 835 καί
1619 770 1690 835 οἱ
1716 764 2003 854 τράπεζα
2039 765 2440 851 παρακέεται
2478 791 2644 852 χρυ-

373 870 516 957 σέη.
597 865 863 956 ἄγαλμα
921 869 997 938 δὲ
1049 866 1176 939 οὐκ
1226 875 1329 938 ἔνι
1381 865 1590 938 οὐδὲν
1633 867 1878 940 αὐτόθι
1927 868 2372 957 ἐνιδρυμένον
2394 888 2410 903 ·
2483 864 2647 938 οὐδὲ

375 970 587 1042 νύκτα
622 968 849 1052 οὐδεὶς
876 974 1290 1056 ἐναυλίζεται
1333 968 1761 1060 ἀνθρώπων,
1801 967 1902 1040 ὅτι
1930 968 2021 1060 μὴ
2051 967 2225 1059 γυνὴ
2256 968 2478 1059 μούνη
2508 975 2646 1040 τῶν

378 1077 796 1165 ἐπιχωρίων,
836 1071 962 1165 τὴν
999 1069 1085 1147 ἂν
1132 1070 1168 1145 ὁ
1208 1074 1370 1157 θεὸς
1415 1079 1642 1165 ἕληται
1679 1078 1754 1146 ἐκ
1784 1076 2089 1160 πασέων,
2140 1069 2229 1155 ὥς
2270 1076 2539 1161 λέγουσι
2579 1077 2647 1144 οἱ

377 1244 471 1296 Gr.
512 1243 605 1295 Gr.
642 1245 694 1306 §-
732 1243 853 1296 520.
900 1249 1016 1294 not.
1055 1242 1094 1295 l.
1164 1235 1461 1310 καταγωγὴ

376 1313 578 1365 dicitur
615 1311 792 1376 locus,
841 1313 935 1363 ubi
970 1313 1309 1379 requiescere
1340 1329 1465 1379 pos·

377 1384 484 1447 sis,
517 1382 751 1448 indeque
788 1383 953 1433 etiam
987 1383 1355 1435 deversorium
1392 1384 1460 1447 V,

376 1455 478 1516 52,
525 1452 620 1502 ubi
664 1452 777 1503 vid.
818 1457 958 1503 nott.
1035 1453 1192 1505 Conf.
1229 1454 1458 1504 Lucian.

376 1525 577 1574 Toxar.
615 1524 702 1572 57.
776 1523 861 1572 De
897 1523 1127 1574 merced.
1175 1524 1333 1575 cond.
1370 1523 1457 1575 32.

376 1589 606 1656 „ouium
643 1597 984 1658 exponuntur
1020 1593 1242 1644 Graecis
1283 1589 1459 1642 καθέ-

375 1660 540 1726 ὃραις
601 1662 715 1713 vid.
758 1662 1009 1725 Apollon.
1053 1663 1188 1713 Lex.
1235 1664 1457 1714 Homer.

375 1748 503 1798 pag.
525 1730 628 1782 354
652 1731 737 1782 ed.
771 1731 912 1783 Toll.
952 1731 1151 1797 Odyss.
1176 1734 1243 1796 V,
1270 1732 1456 1797 3ibiq.

374 1800 650 1864 Eustatb„
673 1817 742 1851 ne
763 1770 1461 1882 ρ1ιιιιι.**ον.οἰμπαυστή·

378 1885 492 1933 ριοι
536 1875 706 1936 atque
737 1862 1101 1934 ἄμπαύοντες
1148 1873 1237 1922 hic
1274 1888 1460 1923 omnes

376 1941 531 2022 libri,
605 1941 663 1990 ui
694 1941 859 1992 iidem
897 1955 1019 2005 cap.
1050 1956 1165 2025 seq.
1204 1940 1462 1993 exhibent

371 2001 569 2060 ἄναπα
606 2007 795 2074 εσθαι,
834 2010 1018 2076 quod
1003 2025 1060 2059 ιιι
1088 2003 1459 2075 ἀμπαύεσθαι

378 2079 500 2131 edd.
548 2083 847 2131 mutarunt.
933 2078 1094 2131 Conf.
1130 2081 1363 2134 Bredov.
1403 2097 1457 2146 p.

375 2150 498 2201 215.
559 2149 644 2200 Ad
680 2148 1133 2216 significationem
1172 2150 1323 2201 verbi
1357 2152 1462 2213 (re-

375 2218 654 2284 quiescere)
703 2220 847 2270 conf.
894 2219 1181 2270 Fritzsche
1225 2221 1297 2270 ad
1344 2220 1458 2271 Ari-

376 2288 557 2352 stoph.
603 2290 741 2339 Ran.
802 2287 919 2340 113.
971 2318 1040 2328 -
1093 2291 1179 2340 De
1243 2305 1331 2339 οτι
1385 2282 1461 2355 μὴ

376 2358 521 2409 conf.
560 2358 631 2409 ad
665 2358 840 2420 1,18.

443 2426 543 2476 καί
575 2421 636 2476 οἰ
671 2396 913 2490 τράπεζα
949 2424 1290 2492 παρακέεται
1326 2442 1459 2492 χρυ-

374 2493 490 2561 σέη]
530 2496 784 2547 Pluribus
821 2511 1060 2546 mensam
1087 2496 1227 2548 hanc
1255 2497 1459 2547 descri-

372 2567 456 2617 bit
498 2566 774 2617 Diodorus
821 2565 1036 2617 Siculus
1080 2566 1155 2629 ΙΙ,
1203 2565 1254 2617 9.
1334 2567 1459 2618 Iure

375 2641 557 2687 antem
576 2636 681 2687 hoc
716 2635 787 2686 ad
809 2637 1137 2698 lectisternia,
1175 2651 1315 2701 quae
1349 2652 1459 2686 non

374 2706 547 2757 solum
584 2706 842 2757 Romanis
889 2706 1182 2757 Graecisve
1229 2706 1458 2768 usitata,

374 2793 470 2842 per
500 2775 687 2827 Asiam
733 2790 977 2841 quoque,
1027 2779 1265 2826 testante
1298 2791 1458 2826 sacra

373 2847 642 2912 scriptura
655 2884 668 2908 ,
704 2845 1056 2895 inveniuntur
1079 2846 1349 2896 communi
1369 2860 1459 2896 ve·

371 2921 546 2967 terum
571 2914 813 2982 gentium
845 2930 909 2965 ex
935 2915 1340 2980 superstitione,
1378 2930 1460 2966 re-

373 2987 482 3037 fert
530 3001 564 3035 a
610 2986 704 3037 Gr.
766 2981 1023 3035 laudatus
1082 2985 1345 3035 Gesenius
1403 2985 1459 3033 in

373 3055 786 3123 Commentariis
822 3053 892 3104 ad
926 3054 1094 3105 Iesai.
1132 3058 1171 3108 t.
1212 3052 1292 3105 11.
1328 3069 1456 3119 pag.

372 3114 479 3177 286
500 3122 646 3188 (coll.
683 3123 785 3176 283
810 3122 949 3189 seq.)
989 3122 1112 3176 335.
1150 3123 1270 3187 316,
1306 3124 1459 3174 testi·

372 3195 673 3259 moniisque
710 3208 985 3244 sacrorum
1023 3194 1346 3258 scriptorum
1372 3193 1459 3243 fir-

372 3268 513 3327 mat,
561 3264 652 3328 qui
700 3264 756 3312 in
792 3262 910 3314 Beli
954 3262 1104 3313 cultu
1150 3278 1259 3313 non
1291 3261 1456 3313 semel

372 3339 674 3384 memorant
727 3332 863 3382 haec
914 3332 1259 3383 lectisternia
1312 3333 1459 3383 cibo-

372 3417 597 3468 rumque
641 3406 937 3466 apparatus
982 3401 1293 3466 splendidos
1324 3401 1456 3452 Belo

371 3472 606 3523 oblatos.
678 3469 818 3522 Add.
844 3472 1047 3522 Herod.
1074 3471 1120 3534 Ι,
1148 3471 1249 3522 183
1269 3475 1324 3521 et
1344 3471 1458 3520 Mo-

371 3557 525 3593 vers.
563 3540 669 3591 Die
702 3539 1173 3606 Phoeniz.11.p.
1218 3540 1334 3591 127.

442 3626 522 3668 ως
560 3607 653 3674 λέγ
651 3622 785 3689 ρυσι
823 3606 885 3659 οἱ
915 3607 1222 3668 Χαλδαῖοι,
1270 3599 1457 3662 ἐόντες

367 3673 514 3743 ἱρέες
559 3670 770 3728 τούτου
814 3676 919 3728 τοῦ
964 3676 1135 3744 θεοῦ]
1174 3679 1259 3728 De
1300 3676 1456 3728 Chal-

370 3749 520 3800 daeis
557 3748 738 3799 dicere
773 3746 1020 3815 longum,
1075 3749 1123 3798 si
1157 3748 1339 3798 varias
1378 3747 1457 3796 vi-

368 3834 550 3890 rorum
587 3817 868 3869 doctorum
914 3818 981 3869 de
1024 3816 1108 3890 ¹¹3⁸
1155 3817 1455 3868 sententias

368 3892 621 3939 excutere
656 3887 813 3939 velis.
885 3888 1019 3950 Nos,
1055 3886 1277 3953 reliquis
1305 3902 1458 3951 prae-

370 3958 667 4020 termissis,
728 3955 797 4006 iis
847 3957 1186 4022 potissimum
1236 3956 1458 4007 insista-

368 4042 517 4089 mus,
573 4041 713 4092 qnae
758 4031 951 4078 nostra
994 4030 1178 4077 aetate
1222 4026 1328 4075 viri
1364 4025 1457 4075 do-

370 4096 628 4158 ctissimi,
668 4095 932 4147 Gesenius
970 4096 1028 4145 in
1063 4095 1454 4154 Commentarr.

369 4167 442 4218 ad
466 4165 632 4216 Iesai.
667 4169 711 4215 t.
736 4165 815 4216 11.
840 4180 969 4230 pag.
1006 4164 1109 4217 349
1142 4179 1293 4230 seqq.
1327 4165 1457 4214 etin

366 4234 774 4301 Enoyolopaed.
807 4235 892 4286 ed.
928 4233 1104 4288 Erech
1140 4239 1196 4290 et
1226 4233 1455 4285 Grnber.

368 4306 516 4357 Sect.
539 4305 588 4356 1.
606 4302 730 4356 vol.
746 4304 891 4354 XVI.
921 4319 976 4368 p.
1001 4304 1101 4354 102
1119 4318 1293 4367 seqq„
1316 4303 1457 4353 Hee-

366 4389 485 4425 ren.
523 4371 713 4438 (Ideen
739 4374 786 4436 Ι,
818 4375 872 4425 2.
899 4387 1027 4438 pag.
1065 4372 1166 4426 152
1202 4387 1322 4440 sqq.
1353 4371 1456 4423 194

366 4440 536 4514 eqq.),
549 4441 663 4506 alii,
676 4457 814 4509 quos
824 4442 896 4495 ad
905 4441 1143 4495 Ctesiam
1152 4456 1209 4511 p.
1226 4441 1452 4508 Nonq-

1564 1245 1760 1308 citavi,
1797 1247 2139 1296 monuerunt.
2173 1244 2290 1293 Iam
2324 1257 2464 1308 quae
2488 1241 2648 1293 Chal-

1563 1314 1819 1365 daeorum
1835 1314 2008 1379 origo,
2029 1328 2168 1379 quae
2187 1313 2364 1377 gentis
2381 1312 2555 1378 prima
2565 1328 2649 1363 se-

1561 1384 1675 1445 des,
1695 1383 1838 1435 unde
1855 1383 2101 1449 profecta
2112 1381 2271 1433 illain
2283 1381 2642 1447 Babylonem

1560 1455 1695 1504 haec
1731 1459 1787 1504 et
1822 1454 1958 1504 talia
1992 1458 2055 1504 ut
2090 1454 2145 1503 h.
2173 1452 2209 1504 l.
2237 1452 2514 1518 copiosius
2539 1451 2647 1503 dis·

1562 1539 1766 1586 seram,
1819 1523 1910 1573 vix
1948 1538 1981 1572 a
2014 1539 2095 1574 me
2132 1522 2418 1588 quisquam
2459 1537 2646 1588 exspe-

1561 1594 1753 1644 ctabit.
1804 1595 1985 1657 Quare
2014 1594 2070 1643 in
2092 1593 2403 1644 universum
2432 1607 2646 1655 moneo,

1562 1663 1959 1714 Chaldaeorum
1989 1663 2206 1713 nomine
2226 1662 2441 1727 proprie
2463 1677 2648 1712 noma-

1563 1733 1690 1784 dum
1739 1736 1956 1798 gentem
2006 1731 2284 1797 designari
2335 1732 2391 1781 in
2440 1732 2647 1796 campis

1562 1802 1632 1852 ab
1689 1802 1867 1853 Araxe
1925 1802 2203 1866 superiore
2255 1800 2497 1864 irrigatis
2554 1817 2647 1865 pa-

1559 1871 1791 1933 lantem3
1829 1886 1968 1937 quae
2003 1886 2122 1921 cum
2158 1885 2269 1922 non
2304 1870 2446 1920 alius
2483 1874 2649 1935 atque

1561 1941 1816 1992 Persicae
1840 1957 1886 1992 s.
1916 1941 2151 1991 Arianae
2181 1939 2369 2004 stirpis
2391 1939 2646 2004 primitus

1562 2011 1733 2062 fuisse
1767 2010 2037 2074 videatur,
2075 2009 2264 2062 eodem
2302 2024 2517 2076 quoque
2553 2025 2648 2075 pa-

1563 2085 1654 2132 cto
1700 2078 1962 2131 credibile
2008 2083 2120 2141 est,
2165 2078 2427 2129 habuisse
2470 2093 2649 2131 sacer-

1563 2152 1753 2202 dotum
1813 2150 2013 2201 tribum
2072 2148 2371 2214 quandam,
2433 2148 2646 2214 qualem

1562 2222 1757 2285 Magos
1783 2220 1952 2271 ferme
1981 2224 2146 2285 atque
2167 2219 2306 2270 alios
2341 2218 2485 2284 apud
2511 2219 2647 2270 alias

1561 2291 1728 2341 Asiae
1747 2290 2040 2355 superioris
2056 2289 2310 2340 nationes
2320 2288 2647 2341 invenimus.

1563 2361 1641 2412 Ut
1665 2361 1806 2412 enim
1832 2360 2162 2421 existimem,
2198 2358 2520 2421 Chaldaeos,
2558 2375 2648 2410 ru-

1564 2430 1686 2481 dem
1725 2434 1890 2495 atque
1930 2428 2191 2481 incultam
2235 2433 2480 2494 gentem,
2531 2433 2646 2482 tum

1563 2500 1804 2561 demum,
1853 2515 1975 2549 cum
2010 2499 2228 2549 sedibus
2272 2499 2543 2562 prioribus
2590 2500 2648 2549 in

1562 2570 1695 2620 Asia
1740 2569 2004 2632 superiori
2059 2568 2264 2618 relictis
2311 2566 2648 2631 Babylonem

1563 2643 1943 2770 occu-pasqent,
1966 2636 2459 2756 sacristcplendis'gt
2472 2641 2648 2687 astro-

1562 2723 1777 2759 nomiae
1836 2722 1944 2772 qua
1977 2722 2075 2771 per
2145 2721 2177 2756 o
2204 2721 2292 2755 um
2339 2722 2371 2756 ο
2439 2721 2523 2755 em
2565 2721 2649 2757 ce-

1562 2775 1761 2842 lebres)
1797 2775 2089 2826 discendae
2125 2791 2183 2826 se
2220 2773 2460 2835 dedisse,
2510 2791 2648 2826 nun-

1563 2862 1726 2912 quam
1744 2861 1778 2895 a
1799 2862 1883 2896 me
1901 2846 2191 2910 impetrare
2210 2860 2448 2910 possum.
2470 2844 2648 2896 Palm-

1563 2916 1711 2968 blad.
1726 2915 1793 2967 de
1812 2916 1925 2966 reb.
1942 2913 2156 2981 Babyll.
2180 2931 2233 2979 p.
2256 2914 2324 2965 67
2349 2930 2503 2980 seqq.
2519 2920 2574 2966 et
2592 2931 2646 2981 p.

1564 2989 1632 3038 70
1645 2986 1950 3037 Chaldaeos
1974 2985 2170 3036 statuit
2191 2985 2365 3036 fuisse
2379 2983 2646 3038 Kuskitas.

1561 3058 1646 3108 Ad
1681 3055 1939 3108 Arianam
1968 3056 2192 3120 stirpem
2226 3070 2440 3121 quoque
2472 3055 2654 3110 Roeth

1563 3125 1782 3190 (Gesch.
1813 3127 1866 3177 d.
1894 3125 2208 3191 Philosoph.
2240 3125 2285 3177 Ι.
2316 3141 2370 3190 p.
2396 3123 2464 3174 97
2493 3140 2645 3192 seqq.

1561 3203 1617 3248 et
1651 3200 1790 3247 nott.
1829 3213 1883 3261 p.
1925 3194 1994 3245 23
2029 3194 2206 3260 seqq.)
2253 3193 2648 3246 Chaldaeorum

1559 3264 1727 3317 refert
1780 3271 2023 3330 gentem,
2080 3265 2148 3314 ab
2195 3264 2434 3329 Assyriis
2486 3269 2651 3329 capta

1560 3334 1891 3399 Babylonia,
1945 3335 2002 3384 in
2041 3333 2181 3384 hanc
2226 3331 2400 3397 ipsam
2446 3339 2649 3384 terram

1560 3405 1869 3455 traductam
1918 3403 1987 3454 ad
2037 3403 2321 3467 imperium
2356 3401 2645 3451 tuendum.

1561 3474 1707 3539 quod
1767 3473 2024 3537 deinceps
2079 3471 2151 3522 ad
2200 3486 2264 3521 se
2321 3471 2471 3534 ipsos
2526 3486 2650 3521 cum

1559 3542 1972 3593 transtulissent
1987 3539 2265 3600 Chaldaei,
2290 3555 2356 3589 ex
2375 3539 2459 3589 his
2471 3540 2651 3606 Baby-

1559 3612 1739 3662 loniae
1771 3626 1927 3674 reges
1963 3610 2292 3661 exstiterunt
2333 3613 2389 3658 et
2425 3603 2558 3666 clari
2593 3614 2649 3660 et

1559 3682 1759 3743 fortes,
1809 3681 1981 3730 donec
2014 3695 2048 3729 a
2094 3677 2279 3728 Persi·
2324 3677 2463 3732 duce
2505 3678 2648 3743 Cyro

1558 3751 1924 3802 vincerentur.
1996 3749 2101 3811 Qui
2137 3747 2443 3812 nuperrime
2473 3747 2539 3797 de
2565 3747 2649 3798 his

1560 3818 2107 3885 quaesivit,10.a
2166 3815 2449 3884 Gumpach
2523 3815 2648 3878 (Die

1560 3888 1920 3942 Zeitrechnun
1996 3887 2050 3940 d.
2080 3885 2272 3951 Assyr.
2297 3897 2353 3939 ιι.
2375 3885 2645 3953 Babylon.

1561 3976 1617 4025 p.
1667 3960 1729 4009 10
1777 3969 1976 4024 seqq.
2022 3954 2327 4010 Chaldaeos
2372 3971 2649 4023 nunquam

1563 4031 1779 4094 gentem
1825 4025 1995 4076 fuisse
2046 4024 2357 4089 contendit,
2406 4025 2501 4076 sed
2555 4029 2649 4077 tri-

1560 4098 1689 4149 bum
1715 4094 2131 4156 sacerdotalem,
2164 4110 2194 4145 e
2219 4110 2329 4160 qna
2344 4109 2503 4161 reges
2529 4112 2649 4160 pro·

1562 4166 1787 4229 dierint,
1821 4165 2058 4231 indeque
2078 4165 2214 4215 alios
2239 4179 2466 4229 prorsus
2490 4165 2650 4216 Chal·

1561 4237 1730 4287 daeos
1759 4249 1909 4297 esse,
1944 4237 2044 4300 qui
2071 4235 2215 4285 infra
2242 4234 2368 4297 VII,
2397 4233 2471 4286 63
2507 4249 2649 4288 com-

1559 4307 1949 4365 memorantur,
1987 4310 2046 4356 tu
2082 4303 2194 4354 vid.
2232 4319 2374 4368 quae
2397 4299 2558 4353 retuli
2589 4304 2648 4354 in

1561 4374 1784 4430 Iahrbb.
1851 4375 1892 4425 f.
1950 4371 2148 4424 Philol.
2206 4388 2264 4424 u.
2326 4372 2476 4423 Paed
2481 4385 2644 4438 ag.og

1560 4443 1819 4497 LXVIII.
1846 4459 1901 4511 p.
1936 4443 2046 4495 429
2073 4457 2189 4510 seq.
2237 4437 2516 4511 Quidquid
2536 4445 2647 4495 sta-
