3109 5092
947 362 1082 421 AD
1128 361 1646 423 HERODOT.
1689 363 1784 437 Π,
1833 371 1953 423 102.
2465 361 2591 427 865

305 532 627 585 Sesostride
669 532 827 585 valde
872 533 1296 587 discernendum
1328 552 1454 587 esse
1483 535 1684 588 docent
1718 551 1782 587 ac
1824 533 2076 604 plerique
2119 552 2215 602 ea,
2262 553 2403 606 quae
2438 538 2588 607 apud

302 617 677 684 Herodotum,
709 617 1012 672 Diodorum
1031 658 1045 686 ‚
1081 618 1219 672 alios
1255 619 1324 672 de
1354 619 1673 672 Sesostride
1705 619 1910 671 tradita
1938 619 2333 686 inveniuntur,
2367 622 2437 673 ad
2468 639 2589 676 eum

301 719 488 769 regem
518 704 731 755 referre
759 703 998 774 malunt,
1043 704 1139 774 qui
1169 705 1316 774 apud
1345 703 1736 757 Manethonem
1765 704 1823 756 in
1853 704 1943 770 iis,
1977 720 2119 773 quae
2150 704 2324 757 refert
2356 705 2587 772 Syncel-

303 785 391 839 lus
422 804 477 855 p.
510 789 579 845 72
610 788 731 841 sive
760 807 816 857 p.
854 793 957 847 134
1001 789 1087 842 ed.
1126 790 1341 856 Bonn.,
1385 789 1625 842 decimae
1670 806 1848 841 nonae
1879 788 2171 857 dynastiae
2213 807 2311 842 rex
2354 797 2587 842 vocatur

292 863 586 943 Ῥάμψης,
633 872 729 942 qui
774 873 1065 941 sexaginta
1109 891 1208 926 sex
1252 891 1430 926 annos
1471 873 1717 926 obtinuit
1754 890 1990 942 regnum
2028 873 2283 944 idemque
2326 892 2359 927 a
2387 874 2585 927 Tacito

301 954 338 1006 l.
366 955 402 1008 l.
439 964 670 1010 vocatur
699 958 948 1013 Ramsw
980 976 1091 1028 quo
1124 959 1313 1010 eodem
1349 959 1566 1012 nomine
1597 959 1830 1012 eundem
1860 976 2042 1026 regem
2076 976 2223 1011 nunc
2253 959 2377 1028 ipsa
2400 958 2586 1026 Aegy—

301 1040 542 1110 ptiorum
581 1041 841 1095 exhibent
877 1050 1253 1111 monumenta,
1303 1043 1359 1095 in
1390 1044 1596 1113 quibus
1626 1042 1750 1095 aliis
1781 1060 2005 1113 quoque
2041 1049 2272 1119 ornatus
2311 1042 2491 1095 titulis
2523 1059 2587 1095 ac

301 1127 419 1177 Soli
441 1129 734 1196 probatus,
771 1131 967 1183 Amum‘
991 1131 1240 1195 dilectus,
1273 1129 1412 1182 Solis
1440 1139 1643 1193 custos,
1676 1130 1912 1182 veritatis
1944 1131 2213 1194 columen,
2259 1126 2363 1180 alia
2399 1127 2456 1178 id
2486 1144 2582 1195 ge-

302 1226 438 1276 nus,
471 1212 854 1281 praedicatum
892 1214 1040 1284 apud
1069 1213 1364 1282 Iosephum
1395 1219 1572 1265 contr.
1611 1212 1877 1282 Apionem
1908 1232 1965 1283 p.
2000 1219 2066 1271 15
2098 1212 2239 1264 idem
2270 1229 2583 1264 commemo-

299 1301 455 1346 ratur
502 1295 774 1367 habetque
813 1316 1115 1366 cognomen
1150 1298 1400 1353 Miamun
1417 1295 1477 1364 *)
1517 1298 1771 1366 idemque
1808 1297 2100 1365 sexaginta
2141 1315 2241 1350 sex
2287 1314 2464 1348 annos
2498 1314 2585 1349 re-

298 1396 464 1447 gnum
506 1382 758 1434 tenuisse
808 1383 1039 1436 dicitur:
1092 1400 1125 1434 a
1169 1382 1575 1435 recentioribus
1613 1398 1762 1434 nunc
1814 1381 1978 1449 vulgo
2020 1380 2225 1433 dicitur
2259 1382 2479 1435 Romae-⁹
2512 1383 2582 1445 11,

295 1463 464 1534 idque
507 1466 713 1518 rectius
745 1484 906 1536 quam
935 1471 1156 1522 Ramses
1186 1470 1295 1533 111,
1346 1468 1650 1538 Magnique
1690 1465 1853 1518 titulo
1896 1466 2216 1535 plerumque
2256 1464 2581 1533 insignitur,

298 1565 406 1618 quo
439 1567 470 1601 a
504 1549 760 1619 pluribus
790 1552 913 1605 aliis
939 1552 1334 1620 Aegyptiorum
1368 1551 1597 1619 regibus
1626 1549 1766 1602 idem
1801 1568 1990 1603 nomen
2024 1550 2351 1617 gerentibus
2383 1549 2582 1601 distin-

298 1641 520 1700 guatur.
596 1634 736 1687 Vide
780 1636 1095 1689 Wilkinson
1141 1636 1408 1690 Manners
1448 1644 1553 1688 etc.
1589 1635 1636 1687 I.
1681 1652 1737 1702 p.
1774 1640 1844 1694 69
1885 1653 2063 1703 seqq„
2110 1633 2380 1686 Rosellini
2423 1632 2578 1685 Mon.

297 1718 486 1770 storici
519 1719 565 1770 1.
602 1737 656 1788 p.
675 1725 780 1779 256
810 1739 966 1791 seqq.
1005 1725 1108 1781 267
1132 1739 1293 1790 seqq.
1328 1721 1431 1773 ΙΙΙ.
1457 1739 1510 1789 p.
1531 1727 1583 1777 2.
1618 1738 1673 1788 p.
1694 1723 1761 1777 62
1776 1737 1922 1788 sqq.,
1964 1716 2186 1770 Boeckh
2216 1717 2304 1769 in:
2336 1715 2584 1768 Schmidt

295 1802 623 1855 zeitschrift
651 1805 743 1856 fiir
773 1806 978 1858 Gesch.
1015 1807 1088 1858 11.
1116 1810 1238 1865 666.
1271 1809 1376 1865 678
1405 1823 1586 1875 seqq„
1635 1804 1919 1855 Gesenius
1951 1803 2037 1853 in:
2080 1800 2227 1853 Hau.
2263 1800 2580 1853 Litt.-Zeit.

298 1891 453 1946 1841.
472 1905 563 1940 no.
580 1891 700 1948 146.
720 1908 775 1959 p.
797 1896 920 1950 556.
953 1888 1412 1943 RaoulRochette
1444 1890 1499 1941 in
1523 1909 1536 1940 =
1570 1885 1804 1941 Journal
1833 1887 1931 1938 des
1948 1887 2164 1939 Savans
2187 1889 2341 1944 1848.
2363 1888 2580 1955 p.308.,

296 1972 363 2023 L.
395 1972 626 2040 Georgii
664 1973 721 2025 in
753 1973 930 2042 Pauly
963 1973 1387 2042 Realencyclop.
1423 1974 1516 2036 VI,
1545 1979 1595 2031 1.
1629 1991 1683 2042 p.
1718 1976 1821 2031 391
1854 1990 2044 2041 seqq.‚
2099 1969 2372 2039 Lepsiusz
2404 1969 2579 2020 Chro-

298 2055 516 2124 nologie
545 2059 599 2109 d.
635 2059 870 2128 Aegypt.
904 2060 950 2112 I.
986 2078 1042 2129 p.
1057 2064 1163 2120 278
1195 2077 1375 2129 seqq„
1425 2058 1686 2109 Osburn:
1719 2056 1841 2108 The
1875 2052 2242 2108 monumental
2275 2053 2491 2120 history
2524 2052 2587 2103 of

295 2138 504 2210 Egypt.
539 2142 612 2193 11.
649 2161 704 2212 p.
735 2147 841 2203 430
868 2162 1025 2214 seqq.
1056 2147 1164 2203 434
1192 2162 1369 2213 seqq.‚
1413 2142 1507 2212 qui
1542 2148 1691 2194 recte
1724 2140 1947 2205 scribit,
1992 2139 2201 2191 nullius
2246 2140 2364 2190 fere
2394 2137 2577 2204 Aegy-

294 2224 536 2292 ptiorum
570 2228 721 2295 regis
771 2228 1200 2298 frequentiorem
1243 2228 1549 2279 memoriam
1589 2225 1730 2295 ipsis
1770 2224 2170 2294 Aegyptiorum
2212 2221 2581 2274 monumentis

296 2309 473 2362 adhuc
504 2312 905 2379 superstitibus
935 2313 1120 2383 iisque
1151 2312 1290 2364 varii
1322 2311 1548 2379 generis
1581 2309 1871 2362 declarari.
1924 2308 1969 2360 A
2002 2308 2207 2377 quibus
2234 2305 2368 2358 viris
2402 2305 2582 2356 doctis

297 2409 445 2447 unus
476 2395 744 2449 dissentit
770 2397 999 2450 Bunsen
1039 2399 1096 2450 in
1129 2396 1302 2449 altera
1333 2413 1508 2465 eaque
1542 2393 1775 2462 Anglica
1806 2393 2049 2446 editione
2087 2391 2272 2461 operis
2307 2387 2581 2459 praeclari

295 2478 363 2530 dc
410 2479 664 2549 Aegypto
707 2486 896 2534 vetere
950 2482 1252 2550 conscripti
1298 2481 1563 2551 (Egypts
1615 2479 1777 2532 Place
1821 2479 1875 2530 in
1920 2476 2187 2528 Univers.
2231 2475 2467 2539 History
2501 2473 2577 2523 ΙΙ.

295 2580 350 2631 P·
385 2570 491 2622 555
521 2567 742 2635 seqq),
809 2567 903 2636 qui
946 2565 1315 2619 Sesostridem
1358 2566 1502 2617 hunc
1546 2563 1986 2626 celeberrimum,
2046 2577 2208 2630 quem
2254 2558 2579 2609 Herodotus

296 2652 353 2698 et
380 2647 659 2701 Diodorus
699 2650 932 2720 ipsaque
961 2656 1306 2704 monumenta
1331 2648 1731 2717 Aegyptiorum
1761 2646 2060 2710 declarant,
2102 2659 2211 2693 non
2242 2641 2493 2693 Ramsem
2528 2659 2576 2692 s.

294 2729 609 2787 Ramessem
650 2735 830 2787 fuisse
875 2735 1190 2800 contendit,
1238 2734 1338 2786 sed
1380 2739 1591 2802 patrem
1621 2732 1778 2798 eius,
1823 2730 1919 2800 qui
1950 2720 2159 2787 Σεθώς
2196 2726 2343 2795 apud
2382 2725 2578 2776 Mane-

294 2818 514 2869 thonem
549 2825 807 2887 vocatur,
849 2820 1225 2872 confusionem
1253 2818 1384 2870 inde
1415 2822 1586 2869 ortam
1620 2822 1964 2878 esseratus,
2014 2810 2163 2880 quod
2205 2815 2473 2879 uterque,
2524 2815 2581 2859 et

296 2906 457 2970 pater
480 2906 537 2954 et
565 2902 733 2971 filius,
766 2903 967 2957 multas
999 2903 1357 2974 susceperint
1384 2900 1609 2955 bellicas
1641 2897 2026 2968 expeditiones
2055 2893 2367 2963 multasque
2397 2899 2578 2944 terras

295 2987 695 3056 expugnarint,
739 2988 913 3058 patris
945 3008 1076 3043 vero
1107 2987 1363 3041 memoria
1391 3003 1493 3056 per
1524 2983 1723 3049 filium,
1772 2981 1869 3051 qui
1900 2986 2006 3032 tam
2036 2979 2129 3031 diu
2161 2995 2393 3046 regnum
2436 2977 2578 3028 obti-

298 3071 484 3124 nuerit
522 3071 803 3143 multaque
843 3080 1191 3127 monumenta
1233 3079 1289 3126 et
1327 3072 1449 3142 ipse
1487 3067 1859 3133 exstruxerit,
1907 3063 2175 3117 oblivioni
2217 3064 2345 3115 data
2386 3061 2577 3114 fuerit.

295 3157 417 3209 Nec
446 3174 582 3210 sane
614 3158 819 3211 desunt
855 3158 981 3226 alii,
1025 3159 1121 3228 qui
1153 3159 1208 3210 in
1248 3174 1368 3211 eum
1388 3196 1403 3221 ‚
1436 3153 1533 3223 qui
1564 3152 1843 3204 Sesostris
1879 3156 2109 3203 vocatur
2135 3166 2168 3214 a
2200 3147 2435 3200 Graecis
2467 3162 2576 3198 ma-

295 3241 545 3312 ximeque
583 3242 928 3312 celebratur,
961 3243 1122 3313 plura
1153 3242 1368 3295 omnino
1402 3238 1653 3290 coniecta
1684 3254 1812 3290 esse
1847 3236 2050 3301 velint,
2088 3251 2231 3304 quae
2263 3232 2384 3285 sive
2417 3249 2448 3282 a
2483 3248 2579 3298 pa-

296 3331 382 3377 tre
416 3327 534 3379 sive
565 3327 632 3378 ab
661 3327 782 3381 aliis
826 3329 1041 3380 omnino
1071 3328 1300 3395 regibus
1329 3323 1540 3376 fuerint
1582 3327 1743 3390 gesta
1785 3321 1882 3393 (de
1918 3336 2029 3390 qua
2057 3337 2119 3371 re
2156 3318 2302 3369 conf.
2335 3315 2579 3383 Lepsius

296 3408 333 3460 Ι.
365 3409 400 3459 1.
447 3430 502 3479 p.
532 3415 619 3468 52.
654 3413 819 3479 279);
867 3430 933 3464 ex
964 3428 1073 3481 qua
1104 3416 1160 3463 et
1187 3408 1364 3481 patris
1396 3412 1452 3459 et
1486 3407 1584 3458 filii
1618 3406 1951 3458 confusione
1981 3403 2117 3455 adeo
2163 3419 2357 3454 nomen
2400 3400 2579 3466 ipsum

300 3490 661 3565 (Σέσωστρις)
707 3502 882 3548 ortum
928 3495 1152 3558 volunt,
1211 3492 1358 3564 quod
1401 3491 1468 3543 ad
1497 3490 1675 3561 patris
1706 3507 1904 3541 nomen
1946 3480 2178 3554 (Σεθώς
2216 3503 2264 3536 s.
2297 3480 2580 3554 Σέθωσις)

297 3578 571 3630 detortum
613 3579 701 3631 vel
747 3579 875 3632 inde
927 3577 1291 3649 probabiliter
1332 3576 1627 3628 'deductum
1672 3592 1704 3627 a
1753 3572 1988 3624 Graecis
2037 3568 2197 3639 plane
2238 3568 2466 3620 differre
2511 3566 2579 3616 ab

297 3662 575 3732 Aegyptio
622 3664 838 3715 nomine
871 3665 1104 3727 Romus,
1142 3680 1253 3732 quo
1296 3660 1420 3730 ipso
1467 3661 1613 3712 hunc
1658 3676 1841 3725 regem
1886 3658 1953 3709 ab
2001 3652 2294 3721 Aegyptiis
2338 3649 2580 3721 appella—

297 3752 411 3799 tum
440 3747 621 3800 fuisse
656 3748 1050 3816 Aegyptiorum
1083 3750 1451 3815 monumenta,
1486 3744 1555 3797 ad
1593 3761 1735 3813 quae
1763 3743 1922 3795 modo
1955 3737 2399 3810 provocavimus,
2442 3735 2582 3786 satis

299 3831 528 3885 docent:
575 3833 646 3884 cf.
680 3831 841 3891 etiam
863 3831 942 3883 M.
968 3832 1218 3885 Fritsch:
1256 3829 1587 3883 Uebersicht
1618 3830 1717 3881 der
1742 3827 2029 3880 Versuche
2058 3840 2161 3876 zur
2182 3821 2582 3887 Entzifferung

298 3915 402 3968 der
428 3916 792 3986 Hieroglyph.
827 3935 883 3985 p.
916 3918 1003 3983 71,
1036 3915 1336 3970 Rossellini
1365 3915 1401 3967 Ι.
1437 3931 1611 3984 supra
1643 3912 1679 3965 l.
1742 3912 1862 3965 Alia
1892 3912 1961 3964 de
1990 3906 2328 3962 Sesostridis
2364 3905 2583 3958 nomine

297 4000 450 4052 dabit
479 4000 764 4053 Iablonski
795 4001 962 4057 Vocc.
996 4000 1259 4069 Aegyptt.
1291 4019 1348 4070 p.
1382 4004 1487 4059 288
1529 3999 1679 4070 (sive
1711 4017 1767 4068 p.
1807 3994 2082 4081 ccnxxl
2115 3994 2171 4045 in
2200 3993 2274 4045 Η.
2307 3989 2582 4060 Stephani

433 4166 489 4233 *)
536 4168 658 4218 Hoc
707 4181 1008 4231 cognomen
1055 4165 1127 4215 ad
1174 4180 1339 4215 unum
1388 4180 1416 4215 e
1465 4163 1767 4213 maioribus
1816 4158 2145 4213 Sesostridis
2180 4157 2372 4222 Magni
2417 4153 2581 4203 huius

295 4239 571 4304 pertinere
610 4252 821 4300 regem,
862 4235 954 4300 qui
992 4237 1232 4285 vocatur
1267 4235 1481 4296 Rama-es
1519 4232 1804 4294 Mez’amm,
1841 4230 2082 4280 decimus
2122 4231 2313 4278 sextus
2351 4240 2445 4274 rex
2484 4222 2578 4284 dy·

294 4308 514 4359 nastiae
551 4306 1027 4356 duodevicesimae
1055 4303 1500 4369 Diospolitanae,
1538 4302 1824 4352 contendit
1851 4297 2240 4363 champollion
2275 4297 2358 4344 in:
2395 4288 2578 4339 Yorke

293 4383 348 4427 et
362 4376 575 4427 Leake:
605 4376 711 4426 Les
733 4375 1062 4440 principaux
1083 4376 1426 4423 monuments
1439 4373 1748 4437 Egyptiens
1772 4372 1847 4421 du
1860 4367 2052 4419 Musee
2072 4367 2364 4445 Britan-p.
2387 4361 2473 4410 21.
2494 4361 2580 4410 22.

203 4458 210 4464 '
291 4449 480 4511 Neque
517 4462 649 4497 vero
688 4443 822 4494 mihi
861 4445 1145 4509 persuasit
1180 4443 1269 4496 vir
1307 4443 1521 4493 doctuS.

395 4551 731 4592 nnnono'r.
783 4551 829 4591 1.
2128 4519 2207 4578 55
