3109 5092
1238 356 1492 418 OLIO.
1537 359 1590 417 Ι.
1638 365 1727 421 32.
2541 351 2621 414 73

333 534 540 626 μηνὸς
576 531 670 623 μὴ
712 533 1097 620 γινομένου.
1167 537 1232 600 εἰ
1267 531 1343 601 δὲ
1394 529 1479 621 δὴ
1523 530 1836 622 ἐθελήσει
1884 527 2203 620 τοῦτερον
2236 538 2376 601 τῶν
2417 533 2623 603 ἐτέων

333 641 492 729 μηνὶ
521 637 941 731 μακρότερον
974 642 1327 723 γίνεσθαι,
1367 640 1482 705 ἵνα
1510 633 1596 727 δὴ
1632 642 1709 706 αἰ
1739 625 1908 725 ὧραι
1943 641 2364 723 συμβαίνωσι
2401 662 2615 725 παρα-

334 741 683 832 γινόμεναι
718 743 786 821 ές
818 737 894 809 τὸ
921 742 1113 825 δέον,
1153 745 1360 829 μῆνες
1390 740 1516 829 μὲν
1546 739 1728 829 παρὰ
1761 738 1843 808 τὰ
1880 740 2336 830 ἑβδομήκοντα
2363 744 2516 809 ἔτεα
2553 745 2622 809 οἰ

335 845 680 936 ἐμβόλιμοι
716 850 1023 932 γίνονται
1061 843 1422 933 τριήκοντα
1458 846 1695 930 πέντε,
1738 838 1977 932 ἡμέραι
2007 843 2084 912 δὲ
2118 838 2192 912 ἐκ
2218 847 2356 913 τῶν
2381 849 2618 931 μηνῶν

188 1016 195 1021 .
251 963 314 1019 16
332 949 592 1020 τούτων
639 954 849 1039 χίλιαι
890 945 1322 1037 πεντήκοντα.
1394 949 1694 1017 τουτέων
1746 951 1884 1016 τῶν
1930 942 2247 1018 ἁπασέων
2290 941 2618 1035 ἡμερέων,

334 1059 474 1124 τῶν
514 1049 581 1134 ἐς
619 1050 701 1121 τὰ
741 1049 1199 1142 ἑβδομήκοντα
1239 1056 1389 1120 ἔτεα
1436 1051 1733 1120 ἐουσέων
1781 1049 2193 1141 πεντήκοντα
2237 1050 2350 1118 καὶ
2389 1055 2616 1137 διηκο-

334 1160 539 1228 σιέων
582 1157 695 1225 καὶ
735 1157 1229 1242 ἑξακισχιλιέων
1266 1156 1379 1225 καὶ
1416 1158 1863 1242 δισμυριέων,
1919 1150 1960 1243 ἡ
2003 1155 2191 1241 ἑτέρη
2236 1149 2500 1222 αὐτέων
2537 1157 2619 1241 τῇ

338 1262 528 1348 ἑτέρῃ
555 1256 767 1348 ἡμέρῃ
797 1255 873 1327 τὸ
899 1260 1219 1346 παράπαν
1249 1254 1455 1327 οὐδὲν
1484 1253 1720 1346 ὁμοῖον
1749 1256 2072 1345 προσάγει
2100 1260 2392 1345 πρῆγμα.
2438 1251 2616 1325 οὕτω

337 1356 472 1448 ὦν,
519 1353 572 1432 ὦ
602 1369 889 1450 Κροῖσε,
935 1366 1070 1430 πᾶν
1107 1358 1247 1431 ἐστι
1295 1358 1659 1451 ἄνθρωπος
1700 1359 2031 1450 συμφορή.
2081 1356 2240 1448 ἐμώ
2270 1358 2347 1429 δὲ
2381 1355 2469 1428 σύ
2506 1359 2620 1428 καὶ

778 1488 789 1499 t

404 1559 460 1614 εἰ
496 1555 560 1612 δὲ
596 1554 668 1626 δὴ
706 1553 836 1612 ἔθει
864 1552 964 1612 ’σει
1000 1551 1275 1626 τοῦτερον
1308 1560 1425 1612 τῶν

331 1624 502 1682 ἐτέων
537 1646 683 1681 aar.
719 1630 794 1696 1.]
889 1629 1035 1681 ἐλειν
1082 1637 1249 1696 atque
1298 1623 1424 1682 ἐθέ-

332 1702 454 1752 λειν
519 1698 686 1766 (quod
754 1701 932 1751 solum
998 1701 1067 1751 ab
1140 1702 1422 1753 Herodoto

330 1776 653 1836 usurpatum
697 1786 819 1821 esse
866 1769 1148 1821 contendit
1188 1771 1423 1824 BredoV.

330 1858 388 1907 p.
432 1840 552 1905 117)
606 1856 713 1890 non
767 1839 835 1890 de
882 1840 1127 1904 personis
1189 1845 1422 1904 tantum,

330 1926 519 1960 verum
568 1909 635 1959 de
682 1910 845 1959 rebus
892 1911 1055 1959 etiam
1098 1910 1232 1973 dici,
1282 1926 1425 1976 quae

329 1986 393 2030 ut
430 1979 590 2041 fiant,
629 1979 987 2029 constitutum
1022 1985 1124 2041 est,
1163 1979 1300 2030 satis
1332 1996 1425 2030 no-

329 2056 466 2100 tum.
502 2048 663 2098 Unde
700 2054 949 2098 nostrum
994 2048 1141 2098 haud
1177 2064 1300 2100 raro
1338 2064 1425 2099 ae-

328 2114 490 2185 quat:
524 2120 683 2168 rouen
722 2134 768 2168 s.
807 2118 1022 2168 ko'nnen.
1090 2118 1178 2168 Cf.
1214 2118 1422 2169 Herod.

324 2190 379 2251 -I,
417 2191 504 2239 74.
544 2186 659 2237 109.
696 2188 772 2248 11,
816 2187 880 2236 14
917 2191 1022 2237 etc.
1066 2187 1235 2237 Plura
1262 2189 1424 2251 Vige-

329 2273 423 2308 rue
485 2255 551 2307 de
604 2256 877 2306 Idiotism.
926 2272 981 2321 p.
1029 2257 1152 2307 272.
1204 2284 1269 2292 —-
1314 2259 1423 2307 Pro

326 2317 604 2385 τοῦτερον
620 2326 671 2374 Ν
674 2326 818 2391 egris
843 2324 1013 2375 edidit
1048 2317 1111 2374 τὸ
1143 2318 1421 2389 πεμπτὸν,

328 2396 427 2461 qni
460 2395 603 2445 idem
638 2395 694 2443 in
737 2410 889 2459 seqq.
934 2409 1150 2459 quoque
1186 2396 1424 2445 numeris

328 2464 503 2515 multa
537 2464 773 2514 mutavit
808 2468 1026 2527 temere,
1056 2479 1195 2528 quae
1231 2465 1423 2515 merito

330 2533 1279 2669 ragilegtzntoefflgboeteaztgoemm
1317 2618 1423 2653 πα-

329 2663 701 2737 ραγινόμεναι
739 2661 794 2729 ές
830 2662 894 2720 τὸ
933 2667 1089 2738 δέον]
1129 2672 1169 2722 i.
1197 2688 1246 2722 e.
1287 2689 1425 2737 „quo

324 2744 525 2792 scilicet
548 2748 894 2806 tempestatum
910 2742 1277 2792 vicmitudlnes
1298 2743 1427 2792 iusto

324 2821 551 2874 tempore
588 2811 828 2866 redeant,
865 2826 967 2860 nec
1014 2815 1194 2860 certus
1241 2827 1426 2862 earum

327 2880 465 2931 ordo
504 2895 569 2929 ac
601 2879 742 2929 ratio
780 2878 890 2929 ullo
921 2879 1081 2930 modo
1115 2881 1426 2933 turbetur“.

326 2947 591 3000 Formula
628 2941 692 3005 ἐς
725 2940 797 2998 τό
835 2944 911 2997 δέ
924 2962 1028 3010 ον,
1066 2952 1210 3009 iusto,
1235 2966 1424 3013 oppor-

330 3027 451 3067 tuno
487 3027 732 3080 tempore,
794 3018 1068 3079 commode,
1119 3019 1257 3067 eatis
1319 3020 1425 3069 fre-

332 3102 523 3148 quens·
542 3087 765 3137 Nostro,
801 3086 885 3139 Cf.
908 3086 1151 3137 Fischer.
1183 3087 1254 3137 ad
1280 3087 1425 3138 Wel-

330 3152 433 3203 ler.
472 3154 577 3215 111,
614 3154 667 3206 6.
706 3171 760 3219 p.
800 3155 924 3207 157.
987 3156 1205 3221 Sauppe
1241 3157 1421 3221 Epist.

331 3222 513 3271 critic.
569 3238 621 3285 p.
678 3225 765 3275 45.
810 3229 868 3274 et
913 3225 1025 3274 vid.
1072 3224 1337 3276 Herodot.
1378 3226 1423 3289 Ι,

338 3290 456 3340 119.
498 3289 616 3340 186.
655 3291 728 3353 11,
764 3292 882 3343 173.
921 3294 1018 3355 VI,
1054 3292 1143 3345 89.
1189 3296 1277 3345 90.
1338 3295 1425 3345 Ad

330 3361 445 3409 vim
473 3360 776 3424 particulae
803 3355 877 3425 δὴ
900 3362 1285 3413 declarandam
1307 3380 1426 3429 per-

331 3431 532 3491 tinent,
548 3443 687 3493 quae
709 3428 968 3480 disseruit
979 3433 1236 3499 Hartung·
1250 3433 1426 3485 Lehre

332 3498 388 3552 d.
431 3497 646 3549 Partik.
686 3496 734 3547 I.
771 3512 825 3561 p.
866 3500 987 3550 288.

404 3561 658 3616 τουτέων
702 3564 819 3614 τῶν
864 3558 1130 3619 ἁπασέων
1170 3561 1426 3634 ἡμερέων

330 3653 385 3686 ιι.
424 3652 474 3685 τ.
511 3635 586 3702 1.]
621 3634 937 3686 Herodotea
974 3639 1159 3704 attigit
1190 3640 1341 3690 Theo
1367 3641 1426 3689 in

328 3708 804 3769 Progymnasmm.
855 3705 953 3757 IV.
1009 3710 1063 3769 §-
1119 3709 1204 3759 56.
1254 3724 1308 3772 p.
1357 3708 1426 3760 68

332 3775 420 3825 ed.
441 3774 644 3825 Finkh.
682 3766 908 3823 τούτων
938 3777 1157 3842 scripsit
1179 3778 1426 3841 Dietscb,

332 3846 576 3909 itemque
612 3859 736 3893 mox
772 3839 1113 3909 διηκοσίων,
1150 3836 1427 3912 ἑξακισχι-

329 3911 499 3975 λίων,
539 3910 884 3975 δισμυρίωνε
922 3914 980 3963 in
1019 3916 1212 3980 quibus
1253 3932 1356 3981 ego
1392 3932 1427 3966 a

332 3981 615 4032 meliorum
650 3980 912 4032 librorum
956 3986 1285 4035 auctoritate
1322 3984 1429 4035 dis-

329 4051 525 4102 cedere
560 4050 731 4114 nolui,
762 4052 1029 4115 probante
1065 4068 1279 4120 quoque
1300 4055 1431 4104 Bre-

328 4121 458 4173 dov.
498 4138 554 4186 p.
596 4123 719 4183 222,
757 4120 852 4186 qui
886 4138 939 4186 p.
982 4122 1086 4173 279
1120 4124 1285 4173 etiam
1322 4124 1426 4173 uti-

326 4190 456 4241 liter
491 4190 777 4241 admonuit
810 4189 877 4239 de
915 4191 1130 4254 ordine,
1171 4209 1277 4258 quo
1316 4194 1425 4242 sin-

324 4258 698 4378 guffssaessuffl'l
730 4259 1423 4396 Ἒῖέἕὲἰέἔωέἐίῗὸρή]

323 4398 364 4451 i.
416 4413 465 4451 6.
523 4396 705 4462 „homo
764 4407 977 4467 quantus
1025 4408 1131 4466 est,
1178 4402 1423 4466 fortunae

1525 1564 1726 1614 casibus
1751 1569 1827 1613 est
1847 1560 2151 1625 obnoxius“‚
2178 1564 2240 1611 ut
2273 1564 2423 1611 recte
2451 1560 2621 1610 vertit

1526 1631 1831 1697 Schweigh.
1868 1632 1982 1682 Nec
2001 1632 2161 1682 aliter
2176 1630 2470 1681 Matthiae:
2508 1631 2620 1693 „nil

1525 1705 1626 1754 nisi
1653 1705 1898 1765 fortunae
1923 1698 2247 1764 expositioe.“
2284 1701 2349 1749 In
2372 1714 2482 1764 qua
2511 1700 2619 1750 for-

1527 1771 1674 1823 mula
1708 1771 2010 1835 legitimum
2051 1785 2172 1820 esse
2209 1773 2463 1818 neutrum
2499 1766 2618 1817 πᾶν

1528 1840 1807 1907 (quoniam
1842 1840 2011 1902 fuere,
2050 1840 2144 1904 qui
2187 1839 2244 1886 in
2290 1835 2402 1894 πᾶς
2445 1842 2618 1887 muta-

1527 1916 1645 1960 tum
1681 1907 1931 1971 vellent),
1962 1909 2105 1959 idem
2143 1910 2391 1967 annotat,
2413 1906 2618 1971 Sopho-

1528 1979 1665 2030 clem
1736 1977 1966 2028 laudans
2030 1978 2088 2026 in
2131 1975 2423 2027 Philoctet.
2484 1976 2616 2026 902:

1526 2037 1756 2097 ἅπαντα
1778 2042 2092 2111 δυσχέρεια,
2119 2051 2174 2096 6ι
2194 2046 2445 2095 Passow:
2485 2046 2620 2095 iiber

1528 2117 1725 2169 Zweck
1761 2116 1965 2182 griech.
2005 2113 2386 2165 W'drterb‘iich.
2436 2130 2490 2179 p.
2529 2114 2618 2165 73.

1526 2188 1594 2237 In
1630 2187 1869 2237 Gramm.
1909 2185 2003 2236 Gr.
2054 2188 2104 2247 §-
2144 2185 2264 2236 437.
2315 2188 2431 2233 not.
2469 2184 2522 2237 3.
2562 2200 2616 2248 p.

1527 2257 1649 2307 818.
1689 2253 1808 2305 πᾶν
1845 2253 2052 2305 mavult
2089 2255 2169 2304 ita
2219 2253 2517 2317 explicare,
2557 2256 2619 2303 ut

1526 2340 1625 2391 pro
1698 2325 1956 2376 adverbio
2033 2325 2275 2389 positum
2343 2322 2615 2375 videatur.

1525 2396 1732 2447 Jacobs
1778 2394 1848 2444 ad
1891 2393 2103 2445 Aelian.
2144 2395 2211 2444 N.
2263 2393 2329 2443 A.
2378 2392 2474 2455 IV,
2524 2391 2613 2443 36.

1525 2465 1705 2515 reddit
1739 2467 1948 2515 omnine.
1994 2454 2313 2528 συμφορὴ
2359 2461 2463 2512 hoc
2496 2462 2618 2512 loco

1526 2551 1635 2584 non
1679 2538 1794 2583 tam
1849 2533 1916 2582 de
1968 2532 2309 2593 calamitate,
2358 2534 2421 2579 ut
2458 2531 2619 2581 homo

1530 2604 1747 2653 omnino
1783 2602 2066 2652 calamitas
2092 2617 2139 2651 ε.
2169 2600 2520 2650 calamitosus
2544 2600 2621 2650 di-

1529 2676 1703 2733 catur,
1743 2686 1882 2736 quae
1916 2669 2270 2734 Weeselingii
2299 2673 2383 2717 est
2407 2673 2622 2719 senten-

1531 2743 1630 2803 tia,
1679 2755 1843 2805 quam
1891 2740 1958 2790 de
2004 2739 2226 2790 fortuna
2275 2738 2498 2802 eiusque
2542 2739 2620 2787 vi-

1529 2809 1944 2861 cissitudinibus
1966 2806 2380 2874 intelligendum
2400 2822 2538 2870 esse,
2565 2812 2621 2859 et

1528 2882 1652 2946 ipsa
1672 2879 1903 2930 voculae
1924 2879 2077 2929 notio
2106 2884 2162 2929 et
2182 2877 2440 2927 universa
2457 2877 2618 2927 huius

1529 2950 1635 3000 loci
1661 2949 1801 2999 ratio
1825 2949 1961 2999 satis
1988 2948 2181 3000 docere
2205 2946 2440 2998 videtur.
2473 2948 2619 2997 Hinc

1526 3018 1805 3069 Plutarch.
1855 3019 1910 3067 in
1959 3018 2058 3067 vit.
2106 3017 2290 3069 Solon.
2337 3033 2391 3081 p.
2442 3016 2510 3066 94
2551 3019 2617 3068 Β.

1527 3089 1588 3139 C.
1642 3104 1690 3139 c.
1742 3090 1808 3138 27
1855 3087 2092 3138 reddidit
2136 3079 2369 3151 τύχην.
2450 3086 2620 3137 Plura

1531 3159 1687 3208 dabit
1744 3157 2046 3208 Kaerchert
2105 3158 2363 3223 Beitrilge
2411 3173 2459 3205 z.
2517 3155 2614 3207 lat.

1532 3226 1845 3292 Etymolog.
1887 3227 1982 3277 IV.
2020 3244 2074 3292 p.
2115 3227 2174 3277 11
2217 3240 2332 3290 seq.
2389 3226 2617 3291 Compa-

1528 3302 1614 3345 rat
1662 3298 1749 3346 Cr.
1805 3297 2023 3347 Platon.
2073 3295 2139 3345 de
2191 3295 2365 3359 Legg.
2414 3295 2509 3345 IV.
2558 3312 2612 3359 p.

1531 3365 1634 3415 709
1670 3366 1745 3427 Α,
1795 3366 1888 3430 qui
1934 3370 2225 3430 postquam
2277 3363 2492 3412 dixerat
2523 3357 2619 3412 τύ-

1527 3448 1623 3498 χαι
1663 3427 1728 3484 δὲ
1755 3430 1848 3484 καὶ
1888 3429 2178 3498 συμφοραὶ
2214 3433 2486 3480 παντοῖαι
2526 3431 2619 3480 πί-

1528 3515 1771 3551 πτουσαι
1808 3503 2096 3557 παντοίως
2129 3496 2518 3563 νομοθετοῦσι
2552 3491 2622 3549 τὰ

1527 3563 1717 3619 πάντα
1769 3562 1938 3634 ἡμῖν,
1992 3570 2129 3620 haec
2180 3568 2345 3632 paulo
2394 3567 2620 3618 inferius

1530 3640 1702 3701 addit,
1740 3654 1881 3703 quae
1928 3638 1998 3688 ad
2037 3637 2309 3689 Herodoti
2348 3638 2518 3687 verba
2559 3638 2620 3686 il-

1529 3709 1816 3757 lustranda
1853 3709 2095 3788 apprime
2130 3708 2368 3757 faciunt:
2407 3697 2622 3771 τύχας
2661 3770 2664 3775 .

1532 3769 1683 3826 εἶναι
1757 3774 1961 3842 σχεδον
2023 3766 2296 3825 ἅπαντα
2361 3767 2439 3824 τὰ
2503 3769 2620 3826 ἆν-

1530 3837 1863 3910 θριόπινα
1895 3838 2290 3911 πράγματας
2331 3845 2455 3897 coll.
2493 3848 2621 3912 Epi-

1530 3932 1676 3966 nom.
1725 3932 1779 3979 p.
1830 3915 1932 3967 973
1983 3916 2043 3967 Ο.
2117 3918 2271 3979 Quae
2318 3931 2450 3965 eane
2496 3933 2621 3967 con-

1531 3985 1758 4036 veniunt
1794 4002 1913 4037 cum
1949 3988 2048 4050 iis,
2094 4001 2236 4050 quae
2281 3985 2620 4036 Artabanum

1533 4054 1803 4116 dicentem
1864 4057 1998 4106 facit
2065 4057 2267 4106 Noster
2319 4055 2459 4116 VII,
2523 4056 2618 4107 49:

1529 4117 1713 4187 μάθε,
1764 4114 1852 4174 ὅτι
1899 4120 1963 4175 αἴ
2020 4118 2312 4189 συμφοραὶ
2356 4121 2471 4171 τῶν
2517 4117 2617 4173 ἆν-

1527 4185 1785 4256 θριόπων
1818 4184 2056 4260 ἄρχουσι
2084 4191 2180 4245 καὶ
2215 4183 2346 4242 οὐκὶ
2381 4181 2619 4253 ὤνθρω-

1527 4277 1629 4312 ποι
1655 4261 1770 4312 τῶν
1796 4257 2153 4328 συμφορέων,
2187 4263 2282 4314 nbi
2306 4260 2418 4311 vid.
2446 4266 2616 4320 nott.;

1524 4337 1587 4382 tu
1638 4333 1782 4382 conf.
1833 4333 2051 4398 egregie
2111 4332 2178 4382 de
2225 4332 2327 4381 hac
2375 4334 2619 4380 veterum

1530 4402 1803 4455 sententia
1833 4405 2190 4468 exponentem
2223 4399 2483 4453 Lasaulx.
2531 4400 2617 4452 De
