3109 5092
1177 354 1293 415 CL
1313 355 1432 417 10.
1478 356 1529 415 I.
1574 362 1695 420 107.
1745 365 1864 420 108.

2531 356 2655 419 237

376 531 624 616 πλῆσαι
649 526 776 616 μὲν
802 526 927 615 τὴν
955 527 1214 596 ἑωυτοῦ
1241 527 1461 612 πόλιν,
1491 527 2013 598 ἐπικατακλύσαι
2043 529 2117 599 δὲ
2146 532 2256 599 καὶ
2284 526 2409 618 τὴν
2429 526 2658 618 Ἀσίην

377 636 622 699 πᾶσαν.
708 624 1172 718 ὑπερθέμενος
1221 631 1296 699 δὲ
1341 636 1480 701 τῶν
1529 631 1769 719 μάγων
1811 648 1981 703 τοῖσι
2033 628 2523 722 ὀνειροπόλοισι
2582 631 2658 703 τὸ

377 736 738 819 ἐνύπνιον,
796 732 1142 822 ἐφοβήθη,
1195 732 1357 823 παρ’
1406 730 1636 804 αὐτῶν
1676 731 1845 804 αὐτὰ
1884 738 2129 805 ἕκαστα
2173 739 2437 825 μαθών.
2492 734 2660 824 μετὰ

376 837 454 906 δὲ
487 834 614 926 τὴν
650 837 1035 925 Μανδάνην
1070 837 1355 924 ταύτην,
1412 840 1659 907 ἐοῦσαν
1694 836 1823 928 ἤδη
1859 836 2108 928 ἀνδρὸς
2145 835 2436 930 ὡραίην,
2495 839 2654 929 ,Μή-

377 946 521 1009 δων
554 939 679 1028 μὲν
711 944 852 1009 τῶν
899 942 1155 1009 ἑωυτοῦ
1204 937 1412 1023 ἀξίων
1456 938 1691 1011 οὐδενὶ
1725 947 1910 1011 διδοῖ
1947 958 2271 1030 γυναῖκα,
2336 941 2659 1023 δεδοικώς

374 1042 500 1133 τὴν
533 1040 726 1126 ὄψιν·
788 1038 824 1112 ὅ
871 1043 946 1112 δὲ
984 1046 1211 1132 Πέρσῃ
1254 1049 1470 1130 διδοῖ,
1523 1050 1619 1137 τῷ
1665 1042 1922 1134 οὔνομα
1969 1037 2055 1135 ἦν
2088 1047 2491 1136 Καμβύσης,
2538 1044 2660 1116 τὸν

380 1142 648 1234 εὕρισκε
682 1152 898 1234 οἰκίης
930 1146 1057 1235 μὲν
1094 1146 1289 1216 ἐόντα
1316 1144 1612 1236 ἀγαθῆς,
1661 1148 1913 1237 τρόπου
1958 1149 2033 1219 δὲ
2070 1146 2382 1238 ἡσυχίου,
2430 1155 2658 1244 πολλῷ

379 1256 621 1339 ἔνερθε
645 1247 834 1337 ἄγων
863 1247 1072 1319 αὐτὸν
1096 1253 1306 1338 με’σου
1331 1248 1581 1340 ἀνδρὸς
1599 1252 1869 1341 Μήδου.
1926 1255 2431 1343 Συνοικεούσης
2462 1254 2536 1323 δὲ
2563 1258 2659 1347 τῷ
2681 1257 2798 1319 108

378 1353 713 1443 Καμβύσῃ
763 1357 881 1443 τῆς
929 1353 1345 1443 Μανδάνης,
1403 1348 1439 1424 ὃ
1486 1352 1850 1444 Ἀστυάγης
1904 1362 1996 1450 τῷ
2037 1355 2280 1451 πρώτῳ
2331 1364 2469 1427 ἔτει·
2518 1357 2659 1427 εἶδε

379 1454 592 1546 ἄλλην
628 1454 807 1540 ὄψιν.
872 1456 1103 1526 ἐδόκεε
1144 1461 1224 1527 δέ
1251 1463 1322 1526 οἱ
1358 1460 1430 1526 ἐκ
1470 1463 1611 1528 τῶν
1651 1465 1933 1529 αἰδοίων
1962 1464 2079 1548 τῆς
2119 1459 2463 1550 θυγατρὸς
2493 1459 2657 1530 ταύ-

381 1588 498 1648 της
531 1566 743 1649 φῦναι
779 1557 1117 1647 ἄμπελον,
1159 1558 1286 1650 τὴν
1320 1561 1397 1630 δὲ
1430 1558 1731 1649 ἄμπελον
1771 1565 2070 1651 ἐπισχεῖν
2105 1562 2230 1653 τὴν
2264 1561 2495 1654 Ἀσίην
2532 1570 2659 1634 πᾶ-

383 1684 530 1733 σαν.
575 1660 746 1733 ἰδών
775 1664 849 1732 δὲ
875 1669 1073 1733 τοῦτο
1100 1665 1212 1732 καὶ
1240 1658 1704 1754 ὑπερθέμενος
1726 1682 1899 1736 τοῖσι
1926 1664 2436 1755 ὀνειροπόλοισι,
2467 1695 2660 1756 μετε-

384 1770 685 1858 πέμψατο
722 1769 797 1836 ἐκ
831 1773 968 1836 τῶν
998 1771 1323 1857 Περσέων
1351 1765 1478 1857 τὴν
1508 1772 1857 1859 θυγατέρα
1888 1772 2155 1839 ἐπίτεκα
2193 1773 2459 1841 ἐοῦσαν.
2504 1769 2661 1840 ἄπι-

452 1958 847 2047 υπερθέμενος
864 1963 928 2017 δὲ
953 1965 1069 2017 τῶν
1104 1959 1303 2033 μάγων
1325 1970 1475 2018 τοῖσι

385 2028 808 2117 ὀνειροπόλοισι
843 2029 908 2088 τὸ
945 2027 1241 2104 ἐνυπνιον]
1275 2038 1475 2089 Omnes

383 2106 508 2157 libri
541 2097 924 2171 ὑποθέμενος,
953 2108 1098 2188 quod
1138 2124 1170 2157 a
1199 2108 1474 2173 Stephano

385 2178 494 2226 iam
525 2180 796 2227 mutatum
834 2177 941 2227 fuit
973 2178 1031 2226 in
1060 2167 1474 2242 ὑπερθέμενος,

387 2245 532 2311 quod
567 2263 709 2298 rece.
758 2246 882 2298 edd.
920 2247 977 2295 in
1006 2251 1222 2297 textum
1260 2262 1475 2312 recepe-

386 2321 531 2366 runt.
603 2317 677 2367 Et
723 2331 843 2381 cap.
902 2317 1153 2400 sequenti
1197 2317 1315 2366 sine
1362 2315 1474 2367 ulla

386 2385 632 2436 lectionis
662 2386 934 2436 varietate
967 2383 1361 2450 υπερθέμενος
1398 2387 1478 2435 in-

387 2456 629 2517 venitm-3
685 2456 913 2522 ipsaque
959 2457 1100 2506 ratio
1145 2456 1366 2517 suadet,
1416 2459 1478 2504 ut

390 2526 532 2575 idem
566 2523 701 2574 illud
720 2526 824 2575 hoc
850 2540 1065 2591 quoque
1093 2523 1214 2575 loco
1247 2525 1476 2590 recipia-

388 2599 495 2645 tur.
532 2594 690 2656 Nam,
725 2599 786 2643 ut
821 2594 958 2644 bene
1002 2598 1187 2644 monet
1227 2595 1478 2659 Wytten-

389 2662 615 2714 bachius
660 2664 716 2713 in
752 2663 974 2714 Selectt.
1018 2664 1297 2714 historico.
1346 2679 1473 2729 pag.

390 2732 512 2795 351,
545 2722 884 2782 ὑποθέσθαι
929 2732 1051 2782 τινί
1089 2748 1143 2782 τι
1196 2738 1281 2783 eet
1324 2735 1480 2784 aliem

389 2803 645 2852 eonsilium
682 2793 836 2865 dare,
887 2806 950 2852 ut
987 2802 1164 2864 1,90.
1215 2801 1330 2853 156.
1380 2803 1475 2865 IV,

393 2870 513 2922 135.
540 2871 605 2933 V,
634 2872 736 2921 72:
770 2874 829 2921 at
860 2861 1226 2934 υπερθέσθαι
1256 2870 1375 2920 τινί
1404 2887 1476 2934 τι,

389 2957 496 2990 cum
552 2943 719 3004 aliquo
782 2943 1034 2990 consilinm
1099 2942 1473 2992 communicare.

392 3010 549 3060 Conf.
610 3010 666 3072 1,
714 3009 767 3061 8.
825 3009 905 3073 V,
953 3011 1038 3060 24.
1095 3009 1238 3072 VII,
1286 3009 1338 3059 8.
1393 3008 1475 3059 18.

390 3079 530 3129 Add.
567 3078 802 3129 Bredov.
839 3095 894 3144 p.
933 3079 1019 3130 64.
1067 3108 1140 3118 --
1185 3078 1271 3128 Ad
1317 3094 1479 3143 argu-

389 3153 631 3199 mentum
694 3148 841 3213 quod
893 3149 1131 3220 ⁴attinet,
1189 3148 1478 3199 tenendum

392 3222 508 3281 est,
545 3218 762 3268 omnino
801 3219 965 3269 moris
1013 3218 1182 3268 fuisse
1230 3217 1288 3267 in
1330 3218 1482 3268 hisee

392 3287 737 3338 orientalium
773 3289 976 3352 regnis,
1011 3293 1074 3337 ut
1105 3302 1192 3336 res
1228 3286 1482 3351 publicae

391 3357 748 3423 gravissimae
793 3372 890 3422 per
936 3357 1267 3407 somniorum
1320 3357 1482 3406 inter-

389 3426 721 3492 pretationes
754 3425 1209 3487 discernerentur,
1245 3426 1340 3475 ubi
1368 3426 1483 3475 Ma-

391 3513 580 3562 gorum
616 3501 680 3546 ut
714 3496 1069 3560 interpretum
1117 3497 1347 3546 istorum
1398 3510 1482 3545 so-

389 3568 657 3616 mniorum
724 3580 934 3615 summa
993 3565 1097 3614 fuit
1162 3564 1479 3616 auctoritas.

393 3635 458 3685 1‹1
501 3634 645 3701 quod
689 3636 895 3699 pariter
936 3649 1127 3684 sacrae
1175 3634 1374 3684 docent
1420 3634 1481 3683 li-

388 3710 538 3756 terae
601 3720 763 3770 quam
815 3702 1097 3769 profanae.
1168 3704 1283 3754 Nee
1337 3703 1482 3768 fugit

388 3774 706 3826 Rennelium
742 3773 800 3822 in
848 3773 1046 3839 Geogr.
1093 3772 1299 3823 Herod.
1349 3785 1479 3838 pag.

389 3845 600 3993 ὃοῖεαῷ
648 3902 838 3960 avt&
854 3924 887 3958 ν
935 3901 1086 3959 αὐτα
1126 3903 1330 3959 ἕκαστα
1377 3923 1481 3972 μα-

294 3989 302 3996 ·
390 3974 542 4047 θοόν]
575 3983 660 4031 De
695 3979 974 4031 locutione
1010 3969 1226 4043 ἀνδρὸς
1258 3968 1480 4043 ὡραίην

390 4053 527 4114 (viro
570 4048 836 4115 maturam)
893 4046 1477 4110 conf.1,196.V1,

395 4121 494 4172 122
531 4124 586 4170 et
622 4135 763 4186 quae
787 4118 900 4168 alia
925 4117 1093 4168 habet
1111 4116 1363 4168 Kuehner
1383 4116 1478 4167 Gr.

393 4189 487 4240 Gr.
525 4193 575 4253 9.
617 4188 738 4252 530,
774 4187 980 4253 h.,qui
1014 4186 1158 4238 idem
1197 4187 1291 4237 Gr.
1308 4187 1401 4237 Gr.
1429 4188 1479 4267 9.

393 4258 515 4321 517,
561 4259 613 4309 2.
675 4225 1041 4308 etinsulendus
1097 4256 1164 4306 de
1223 4253 1482 4336 genitivis

391 4323 581 4407 οἰκίης
611 4323 718 4391 μὲν
751 4357 822 4366 —-
855 4318 1110 4390 ἀγαθῆς,
1157 4318 1379 4389 τρόπου
1420 4319 1485 4372 δὲ

387 4385 650 4460 ἡσυχίου.
690 4396 775 4446 Ad
816 4390 971 4459 οἰκίη
1021 4391 1266 4458 (familia)
1314 4395 1370 4442 et
1413 4392 1482 4442 ad

1578 1969 1753 2034 ipsam
1808 1969 2138 2021 locutionem
2201 1975 2483 2036 comparat
2539 1970 2668 2020 Val-

1580 2039 1737 2089 cken.
1776 2039 1822 2102 Ι,
1861 2040 1947 2091 90.
2003 2041 2083 2105 ΙΙ,
2134 2040 2252 2091 172.
2303 2041 2402 2104 IV,
2440 2041 2527 2092 76.
2566 2040 2663 2102 VI,

1579 2108 1665 2158 35.
1712 2110 2106 2176 Weseelingius
2161 2109 2351 2160 laudat
2395 2111 2667 2160 Iustinum

1578 2179 1624 2241 I,
1663 2181 1715 2241 4,
1762 2179 1855 2229 ubi
1902 2180 2049 2245 quod
2095 2181 2392 2246 Cambyses
2438 2185 2667 2230 vocatur

1576 2249 1843 2299 mediocris
1878 2251 1972 2312 vir,
2013 2249 2068 2299 id
2106 2266 2171 2300 ex
2208 2250 2312 2301 hoe
2345 2251 2463 2316 ipso
2494 2252 2668 2301 Hero-

1578 2317 1695 2367 doti
1729 2317 1850 2369 loco
1897 2320 2276 2384 explicandum
2322 2336 2442 2371 esse
2484 2325 2668 2370 monet

1580 2388 1798 2453 Sauppe
1834 2389 1892 2437 in
1917 2389 2145 2441 Jahrbb.
2188 2389 2228 2441 f.
2265 2390 2405 2441 Phil.
2440 2406 2494 2440 ιι.
2532 2391 2667 2440 Pae-

1580 2457 1706 2523 dag.
1744 2459 1912 2510 XXV.
1956 2476 2010 2524 p.
2060 2460 2182 2510 218.
2254 2460 2363 2510 Sed
2408 2460 2463 2509 in
2495 2460 2667 2508 Hero-

1581 2527 1709 2577 doto
1794 2526 1860 2576 de
1932 2528 2088 2579 nobili
2144 2528 2664 2578 Achaemeniden-um

1579 2603 1738 2661 gente
1785 2597 2134 2661 cogitandum
2183 2613 2303 2647 esse
2346 2599 2557 2663 patebit
2600 2613 2667 2646 ex

1579 2667 1674 2727 iia,
1720 2681 1861 2731 quae
1916 2666 1986 2717 ad
2030 2667 2089 2729 1,
2140 2667 2240 2717 125
2283 2671 2339 2716 et
2393 2667 2495 2717 209
2542 2665 2666 2715 affe-

1581 2751 1779 2786 remus.

1933 2906 2065 2957 cir.
2106 2906 2311 2957 CVIII.

1652 2997 1682 3057 ὁ
1710 2998 2009 3088 Ἀστυάγης
2044 3006 2124 3076 τῷ
2161 3001 2367 3076 πρώτῳ
2405 3003 2518 3059 ἔτεϊ
2551 3001 2669 3059 εἶδε

1580 3066 1757 3141 ἄλλην
1789 3068 1952 3144 ὄψιν]
1990 3079 2173 3129 Verba
2208 3078 2285 3147 τῷ
2306 3073 2511 3146 πρώτῳ
2537 3074 2667 3143 ἔτεϊ,

1541 3149 1544 3152 ‘
1582 3162 1722 3212 quae
1757 3146 1923 3211 vulgo
1962 3147 2032 3198 ad
2067 3150 2309 3213 proxime
2345 3150 2669 3200 anteceden-

1583 3217 1664 3266 tia
1698 3217 2004 3267 referuntur
2039 3232 2106 3267 ao
2147 3217 2212 3268 de
2247 3219 2419 3283 primo
2454 3221 2670 3284 nuptia-

1583 3301 1701 3336 rum
1748 3286 2036 3351 cambysis
2081 3291 2137 3336 et
2180 3288 2481 3338 Mandanes
2525 3302 2669 3337 anno

1582 3353 1979 3420 intelliguntur,
2015 3356 2107 3406 Jo.
2140 3371 2175 3405 a
2199 3357 2478 3421 Gumpach
2504 3355 2672 3420 (Zeit-

1582 3423 1767 3474 rechn.
1812 3424 1862 3474 (1.
1904 3424 2172 3489 Babylon.
2230 3441 2285 3489 p.
2340 3426 2439 3476 125
2485 3420 2668 3489 seqq.)

1584 3494 1666 3544 ita
1700 3494 1950 3558 accipere
1985 3492 2120 3555 vult,
2138 3497 2200 3542 ut
2238 3494 2305 3543 de
2328 3493 2501 3557 primo
2525 3507 2668 3541 anno

1582 3563 1740 3628 regni
1774 3562 2036 3627 Astyagis
2072 3560 2475 3627 intelligantur,
2523 3560 2673 3610 inde-

1570 3647 1691 3697 -que
1755 3631 1874 3695 ipse
1933 3630 2107 3696 Cyrus
2177 3632 2448 3696 cogitetur
2508 3633 2670 3679 natus

1586 3716 1728 3751 anno
1770 3699 1883 3751 Ἴ595
1928 3714 1978 3749 ιι.
2026 3699 2154 3750 Chr.
2201 3715 2255 3751 ιι.
2306 3730 2376 3739 -
2410 3699 2496 3749 Ad
2533 3703 2672 3749 stru-

1584 3775 1794 3820 cturam
1828 3769 1981 3818 verbi
2023 3758 2212 3818 ἐδόκεε
2245 3769 2303 3818 iu
2340 3784 2492 3834 seqq.
2522 3768 2667 3818 conf.

1585 3839 1694 3901 ΙΙΙ,
1757 3839 1873 3889 124.
1924 3837 2053 3900 VII,
2116 3838 2202 3901 12,
2253 3843 2307 3889 et
2364 3853 2504 3904 quae
2558 3837 2672 3888 alia

1582 3877 1755 3958 hab’et‘
1811 3906 2063 3958 Kuehner
2126 3907 2220 3958 Gr.
2284 3908 2379 3959 Gr.
2440 3911 2489 3971 9.
2546 3907 2670 3970 649,

1628 4014 1933 4095 ἐπίτεκα
1991 4036 2221 4111 ἐοῦσαν]
2281 4034 2515 4093 ἕπίτοκα
2561 4044 2672 4093 Me-

1585 4114 1770 4165 di'eeus
1803 4121 1858 4166 et
1893 4115 1990 4166 alii
2035 4115 2255 4181 quidam
2286 4112 2430 4177 libri,
2468 4114 2561 4180 qui
2594 4113 2674 4163 in-

1585 4184 1671 4234 fra
1704 4185 1888 4248 1,111
1930 4199 2115 4235 omnes
2151 4183 2469 4248 conspirant
2502 4183 2559 4231 in
2598 4181 2673 4231 le-

1585 4253 1764 4304 ctione
1814 4245 2026 4317 ἐπίτεξ,
2091 4268 2231 4318 quae
2294 4253 2461 4302 etiam
2499 4250 2672 4315 prol*

1586 4322 1784 4373 dicitur
1837 4323 2218 4374 Grammaticis
2286 4319 2671 4372 damnantibus

1588 4392 1814 4442 alteram
1885 4392 2114 4441 formam
2188 4380 2466 4445 ἕπίτοκος.
2543 4387 2668 4438 vid.
