3109 5092
1157 306 1650 368 EUTERPE.
1696 306 1781 365 ΙΙ.
1826 314 1949 369 149.
2566 307 2687 368 775

417 478 537 569 κτὴ
557 531 575 564 ,
613 476 784 568 αὐτὴ
814 484 1026 567 δηλοῖ.
1086 482 1162 548 ἐν
1186 477 1314 569 γὰρ
1342 482 1510 570 μέσῃ
1538 485 1621 569 τῇ
1649 489 1849 569 λίμνῃ
1877 480 2164 566 μάλιστά
2192 508 2277 570 κη
2307 484 2530 552 ἑστᾶσι
2562 482 2689 555 δύο

418 588 790 673 πυραμίδες
810 635 827 666 ,
865 587 987 650 τοῦ
1015 579 1259 663 ὕδατος
1290 579 1735 672 ὑπερέχουσαι
1776 582 2192 674 πεντήκοντα
2226 583 2503 674 ὀργυιὰς
2532 589 2683 657 ἕκα-

415 691 606 777 τέρη,
648 688 762 755 καὶ
793 683 867 754 τό
896 683 1041 754 κατ’
1077 683 1321 767 ὕδατος
1350 686 1782 775 οἰκοδόμηται
1813 691 2047 775 ἕτερον
2073 694 2351 757 τοσοῦτο
2371 711 2386 725 ·
2433 692 2545 758 καὶ
2575 689 2681 759 ἐπ’

414 787 829 880 ἀμφοτέρῃσι
886 795 1114 859 ἔπεστι
1167 788 1485 871 κολοσσὸς
1542 797 1837 874 λίθινος,
1904 790 2272 881 κατήμενος
2316 795 2392 862 ἐν
2431 791 2682 886 θρόνῳ.

417 891 593 963 οὕτω
623 899 699 961 αἱ
718 893 843 982 μὲν
874 900 1247 983 πυραμίδες
1277 896 1406 963 εἰσὶ
1434 891 1674 982 ἑκᾳτόν
1700 892 2053 983 ὀργυιέων,
2084 901 2161 963 αἱ
2185 894 2251 963 δ’
2301 893 2540 964 ἑκατὸν
2566 892 2681 985 ὀρ-

417 999 604 1084 γυιαὶ
633 1003 895 1066 δίκαιαί
920 1003 1049 1066 εἰσι
1093 996 1373 1065 στάδιον
1413 997 1865 1087 ἑξάπλεθρον,
1910 1000 2234 1079 ἑξαπέδου
2273 998 2399 1087 μὲν
2422 1004 2537 1087 τῆς
2567 996 2682 1087 ὀρ-

416 1181 537 1214 curn
573 1181 692 1215 esse
728 1164 1012 1228 putabant,
1051 1164 1159 1214 dici
1194 1180 1302 1214 non
1338 1181 1500 1229 posse

414 1235 552 1283 bene
574 1233 956 1297 intelligerent,
993 1234 1260 1284 Herodoti
1283 1239 1498 1284 senten-

413 1304 547 1353 tiam
572 1304 894 1353 arctioribus
937 1302 1133 1353 finibus
1168 1304 1501 1354 circumscri-

413 1373 642 1422 bendam
667 1388 786 1422 esse
807 1372 1111 1434 voluerunt,
1135 1374 1332 1437 quippe
1358 1389 1498 1438 quae

413 1444 482 1492 ad
518 1459 636 1492 eam
685 1447 895 1491 tantum
938 1441 1092 1491 lacus
1135 1448 1345 1508 partem
1382 1457 1498 1507 8118-

413 1517 607 1573 ctaret,
645 1527 783 1577 quae
815 1517 933 1560 arte
961 1510 1198 1561 humana
1222 1512 1386 1562 fuerit
1423 1512 1499 1561 ef-

410 1584 558 1632 fecta
594 1581 662 1631 ad
693 1581 845 1631 lacus
883 1581 1144 1630 ambitum
1170 1581 1495 1645 augendum.

409 1653 490 1701 Ac
512 1652 724 1701 Rittero
757 1650 822 1700 de
858 1666 923 1701 ea
960 1655 1114 1715 parte
1147 1650 1496 1715 cogitandum

411 1721 699 1770 videbatur
736 1719 795 1784 (1.
835 1720 874 1770 1.
907 1736 962 1784 11.
991 1719 1145 1785 800),
1182 1735 1290 1785 qua
1325 1721 1497 1769 orien-

410 1795 518 1839 tem
539 1804 728 1839 versus
764 1789 852 1839 hic
878 1787 1031 1839 lacus
1058 1804 1179 1838 cum
1200 1788 1310 1839 Nili
1339 1790 1495 1854 aquis

411 1861 466 1908 in
513 1875 710 1924 pagum
744 1860 990 1923 Fayoum
1036 1858 1282 1909 deductis
1329 1859 1496 1909 fuerit

413 1930 751 1990 coniunctus,
790 1929 907 1977 sive
933 1928 1000 1977 de
1023 1928 1218 1990 canali,
1255 1930 1345 1992 qui
1366 1927 1498 1978 dici-

411 2003 500 2047 tur
539 1998 684 2046 Bahr·
726 1998 840 2047 bela
886 2013 983 2050 ma.
1067 1998 1150 2046 Tu
1211 1999 1283 2048 cf.
1331 1999 1496 2047 etiam

411 2068 684 2116 Mannert.
723 2065 759 2115 l.
792 2066 827 2115 l.
868 2082 921 2130 p.
957 2067 1078 2127 423,
1115 2066 1353 2117 Iomard.
1390 2066 1425 2116 l.
1457 2067 1493 2116 l.

411 2151 538 2202 pag.
559 2134 626 2186 97
653 2150 802 2200 seqq.
862 2136 1038 2200 Atque
1061 2137 1353 2185 coniuncta
1375 2152 1496 2186 cum

411 2205 494 2254 his
529 2204 813 2265 Russellii,
863 2205 1215 2268 Wilkinsoni,
1269 2205 1497 2255 aliorum

411 2275 709 2333 sententia,
770 2273 836 2323 de
882 2289 990 2339 qua
1039 2274 1196 2324 modo
1243 2274 1492 2336 (1111111188,

409 2345 643 2408 itemque
665 2343 818 2393 ducis
840 2343 906 2392 de
923 2346 1142 2408 Ragusa
1158 2342 1492 2408 (Marmont),

408 2415 498 2478 qui
518 2415 571 2461 in
596 2413 728 2463 11880
750 2414 937 2464 eadem
956 2414 1229 2477 inquirens
1246 2412 1491 2478 (Voyage

406 2491 510 2533 etc.
555 2482 652 2533 IV.
703 2498 756 2547 p.
806 2483 865 2534 lo
903 2498 1055 2547 seqq.
1105 2482 1191 2532 ed.
1228 2482 1491 2546 Bruxell.)

406 2552 486 2601 ita
522 2553 837 2616 pronuntiat
869 2550 944 2616 (p.
973 2552 1088 2616 22):
1131 2552 1369 2612 „Moeris
1402 2557 1493 2601 n'a

406 2622 560 2684 point
610 2619 798 2670 creuse
842 2637 916 2670 un
950 2620 1065 2682 180,
1114 2621 1252 2670 111818
1300 2626 1493 2670 euvert

407 2706 478 2739 1111
500 2690 726 2750 chemin,
761 2705 860 2754 par
884 2689 1062 2755 lequel
1091 2690 1170 2739 les
1196 2705 1334 2739 caux
1366 2694 1491 2739 sont

406 2774 608 2808 venues
644 2758 862 2822 remplir
896 2758 947 2808 le
981 2759 1192 2820 bassin,
1250 2761 1494 2823 qu’avait

407 2826 625 2894 disposd
674 2828 730 2876 la
774 2832 987 2877 nature.
1068 2828 1217 2879 Elles
1267 2827 1492 2878 s'eleve-

406 2903 528 2948 rent
562 2897 776 2948 bientot
811 2898 844 2947 a
874 2913 978 2946 une
1005 2898 1210 2962 grande
1240 2897 1489 2960 hauteur,

407 2973 462 3018 ct
519 2965 813 3017 for-merent
864 2982 970 3018 une
1031 2982 1143 3017 mer
1201 2966 1492 3018 interienre

406 3037 803 3102 qu'alimentait
817 3037 1025 3103 chaque
1041 3034 1212 3086 annee
1231 3037 1283 3087 le
1296 3038 1488 3100 fleuve‚

405 3108 549 3157 alors
586 3107 708 3173 plus
743 3107 888 3156 riche
914 3123 978 3157 en
1012 3122 1151 3157 eaux
1180 3106 1492 3173 qu'aujour-

404 3177 577 3237 ‹l'hni3
618 3178 753 3227 mais
778 3175 908 3227 elles
930 3175 1220 3227 laisserent
1236 3192 1308 3226 un
1334 3182 1490 3226 vaste

404 3262 599 3311 espace
635 3248 727 3310 qni
753 3245 939 3297 811088
961 3245 1210 3309 toujours
1244 3262 1380 3296 avec
1412 3247 1491 3295 fa-

405 3313 585 3376 011118,
635 3316 821 3364 devint
853 3315 903 3365 le
939 3317 1093 3379 point
1139 3315 1191 3365 le
1226 3315 1348 3380 plus
1385 3315 1489 3365 fer·

405 3385 498 3433 tile
535 3384 602 3432 de
637 3383 953 3447 l'Egypte.“

475 3443 662 3500 ἕστᾶσι
705 3449 811 3499 δύο
849 3448 1184 3517 πυραμίδες]
1236 3452 1340 3512 Qui
1389 3451 1485 3500 1188

403 3520 711 3586 pyramides
747 3522 803 3569 in
840 3519 964 3570 lacu
994 3520 1184 3569 Birket
1221 3519 1270 3569 el
1301 3521 1485 3581 Quor-n

403 3591 818 3656 quaesiverunt,
873 3589 949 3638 nil
995 3590 1218 3651 mirum,
1277 3589 1351 3637 nil
1394 3604 1486 3637 eos

402 3660 694 3710 invenisse.
767 3658 901 3709 Inde
926 3658 1115 3708 harum
1150 3657 1488 3722 pyramidum

401 3729 605 3781 nullum
659 3745 803 3779 nunc
857 3727 1148 3793 vestigium
1205 3742 1488 3790 superesse

402 3804 639 3849 testatur
674 3798 911 3849 Iomard.
946 3797 985 3848 l.
1023 3798 1062 3847 l.
1101 3811 1230 3861 pag.
1268 3797 1355 3857 98,
1393 3796 1487 3845 ubi

399 3857 511 3919 vid.
580 3869 806 3919 Accedit
848 3866 1208 3917 recentissimi
1253 3867 1487 3930 peregri-

401 3939 607 3989 natoris
643 3937 1042 3996 testimonium,
1092 3936 1184 4000 qui
1215 3935 1272 3984 in
1308 3934 1487 3985 insula

397 4007 465 4057 El
490 4008 661 4067 Hom,
703 4022 839 4071 quae
877 4005 1052 4055 medio
1094 4006 1151 4054 in
1183 4004 1308 4054 lacu
1344 4021 1488 4055 nunc

402 4076 751 4141 conspicitur,
789 4075 993 4124 frustra
1031 4073 1367 4139 pyramidum
1397 4089 1489 4122 ve-

401 4146 570 4210 stigia
606 4160 664 4195 se
691 4144 1026 4209 quaesivisse
1061 4148 1311 4193 testatur.
1357 4143 1483 4193 Vid.

399 4216 464 4265 L.
506 4213 571 4264 de
594 4213 844 4263 Laborde
883 4213 919 4263 l.
948 4213 985 4263 l.
1023 4229 1075 4277 p.
1105 4212 1189 4263 69.
1265 4212 1371 4263 Sed
1397 4213 1483 4261 Li-

397 4287 559 4346 nant,
604 4299 760 4347 quem
784 4283 1045 4332 Moeridis
1073 4282 1252 4332 lacum
1281 4282 1483 4332 rectius

398 4369 542 4404 nunc
562 4352 911 4402 constituisse
938 4367 1105 4417 supra
1129 4351 1379 4414 diximus,
1414 4352 1482 4401 ad

1600 1165 1699 1215 has
1725 1166 2031 1229 pyramides
2055 1165 2221 1215 refert
2248 1165 2504 1231 reliquias
2529 1182 2687 1232 quas·

1603 1234 1725 1284 dam
1748 1236 1901 1284 molis
1925 1235 2192 1300 lapideae,
2230 1251 2369 1299 quae
2391 1252 2500 1286 non
2524 1235 2686 1301 longe

1602 1305 1671 1354 ab
1726 1304 1858 1353 urbe
1904 1306 2149 1370 Fayoum
2208 1306 2265 1354 in
2323 1320 2389 1353 88
2442 1305 2685 1370 planitie,

1601 1388 1761 1437 qnam
1791 1373 1917 1423 olim
1943 1374 2101 1424 huius
2125 1373 2278 1423 lacus
2303 1375 2461 1439 aquis
2486 1379 2685 1425 tectam

1601 1442 1770 1493 fuisse
1807 1443 1951 1506 vult,
1990 1443 2059 1493 ad
2097 1444 2274 1493 vicum
2310 1443 2538 1494 Biahmu
2575 1460 2685 1494 cer-

1600 1517 1803 1562 nuntur
1838 1514 2002 1573 sitae3
2052 1514 2165 1563 vid.
2209 1514 2466 1577 Lepsius:
2504 1514 2687 1565 Briefe

1599 1587 1705 1633 etc.
1743 1598 1797 1646 p.
1846 1581 1943 1644 82,
1998 1584 2237 1634 Bunsen.
2289 1581 2327 1631 l.
2373 1581 2411 1633 l.
2460 1599 2514 1647 p.
2562 1583 2684 1634 352.

1600 1651 1734 1701 Cum
1767 1667 1897 1701 vero
1932 1652 2035 1701 hae
2070 1652 2330 1717 reliquiae
2354 1652 2516 1702 aliam
2538 1668 2687 1717 pror—

1600 1736 1693 1771 sus
1731 1724 2090 1784 structuram,
2143 1736 2300 1786 qnam
2340 1736 2479 1785 quae
2524 1737 2687 1787 pyra-

1600 1790 1799 1839 midum
1840 1795 1938 1851 est,
1977 1791 2273 1855 praebeant
2307 1806 2483 1855 neque
2516 1792 2680 1840 etiam

1597 1861 1654 1909 in
1692 1859 1869 1908 medio
1915 1859 2039 1909 lacu
2092 1850 2174 1922 (ἐν
2221 1857 2360 1923 με’σῃ
2408 1857 2479 1924 τῇ
2514 1858 2684 1924 λίμνῃ

1597 1921 1890 1992 μάλιστα),
1941 1929 2034 1978 8811
2073 1933 2227 1978 extra
2261 1928 2437 1977 lacum
2474 1928 2530 1977 in
2567 1929 2683 1978 eius

1601 2014 1697 2047 ora
1727 1998 2059 2047 constitutae
2084 1998 2303 2058 fuerint,
2341 1997 2565 2062 negavit
2583 1999 2684 2048 Le-

1600 2067 1750 2132 psius
1791 2066 2140 2132 (Chronolog.
2181 2068 2234 2116 d.
2273 2067 2507 2131 Aegypt.
2546 2068 2592 2117 Ι.
2627 2082 2679 2131 11.

1600 2137 1755 2201 26⁶2),
1792 2134 1915 2184 illas
1950 2136 2019 2185 811
2057 2135 2396 2201 pyramidum
2429 2151 2563 2201 011118
2603 2152 2683 2185 re-

1600 2206 1730 2255 ferri
1778 2220 1965 2270 posse,
2016 2221 2151 2270 quas
2199 2207 2346 2271 ipsas
2390 2221 2608 2269 prorsus
2653 2222 2683 2255 e

1600 2275 1713 2324 solo
1750 2291 1894 2324 nunc
1931 2275 2234 2338 quindecim
2266 2273 2491 2338 pedibus
2521 2280 2683 2325 aucto

1597 2345 1885 2394 evanuisse
1927 2344 2002 2393 nil
2052 2345 2241 2394 mirum
2298 2345 2473 2394 videri
2521 2360 2683 2408 posse

1597 2414 1751 2462 addit
1774 2415 1859 2476 iis,
1882 2415 1972 2479 qui
1994 2419 2077 2463 tot
2095 2414 2205 2463 alia
2221 2418 2568 2464 monumenta
2588 2430 2683 2478 per

1594 2485 1898 2546 Aegyptum
1924 2498 2143 2548 prorsus
2166 2483 2384 2533 sublata
2403 2483 2573 2532 fuisse
2596 2500 2681 2533 co-

1595 2553 1899 2616 gnoverint.
1939 2552 2192 2602 Colossos
2210 2551 2456 2616 lapideos
2483 2554 2682 2602 utrius-

1596 2637 1700 2686 que
1734 2621 2030 2685 pyramidis
2068 2622 2208 2670 idem
2254 2621 2339 2669 vir
2377 2621 2572 2670 doctus
2611 2621 2679 2670 ad

1594 2706 1777 2755 regem
1824 2694 1877 2738 et
1922 2690 2191 2754 reginam,
2239 2691 2581 2739 Amenemem
2634 2690 2679 2751 I,

1595 2760 1881 2823 dynastiae
1920 2764 2230 2819 auctorem,
2269 2758 2455 2808 refert.

1663 2822 1727 2876 αἴ
1755 2819 1809 2876 δ’
1834 2817 2037 2876 ἑκατὸν
2067 2819 2292 2891 ὀργυιαὶ
2322 2823 2549 2875 δίκαιαί
2569 2821 2678 2876 εἱσι

1596 2889 1829 2946 στάδιον
1864 2887 2248 2961 ἑξάπλεθρον]
2281 2897 2680 2960 Interpretatur

1593 2967 1897 3032 Schweigh.
1939 2967 2023 3032 (in
2046 2967 2233 3016 Lexic.
2260 2966 2526 3031 Herod.):
2563 2982 2681 3016 een-

1593 3046 1691 3088 tum
1725 3040 1888 3087 iustae
1924 3040 2134 3102 orgyias·
2177 3044 2291 3086 sunt
2324 3037 2542 3087 stadium
2581 3052 2681 3086 sea:

1590 3109 1781 3172 iugeri-s·
1825 3115 2064 3158 constans
2075 3125 2096 3164 ;
2148 3122 2193 3155 s.
2230 3114 2421 3156 centum
2472 3109 2682 3171 orqyiae

1593 3185 1815 3241 aequant
1868 3174 2084 3240 (exacte
2135 3173 2406 3237 efficiunt)
2464 3176 2680 3226 stadium

1591 3262 1691 3296 sea:
1736 3251 1913 3311 iugera
1958 3249 2233 3295 continens,
2306 3245 2484 3308 Atque
2532 3243 2679 3293 haud

1592 3315 1705 3365 scio
1742 3331 1813 3364 an
1849 3315 1954 3363 1180
1990 3318 2199 3378 spectet
2224 3313 2562 3374 grammatici
2587 3326 2678 3360 ve-

1591 3384 1724 3433 teris
1775 3384 1987 3444 glossa,
2049 3397 2156 3447 qua
2201 3379 2429 3428 δίκαιον
2473 3377 2679 3443 μέτρον

1592 3452 1733 3516 apud
1768 3451 2104 3501 Herodotum
2140 3451 2212 3498 sit
2244 3448 2384 3496 idem
2414 3452 2578 3512 atque
2611 3439 2674 3496 τὸ

1591 3518 1738 3569 ἴσον.
1794 3519 1951 3569 Conf.
1978 3517 2213 3568 Bekker.
2242 3517 2483 3567 Anecdd.
2509 3517 2602 3567 Gr.
2628 3517 2674 3566 1.

1590 3605 1715 3653 pag.
1736 3587 1821 3636 90.
1865 3586 2147 3637 Iomardus
2189 3587 2409 3650 (Descr.
2433 3585 2500 3635 de
2532 3585 2673 3649 l'Eg.

1587 3660 1717 3708 Ant.
1756 3656 1809 3717 1,
1856 3657 1888 3708 3
1934 3656 2057 3705 livr.
2106 3671 2233 3720 pag.
2266 3655 2370 3706 670
2418 3652 2564 3717 not.)
2611 3654 2677 3705 de

1588 3743 1693 3777 888
1722 3727 1873 3775 vocis
1910 3721 2134 3782 δίκαιος
2171 3725 2225 3774 111
2263 3725 2418 3774 111808
2450 3725 2533 3774 ita
2566 3728 2676 3773 sta-

1589 3797 1722 3846 tuit:
1783 3810 1889 3856 „en
1934 3796 2151 3858 Egypte
2198 3793 2237 3843 il
2285 3794 2468 3858 parcit
2515 3797 2678 3858 qu'on

1589 3863 1829 3931 appeloit
1861 3865 2007 3926 juste
2058 3863 2111 3913 le
2148 3862 2333 3924 stade,
2380 3864 2473 3928 qui
2504 3860 2677 3913 16881-

1589 3937 1696 3986 toit
1741 3933 1805 3984 de
1849 3931 1905 3983 la
1950 3947 2162 3983 mesure
2211 3932 2283 3982 du
2330 3930 2496 3997 degrd
2540 3932 2674 3981 dans

1590 4021 1653 4055 ce
1697 4003 1906 4068 pays.“
1996 4003 2270 4053 Letronne
2330 4000 2676 4066 (Fragments

1590 4075 1830 4124 d'Heron
1879 4077 1984 4122 etc.
2038 4087 2165 4136 pag.
2216 4071 2315 4122 194
2355 4070 2530 4136 seqq.)
2590 4066 2676 4118 δι-

1585 4141 1753 4200 καίας
1769 4134 2001 4206 ὀργυιὰς
2026 4140 2133 4191 dici
2157 4142 2275 4191 vult
2299 4142 2504 4206 legales,
2536 4154 2675 4205 qnae

1586 4215 1642 4262 in
1679 4227 1831 4277 seqq.
1864 4210 2223 4276 explicentur,
2272 4225 2444 4275 eoque
2476 4209 2676 4258 discer-

1586 4287 1785 4333 nantur
1834 4282 1902 4330 ab
1952 4279 2059 4330 alio
2110 4281 2420 4345 orgyiarum
2477 4293 2676 4343 genere

1586 4366 1758 4420 eoque
1793 4350 2064 4410 breviore;
2104 4364 2279 4414 neque
2308 4350 2449 4398 enim
2484 4346 2574 4396 hic
2606 4346 2673 4398 de
