3109 5092
1147 284 1645 345 EUTERPE.
1693 284 1776 342 II.
1829 292 1949 345 158.

2568 283 2679 343 791

422 464 680 547 πρῶτος
720 462 802 545 τῇ
847 460 913 537 ἐς
950 454 1075 546 τὴν
1107 454 1446 547 Ἐρυθρὴν
1472 457 1828 526 θάλασσαν
1857 459 2196 547 φερούσῃ,
2250 454 2374 546 τὴν
2404 468 2692 547 Δαρεῖος
2758 459 2773 473 ”

417 660 683 720 diderant,
723 662 862 710 teste
893 659 1189 709 Aristotele
1216 658 1498 710 Meteorol.

417 731 484 792 1,,
520 730 581 779 14
627 726 752 778 coll.
788 729 1055 778 Strabone
1084 729 1128 778 Ι.
1161 744 1216 793 p.
1251 728 1319 778 38
1358 745 1402 779 s.
1432 729 1499 780 65

414 815 528 863 seq.
580 802 634 847 et
676 798 852 848 XVII.
909 815 964 861 p.
1017 797 1120 849 804
1166 814 1213 849 ει.
1261 798 1397 849 1156
1435 798 1497 848 C.

413 870 594 932 Atque
656 867 799 917 hanc
859 868 1186 918 sententiam
1254 868 1500 933 sequitur

414 937 740 987 Wilkinson.
792 935 1068 998 (Manners
1109 941 1216 988 etc.
1253 938 1298 987 1.
1339 954 1390 1002 p.
1431 937 1499 986 70

414 1023 567 1071 seqq.
606 1006 730 1057 coll.
781 1005 929 1070 161),
969 1007 1089 1071 qui,
1131 1021 1250 1055 cum
1285 1006 1498 1057 canalis

413 1076 649 1141 vestigia
681 1075 860 1125 adhuc
882 1076 1031 1126 cerni
1066 1076 1295 1140 possint,
1331 1077 1388 1126 in
1415 1076 1499 1125 his

413 1147 546 1209 ipsis
585 1161 643 1195 se
669 1146 944 1195 invenisse
982 1146 1062 1195 ait
1097 1151 1500 1195 monumentum

412 1215 737 1265 Sesostridis
769 1213 915 1264 illius
953 1213 1251 1279 (Ramessis
1286 1214 1370 1280 11)
1407 1230 1500 1266 no-

412 1286 556 1334 mine
591 1284 934 1349 insignitum:
971 1283 1116 1333 unde
1141 1284 1210 1333 ab
1238 1283 1342 1334 boc
1374 1300 1499 1349 rege

412 1370 514 1418 ope
559 1355 897 1419 captivorum
945 1369 1011 1403 ex
1057 1351 1181 1402 aliis
1232 1355 1390 1403 terris
1443 1355 1498 1402 in

409 1426 714 1488 Aegyptum
752 1423 1104 1472 deductorum
1154 1422 1364 1472 canalis
1398 1422 1497 1473 hu·

412 1495 495 1542 ius
520 1507 655 1556 opus
680 1493 986 1542 consectum
1008 1507 1128 1542 esse
1155 1496 1331 1556 putat,
1353 1493 1498 1556 quod

410 1567 620 1628 postea,
660 1577 780 1611 cum
802 1576 970 1611 arena
1004 1562 1280 1612 obtectum
1316 1567 1371 1610 et
1408 1561 1498 1611 n'e·

410 1632 644 1698 glectum
678 1630 805 1680 inde
840 1630 1096 1693 iacuerit,
1149 1632 1217 1681 ab
1254 1630 1378 1681 aliis
1416 1646 1497 1681 re-

409 1702 567 1767 gibus
606 1701 771 1750 fuerit
806 1700 1191 1751 instauratum.
1267 1701 1340 1751 At
1379 1701 1496 1750 inre

409 1770 723 1836 obloquitur
765 1770 1038 1819 Letronne
1083 1768 1122 1821 l.
1174 1770 1212 1822 l.
1257 1769 1498 1820 Herodo-

411 1846 532 1890 teae
567 1839 871 1889 narrationi
902 1839 983 1888 ita
1017 1839 1397 1903 patrocinum,
1434 1844 1496 1889 ut

405 1911 580 1974 ipsam
616 1908 743 1958 talis
792 1907 999 1958 canalis
1049 1907 1370 1973 perficiundi
1403 1924 1491 1958 co-

406 1980 729 2042 gitationem
775 1992 841 2026 ne
889 1977 944 2026 in
991 1983 1222 2028 mentem
1275 1977 1489 2043 quidem

405 2048 591 2098 venire
651 2046 895 2110 potuisse
939 2047 1226 2114 Aegyptiis
1295 2048 1490 2097 doceat

406 2123 535 2167 ante
559 2115 1021 2178 Psammitichum,
1057 2119 1149 2181 qui
1173 2118 1374 2182 primus
1399 2133 1490 2181 pe-

403 2188 648 2251 regrinos
688 2186 744 2235 in
778 2185 1084 2249 Aegyptum
1130 2187 1337 2251 recepit
1380 2203 1488 2237 om-

403 2272 631 2321 nemque
667 2254 816 2303 dedit
850 2270 1089 2319 operam,
1136 2259 1198 2305 ut
1233 2271 1487 2306 commer-

403 2326 487 2375 cio
521 2341 641 2376 cum
668 2324 866 2375 exteris
892 2325 1145 2388 gentibus
1169 2331 1332 2375 aucto
1364 2326 1489 2390 ipsa

400 2396 684 2459 Aegyptus
717 2393 954 2443 maxima
990 2395 1272 2445 commoda
1319 2395 1489 2458 perci-

401 2473 554 2528 peret
610 2464 944 2528 maximeque
997 2464 1264 2520 floreret„
1318 2465 1488 2514 Recte

401 2534 570 2598 igitur
615 2532 928 2583 Herodotus
978 2549 1010 2582 a
1059 2534 1279 2584 Necone
1327 2549 1488 2583 cana-

400 2602 507 2653 lem
543 2617 791 2652 exorsum
821 2601 992 2652 fuisse
1022 2603 1238 2663 scribit3
1276 2605 1369 2667 qui
1392 2619 1485 2653 rex

402 2688 522 2722 cum
559 2671 764 2721 oraculi
802 2672 1012 2721 monitu
1048 2674 1116 2721 ab
1142 2675 1360 2736 incepto
1399 2672 1486 2722 de-

399 2741 664 2803 stitisset,
715 2739 959 2790 canalem
1011 2756 1044 2790 a
1079 2742 1247 2792 Dario
1283 2743 1488 2806 Hysta-

402 2811 514 2875 spis
570 2825 690 2859 esse
740 2810 1061 2873 perfectum.
1146 2811 1254 2861 Sed
1307 2811 1484 2875 ipsum

399 2880 626 2930 Darium
672 2894 885 2945 quoque
936 2879 1003 2928 de
1051 2879 1268 2943 incepto
1321 2880 1485 2930 desti-

399 2951 535 3000 tisse
571 2948 667 2999 alii
701 2948 958 3010 tradunt,
995 2948 1367 3000 Ptolemaeum
1404 2965 1485 3000 se-

398 3019 630 3070 cundum
667 3019 837 3068 fuisse
868 3022 1184 3082 narrantes,
1225 3019 1316 3083 qui
1347 3035 1483 3083 opus

398 3089 467 3138 ad
519 3088 679 3138 finem
731 3088 1062 3154 perduxerit.
1146 3088 1306 3140 Conf.
1352 3089 1484 3138 Dio-

397 3158 514 3210 dor.
540 3159 587 3220 1,
624 3158 720 3218 333
765 3158 963 3209 Strabo
989 3159 1169 3209 XVII.
1205 3175 1259 3223 p.
1294 3159 1395 3209 804
1434 3173 1480 3208 ει.

399 3228 533 3278 1156
555 3228 616 3277 C.
656 3227 863 3278 Plinius
899 3228 971 3278 H.
1009 3229 1077 3277 N.
1113 3228 1213 3289 VI,
1250 3225 1337 3278 29.
1375 3228 1481 3278 Ro·

397 3295 575 3347 sellini
604 3296 640 3345 l.
672 3297 708 3345 1.
733 3313 786 3361 p.
822 3297 939 3346 102.
1002 3296 1265 3361 Equidem
1296 3302 1481 3346 tamen

394 3366 487 3414 vix
515 3365 644 3414 mihi
679 3365 1006 3430 persuadere
1027 3381 1274 3430 possum,
1309 3366 1480 3415 Hero·

396 3435 611 3494 dotum,
648 3435 738 3497 qui
768 3449 875 3483 non
908 3435 989 3482 ita
1019 3433 1186 3484 multo
1225 3439 1350 3498 post
1370 3435 1479 3484 Da-

395 3505 532 3552 rium
564 3503 871 3568 Aegyptum
906 3503 1064 3564 visit,
1112 3518 1231 3554 eum
1275 3503 1332 3551 in
1369 3519 1480 3551 mo-

394 3573 520 3622 dum
553 3571 764 3636 lapsum
798 3571 995 3633 fnisse,
1046 3576 1108 3621 ut
1140 3575 1353 3621 tantum
1390 3587 1480 3621 ca-

392 3641 534 3691 nalis
571 3656 705 3707 opus
742 3640 1041 3706 perfectum
1076 3640 1296 3701 diceret,
1335 3640 1478 3705 quod

393 3711 552 3761 modo
623 3712 900 3776 inceptum
971 3710 1186 3760 fuisset.
1287 3709 1477 3774 Neque

393 3782 608 3830 omnino
641 3797 674 3830 a
709 3781 862 3830 Darii
898 3779 1117 3845 ingenio
1154 3778 1265 3829 tale
1302 3780 1478 3828 consi·

390 3850 523 3899 lium
570 3852 711 3900 tanti
761 3849 967 3900 canalis
1013 3848 1334 3914 perficiundi
1382 3849 1476 3898 ab·

389 3919 599 3979 horret;
648 3935 681 3968 a
728 3935 834 3984 quo
876 3918 1156 3983 Scylacem
1204 3919 1367 3968 etiam
1405 3918 1474 3967 ad

391 3988 761 4053 expeditiones
811 3989 1112 4039 maritimas
1161 4004 1258 4053 per
1299 3989 1474 4052 regio·

389 4074 487 4108 nes
532 4057 693 4123 plane
726 4058 1037 4123 incognitas
1083 4058 1305 4108 missum
1354 4073 1475 4107 esse

390 4127 717 4192 accepimus.
819 4127 1007 4191 Ipsum
1069 4132 1475 4179 monumentum

389 4197 668 4246 Persicum
717 4197 1045 4262 imaginibus
1095 4203 1150 4248 et
1195 4196 1473 4247 literarum

390 4266 824 4328 characteribus,
868 4266 1055 4331 quales
1094 4267 1149 4315 in
1176 4267 1479 4331 Persepoli-

391 4335 536 4387 tanis
576 4337 933 4386 monumentis
983 4337 1348 4406 reperiuntur,
1396 4351 1477 4386 or-

1605 662 1793 709 natum
1828 659 1883 708 in
1931 659 2016 709 his
2053 660 2363 725 regionibus
2410 675 2577 724 prope
2614 659 2691 710 la-

1605 744 1701 778 cus
1723 743 1956 790 amaros,
1980 729 2073 794 qui
2094 729 2363 790 dicuntur,
2380 729 2526 779 docti
2548 729 2692 780 Galli

1602 798 1927 848 invenerunt
1959 803 2213 864 recteque
2234 800 2478 850 referunt
2509 799 2579 848 ad
2603 813 2691 848 ca-

1604 867 1746 916 nalis
1800 883 1934 932 opus
1991 883 2025 917 a
2070 869 2239 918 Dario
2282 870 2454 919 Persa
2505 883 2687 918 susce-

1604 941 1775 1000 ptum.
1847 937 1971 989 Vid.
2020 938 2252 989 Roziere
2296 938 2571 1002 Descript.
2623 937 2689 988 de

1601 1005 1746 1070 l‘Bg.
1771 1008 1899 1056 Ant.
1926 1008 1972 1058 I.
2001 1023 2127 1072 pag.
2152 1009 2249 1058 142
2286 1005 2408 1057 coll.
2431 1023 2558 1072 pag.
2590 1007 2687 1058 134

1603 1091 1716 1141 seq.
1770 1081 1825 1126 et
1871 1078 1951 1127 Le
1996 1076 2134 1126 Pete
2178 1078 2215 1128 l.
2263 1077 2300 1126 l.
2350 1092 2402 1140 p.
2453 1077 2523 1127 66
2569 1091 2683 1141 seq.

1601 1145 1792 1195 Potuit
1826 1147 2017 1211 utique
2048 1146 2165 1195 fieri
2200 1146 2444 1210 adeoque
2481 1145 2685 1195 factum

1602 1230 1723 1265 esse
1759 1214 2038 1279 probabile
2073 1215 2162 1277 fit,
2201 1220 2262 1265 ut
2296 1220 2423 1280 post
2457 1215 2685 1266 Darium

1599 1288 1901 1350 temporum
1959 1285 2189 1335 decursu
2250 1284 2456 1335 canalis
2506 1283 2686 1347 negle-

1601 1359 1721 1403 ctus
1784 1368 1953 1403 arena
2010 1353 2242 1418 adgesta
2301 1347 2681 1417 obtegeretur3

1601 1423 1745 1488 quod
1795 1423 2165 1473 Ptolemaeum
2219 1423 2516 1473 secundum
2573 1439 2684 1472 mo-

1599 1493 1696 1554 vit,
1729 1495 1790 1543 ut
1812 1489 2121 1550 commercii
2148 1493 2341 1543 melius
2363 1492 2684 1542 instituendi

1599 1577 1766 1612 causa
1826 1561 2068 1630 canalem
2133 1564 2470 1622 restitueret;
2540 1562 2683 1612 unde

1600 1631 1780 1696 operis
1828 1638 2100 1681 auctorem
2148 1637 2204 1681 et
2236 1631 2568 1682 conditorem
2604 1631 2684 1680 di-

1600 1705 1746 1750 ctum
1786 1701 1954 1750 fuisse
1994 1699 2251 1751 credibile
2302 1704 2404 1750 est.
2477 1701 2558 1750 Ac
2594 1699 2681 1749 vel

1596 1775 1725 1835 post
1758 1769 2167 1834 Philadelphum
2199 1769 2427 1820 similem
2462 1784 2680 1835 operam

1598 1838 1777 1889 canali
1815 1840 2009 1889 obruto
2046 1854 2280 1890 navasse
2313 1838 2514 1889 dicitnr
2548 1840 2680 1888 Tra-

1594 1909 1753 1958 ianus
1797 1908 1884 1958 vel
1932 1908 2272 1970 Hadrianus,
2325 1907 2469 1958 unde
2523 1911 2681 1958 amnis

1605 1979 1858 2029 Traianus
1894 1977 2070 2028 dictus
2096 1983 2180 2028 est
2205 1977 2299 2043 (cf.
2325 1977 2523 2027 Clarke
2546 1978 2679 2028 Tra-

1594 2047 1712 2097 vels
1758 2047 1842 2108 11,
1892 2048 1941 2097 2.
1983 2063 2035 2112 p.
2075 2047 2195 2112 96),
2245 2050 2305 2097 ut
2343 2051 2471 2096 ante
2506 2048 2677 2097 Ptole-

1593 2133 1791 2176 maeus,
1849 2120 2015 2181 atque
2051 2117 2447 2167 Antoninorum
2493 2121 2677 2166 aetate

1594 2202 1753 2252 quam
1781 2186 2012 2235 maxime
2039 2186 2095 2234 iu
2126 2201 2226 2236 usu
2263 2187 2434 2236 fuisse
2460 2185 2676 2235 videtur

1594 2256 1905 2322 quingentis
1942 2255 2054 2305 fere
2077 2260 2201 2320 post
2229 2255 2404 2317 annis,
2443 2271 2563 2306 cum
2588 2255 2676 2305 de-

1588 2340 1696 2375 nuo
1723 2326 2035 2375 obstructus
2063 2330 2207 2375 esset
2228 2325 2455 2388 canalis,
2488 2325 2674 2375 Omari

1587 2396 1739 2444 iussn
1775 2395 1844 2444 ab
1895 2393 2040 2444 illius
2081 2394 2219 2445 duce
2251 2396 2416 2445 Amro
2452 2395 2675 2444 restitu-

1590 2469 1678 2514 tus
1721 2468 1805 2514 est
1847 2479 1988 2514 anno
2035 2463 2139 2514 640
2175 2480 2229 2529 p.
2267 2464 2395 2514 Chr.
2432 2479 2514 2526 n.,
2565 2480 2672 2529 quo

1586 2534 1837 2583 nimirum
1887 2533 2170 2583 frumentis
2222 2533 2277 2582 in
2322 2534 2563 2582 Meccam
2620 2537 2674 2583 et

1585 2602 1847 2668 reliquam
1885 2602 2141 2651 Arabiam
2187 2617 2253 2651 ex
2288 2602 2539 2667 Aegypto
2583 2601 2671 2651 de-

1588 2671 1848 2722 ducendis
1897 2671 2202 2720 inserviret.
2283 2671 2332 2721 A
2389 2685 2494 2734 quo
2544 2671 2671 2721 inde

1586 2745 1831 2805 tempore
1880 2755 2052 2805 usque
2099 2738 2166 2788 ad
2214 2754 2414 2789 annum
2462 2738 2562 2789 767
2613 2756 2667 2804 p.

1590 2810 1714 2861 Chr.
1748 2825 1802 2860 n.
1835 2813 1983 2860 certe
2020 2809 2121 2859 hoc
2146 2808 2327 2858 canali
2354 2808 2669 2869 utebantur,

1590 2885 1652 2930 ut
1684 2880 2010 2929 monstravit
2039 2879 2314 2929 Letronne
2362 2878 2431 2927 ad
2465 2877 2667 2928 Dicuil.

1588 2966 1639 3014 p.
1678 2950 1741 2999 14
1770 2965 1922 3014 seqq.
1996 2948 2103 2999 Sed
2137 2953 2330 3014 postea
2362 2947 2556 2998 iterum
2592 2947 2670 2997 di-

1586 3024 1766 3081 rutus,
1830 3018 1901 3068 ad
1954 3023 2143 3069 nostra
2196 3033 2369 3083 usque
2421 3022 2668 3081 tempora

1585 3089 1729 3139 iacet
1772 3088 2073 3154 neglectus,
2143 3087 2261 3138 Nec
2305 3093 2486 3137 tamen
2532 3085 2667 3138 illud

1584 3159 1944 3224 praetermitti
1991 3158 2181 3220 debet,
2233 3172 2353 3208 eum
2402 3156 2665 3218 canalem,

1583 3244 1740 3293 quem
1778 3233 1835 3277 et
1870 3228 2139 3278 Traianus
2179 3231 2235 3276 et
2270 3226 2503 3275 Omarus
2539 3225 2665 3275 duci

1582 3298 1884 3358 iusserunt,
1920 3296 2165 3346 nonnihil
2194 3296 2467 3344 diversum
2493 3295 2666 3343 fuisse

1582 3368 1650 3416 ab
1687 3382 1778 3428 eo,
1823 3381 1983 3430 quem
2018 3369 2160 3414 teste
2193 3364 2475 3413 Herodoto
2511 3361 2666 3412 duxit

1579 3436 1797 3486 Darius.
1873 3433 2039 3483 Plura
2070 3432 2296 3482 Rennel.
2332 3431 2371 3481 l.
2409 3430 2448 3482 l.
2475 3447 2528 3496 p.
2560 3431 2663 3482 584

1580 3520 1732 3568 seqq.
1769 3506 1824 3551 et
1861 3502 2116 3552 Larcher.
2154 3501 2226 3550 ad
2262 3500 2528 3551 Herodot.
2566 3501 2662 3562 lv,

1579 3575 1667 3623 42.
1709 3577 1840 3622 tom.
1876 3570 1984 3621 111.
2021 3586 2077 3635 p.
2115 3569 2219 3619 449
2250 3568 2375 3620 coll.
2414 3568 2583 3619 Beck.
2622 3569 2659 3620 l.

1578 3641 1616 3691 l.
1663 3642 1708 3691 Ι.
1759 3656 1888 3706 pag.
1923 3641 2043 3690 727.
2121 3639 2429 3688 Recentiori
2482 3643 2663 3689 aetate

1576 3708 1872 3774 Mustapha
1895 3709 2001 3771 III,
2027 3708 2325 3758 Turcarum
2350 3709 2661 3772 imperator,

1578 3780 1671 3845 qui
1705 3779 1840 3830 obiit
1864 3779 1994 3829 1774
2021 3794 2074 3842 p.
2108 3777 2231 3827 Cbr.
2257 3795 2342 3839 n.,
2379 3778 2444 3828 de
2480 3777 2661 3828 canali

1576 3846 1911 3900 restituendo
1936 3849 2212 3912 cogitasse
2236 3847 2423 3910 fertur,
2444 3848 2658 3897 eadem-

1576 3934 1681 3984 que
1705 3916 1935 3968 consilia
1956 3918 2121 3968 etiam
2156 3918 2438 3981 postmodo
2465 3917 2535 3967 ad
2566 3933 2658 3967 no·

1578 3992 1694 4038 stra
1715 4002 1886 4051 usque
1911 3991 2157 4052 tempora
2186 4002 2304 4037 esse
2335 3988 2547 4053 agitata
2571 4002 2659 4036 sa-

1576 4058 1649 4107 tis
1697 4061 1932 4107 constat.
2005 4056 2193 4121 Neque
2235 4073 2364 4107 vero
2408 4057 2547 4107 bene
2595 4055 2658 4104 il-

1576 4126 1685 4177 lum
1735 4126 1954 4176 restitui
2000 4141 2160 4191 posse
2204 4142 2324 4176 cum
2369 4126 2658 4176 contende-

1579 4200 1700 4247 rent
1734 4195 1793 4257 ii,
1831 4197 1924 4261 qui
1951 4197 2258 4246 accuratius
2283 4211 2492 4247 omnem
2517 4196 2657 4244 hanc

1579 4266 1854 4331 regionem
1896 4265 2294 4330 perlustrarunt
2340 4279 2406 4314 ac
2443 4263 2661 4327 singula

1581 4333 1827 4402 qua'eque
1891 4333 2098 4385 canalis
2156 4334 2356 4384 veteris
2424 4333 2661 4402 vestigia
