3109 5092
4 4705 11 4768 -μι

475 426 597 488 mo
1016 399 1023 407 ’
1341 411 1886 476 HERODOTI

475 596 821 685 ἀπήλαυνε
852 588 1054 671 αὐτὸς
1081 593 1148 670 ἐς
1169 586 1578 678 Ἀγβάτανα,
1625 582 1918 675 Κροῖσόν
1959 610 2031 652 τε
2064 578 2198 670 ἅμα
2226 576 2585 667 ἀγόμενος,
2629 580 2744 647 καὶ

474 697 631 778 τοὺς
649 696 887 776 Ἴωνας
915 697 991 764 ἐν
1019 691 1253 763 οὐδενὶ
1280 691 1457 785 λόγῳ
1485 688 1929 779 ποιησάμενος
1969 683 2094 774 τὴν
2121 682 2395 772 πρώτην
2436 680 2632 750 εἶναι.
2700 678 2746 769 ἦ

475 829 546 872 τε
585 798 715 890 γὰρ
742 797 1078 887 Βαβυλών
1103 801 1175 867 οἱ
1195 788 1282 885 ἦν
1320 794 1672 884 ἐμπόδιος,
1717 793 1827 862 καὶ
1870 788 1946 858 τὸ
1974 788 2309 876 Βάκτριον
2352 792 2587 870 ἔθνος,
2632 786 2746 853 καὶ

544 995 641 1050 καὶ
674 991 812 1056 τοὺς
831 987 1035 1055 Ἰωνας
1076 986 1138 1047 ἐν
1174 986 1371 1046 οὐδενὶ
1408 986 1555 1059 λόγῳ

475 1061 863 1134 ποιησάμενος
925 1059 1031 1131 τὴν
1086 1059 1323 1130 πρώτην
1378 1056 1555 1128 εἶναι]

474 1139 766 1204 Negotium
805 1137 979 1186 fecere
1014 1135 1150 1186 haee
1189 1135 1360 1185 verba
1395 1135 1560 1183 inter-

473 1209 747 1274 pretibus,
792 1206 972 1256 locum
1009 1204 1327 1256 mendosum
1376 1204 1561 1253 existi·

474 1277 777 1339 mantibuS,
810 1277 1069 1340 varieque
1105 1274 1231 1324 inde
1264 1273 1414 1323 illum
1443 1277 1562 1322 ten-

474 1347 738 1397 tantibus.
813 1344 905 1394 Sic
936 1343 1331 1395 Valckenarius
1363 1358 1560 1407 propo-

474 1416 583 1466 nit:
645 1408 741 1463 καὶ
807 1404 918 1462 ἐπὶ
978 1403 1180 1469 Ἴωνας
1241 1403 1302 1461 ἐν
1363 1402 1561 1461 οὐδενὶ

473 1476 621 1550 λόγῳ
656 1474 1041 1546 ποιησάμενος
1074 1474 1182 1545 τὴν
1203 1472 1439 1545 πρώτην
1477 1474 1561 1530 ἰέ-

477 1568 591 1602 ναι
627 1551 716 1602 vel
752 1542 973 1614 εἶναι,
1027 1566 1348 1616 comparans
1396 1549 1563 1614 gemi-

475 1637 605 1672 num
640 1621 819 1673 locum
857 1621 966 1684 ΠΙ,
1006 1620 1125 1671 134.
1197 1619 1314 1671 Nec
1347 1620 1563 1670 Wesse-

473 1691 644 1756 lingio
703 1690 838 1740 haec
891 1690 1176 1756 displicuit
1231 1689 1561 1750 coniectura,

475 1777 595 1810 cum
632 1760 781 1825 prius
806 1760 973 1810 verba
1008 1759 1088 1809 sic
1114 1758 1416 1809 ordinanda
1442 1773 1563 1807 cen-

474 1830 702 1880 suisset:
742 1823 837 1877 καὶ
873 1821 1009 1886 τοὺς
1029 1818 1232 1885 Ἴωνας
1266 1819 1373 1892 τὴν
1406 1817 1560 1890 προό-

472 1915 578 1964 την
614 1889 674 1948 ἐν
707 1888 833 1947 οὗδ.
869 1896 915 1948 ³..
958 1889 1345 1962 ποιησάμενος
1390 1888 1558 1958 εἶναι,

472 1977 521 2019 ει
556 1968 726 2019 Ionum
761 1965 945 2017 nullam
988 1968 1128 2019 initio
1179 1968 1423 2017 rationem
1466 1965 1560 2014 Ιια-

472 2038 683 2090 bendam
716 2053 830 2087 esse
864 2044 1026 2087 ratus.
1101 2035 1210 2086 Sed
1253 2040 1402 2087 recte
1447 2050 1561 2084 mo-

472 2111 567 2156 net
608 2105 933 2169 Schweigh.,
983 2106 1039 2154 in
1084 2104 1360 2170 frequenti
1413 2121 1446 2154 a
1485 2103 1559 2153 ud

470 2175 734 2225 Nostrum
786 2188 891 2223 usu
944 2172 1201 2223 dictionis
1249 2165 1309 2221 ἐν
1359 2164 1428 2221 οὖ
1472 2167 1558 2222 ev),

473 2235 619 2310 λόγῳ
666 2239 967 2291 ποιεῖσθαι
1027 2245 1081 2290 et
1124 2241 1252 2292 huic
1302 2241 1559 2290 similium

473 2327 741 2377 nusquam
789 2310 924 2360 alibi
965 2310 1191 2360 verbum
1230 2301 1380 2358 εἶναι
1416 2309 1562 2359 adie-

474 2386 621 2431 ctum
646 2380 901 2440 inveniri;
932 2379 1077 2444 quod
1100 2380 1148 2428 si
1174 2377 1433 2430 adverbio
1452 2369 1560 2442 τὴν

472 2442 707 2514 πρώτην
743 2450 987 2499 iunctum
1022 2449 1300 2499 abundare
1337 2448 1558 2509 dixeris,

472 2536 582 2570 nou
627 2517 773 2569 certe
805 2519 1121 2569 Herodoteo
1158 2519 1283 2569 usui
1327 2518 1444 2569 hoc
1467 2517 1561 2567 ad-

469 2589 796 2651 versabitur,
835 2587 1101 2653 simulque
1127 2588 1278 2638 locus
1302 2588 1438 2652 ipse,
1466 2587 1561 2651 qui

470 2660 676 2726 pariter
702 2659 771 2708 ab
796 2657 1043 2708 omnibus
1068 2657 1223 2708 libris
1245 2672 1409 2707 manu
1429 2656 1561 2707 scri-

470 2730 580 2795 ptis
617 2728 922 2791 exhibetur,
961 2726 1247 2777 incolumis
1283 2731 1428 2777 stare
1467 2741 1561 2790 po-

471 2799 616 2849 terit.
691 2798 870 2861 Atque
932 2797 1124 2847 afferre
1174 2796 1305 2846 licet
1356 2793 1559 2846 similes

471 2866 735 2931 quasdam
774 2865 1078 2916 locutiones
1124 2857 1189 2914 τὸ
1235 2862 1345 2914 νῦν
1390 2858 1556 2928 εἶναι,

472 2929 534 2983 τὸ
568 2927 814 2998 τήμερον
839 2926 1005 2992 εἶναι,
1042 2926 1106 2982 τὸ
1145 2926 1377 2997 σύμπαν
1405 2926 1556 2983 εἶναι

474 3002 700 3086 (Herod.
750 3002 876 3064 VII,
925 3001 1056 3068 143)
1100 3004 1385 3068 ipsumque
1422 3001 1559 3052 illud

474 3062 620 3122 εκών
663 3064 837 3130 εἶναι,
880 3068 991 3119 alia
1039 3070 1095 3119 id
1140 3087 1341 3136 genus3
1388 3076 1559 3123 recte-

474 3155 579 3206 que
629 3139 754 3189 inde
791 3138 990 3188 Matth.
1045 3139 1140 3191 Gr.
1191 3140 1285 3191 Gr.
1336 3144 1384 3204 ς.
1431 3143 1551 3192 545.

477 3209 628 3272 1071,
666 3223 825 3274 quem
864 3207 1110 3272 sequitur
1143 3208 1389 3274 Lhardy,
1435 3211 1556 3260 red-

481 3279 689 3329 didisse
717 3278 934 3327 videtur
976 3277 1145 3326 verba
1180 3271 1286 3341 τὴν
1319 3271 1555 3344 πρώτην

471 3341 647 3398 εἷναιε
695 3351 991 3411 meniqstens
1032 3349 1094 3396 im
1136 3346 1367 3412 Ansany.
1439 3349 1556 3399 Nec

472 3418 632 3469 aliter
661 3417 775 3467 fere
800 3416 1022 3481 Negris,
1055 3417 1147 3480 qui
1171 3416 1406 3481 explicat
1426 3409 1556 3466 τοῦ-

470 3480 735 3553 λάχισὲον
754 3480 897 3535 κατὰ
921 3480 1168 3547 πρῶτον.
1234 3487 1411 3547 Quare
1446 3503 1555 3537 non

472 3557 660 3622 probe,
688 3557 834 3621 quod
854 3555 1112 3606 Kuehner
1133 3554 1226 3605 Gr.
1246 3555 1340 3606 Gr.
1357 3559 1406 3617 §-
1432 3557 1554 3618 652,

472 3630 522 3678 2.
562 3626 666 3677 hac
699 3625 913 3676 ratione
953 3625 1184 3687 reiecta,
1229 3624 1556 3675 infinitivum

471 3689 619 3746 εἶναι
644 3700 919 3761 tamquam
945 3695 1322 3761 praedicatum
1347 3694 1415 3743 ad
1434 3685 1555 3742 Ἴω-

472 3780 574 3821 νας
608 3765 798 3816 referri
819 3765 965 3829 vult,
1005 3769 1171 3830 atque
1206 3756 1353 3813 εἶναι
1390 3764 1558 3814 abun-

472 3835 666 3884 danter
700 3834 791 3885 hic
828 3835 958 3898 poni
996 3834 1174 3896 addit,
1214 3832 1558 3899 quemadmo-
1595 3845 1600 3848 ·

473 3903 599 3952 dum
634 3909 762 3968 post
809 3894 1108 3967 ὀνομάζειν
1162 3901 1259 3966 (11,
1307 3904 1396 3953 44.
1456 3902 1552 3964 IV,

470 3969 583 4032 33).

538 4030 581 4102 ἥ
608 4053 665 4088 τε
707 4031 811 4104 γὰρ
846 4030 1116 4105 Βαβυλών
1166 4033 1225 4086 οῑ
1263 4024 1337 4103 ἦν
1383 4028 1553 4102 ἐμπό-

471 4106 596 4165 διος
637 4123 688 4157 κ.
750 4123 797 4156 τ.
847 4106 919 4172 L]
968 4106 1117 4155 Nihil
1161 4107 1229 4158 de
1275 4108 1359 4157 his
1408 4108 1552 4174 apud

471 4177 710 4228 Ctesiam
755 4175 841 4225 vel
886 4176 1068 4241 potius
1112 4177 1169 4225 in
1217 4177 1331 4227 eius
1369 4193 1553 4228 excer-

469 4248 581 4313 ptis
614 4245 852 4297 Persicis
881 4245 1110 4316 relatum
1146 4245 1393 4312 legimus.
1447 4248 1552 4313 Cy-

470 4333 561 4367 rus
601 4316 743 4366 enim
787 4319 1078 4381 antequam
1114 4314 1315 4368 Croeso
1350 4316 1552 4367 bellum

468 4387 721 4448 inferret,
760 4389 951 4435 contra
982 4385 1212 4437 Bactros
1258 4391 1421 4452 atque
1457 4387 1554 4436 Sa-

469 4472 563 4508 cas
598 4455 864 4507 militasse
899 4455 1097 4506 dicitur
1130 4456 1277 4521 apud
1312 4457 1552 4508 Ctesiam

1658 992 1694 1043 l.
1733 992 1772 1043 l.
1807 995 1858 1056 §.
1898 993 1948 1042 2.
1982 988 2035 1041 3.
2074 992 2239 1052 Post,
2288 986 2491 1037 Croeso
2530 987 2745 1038 devicto

1660 1062 1944 1127 Lydisque
1989 1061 2248 1121 subacta,
2295 1056 2557 1107 Derbices
2603 1055 2745 1106 bello

1660 1132 1848 1196 petiit,
1911 1146 2036 1180 mox
2085 1129 2218 1178 fatis
2273 1141 2524 1177 cessurus
2582 1124 2662 1191 (ξ.
2711 1125 2746 1176 6

1661 1217 1815 1266 seqq.
1863 1198 2041 1263 ibid.).
2114 1199 2294 1262 Atque
2340 1198 2461 1262 ipse
2504 1196 2748 1247 Herodo-

1661 1275 1778 1333 tus,
1818 1269 1962 1335 quod
2001 1268 2068 1319 ad
2108 1268 2327 1317 Ctesiae
2363 1267 2669 1330 fragmenta
2691 1281 2747 1330 p.

1661 1340 1730 1391 93
1768 1356 1883 1405 seq.
1920 1338 2132 1400 monui,
2179 1338 2236 1386 in
2278 1336 2593 1386 narratione
2628 1351 2748 1400 pro-

1664 1425 1913 1475 gressus,
1951 1424 2051 1458 nec
2089 1406 2154 1458 de
2190 1407 2408 1456 Bactris
2437 1421 2539 1456 nec
2574 1406 2641 1455 de
2669 1420 2749 1455 re-

1663 1480 1825 1544 liquis
1869 1478 2125 1544 gentibus
2165 1475 2462 1542 quidquam
2502 1474 2746 1539 protulit,

1661 1548 1749 1598 vel
1796 1547 1960 1613 plane
2009 1545 2209 1597 oblitus
2255 1545 2342 1595 vel
2393 1545 2622 1594 aliarum
2667 1560 2748 1594 re-

1664 1633 1810 1681 rum,
1852 1632 1993 1682 quae
2012 1617 2343 1668 Graecorum
2372 1614 2607 1665 forsitan
2635 1614 2748 1664 ani-

1665 1703 1781 1737 mos
1813 1687 1987 1752 magis
2024 1685 2396 1745 adverterent,
2434 1683 2747 1733 narratione

1664 1757 1943 1821 abreptus.
2016 1756 2132 1806 Nec
2157 1753 2304 1804 aliud
2329 1752 2624 1818 quidquam
2645 1753 2751 1801 Xe-

1664 1826 1883 1890 nophon
1933 1823 2266 1891 (Cyropaed.
2328 1823 2375 1885 Ι,
2422 1822 2468 1882 l,
2521 1821 2596 1887 4),
2643 1821 2749 1871 nisi

1663 1895 1809 1961 quod
1830 1896 1886 1945 in
1919 1894 2171 1958 gentibus
2198 1893 2341 1958 Cyro
2368 1892 2628 1942 subiectis
2646 1892 2749 1941 Ba-

1664 1970 1811 2015 ctros
1845 1969 1900 2015 et
1933 1965 2103 2014 Sacas
2139 1963 2405 2012 nominat.
2476 1962 2561 2011 De
2580 1959 2746 2023 Sacis,

1662 2050 1798 2099 quos
1845 2032 2078 2098 Scythas
2129 2048 2248 2083 esse
2289 2036 2573 2096 putamus,
2621 2046 2748 2095 gen·

1661 2109 1770 2152 tem
1816 2102 2138 2165 nomadum,
2188 2116 2330 2167 quae
2371 2102 2622 2165 regiones
2660 2115 2749 2150 su·

1661 2188 1761 2237 pra
1790 2172 2072 2222 Persidem
2105 2187 2174 2221 ae
2210 2170 2446 2220 Mediam
2493 2170 2747 2231 tenuerit,

1661 2241 1774 2291 vid.
1805 2246 1944 2291 nott.
1972 2241 2043 2291 ad
2076 2240 2296 2304 Ctesiae
2334 2239 2586 2302 fragmm.
2617 2255 2744 2305 pag.

1662 2311 1731 2361 95
1774 2325 1929 2374 seqq.
1976 2314 2032 2359 et
2079 2309 2227 2359 infra
2270 2308 2342 2358 ad
2389 2309 2596 2360 Herod.
2642 2309 2747 2370 ΙΙΙ,

1660 2378 1750 2429 93.
1787 2380 1916 2438 vn,
1943 2378 2030 2429 64.
2103 2380 2190 2429 De
2221 2377 2490 2443 Aegyptiis
2526 2379 2606 2428 ita
2640 2382 2750 2427 sta-

1661 2450 1770 2498 tuit
1806 2448 1923 2513 Ley
1958 2447 2122 2510 (Fata
2163 2447 2397 2512 Aegypt.
2435 2451 2541 2498 etc.
2579 2463 2633 2511 p.
2672 2443 2748 2509 7),

1662 2522 1723 2567 ut
1757 2518 1981 2567 Amasin
2019 2533 2229 2582 regem,
2268 2517 2361 2580 qui
2394 2532 2514 2566 oum
2548 2516 2749 2566 Croeso

1659 2588 1878 2637 iunctus
1915 2586 2129 2637 foedere
2169 2585 2396 2650 (Herod.
2434 2586 2481 2648 Ι,
2512 2586 2600 2646 77)
2622 2590 2749 2648 post

1661 2657 1863 2707 Sardes
1921 2661 2261 2721 expugnatas
2318 2651 2445 2719 Cj'rri
2488 2654 2749 2704 ultionem

1662 2726 1921 2786 timuerit,
1945 2727 2234 2776 Persarum
2251 2726 2615 2775 incursionem
2625 2740 2748 2789 pru-

1661 2796 1852 2846 denter
1877 2795 2147 2845 avertisse
2169 2799 2420 2860 putemus
2441 2794 2599 2844 donis
2624 2794 2750 2844 mis-

1660 2865 1737 2915 sis
1771 2866 1887 2915 sive
1921 2866 2127 2915 tributo
2159 2863 2364 2915 oblato·
2435 2864 2594 2926 Quod
2618 2879 2747 2914 vero

1660 2934 1896 2998 Babylon
1944 2934 2086 2998 Cyro
2138 2933 2521 2998 impedimento
2580 2934 2748 2984 fuisse

1661 3019 1708 3054 s.
1758 3003 2042 3053 obstitisse
2088 3002 2143 3057 h.
2197 3002 2234 3053 l.
2275 3003 2474 3052 dicitur
2512 2990 2611 3067 (ἦν
2656 2992 2744 3066 ἔμ-

1660 3063 1885 3134 πόδιος,
1922 3078 1984 3122 ut
2019 3074 2096 3133 ΙΙ,
2129 3073 2248 3124 158.
2287 3072 2355 3135 V,
2374 3071 2485 3136 90),
2525 3073 2634 3122 iam
2660 3087 2746 3122 su-

1661 3156 1758 3207 pra
1808 3142 1865 3203 1,
1918 3143 1984 3191 77
2047 3142 2381 3207 Babylonios
2441 3141 2745 3192 invenimus

1661 3211 1882 3261 foedere
1918 3227 2041 3261 cum
2077 3211 2278 3262 Croeso
2314 3211 2530 3261 iunctos
2575 3226 2746 3276 aeque

1660 3285 1827 3346 atque
1862 3279 2188 3345 Aegyptios,
2224 3279 2459 3345 indeque
2488 3295 2746 3345 provoca-

1660 3355 1748 3399 tos
1787 3365 1821 3399 a
1857 3349 2086 3409 Croeso,
2124 3353 2187 3399 ut
2221 3350 2398 3414 ipsum
2442 3365 2564 3399 cum
2602 3350 2745 3414 Cyro

1659 3418 1954 3469 bellantem
2002 3419 2350 3469 adiuvarent:
2413 3420 2559 3483 quod
2618 3434 2746 3470 num

1635 3546 1646 3557 ο
1663 3488 1908 3550 fecerint,
1937 3488 2198 3539 traditum
2212 3487 2360 3537 haud
2380 3489 2618 3552 reperim
2652 3488 2746 3538 ho-

1664 3557 1778 3606 stili
1814 3564 1962 3609 certe
1997 3558 2177 3608 animo
2215 3558 2272 3607 in
2300 3556 2500 3621 Cyrum
2526 3558 2746 3607 Persas-

1663 3642 1768 3691 que
1806 3626 2004 3691 fuisse,
2043 3627 2131 3677 hic
2153 3628 2270 3691 ipse
2301 3625 2456 3678 locus
2489 3628 2626 3676 satis
2658 3627 2745 3676 de·

1661 3696 1852 3747 clarat.
1933 3696 2013 3746 Ae
2037 3696 2329 3747 'Iustinum
2377 3696 2424 3744 si
2471 3697 2746 3760 sequimur

1659 3765 1705 3828 Ι,
1745 3766 1794 3826 7,
1833 3780 1862 3814 e
1897 3766 2117 3816 Ctesiae
2150 3765 2303 3816 libris
2339 3764 2486 3815 haud
2519 3766 2634 3814 scio
2671 3781 2743 3814 an

1658 3834 1979 3897 profectum,
2012 3835 2204 3899 Cyrus,
2239 3834 2553 3898 compositis
2580 3838 2745 3883 antea

1657 3903 1715 3952 in
1743 3903 2047 3968 Babylonia
2071 3905 2250 3966 rebus,
2280 3902 2448 3967 Lydis
2469 3907 2521 3952 ct
2539 3903 2740 3953 Croeso

1656 3970 1859 4021 bellum
1882 3973 2086 4034 intulit,
2122 3974 2214 4037 qui
2231 3970 2552 4037 Babyloniis
2587 3987 2743 4037 opem

1658 4040 1885 4103 tulerat,
1923 4043 2019 4093 sed
2046 4044 2227 4092 victus
2253 4042 2310 4091 in
2335 4057 2561 4107 regnum
2587 4057 2742 4092 suum

1653 4115 1981 4170 recesserat;
2040 4111 2255 4162 accedit
2313 4126 2527 4178 quoque
2584 4112 2743 4161 Luci·

1655 4195 1792 4230 anus
1837 4173 1906 4230 in'
1945 4178 2250 4247 Contempl.
2300 4185 2354 4244 §-
2393 4180 2446 4244 9,
2495 4197 2599 4246 quo
2649 4197 2742 4230 au·

1655 4253 1810 4300 ctore
1847 4251 2022 4315 Cyrus
2054 4255 2180 4315 post
2211 4249 2547 4316 Babylonem
2583 4251 2742 4301 suba-

1654 4324 1800 4370 ctam
1837 4324 2028 4370 contra
2074 4319 2259 4385 Lydos
2296 4320 2576 4384 profectus
2622 4335 2743 4371 esse

1654 4389 1896 4439 videtur:
1945 4389 2003 4439 in
2052 4406 2157 4455 quo
2198 4390 2503 4439 Lucianum
2548 4390 2618 4440 ad
2664 4389 2742 4438 hi-

1655 4460 1860 4509 storiae
1896 4473 2081 4510 veram
2119 4459 2313 4510 seriem
2351 4459 2532 4510 animo
2569 4458 2741 4510 fuisse
