3109 5092
988 346 1119 407 AD
1163 343 1674 407 HERODOT.
1720 343 1803 418 II,
1852 351 1969 406 159.
2488 336 2610 403 889

339 538 499 595 quam
531 522 721 575 urbem
751 518 1072 592 (Megiddo)
1111 517 1463 571 indicaturus
1495 517 1818 572 Herodotus
1847 517 1994 571 haud
2034 518 2149 571 scio
2181 535 2252 570 an
2294 520 2615 577 confudisse

341 606 660 662 censendus
684 606 762 659 sit
789 622 910 658 cum
937 603 1112 657 altera
1141 603 1234 655 illa
1263 604 1400 656 urbe
1429 604 1679 674 (Migdol
1701 621 1750 657 s.
1774 603 2093 675 Mag-dolo),
2125 619 2268 673 quae
2291 603 2349 656 in
2372 603 2615 677 Aegypti

339 692 594 747 confiniis
639 693 748 744 sita
791 690 902 760 ipsi
941 689 1137 743 melius
1181 705 1317 741 sane
1356 688 1709 757 innotuerat,
1763 706 1910 742 oram
1947 688 2263 741 maritimam
2304 685 2432 763 cum*v
2472 693 2614 746 bene

338 776 760 848 perlustrasset,
799 774 869 829 ad
896 774 1196 828 interiores
1225 778 1406 826 autem
1426 764 1776 826 Palaestinae
1804 777 2018 827 tractus
2049 773 2265 827 minime
2286 782 2617 844 penetrasse

339 862 623 929 videatur,
672 878 776 914 neo
812 859 1030 914 omnino
1063 858 1225 913 ullam
1261 859 1657 911 accuratiorem
1698 858 1863 911 huius
1909 865 2093 914 terrae
2127 859 2495 928 cognitionem
2525 880 2615 915 ac-

337 946 660 1020 quisivisse.
720 946 812 999 Tu
842 946 988 998 conf.
1020 944 1284 1000 Larcber.
1315 947 1444 996 tom.
1472 942 1599 996 VII.
1631 949 1937 1017 p.114seq.
1970 942 2124 997 VIII.
2148 963 2204 1014 p.
2219 948 2321 1004 311
2347 963 2488 1019 seq.,
2520 947 2616 1018 qui

334 1032 478 1085 idem
509 1031 852 1085 Herodotum
880 1034 1170 1101 utramque
1203 1029 1389 1082 urbem
1418 1028 1742 1081 confudisse
1774 1030 1990 1083 statuit.
2050 1029 2252 1101 Neque
2278 1029 2441 1084 aliter
2470 1032 2616 1085 iudi-

340 1134 501 1170 casse
537 1115 697 1169 video
731 1113 1015 1168 Wbeeler=
1060 1113 1401 1183 Geography
1433 1114 1496 1165 of
1517 1112 1789 1166 Herodot.
1820 1133 1876 1184 p.
1902 1117 2025 1174 249.
2055 1119 2178 1175 250.
2211 1118 2337 1183 378,
2375 1114 2616 1170 Roselli-

340 1202 488 1255 nium
516 1200 671 1254 Mon.
697 1199 888 1254 storic.
906 1200 982 1251 11.
1011 1219 1068 1269 p.
1086 1204 1206 1267 133,
1233 1197 1700 1267 Hengstenberg=
1731 1198 1835 1250 Die
1852 1199 2071 1253 Biicber
2093 1199 2273 1252 Mosis
2302 1206 2613 1274 p.58seqq.

336 1288 628 1358 ipsumque
660 1283 975 1337 Wilkinson
1007 1283 1306 1356 (Manners
1339 1288 1446 1336 etc.
1478 1284 1526 1335 I.
1558 1302 1613 1353 p.
1650 1287 1750 1343 162
1763 1282 1933 1355 seq.),
1965 1283 2062 1356 qui
2091 1284 2159 1337 de
2189 1284 2327 1338 urbe
2352 1284 2616 1355 Megiddo

339 1371 425 1424 bic
463 1370 814 1439 cogitandum
857 1387 984 1421 esse
1014 1368 1276 1422 declarat.
1337 1369 1422 1421 Ab
1463 1372 1701 1440 utraque
1731 1368 2039 1436 sententia,
2082 1374 2189 1421 tam
2219 1371 2291 1422 ab
2325 1389 2418 1439 ea,
2474 1389 2617 1443 quae

338 1458 407 1513 ad
435 1453 751 1523 Magdolum
791 1458 995 1526 (prope
1023 1452 1365 1524 Pelusium),
1410 1470 1573 1524 quam
1603 1454 1672 1507 ab
1714 1471 1808 1521 ea,
1851 1470 1993 1525 quae
2023 1453 2092 1506 ad
2135 1455 2324 1507 urbem
2352 1456 2615 1525 Megiddo

337 1558 573 1613 pugnam
592 1579 607 1607 ,
664 1556 825 1610 quam
857 1542 1118 1591 memorat
1144 1538 1465 1592 Herodotus
1484 1577 1499 1605 ,
1542 1538 1878 1592 commissam
1920 1556 2047 1591 esse
2077 1538 2229 1605 vult,
2268 1540 2346 1595 ita
2379 1543 2618 1595 discedit

335 1627 402 1679 C.
447 1625 640 1678 Cless=
690 1624 775 1677 De
806 1623 1043 1677 coloniis
1079 1623 1367 1676 Iudaeorr.
1398 1623 1454 1674 in
1486 1623 1725 1692 Aepypt.
1759 1623 2109 1691 (stuttgardt
2134 1625 2299 1691 1832)
2328 1644 2382 1694 p.
2413 1630 2444 1684 7
2474 1644 2615 1698 seq„

335 1718 399 1764 ut
440 1727 662 1781 pugnae
703 1708 881 1762 locum
924 1709 1107 1762 fuisse
1146 1713 1357 1773 statuat
1395 1706 1465 1758 ad
1515 1706 1773 1776 oppidum
1816 1707 2069 1777 Migdal,
2114 1708 2261 1776 quod
2302 1709 2372 1760 ad
2415 1710 2617 1763 tribum

337 1796 460 1848 Gad
494 1795 834 1865 pertinuerit
862 1798 1033 1864 atque
1060 1793 1131 1845 ab
1162 1792 1336 1844 Azoto
1369 1790 1506 1843 urbe
1533 1790 1904 1843 Psammiticbi
1935 1791 2100 1843 armis
2131 1801 2446 1860 expugnata
2475 1795 2617 1864 (He-

335 1880 515 1932 rodot.
542 1879 616 1945 11,
644 1880 775 1945 157)
807 1879 1009 1948 viaque
1035 1876 1092 1928 in
1123 1876 1338 1944 Syriam
1367 1877 1586 1928 ferente
1615 1893 1788 1946 prope
1817 1875 2075 1928 abfuerit.
2136 1875 2268 1929 Chr.
2300 1879 2374 1930 H.
2410 1877 2618 1932 Kalkar

333 1964 693 2035 (Lamentatt.
725 1962 912 2014 Havn.
941 1965 1097 2021 1836.
1134 1958 1268 2029 p.9)
1303 1958 1542 2028 intelligi
1574 1959 1694 2015 vult
1725 1961 1981 2030 oppidum
2001 1960 2280 2032 Magdt‘cl,
2325 1962 2474 2015 inter
2503 1963 2615 2016 Do-

335 2065 446 2100 ram
487 2052 543 2099 et
569 2044 1028 2116 Eleutheropolin
1075 2044 1243 2097 situm
1284 2045 1429 2097 baud
1469 2045 1663 2114 procul
1707 2044 1776 2096 ab
1823 2046 1960 2098 urbe
1986 2045 2281 2113 Megidd03
2324 2045 2518 2100 Ewald
2547 2048 2615 2101 de

335 2131 456 2185 vico
489 2132 732 2200 Medjdel
763 2130 1041 2184 meridiem
1072 2145 1275 2183 versus
1318 2130 1387 2182 ab
1417 2129 1562 2181 Acca
1595 2129 1703 2181 sito
1736 2129 1974 2198 cogitat,
2021 2131 2330 2201 probatque
2361 2131 2614 2187 Thenius

332 2217 419 2270 int
458 2208 886 2294 Commentt.}ad
912 2215 968 2267 11
999 2214 1181 2283 Regg.
1210 2218 1298 2284 23,
1328 2219 1417 2273 29.
1449 2232 1503 2283 p.
1537 2214 1660 2271 437.

505 2471 716 2540 Gadytia
759 2471 895 2524 urbs
934 2470 1082 2522 infra
1111 2485 1334 2540 quoque
1375 2475 1823 2522 commemoratur
1849 2470 1953 2538 ΙΙΙ,
1987 2477 2020 2530 5
2068 2475 2125 2522 et
2155 2468 2426 2522 Sardibus
2471 2470 2614 2523 haud

336 2556 504 2610 multo
535 2556 767 2608 inferior
795 2554 1170 2625 praedicatur.
1232 2553 1346 2616 Qui
1378 2552 1532 2605 locus
1570 2558 1913 2624 quantopere
1948 2555 2101 2608 viros
2132 2554 2322 2605 doctos
2350 2572 2614 2607 exercue-

335 2642 437 2706 rit,
483 2641 589 2693 dici
626 2640 720 2692 vix
751 2643 959 2709 potest.
1022 2638 1131 2690 Alii
1172 2638 1312 2690 enim
1355 2637 1589 2689 indicari
1630 2639 1902 2706 putabant
1936 2638 2247 2704 Circesium,
2289 2638 2383 2690 alii
2415 2641 2614 2708 Kadcs,

339 2725 594 2793 exiguum
636 2724 693 2777 in
726 2723 976 2776 Galilaea
1021 2723 1309 2793 oppidum,
1357 2721 1453 2775 alii
1485 2723 1629 2775 cath
1660 2725 1831 2792 (quae
1861 2724 1998 2775 urbs
2038 2727 2282 2791 tempore
2311 2724 2613 2793 prophetae

339 2810 502 2862 Amos
547 2810 653 2862 iam
700 2809 925 2861 deserta
963 2807 1146 2860 fuisse
1190 2807 1440 2891 videtur,
1492 2824 1595 2859 nec
1634 2807 1853 2860 omnino
1900 2824 2139 2877 unquam
2174 2823 2371 2874 magna
2406 2809 2515 2861 fnit
2558 2815 2616 2862 et

335 2892 632 2961 celebris),
683 2893 778 2946 alii
812 2895 1049 2957 Gazam,
1092 2869 1510 2944 philistinorum
1553 2892 1741 2942 urbem
1784 2908 1959 2961 prope
1999 2909 2148 2945 mare
2188 2890 2346 2944 sitam
2388 2899 2444 2945 et
2474 2894 2613 2946 satis

337 2977 599 3045 nobilem,
636 2977 729 3031 alii
759 2978 1001 3049 denique
1033 2978 1413 3046 Hierosolyma,
1447 2977 1637 3028 urbem
1668 2992 1803 3027 sane
1832 2976 2110 3029 maximam
2138 2977 2195 3028 in
2228 2974 2337 3029 illis
2369 2977 2611 3046 regioni-

334 3065 463 3131 bns,
503 3080 663 3135 quam
704 3080 838 3132 prae
881 3062 1117 3116 caeteris
1158 3061 1246 3113 hic
1292 3059 1693 3137 commemorari
1726 3077 1827 3128 par
1863 3066 1983 3113 erat
2014 3078 2285 3133 quamque
2326 3062 2394 3114 ab
2428 3062 2610 3131 Aegy-

333 3149 573 3219 ptiorum
610 3165 743 3216 rege
772 3154 983 3218 captam
1014 3146 1193 3200 fuisse
1224 3145 1489 3199 universa
1519 3160 1711 3197 sacrae
1742 3145 2052 3216 scripturae
2090 3146 2335 3199 narratio
2374 3164 2612 3214 arguere

337 3232 585 3303 videtur,
633 3233 761 3285 licet
790 3250 1057 3302 expressa
1088 3231 1244 3284 urbis
1276 3233 1333 3283 et
1362 3232 1627 3283 obsessae
1670 3233 1726 3282 et
1761 3236 1969 3300 captae
1988 3230 2137 3283 nulla
2180 3232 2281 3282 fiat
2309 3231 2512 3283 mentio
2528 3228 2607 3297 ¹⁸¹).

331 3317 534 3387 Neque
580 3316 637 3368 in
687 3316 905 3369 nomine
945 3317 1309 3383 haerendum,
1360 3333 1481 3368 cum
1525 3309 1774 3376 Κάδυτις
1819 3314 1952 3367 nihil
1990 3314 2137 3366 aliud
2182 3330 2310 3368 esse
2353 3313 2611 3365 videatur

333 3405 502 3471 atque
530 3406 850 3468 corruptum
884 3399 1040 3451 urbis
1063 3417 1257 3451 nomen
1290 3396 1509 3482 *ηιξ-ιη)
1539 3402 1599 3467 (a
1620 3396 1832 3478 timp),
1868 3398 1925 3449 id
1956 3402 2070 3449 est:
2102 3399 2229 3449 urbs
2255 3406 2466 3463 sancta,
2498 3414 2607 3468 quo

336 3484 528 3536 eodem
558 3483 775 3536 nomine
807 3484 906 3552 (Et
918 3484 1091 3550 Kods)
1118 3483 1298 3534 adhuc
1327 3482 1397 3533 ab
1428 3471 1705 3532 Arabibus
1736 3482 1924 3532 urbem
1953 3479 2218 3549 appellari
2251 3484 2472 3533 constat
2490 3475 2605 3548 **).

333 3568 531 3639 Itaque
571 3566 644 3620 iis
673 3565 813 3618 viris
843 3567 1022 3619 doctis
1051 3565 1498 3634 adstipulandum
1527 3581 1762 3631 censeo,
1817 3564 1915 3635 qui
1943 3563 2327 3631 Hierosolyma
2369 3570 2608 3635 utroque

330 3652 452 3705 loco
482 3655 510 3719 (
513 3652 588 3720 ΙΙ,
620 3655 722 3715 159
752 3654 808 3704 et
835 3650 940 3719 ΠΙ,
974 3651 1036 3716 5)
1066 3649 1134 3701 ab
1165 3647 1450 3702 Herodoto
1479 3647 1715 3700 indicari
1743 3651 2017 3700 statuunt.
2082 3646 2207 3699 Vid.
2240 3646 2455 3701 Rennel
2506 3648 2543 3701 1.
2567 3649 2606 3701 Ι.

469 3866 523 3933 *)
558 3870 741 3932 Negat
766 3866 963 3932 Hitzig·
991 3867 1050 3916 in
1072 3866 1373 3917 Commeat.
1412 3863 1565 3915 laud.
1592 3880 1645 3928 p.
1674 3863 1733 3916 11
1756 3880 1893 3930 seq„
1932 3864 2315 3929 Hierosolyma
2356 3867 2477 3932 ipsa
2516 3884 2607 3920 ex-

332 3941 579 4003 pugnata
619 3953 739 3987 esse
783 3951 817 3985 a
853 3938 1102 3994 Necone;
1150 3934 1245 3985 sed
1283 3935 1514 3999 opponit
1550 3932 1722 3985 Cless.
1762 3934 1800 3983 l.
1838 3934 1875 3983 l.
1914 3950 1967 3998 p.
2001 3935 2035 3986 8
2072 3950 2266 3985 sacrae
2299 3939 2607 4003 scripturae

332 4008 485 4059 locos
524 4006 603 4070 (11
626 4006 794 4070 Regg.
832 4005 1044 4067 XXIII,
1067 3971 1152 4055 33.
1195 4004 1254 4053 11
1288 4003 1544 4053 chronic.
1584 4002 1671 4065 36,
1706 4002 1740 4054 3
1775 4019 1832 4055 se
1875 4002 1953 4069 q.)
1992 4005 2276 4085 ipsumque
2308 4006 2606 4057 Eusebium

334 4076 392 4125 ἰὴ
432 4075 684 4126 Chronic.
734 4074 928 4137 p.145
964 4073 1347 4124 scribentemz·
1373 4059 1543 4129 οὗτος
1592 4068 1840 4139 (Νεχαώ
1923 4064 2038 4138 εἶχε
2086 4065 2194 4138 τὴν
2219 4063 2605 4139 Ιερουσαλήμ.

331 4145 461 4195 vid.
501 4158 671 4208 supra
708 4146 849 4193 nott.
891 4142 963 4192 ad
999 4145 1077 4203 11,
1123 4142 1219 4193 158
1258 4141 1379 4191 init.

467 4226 556 4291 **)
596 4227 754 4277 Conf.
793 4228 952 4277 modo
974 4227 1200 4278 Tobler.
1226 4225 1632 4308 Topographie
1669 4226 2073 4277 v.Jerusa1.1.
2113 4229 2227 4291 p.2
2264 4231 2319 4277 et
2355 4225 2470 4277 vid.
2492 4227 2598 4276 Ne-

328 4296 470 4348 hem.
503 4298 603 4358 XI,
647 4296 693 4346 l.
729 4296 824 4357 183
879 4295 1005 4346 inde
1052 4291 1134 4353 εἰς
1179 4286 1287 4358 τὴν
1331 4288 1504 4360 ἁγίαν
1550 4290 1659 4344 πόλ
1632 4293 1721 4343 λιν
1769 4295 1913 4345 dixit
1960 4295 2283 4346 Matthaeus
2331 4293 2599 4359 Evangel.

329 4368 428 4428 IV,
468 4365 526 4427 1,
588 4364 972 4429 Hierosolyma
1019 4364 1358 4431 intelligens5
1409 4380 1550 4433 quae
1604 4364 1794 4416 eadem
1841 4365 1971 4416 urbs
2010 4356 2323 4430 Ἱὲρῶπολις
2368 4367 2602 4416 vocatur

333 4434 480 4503 apud
510 4403 727 4486 ’Philom
765 4433 907 4500 Opp.
943 4434 1018 4484 11.
1055 4450 1110 4503 p.
1144 4434 1266 4487 524.
