3109 5092
448 347 574 408 466

1311 343 1847 406 HERODOTI

449 519 850 609 ἀμφοτέρων
876 522 1014 586 τῶν
1042 519 1482 605 ἐπωνυμιέων
1510 521 1814 603 ἔχεσθαι·
1856 515 1938 585 τὰ
1977 516 2102 602 μὲν
2144 515 2273 605 γὰρ
2309 514 2516 604 αὐτῆς
2550 515 2723 584 εἶναι

450 631 566 713 τῆς
592 622 885 712 Λιβύης,
922 618 1002 688 τὰ
1049 620 1123 689 δὲ
1166 626 1280 708 τῆς
1320 618 1559 707 Ἀσίης.
1618 614 1654 687 ὅ
1682 617 1811 707 γὰρ
1853 618 1936 708 δὴ
1970 628 2215 699 Νεῖλος
2245 618 2611 708 ἀρξάμενος
2651 623 2726 687 ἐκ
2812 679 2819 688 .

449 733 588 796 τῶν
615 713 1086 795 Κατάὸούπων
1113 726 1286 812 ῥέει,
1316 727 1527 812 μέσην
1559 731 1912 808 Αἴγυπτον
1939 730 2214 810 σχίζων,
2258 726 2323 802 ἐς
2352 723 2724 792 θάλασσαν.

452 832 642 919 μέχρι
669 832 794 918 μέν
818 855 951 897 νυν
977 827 1433 916 Κερκασώρου
1464 825 1693 904 πόλιος
1727 827 1864 913 ῥέει
1897 822 1993 905 εἷς
2023 824 2155 895 ἐών
2182 821 2219 895 ὁ
2248 835 2527 906 Νεῖλος·
2559 825 2633 895 τὸ
2654 826 2730 895 δὲ

454 993 596 1044 cueil
616 995 972 1044 d'observatt.
997 1009 1088 1043 sur
1110 994 1354 1059 l'Egypt.
1377 993 1535 1057 chap.

365 1064 372 1071 '
452 1065 500 1114 Ι.
536 1069 672 1113 sect.
710 1066 761 1113 2.
799 1079 926 1128 pag.
963 1065 1212 1128 24—54).
1290 1064 1372 1112 Tu
1411 1063 1537 1111 add.

456 1132 855 1198 champollion.
877 1133 1116 1198 l’Egypt.
1132 1149 1260 1183 sous
1281 1131 1360 1182 les
1372 1132 1536 1183 Phar.

456 1203 502 1252 1.
541 1219 665 1267 pag.
713 1203 811 1252 120
856 1217 970 1265 seq.
1018 1208 1072 1251 et
1108 1204 1313 1252 Ritter:
1365 1201 1534 1251 Erdk.

455 1273 501 1323 1.
541 1287 667 1336 pag.
706 1271 824 1320 594.
872 1271 973 1321 687
1022 1286 1136 1336 seq.
1210 1274 1312 1321 Est
1357 1276 1538 1320 autem

458 1340 802 1405 scopulorum
826 1354 890 1389 ac
909 1355 1162 1390 saxorum
1186 1341 1373 1402 series,
1402 1355 1541 1405 quae

459 1421 773 1459 transverso
811 1409 1028 1458 flumine
1049 1411 1369 1474 porrigitur,
1404 1424 1543 1473 pone

460 1493 620 1543 quam
660 1493 805 1541 aqua
838 1483 1050 1528 retenta
1091 1483 1146 1528 et
1175 1478 1406 1529 collecta
1434 1480 1542 1527 iam

459 1548 747 1611 praecipiti
785 1563 945 1596 cursu
983 1546 1255 1597 delabitur
1291 1563 1355 1597 ac
1392 1549 1544 1596 navi-

460 1618 736 1680 gationem
757 1631 1014 1681 perquam
1041 1616 1319 1666 difficilem
1345 1617 1540 1666 reddit.

459 1685 617 1736 Nunc
662 1686 869 1735 Arabes
918 1689 1120 1735 vocant
1166 1687 1373 1736 Chellae.
1457 1686 1540 1735 Ab

456 1754 543 1803 his
598 1754 942 1805 discernendi
999 1759 1127 1804 sunt
1176 1759 1391 1806 maiores
1449 1755 1542 1820 qui

457 1824 623 1889 vulgo
671 1825 926 1874 dicuntur
981 1830 1323 1874 catari-actae
1373 1840 1542 1889 prope

455 1893 662 1954 iocum,
724 1895 817 1957 qui
872 1909 1014 1944 nunc
1070 1899 1301 1944 vocatur
1358 1895 1542 1944 Wadi-

461 1964 656 2026 Hals'a,
703 1963 760 2010 in
807 1962 1099 2026 Aethiopia
1139 1965 1259 2028 ipsa
1304 1968 1472 2027 atque
1509 1978 1542 2011 a

459 2031 637 2096 Syene
683 2030 909 2080 multum
955 2034 1297 2094 remotiores,
1346 2032 1544 2081 veteri-

458 2100 561 2149 bus
597 2101 980 2164 scriptoribus,
1030 2102 1110 2150 uti
1155 2101 1399 2163 videtur,
1449 2101 1544 2150 mi-

460 2184 562 2217 nus
609 2175 864 2218 accurate
912 2171 1146 2234 cogniti3
1195 2171 1337 2220 unde
1382 2170 1542 2219 facile

461 2238 782 2301 suspiceris,
832 2242 1076 2287 veterum
1119 2237 1327 2303 aliquot
1360 2254 1545 2288 narra-

461 2307 639 2355 tiones
678 2306 744 2355 de
778 2307 944 2356 nimia
970 2308 1342 2372 magnitudine
1378 2312 1544 2372 atque

464 2376 649 2425 sonitu
685 2381 1113 2426 catarractarum
1151 2377 1220 2425 ad
1252 2376 1351 2426 hos
1390 2392 1545 2440 supe-

463 2445 632 2494 riores
681 2446 977 2509 pertinere,
1042 2445 1185 2495 male
1228 2445 1545 2506 translatas,

463 2513 544 2562 uti
577 2513 664 2573 fit,
709 2514 780 2563 ad
827 2516 1091 2564 minorem
1137 2514 1287 2564 illum
1333 2514 1546 2579 propio-

464 2597 576 2632 rem
608 2581 841 2649 indeque
864 2585 1038 2649 magis
1076 2585 1370 2648 cognitum.
1422 2583 1546 2633 vid.

463 2651 699 2702 Iomard.
737 2669 865 2717 pag.
903 2655 969 2702 47
1008 2668 1159 2719 seqq.
1200 2657 1268 2704 54
1304 2652 1548 2716 (Recueil

465 2721 598 2786 etc.)
637 2725 692 2770 et
728 2723 819 2785 qui
853 2722 920 2771 de
955 2724 1277 2772 catarractis
1314 2723 1400 2771 his
1436 2738 1544 2772 om-

465 2791 614 2840 nium
666 2792 1077 2841 accuratissime
1140 2792 1417 2856 exposuit,
1480 2792 1546 2841 A.

465 2858 770 2907 Prokesch:
809 2860 924 2908 Das
955 2861 1113 2910 Land
1144 2860 1412 2910 zwisehen
1445 2861 1550 2910 den

466 2927 821 2976 Catarracten
874 2927 969 2976 des
1019 2928 1135 2991 Nil,
1185 2931 1348 2979 Wien
1393 2929 1547 2991 1831,

467 2995 561 3043 ubi
600 2998 939 3059 potissimum
975 2997 1121 3047 conf.
1173 3014 1228 3060 Ρ.
1282 2998 1347 3048 10
1395 3014 1547 3062 seqq.

471 3065 535 3113 15
560 3077 708 3128 seqq.
740 3064 839 3114 165
857 3079 1009 3128 seqq.
1081 3067 1397 3130 Attigerunt
1413 3067 1550 3116 haec

468 3147 682 3197 quoque
708 3132 957 3182 Belzoni:
975 3134 1216 3199 *Voyage
1243 3149 1310 3183 en
1332 3137 1550 3200 Egypte

469 3206 575 3250 etc.
613 3200 661 3252 1.
698 3216 750 3265 p.
791 3202 1095 3268 l4l·seqq.,
1143 3203 1409 3268 Parthey:
1451 3205 1550 3253 das

467 3269 677 3321 Nilthal
711 3286 764 3334 p.
807 3272 903 3321 221
934 3285 1047 3336 seq.
1069 3273 1173 3322 248
1202 3288 1374 3338 seqq„
1411 3274 1553 3323 Hos-

465 3338 592 3395 kins
627 3339 856 3389 Travels
893 3341 949 3389 in
987 3342 1245 3406 Ethiopia
1281 3349 1387 3394 etc.
1417 3358 1547 3407 pag.

468 3407 590 3470 278,
638 3408 733 3473 qui
776 3414 1119 3460 catarractas
1164 3427 1331 3476 prope
1365 3412 1551 3462 Wadi-

469 3477 639 3526 Halfa
674 3478 966 3542 imaginem
1010 3478 1190 3544 lapide
1236 3497 1548 3546 expressam

470 3545 716 3607 exhibet,
783 3547 999 3611 qualem
1067 3549 1230 3598 etiam
1285 3549 1551 3601 dederunt

471 3614 807 3665 Wilkinson:
847 3617 1061 3667 Thebes
1103 3618 1209 3683 and
1246 3620 1451 3684 Egypt.
1492 3637 1546 3685 p.

467 3681 571 3733 499
605 3687 661 3732 et
697 3685 890 3735 Vates:
940 3685 1030 3736 the
1075 3687 1296 3737 modern
1340 3688 1552 3753 history

468 3751 529 3800 of
563 3753 765 3818 Egypt.
812 3754 886 3805 11.
933 3771 986 3819 p.
1032 3756 1136 3805 479
1178 3756 1302 3807 coll.
1353 3772 1407 3821 p.
1445 3759 1550 3807 444

467 3834 620 3885 seqq.

538 3887 900 3950 Elephantine,
967 3891 1151 3943 insula
1202 3892 1554 3942 celeberrima

471 3960 526 4004 et
571 3958 728 4018 urbs,
778 3959 832 4005 in
879 3959 998 4022 ipso
1044 3961 1280 4024 Aegypti
1324 3961 1553 4012 introitu

469 4025 578 4072 sita
612 4025 712 4074 sub
761 4026 895 4089 ipsis
941 4027 1053 4077 fere
1098 4031 1419 4080 catarractis
1468 4030 1553 4093 (ut

469 4092 654 4141 Aelius
690 4092 960 4143 Aristides
1002 4097 1236 4159 scribit),
1282 4115 1384 4149 nec
1419 4099 1552 4148 mul-

469 4164 583 4209 tum
642 4160 768 4209 inde
819 4167 1026 4213 remota
1072 4180 1106 4214 a
1153 4167 1347 4230 Syene.
1446 4168 1552 4230 Qui

469 4228 730 4279 terminus
757 4229 862 4278 fuit
897 4232 1049 4294 regni
1081 4239 1321 4285 veterum
1350 4236 1552 4287 Phara-

470 4313 630 4348 onum
657 4313 722 4348 ac
749 4301 1009 4349 remansit
1043 4306 1252 4365 postea‘
1271 4319 1446 4369 usque
1481 4306 1552 4355 ad

468 4367 700 4419 Romani
719 4366 931 4434 imperii
951 4374 1213 4436 tempora,
1231 4372 1383 4424 euius
1405 4373 1550 4424 clau-

1642 994 1760 1039 stra
1806 989 2152 1054 appellantur
2202 1006 2236 1040 a
2274 992 2468 1042 Tacito
2515 991 2728 1042 Annali.

1639 1059 1718 1109 11.
1757 1058 1845 1110 61.
1918 1062 2021 1110 Est
2058 1061 2209 1110 locus
2237 1062 2469 1126 insignis
2497 1061 2601 1110 soli
2628 1062 2732 1110 fer-

1640 1128 1847 1178 tilitate
1881 1130 2241 1195 arborumque
2278 1131 2435 1193 flore,
2474 1147 2731 1181 commer-

1643 1199 1727 1247 cio
1766 1199 2021 1262 frequens
2057 1215 2168 1249 non
2201 1200 2378 1249 minus
2404 1205 2570 1264 atque
2609 1200 2730 1250 reli-

1644 1269 1805 1332 gione
1829 1270 2174 1333 conspicuus,
2212 1283 2375 1333 quum
2409 1268 2520 1318 illie
2549 1270 2731 1319 Nilum

1644 1343 1976 1386 crescentem
2023 1339 2377 1388 observarent
2419 1354 2485 1389 ac
2522 1338 2732 1388 dimeti-

1645 1410 1849 1456 rentur.
1926 1406 2225 1456 Testautur
2275 1408 2562 1473 grandium
2600 1414 2731 1458 tem—

1644 1475 1881 1540 plorum,
1933 1491 2071 1540 quae
2122 1477 2207 1526 vel
2256 1477 2413 1527 initio
2452 1476 2610 1527 buius
2651 1495 2731 1528 se-

1645 1544 1751 1594 culi
1771 1547 2091 1608 superstites
2116 1551 2290 1610 erant,
2319 1546 2600 1611 reliquiae,
2624 1549 2731 1596 sin-

1643 1612 1821 1678 gulari
1869 1629 2000 1663 cura
2045 1615 2352 1680 descriptae
2390 1631 2423 1664 a
2458 1614 2730 1678 Iomardo‚

1644 1698 1802 1746 quem
1842 1685 2058 1733 omnino
2089 1684 2154 1733 de
2191 1686 2292 1735 hac
2322 1684 2502 1735 insula
2538 1702 2732 1736 consu-

1643 1751 1726 1802 las
1769 1751 1929 1801 velim
1973 1755 2029 1802 in
2065 1754 2287 1804 Recueil
2335 1759 2441 1805 etc.
2494 1769 2622 1820 pag.
2663 1757 2731 1805 55

1645 1837 1795 1886 seqq.
1821 1821 1963 1873 add.⁴
1987 1823 2257 1874 Mannert.
2294 1822 2331 1873 l.
2368 1824 2406 1875 l.
2446 1839 2501 1888 p.
2536 1825 2637 1876 323
2676 1830 2731 1873 et

1642 1891 1843 1941 Ritter.
1875 1891 1911 1941 1.
1934 1890 1972 1941 1.
2004 1908 2055 1956 Ρ.
2080 1893 2184 1944 689
2209 1908 2389 1958 seqq.;
2428 1908 2563 1958 quas
2588 1909 2732 1943 nuuc

1644 1975 1677 2008 a
1709 1959 1955 2010 barbaris
2002 1962 2195 2010 Turcis
2239 1977 2461 2027 prorsus
2509 1963 2623 2013 fere
2655 1964 2733 2011 di-

1644 2033 1797 2077 rutas
1832 2029 2185 2095 sublatasque
2222 2036 2277 2080 et
2312 2032 2382 2081 ad
2420 2031 2530 2082 alia
2565 2048 2729 2097 opera

1645 2104 1960 2148 consumtas
2009 2114 2126 2150 esse
2176 2099 2450 2162 dolemus,
2507 2104 2598 2151 vix
2645 2117 2734 2150 ex-

1647 2172 1805 2230 cepto
1832 2183 1938 2218 uno
1957 2168 2051 2217 illo
2075 2182 2263 2233 opere,
2299 2185 2405 2235 quo
2433 2171 2541 2221 Nili
2561 2186 2734 2236 aquas

1648 2242 1957 2286 crescentes
2032 2238 2475 2291 dimetiebantur.
2575 2241 2733 2291 Conf.

1646 2306 1888 2371 Parthey
1922 2307 2006 2356 De
2046 2307 2218 2358 Philis
2254 2324 2308 2373 Ρ.
2348 2310 2381 2358 2
2417 2315 2471 2359 et
2506 2310 2576 2359 ad
2610 2309 2738 2360 Plu-

1647 2375 1823 2426 tarch.
1876 2377 1943 2425 de
1991 2377 2128 2427 Isid.
2176 2383 2231 2427 et
2277 2377 2479 2429 Osirid.
2518 2382 2732 2444 p.·24‘.‘.

1649 2444 1988 2508 Russegger:
2024 2446 2225 2496 Reisen
2262 2451 2365 2497 etc.
2403 2448 2480 2511 11,
2518 2451 2566 2499 1.
2606 2463 2734 2514 pag.

1651 2514 1772 2563 217.
1844 2515 2054 2564 Nomen
2086 2516 2297 2566 insulae
2328 2532 2473 2567 nunc
2494 2533 2613 2568 esse
2641 2518 2737 2567 Ge·

1650 2591 1797 2646 zyret
1832 2582 2095 2640 Λεεοιιαη,
2130 2586 2275 2648 quod
2304 2586 2581 2651 signifieat
2603 2590 2738 2636 insu-

1652 2654 1749 2700 Iam
1790 2651 2009 2717 Syenes,
2062 2655 2257 2704 scribit
2301 2656 2585 2706 Iomardus
2619 2657 2657 2706 l.
2695 2655 2735 2707 1.

1652 2736 1781 2785 pag.
1819 2722 1917 2782 583
1960 2723 2104 2786 quod
2140 2722 2235 2772 alii
2264 2740 2323 2775 se
2355 2726 2635 2776 audivisse
2660 2725 2739 2773 di-

1650 2790 1851 2839 ctitant
1885 2806 2079 2841 nomen
2119 2792 2340 2858 El-Sc19‚
2380 2810 2438 2845 se
2462 2810 2737 2860 nunquam

1652 2859 1930 2909 audivisse
1954 2859 2212 2912 affirmat.
2240 2863 2341 2912 Est
2353 2865 2738 2914 tamenCham-

1652 2926 1782 2991 poll.
1836 2927 2098 2995 (l'Egypt.
2149 2946 2277 2981 sous
2318 2932 2350 2982 1.
2390 2933 2555 2984 Phar.
2592 2932 2638 2984 Ι.
2678 2948 2732 2997 p.

1657 2997 1798 3061 160),
1829 2997 1921 3061 qui
1950 2999 2053 3048 hoc
2090 3016 2285 3050 nomen
2314 3003 2582 3065 recipiens
2618 3017 2736 3051 ver-

1653 3066 1722 3114 tit
1759 3066 1836 3114 Ile
1880 3068 2089 3130 flemis,
2129 3070 2166 3119 i.
2218 3085 2263 3120 e.
2310 3074 2478 3120 insula
2518 3073 2737 3136 florens:

1652 3137 2164 3199 quamquam·‘hanc
2213 3138 2633 3202 appellationem
2680 3141 2736 3188 in

1652 3203 1886 3253 insulam
1922 3220 1980 3253 re
2014 3207 2377 3257 vei-arcadere
2402 3224 2581 3272 posse,
2616 3210 2739 3272 ipsa

1655 3288 1720 3322 ea
1755 3277 2029 3323 testantur
2045 3311 2058 3336 ,
2095 3286 2236 3339 quae
2259 3276 2504 3341 pluribus
2530 3277 2596 3327 de
2620 3278 2735 3328 eius

1653 3343 1765 3392 situ
1812 3347 1977 3408 atque
2022 3345 2310 3397 fertilitate
2358 3348 2611 3411 exposuit
2652 3347 2744 3396 Io-.

1652 3411 1872 3461 mardus
1910 3412 1946 3461 l.
1984 3411 2019 3462 l.
2045 3428 2097 3476 p.
2128 3415 2193 3464 55
2231 3429 2380 3479 seqq.
2453 3415 2593 3466 Add.
2621 3416 2733 3466 Ios.

1652 3480 1718 3530 de
1755 3482 2012 3530 Hammer
2061 3482 2114 3530 in
2152 3482 2368 3534 Annall.
2406 3484 2734 3538 Viennenss.

1651 3548 1761 3599 vol.
1800 3550 1966 3598 XLV.
2003 3565 2126 3614 pag.
2166 3553 2259 3609 47.
2312 3553 2455 3617 Aug.
2492 3569 2525 3602 a
2555 3554 2737 3603 Schle-

1652 3617 1769 3683 gel:
1810 3619 1931 3671 Iud.
1958 3617 2215 3670 Biblioth.
2248 3622 2305 3684 Ι,
2339 3624 2390 3672 2.
2414 3638 2467 3685 p.
2499 3623 2592 3672 134
2620 3639 2731 3687 seq.

1651 3686 1776 3736 Alia
1834 3687 1984 3737 dabit
2033 3689 2300 3739 Rosellini
2344 3692 2586 3741 Monum.
2646 3692 2734 3740 del

1653 3755 1813 3805 Culto
1852 3757 1897 3805 1.
1948 3773 2000 3821 p.
2054 3758 2153 3808 194
2199 3765 2255 3808 et
2296 3759 2538 3810 Monum.
2587 3759 2736 3812 civil.

1652 3825 1702 3873 1.
1740 3840 1794 3888 Ρ.
1832 3825 1953 3876 210.
1991 3826 2100 3876 111.
2146 3842 2199 3890 p.
2241 3829 2358 3878 178.
2428 3830 2645 3878 Etenim
2681 3831 2739 3880 iu

1653 3895 1797 3943 notis
1845 3893 2264 3960 hieroglyphicis
2321 3902 2551 3948 vocatur
2597 3908 2741 3948 terra

1656 3962 1950 4025 elephantis.
2023 3964 2174 4014 Idem
2200 3965 2379 4029 (Mon.
2418 3971 2552 4018 stor.
2580 3967 2655 4018 11.
2684 3983 2746 4031 Ρ.-

1658 4030 1780 4096 199)
1814 4034 2143 4098 Aegyptium
2177 4035 2390 4085 insulae
2424 4051 2620 4085 nomen
2654 4035 2739 4085 su-

1656 4099 1766 4150 isse
1800 4102 1993 4152 scribit
2026 4103 2156 4153 Eho.

1723 4160 2062 4234 ἀμφοτέρων
2088 4203 2158 4211 --
2184 4165 2439 4237 ἔχεσθαι]
2476 4174 2560 4222 De
2597 4177 2740 4221 stru-

1655 4242 1810 4288 ctura
1851 4240 2003 4289 verbi
2045 4234 2278 4304 ἕχεσθαι
2324 4241 2469 4290 conf.
2516 4241 2734 4311 1‚·1·20.

1722 4372 1883 4440 μέχρι
1927 4373 2032 4440 μέν
2070 4388 2178 4426 νυν
2213 4368 2598 4442 Κερκασώρου
2633 4368 2738 4426 πό-
