3109 5092
1149 373 1312 435 CLI
1328 376 1403 439 Ο.
1448 379 1500 437 Ι.
1544 387 1666 443 124.
1708 391 1835 446 125.
2498 390 2622 454 259

347 542 715 628 τέθνηκας,
759 540 834 613 τὰ
864 544 938 613 δὲ
968 544 1136 615 κατὰ
1162 548 1370 629 θεούς
1394 577 1468 619 τε
1499 554 1614 620 καὶ
1642 550 1754 639 ἐμὲ
1783 563 2053 644 περίεις.
2130 558 2213 628 τά
2239 581 2315 630 σε
2344 565 2456 633 καὶ
2487 564 2614 634 πά-

346 650 456 710 λαι
486 648 701 714 δοκέω
743 646 958 717 πάντα
989 647 1566 739 ἐκμεμαθηκέναι,
1611 659 1723 725 σέο
1749 685 1820 726 τε
1858 656 2069 729 αὐτοῦ
2093 664 2243 750 πέρι
2275 659 2364 744 ὥς
2409 663 2612 755 ἐπρή-

344 755 512 833 χθη,
545 750 658 817 καὶ
685 743 793 818 οἷα
822 746 954 836 ἐγώ
983 748 1116 823 ὑπὸ
1137 749 1530 840 Ἀστυάγεος
1561 761 1892 846 πέπονθα,
1925 758 2025 831 ὅτι
2052 783 2128 831 σε
2155 762 2279 833 οὐκ
2306 764 2611 837 ἀπέκτει-

345 875 462 933 να,
504 846 675 919 ἀλλὰ
718 857 939 922 ἔδωκα
976 860 1072 947 τῷ
1106 857 1432 950 βουκόλῳ.
1504 856 1593 927 σύ
1632 867 1764 931 νῦν
1804 858 1889 951 ἢν
1927 864 2141 954 βούλῃ
2185 864 2329 955 ἐμοὶ
2372 878 2609 939 πείθε-

344 961 542 1034 σθαι,
583 958 838 1042 τῆσπερ
871 953 1235 1046 Ἀστυάγης
1277 957 1463 1048 ἄρχει
1505 961 1758 1050 χώρης,
1800 964 2044 1047 ταύτης
2071 963 2329 1057 ἁπάσης
2370 968 2607 1060 ἄρξεις.

345 1056 609 1141 Πέρσας
638 1055 768 1145 γὰρ
795 1054 1163 1142 ἀναπείσας
1189 1058 1602 1132 ἀπίστασθαι
1620 1116 1639 1148 ,
1673 1070 2116 1156 στρατηλάτεε
2145 1066 2255 1139 ἐπὶ
2283 1073 2572 1162 Μήδους
2592 1096 2607 1111 ·

341 1157 453 1223 καὶ
481 1153 569 1244 ἥν
595 1186 668 1227 τε
704 1157 836 1246 ἐγώ
864 1157 998 1233 ὑπὸ
1019 1161 1412 1251 Ἀστυάγεος
1442 1163 1807 1255 ἆποὸεχθοί
1847 1170 2212 1259 στρατηγὸς
2239 1171 2433 1244 ἀντία
2464 1181 2607 1260 σεῦ,

341 1263 478 1326 ἔστι
509 1287 610 1329 τοι
642 1260 720 1331 τὰ
745 1261 832 1331 σύ
872 1265 1148 1352 βούλεαι
1167 1319 1185 1352 ,
1229 1263 1316 1353 ἤν
1361 1295 1432 1336 τε
1461 1273 1602 1337 τῶν
1627 1297 1727 1350 τις
1755 1277 2055 1362 δοκίμων
2083 1270 2285 1356 ἄλλος
2311 1278 2600 1367 Μήδων.

339 1366 586 1447 πρῶτοι
613 1362 739 1454 γὰρ
769 1354 955 1437 οὗτοι
987 1366 1391 1449 ἀποστάντες
1422 1367 1537 1439 ἀπ’
1577 1368 1873 1461 ἐκείνου,
1917 1378 2029 1443 καὶ
2059 1376 2406 1464 γενόμενοι
2437 1376 2603 1468 πρὸς

337 1464 481 1546 σεό,
525 1461 888 1554 Ἀστυάγεα
941 1475 1320 1558 καταιρέειν
1377 1472 1838 1562 πειρήσονται·
1902 1472 1992 1557 ὦς
2033 1469 2131 1547 οἶν
2169 1482 2439 1571 ἑτοίμου
2480 1487 2605 1551 τοῦ

335 1591 410 1650 γε
441 1563 695 1638 ἐνθάδε
724 1567 980 1657 ἐόντος,
1011 1580 1196 1642 ποίεε
1226 1579 1468 1658 ταῦτα,
1500 1577 1611 1643 καὶ
1639 1585 1824 1647 ποίεε
1852 1579 2018 1648 κατὰ
2042 1581 2257 1668 τάχος.

471 1665 791 1754 Ἀκούσας
848 1681 1058 1744 ταῦτα
1098 1672 1134 1744 ὃ
1172 1682 1400 1765 Κῦρος
1446 1674 1827 1766 ἐφρόντιζε,
1883 1677 2050 1774 ὅτεῳ
2092 1683 2320 1773 τρόπῳ
2365 1682 2741 1770 oomni-125

330 1770 505 1864 τάτφ
530 1776 796 1863 Πέρσας
824 1773 1174 1847 ἀναπείσει
1216 1776 1648 1849 ἀπίστασθαι.
1712 1791 2091 1872 φροντίζων
2118 1784 2194 1853 δὲ
2224 1780 2499 1871 εὕρισκέ
2523 1812 2597 1853 τε

329 1878 538 1944 ταῦτα
564 1878 967 1967 καιριώτατα
999 1880 1173 1951 εἶναι
1199 1883 1311 1950 καὶ
1343 1878 1562 1951 ἐποίεε
1592 1880 1676 1971 δὴ
1715 1889 1952 1953 ταῦτα·
1991 1884 2252 1974 γράψας
2280 1882 2347 1964 ἒς
2374 1892 2593 1972 βιβλί-

330 2003 409 2044 ον
435 1977 517 2047 τά
535 1977 901 2069 -ἐβούλετο,
946 1978 1149 2073 ἁλίην
1173 1988 1311 2053 τῶν
1335 1986 1660 2075 Περσέων
1699 1982 2053 2075 ἐποιήσατο
2070 2008 2085 2023 ·
2132 1985 2297 2073 μετὰ
2327 1986 2401 2055 δὲ
2428 1984 2594 2056 ἀνα-

326 2181 491 2232 scribi
548 2174 878 2247 ἐπορέουσι,
946 2186 1090 2250 quod
1150 2186 1413 2238 dederunt
1513 2175 1588 2245 δὴ
1636 2181 1838 2244 ταῦτα,
1888 2185 1983 2232 ubi
2032 2184 2225 2251 vulgo:
2287 2179 2472 2234 ἐποίεε
2530 2183 2597 2235 δὲ

324 2249 608 2314 Schaefer,
647 2253 886 2304 Dindorf
916 2259 970 2305 et
999 2256 1246 2307 Dieuch.
1508 2247 1662 2301 τάδε.
1718 2251 1802 2301 Ad
1839 2251 2294 2314 significationem
2315 2254 2467 2305 verbi
2502 2246 2593 2304 εὖ·

391 2312 562 2370 κατὰ
595 2315 699 2385 μὲν
733 2313 840 2386 γὰρ
877 2316 984 2387 τὴν
1017 2317 1226 2375 τούτου
1269 2339 1406 2388 προ-
1509 2319 1725 2382 ρίσκειν
1774 2320 1845 2370 cf.
1896 2321 1951 2381 1,
2003 2323 2053 2382 5,
2108 2323 2204 2372 ubi
2246 2324 2593 2388 participium

321 2384 564 2455 θυμίην]
601 2383 744 2440 κατὰ
775 2391 863 2441 hic
898 2392 1074 2443 valet:
1124 2395 1260 2458 quod
1293 2395 1409 2442 atti-
1505 2386 1750 2437 additum
1780 2392 1864 2438 est
1903 2389 2025 2440 loco
2062 2390 2346 2454 infinitivi,
2385 2393 2478 2458 qui
2503 2392 2592 2443 hic

319 2466 404 2508 net
445 2460 542 2518 ad,
591 2462 876 2511 secundum.
960 2461 1086 2512 vid.
1137 2461 1404 2511 Matthiae
1504 2457 1769 2520 sequitur.
1809 2487 1880 2497 —
1916 2458 2073 2520 Quod
2110 2460 2178 2508 ad
2217 2466 2593 2525 argumentum

319 2525 356 2578 l.
391 2527 431 2579 l.
472 2532 522 2592 5.
555 2530 673 2580 581.
713 2545 837 2594 pag.
888 2530 1038 2590 1183,
1074 2530 1156 2580 ita
1191 2533 1402 2578 verten-
1504 2525 1721 2587 attinet,
1757 2526 2045 2591 inquisivit
2065 2529 2301 2581 Heeren.
2338 2529 2394 2577 in
2428 2529 2588 2590 libre,

317 2600 453 2647 teme
512 2602 671 2649 συνίει
713 2600 815 2661 aul·
852 2604 1023 2650 seinen
1070 2599 1257 2649 Willen
1311 2613 1404 2646 an·
1505 2593 1595 2642 cui
1615 2593 1834 2644 titulus:
1858 2593 2024 2644 Ideen
2046 2601 2172 2658 etc„
2195 2597 2240 2657 1,
2269 2599 2313 2646 l.
2339 2611 2463 2661 pag.
2487 2598 2590 2647 400

317 2664 448 2715 Ιεαιω.
500 2696 572 2706 —-
621 2667 759 2716 Mox·
805 2667 1119 2731 scripsimus
1166 2663 1399 2728 περίεις,
1504 2676 1619 2726 seq.
1704 2661 1846 2713 Dolo
1892 2664 2033 2712 enim
2080 2664 2279 2728 Cyrum
2346 2664 2589 2714 effecisse

317 2738 377 2783 ut
410 2749 577 2800 supra
610 2734 665 2796 1,
703 2736 822 2785 1⁶21.
1503 2735 1686 2793 notat,
1750 2735 1812 2780 ut
1870 2733 2120 2796 princeps
2183 2732 2292 2782 dux
2349 2732 2585 2782 omnium

385 2797 692 2866 στρατηγὸς
738 2793 908 2850 ἀντία
959 2797 1080 2865 σεῦ]
1128 2800 1301 2851 Valde
1343 2802 1398 2851 in
1501 2800 1741 2864 gentium
1791 2801 2081 2850 Persarum
2138 2799 2457 2864 eligeretur,
2515 2801 2585 2850 si-

314 2870 397 2920 his
435 2872 653 2922 variant
684 2869 827 2920 libri.
880 2869 1113 2932 Quidam
1143 2870 1398 2920 exhibent
1501 2867 1615 2916 mili
1640 2868 1749 2918 fere
1771 2869 1948 2930 modo,
1975 2885 2081 2933 quo
2105 2869 2336 2933 posthac
2354 2868 2585 2919 Dschin-

318 2930 399 2989 ἄν
415 2937 492 3003 τῆ
506 2953 649 3000 σαι,
687 2938 772 2987 cui
804 2937 1199 3003 Wesselingius
1237 2955 1397 3004 appo·

318 3010 401 3057 nit
412 3008 634 3059 Homeri
650 3006 828 3055 locum
852 3021 915 3055 ex
939 3004 1394 3070 Iliad.XVI‚423‚

310 3077 405 3126 ubi
441 3076 674 3126 occurrit
706 3073 808 3124 hoc
839 3075 1088 3136 verbum,
1137 3075 1394 3128 adiuncto

312 3145 578 3208 genitivo3
638 3158 798 3207 quam
852 3146 1179 3193 structuram
1229 3146 1394 3195 rario-

310 3228 420 3262 rem
468 3228 588 3262 esse
624 3211 903 3261 Eustathii
952 3215 1392 3264 commentatoris

307 3282 476 3330 verba
511 3279 810 3330 declarant.
882 3280 996 3330 Nos
1040 3280 1172 3330 nihil
1220 3287 1392 3332 muta-

310 3365 445 3399 mus.
523 3348 679 3409 Quod
713 3347 1010 3398 Bredovius
1056 3364 1112 3412 p.
1162 3349 1265 3400 323
1306 3367 1391 3401 re-

307 3418 434 3481 poni
451 3417 569 3465 vult
588 3408 926 3479 ἀποδεχθέω
948 3432 1045 3481 pro
1057 3409 1392 3482 ἄποὸεχθῶ,

307 3486 551 3549 equidem
591 3484 838 3534 omnibus
883 3485 1036 3535 libris
1084 3487 1274 3537 invitis
1309 3504 1389 3538 re-

305 3554 484 3618 cipere
519 3553 686 3603 nolui.
758 3555 974 3619 Recipit
1005 3555 1261 3618 Dietsch,
1310 3559 1388 3607 in-

306 3629 562 3672 constans
596 3622 731 3684 sibi,
780 3637 902 3672 eum
938 3623 1024 3686 11,
1066 3623 1098 3675 3
1132 3626 1190 3674 in
1223 3625 1388 3674 simili

304 3706 474 3741 causa
526 3690 808 3754 vulgatam
865 3692 1144 3743 retineret.
1188 3723 1259 3733 —
1320 3695 1384 3744 In

303 3775 454 3824 seqq.
491 3757 758 3823 γίνεσθαι
794 3775 838 3810 s.
876 3753 1024 3809 εἶναι
1056 3753 1201 3824 πρός
1229 3776 1386 3820 τινος

307 3832 394 3878 est
425 3836 567 3879 stare
600 3828 665 3878 ab
702 3830 900 3893 aitqua·
936 3829 1006 3879 cf.
1040 3829 1111 3879 ad
1143 3831 1190 3892 1,
1227 3831 1313 3881 75.

647 3996 779 4050 Cn.
822 3997 1035 4050 CXXV.

368 4085 591 4160 εὕρισκέ
621 4112 680 4148 τε
715 4115 766 4148 κ.
803 4115 854 4149 τ.
890 4098 960 4164 L]
997 4102 1104 4151 Pro
1132 4090 1381 4164 εὑρίσκε-

295 4180 405 4244 ται,
446 4168 591 4231 quod
622 4167 749 4217 olim
775 4169 1058 4230 vulgatum
1083 4175 1218 4231 erat,
1257 4168 1381 4218 dedi

295 4232 522 4296 ευρισκέ
575 4250 633 4285 τε
689 4252 809 4287 cum
870 4236 1380 4302 Schweighaeusero

296 4308 352 4352 et
374 4309 603 4355 recentt.
628 4304 751 4354 edd.
798 4307 945 4369 Quos
969 4306 1184 4356 eosdem
1217 4307 1379 4356 etiam

290 4371 348 4420 in
385 4387 538 4437 seqq.
586 4376 807 4423 secutus
855 4386 1003 4423 sume
1054 4368 1151 4424 καὶ
1198 4363 1382 4423 ἐποίεε

1498 2937 1724 3001 gischan
1757 2937 1897 2987 inter
1931 2938 2244 3003 Mongolos,
2293 2942 2584 3003 antequam

1497 3005 1871 3069 expeditiones
1898 3021 2025 3056 suas
2046 3008 2325 3071 inciperet,
2349 3008 2419 3057 ad
2442 3023 2582 3058 sum-

1495 3090 1640 3124 mum
1677 3075 1956 3139 imperium
2001 3081 2247 3127 evectum
2297 3091 2417 3126 esse
2463 3092 2583 3126 nar-

1494 3149 1635 3194 rant.
1717 3145 1916 3194 Persas
1963 3159 2092 3194 vero
2137 3150 2269 3194 tunc
2319 3146 2578 3209 temporis

1494 3211 1656 3261 valde
1692 3213 1852 3262 rudes
1905 3217 2071 3277 atque
2115 3213 2349 3264 incultos
2387 3214 2576 3276 fuisse,

1496 3295 1564 3330 ex
1596 3281 1717 3344 ipsa
1739 3281 2005 3331 Herodoti
2039 3283 2350 3332 narratione
2385 3282 2452 3331 de
2488 3283 2575 3344 iis,

1495 3363 1635 3412 quae
1673 3348 1846 3412 Cyrus
1884 3351 2180 3415 peregerit,
2229 3350 2365 3399 satis
2413 3365 2578 3414 appa-

1492 3432 1611 3467 rere
1645 3418 1835 3467 merito
1871 3419 2012 3467 idem
2056 3434 2156 3467 nos
2194 3417 2468 3468 admonet.
2506 3447 2577 3456 —

1490 3482 1712 3603 Ξιῗλίον
1748 3487 1976 3603 inbserqq.
2012 3485 2257 3567 intellige
2286 3484 2573 3600 dqnlibellg

1489 3568 1752 3672 mins.
1770 3569 1872 3670 ἒξ
1890 3567 2573 3685 ἱξ..ἶ.ἵξὶῗ.;..ἒ,;;ῑ...’ἒέ,“.-

1487 3692 1661 3740 tinere
1712 3689 2002 3739 simulabat
2049 3690 2253 3754 Cyrus3
2313 3689 2386 3740 cf.
2425 3693 2568 3738 nott.

1489 3759 1645 3834 ad‘l’
1686 3757 1822 3865 1232-
1857 3817 1884 3872 ἕ
1929 3838 1982 3872 οι
2010 3815 2184 3890 ’σατο]
2211 3816 2311 3873 ἁλί
2346 3840 2380 3873 ν
2433 3825 2451 3873 i
2516 3839 2546 3873 e

1485 3825 1784 3957 ἔκιῗῗτξεῖαν
1806 3839 2125 3954 (cchioYoeem)
2142 3928 2156 3953 ,
2179 3897 2240 3943 ut
2259 3840 2566 3958 HZs}cbius

1486 3961 2569 4095 timisti?ffuzi⁰⁰pfl⁶f÷³3⁰23

1481 4099 1633 4217 riq·
1719 4065 2129 4219 303001512’20
2155 4066 2568 4219 '2⁵3⁸t13‘i032‘

1483 4205 1550 4286 et
1576 4183 1734 4301 (51:331
1740 4203 1809 4288 ad
1833 4183 1991 4299 vergo
2008 4205 2214 4286 ‘notata
2231 4205 2406 4286 ’suutf
2441 4203 2568 4285 Alis}

1482 4321 1549 4356 ex
1586 4305 2030 4370 inscriptionibus
2058 4306 2264 4370 profert
2296 4306 2441 4354 Rose
2476 4303 2566 4352 In-

1480 4375 1694 4438 scriptt.
1733 4388 1859 4440 pag.
1896 4371 2018 4424 280.
2054 4367 2125 4413 -'-
2169 4372 2236 4422 In
2281 4386 2432 4437 seqq.
2470 4385 2566 4421 vo·

2017 4449 2146 4514 17*
