3109 5092
469 322 593 383 252

1337 317 1879 382 HERODOTI

467 522 540 563 τε
575 488 617 583 ἦ
649 488 945 582 άμαρτάς
969 497 1039 561 οί
1063 488 1132 571 ἐς
1173 494 1332 562 δέον
1362 488 1670 577 ἐγεγόνεε
1689 541 1708 574 ,
1751 493 1861 560 καὶ
1895 487 1997 560 ὅτι
2029 487 2139 559 ἐπὶ
2165 490 2402 579 τύχῃσι
2434 495 2754 581 χρηστῇσι

469 594 580 666 ἐπὶ
626 602 907 665 δεῖπνον
947 598 1264 681 κέκλητο,
1317 591 1423 682 ἤϊε
1467 590 1534 673 ἐς
1566 591 1645 662 τά
1681 598 1880 662 οἰκία.
1938 589 2243 663 ἐσελθών
2285 593 2360 662 δὲ
2398 590 2523 683 τὴν
2567 601 2748 680 ταχί-

468 723 668 787 στην,
713 689 797 787 ἦν
822 698 948 785 γάρ
990 704 1059 767 οί
1082 713 1236 776 παῑς
1281 692 1375 776 εἷς
1414 702 1696 785 μοῦνος,
1742 702 1892 765 ἔτεα
1932 704 2085 785 τρία
2122 698 2233 764 καὶ
2266 698 2429 765 δέκα
2467 723 2593 765 κου
2619 695 2746 784 μά-

467 812 656 872 λιστα
683 797 1008 887 γεγονώς,
1053 805 1294 870 τοῦτον
1323 797 1643 888 ἐκπέμπει
1665 850 1683 885 ,
1731 801 1901 868 ἰέναι
1929 827 2001 868 τε
2032 798 2334 868 κελεύων
2364 796 2430 880 ἐς
2467 797 2744 869 Ἀστυά-

467 932 617 992 γεος
657 906 769 972 καὶ
812 906 1101 988 ποιέειν,
1145 899 1183 972 ὅ
1212 931 1274 971 τι
1310 898 1397 973 ἂν
1424 899 1679 984 ἐκεῖνος
1720 902 1986 991 κελεύῃ.
2040 899 2241 982 αὐτὸς
2269 901 2343 970 δὲ
2384 899 2746 991 περιχαρὴς

466 1006 598 1078 ἐών
636 1007 870 1097 φράζει
909 1013 990 1098 τῇ
1033 1003 1427 1093 γυναικὶ.τὰ
1465 1004 2005 1095 συγκυρήσαντα.
2091 1002 2456 1092 Ἀστυάγης
2495 1005 2611 1091 δὲ,
2657 1002 2746 1085 ὥς

465 1117 533 1182 οἱ
566 1107 843 1180 ἀπίκετο
884 1105 920 1179 ὁ
963 1107 1304 1198 Ἀρπάγου
1350 1125 1533 1191 παῖς,
1594 1108 1849 1197 σφάξας
1889 1106 2132 1192 αὐτὸν,
2187 1110 2299 1176 καὶ
2345 1106 2513 1176 κατὰ
2541 1111 2747 1195 μέλεα

467 1211 748 1298 διελών,
789 1211 870 1281 τὰ
898 1214 1024 1300 μὲν
1048 1209 1349 1299 ὤπτησε,
1397 1210 1477 1281 τὰ
1520 1211 1596 1280 δὲ
1637 1215 1844 1299 ἔψησε
1876 1217 2014 1280 τῶν
2042 1216 2282 1299 κρεῶν.
2343 1207 2629 1280 εὕτυκτα
2671 1211 2748 1280 δὲ

467 1314 908 1403 ποιησάμενος
955 1314 1089 1401 εἶχε
1123 1316 1370 1401 ἑτοῖμα.
1430 1312 1582 1384 ἐπεί
1612 1342 1683 1383 τε
1726 1314 1834 1400 δὲ,
1876 1320 1990 1402 τῆς
2023 1310 2197 1403 ὥρης
2238 1317 2593 1402 γινομένης
2620 1319 2742 1382 τοῦ

466 1424 747 1487 δείπνου
772 1469 789 1501 ,
850 1423 1159 1505 παρῆσαν
1208 1422 1277 1485 οἵ
1321 1443 1392 1483 τε
1446 1414 1635 1486 ἄλλοι
1696 1417 2091 1503 δαιτυμόνες
2137 1418 2248 1485 καὶ
2307 1411 2343 1484 ὁ
2381 1413 2741 1504 “Αρπαγος,

464 1537 634 1590 τοῖσι
676 1520 803 1610 μὲν
836 1517 1096 1589 ἄλλοισι
1143 1522 1252 1589 καὶ
1296 1515 1477 1611 αὐτῷ
1520 1517 1874 1605 Ἀστυάγεϊ
1927 1521 2371 1608 παρετιθέατο
2429 1518 2742 1606 τράπεζαι

465 1620 774 1693 ἕπιπλεάι
799 1631 1097 1711 μηλείων
1126 1628 1379 1709 κρεῶν,
1412 1618 1725 1715 Ἀρπάγςο
1754 1622 1828 1691 δὲ
1857 1628 1978 1690 τοῦ
2024 1619 2261 1702 παιδὸς
2299 1614 2420 1690 τοῦ
2463 1623 2743 1707 ἑωυτοῦ,

466 1724 643 1815 πλὴν
684 1731 980 1815 κεφαλῆς
1035 1752 1108 1794 τε
1163 1726 1276 1793 καὶ
1316 1721 1547 1811 ἄκρων
1602 1729 1850 1812 χειρῶν
1901 1753 1973 1793 τε
2036 1727 2145 1794 καὶ
2202 1729 2473 1808 ποδῶν,
2526 1715 2738 1794 τᾶλλα
2758 1751 2832 1806 60

464 1830 713 1900 πάντα·
775 1834 983 1898 ταῦτα
1036 1829 1112 1897 δὲ
1156 1829 1357 1915 χωρὶς
1397 1832 1613 1896 ἔκειτο
1656 1825 1766 1897 ἐπὶ
1806 1830 2021 1919 κανέῳ
2080 1830 2740 1915 κατακεκαλυμμένα.

466 1929 555 2013 ὥς
583 1934 657 2002 δὲ
699 1938 790 2025 τῷ
820 1929 1132 2024 Ἀρπάγφ
1164 1926 1391 1999 ἐδόκεε
1427 1928 1573 2010 ἅλις
1602 1936 1780 2018 ἔχειν
1811 1935 1925 2018 τῆς
1950 1936 2189 2019 βορῆς,
2228 1927 2595 2018 Ἀστυάγης
2646 1941 2742 1999 εἰ·

466 2035 617 2123 ρετό
661 2064 812 2123 μιν,
858 2043 919 2104 εἰ
961 2031 1199 2122 ἡσθείη
1246 2062 1308 2102 τι
1350 2039 1429 2123 τῇ
1479 2040 1719 2121 θοίνῃ·
1792 2036 2098 2120 φαμένου
2143 2032 2219 2101 δὲ
2251 2028 2591 2119 Ἀρπάγου
2632 2036 2745 2102 καὶ

464 2138 674 2225 κάρτα
715 2133 1047 2225 ἡσθῆναι,
1110 2140 1530 2224 παρέφερον,
1586 2151 1755 2204 τοῖσι
1798 2137 2215 2222 προσέκειτο,
2277 2132 2402 2222 τὴν
2442 2133 2748 2223 κεφαλὴν

464 2335 733 2409 ἐγεγόνεε]
757 2343 795 2392 i.
826 2358 873 2392 e.
896 2343 1303 2406 quodpeccatum
1332 2346 1379 2392 ei
1405 2342 1556 2392 bene

466 2422 642 2464 recte
689 2411 749 2476 (i.
787 2427 834 2462 e.
886 2413 940 2460 in
994 2411 1078 2473 id,
1147 2411 1291 2476 quod
1344 2409 1558 2473 debuit)

465 2489 712 2534 cesserat.
784 2481 1017 2550 Lqeutio
1066 2473 1135 2539 ἐς
1182 2476 1344 2528 δέον
1391 2495 1554 2544 supra

465 2552 702 2604 oeeurrit
735 2550 793 2611 Ι,
830 2548 927 2611 32,
967 2550 1062 2599 ubi
1100 2549 1243 2600 conf.
1325 2548 1466 2599 Add.
1507 2549 1552 2612 1,

469 2623 586 2674 186.
677 2622 738 2670 ln
787 2634 939 2684 seqq.
993 2609 1084 2668 ἐπὶ
1133 2610 1335 2683 τύχῃσι
1395 2633 1551 2681 χρη-

466 2689 586 2756 στῇ
600 2703 663 2739 σι
718 2693 827 2738 est:
876 2689 1017 2737 bonis
1070 2687 1273 2748 avibus,
1320 2687 1556 2750 felicibus

464 2761 730 2822 caepio-iis,
786 2757 929 2821 quod
977 2755 1193 2808 dicendi
1252 2770 1422 2818 genus
1467 2753 1553 2804 vel

466 2845 533 2878 ex
563 2827 750 2891 Vigeri
794 2825 1064 2875 Idiotism.
1113 2842 1166 2889 p.
1205 2824 1309 2874 620
1343 2830 1552 2873 notum.

463 2899 594 2946 Mox
651 2894 845 2957 reliqui
900 2888 1161 2956 κέκλητο,
1219 2893 1372 2941 euius
1433 2892 1553 2942 loeo

464 2956 723 3025 ἐκέκλητο
744 2962 1071 3010 recentiores
1089 2960 1211 3010 edd.
1237 2965 1550 3022 posuerunt.

466 3033 552 3082 Cf.
583 3030 814 3080 Bredov.
844 3047 900 3093 p.
926 3030 1047 3088 289,
1084 3029 1175 3094 qui
1204 3028 1344 3076 idem
1369 3044 1421 3091 p.
1449 3027 1552 3078 208

463 3104 614 3149 reete
645 3103 830 3148 tuetur
866 3093 1074 3161 ἔψησε,
1112 3096 1266 3147 euius
1302 3095 1421 3145 loco
1459 3096 1554 3145 alii

461 3158 670 3233 ἥψησε.
741 3166 824 3215 Ad
863 3157 1086 3228 ὤπτησε
1128 3166 1270 3214 idem
1309 3165 1554 3215 consera-

462 3243 551 3287 tur
590 3252 641 3300 p.
683 3234 805 3287 306.

531 3294 567 3353 ὅ
599 3320 650 3353 τι
689 3292 763 3353 ἂν
802 3295 1017 3358 ἐκεῖνος
1065 3291 1288 3365 κελεύῃ]
1334 3292 1550 3365 κελεύῃ,

463 3374 608 3439 quod
635 3389 755 3423 eum
774 3376 1004 3421 reeentt.
1028 3371 1165 3423 edd.1
1180 3369 1444 3432 dedimus,
1469 3385 1553 3419 sa-

463 3444 535 3493 tis
566 3448 785 3492 tuentur
814 3440 1036 3504 linguae
1060 3439 1236 3503 leges,
1286 3454 1424 3502 quae
1444 3454 1552 3487 non

462 3512 766 3576 optativum
795 3511 885 3574 (ut
908 3508 1093 3574 vulgo,
1129 3500 1417 3570 κελεύοι),
1457 3507 1553 3556 sed

462 3580 868 3630 coniunctivum
924 3579 981 3628 in
1026 3578 1111 3627 his
1169 3576 1554 3627 enuntiationi-

462 3649 564 3698 bus
601 3648 874 3712 flagitant.

532 3706 773 3766 εὕτυκτα
842 3708 904 3762 δὲ
988 3702 1374 3775 ποιησάμενος
1438 3703 1550 3774 εἶχε

461 3778 679 3849 ἕτοίμα]
720 3774 942 3846 ἕτοῐμα,
991 3780 1135 3846 quod
1189 3782 1244 3829 in
1276 3780 1553 3830 Sanerofti

459 3852 600 3903 libro
635 3868 745 3902 non
775 3851 992 3914 legitur,
1027 3850 1222 3899 abesse
1257 3848 1376 3897 vult
1396 3849 1551 3898 Wes-

462 3920 751 3984 selinginn,
800 3933 962 3984 quum
1009 3916 1150 3966 idem
1196 3922 1351 3966 notet
1385 3921 1565 3981 atque-

461 3980 724 4048 εῧτυκτα,
765 3986 909 4050 quod
945 3985 1121 4048 ipsum
1159 4000 1193 4034 a
1228 3986 1551 4035 Grammati-

462 4058 542 4106 cis
567 4055 854 4119 exponitur
877 4052 1144 4102 vocabulo
1170 4042 1384 4115 ἑτοῖμα.
1436 4053 1551 4104 Nee

462 4132 643 4175 tamen
697 4123 864 4172 talem
914 4121 1128 4184 copiam
1180 4122 1441 4170 sermonis
1496 4123 1553 4170 in

463 4191 743 4244 Herodoto
766 4205 864 4241 nos
887 4189 1155 4240 offendere
1179 4190 1392 4248 debere,
1415 4189 1553 4240 bene

461 4261 671 4312 monuit
715 4257 1020 4322 Schweigh.
1079 4256 1311 4307 laudans
1366 4258 1554 4306 Nostri

463 4333 509 4394 Ι,
549 4328 676 4381 1232
731 4321 1204 4392 κατειργασμένου
1240 4321 1304 4375 δὲ
1340 4316 1551 4375 τούτου

1657 2337 1752 2390 καὶ
1772 2333 1967 2399 ἐόντος
1987 2330 2235 2402 ἑτοίμου.
2287 2343 2425 2392 Inde
2457 2347 2605 2392 recte
2630 2359 2747 2392 ver·

1657 2411 1817 2460 teris:
1856 2409 2034 2471 „Quae
2061 2411 2147 2461 ubi
2168 2410 2295 2461 bene
2321 2421 2647 2473 praeparata
2669 2428 2747 2461 es-

1656 2488 1796 2540 sent,
1847 2481 1898 2527 in
1933 2487 2169 2542 promptu
2216 2483 2302 2530 ille
2343 2479 2577 2532 Ιιαόιιίι.“
2661 2481 2747 2530 De

1656 2539 1785 2597 ἐπεί
1828 2561 1884 2596 τε
1933 2548 1989 2597 in
2027 2563 2209 2613 seqq„
2257 2550 2403 2614 quod
2451 2549 2613 2598 Iones
2652 2564 2747 2612 po-

1655 2632 1784 2666 nere
1821 2616 2001 2666 solent
2044 2616 2164 2668 loco
2204 2617 2466 2681 simplicis
2508 2617 2748 2682 particu-

1656 2685 1743 2735 lae
1779 2677 1928 2747 ἐπεὶ,
1975 2686 2202 2736 laudant
2237 2686 2462 2750 Gregor.
2499 2686 2742 2737 Corinth.

1656 2754 1802 2805 Dial.
1822 2756 1943 2804 Ion.
1969 2757 2020 2816 ξ.
2044 2756 2113 2805 ’26
2136 2755 2317 2819 ibique
2334 2756 2510 2805 Koen.
2547 2754 2745 2805 Omnia

1656 2838 1802 2872 nunc
1839 2823 1992 2872 dabit
2028 2824 2263 2874 BredoV.
2302 2840 2354 2887 p.
2399 2824 2465 2874 38
2503 2839 2618 2888 seq.

1726 2889 2213 2954 παρετιθέατο
2286 2884 2549 2955 τράπεζαι
2626 2881 2744 2940 ἔπι-

1656 2958 1839 3025 πλέαι]
1886 2951 2153 3022 τράπεζαι
2205 2960 2343 3009 dixit
2387 2962 2584 3010 Noster
2627 2959 2745 3024 plu·

1656 3027 1758 3077 rali
1805 3043 2026 3078 numero
2075 3031 2405 3080 Graecorum
2462 3045 2528 3078 ex
2576 3045 2742 3091 more,

1657 3112 1764 3161 quo
1804 3096 1886 3145 vel
1937 3098 2166 3162 singulis
2209 3099 2456 3148 convivis
2498 3113 2599 3149 sua
2634 3099 2745 3148 cui-

1656 3180 1762 3229 que
1797 3181 1985 3215 mensa
2021 3169 2394 3231 apponebatur
2425 3167 2511 3217 vel
2538 3169 2594 3216 in
2619 3182 2747 3230 epu-

1653 3234 1749 3294 lis,
1802 3235 1996 3299 quibus
2033 3235 2212 3306 plures
2252 3237 2508 3297 aderant,
2563 3235 2743 3299 plures

1657 3303 1873 3353 omnino
1899 3318 2118 3353 mensae
2140 3305 2278 3354 cibis
2301 3305 2538 3354 refertae
2562 3304 2745 3367 hospi-

1654 3371 1801 3419 tibus
1839 3373 2297 3434 proponebantur.
2350 3372 2741 3423 vid.Nitzseh.

1656 3438 1726 3488 ad
1760 3440 1983 3488 Homeri
2022 3439 2220 3504 Odyss.
2259 3441 2317 3498 Ι,
2359 3441 2475 3492 109.
2509 3457 2634 3505 pag.
2676 3443 2742 3491 27

1656 3512 1712 3556 et
1758 3507 1902 3556 conf.
1952 3507 2014 3557 C.
2051 3509 2113 3560 F.
2150 3509 2429 3558 Hermann
2470 3509 2744 3560 Privatal-

1655 3575 1818 3627 terth.
1861 3578 1912 3636 §-
1938 3578 2021 3625 27.
2051 3581 2164 3627 not.
2192 3579 2241 3626 5.
2268 3606 2338 3617 —-
2364 3574 2742 3640 παρετιθέατο

1656 3643 1961 3707 imperfecti
2003 3650 2087 3694 est
2132 3645 2331 3708 forma,
2382 3645 2528 3696 haud
2577 3647 2743 3697 inusi-

1657 3716 1775 3761 tata
1821 3713 1877 3760 in
1924 3713 2047 3763 aliis
2095 3729 2310 3778 quoque
2372 3716 2552 3765 verbis
2599 3715 2746 3779 apud.

1655 3780 2021 3843 Herodotum,
2081 3783 2234 3832 euius
2281 3782 2433 3832 locos
2478 3784 2745 3834 indicavit

1655 3848 1723 3898 de
1759 3849 1844 3898 his
1880 3849 2069 3900 formis
2105 3851 2389 3915 disputans
2424 3852 2657 3903 Bredov.
2686 3868 2742 3916 p.

1655 3915 1785 3977 329,
1832 3920 1923 3981 qui
1959 3919 2102 3968 idem
2139 3935 2234 3982 pro
2268 3917 2539 3982 μηλείων,
2598 3920 2745 3984 quod

1656 4001 1841 4036 omnes
1877 3991 2064 4037 tenent
2098 3987 2248 4048 libri,
2286 3988 2450 4037 scribi
2488 3989 2639 4039 iubet
2664 3989 2740 4053 (p.

1659 4055 1780 4114 156)
1816 4055 2056 4135 μηλέων,
2096 4056 2241 4120 quod
2264 4057 2473 4134 recepit
2493 4057 2741 4107 Dietsch.

1654 4123 1784 4172 Mox
1830 4138 1897 4171 τα
1931 4115 2070 4172 ἄλλα
2104 4124 2229 4174 dedi
2265 4124 2453 4187 ταλλα,
2490 4130 2553 4175 ut
2588 4126 2651 4187 Ι,
2689 4129 2742 4178 2.

1654 4191 1738 4240 Ad
1775 4207 1927 4256 seqq.
1969 4193 2113 4242 conf.
2152 4192 2436 4257 Theophil.
2474 4195 2543 4244 ad
2579 4195 2746 4245 Auto-

1653 4259 1758 4323 lyc.
1800 4260 1910 4309 111.
1952 4277 2002 4324 p.
2037 4261 2132 4312 282
2169 4262 2254 4311 ed.
2293 4261 2475 4323 Wolffl

1724 4323 2087 4392 παρέφερον,
2170 4332 2320 4379 τοῖσι
2390 4325 2743 4398 προσέκειτο]
