3109 5092
1123 341 1625 403 EUTERPE.
1669 342 1756 402 ΙΙ.
1800 349 1887 406 77.
2521 342 2645 406 597

370 527 724 604 Αἴγυπτον
772 515 1099 601 οἰκέουσι,
1146 514 1416 606 μνήμην
1461 513 1856 606 ἀνθρώπων
1890 516 2165 588 πάντων
2206 520 2642 602 ἐπασκέοντες

289 620 705 710 139μάλιστα,
735 616 1134 705 λογιώτατοί
1166 626 1293 688 εἰσι
1324 625 1559 713 μακρῷ
1586 625 1725 690 τῶν
1751 617 1882 706 ἐγώ
1921 624 1987 700 ἐς
2017 620 2374 709 διάπειραν
2400 620 2635 694 ἀπικό-

365 753 519 814 μην.
621 722 860 815 Τρόπῳ
890 722 966 791 δὲ
993 721 1141 810 ζόης
1164 727 1404 814 τοιῷδε
1441 725 1902 810 διαχρέωνται.
1976 732 2435 812 Συρμαΐζουσι
2465 743 2642 813 τρεῖς

364 825 611 918 ἡμέρας
651 829 887 915 ἐπεξῆς
923 822 1131 913 μηνὸς
1167 825 1449 896 ἑκάστου
1469 878 1488 909 ,
1538 829 1824 914 ἐμέτοισι
1875 826 2265 916 θηρώμενοι
2312 826 2437 918 τὴν
2485 824 2638 917 ὑγι-

368 939 516 1019 είην
569 932 683 998 καὶ
736 927 1101 1017 κλύσμασι,
1164 935 1538 1018 νομίζοντες
1593 925 1726 998 ἀπὸ
1780 933 1916 998 τῶν
1967 928 2356 1020 τρεφόντων
2403 939 2639 1002 σιτίων

370 1033 584 1113 πάσας
621 1031 738 1113 τὰς
764 1031 1052 1111 νούσους
1081 1047 1251 1101 τοῖσι
1295 1029 1720 1122 ἀνθρώποισι
1756 1040 2094 1119 γίνεσθαι.
2182 1035 2312 1103 εἰσὶ
2344 1034 2471 1123 μὲν
2512 1034 2642 1124 γὰρ

370 1141 482 1207 καὶ
523 1134 740 1215 ἄλλως
788 1134 1152 1221 Αἰγύπτιοι
1192 1133 1359 1223 μετὰ
1401 1143 1661 1224 Λίβυας
1700 1130 2164 1224 ὑγιηρέστατοι
2206 1135 2482 1210 πάντων
2519 1135 2639 1207 ἆν-

367 1238 710 1331 θρσίπων,
763 1244 901 1307 τῶν
950 1233 1186 1327 ὁρέων
1230 1240 1525 1319 (δοκέειν
1572 1241 1747 1327 ἐμοὶ)
1791 1243 2085 1324 εἵνεκεν,
2132 1236 2232 1308 ὅτι
2274 1238 2357 1309 οὐ
2399 1250 2640 1329 μεταλ-

370 1408 523 1474 perio
558 1405 817 1465 subiecti;
870 1420 1010 1471 quae
1043 1409 1343 1471 sequuntur
1377 1420 1458 1456 re·
1562 1406 1812 1457 videatur
1846 1420 1967 1456 esse
1996 1405 2172 1456 loeus.

372 1478 589 1543 giones,
643 1479 923 1540 pastorum
974 1476 1158 1540 potius
1206 1479 1334 1525 suut
1376 1479 1459 1524 at-

372 1563 477 1613 que
500 1544 809 1608 nomadum,
842 1560 942 1595 nee
963 1545 1178 1609 frugum
1203 1560 1456 1609 capaces.

375 1618 719 1681 Quapropter
766 1615 1002 1664 rusticos
1049 1616 1348 1678 Aegyptios
1402 1619 1458 1663 et

373 1684 643 1751 agricolas
691 1684 832 1733 bene
882 1683 1082 1734 Noster
1127 1683 1379 1733 distinxit
1425 1699 1459 1732 a

373 1754 721 1814 nomadibus‚
760 1752 948 1818 procul
980 1752 1146 1803 dubio
1183 1755 1332 1803 vitae
1362 1753 1459 1802 mi-

2242 1406 2491 1457 Reeentt.
2520 1406 2644 1457 edd.

1562 1492 1629 1526 ex
1666 1474 1920 1526 Bredovii
1967 1478 2260 1539 praecepto
2308 1479 2362 1525 et
2402 1474 2454 1527 h.
2501 1475 2539 1526 l.
2592 1481 2648 1526 et

1559 1545 1723 1611 paulo
1771 1549 1896 1609 post
1947 1545 2214 1595 dederunt
2262 1541 2641 1609 διαχρέονται.

1562 1614 1720 1678 Quod
1773 1615 2016 1679 sequitur
2077 1609 2440 1676 συρμαΐζουσι
2498 1613 2649 1680 (pur-

1554 1692 1683 1749 gant
1707 1683 1933 1748 corpus),
1971 1699 2144 1748 aeque
2169 1682 2238 1731 ad
2267 1683 2646 1747 purgationem

1561 1769 1709 1816 eam,
1773 1768 1913 1818 quae
1960 1768 2056 1817 per
2108 1751 2288 1801 alvum
2332 1751 2422 1812 fit,
2482 1756 2647 1818 atque

373 1841 475 1875 uus
524 1823 824 1874 adstrictae
868 1838 934 1873 ae
986 1837 1208 1872 severae
1258 1822 1459 1873 deditis

374 1910 475 1945 nee
512 1892 676 1943 simili
714 1891 875 1942 modo
912 1893 1256 1942 sacerdotum
1295 1893 1461 1956 impe-

373 1965 454 2014 rio
478 1961 813 2028 parentibus·
851 1961 1008 2011 Conf.
1032 1962 1265 2012 Heeren.
1292 1961 1459 2011 Ideen

371 2034 447 2096 11,
481 2035 701 2110 23pag.
735 2030 842 2111 ‚148
879 2046 992 2108 seq.
1156 2089 1169 2107 Ι

373 2114 674 2225 ..effi
702 2097 1322 2234 mesraim
1345 2088 1460 2218 ἐς

374 2256 444 2304 go
480 2231 712 2304 μνήμην
737 2239 1015 2288 memoriam
1049 2236 1458 2304 (Gediiehtniss,

374 2306 939 2372 Gediiehtnisskraft),
980 2322 1126 2371 quam
1147 2311 1359 2357 maxime
1385 2310 1461 2355 in-

373 2387 453 2430 ter
485 2393 648 2430 omnes
676 2377 893 2427 homines
926 2379 1170 2427 coluerint
1205 2377 1460 2442 Aegyptii.

373 2447 481 2499 Sed
516 2447 717 2498 rectius
751 2445 1057 2510 Schweigh.
1098 2446 1319 2508 statuit,
1370 2447 1461 2510 agi

374 2517 464 2568 hie
513 2518 578 2568 de
610 2519 844 2567 memoria
876 2531 1045 2565 rerum
1076 2523 1332 2580 gestarum
1374 2523 1463 2564 aut

373 2588 753 2638 observatorum
779 2587 829 2633 in
854 2584 1080 2647 futur-mn
1107 2592 1297 2647 tempus
1317 2592 1364 2634 et
1391 2585 1465 2633 ad

369 2663 603 2721 posteros
629 2654 1001 2719 propagandm
1045 2653 1102 2702 id
1145 2653 1290 2718 quod
1325 2653 1459 2703 scri-

375 2730 469 2792 pto
506 2725 846 2790 potissimum
873 2722 954 2772 fit.
1040 2723 1214 2784 Quam
1254 2722 1322 2772 ob
1347 2738 1460 2772 rem

375 2796 542 2846 etiam
554 2793 831 2859 Aegyptii,
851 2798 912 2842 ut
932 2793 1114 2857 pergit
1132 2791 1459 2856 Schweigh„

378 2863 629 2915 dicuntur
676 2853 1036 2926 λογιώτατοι,
1083 2861 1121 2910 i.
1161 2876 1207 2910 e.
1256 2863 1464 2911 omnium

376 2934 592 2984 maaeim
609 2933 778 2996 periti,
799 2946 977 2981 rerum
996 2930 1288 2996 praecipue
1311 2945 1464 2995 prae·

376 3004 679 3063 teritarum,
707 3001 937 3066 patriae,
972 3000 1320 3066 antiquitatis
1354 3003 1461 3050 ete.

377 3075 463 3124 De
506 3087 614 3138 qua
661 3070 822 3120 huius
859 3070 1010 3120 vocis
1060 3070 1284 3120 notione
1329 3069 1465 3119 dixi-

379 3158 497 3193 mus
535 3140 608 3191 ad
645 3139 693 3203 1,
729 3140 778 3191 1.
854 3138 1015 3190 Cous.
1062 3155 1276 3205 quoque
1321 3140 1467 3190 Bun-

379 3227 502 3263 sen:
528 3212 764 3275 Aegypt.
786 3207 956 3260 Stelle
973 3209 1031 3257 in
1050 3207 1104 3259 d.
1126 3208 1463 3273 Weltgeseh.

378 3282 427 3333 1.
476 3297 530 3345 p.
577 3280 644 3330 25
697 3282 816 3331 not.
879 3275 996 3342 (qui
1054 3283 1203 3329 reete
1260 3277 1464 3328 reddit:

379 3351 502 3412 „die
527 3349 610 3399 bei
636 3351 825 3398 weitem
857 3347 1381 3404 tentem-ichtetsten.“)
1414 3352 1470 3396 et

379 3418 588 3471 Bohlen
623 3417 692 3468 ad
715 3418 914 3468 Genea.
939 3417 1099 3480 XLI,
1127 3418 1213 3469 39.
1252 3435 1304 3483 p.
1342 3416 1465 3468 389.

381 3491 560 3554 Atque
617 3487 833 3537 omnino
895 3485 1020 3536 inde
1074 3486 1468 3552 Aegyptiorum

380 3556 652 3623 sapientia
707 3572 802 3621 per
858 3560 1032 3606 totam
1081 3558 1470 3622 antiquitatem

379 3627 542 3679 valde
578 3624 881 3688 celebrata,
931 3630 993 3675 ut
1028 3626 1086 3675 in
1122 3626 1470 3691 proverbium

382 3699 520 3749 adeo
559 3696 914 3748 abierit..De
948 3711 1053 3760 quo
1090 3696 1230 3746 bene
1260 3694 1471 3746 monuit

383 3766 646 3820 Gesenius
703 3766 758 3815 in
796 3765 1122 3816 Commentt.
1179 3765 1249 3817 ad
1301 3763 1468 3815 Iesai.

381 3838 531 3900 xlx,
562 3836 645 3887 12.
682 3851 810 3902 pag.
834 3835 968 3898 621,
1006 3838 1070 3884 ut
1105 3835 1177 3885 ad
1211 3835 1268 3884 h.
1299 3833 1339 3884 l.
1377 3832 1472 3882 ad-

383 3906 606 3970 scripsit
643 3905 740 3958 Gr.
816 3904 977 3955 Conf.
1009 3905 1175 3954 etiam
1202 3902 1467 3954 Herodot.

446 4014 565 4094 ’τῶν
588 4035 692 4109 ἐγὼ
728 4032 784 4100 ἐς
818 4033 1125 4104 διάπειραν
1157 4030 1471 4104 ἀπικόμην]

384 4115 518 4178 Quos
554 4129 645 4178 eqo
680 4116 886 4178 coquom·
921 4125 1019 4162 seu
1054 4110 1338 4176 qndbuseum
1385 4122 1476 4172 eyo

384 4199 683 4248 conyressus
728 4199 850 4234 sum,
920 4180 1078 4231 Conf.
1118 4181 1207 4240 ΙΙ,
1244 4178 1314 4228 28
1351 4175 1476 4230 coll.

385 4255 446 4316 1,
484 4255 573 4303 47.
644 4253 776 4303 Mox
810 4268 929 4302 eum
970 4249 1147 4301 Gaisf.
1194 4247 1320 4300 dedi
1356 4244 1476 4295 δια-

384 4319 657 4388 χρέωνται
705 4339 805 4388 pro
851 4320 1003 4385 vulg.
1055 4310 1138 4383 δὴ
1185 4314 1475 4383 χρέωνται,

1562 1839 1706 1885 eam,
1754 1837 1895 1886 quae
1936 1820 2203 1871 vomendo
2238 1820 2326 1882 fit,
2376 1825 2645 1884 spectare,

1558 1894 1682 1957 ipsa
1706 1890 1895 1941 Nostri
1924 1890 2093 1939 verba
2123 1880 2366 1953 ἐμέτοισι
2397 1885 2492 1938 καὶ
2518 1881 2647 1938 κλύ-

1562 1973 1731 2025 σμασι
1752 1961 1889 2010 satis
1915 1959 2213 2010 declarant.
2249 1960 2332 2008 De
2352 1974 2457 2023 quo
2479 1959 2647 2009 verbo

1561 2032 1619 2080 in
1668 2045 1725 2079 re
1776 2028 1987 2079 medica
2036 2029 2346 2093 frequenter
2403 2028 2647 2079 adhibito

1564 2098 1708 2151 conf.
1744 2099 1975 2149 Foesius
2009 2099 2068 2148 iu
2092 2098 2296 2148 Oecon.
2322 2098 2648 2163 Hippocrat.
2738 2109 2741 2112 ‘

1563 2186 1616 2234 p.
1665 2168 1787 2220 601.
1842 2168 2019 2219 Janus
2069 2168 2222 2219 1851.
2278 2166 2355 2216 11.
2418 2183 2471 2231 p.
2529 2167 2648 2218 182.

1565 2240 1849 2289 Caeterum
1894 2237 2087 2288 scribit
2132 2236 2408 2287 Diodorus
2455 2236 2562 2288 Sic.
2602 2236 2647 2298 I,

1563 2309 1632 2360 82
1679 2308 1851 2370 idem,
1905 2307 2051 2372 quod
2083 2306 2396 2356 Herodotus
2445 2304 2512 2355 de
2548 2306 2651 2356 Ae-

1564 2378 1793 2443 gyptiis:
1857 2372 1956 2433 τὰς
2003 2369 2067 2424 δὲ
2114 2369 2320 2431 νόσους
2366 2389 2651 2437 προκατα-

1561 2437 1981 2510 λαμβανόμενοι
2017 2435 2407 2507 θεραπεύουσι
2443 2435 2511 2491 τά
2546 2434 2652 2491 σαί-

1562 2530 1708 2578 ματα
1744 2514 2085 2577 κλυσμοῖς
2123 2509 2213 2562 καὶ
2247 2510 2534 2575 νηστείαις
2556 2507 2653 2560 καὶ

1563 2577 1780 2649 ἐμέτοις
1815 2599 1848 2631 κ
1893 2598 1941 2632 τ.
1973 2581 2039 2646 L,
2078 2583 2174 2632 ubi
2209 2581 2319 2630 vid.
2358 2585 2474 2630 not.
2498 2581 2652 2634 Wes-

1566 2653 1800 2717 seliugii.

1634 2712 2043 2785 θηρώμενοι
2092 2709 2198 2780 τὴν
2236 2705 2560 2780 ὖγιείην]·,ἰ.
2600 2733 2647 2767 e.

1564 2797 1838 2851 sectantes,
1873 2802 2079 2850 operam
2112 2794 2366 2836 navantes.
2416 2786 2654 2846 Verbum

1567 2857 1889 2925 θηρᾶσθαι,
1918 2857 2063 2922 quod
2086 2860 2405 2906 venatorum
2435 2855 2655 2920 proprie

1568 2937 1679 2991 est,
1730 2927 1803 2978 ad
1847 2925 1985 2976 alias
2035 2941 2123 2976 res
2157 2924 2470 2986 transferri,
2517 2939 2653 2989 quas

1568 3003 1839 3051 sectamur
1864 3001 1920 3046 et
1953 2996 2147 3061 quibus
2169 2994 2331 3045 valde
2354 2993 2653 3055 studemus,

1570 3070 1707 3120 satis
1742 3071 1950 3117 notum.
2030 3066 2175 3116 Hine
2210 3065 2464 3129 frequens
2509 3063 2657 3130 apud

1568 3139 1854 3190 Platonem
1899 3134 1965 3184 de
2016 3134 2364 3199 indagandae
2405 3134 2659 3183 veritatis

1572 3208 1753 3259 studio
1806 3221 1871 3256 ae
1916 3219 2046 3255 vero
2092 3205 2213 3269 ipso
2250 3203 2654 3267 investigando.

1570 3278 1698 3328 vid.
1717 3275 1971 3326 Creuzeri
1993 3272 2180 3324 laudd.
2212 3272 2282 3323 ad
2304 3270 2488 3322 Procli
2519 3288 2660 3322 eom-

1572 3351 1737 3398 ment.
1768 3346 1825 3394 in
1851 3342 2070 3394 Platon.
2092 3341 2271 3392 Aleib.
2305 3345 2344 3390 t.
2367 3341 2415 3390 1.
2446 3356 2501 3402 p.
2540 3340 2659 3390 177.

1637 3405 2032 3480 ὖγιηρὲστατοι
2054 3403 2287 3459 πάντων
2305 3399 2658 3468 ἀνθρώπων,

1572 3483 1686 3534 τῶν
1724 3474 1919 3545 ὡρέων
1954 3472 2207 3544 (δοκέειν
2241 3468 2393 3540 ἐμοὶ)
2421 3472 2659 3540 εἵνεκεν]

1574 3553 1731 3605 Conf.
1747 3552 1842 3610 IV,
1862 3548 1978 3611 187,
1994 3548 2088 3597 ubi
2100 3547 2302 3611 Libyes
2315 3545 2553 3595 omnium
2567 3543 2661 3593 ho-

1573 3624 1774 3673 minum
1804 3608 2166 3683 ὑγιηρότατοι
2194 3615 2465 3664 dicuntur.
2501 3612 2662 3662 Unde

1571 3692 1698 3742 huie
1734 3702 1949 3755 quoque
1994 3686 2118 3736 loeo
2155 3683 2380 3734 eandem
2433 3682 2662 3732 formam

1572 3761 1882 3813 restitutam
1919 3754 2038 3804 vult
2068 3753 2303 3804 BredoV.
2342 3768 2398 3817 p.
2425 3751 2511 3802 66.
2540 3751 2661 3813 278,

1575 3846 1731 3897 quem
1777 3825 2022 3891 sequitur
2053 3821 2300 3874 Dietseh.
2374 3821 2482 3872 Sed
2515 3819 2662 3882 libri,

1574 3900 1668 3965 qui
1701 3896 1942 3963 plerique
1979 3892 2212 3943 afferunt
2246 3881 2663 3955 ὑγιηρέστατοι,

1576 3967 1800 4034 quidam
1836 3964 2002 4014 etiam
2034 3951 2377 4027 ὗγιέστεροι,
2425 3969 2536 4008 non
2571 3958 2665 4008 ad-

1580 4039 1784 4097 dicunt,
1821 4048 1922 4084 nee
1944 4031 2059 4082 ulla
2091 4046 2258 4081 eausa
2282 4033 2530 4096 apparet,
2568 4044 2667 4078 eur

1578 4105 1913 4157 Herodotum
1936 4116 2107 4166 aeque
2131 4104 2301 4166 atque
2318 4100 2379 4148 in
2400 4098 2522 4179 qliis
2539 4135 2552 4160 ,
2577 4098 2670 4148 hie

1579 4181 1812 4241 utraque
1832 4173 2004 4222 forma
2027 4160 2296 4237 (ὖγιηρὴς
2325 4173 2381 4218 et
2401 4160 2667 4245 υγιηρρς)

1579 4246 1663 4295 uti
1709 4242 1957 4310 potuisse
1988 4251 2268 4307 negemuS.
2353 4237 2438 4287 Ad
2474 4228 2672 4299 ὡρεων

1582 4314 1732 4365 conf.
1762 4317 1881 4364 not.
1916 4310 1989 4362 ad
2018 4311 2066 4374 1,
2104 4310 2224 4361 142.
2286 4308 2427 4358 Dedi
2457 4322 2524 4356 ex
2546 4305 2672 4357 Flo-

386 4408 507 4442 eum
560 4390 864 4457 particulae
917 4386 990 4453 δὴ
1045 4389 1139 4440 vix
1191 4386 1335 4439 ullus
1387 4386 1480 4435 hic
1517 4426 1555 4457 ·.
1583 4384 1798 4435 rentino
1846 4374 2072 4431 δοκέειν
2115 4369 2265 4444 ἐμοὶ,
2322 4391 2462 4443 quae
2497 4374 2670 4451 ’vulgo
