3109 5092
1160 361 1660 421 EUTERPE.
1707 361 1793 419 II.
1834 369 1889 422 9.

2542 357 2668 418 447

392 530 700 621 Λιβυκὸν
738 531 1175 620 καλεύμενον.
1258 529 1332 601 τὸ
1374 532 1448 601 δὲ
1489 534 1819 601 ἐνθεῦτεν
1857 520 2045 608 αὖτις
2089 525 2288 616 εὐρέα
2330 527 2673 614 Αἴγυπτός

396 642 553 705 ἐστι.
619 640 902 723 Πέφυκε
929 639 1053 723 μέν
1082 663 1214 703 νυν
1244 630 1285 722 ἡ
1314 633 1495 722 χώρη
1525 631 1695 722 αὕτη
1733 629 1931 703 οὕτω.
1998 631 2157 701 Ἀπὸ
2186 631 2259 699 δὲ
2288 625 2518 700 Ἡλίου
2544 631 2664 700 πό·
2683 649 2722 709 9

398 751 538 819 λιος
585 743 651 819 ἐς
692 739 921 828 Θήβας
960 740 1097 807 ἐστὶ
1143 735 1479 817 ἀνάπλοος
1528 735 1724 808 ἐννέα
1762 732 2103 825 ἡμηρέων,
2145 733 2401 804 στάδιοι
2443 735 2518 802 δὲ
2553 741 2670 823 τῆς

400 940 578 1003 recepi
622 929 831 996 πλέους
890 954 987 1003 pro
1037 937 1295 1003 πλείους,
1357 940 1490 987 Din-

401 1008 527 1057 dorf
560 1009 781 1073 scripsit
814 1005 1092 1065 πλεῦνες.·

802 1180 935 1231 ΟΛ».
981 1180 1079 1230 IX.

469 1274 584 1332 ἐστὶ
636 1273 927 1339 ἀνάπλοος
982 1272 1147 1331 ἐννέα
1203 1269 1482 1344 ἡμερέων]

400 1352 914 1417 Schweighaeusero
951 1352 1039 1402 hic
1060 1365 1312 1401 numerus
1336 1350 1482 1398 iusto

401 1424 575 1472 minor
608 1422 841 1483 videtur,
880 1438 999 1471 cum
1040 1421 1143 1471 hoc
1180 1424 1343 1484 pacto
1380 1419 1483 1468 540

400 1492 580 1542 stadia
638 1492 1027 1556 navigantibus
1075 1490 1317 1555 quotidie
1374 1488 1483 1537 sint

400 1561 734 1612 conficienda
771 1576 942 1626 eaque
980 1561 1208 1609 adverso
1233 1558 1483 1618 flumine,

402 1632 455 1680 id
479 1631 624 1695 quod
659 1630 744 1680 vel
774 1632 821 1680 si
855 1632 1114 1680 minorem
1147 1628 1316 1678 stadii
1341 1643 1484 1676 men-

400 1716 582 1751 suram
615 1700 921 1765 intelligas,
957 1700 1181 1749 nimium
1213 1697 1483 1758 videatur,

400 1770 718 1835 praesertim
773 1771 823 1818 si
869 1770 1104 1834 cogites,
1161 1782 1330 1817 naves
1376 1781 1484 1815 non

399 1840 507 1889 nisi
559 1839 779 1889 funibus
818 1838 1047 1889 adverso
1094 1838 1312 1887 flumine
1357 1836 1485 1884 ferri

401 1924 585 1974 posse,
639 1913 781 1958 teste
813 1910 931 1972 ipso
969 1907 1246 1958 Herodoto
1284 1906 1369 1968 ΙΙ,
1394 1905 1479 1956 96.

401 1980 604 2028 Contra
656 1978 804 2027 docti
859 1977 1002 2027 Galli
1066 1981 1286 2026 monent
1353 1976 1485 2039 (De-

402 2050 590 2112 script.
642 2048 706 2096 de
740 2047 883 2110 l’Eg.
917 2048 1137 2112 Antiqq.
1182 2047 1230 2096 1.
1267 2043 1391 2094 livr.
1429 2046 1480 2093 2.

403 2133 526 2182 pag.
585 2119 732 2178 417),
798 2117 1033 2166 stadium
1086 2116 1484 2180 Aegyptiacum

402 2191 653 2236 constare
684 2201 749 2235 ex
779 2192 995 2236 centum
1021 2187 1206 2234 metris
1234 2180 1481 2245 (metres3

400 2258 547 2306 conf.
596 2263 710 2306 not.
757 2256 826 2304 ad
869 2255 955 2316 11,
995 2252 1086 2317 6),
1134 2255 1214 2303 ita
1260 2258 1321 2302 ut
1356 2268 1486 2316 qua-

400 2333 523 2374 tuor
549 2324 691 2373 mille
716 2325 1034 2388 octingenta
1057 2324 1345 2386 sexaginta
1377 2327 1486 2370 sta—

402 2395 510 2457 dia,
549 2394 708 2444 modo
731 2394 1122 2457 longitudinem
1157 2398 1310 2442 recta
1339 2391 1485 2440 linea

401 2464 636 2513 indicari
674 2464 772 2511 tibi
807 2463 1165 2527 persuadeas,
1205 2477 1326 2511 cum
1355 2476 1485 2509 vera

402 2548 681 2592 mensura,
742 2548 882 2597 quae
930 2549 960 2581 e
1006 2533 1214 2596 mappis
1260 2546 1486 2595 geogra-

401 2602 574 2666 phicis
626 2602 991 2667 intelligatur,
1050 2609 1302 2650 accurate
1361 2614 1512 2649 con--

402 2673 641 2721 veniant.
717 2672 824 2732 Qui
855 2672 1020 2721 iidem
1056 2672 1347 2731 adiiciunt,
1385 2684 1482 2718 nu·

403 2757 606 2790 merum
642 2741 958 2802 stadiorum,
997 2743 1090 2804 qui
1110 2756 1217 2790 uno
1249 2739 1335 2788 die
1369 2754 1484 2802 per-

401 2811 491 2860 fici
523 2811 745 2872 debeat,
780 2810 997 2859 minime
1033 2824 1152 2859 esse
1189 2823 1485 2873 exaggera-

399 2888 532 2940 tum,
570 2896 691 2929 cum
724 2880 849 2944 ipsi,
885 2879 1035 2929 coelo
1075 2886 1129 2929 et
1159 2883 1483 2942 tempestate

400 2949 616 3014 quidem
663 2950 909 3010 favente,
967 2948 1054 2999 vel
1105 2949 1323 3013 longius
1378 2948 1484 2997 iter

400 3034 507 3068 uno
544 3019 632 3068 die
661 3018 1009 3069 confecerint.
1073 3019 1216 3068 Add.
1245 3018 1482 3067 Iomard.

402 3088 558 3150 (ibid.
604 3087 725 3138 livr.
765 3088 817 3138 3.
859 3104 984 3153 pag.
1023 3089 1145 3138 508.
1182 3087 1341 3152 625),
1391 3087 1486 3136 ubi

402 3158 503 3207 hoc
537 3158 695 3207 modo
742 3163 947 3207 sumtas
991 3171 1272 3207 mensuras
1315 3161 1371 3205 et
1408 3156 1484 3204 di-

399 3228 636 3277 stantias
656 3226 944 3276 convenire
967 3227 1135 3276 ferme
1160 3231 1332 3287 notat,
1362 3241 1483 3275 cum

401 3297 540 3347 4860
578 3296 759 3347 stadia
816 3295 878 3358 (i.
929 3311 975 3345 e.
1025 3294 1255 3356 486‚000
1303 3294 1480 3360 metr.)

401 3381 509 3415 non
543 3365 705 3415 valde
739 3365 1001 3414 recedant
1040 3380 1073 3414 a
1110 3380 1240 3414 vera
1275 3364 1484 3414 distan-

403 3435 504 3496 tia,
562 3450 701 3500 quae
748 3437 900 3483 recta
944 3434 1090 3483 linea
1125 3435 1207 3483 'sit
1253 3434 1483 3495 490,400

400 3508 556 3554 metr.
630 3504 839 3566 Quibus
871 3503 1006 3552 haec
1040 3503 1194 3553 addit
1216 3502 1298 3566 (p.
1325 3502 1479 3558 (525):

401 3573 593 3635 „Cette
629 3575 901 3634 distance,
954 3574 1098 3636 prise
1136 3574 1297 3622 d'une
1333 3577 1481 3621 carte

400 3648 616 3704 exacte,
669 3642 746 3692 lui
786 3641 926 3707 (scil.
968 3642 1247 3706 Herodoto)
1286 3657 1320 3690 a
1354 3657 1482 3690 sans

401 3712 566 3761 doute
616 3709 705 3761 ete
751 3710 962 3761 donnes
1003 3728 1101 3776 par
1137 3711 1216 3761 les
1253 3712 1479 3774 pretres,

403 3793 458 3830 et
491 3782 530 3830 il
580 3796 613 3829 a
648 3797 742 3832 cru
778 3796 882 3845 que
918 3779 1107 3831 c'dtoit
1142 3780 1194 3828 la
1231 3780 1480 3829 distance

401 3849 645 3900 mesurde
690 3866 782 3900 sur
825 3849 876 3899 le
921 3851 1124 3908 fleuve3
1174 3855 1342 3913 ayant
1388 3863 1481 3897 na·

401 3917 563 3982 vigne
589 3919 880 3968 lui-meme
911 3919 1148 3983 pendant
1171 3919 1308 3968 neuf
1322 3917 1479 3980 Jours

400 3990 528 4038 d'un
551 3988 712 4038 liena
741 3989 955 4050 l'autre,
993 3988 1030 4037 il
1062 4004 1095 4037 a
1132 3987 1324 4036 conclu
1350 3986 1482 4036 mal-

400 4058 675 4122 a-propos
721 4062 919 4122 qu'une
949 4055 1178 4120 journeie
1225 4057 1292 4105 de
1328 4056 1479 4105 navi-

399 4127 588 4191 gation
630 4125 767 4175 etoit
802 4127 866 4175 de
897 4127 931 4174 9
953 4127 1212 4176 schoenes
1240 4125 1306 4175 de
1332 4130 1478 4178 ceste

397 4195 608 4260 espace.
691 4195 1016 4258 D'ailleurs,
1079 4210 1287 4246 comme
1346 4193 1388 4242 il
1439 4211 1476 4260 y

398 4265 547 4314 avoit
570 4266 710 4314 deux
739 4263 990 4315 differens
1022 4265 1308 4324 schoenes,
1351 4268 1476 4314 tous

395 4334 535 4383 deux
582 4334 649 4385 de
683 4335 752 4385 60
795 4334 979 4384 stades
1015 4335 1164 4383 aussi
1201 4331 1472 4394 differens,

397 4408 452 4452 et
499 4419 602 4468 que
646 4400 696 4452 le
738 4403 936 4453 dromos
980 4403 1132 4453 avoit
1175 4403 1210 4454 9
1259 4402 1327 4452 de
1381 4417 1472 4452 ces

1592 936 1796 1000 grands
1844 935 2134 996 schoenes,
2187 933 2227 984 il
2270 950 2303 984 a
2343 936 2456 1000 pris
2504 952 2675 1001 appa-

1592 1011 1854 1054 remment
1896 1004 2009 1054 l'un
2046 1020 2181 1069 pour
2224 1005 2479 1054 I'autre.“
2554 1005 2673 1054 Ma·

1590 1078 1725 1125 iores
1761 1076 1930 1139 igitur
1963 1074 2066 1123 hoc
2104 1073 2224 1123 loco
2261 1074 2526 1124 schoenos
2568 1075 2670 1139 (cf.

1592 1162 1645 1209 p.
1680 1145 1777 1195 651
1811 1143 1951 1208 seq.)
1992 1143 2321 1194 intellexisse
2349 1144 2540 1194 volunt
2561 1145 2670 1194 He-

1589 1213 1861 1275 rodotum,
1918 1214 2009 1277 qui
2054 1213 2141 1275 ΙΙ,
2191 1215 2225 1262 -1
2279 1214 2511 1263 minores
2564 1213 2671 1278 ipsi

1590 1284 1727 1332 alias
1773 1283 2007 1333 usitatos
2054 1282 2398 1333 intellexerit.
2469 1284 2672 1333 Postea

1586 1353 1727 1402 hunc
1777 1368 1991 1418 quoque
2042 1352 2221 1402 locum
2264 1353 2528 1402 tractavit
2570 1354 2671 1402 Le-

1587 1419 1837 1471 tronnius
1875 1422 1910 1472 l.
1936 1422 1971 1471 l.
2004 1438 2058 1486 p.
2089 1423 2186 1471 142
2213 1436 2360 1487 seqq.
2410 1427 2557 1472 recte
2593 1423 2672 1471 iu·

1586 1493 1792 1552 dicans,
1821 1492 2106 1556 duplicem,
2132 1506 2291 1556 quam
2312 1491 2361 1540 h.
2385 1491 2422 1542 l.
2448 1493 2673 1556 praebet

1587 1561 1913 1623 Herodotus,
1957 1562 2171 1610 itineris
2219 1560 2671 1626 significationem

1590 1637 1675 1692 (et
1712 1647 1864 1693 eam,
1900 1646 2038 1695 quae
2076 1630 2445 1695 navigationis
2483 1631 2672 1681 diebus

1591 1700 1931 1761 declaratur,
1971 1706 2026 1750 et
2053 1715 2199 1760 eam,
2239 1715 2379 1765 quae
2414 1700 2672 1750 schoeno·

1587 1786 1704 1819 rum
1734 1771 1967 1834 indeque
1992 1769 2345 1819 deductorum
2373 1769 2671 1819 stadiorum

1588 1855 1809 1888 numero
1834 1840 1922 1904 fit)
1952 1839 2089 1889 bene
2114 1839 2473 1902 separandam
2498 1853 2672 1904 neque

1588 1910 1668 1958 ita
1707 1924 1891 1958 secum
1942 1908 2373 1958 confundendam
2415 1923 2564 1973 esse,
2610 1913 2673 1957 ut

1586 1979 1719 2028 fecit
1743 1978 2048 2027 Larcherus
2085 1978 2165 2026 sic
2192 1979 2575 2042 interpretans,
2610 1983 2672 2028 ut

1588 2064 1621 2098 a
1657 2063 1879 2097 numero
1927 2048 2132 2096 dierum
2178 2047 2549 2111 navigationis
2594 2047 2672 2096 al-

1586 2122 1668 2167 ter
1718 2118 2071 2166 schoenorum
2116 2117 2519 2182 stadiorumque
2574 2132 2672 2166 nu-

1586 2203 1764 2236 merus
1824 2187 2089 2235 deductus
2142 2186 2209 2234 ab
2254 2187 2533 2236 Herodoto
2589 2187 2670 2234 vi-

1589 2258 1796 2316 deatur,
1834 2256 1926 2320 qui
1955 2257 2070 2320 ipse
2106 2255 2460 2305 schoenorum
2486 2272 2672 2305 nume·

1586 2341 1704 2375 rum
1734 2326 2045 2389 primarium
2076 2324 2269 2374 habuit
2311 2325 2380 2375 ad
2426 2326 2549 2375 viae
2591 2325 2669 2374 di-

1585 2396 1843 2444 stantiam
1892 2401 2041 2444 recta
2089 2393 2232 2444 linea
2267 2394 2667 2456 declarandam,

1586 2480 1745 2528 quam
1802 2472 1945 2513 recte
2002 2464 2104 2512 hoc
2156 2463 2511 2514 schoenorum
2559 2470 2668 2514 sta—

1586 2534 1903 2598 diorumque
1932 2548 2152 2582 numero
2188 2531 2519 2583 declaratam
2551 2549 2671 2583 esse

1585 2609 2013 2652 commonstrant
2081 2602 2317 2651 virorum
2389 2603 2670 2652 doctorum

1587 2673 1950 2722 dimensiones
1989 2686 2176 2720 recens
2213 2671 2398 2721 sactae
2422 2677 2478 2721 et
2511 2688 2544 2721 a
2568 2672 2669 2720 Le·

1585 2741 1803 2791 tronnio
1840 2739 2085 2804 prolatae
2130 2755 2256 2804 pag.
2308 2742 2423 2790 142.
2512 2741 2669 2802 Quod

1587 2812 1657 2860 ad
1702 2827 1867 2859 novem
1905 2809 2108 2859 dierum
2146 2812 2551 2874 navigationem
2589 2816 2671 2860 at-

1585 2881 1750 2940 tinet,
1822 2895 2007 2928 verum
2065 2879 2283 2943 quidem
2340 2885 2452 2942 est,
2528 2880 2668 2930 hanc

1586 2950 1920 2999 notationem
1967 2964 2073 2997 non
2108 2965 2330 3012 prorsus
2378 2951 2669 3000 convenire

1588 3035 1707 3068 cum
1745 3019 1841 3080 iis,
1886 3033 2025 3082 quae
2064 3018 2137 3079 11,
2185 3020 2278 3070 175
2313 3019 2594 3083 leguntur:
2635 3036 2668 3069 a

1589 3089 1754 3138 Saide
1788 3103 1961 3152 usque
2007 3088 2075 3138 ad
2112 3087 2511 3153 Elephantinen
2548 3105 2668 3139 esse

1584 3161 1755 3223 υἰρὶηιί
1799 3158 2004 3207 dierum
2038 3158 2473 3222 navigationem,
2526 3175 2665 3220 cum,

1585 3227 1722 3277 haec
1743 3227 1791 3275 si
1818 3226 2002 3276 valeat
2033 3228 2203 3288 ratio,
2233 3229 2291 3277 in
2319 3228 2668 3293 navigatione

1586 3298 1655 3347 ab
1682 3296 1955 3360 Heliopoli
1983 3311 2025 3345 s.
2055 3297 2292 3360 regionis
2317 3298 2482 3346 Delta
2512 3298 2668 3360 apice

1580 3381 1755 3431 usque
1791 3366 1859 3414 ad
1888 3365 2103 3414 Thebas
2142 3367 2395 3415 duodecim
2422 3366 2540 3414 dies
2573 3365 2666 3414 ad-

1585 3436 1701 3485 dito
1755 3433 1980 3483 alterius
2034 3434 2257 3490 dimidio
2316 3433 2668 3484 consumendi

1583 3504 1715 3553 sint:
1765 3504 1861 3553 sed
1897 3502 2111 3552 videtur
2146 3503 2456 3552 Herodotus
2501 3518 2669 3552 novem

1580 3572 1849 3638 posuisse,
1892 3572 2033 3635 quod
2058 3586 2223 3620 novem
2258 3572 2523 3621 schoenos
2557 3587 2666 3620 uno

1579 3642 1947 3706 navigationis
1980 3640 2068 3688 die
2102 3639 2264 3703 vulgo
2303 3640 2515 3690 absolvi
2548 3641 2668 3690 ani-

1581 3711 1971 3759 madverteret:
1998 3708 2142 3773 quod
2164 3709 2340 3772 ipsum
2357 3709 2533 3759 adhuc
2550 3709 2667 3759 fieri

1579 3794 1740 3844 posse
1808 3779 1954 3828 idem
2021 3782 2247 3827 annotat
2318 3779 2667 3841 Letronnius,

1581 3864 1737 3914 quem
1784 3848 1908 3897 vide
1955 3863 2008 3912 p.
2050 3847 2327 3897 144-146
2371 3847 2533 3912 plura
2578 3864 2666 3897 ex·-

1580 3922 1888 3981 ponentem.
1973 3918 2125 3966 Haec
2172 3916 2340 3980 igitur
2388 3918 2458 3966 ad
2495 3918 2668 3967 Hero·

1582 3987 1767 4036 dotum
1812 3986 1903 4036 vel
1948 3985 2325 4049 explicandum
2373 3987 2458 4036 vel
2507 4002 2667 4038 excu-

1581 4057 1810 4106 sandum
1835 4057 1881 4106 si
1909 4056 2034 4120 quid
2064 4053 2278 4116 valent,
2314 4064 2556 4106 remanet
2586 4063 2668 4106 ta-

1579 4141 1701 4174 men
1740 4140 1934 4174 novem
1984 4124 2191 4174 dierum
2226 4140 2480 4175 uumerus
2518 4126 2664 4175 iusto

1578 4196 1752 4244 minor
1782 4194 1851 4243 ad
1882 4198 2094 4243 tanturn
2116 4194 2224 4243 iter
2245 4193 2664 4245 conficiendum:

1579 4264 1715 4313 adeo
1742 4269 1828 4324 ut,
1868 4263 1975 4313 nisi
2001 4262 2251 4312 mendum
2286 4263 2343 4311 in
2367 4264 2541 4327 ipsum
2568 4280 2666 4313 nu·

1577 4348 1781 4382 merum
1821 4323 2030 4394 (ἐννέα)
2067 4331 2381 4396 irrepserit,
2418 4332 2666 4382 Herodo-

1576 4407 1688 4452 tum
1724 4401 1896 4451 miuus
1942 4403 2195 4451 accurate
2234 4397 2372 4450 haec
2408 4398 2664 4451 retulisse
