3109 5092
422 351 546 412 394

1244 327 1815 410 'HERODOTI

390 544 396 548 “
423 523 589 598 κατὰ
618 523 895 612 γνώμην
915 520 1039 611 τὴν
1069 516 1428 611 ἡμετέρην,
1457 527 1550 614 τῷ
1580 523 1694 590 καὶ
1713 519 2057 611 Ἱλλυριῶν
2085 520 2389 604 Ἐνετοὺς
2418 522 2691 592 πυνθά-

423 657 620 717 νομαι
651 632 960 716 χρᾶσθαι.
1045 624 1214 694 κατὰ
1247 625 1473 713 κώμας
1499 626 1779 705 ἑκάστας
1813 624 1986 709 ἅπαξ
2021 632 2142 695 τοῦ
2195 634 2375 707 ἔτεος
2411 626 2695 696 ἑκάστου

422 734 719 804 ἐποιέετο
764 729 944 799 τάδε.

1041 724 1130 808 ὥς
1174 724 1261 799 ἂν
1302 734 1378 797 αἰ
1422 732 1754 817 παρθένοι
1800 738 2099 817 γινοίατο
2153 731 2389 819 γάμων
2431 725 2695 818 ὡραῖαι,

421 836 665 914 ταύτας
718 830 892 913 ὅκως
941 832 1389 921 συναγάγοιεν
1450 832 1699 916 πασας,
1784 836 1851 914 ἐς
1905 838 1980 904 ἓν
2031 841 2281 922 χωρίον
2330 833 2697 921 ἐσάγεσκον

424 937 649 1019 ἁλέας·
728 940 915 1025 πέριξ
977 936 1054 1004 δὲ
1114 933 1320 1015 αὐτὰς
1369 941 1596 1005 ἵστατο
1637 933 1865 1025 ὅμιλος
1916 934 2211 1025 ἀνδρῶν.
2288 934 2562 1017 ἀνιστὰς
2619 936 2695 1005 δὲ

425 1040 595 1116 κατὰ
625 1049 787 1130 μίαν
816 1038 1103 1127 ἑκάστην
1131 1043 1339 1128 κῆρυξ
1369 1043 1730 1126 πωλέεσκε,
1763 1046 1993 1129 πρῶτα
2013 1041 2140 1129 μὲν
2166 1038 2292 1129 τὴν
2311 1037 2693 1109 εὐειδεστά-

421 1213 656 1276 ligiones
704 1224 926 1275 prorsus
976 1212 1339 1273 spectantem;
1398 1212 1507 1258 ete-

423 1285 532 1333 nim
566 1296 705 1346 quae
752 1279 807 1329 h.
843 1278 882 1328 l.
935 1278 1253 1340 traduntur,
1300 1276 1368 1327 ad
1419 1293 1504 1327 res

425 1351 753 1403 domesticas
789 1347 1021 1397 tuendas
1044 1352 1100 1397 et
1126 1346 1402 1412 augendas
1430 1348 1508 1396 in-

426 1424 623 1471 stituta
658 1418 832 1467 videri
878 1417 1023 1480 vult,
1073 1433 1136 1467 eo
1183 1416 1410 1467 consilio
1447 1421 1510 1466 ut

425 1489 573 1541 nulla
610 1489 767 1552 virgo
805 1488 1034 1551 innupta
1070 1491 1312 1536 maneret
1345 1491 1510 1551 atque

425 1564 697 1612 formosae
742 1557 983 1620 virgines
1032 1556 1218 1620 egenis
1277 1560 1375 1605 aut
1417 1556 1513 1605 rni-

426 1645 528 1681 nus
563 1628 807 1678 venustis
853 1626 1033 1676 dotem
1082 1626 1314 1690 indeque
1346 1626 1509 1675 etiam

425 1700 647 1764 nuptias
685 1701 960 1761 pararent.
991 1724 1063 1732 —-
1086 1697 1150 1745 In
1174 1696 1356 1745 verbis
1392 1712 1511 1761 pro-

425 1772 567 1820 xime
585 1766 1032 1818 antecedentibus
1055 1765 1409 1815 eFlorentino
1431 1781 1510 1815 re-

427 1839 584 1906 posui
599 1834 941 1898 κατεστέασι,
972 1851 1131 1900 quam
1153 1836 1377 1885 eandem
1406 1836 1511 1885 for-

427 1925 566 1960 mam
607 1907 702 1957 alii
746 1922 961 1971 quoque
1007 1906 1112 1955 loci
1155 1903 1228 1968 (1,
1273 1905 1507 1967 200.11‚

427 1980 514 2031 70.
552 1978 639 2029 84.
679 1976 775 2037 IV,
824 1974 920 2039 63)
969 1975 1253 2037 exhibent,
1296 1976 1353 2024 in
1392 1975 1511 2039 qui—

424 2050 528 2098 bus
564 2044 888 2096 Bredovium
927 2045 973 2094 si
1010 2035 1284 2108 sequimur
1309 2061 1358 2109 p.
1383 2045 1505 2106 398,

426 2115 819 2183 reponendum:
848 2112 1161 2163 κατεστᾶσι.
1202 2113 1344 2164 Olim
1368 2114 1510 2164 male

425 2186 712 2248 vulgatum
778 2187 897 2233 erat
965 2180 1351 2244 κατεστὲαται,
1414 2182 1510 2233 sed

428 2257 667 2306 activum
693 2255 748 2301 in
783 2253 868 2302 his
904 2253 1124 2302 obvium
1150 2252 1351 2312 1,13·2.
1397 2252 1509 2302 197.

428 2324 549 2376 ⁸200.
565 2325 755 2373 —Pro
777 2309 906 2376 ὦδε,
934 2321 1078 2387 quod
1107 2321 1232 2370 Eltz
1262 2322 1511 2387 (Iahrbb.

431 2392 727 2445 d.Pl1ilol.
774 2408 829 2441 ιι.
879 2391 1117 2455 Paedag.
1174 2391 1360 2455 Suppl.
1412 2391 1511 2441 IX.

430 2480 482 2529 p.
521 2463 646 2524 115)
685 2461 851 2511 scribi
895 2461 1013 2510 vult
1051 2457 1230 2523 οἵδε,
1281 2459 1337 2509 id
1384 2460 1515 2509 mihi

428 2533 576 2584 haud
610 2531 976 2582 necessarium
1009 2530 1243 2581 videtur.
1317 2531 1423 2580 Sed
1458 2530 1515 2580 in

431 2618 583 2669 seqq.
630 2599 880 2667 χρᾶσθαι
929 2600 1184 2664 rescripsi
1227 2616 1349 2650 cum
1383 2602 1514 2650 Bre-

430 2674 558 2723 dov.
597 2689 649 2737 p.
699 2671 802 2723 380
849 2676 904 2721 et
963 2674 1190 2720 recentt.
1246 2670 1371 2722 edd.
1416 2685 1514 2734 pro

429 2744 581 2808 vulg.
618 2740 889 2824 χρῆσθαι.

498 2809 578 2878 τῷ
612 2807 708 2859 καὶ
745 2803 1035 2870 Ἰλλυριῶν
1061 2799 1327 2864 Ἐνετοὺς
1373 2823 1515 2856 πιν-

432 2863 692 2942 θάνομαι
754 2877 1024 2944 χρᾶσθαι]
1082 2879 1184 2928 Cui
1248 2876 1515 2928 Herodoti

432 2950 636 3001 iudicio
683 2948 749 2997 de
793 2948 1017 3013 Illyrica
1072 2950 1366 2997 Enetorum
1414 2946 1517 2996 ori-

435 3021 561 3086 gine
596 3033 658 3067 eo
697 3017 870 3078 magis
904 3017 1293 3076 insistendum,
1339 3016 1517 3065 iudice

434 3086 734 3140 Niebuhrio
769 3087 824 3135 in
859 3086 1006 3135 Hist.
1043 3087 1273 3134 Roman.
1311 3086 1356 3134 I.
1389 3100 1513 3149 pag.

437 3161 538 3210 172
577 3155 663 3206 ed.
701 3171 810 3206 sec.
849 3153 915 3218 (1.
956 3172 1008 3220 p.
1054 3155 1150 3203 100
1188 3154 1271 3203 ed.
1320 3153 1516 3217 prior),

435 3244 542 3294 quo
574 3225 852 3290 Illyricum
888 3240 1069 3288 regem
1093 3222 1202 3272 illis
1224 3225 1520 3287 imperasse

436 3296 628 3348 scribit
677 3294 896 3344 Servius
943 3294 1013 3343 ad
1048 3292 1243 3358 Vir-gil.
1288 3294 1423 3343 Aen.
1472 3293 1519 3353 Ι,

436 3368 560 3418 242.
633 3366 814 3428 Atque
832 3379 928 3428 per
952 3378 1146 3414 omnen
1173 3364 1284 3412 sere
1309 3367 1520 3412 austra-

435 3436 540 3487 lem
589 3435 985 3486 Italiae”oran1
1032 3431 1370 3497 myricarum
1429 3447 1524 3481 na-

435 3508 646 3557 tionum
682 3503 921 3569 vestigia
955 3503 1338 3568 reperiuntur.'
1370 3502 1523 3563 Quae

437 3582 621 3627 tamen
657 3575 878 3624 uberius
922 3573 1173 3638 persequi
1220 3572 1379 3621 huius
1414 3571 1523 3621 loci

437 3662 547 3696 non
567 3649 670 3695 est.
716 3644 841 3694 Vid.
859 3642 1184 3695 Grotefend:
1209 3642 1316 3691 Zur
1327 3640 1522 3691 Kunde

437 3715 684 3766 Italiens.
718 3714 814 3763 IV.
861 3728 915 3776 p.
955 3713 1008 3765 6.
1048 3715 1098 3762 7.
1172 3713 1366 3762 Zeuss:
1414 3710 1519 3760 Die

438 3783 752 3835 Deutschen
782 3799 836 3832 ιι.
877 3782 991 3832 ihre
1025 3781 1352 3831 Nachbarst.
1389 3795 1516 3844 pag.

439 3853 546 3904 250
596 3868 711 3915 seq.
807 3849 965 3901 Conf.
1020 3851 1166 3900 infra
1208 3852 1274 3912 V,
1325 3850 1378 3911 9,
1425 3850 1521 3898 ubi

439 3923 572 3970 item
618 3921 887 3970 Enetorum
951 3920 1176 3981 mentio,
1233 3919 1302 3968 ad
1364 3934 1522 3984 quem

438 3990 617 4040 locum
653 3988 811 4053 plura
856 3987 1124 4038 dabimus.
1199 3989 1358 4050 „Hoc
1399 3987 1521 4038 loco

440 4072 607 4108 unum
655 4070 1012 4106 memoramus
1061 4056 1524 4122 archiepiscopum

441 4124 886 4176 Mohileviensem
935 4124 1028 4184 (ad
1089 4126 1524 4190 Borysthenem),

444 4194 780 4246 Stanislaum
823 4191 1267 4244 Siestrencewicz
1314 4196 1380 4245 de
1421 4196 1527 4245 Bo-

441 4265 576 4313 husz
592 4300 605 4325 ‚
641 4263 970 4315 Venetorum
994 4262 1232 4326 orig-ines
1257 4264 1527 4328 explican-

442 4339 553 4382 tem
601 4332 658 4381 in
709 4330 875 4380 libro:
932 4331 1266 4382 Recherches
1310 4334 1528 4383 histori-

443 4417 576 4467 ques
627 4417 720 4453 sur
765 4399 1016 4467 l'origine
1076 4401 1173 4451 des
1229 4402 1523 4466 Sarmates,

1609 1209 1704 1259 des
1740 1209 2042 1260 Esclavons
2088 1215 2142 1259 et
2189 1209 2284 1260 des
2331 1208 2550 1270 Slaves,
2597 1208 2698 1257 Pe-

1609 1279 1807 1342 tropol.
1835 1279 1986 1329 1812.
2046 1281 2153 1340 Qui
2174 1294 2267 1343 per
2292 1277 2526 1342 Scythas
2553 1293 2698 1326 anno

1612 1350 1749 1399 1455
1787 1363 1840 1398 a.
1877 1349 2003 1399 Chr.
2042 1366 2097 1400 ιι.
2137 1366 2203 1399 ex.
2236 1349 2372 1399 Asia
2420 1347 2699 1411 superiore

1615 1416 1848 1480 (Media,
1885 1418 2132 1483 Assyria)
2173 1419 2229 1468 in
2267 1416 2700 1482 Paphlagoniam

1615 1487 1847 1549 indeque
1878 1489 1933 1537 in
1965 1488 2099 1538 alias
2125 1495 2298 1538 terras
2335 1486 2544 1536 delatos
2577 1502 2699 1536 cen-

1618 1561 1702 1606 set
1735 1555 1942 1618 Slavos,
1992 1573 2126 1622 quos
2164 1558 2313 1622 ipsos
2351 1556 2517 1621 prisci
2553 1556 2703 1606 dixe-

1614 1627 1726 1676 rint
1764 1626 2005 1688 Henetos,
2047 1633 2242 1691 postea
2278 1626 2457 1676 Αηιοε.
2514 1626 2701 1675 'Hene-

1613 1706 1770 1746 torum
1815 1711 1861 1745 s.
1909 1696 2180 1747 Enetorum
2229 1711 2424 1746 nomen
2477 1695 2701 1745 ductum

1614 1781 1734 1816 esse
1758 1766 1826 1814 ab
1863 1759 2125 1830 αἰνητός,
2162 1768 2353 1827 clarus,
2392 1766 2618 1824 illum,
2644 1765 2701 1813 iu

1615 1850 1786 1899 eoque
1852 1850 2072 1898 prorsus
2134 1851 2436 1901 congruere
2492 1834 2703 1884 nomini

1611 1905 1827 1966 Slavnm
1876 1905 2019 1969 quod
2067 1911 2120 1956 et
2164 1906 2343 1971 ipsum
2390 1905 2464 1954 sit
2506 1907 2699 1966 clama,

1608 1975 1878 2026 illumim‘
1844 1973 1878 2000 ‘⁴
1915 1975 2000 2024 Cr.

1681 2035 1757 2100 ὡς
1810 2058 1883 2091 αν
1936 2037 2000 2092 αἱ
2053 2019 2341 2106 παρθένοι
2394 2040 2696 2107 γινοίατο]

1611 2113 1795 2164 Libris
1831 2113 2048 2178 scriptis
2084 2112 2273 2162 invitis
2320 2112 2447 2162 olim
2483 2112 2703 2176 legeba-

1614 2188 1704 2232 tur
1739 2181 2040 2246 γενοίατο,
2092 2182 2239 2247 quod
2288 2185 2474 2232 tuetur
2505 2197 2700 2232 censor

1615 2254 1672 2303 in
1707 2252 1988 2316 Ephemm.
2036 2253 2191 2302 Ienn.
2239 2252 2394 2303 1817.
2448 2267 2530 2301 nr.
2576 2252 2697 2302 16-1.

1614 2337 1743 2386 pag.
1781 2321 1901 2372 373.
1938 2352 2009 2360 —-
2044 2320 2308 2370 Valcken.
2359 2337 2461 2403 pro
2506 2310 2615 2377 ὦς
2624 2336 2701 2369 αν

1618 2389 1811 2441 maluit
1858 2379 1939 2439 ὧν
1984 2380 2087 2451 ἄη
2152 2390 2398 2440 Werfero
2444 2390 2503 2439 in
2550 2392 2701 2440 Actt.

1618 2459 1769 2526 phill.
1808 2461 2055 2510 Monacc
2094 2461 2141 2511 Ι.
2172 2474 2226 2523 p.
2259 2458 2327 2509 84
2361 2459 2703 2510 scribendum

1618 2530 1861 2580 videtur.
1911 2521 1987 2586 ὦς
2036 2545 2146 2582 αν,
2195 2523 2267 2578 αι
2312 2524 2602 2608 παρθένοι
2647 2545 2700 2580 κ

1619 2616 1664 2649 τ.
1704 2599 1772 2660 L,
1811 2604 1872 2648 ut
1893 2614 1967 2648 αν
1990 2600 2261 2664 pertineat
2285 2598 2355 2648 ad
2379 2588 2701 2663 ἔσαγεσιιον,

1618 2668 1904 2732 repetitam
1957 2668 2229 2733 quandam
2293 2669 2562 2722 actionem
2616 2669 2706 2718 de·

1619 2739 1853 2789 claraus.
1927 2738 2034 2789 Sed
2063 2737 2199 2788 nihil
2222 2738 2556 2800 mutandum,
2590 2739 2703 2789 vid.

1620 2808 1964 2859 Baeumleim
2044 2807 2375 2858 Untersuch.
2447 2809 2582 2857 iiber
2650 2810 2704 2858 d.

1619 2878 1835 2929 Griech.
1875 2877 2026 2928 Modi
2062 2892 2115 2941 p.
2152 2878 2256 2928 320
2290 2876 2416 2930 coll.
2466 2879 2531 2927 G.
2570 2879 2709 2927 Her·

1618 2963 1810 2997 mann:
1851 2947 2085 3010 Opuscc.
2124 2947 2221 2996 IV.
2260 2961 2314 3010 p.
2350 2947 2436 2997 20.
2476 2951 2531 2997 et
2565 2952 2706 2996 nott.

1619 3015 1689 3067 ad
1727 3017 1771 3078 Ι,
1809 3017 1894 3065 75.
1970 3016 2055 3065 Ad
2079 3019 2450 3081 argumentum
2473 3014 2709 3067 loci⁸an-

1619 3090 1779 3135 notat
1794 3086 1992 3135 Iacobs
2025 3085 2064 3137 l.
2088 3084 2125 3135 l.
2149 3101 2205 3149 p.
2241 3084 2327 3147 39,
2367 3085 2545 3135 adhuc
2563 3087 2708 3151 apud

1620 3157 1828 3206 Russos
1878 3153 2055 3204 simile
2104 3155 2234 3220 quid
2282 3155 2537 3218 reperiri,
2587 3171 2707 3205 cum

1620 3225 1861 3288 virgines
1898 3224 2110 3274 nubiles
2146 3224 2202 3273 in
2236 3223 2511 3288 publicum
2552 3239 2586 3274 a
2620 3241 2709 3275 co-

1625 3293 1807 3359 gnatis
1836 3292 1924 3343 vel
1953 3293 2142 3343 amicis
2172 3294 2532 3356 adducantur,
2569 3310 2711 3359 quae

1623 3363 1804 3428 procis
1841 3362 1959 3413 sive
2004 3378 2225 3413 uxorem
2271 3363 2592 3428 expetitur-is
2640 3379 2708 3414 ac

1624 3433 1693 3483 de
1740 3431 1868 3481 dote
1908 3432 2139 3496 aliisque
2192 3433 2353 3483 rebus
2405 3434 2714 3498 quaerenti-

1621 3503 1725 3553 bus
1761 3501 2143 3581 respondeant.

1693 3563 1834 3620 κατὰ
1857 3570 1996 3633 μίαν
2028 3561 2294 3637 ἑκάστην]
2314 3568 2451 3633 μίαν
2476 3585 2599 3621 cum
2630 3587 2714 3621 re-

1625 3644 1795 3693 centt.
1816 3640 1938 3691 edd.
1955 3640 2242 3720 recepipro
2257 3639 2413 3704 μίην.
2424 3641 2590 3691 --De
2607 3656 2714 3691 usu

1624 3710 2047 3795 praepositionis
2083 3702 2227 3758 κατὰ
2263 3714 2318 3759 et
2352 3711 2456 3761 hoc
2497 3709 2619 3760 loco
2658 3714 2715 3760 et

1623 3782 1680 3830 in
1714 3780 2162 3830 antecedentibus
2184 3771 2350 3842 (κατὰ
2370 3771 2562 3842 κώμας
2587 3769 2713 3828 ἕκα-

1627 3853 1781 3910 στας)
1827 3848 2015 3899 confer
2063 3848 2330 3900 Herodot.
2378 3849 2456 3910 11,
2496 3849 2582 3897 79.
2620 3847 2709 3898 93.

1624 3920 1723 3981 VI,
1764 3919 1850 3968 79.
1890 3918 2044 3978 VIII,
2078 3916 2179 3968 113
2209 3921 2265 3968 et
2305 3932 2446 3981 quae
2478 3917 2590 3967 alia
2625 3933 2715 3966 ex-

1628 3990 1868 4040 citantur
1921 3988 2067 4051 apud
2118 3986 2317 4037 Matth.
2366 3985 2461 4037 Gr.
2511 3986 2606 4036 Gr.
2658 3990 2710 4049 ξ.

1630 4059 1725 4108 581
1780 4057 1873 4108 fin.
1947 4058 2013 4107 In
2053 4071 2206 4124 seqq.
2255 4054 2714 4139 praepositionem

1628 4117 1688 4176 ἐκ
1725 4142 1847 4176 cum
1893 4125 1949 4175 vi
1994 4125 2229 4191 quadam
2275 4124 2520 4175 additam
2565 4127 2715 4191 geni-

1629 4196 1745 4246 tivo
1780 4190 2008 4244 πασέων
2036 4210 2101 4244 ex
2133 4194 2188 4244 h.
2216 4193 2255 4244 l.
2285 4193 2443 4244 affert
2466 4194 2712 4245 Fischer.

1630 4264 1701 4314 ad
1734 4263 1955 4313 Weller.
1996 4264 2091 4314 Gr.
2129 4263 2222 4314 Gr.
2259 4263 2366 4324 ΙΙΙ,
2406 4279 2459 4313 a.
2496 4278 2552 4326 p.
2590 4263 2715 4314 352.

1628 4335 1757 4384 Mox
1801 4349 1923 4382 cum
1970 4337 2200 4382 reeentt.
2240 4332 2362 4381 edd.
2405 4333 2531 4382 dedi
2565 4320 2717 4389 ὅπως

1628 4392 1774 4466 αὕτη
1810 4418 1908 4468 pro
1944 4402 2094 4467 vulg.
2133 4390 2281 4457 ὅπως
2316 4391 2479 4466 αὐτή.
