3109 5092
509 351 633 413 &2

505 525 620 593 καὶ
657 524 826 612 πυρὶ
855 501 979 591 'nul
1021 513 1217 591 ῧδοίτι
1261 525 1372 591 καὶ
1405 521 1728 612 ἀνέμοισι.

1369 352 1909 413 HERODOTI

1813 523 2107 593 τούτοισι
2157 525 2286 612 μὲν
2333 523 2419 613 δὴ
2470 525 2779 614 μούνοισι

504 626 754 695 θύουσι
808 623 1140 714 ἀρχῆθεν,
1196 627 1737 717 ἐπιμεμαθήκασί
1788 627 1863 696 δὲ
1913 629 2025 695 καὶ
2062 631 2144 717 τῇ
2189 622 2496 717 Οὐρανίῃ
2550 629 2774 714 θύειν,

504 729 686 818 παρά
713 751 784 796 τε
804 726 1176 817 Ἀσσυρίων
1198 730 1532 818 μαθόντες
1560 732 1670 800 καὶ
1693 728 2043 821 Ἀραβίων.
2096 732 2411 801 καλέουσι
2441 733 2516 800 δὲ
2538 729 2772 802 Ἀσσύ-

503 930 646 979 citur
676 931 887 992 Yacna:
925 944 1149 994 aquam,
1187 930 1437 993 arbores,
1476 934 1582 980 ter-

502 1015 636 1062 ram,
662 999 888 1061 coelum,
911 1004 1154 1061 ventum,
1185 1004 1353 1062 astra,
1377 999 1581 1061 lunam,

503 1069 672 1119 solem
706 1084 770 1118 ac
799 1068 1031 1133 denique
1050 1067 1227 1119 lucem
1263 1069 1406 1119 haud
1436 1084 1584 1118 crea-

502 1143 632 1188 tam.
691 1137 847 1200 Quod
883 1153 1012 1187 vero
1035 1139 1235 1188 Noster
1259 1139 1456 1189 Persas
1481 1138 1583 1187 sub

503 1206 654 1257 coelo
702 1208 945 1271 adeoque
999 1207 1056 1257 in
1101 1207 1375 1257 montibus
1425 1221 1586 1257 sacra

502 1277 683 1325 facere
717 1276 933 1337 scribit,

502 1346 600 1407 cis,
630 1360 719 1408 qui
737 1345 1008 1406 dicuntur
1039 1345 1126 1394 et
1113 1360 1287 1410 ipsum
1311 1347 1583 1396 convenit.

577 1411 795 1462 θυουσι
837 1381 1120 1477 ἀρχῆθεν]
1181 1415 1444 1464 Voculam
1487 1405 1587 1478 ἆρ-

501 1479 687 1547 χῆθεν
724 1482 1002 1532 Herodoto
1040 1487 1204 1547 atque
1232 1483 1472 1533 Ionibus·
1494 1484 1586 1532 ad-

502 1551 694 1600 scribit
762 1552 1161 1603 Grammaticus
1230 1554 1287 1602 iu
1347 1552 1584 1603 Bekkeri

501 1618 744 1669 Anecdd.
786 1621 831 1671 1.
879 1635 933 1684 p.
972 1623 1095 1684 450,
1133 1623 1186 1671 4.
1247 1622 1406 1685 Apud
1443 1621 1584 1671 Atti-

502 1704 595 1738 cos
631 1689 798 1752 enim,
838 1695 1064 1755 excepto
1100 1690 1398 1755 Aeschylo,
1434 1691 1583 1740 inve-

501 1759 609 1806 niri
653 1774 771 1807 eam
806 1764 990 1823 negat.
1062 1759 1202 1809 Add.
1243 1760 1579 1809 Bachmann.

500 1828 796 1878 Anecdott.
833 1828 879 1878 Ι.
901 1844 970 1910 p
999 1829 1127 1890 149,
1163 1830 1249 1878 21.

565 1894 827 1945 καλέουσι
859 1891 922 1946 δὲ
953 1866 1229 1962 Ἀσσύριοι
1252 1889 1358 1961 τὴν
1381 1888 1579 1961 ’Atypo-

481 1962 665 2028 ,St'rnv
701 1997 770 2004 —
806 1964 1060 2030 Μίτραν]
1103 1969 1282 2016 Locus
1319 1981 1581 2016 memora-

496 2033 624 2083 bilis
649 2034 980 2098 multumque
1017 2041 1267 2086 vexatus.
1314 2037 1427 2086 Nos
1456 2051 1578 2099 pro-

494 2101 804 2153 ficiscamur
852 2119 918 2152 ex
964 2104 1059 2164 iis,
1116 2120 1283 2170 quae,
1332 2109 1393 2154 ut
1438 2119 1580 2153 sum-

496 2186 638 2220 mam
661 2171 799 2234 loci,
836 2174 1019 2236 posuit
1039 2173 1231 2223 Creuz.
1257 2174 1312 2222 in
1332 2171 1574 2237 Symbol.

497 2238 544 2288 1.
584 2256 637 2303 p.
669 2243 769 2291 227
801 2256 950 2305 seqq.
986 2242 1085 2292 231
1122 2257 1272 2307 seqq.
1311 2241 1434 2292 coll.
1473 2240 1575 2291 Ch.

496 2309 700 2359 Walza
735 2310 818 2359 De
842 2310 1058 2360 Nemesi
1084 2312 1411 2360 Graecorum
1443 2327 1496 2375 p.
1520 2313 1570 2360 7.

497 2377 812 2443 Complures
848 2379 988 2428 enim
1031 2385 1214 2430 monet
1247 2380 1409 2429 Asiae
1449 2395 1576 2444 gen-

494 2452 579 2496 tes
616 2463 780 2497 unum
825 2448 1074 2513 idemque
1109 2453 1340 2499 naturae
1381 2448 1576 2513 princi-

493 2517 639 2581 pium
694 2517 983 2567 femineum
1035 2516 1306 2580 (naturam
1354 2523 1575 2568 natura-

493 2591 606 2635 tam
667 2586 760 2635 alii
824 2586 1046 2651 dicunt)
1110 2588 1275 2637 variis
1337 2587 1574 2636 coluisse

493 2656 924 2719 cognominibus,
947 2658 1026 2705 ita
1039 2662 1116 2718 ut,
1137 2672 1274 2721 quae
1289 2655 1413 2706 aliis
1426 2659 1574 2706 esset

491 2724 676 2773 Venus
714 2725 945 2786 Urania,
986 2725 1173 2775 eadem
1212 2726 1335 2775 aliis
1372 2725 1573 2775 dicere-

492 2797 582 2842 tur
610 2793 855 2857 Mylitta‚
883 2795 1006 2844 aliis
1029 2794 1230 2856 Alitta,
1259 2794 1443 2843 Persis
1467 2793 1573 2842 Mi-

492 2870 598 2911 tra.
635 2864 896 2923 Quamvis
920 2865 1059 2912 enim
1080 2864 1317 2924 nomina,
1347 2863 1572 2922 formae,

493 2929 760 2979 attributa
801 2931 959 2979 huius
1013 2932 1248 2980 numinis
1283 2932 1439 2980 varia
1479 2945 1573 2978 va-

491 2997 602 3047 rias
646 2998 789 3061 apud
837 3005 1026 3062 gentes
1073 3001 1209 3060 sint,
1257 2999 1570 3062 primariam

491 3071 675 3115 tamen
707 3068 945 3117 numinis
988 3069 1264 3117 notionem
1302 3083 1366 3117 ac
1404 3067 1570 3131 signi-

491 3134 802 3184 ficationem
839 3136 1060 3185 subesse
1100 3137 1324 3185 eandem
1371 3135 1573 3184 intelli-

489 3204 686 3269 gimus.
764 3204 916 3265 Quae
961 3204 1083 3268 ipsa
1124 3221 1245 3254 cum
1288 3204 1358 3253 ad
1394 3203 1570 3254 coele-

490 3277 603 3322 stes
655 3277 709 3321 et
755 3273 996 3322 sidereas
1043 3275 1285 3323 rationes
1340 3273 1569 3324 multum

489 3342 787 3406 pertineat,
833 3346 981 3391 recte
1025 3343 1342 3406 pronuntiat
1389 3342 1569 3392 Palm-

487 3410 638 3462 blad.
693 3409 784 3474 (de
827 3410 978 3461 rebb.
1026 3411 1331 3475 Babylonn.
1379 3427 1434 3475 p.
1473 3413 1566 3474 44)

489 3481 835 3529 coniunctam
854 3479 1212 3531 foecundatae
1244 3485 1298 3530 et
1314 3484 1429 3530 tum
1455 3481 1569 3530 foe-

486 3549 779 3598 cundautis
825 3549 1041 3611 Lunae,
1100 3564 1201 3598 nec
1246 3564 1355 3599 non
1397 3549 1568 3598 humi-

487 3618 617 3679 dae,
665 3617 1047 3681 concipientis,
1095 3618 1304 3667 fructus
1353 3617 1564 3667 edentis

485 3685 720 3736 Telluris
741 3685 918 3734 ideam
932 3687 1174 3749 exprimi.
1201 3686 1395 3737 Roeth.
1414 3701 1562 3747 vere,

482 3756 595 3816 ubi,
631 3755 807 3819 qualis
830 3754 995 3804 fuerit
1021 3769 1259 3804 summus
1293 3754 1385 3804 ille
1411 3754 1561 3816 deus,

483 3838 643 3886 quem
665 3821 813 3872 Iovis
835 3824 1050 3873 nomine
1072 3823 1416 3885 declararint,
1438 3824 1565 3873 edo-

483 3891 624 3952 cuit,
670 3892 970 3956 proximum
1015 3893 1084 3941 ab
1131 3892 1226 3942 illo
1273 3891 1449 3941 locum
1485 3897 1563 3941 te-

480 3959 667 4008 nuisse
709 3960 830 4009 vult
874 3960 1188 4010 muliebrem
1234 3960 1417 4020 deam,
1465 3974 1562 4023 per

480 4028 664 4076 varias
709 4028 875 4077 Asiae
919 4034 1108 4093 gentes
1157 4028 1357 4078 cultam
1410 4027 1562 4078 habi-

479 4100 700 4159 tamque
736 4101 1014 4160 parcntem
1049 4097 1221 4145 omnis
1258 4096 1562 4160 generatio·

480 4166 565 4212 nis
615 4169 668 4213 et
712 4166 1103 4229 procreationis
1155 4166 1432 4228 omnisque
1481 4164 1561 4212 in-

479 4234 741 4282 crementi
754 4234 811 4282 in
829 4233 989 4283 rebus
1003 4232 1370 4283 terrestribus:
1398 4247 1559 4296 quam

479 4303 703 4351 eandem
729 4302 900 4366 repeti
916 4300 1034 4350 vult
1061 4315 1127 4350 ex
1145 4299 1366 4350 notione
1394 4313 1563 4364 aqua-

477 4383 596 4420 rum
633 4370 949 4426 coelestium
983 4369 1040 4419 in
1069 4366 1220 4419 coelo
1248 4366 1406 4433 quasi
1431 4383 1560 4420 con-

973 1275 1030 1323 id
1060 1290 1182 1325 cum
1215 1276 1368 1327 libris
1395 1277 1588 1326 Zendi-

1684 936 2031 995 gregatarum
2066 930 2297 995 indeque
2331 946 2428 995 per
2464 931 2661 981 imbres
2687 932 2776 982 de-

1682 1000 1959 1064 lapsarum
1986 999 2058 1050 ad
2086 1005 2287 1049 terram
2323 1000 2770 1063 foecundandam,

1685 1083 1824 1134 quae
1860 1069 1985 1119 inde
2020 1071 2231 1119 semina
2263 1071 2423 1134 quasi
2455 1070 2638 1134 capiat
2662 1086 2773 1119 om-

1685 1141 1833 1188 nium
1878 1155 2054 1189 rerum
2100 1144 2155 1188 et
2190 1139 2552 1199 incrementa;
2599 1139 2670 1189 cf.
2713 1155 2769 1203 p.

1690 1209 1788 1258 105
1826 1223 1941 1272 seq.
2013 1209 2192 1272 Atque
2227 1207 2370 1257 idem
2409 1207 2591 1269 addit,
2628 1207 2769 1258 hanc

1689 1278 1873 1338 deam,
1932 1277 2083 1326 varie
2128 1276 2329 1326 cultam
2374 1277 2634 1341 varieque
2676 1293 2772 1327 no-

1689 1346 1947 1395 minatam
1983 1346 2309 1409 per'varias
2355 1345 2519 1396 Asiae
2558 1350 2768 1410 gentes,

1689 1417 1832 1480 apud
1857 1415 2094 1464 Arianae
2128 1415 2312 1479 stirpis
2336 1421 2526 1479 gentes
2554 1421 2770 1478 praeter

1689 1483 1989 1548 simplicem
2022 1498 2200 1549 aquae
2226 1483 2644 1549 appellationem
2682 1500 2768 1534 co-

1687 1567 1919 1616 gnomen
1954 1552 2214 1603 habuisse
2250 1553 2464 1605 Mitras.
2536 1555 2620 1603 De
2660 1569 2768 1619 quo

1687 1622 1900 1671 nomine
1937 1626 2064 1670 ante
2113 1623 2294 1672 omnia
2327 1622 2417 1672 hic
2443 1620 2763 1685 ridendum,

1685 1691 1830 1755 quod
1876 1690 2087 1740 Mitram
2122 1692 2277 1741 deam
2324 1691 2526 1741 diserte
2566 1692 2767 1742 Noster

1683 1759 1736 1808 h.
1776 1759 1813 1810 l.
1852 1761 2126 1823 nominat,
2162 1776 2285 1810 cum
2320 1761 2486 1826 vulgo
2524 1761 2766 1811 Mithram

1682 1830 1865 1878 norint
1899 1830 2041 1878 deum
2075 1828 2409 1894 eundemque
2441 1829 2605 1881 Solem
2642 1831 2762 1894 ipso

1682 1898 2016 1949 assentiente
2048 1898 2348 1960 Strabone,
2387 1900 2479 1963 qui
2512 1899 2763 1950 1.1.He-
2830 1911 2839 1917 ·

1681 1967 1909 2017 rodotea
1912 1967 2239 2047 respiciens
2278 1968 2526 2045 scripsit:
2561 1965 2762 2031 τιμῶσι

1681 2031 1746 2084 δὲ
1780 2032 1876 2084 καὶ
1899 2024 2086 2115 ἥλιον,
2118 2049 2193 2085 ον
2226 2033 2462 2085 καλοῦσι
2486 2035 2757 2098 Μίθρην,

1680 2099 1776 2153 καὶ
1815 2098 2058 2169 σελήνην
2092 2120 2144 2153 κ.
2177 2120 2224 2154 τ.
2254 2104 2300 2154 λ.
2356 2105 2564 2168 Quare,
2599 2110 2660 2154 ut
2680 2104 2759 2165 fit,

1678 2174 1962 2225 lectionem
1996 2175 2171 2237 ipsam
2207 2174 2360 2223 vario
2389 2174 2548 2223 modo
2585 2177 2761 2223 teuta—

1676 2248 1827 2306 runt,
1867 2258 2029 2308 quam
2065 2257 2254 2291 sanam
2291 2246 2346 2291 et
2379 2244 2603 2306 probam
2640 2257 2761 2292 esse

1676 2312 1832 2362 nobis
1870 2312 2141 2375 persuasit
2174 2310 2592 2376 Wesselingius,
2627 2326 2757 2361 usus

1676 2381 1966 2445 praecipue
1992 2379 2261 2430 Ambrosii
2286 2380 2599 2430 testimonio
2634 2395 2758 2429 con-

1676 2454 1764 2499 tra
1799 2450 2106 2514 Symmach.
2142 2449 2220 2498 11.
2258 2464 2313 2512 p.
2343 2450 2465 2510 840,
2504 2450 2597 2499 ubi
2619 2448 2755 2498 baec

1672 2518 1950 2583 leguntur:
1990 2517 2333 2580 „coelestem
2353 2517 2490 2579 Afri,
2518 2517 2756 2568 Mithram

1674 2588 1901 2648 Persae,
1948 2586 2190 2651 plerique
2235 2586 2497 2637 Venerem
2549 2587 2754 2647 colunt,

1674 2672 1771 2721 pro
1818 2656 2136 2706 diversitate
2178 2656 2444 2716 nominis,
2505 2671 2613 2705 non
2655 2671 2753 2719 pro

1674 2726 1910 2775 numinis
1956 2725 2284 2774 varietate.“
2358 2723 2620 2774 Nolumus
2656 2725 2754 2772 im-

1675 2796 1873 2845 morari
1919 2793 1975 2842 in
2009 2793 2280 2856 scriptura
2312 2793 2588 2855 Mithram,
2636 2793 2753 2842 sive

1673 2863 1945 2912 Ambrosii
1975 2862 2143 2926 ipsius
2178 2861 2425 2910 incuriae
2445 2863 2560 2911 sive
2592 2862 2754 2911 libra-

1675 2932 1876 2981 riorum
1899 2930 2181 2981 socordiae
2211 2929 2308 2979 illa
2325 2930 2399 2978 sit
2432 2927 2749 2991 tribuenda3

1671 3015 1784 3049 rem
1820 3001 1993 3064 ipsam
2027 2999 2243 3063 egregie
2279 2997 2602 3049 confirmant
2628 3000 2753 3049 Am-

1670 3068 1839 3118 brosii
1874 3068 2067 3129 verba,
2117 3067 2209 3130 qui
2244 3066 2391 3116 haud
2426 3069 2541 3117 scio
2578 3084 2647 3117 an
2683 3083 2750 3117 ex

1668 3138 1787 3200 ipso
1838 3137 2118 3186 Herodoto
2179 3135 2317 3185 haec
2381 3135 2749 3200 descripserit.

1669 3206 1877 3256 Eodem
1915 3204 2145 3254 nominis
2188 3205 2453 3254 rationem
2502 3211 2750 3270 spectare

1669 3274 1886 3334 volunt,
1951 3274 1999 3323 si
2055 3272 2273 3338 quidem
2328 3278 2545 3337 etymon
2599 3274 2748 3324 illius

1670 3344 1952 3408 proferunt
1972 3342 2098 3391 miler
2123 3356 2169 3392 s.
2195 3341 2353 3404 mihir,
2379 3343 2417 3391 i.
2446 3358 2494 3393 e.
2516 3359 2749 3404 amorem,

1669 3413 1810 3474 sive,
1851 3416 1910 3460 ut
1945 3410 2068 3460 aliis
2103 3412 2310 3474 placet,
2343 3412 2511 3462 solent.
2586 3412 2745 3462 Conf-

1667 3481 1828 3545 Hyde
1865 3480 1931 3529 de
1967 3479 2121 3544 relig.
2159 3481 2313 3529 Pers.
2351 3495 2404 3543 p.
2446 3479 2566 3530 129.
2628 3480 2749 3545 Syl-

1667 3554 1847 3598 vestre
1892 3547 1959 3597 de
2004 3547 2149 3611 Sacy
2196 3548 2269 3597 ad
2311 3547 2393 3596 St.
2437 3549 2599 3598 Croix
2644 3550 2751 3599 Re·

1666 3617 1877 3668 cherch.
1919 3631 2012 3665 sur
2046 3617 2126 3666 les
2162 3613 2428 3679 mysteres
2479 3618 2547 3667 de
2580 3632 2749 3682 paga-

1665 3687 1806 3736 nism
1845 3685 1924 3735 11.
1962 3701 2016 3748 p.
2055 3685 2175 3734 121.
2248 3683 2354 3735 Sed
2389 3684 2532 3735 idem
2567 3685 2747 3736 Boeth

1668 3755 1730 3819 (1.
1759 3754 1794 3803 l.
1831 3769 1885 3818 p.
1912 3753 2014 3804 106
2046 3769 2162 3818 seq.
2188 3757 2249 3803 et
2264 3758 2405 3804 nott.
2434 3770 2486 3818 p.
2511 3752 2573 3804 31
2600 3754 2741 3819 seq.)

1663 3822 1947 3872 contendit
1971 3822 2112 3871 hanc
2144 3836 2331 3872 vocem
2368 3821 2749 3886 (Mithra-Mi-

1663 3890 1769 3955 tra)
1798 3906 1906 3941 non
1934 3906 2055 3940 esse
2076 3892 2254 3954 ipsum
2288 3890 2374 3940 dei
2411 3890 2615 3940 deaeve
2649 3904 2747 3939 no-

1662 3973 1810 4021 men,
1846 3959 1941 4009 sed
1974 3974 2302 4023 cognomen,
2336 3959 2481 4023 quod
2496 3957 2743 4023 pluribus

1664 4027 1769 4077 diis
1804 4025 2063 4077 beneficis
2097 4027 2267 4077 tribui
2304 4027 2508 4092 possit,
2546 4043 2577 4076 e
2608 4027 2745 4077 San-

1662 4097 1902 4146 scritana
1927 4095 2116 4160 lingua
2139 4097 2221 4146 ita
2246 4095 2648 4160 explicandum,
2682 4100 2744 4145 ut

1662 4165 1892 4214 amicam
1906 4168 1961 4214 et
1971 4169 2183 4228 gratam
2197 4164 2351 4215 deam
2362 4163 2507 4227 („die
2515 4164 2743 4214 F'reund-

1659 4234 1811 4295 licke,
1848 4233 2079 4298 Holde“)
2111 4248 2285 4297 aeque
2318 4236 2485 4297 atque
2511 4233 2744 4282 amicum

1662 4306 1717 4351 et
1750 4300 2051 4351 beneficum
2076 4301 2234 4352 deum
2271 4300 2538 4352 declax-ete
2575 4315 2743 4365 quare

1659 4368 1739 4419 nil
1772 4369 1965 4419 mirum
2002 4374 2056 4419 et
2093 4367 2274 4420 Solem
2306 4369 2388 4419 ita
2414 4368 2526 4419 dici
2560 4374 2618 4419 et
2637 4369 2745 4419 Lu·
