3109 5092
1010 345 1513 408 EUTERPE.
1561 347 1645 405 ΙΙ.
1694 353 1814 408 133.
1862 354 1983 410 134.
2506 342 2621 403 731

349 519 454 591 οὗ.
560 527 785 591 Ταῦτα
827 521 1210 593 ἀκούσαντα
1255 518 1377 590 τὸν
1415 525 1857 609 Μυκερῖνον,
1907 517 1996 600 ως
2040 511 2630 610 κατακεκριμένων

349 624 482 714 ἤδη
513 630 586 694 οἰ
611 625 909 712 τούτων,
955 625 1170 713 λύχνα
1200 622 1656 713 ποιησάμενον
1684 621 1932 710 πολλὰ,
1981 619 2155 704 ὅκως
2180 631 2437 710 γίνοιτο
2479 622 2625 708 νύξ,

349 727 702 810 ἀνάψαντα
731 726 940 814 αὐτοὶ,
999 737 1226 799 πίνειν
1271 756 1343 798 τε
1384 729 1496 796 καὶ
1530 724 1931 813 εὐπαθέειν,
1978 726 2133 797 οὔτε
2180 721 2426 816 ἡμέρης
2469 724 2626 797 οὔτε

347 829 595 911 νυκτὸς
621 830 929 919 ἀνιέντα,
980 839 1046 912 ἐς
1071 859 1144 901 τε
1173 829 1253 900 τά
1282 836 1436 901 ἕλεα
1464 834 1577 900 καὶ
1612 829 1693 900 τὰ
1735 829 1943 901 ἄλσεα
1983 830 2429 919 πλανώμενον
2449 883 2466 916 ,
2513 834 2627 900 καὶ

349 941 464 1005 ἵνα
492 935 915 1006 πυνθάνοιτο
937 935 1112 1006 εἶναι
1142 933 1552 1024 ἐνηβητήρια
1579 934 2092 1024 ἐπιτηδειότατα.
2120 939 2330 1004 ταῦτα
2360 935 2435 1005 δὲ
2466 937 2622 1022 ἐμη-

350 1043 629 1126 χανᾶτο,
656 1042 887 1108 θέλων
913 1038 988 1108 τὸ
1015 1040 1342 1130 μαντήϊον
1369 1038 1800 1127 ψευδόμενον
1826 1036 2144 1120 ἀποδέξαι
2164 1091 2182 1122 ,
2199 1029 2328 1107 ’ἵνα
2355 1043 2425 1108 οἱ
2441 1035 2622 1107 δυσό-

353 1147 518 1211 δεκα
560 1147 710 1210 ἔτεα
764 1140 914 1212 ἀντὶ
956 1146 1022 1225 ἓξ
1077 1146 1279 1213 ἐτέων
1327 1145 1638 1231 γένηται,
1702 1148 1779 1212 αἱ
1828 1141 2068 1223 νύκτες
2107 1137 2347 1231 ἡμέραι
2392 1140 2623 1212 ποιεύ-

353 1272 573 1333 μεναι.

497 1355 862 1436 Πυραμίδα
902 1349 976 1418 δὲ
1004 1351 1116 1417 καὶ
1145 1339 1338 1428 οὗτος
1364 1344 1726 1416 ἀπελίπετο
1762 1344 2015 1416 πολλὸν
2044 1345 2301 1416 ἐλάσσω
2340 1352 2462 1415 τοῦ
2493 1371 2619 1414 πα-
2644 1348 2761 1409 134

349 1449 538 1540 τρός,
596 1442 804 1520 εἴκοσι
849 1458 1082 1522 ποδῶν
1125 1454 1587 1521 καταδέουσαν
1624 1456 1847 1520 κῶλον
1887 1454 2169 1520 ἕκαστον
2211 1456 2421 1539 τριῶν
2463 1452 2622 1519 πλέ-

422 1649 518 1703 καὶ
565 1650 663 1703 ἵνα
706 1648 1068 1703 πυνθάνοιτο
1114 1648 1262 1703 εἶναι
1308 1646 1433 1717 ἐνη-

352 1713 595 1790 βητήρια
629 1713 1064 1788 ἐπιτηδεότατα]
1090 1725 1128 1775 i.
1162 1740 1208 1774 e.
1234 1727 1285 1773 in
1309 1739 1435 1788 qua-

350 1808 540 1858 cunque
568 1800 722 1855 parte
762 1794 983 1856 regionis
1025 1809 1254 1843 secessus
1288 1795 1413 1844 intel
1419 1822 1435 1831 —

349 1865 530 1928 {igeret
562 1877 672 1912 esse
705 1863 1104 1924 iucundissimos,
1141 1864 1434 1926 interprete

350 1930 746 1992 Valckenario,
795 1933 887 1996 qui
921 1935 1047 1995 post
1083 1923 1231 1979 εἶναι
1266 1931 1434 1981 inseri

353 2001 471 2051 vult
506 1998 610 2063 γῆς
645 1999 789 2062 (cum
835 1999 933 2049 ἵνα
979 1999 1336 2065 iungendum,
1374 2004 1437 2050 ut

351 2070 398 2132 1,
424 2069 511 2120 98.
533 2067 655 2120 213.
681 2070 756 2128 11,
785 2070 885 2120 172
902 2071 1052 2132 etc.),
1076 2070 1221 2134 quod
1242 2070 1438 2119 deinde

354 2155 421 2190 ex
457 2139 680 2203 Gregor.
726 2138 970 2190 Corinth.
1018 2140 1085 2189 de
1134 2138 1265 2189 dial.
1313 2140 1433 2189 Ion.

352 2207 397 2270 ξ,
440 2209 506 2258 65
533 2214 857 2273 receperunt
889 2209 1435 2272 Schweighaeuserus

355 2283 410 2329 et
453 2277 816 2328 Gaisfordius.
887 2278 1155 2341 Equidem
1201 2294 1234 2328 a
1282 2279 1435 2328 libris

354 2347 573 2410 scriptis
638 2352 786 2396 stare
833 2345 999 2397 malui
1059 2348 1201 2398 hanc
1247 2364 1437 2397 vocem

352 2417 569 2466 minime
617 2418 980 2466 necessariam
1036 2417 1435 2482 ignorantibus.

352 2485 490 2536 Item
523 2484 852 2536 Valckenar.
891 2476 1236 2566 ἐνηβητήρια
1277 2487 1440 2535 inter-

353 2559 624 2620 pretatur:
686 2555 849 2618 „loca
905 2569 1052 2617 προς
1099 2549 1295 2604 ἄνεσιν
1343 2550 1438 2604 καὶ

352 2616 671 2673 ἀπόλαυσιν
706 2611 770 2672 εὖ
809 2617 1169 2688 πεφυκότα.“
1219 2625 1292 2674 Η.
1328 2625 1440 2674 Va-

351 2694 518 2745 lesius
580 2694 823 2757 exponit:
896 2709 1104 2744 amoena
1159 2694 1440 2744 diversoria

355 2771 406 2814 et
441 2778 688 2812 secessus.
769 2763 1121 2813 Grammatici
1166 2763 1440 2826 explicant

355 2822 797 2894 ἐνευωχητήριας
842 2832 956 2883 vid.
996 2832 1176 2883 Gloss.
1214 2833 1438 2894 Herod„

356 2899 586 2961 Suidas,
629 2901 868 2951 Zonaras
919 2917 966 2953 s.
1004 2917 1057 2951 v.
1109 2899 1232 2952 coll.
1268 2902 1434 2966 Greg.

357 2968 601 3020 Corinth.
651 2970 717 3020 de
766 2969 894 3020 dial.
936 2970 1057 3021 Ion.
1097 2973 1147 3033 §-
1190 2971 1277 3022 65.
1316 2971 1435 3022 130.

355 3038 563 3092 Aelian.
614 3040 681 3090 N.
727 3041 794 3090 A.
835 3040 934 3102 XI,
974 3041 1058 3103 10,
1105 3040 1200 3091 ubi
1233 3042 1438 3091 Jacobs

355 3108 491 3159 alios
522 3124 736 3175 quoque
771 3109 920 3160 locos
945 3109 1150 3161 attulit.
1223 3111 1440 3162 Wesse-

355 3177 556 3243 lingius
584 3195 704 3230 cum
726 3179 876 3229 hisce
908 3179 1190 3230 contendit
1223 3184 1333 3231 loca
1357 3197 1440 3231 vo-

355 3250 608 3311 luptaria,
650 3264 786 3313 quae
829 3249 973 3312 apud
1010 3248 1233 3299 Sallust.
1275 3250 1439 3300 Catil.

359 3318 416 3366 11
459 3316 838 3378 inveniuntur,
883 3317 1065 3367 Plaut.
1112 3319 1280 3370 Poen.
1330 3320 1441 3382 111,

356 3387 406 3446 2,
442 3387 529 3447 25,
564 3384 693 3434 alia.

425 3478 491 3534 αἰ
521 3476 722 3541 νύκτες
768 3476 973 3548 ἡμέραι
1007 3477 1362 3552 ποιεύμεναι]
1403 3488 1437 3537 i.

357 3570 404 3606 e.
441 3555 639 3620 quando
673 3562 843 3604 noctes
878 3557 928 3603 in
956 3554 1066 3605 dies
1091 3565 1442 3606 converteren-

356 3632 466 3684 tur3
519 3623 615 3673 ubi
672 3626 980 3673 structurae
1027 3639 1199 3687 genus
1258 3626 1444 3674 obser-

357 3693 592 3743 vandum
610 3730 623 3755 ,
682 3707 789 3757 quo
851 3693 1245 3742 nominativum
1319 3694 1439 3744 loco

355 3762 584 3828 genitivi
616 3762 817 3813 Noster
851 3761 941 3811 hic
972 3762 1185 3827 posuit,
1222 3777 1440 3812 sensum

356 3831 532 3898 magis
569 3832 867 3897 respiciens
917 3836 972 3881 et
1006 3830 1144 3881 haec
1194 3832 1317 3896 ipsa
1353 3846 1441 3881 eo-

357 3902 477 3952 dem
513 3915 647 3951 casu
683 3899 1156 3962 antecedentibus,
1196 3901 1264 3950 ad
1302 3914 1442 3964 quae

356 3970 655 4034 pertinent,
705 3969 1029 4028 adnectens;
1079 3970 1224 4019 conf.
1262 3968 1441 4019 Kush-

356 4054 453 4088 ner
469 4039 564 4089 Gr.
583 4039 675 4088 Gr.
703 4038 754 4100 §-
776 4037 898 4098 678,
933 4040 952 4087 l
984 4041 1040 4087 et
1063 4038 1177 4089 Jul.
1200 4038 1437 4088 Geisler:

357 4107 443 4157 De
478 4107 705 4157 Graecc.
753 4107 1043 4156 nominatt.
1082 4107 1343 4157 absolutt.
1382 4122 1437 4172 p.

357 4177 443 4227 25.
517 4175 705 4239 Neque
740 4175 848 4225 alio
877 4174 1035 4225 modo
1065 4179 1440 4226 accusativum

356 4242 545 4293 κῶλον
588 4248 646 4293 in
693 4260 808 4308 seq.
857 4259 981 4308 cap.
1040 4243 1440 4308 explicaverim,

358 4313 430 4363 ad
488 4328 645 4376 quem
699 4311 967 4363 Matthiae
1025 4312 1266 4377 suppleri
1322 4313 1443 4362 vult

356 4375 617 4447 ἔχουσαν,
653 4385 717 4431 ut
749 4382 825 4446 ΙΙ,
859 4382 947 4445 41,
983 4382 1078 4432 ubi
1108 4387 1291 4433 tamen
1326 4382 1439 4432 vid.

1537 1658 1679 1703 nott.
1716 1655 1789 1704 Et
1818 1654 2130 1718 obloquitur
2161 1668 2375 1718 quoque
2397 1648 2625 1714 Geisler,

1541 1739 1699 1788 quem
1737 1724 1810 1773 ibi
1846 1724 1952 1773 iam
1987 1721 2286 1784 attulimus,
2322 1737 2448 1788 pag.
2487 1722 2573 1771 27.

1848 1911 1980 1960 cir.
2020 1909 2313 1960 CXXXIV.

1610 2007 1822 2066 πολλὸν
1879 2004 2089 2063 ἐλάσσω
2143 2009 2249 2062 τοῦ
2292 2003 2534 2078 πατρὸς]
2583 2012 2621 2063 i.

1538 2103 1588 2137 e.
1622 2087 1769 2135 multo
1817 2087 2049 2134 minorem
2094 2083 2359 2148 pyramide
2395 2099 2427 2131 a
2469 2090 2626 2145 patre

1539 2154 1808 2221 (Cheope)
1833 2159 2115 2204 exstructa.
2165 2152 2250 2201 De
2277 2150 2380 2201 hoc
2412 2151 2627 2202 dicendi

1538 2240 1737 2289 genere
1792 2228 2008 2287 praeter
2064 2221 2332 2271 Matthiae
2380 2222 2472 2271 Gr.
2528 2222 2622 2273 Gr.

1540 2294 1589 2356 ξ.
1631 2297 1735 2346 454
1769 2293 1917 2344 conf.
1968 2307 2107 2357 quae
2151 2289 2343 2340 attulit
2386 2289 2624 2342 Ulli-ich:

1537 2365 1796 2428 Beitriige
1826 2379 1874 2413 z.
1906 2360 2252 2426 Thucydides
2276 2360 2351 2409 11.
2380 2376 2505 2425 pag.
2539 2362 2623 2415 15.

1542 2435 1671 2484 Mox
1708 2432 1966 2482 revocavi
2002 2448 2032 2482 e
2064 2430 2338 2496 plerisque
2358 2430 2515 2479 codd.
2548 2427 2625 2479 εἴ-

1543 2516 1673 2551 κοσι
1718 2518 1816 2567 pro
1860 2491 2092 2562 ἐείκοσι,
2153 2498 2298 2564 quod
2346 2499 2623 2550 Gaisford.

1544 2571 1794 2632 dederat;
1834 2571 1908 2620 cf.
1947 2570 2025 2632 ΙΙ,
2066 2568 2161 2618 121
2200 2568 2323 2618 init.

1613 2654 1794 2706 εἴκοσι
1839 2653 2041 2704 ποδῶν
2082 2651 2475 2702 καταδέουσαν
2519 2650 2628 2701 κῶ-

1542 2725 1645 2775 λον
1664 2720 1902 2775 ἕκαστον
1927 2720 2099 2787 τριῶν
2119 2719 2407 2788 πλέθρων]
2429 2721 2626 2772 Delevi

1542 2812 1665 2845 cum
1703 2792 2005 2857 Schweigh.
2050 2806 2259 2842 comma
2293 2796 2420 2857 post
2453 2805 2624 2840 κατα-

1542 2862 1814 2926 δέουσαν,
1856 2878 1958 2913 nec
1980 2862 2039 2911 in
2070 2860 2292 2926 reliquis
2329 2862 2623 2927 quidquam

1541 2933 1859 2984 mutandum
1919 2932 2134 2994 censui,
2195 2947 2317 2982 cum
2371 2931 2461 2982 hic
2511 2931 2625 2981 fere

1539 3004 1650 3054 loci
1682 3003 1935 3053 videatur
1965 3016 2086 3052 esse
2122 3016 2340 3053 sensus:
2381 3003 2629 3066 „reliquit

1539 3079 1687 3125 etiam
1724 3069 2088 3138 (Mycerinus)
2124 3073 2438 3135 pyramidem
2479 3073 2627 3120 multo

1539 3149 1772 3196 minorem
1817 3158 1907 3205 ea,
1968 3158 2113 3208 quam
2159 3149 2315 3205 pater
2361 3141 2623 3206 (Cheops3

1542 3214 1656 3265 vid.
1689 3213 1765 3274 11,
1808 3213 1906 3264 124
1944 3211 2119 3278 seqq.)
2155 3218 2510 3273 exstruxerat,
2546 3212 2629 3259 cui

1540 3285 1713 3348 viginti
1729 3283 1887 3345 pedes
1913 3284 1965 3331 in
1987 3297 2178 3346 quoqne
2202 3283 2368 3331 latere
2391 3281 2623 3341 deerant,

1543 3368 1640 3417 quo
1669 3354 1825 3401 nct'nus
1863 3350 2135 3414 (quodque
2171 3349 2339 3414 latus)
2379 3354 2626 3398 trecentos

1539 3422 1697 3483 pedes
1718 3420 2050 3471 contineree.“
2124 3419 2237 3468 Nec
2256 3418 2418 3467 aliter
2447 3416 2626 3465 locum

1544 3488 1815 3538 intellexit
1862 3489 2045 3550 Zoega
2081 3486 2149 3536 de
2197 3484 2454 3535 obeliscc.
2492 3498 2621 3548 pag.

1543 3557 1647 3609 389
1676 3563 1792 3607 not.
1824 3557 1908 3615 22,
1945 3555 2039 3603 ubi
2075 3555 2156 3604 sic
2194 3553 2455 3603 reddidit:
2508 3567 2628 3617 quo-

1541 3632 1617 3676 vis
1652 3628 1816 3675 latere
1850 3624 2024 3686 viginti
2053 3622 2268 3683 pedibus
2299 3629 2629 3672 trecentorum

1538 3695 1720 3756 pedum
1749 3707 1983 3741 mensura
2005 3691 2293 3743 breviorem.
2369 3690 2629 3757 Obloqui-

1545 3769 1634 3813 tur
1670 3763 1944 3812 Letronne
1982 3760 2041 3808 in
2082 3759 2316 3810 Journal
2361 3759 2456 3809 des
2493 3761 2622 3812 Sav.

1547 3831 1700 3882 1817.
1738 3846 1867 3894 pag.
1905 3830 1974 3880 50
2022 3843 2137 3891 seq.
2189 3833 2245 3878 et
2286 3829 2626 3881 Recherches

1543 3916 1637 3951 sur
1662 3900 1744 3950 les
1770 3900 2044 3962 fragmens
2077 3896 2322 3949 d'Heron
2347 3914 2477 3964 pag.
2510 3901 2625 3962 184,

1542 3975 1659 4020 tum
1698 3969 1767 4019 ob
1811 3967 2037 4017 Diodori
2088 3965 2269 4017 locum
2314 3969 2359 4030 Ι,
2407 3968 2476 4019 64
2512 3967 2629 4031 (ubi

1541 4038 1802 4103 legimus:
1839 4034 1940 4101 τῆς
1974 4028 2077 4114 μὲν
2112 4028 2219 4100 γὰρ
2255 4033 2469 4103 βάσεως
2504 4032 2629 4089 ἑκά·

1544 4119 1686 4171 στην
1712 4097 1961 4168 πλευρὰν
1980 4098 2335 4169 υπεστήσατο
2358 4106 2631 4170 πλέθρων

1542 4174 1740 4240 τριῶν)
1782 4180 1896 4225 tum
1932 4174 2002 4225 ob
2039 4175 2425 4237 grammaticas
2460 4177 2630 4227 ratio-

1544 4260 1669 4306 nes,
1735 4259 1874 4309 quae
1923 4241 2141 4293 minime
2186 4259 2305 4293 eam
2346 4247 2631 4307 patiantur

1545 4312 1788 4378 ellipsin:
1855 4316 1893 4362 {i
1946 4307 2149 4361 ποδῶν
2215 4309 2626 4373 καταδέουσαν,

1544 4374 1632 4439 ὥς
1653 4374 1740 4447 μὴ
1768 4375 1958 4431 εἶναι
1982 4377 2441 4444 τριῶνπλὲθρων
2459 4375 2632 4431 κατὰ
