3109 5092
985 326 1490 387 EUTERPE.
1536 326 1622 386 11.
1669 333 1792 388 159.
1839 332 1961 388 160.

2482 323 2606 384 797

327 503 403 570 ἐν
432 499 775 593 Μαγδόλφ
815 503 1082 588 ἐνίκησε
1102 520 1118 535 ·
1167 495 1331 589 μετὰ
1374 498 1450 567 δὲ
1490 496 1616 587 τὴν
1645 497 1864 587 μα’χην
1900 495 2206 566 Κάδυτιν
2245 495 2447 566 πόλιν
2488 502 2607 584 τῆς

326 611 585 693 Συρίης
616 606 863 673 ἐοῦσαν
889 603 1189 693 μεγάλην
1218 598 1374 671 εἷλε.
1405 604 1481 671 ἐν
1505 608 1589 692 τῇ
1616 602 1693 671 δὲ
1721 603 1958 689 ἐσθῆτι
1990 606 2178 687 ἔτυχε
2206 605 2415 670 ταῦτα
2444 627 2602 668 κατ-

328 707 814 797 εργασάμενος,
871 705 1169 794 ἀνέθηκε
1219 710 1314 798 τῷ
1347 702 1756 790 Ἀπόλλωνι,
1815 706 2080 792 πέμψας
2120 707 2187 782 ἐς
2225 709 2606 794 Βραγχίδας

324 808 481 889 τοὺς
508 817 892 897 Μιλησίων.
925 808 1090 899 μετὰ
1119 810 1195 879 δὲ
1224 812 1580 879 ἑκκαίδεκα
1608 815 1759 877 ἔτεα
1787 805 1868 875 τοὶ
1896 806 2115 876 πάντα
2142 804 2345 896 ἄρξας
2368 817 2601 878 τελευ-

324 918 428 1003 τᾷ,
459 918 552 1004 τῷ
584 916 777 982 παιδὶ
810 913 1044 1004 Ψάμμι
1072 909 1416 1004 παραδούς
1442 911 1569 1001 τὴν
1595 909 1829 1003 ἀρχήν.

471 1013 615 1085 Ἐπὶ
653 1021 897 1086 τοῦτον
936 1015 1020 1107 δὴ
1059 1015 1177 1087 τὸν
1224 1015 1505 1104 Ψάμμιν
1545 1013 1993 1103 βασιλεύοντα
2039 1012 2392 1100 Αἰγύπτου
2440 1008 2597 1081 ἆπί·
2622 1022 2740 1083 160

326 1146 524 1188 κοντο
545 1117 827 1188 Ἠλείων
855 1118 1145 1210 [ἄνδρες]
1176 1118 1469 1206 ἄγγελοι,
1499 1116 1854 1207 αὐχέοντες
1881 1116 2270 1186 δικαιότατα
2298 1118 2409 1185 καὶ
2436 1115 2598 1185 κάλ-

328 1231 518 1292 λιστα
546 1225 814 1293 τιθέναι
841 1222 961 1293 τὸν
990 1228 1066 1293 ἐν
1090 1221 1420 1312 Ὀλυμπίῃ
1448 1218 1680 1309 ἀγῶνα
1707 1221 1984 1291 πάντων
2025 1218 2454 1311 ἀνθρώπων,
2491 1222 2605 1288 καὶ

329 1397 544 1456 captam
558 1396 724 1457 negat
742 1392 930 1456 Heyse
949 1391 1177 1454 Quaest.
1203 1391 1410 1442 Herod.

326 1476 453 1525 pag.
493 1463 579 1524 95,
615 1461 673 1509 id
720 1460 988 1527 quomodo
1035 1476 1158 1511 cum
1203 1460 1415 1525 reliqua

327 1545 606 1582 sacrorum
641 1529 903 1580 librorum
938 1531 1253 1581 narratione
1289 1545 1415 1579 con-

327 1600 506 1648 ciliari
540 1605 735 1664 queat,
785 1599 1032 1665 equidem
1079 1599 1223 1650 baud
1256 1599 1415 1649 intel-

324 1668 456 1733 lige.
526 1669 759 1734 Reliqua.
796 1670 1052 1735 Aegyptii
1077 1671 1222 1735 regis
1261 1670 1416 1719 facta

326 1737 428 1787 bac
453 1739 508 1786 iu
531 1739 878 1803 expeditione
906 1739 976 1788 ab
1005 1739 1286 1789 Herodoto
1306 1754 1414 1788 non

325 1808 658 1859 indicantur.
732 1808 840 1858 Sed
885 1811 951 1857 ‘ex
996 1809 1192 1859 iisdem
1241 1810 1412 1858 sacris

325 1877 480 1926 libris
529 1879 804 1941 novimus,
851 1878 1124 1928 Neconem
1163 1893 1197 1928 a
1234 1879 1416 1929 Nabu-

327 1946 699 1997 chodonosoro
719 1949 790 1998 ad
810 1949 1108 1998 Circesium
1133 1947 1288 1997 iuxta
1307 1950 1415 1997 Ειι-

327 2014 573 2080 phratem
624 2018 803 2066 fusum
853 2017 1197 2067 occubuisse.
1287 2017 1413 2067 vid.

330 2086 523 2135 lerem.
565 2086 763 2150 XLVI,
803 2089 855 2136 2.
904 2086 962 2135 H
1002 2088 1179 2152 Regg.
1215 2087 1417 2150 XXIV,

330 2158 359 2204 7
411 2154 596 2218 ibique
632 2155 872 2206 Thenius
918 2170 1045 2221 pag.
1089 2157 1211 2206 441.
1286 2156 1415 2208 Chr.

328 2225 400 2273 H.
422 2224 630 2273 Kalkar
657 2225 992 2275 Lamentatt.
1012 2227 1217 2289 (Havn.
1236 2225 1411 2290 1836.)

325 2308 453 2357 pag.
493 2292 525 2344 3
563 2309 714 2359 seqq.
787 2295 872 2344 De
905 2294 1130 2359 reliquis
1158 2294 1283 2344 vide
1310 2295 1418 2344 Ex-

327 2378 542 2412 cursum
579 2365 648 2414 ad
681 2364 733 2416 h.
775 2363 812 2414 l.

400 2424 460 2480 ἐν
491 2426 844 2500 Μαγδόλῳ
892 2423 1134 2497 ἐνίκησε]
1175 2433 1211 2483 i.
1253 2449 1300 2483 e.
1347 2434 1419 2481 ad

329 2502 620 2566 Magydolum
637 2504 788 2553 vicit.
862 2502 1019 2552 Cous.
1047 2502 1122 2564 11,
1155 2503 1250 2554 163
1279 2502 1412 2566 ibiq.

328 2577 443 2622 not.
514 2574 599 2622 De
634 2573 757 2637 ipsa
802 2572 935 2622 urbe
970 2573 1129 2637 plura
1171 2572 1417 2635 disputa-

327 2641 501 2691 vimus
535 2642 592 2689 in
627 2643 877 2691 Excursu
911 2642 980 2691 ad
1017 2642 1069 2692 h.
1104 2641 1141 2694 1.

399 2701 717 2759 Κάδυειν
783 2706 954 2758 πόλιν
1012 2708 1113 2774 τῆς
1169 2707 1412 2776 Συρίης]

327 2778 682 2845 Hierosolyma
701 2779 1057 2845 intelligenda
1094 2793 1215 2829 esse
1233 2779 1289 2827 in
1307 2781 1415 2830 Ex-

328 2862 490 2897 cursu
527 2849 597 2898 ad
634 2849 688 2898 h.
728 2848 765 2898 l.
809 2850 1248 2898 monstravimus.

397 2907 452 2975 ἐς
463 2914 780 2981 Βραγχίδας
800 2909 936 2974 τούς
947 2915 1270 2982 Μιλησίων]
1288 2917 1410 2968 Vid.

325 2986 528 3037 Herod.
568 2988 613 3049 Ι,
650 2985 719 3037 92
752 2987 937 3052 ibique
971 2992 1087 3038 not.
1168 2987 1252 3036 Ne
1292 2988 1413 3051 quis

325 3055 549 3107 miretur
583 3057 914 3108 Graecorum
950 3056 1051 3107 deo
1097 3061 1306 3106 vestem
1342 3057 1411 3107 ab

325 3126 714 3192 Aegyptiorum
749 3142 878 3193 rege
914 3125 1156 3177 dedicari
1177 3126 1413 3191 indeque

326 3210 536 3246 omnem
566 3196 708 3246 hanc
742 3197 1109 3248 narrationem
1141 3196 1414 3262 improba-

325 3265 488 3315 bilem
523 3267 700 3316 videri
735 3270 974 3329 statuat,
1012 3270 1074 3316 ut
1111 3266 1246 3315 fecit
1281 3263 1416 3314 Wil-

323 3334 541 3383 kinson.
580 3336 836 3385 Manners
874 3341 977 3386 etc.
1019 3336 1065 3386 1.
1105 3350 1234 3400 pag.
1285 3335 1409 3386 165:

324 3403 446 3467 ipsa
480 3403 616 3454 haec
661 3419 748 3454 res
799 3407 936 3454 satis
984 3410 1221 3454 testatur
1272 3419 1414 3454 com-

324 3472 583 3521 mercium
621 3474 1010 3537 Aegyptiorum
1046 3480 1211 3538 atquc
1248 3474 1413 3523 Grae-

326 3556 511 3590 corum
551 3541 679 3591 inde
722 3557 757 3591 a
796 3543 1171 3592 Psammitichi
1210 3547 1413 3607 tempo-

326 3610 478 3660 ribus
513 3611 673 3661 valde
719 3616 938 3662 auctum
986 3627 1051 3662 ac
1085 3617 1410 3676 promotum,

325 3685 560 3745 apteque
595 3681 698 3731 hoc
733 3680 853 3731 loco
875 3682 1119 3732 meminit
1136 3682 1411 3731 Letronne

327 3748 386 3813 (l.
428 3750 464 3801 1.
501 3766 628 3815 pag.
654 3751 744 3814 26)
765 3751 1006 3816 ipsorum
1025 3751 1247 3812 Ionum,
1280 3766 1411 3815 quo-

325 3835 442 3869 rum
491 3837 654 3885 opera
689 3821 838 3872 Neco
885 3823 941 3870 in
988 3820 1130 3870 bello
1182 3820 1409 3884 Syriaco

323 3890 407 3939 ita
441 3889 659 3940 adiutus
690 3891 874 3953 fuerit,
913 3898 975 3941 ut
1000 3890 1104 3940 hoc
1134 3888 1293 3939 modo
1315 3904 1409 3940 eos

325 3961 656 4010 remunerari
698 3928 949 4010 voluerit.
1023 3960 1201 4024 Atque
1249 3959 1408 4008 Ama-

325 4027 487 4090 sidis,
530 4029 621 4094 qui
658 4030 914 4080 seminam
950 4030 1215 4080 Graecam
1253 4028 1415 4078 duxe-

325 4101 412 4146 rat
448 4098 672 4162 ipseque
720 4092 987 4162 φιλέλλην
1011 4114 1043 4148 a
1073 4100 1274 4148 Nostro
1312 4097 1412 4161 (11,

330 4165 451 4229 178)
490 4166 722 4229 dicitur,
760 4167 904 4217 dona
939 4168 1270 4218 Graecorum
1309 4168 1412 4217 diis

323 4234 649 4300 templisque
687 4236 872 4287 oblata
906 4237 1051 4286 infra
1095 4251 1414 4286 commemo·

325 4310 515 4355 rantur
561 4305 638 4368 11,
682 4305 798 4357 180.
881 4308 954 4356 Et
1001 4305 1149 4355 conf.
1198 4321 1411 4371 quoque

325 4388 419 4439 ea,
458 4389 600 4440 quae
635 4374 702 4425 de
737 4374 994 4426 Eleorum
1026 4374 1304 4441 legatione
1338 4374 1410 4425 ad

1515 1390 1813 1452 Psammin,
1847 1390 1940 1455 qui
1962 1390 2236 1441 Neconem
2259 1393 2481 1438 secutus
2503 1391 2604 1450 est,

1518 1477 1641 1511 mox
1675 1465 1966 1510 narrantur
2005 1473 2139 1536 cap.
2169 1457 2286 1510 160.

1587 1521 1886 1580 ἑκκαίδεκα
1919 1523 2043 1578 ἔτεα
2079 1519 2149 1577 τὰ
2196 1522 2384 1577 πάντα
2416 1516 2606 1609 αρξας

1515 1614 1569 1648 κ.
1596 1615 1641 1649 τ.
1679 1597 1751 1665 λ.]
1788 1600 1873 1649 De
1902 1598 2137 1650 sedecim
2156 1599 2346 1660 annis,
2385 1598 2477 1662 qui
2501 1596 2607 1645 Ne-

1518 1670 1643 1719 coni
1696 1669 2032 1731 tribuuntur,
2093 1668 2206 1716 dixi
2255 1667 2325 1716 ad
2373 1663 2603 1727 11,158

1516 1740 1639 1789 init.
1688 1740 1850 1789 Hunc
1882 1738 1974 1803 qui
2000 1737 2204 1802 excipit
2224 1737 2274 1785 I’
2271 1737 2485 1796 summis,
2508 1749 2604 1785 sex

1517 1823 1692 1857 annos
1745 1822 2006 1873 regnasse
2060 1807 2260 1856 dicitur
2306 1821 2429 1870 cap.
2484 1805 2599 1866 161,

1518 1878 1894 1928 consentiente
1916 1876 2174 1927 Africano
2199 1875 2344 1952 apud
2363 1873 2599 1939 Syncell.

1515 1963 1647 2012 pag.
1682 1949 1749 1998 75
1787 1963 1833 1997 s.
1858 1947 1975 2009 141,
2013 1946 2107 1995 ubi
2138 1939 2487 2008 Ψάμμουθις
2515 1959 2607 1993 vo-

1518 2024 1705 2080 catur,
1755 1984 2114 2066 dissentiente
2158 2014 2397 2064 Eusebio
2446 2011 2601 2077 (ibid.

1518 2102 1630 2213 gt}
1632 2086 1850 2221 ἓῖεἳιές,
1865 2075 2607 2218 Ιέιζεκοιιὶιιὲἔὶαιῗέητῗὲοἰξὲῗζῖ-

1518 2226 1846 2292 ptemdecim
1883 2223 1993 2289 (ιζ)
2029 2238 2202 2273 annos
2230 2237 2491 2289 regnasse
2529 2222 2606 2272 di-

1521 2298 1691 2346 citur:
1737 2295 1901 2359 idque
1933 2294 2113 2358 ipsum
2149 2293 2217 2343 ad
2264 2308 2452 2343 verum
2485 2307 2605 2356 pro·

1517 2366 1642 2430 pius
1668 2365 1926 2416 accedere
1941 2363 2139 2413 statuit
2153 2362 2415 2414 Rosellini
2434 2362 2604 2427 (Mon.

1520 2435 1710 2487 storic.
1737 2434 1816 2485 II.
1857 2449 1982 2499 pag.
2020 2433 2118 2483 136
2143 2448 2296 2498 seqq.
2336 2432 2474 2498 151),
2512 2432 2606 2480 tri·
2653 2465 2663 2474 .

1518 2505 1692 2555 buens
1738 2504 1863 2554 huic
1914 2503 2032 2568 reg-i
2081 2502 2386 2567 quindecim
2431 2516 2605 2551 annos

1519 2589 1793 2639 unumque
1830 2587 2099 2622 mensem.
2152 2571 2219 2621 de
2272 2573 2467 2636 quibus
2504 2586 2603 2619 nu·

1520 2644 1684 2693 meris
1737 2643 1883 2692 conf.
1927 2656 2140 2706 quoque
2188 2640 2424 2690 Boeckh.
2473 2638 2511 2689 l.
2562 2638 2601 2688 1.

1517 2728 1644 2779 pag.
1694 2712 1797 2763 733
1842 2726 1957 2775 seq.
2027 2710 2296 2774 Equidem
2336 2708 2605 2758 Herodoti

1518 2787 1576 2832 et
1612 2781 1859 2833 Africani
1905 2779 1967 2840 (i.
2013 2794 2062 2829 e.
2098 2778 2472 2843 Manethonis)
2512 2792 2605 2827 au-

1516 2853 1828 2903 ctoritatem
1853 2849 2008 2913 sequi
2034 2848 2213 2898 malim
2234 2847 2463 2913 indeque
2482 2861 2604 2897 cnm

1513 2921 1775 2971 Fischero
1799 2917 2037 2984 (Griech.
2065 2917 2355 2969 Zeittaseln
2375 2935 2424 2984 p.
2462 2916 2601 2980 105.)

1514 2992 1792 3042 Psammin
1849 2989 2058 3038 huncce
2109 3004 2311 3053 ponere
2361 2990 2418 3037 in
2472 3003 2599 3037 anu.

1514 3060 1792 3113 600-595
1822 3065 1949 3123 ante
1976 3056 2101 3109 Chr.
2134 3074 2190 3111 n.
2261 3058 2471 3109 Nomen
2502 3058 2602 3106 bu-

1513 3131 1598 3181 ius
1635 3131 1780 3197 regis
1815 3130 1873 3179 in
1909 3128 2271 3179 monumentis
2303 3129 2603 3194 Aegyptio-

1513 3215 1631 3250 rum
1681 3200 1898 3251 obvium
1933 3199 2096 3249 scribi
2132 3198 2408 3259 Psamete'k,
2458 3198 2601 3247 idem

1467 3327 1470 3330 ,
1516 3270 1776 3321 observat
1820 3268 2085 3321 Roscllini
2121 3268 2159 3317 l.
2196 3267 2234 3317 l.
2320 3269 2406 3317 Tu
2452 3266 2597 3316 conf.

1513 3355 1724 3405 quoque
1761 3338 1912 3389 Cless
1946 3338 2035 3386 in:
2090 3335 2266 3401 Pauly
2306 3335 2604 3398 Realency-

1512 3408 1652 3474 clop.
1692 3409 1786 3470 VI,
1828 3408 1873 3458 Ι.
1912 3422 2039 3472 pag.
2080 3405 2199 3457 169.

1894 3576 2026 3627 Cu’.
2066 3576 2228 3628 CLX.

1583 3668 1794 3742 ἄνδρες
1842 3669 2090 3745 ἄγγελοι]
2142 3669 2349 3743 ἄνδρες
2397 3680 2453 3729 in
2489 3676 2601 3743 ple-

1512 3753 1698 3814 risque
1734 3748 1887 3799 libris
1917 3750 2136 3814 scriptis
2167 3764 2275 3798 non
2306 3749 2601 3809 invenitur,

1513 3819 1609 3870 sed
1661 3820 1780 3869 iure
1832 3818 2079 3868 additum
2140 3834 2174 3868 a
2216 3818 2600 3882 Wesselingm,

1512 3890 1605 3955 qui
1642 3887 1855 3938 confert
1901 3889 1945 3952 Ι,
1993 3888 2081 3939 90.
2134 3889 2251 3940 141.

1510 3958 1668 4009 uncis
1707 3958 1939 4022 additis,
1978 3963 2038 4009 ut
2066 3959 2141 4021 ΙΙ,
2188 3957 2304 4020 158,

1516 4044 1639 4079 rare
1659 4027 1841 4077 studui
1848 4029 2020 4093 ,quod
2037 3996 2179 4078 ide'm
2196 3996 2327 4078 fecit
2344 4028 2596 4110 Dietsclu

1514 4097 1711 4162 reliqui
1756 4098 2128 4163 neglexerunt.
2167 4125 2237 4134 —
2270 4098 2400 4147 Mox
2436 4089 2601 4160 αὐχέ-

1516 4180 1676 4223 οντες
1723 4171 1807 4216 est
1850 4171 2125 4233 iactantes,
2172 4170 2482 4234 gloriantes,
2540 4171 2601 4215 ut

1511 4236 1638 4297 VII,
1681 4235 1798 4287 103.

1585 4298 1807 4354 τιθέναι
1828 4295 2055 4355 τὸνέν“’
2053 4303 2320 4373 Ολυμπίη
2339 4320 2476 4368 aym
2495 4303 2594 4367 να]

1510 4376 1701 4426 Monet
1742 4374 2258 4468 Valcken.(locu1n
2306 4373 2601 4439 adscripsit

2334 3890 2602 3953 Equidem

2344 3959 2399 4008 id
2424 3957 2603 4007 decla-
