3109 5092
988 368 1486 430 EUTERPE.
1530 370 1781 435 11.1·10.
1826 376 1946 433 171.
2486 367 2607 429 813

336 537 459 628 ὅση
502 566 630 628 περ
658 535 700 628 ἡ
730 542 806 609 ἐν
832 539 1038 633 Δήλω
1080 536 1122 629 ἡ
1151 540 1533 630 τροχοειδὴς
1559 543 1966 667 καλεομένη.
2024 537 2133 609 Ἐν
2174 540 2247 610 δὲ
2282 546 2389 641 τῇ
2406 548 2608 630 λίμνῃ
2632 567 2743 626 171

336 643 545 733 ταύτῃ
572 640 653 711 τὰ
681 648 958 733 δείκηλα
985 649 1124 712 τῶν
1158 646 1440 714 παθέων
1492 642 1705 715 αὐτοῦ
1741 642 1984 724 νυκτὸς
2017 649 2313 730 ποιεῦσι,
2368 642 2449 712 τὰ
2486 672 2605 712 κα-

411 802 446 873 ἡ
478 802 811 875 τροχοειδὴς
854 807 1185 877 καλεομένη]
1238 813 1427 862 Lacum

341 881 605 929 rotundum
626 879 833 929 Phoebi
862 880 1137 931 natalibus
1160 881 1426 946 insignem

343 949 397 997 in
427 949 607 999 insula
630 949 766 998 Delo
803 955 1223 1000 commemorant
1253 951 1428 1000 Theo-

343 1019 465 1082 gnis
481 1019 531 1068 7.
556 1018 872 1068 Callimach.
897 1019 1078 1084 hymn.
1093 1020 1149 1068 in
1163 1019 1286 1070 Del.
1301 1019 1423 1070 261.

343 1089 398 1135 in
435 1087 669 1151 Apollin.
698 1089 783 1139 59.
822 1088 1065 1153 Euripid.
1095 1088 1343 1153 Iphigen.
1371 1091 1429 1137 in

344 1157 510 1207 Taur.
564 1156 694 1206 1107
741 1155 857 1206 sive
905 1158 1069 1219 1074,
1136 1157 1229 1206 ubi
1275 1159 1424 1207 conf.

342 1226 567 1275 Seidler.
643 1225 810 1275 Cuius
839 1226 1073 1291 vestigia
1107 1227 1426 1277 recentioris

341 1296 542 1345 aetatis
580 1295 982 1360 peregrinator,
1015 1295 1164 1359 Spon
1201 1294 1353 1359 (ltin.
1378 1297 1425 1346 Ι.

343 1381 394 1429 p.
424 1364 563 1428 136),
586 1365 796 1413 invenit
819 1380 885 1413 ac
910 1364 1217 1430 descripsit.
1257 1367 1428 1415 Tour-

341 1433 548 1482 nefort=
586 1434 812 1499 voyage
850 1434 923 1484 du
958 1434 1173 1483 Levant
1206 1438 1250 1483 t.
1291 1434 1338 1485 1.
1370 1449 1426 1497 p.

342 1503 447 1552 290
482 1516 600 1565 seq.
638 1502 814 1564 (cuius
848 1503 1175 1553 mentionem
1200 1503 1253 1552 h.
1283 1503 1318 1552 l.
1350 1504 1429 1552 fa-

343 1572 496 1620 ciunt
529 1570 881 1634 interpretes)
916 1571 1073 1621 huius
1097 1571 1249 1622 lacus
1276 1587 1427 1621 muro

342 1640 470 1689 olim
505 1640 673 1689 cincti
720 1640 954 1705 vestigia
1005 1641 1060 1689 in
1110 1643 1432 1705 septentrio-

341 1708 451 1758 nali
473 1709 685 1758 insulae
707 1714 860 1773 parte
882 1711 1180 1774 conspicua
1206 1711 1273 1760 ad
1299 1725 1433 1760 nau·

343 1779 591 1827 machiae
636 1778 951 1841 spectacula
989 1784 1212 1843 postera
1246 1784 1430 1829 aetate

342 1848 593 1897 instituta
620 1847 809 1896 referri
835 1846 1055 1910 maluit,
1090 1850 1431 1912 improbante

341 1916 619 1966 Ludovico
645 1917 784 1965 Ross
813 1917 1036 1977 (Reisen
1061 1918 1199 1967 nach
1228 1917 1282 1967 d.
1315 1918 1426 1967 Ins.

342 1984 389 2034 1.
426 2001 479 2049 p.
522 1985 641 2051 32),
693 1986 787 2050 qui
834 1986 968 2036 haec
1017 1987 1193 2037 denuo
1238 1986 1430 2036 invisit

342 2060 703 2118 accurateque
760 2054 1077 2119 descripsit,
1144 2057 1210 2106 de
1271 2071 1428 2106 sacro

340 2122 433 2171 illo
471 2122 593 2172 lacu
645 2122 730 2171 hic
779 2124 1127 2188 cogitandum
1175 2141 1294 2175 esse
1345 2140 1431 2173 ra-

339 2198 450 2242 tus.
533 2193 809 2256 Aquarum
858 2194 1259 2258 receptaculum
1310 2198 1430 2243 arte

341 2261 547 2310 factum
585 2276 630 2310 s.
663 2262 972 2323 cisternam,
1011 2278 1171 2327 quam
1207 2269 1426 2325 vocant,

341 2329 584 2379 exhiberi
618 2331 898 2381 contendit
919 2332 1139 2381 Curtius
1159 2333 1429 2382 Archaeo-

339 2397 449 2463 log.
497 2400 734 2465 Zeitung
773 2400 921 2450 1847.
969 2416 1096 2465 pag.
1135 2403 1219 2450 24.
1290 2404 1428 2451 Post

340 2483 496 2532 quem
534 2468 709 2519 denuo
742 2468 878 2518 haec
912 2470 1198 2534 inquisivit
1231 2471 1430 2519 Benoit

342 2538 628 2599 (Archives
653 2538 747 2587 des
778 2538 929 2588 miss.
950 2538 1319 2605 scientifiques
1351 2539 1427 2588 11.

339 2621 391 2669 p.
419 2606 522 2658 393
548 2607 744 2673 seqq.),
781 2607 872 2672 qui
899 2608 1075 2671 ipsum
1111 2608 1287 2658 laeum
1319 2623 1430 2657 ma-

341 2682 460 2726 ture
500 2677 607 2724 iam
657 2677 990 2726 exsiccatum
1026 2676 1198 2726 videri
1238 2678 1430 2726 scribit

342 2744 574 2808 indeque
635 2745 1035 2808 amphitheatro
1103 2746 1427 2796 exstruendo

341 2812 516 2863 locum
543 2815 874 2879 praebuisse,
907 2815 1060 2864 cuius
1086 2814 1258 2879 ipsius
1290 2830 1429 2879 quac

340 2882 517 2931 adhuc
553 2890 845 2947 supersunt
878 2884 1140 2948 vestigia,
1189 2885 1270 2933 ita
1314 2900 1430 2949 per-

340 2956 561 3001 secutus
597 2959 683 3002 est
717 2952 801 3001 vir
835 2952 1058 3014 doctus,
1117 2958 1176 3003 ut
1211 2953 1283 3003 ad
1320 2969 1429 3003 am-

339 3019 704 3084 phitheatrum
753 3036 925 3087 aeque
971 3026 1136 3087 atque
1178 3022 1248 3072 ad
1293 3038 1429 3073 nau-

339 3089 635 3152 machiam,
685 3106 843 3156 quam
892 3091 1000 3140 sibi
1044 3092 1317 3143 invenisse
1352 3092 1431 3142 vi-

340 3157 570 3210 debatur
622 3159 980 3223 Tournefort,
1042 3161 1232 3211 referri
1292 3161 1430 3212 haec

339 3242 501 3290 posse
524 3230 877 3279 existimaret.
902 3256 965 3266 —
986 3229 1070 3278 Ad
1089 3245 1276 3281 vocem
1301 3244 1429 3293 τρο-

340 3290 569 3358 χοειδὴς
591 3297 938 3361 (orbiculatas,
977 3300 1241 3361 rotundus)
1278 3300 1426 3350 conf.

340 3364 621 3427 vl1,1⁴0‚
658 3367 752 3415 ubi
785 3367 907 3430 ipsa
928 3367 1261 3417 Athenarum
1297 3368 1426 3417 urbs

341 3440 570 3482 vocatur
606 3428 772 3490 πόλις
811 3431 1161 3499 τροχοειδής.
1235 3437 1429 3485 Tesse-

340 3502 470 3549 rarii
520 3500 648 3566 quid
707 3503 887 3552 inesse
947 3504 1257 3566 suspicatur
1301 3506 1429 3554 Hei-

341 3570 512 3619 necke
553 3569 796 3633 (Homer.
833 3587 887 3620 u.
918 3571 1161 3638 Lykurg.
1196 3588 1251 3637 p.
1287 3572 1427 3635 131),

344 3639 411 3688 ad
437 3638 586 3699 solis,
625 3638 802 3701 lunae,
829 3640 1065 3690 siderum
1087 3646 1310 3702 motum,
1338 3643 1431 3723 qui

343 3709 499 3772 quasi
544 3712 667 3758 rota
713 3707 836 3772 fiat,
893 3709 998 3759 hac
1050 3724 1186 3760 voce
1233 3711 1431 3776 respici

342 3782 560 3841 putans.

679 3948 812 3998 Car.
853 3949 1098 4000 CLXXI.

404 4039 501 4097 Ἐν
537 4042 599 4098 δὲ
637 4048 708 4115 τῇ
752 4050 947 4117 λίμνῃ]
1010 4041 1072 4100 ἔν
1118 4051 1172 4101 1ι.
1206 4051 1246 4102 l.
1284 4050 1429 4101 haud

342 4117 502 4167 aliter
555 4119 933 4183 accipiendum
987 4121 1204 4170 videtur
1266 4124 1429 4184 atque

342 4186 582 4264 11,159.
633 4188 751 4250 163,
789 4189 886 4238 ubi
921 4189 1033 4240 vid.

410 4248 480 4302 τὰ
496 4252 758 4333 δείκηλα
802 4256 916 4306 τῶν
961 4255 1203 4307 παθέων
1252 4247 1430 4306 αὐτοῦ

344 4317 551 4380 νυκτὸς
583 4322 834 4390 ποιεῦσι]
875 4327 909 4375 i.
934 4343 982 4377 e.
1004 4329 1216 4390 speciem
1244 4341 1428 4389 eor-um,

341 4408 472 4456 quae
515 4394 598 4444 illc
628 4408 904 4456 perpessus
955 4399 1053 4460 sic,
1101 4404 1243 4447 nocte
1288 4395 1433 4447 cxlii-

1527 811 1673 873 beut,
1737 826 1782 864 s.
1837 826 1927 874 ea,
1988 826 2130 876 quae
2174 810 2253 859 illi
2295 809 2611 870 acciderint,

1529 880 1794 930 imitando
1842 881 2140 962 exprimere
2189 881 2438 943 student,
2492 894 2611 944 spe·

1527 950 1667 999 ciem
1701 954 1867 1028 atque
1904 950 2197 1014 imaginem
2242 964 2428 999 eorum
2466 950 2612 1010 exhi:

1528 1019 1739 1068 bentes.
1774 1011 1844 1067 τὰ
1871 1016 2104 1082 δείκηλα
2138 1019 2413 1083 explicant
2445 1011 2613 1082 μιμή-

1528 1102 1703 1151 ματα,
1740 1080 2049 1152 εἰκάσματα
2082 1087 2283 1138 Suidas
2320 1094 2484 1152 atque
2520 1088 2613 1136 Ti·

1527 1171 1742 1220 maeus,
1802 1157 1873 1207 ad
1927 1172 2085 1222 quem
2140 1157 2251 1206 vid.
2304 1155 2616 1208 Ruhnkenii

1529 1230 1671 1276 nott.
1701 1242 1754 1290 p.
1787 1225 1874 1275 85.
1926 1225 2066 1276 Add.
2094 1241 2233 1289 quae
2268 1226 2324 1274 in
2349 1226 2611 1275 Thesaur.

1530 1295 1595 1344 L.
1636 1295 1829 1345 Graec.
1882 1295 1960 1344 11.
2007 1310 2061 1358 p.
2089 1297 2204 1346 -939
2238 1294 2325 1344 ed.
2361 1294 2613 1344 Dindorf.

1529 1363 1701 1414 allata
1727 1370 1873 1426 sunt,
1913 1369 1968 1413 et
1994 1364 2142 1415 conf.
2172 1364 2336 1413 etiam
2364 1377 2449 1425 ea,
2476 1377 2617 1427 quae

1531 1433 1599 1482 de
1631 1432 1907 1482 locutione
1951 1429 2134 1492 δειξαι
2180 1425 2249 1481 τὰ
2281 1425 2409 1495 Iso&
2445 1432 2617 1481 disse-

1528 1502 1642 1550 ruit
1674 1501 1897 1551 Lobeck
1924 1501 2284 1567 Aglaopham.
2322 1503 2369 1551 1.
2395 1516 2521 1566 pag.
2548 1502 2619 1552 49

1531 1586 1683 1635 seqq.
1738 1572 1823 1620 De
1853 1570 2130 1621 Sa'itarum
2158 1571 2317 1621 festis
2353 1572 2497 1620 conf.
2531 1584 2618 1619 su-

1531 1655 1632 1704 pra
1667 1639 1749 1701 11,
1796 1641 1883 1691 59.
1920 1642 2007 1690 62.
2078 1640 2200 1689 Hoc
2246 1641 2303 1689 in
2347 1639 2467 1688 loco
2517 1631 2618 1687 αὖ·

1531 1705 1636 1756 τοῦ
1670 1708 2009 1758 referendum
2036 1714 2121 1757 est
2154 1709 2225 1758 ad
2248 1707 2509 1771 Osin'dem,
2548 1707 2618 1757 ad

1531 1777 1686 1827 cuius
1750 1777 1943 1827 funera
1996 1777 2321 1828 celebranda
2374 1778 2618 1842 ritusque

1530 1847 1731 1896 ferales
1757 1851 2027 1911 spectant,
2065 1861 2206 1911 quae
2231 1848 2284 1895 h.
2321 1845 2358 1896 l.
2396 1846 2618 1895 tradun-

1500 1916 1639 1964 ‘tur.
1715 1916 1783 1964 In
1833 1916 1900 1964 iis
1951 1917 2091 1964 enim
2140 1915 2467 1965 exhibebant
2502 1931 2619 1980 spe-

1530 1985 1670 2034 ciem
1707 1999 1959 2048 casuum,
2007 1986 2098 2049 qui
2144 1986 2244 2035 deo
2281 1985 2616 2047 acciderant,

1531 2055 1660 2104 dum
1695 2053 1753 2101 in
1789 2054 1930 2103 vivis
1967 2059 2085 2104 erat
2136 2059 2191 2103 et
2226 2054 2281 2103 in
2319 2059 2467 2104 terra
2501 2068 2619 2103 ver-

1531 2123 1781 2185 sabatur,
1821 2123 1992 2173 donec
2021 2139 2055 2173 a
2082 2123 2343 2188 Typhone
2369 2123 2618 2173 caedere-

1530 2199 1639 2242 tur.
1720 2191 1912 2242 Scenis
1965 2193 2130 2257 igitur
2176 2199 2231 2242 et
2269 2192 2412 2241 ludis
2461 2191 2618 2257 quasi

1529 2267 1976 2325 repraesentasse
2011 2262 2263 2312 videntur
2307 2264 2619 2312 universam

1530 2329 1905 2381 calamitatum
1941 2330 2256 2393 historiam,
2307 2346 2444 2396 quas
2482 2332 2616 2381 deus

1527 2400 1765 2449 humana
1818 2399 1992 2449 forma
2054 2400 2276 2451 indutus
2328 2415 2617 2465 perpessus

1530 2469 1716 2518 fuerit.
1800 2470 1953 2531 Quae
2001 2469 2189 2533 quales
2246 2470 2473 2531 fuerint,
2530 2470 2620 2518 hic

1530 2552 1799 2601 exponere
1834 2538 2053 2603 longum
2092 2546 2203 2596 est;
2242 2539 2511 2602 exposuit,
2549 2552 2619 2587 ne

1530 2606 1641 2655 alia
1678 2607 1973 2671 attingam,
2007 2605 2333 2656 Plutarchus
2363 2607 2429 2656 de
2454 2607 2529 2656 Is.
2564 2612 2620 2655 et

1532 2675 1678 2724 Osir.
1725 2689 1845 2739 cap.
1883 2675 1967 2725 13.
2012 2690 2067 2739 p.
2105 2675 2209 2726 356
2257 2690 2301 2724 s.
2349 2676 2455 2726 459
2500 2690 2614 2739 seq.

1529 2744 1814 2809 Wyttenb.
1887 2746 1961 2793 Et
1996 2743 2239 2807 pluribus
2275 2743 2410 2794 locis
2453 2759 2620 2808 supra

1530 2813 1639 2862 iam
1685 2807 1843 2862 huius
1899 2812 2116 2862 fabulae
2162 2813 2487 2863 mentionem
2537 2813 2617 2862 se-

1532 2884 1720 2933 cimus.
1776 2882 1898 2931 Hoc
1929 2896 2059 2931 vero
2085 2897 2228 2932 nunc
2261 2882 2620 2948 praetermitti

1530 2951 1808 3001 nolumus.
1842 2951 2107 3001 Herodoti
2138 2950 2314 3002 locum
2335 2953 2471 3003 artis
2503 2967 2619 3002 sce-

1528 3022 1687 3070 nicae
1723 3020 1809 3069 vel
1845 3021 2172 3071 Graecorum
2207 3023 2505 3087 primordia
2534 3026 2616 3071 at-

1530 3105 1636 3155 que
1671 3090 1831 3140 initia
1865 3092 2161 3144 continere.
2220 3092 2434 3154 „Sicuti
2471 3091 2615 3141 enim

1529 3159 1785 3224 Aegyptii
1830 3162 1981 3219 (sunt
2038 3162 2207 3211 verba
2253 3160 2505 3211 Creuzeri
2559 3161 2614 3209 in

1531 3228 1738 3279 Comm.
1786 3229 2027 3279 Herodd.
2074 3246 2129 3294 p.
2159 3228 2289 3290 223)
2341 3235 2507 3293 noctu
2559 3230 2617 3277 in

1529 3298 1661 3348 urbe
1687 3297 1785 3347 Sa‘i'
1820 3297 1890 3347 ad
1918 3298 2096 3348 lacum
2121 3299 2354 3348 Osiridis
2392 3312 2616 3348 casuum

1529 3368 1768 3431 speciem
1804 3367 2201 3431 imaginemque
2235 3366 2617 3416 exhibuerant:

1528 3435 1610 3484 ita
1645 3435 1824 3498 prisco
1860 3435 2147 3484 admodum
2194 3450 2329 3484 aevo
2368 3434 2617 3483 similiter

1531 3507 1728 3552 eventa
1782 3503 2054 3552 Bacchica
2125 3503 2483 3554 exhibuerant
2542 3503 2615 3553 ad

1530 3572 1834 3621 Lernaeum
1869 3571 2047 3620 lacum
2080 3572 2287 3635 Argivi.
2348 3572 2484 3621 Inde
2522 3587 2617 3636 pu·

1528 3639 1671 3689 blice
1713 3654 1928 3703 quoque
1973 3641 2029 3689 in
2078 3641 2234 3689 festis
2268 3640 2470 3691 Bacchi
2508 3641 2618 3690 die-

1531 3709 1634 3758 bus
1685 3706 1846 3768 talia,
1908 3723 2047 3772 quae
2103 3706 2319 3773 publice
2371 3708 2619 3773 evulgari

1530 3781 1812 3842 poterant,
1871 3777 1991 3827 rudi
2051 3779 2398 3843 incomtoque
2457 3778 2617 3829 modo

1529 3850 1941 3910 repraesentata
1974 3852 2101 3896 sunt
2129 3848 2186 3896 in
2212 3847 2358 3912 agris
2382 3848 2618 3912 oppidis-

1531 3931 1638 3980 que
1671 3930 1767 3979 per
1790 3916 2099 3966 universam
2119 3917 2405 3967 Graeciam
2427 3923 2482 3967 et
2507 3918 2620 3967 Ita-

1526 3985 1659 4033 liam
1686 3999 1822 4047 eam,
1861 4000 2022 4050 quam
2048 3986 2244 4037 Graeci
2277 3987 2613 4037 habitarunt.

1528 4055 1743 4103 Docent
1800 4053 2051 4116 vascula,
2116 4055 2171 4104 in
2224 4054 2330 4104 illis
2383 4057 2616 4106 maxime

1532 4122 1642 4171 oris
1668 4137 1866 4187 magno
1890 4139 2109 4173 numero
2139 4125 2415 4189 repertast
2450 4126 2616 4175 Plura

1531 4190 1599 4240 de
1631 4190 1716 4240 his
1756 4191 1866 4242 vid.
1903 4194 1973 4243 ad
2007 4194 2073 4255 V,
2111 4194 2205 4255 67,
2250 4193 2317 4243 de
2355 4209 2459 4259 quo
2495 4193 2615 4243 loco

1531 4260 1639 4308 iam
1677 4261 1887 4309 monuit
1922 4261 2171 4311 Creuzer.
2214 4262 2249 4312 1.
2285 4262 2325 4312 l.
2359 4278 2487 4327 pag.
2513 4264 2610 4312 221

1534 4343 1647 4392 seq.
1675 4329 1917 4393 Symbol.
1944 4330 2020 4380 11.
2047 4347 2100 4395 p.
2123 4332 2230 4393 60.,
2267 4329 2500 4395 Αηιρὲιθ
2530 4332 2614 4380 in:

1534 4398 1720 4449 Revue
1756 4400 1811 4450 d.
1845 4398 1901 4452 d.
1939 4400 2120 4450 mond.
2158 4399 2339 4465 (1846)
2376 4400 2445 4451 T.
2466 4399 2614 4453 XVI.
