3109 5092
1101 341 1596 401 EUTERPE.
1642 342 1727 401 Π.
1772 351 1890 404 118.

2494 339 2637 448 ,685

366 505 456 591 ὥς
482 510 795 595 ἐπλάζετο
821 507 1010 598 ἄγων
1035 508 1271 603 αὐτήν.
1330 510 1620 605 Ὅμηρος
1640 515 1767 603 μέν
1782 541 1917 583 νυν
1936 514 2048 581 καὶ
2075 510 2157 581 τά
2176 510 2637 605 Κύπριαέπεα

363 617 669 705 χαιρέτω.

511 720 887 808 Είρομένου
919 721 1001 788 δέ
1020 747 1150 808 μευ
1175 717 1331 801 τούς
1374 721 1555 811 ίρέας
1573 772 1592 806 ,
1631 725 1693 788 εἰ
1717 718 2001 808 μάταιον
2032 717 2235 806 λόγον
2269 720 2538 805 λέγουσι
2566 724 2768 791 oc118

343 817 665 910 ’Έλληνες
690 819 772 891 τά
813 824 967 911 περὶ
980 820 1190 893 Ἴλιον
1221 827 1542 911 γενέσθαι
1572 818 1614 911 ἢ
1641 818 1725 891 οὗ
1740 874 1760 909 ,
1793 828 2059 910 ἔφασαν
2084 820 2249 912 πρὸς
2275 828 2487 891 ταῦτα
2512 823 2630 892 τά-

365 932 478 1011 δε,
527 931 854 1015 ἱστορίῃσι
902 925 1191 1014 φάμενοι
1234 930 1488 997 εἰδέναι
1531 923 1693 1016 παρ’
1724 922 1937 994 αὐτοῦ
1967 928 2314 997 Μενέλεω.
2363 923 2633 996 Ἐλθεῖν

362 1029 490 1119 μὲν
527 1027 655 1118 γάρ
682 1027 846 1117 μετὰ
893 1027 1018 1119 τὴν
1039 1026 1304 1120 Ἑλένης
1333 1027 1650 1121 ἁρπαγὴν
1692 1032 1759 1110 ές
1802 1028 1928 1118 τὴν
1969 1035 2303 1119 Τευκρίδα
2336 1025 2630 1117 γῆνἙλ-

363 1133 593 1222 λήνων
617 1129 936 1223 στρατιὴν
974 1131 1265 1223 πολλὴν,
1307 1140 1700 1224 βοηθεῦσαν
1728 1134 2086 1227 Μενέλεω,
2128 1136 2423 1220 ἐκβᾶσαν
2452 1133 2527 1201 δὲ
2567 1136 2634 1212 ές

364 1242 496 1325 γῆν
527 1238 638 1305 καὶ
682 1241 1089 1325 ἱδρυθεῖσαν
1130 1236 1254 1327 τὴν
1294 1235 1616 1330 στρατιὴν
1654 1238 1944 1325 πέμπειν
1985 1239 2050 1317 ές
2085 1235 2161 1304 τὸ
2180 1234 2391 1305 Ἴλιον
2429 1233 2629 1323 ἀγγέ-

365 1349 557 1423 λους,
592 1337 723 1408 σύν
764 1342 845 1408 δέ
867 1362 988 1427 σφι
1029 1342 1203 1410 ἰέναι
1241 1344 1352 1411 καὶ
1378 1338 1591 1409 αὐτὸν
1620 1342 2024 1408 Μενέλεων·
2094 1338 2253 1418 τούς
2281 1336 2348 1407 δ’
2385 1340 2537 1408 ἐπεί
2561 1365 2632 1408 τε

365 1446 676 1512 ἐσελθεῖν
705 1445 772 1522 ές
797 1440 873 1511 τὸ
901 1459 1112 1531 τεῖχος
1129 1496 1147 1529 ,
1175 1442 1522 1514 ἀπαιτέειν
1538 1439 1817 1531 Ἑλένην
1844 1469 1917 1512 τε
1948 1444 2061 1511 καὶ
2088 1440 2169 1511 τὰ
2195 1441 2519 1531 χρήματα,
2552 1440 2635 1511 τά

365 1549 436 1614 οἱ
455 1555 669 1634 οἴχετο
716 1547 965 1628 κλέψας
985 1544 1452 1637 Ἀλέξανδρος,
1487 1553 1628 1617 τῶν
1666 1574 1738 1615 τε
1768 1543 2201 1634 ἀδικημάτων
2230 1551 2422 1625 δίκας
2451 1548 2628 1614 αἰτέ-

366 1670 524 1717 ειν·-
564 1645 721 1729 τούς
753 1648 829 1717 δὲ
867 1648 1207 1739 Τευκροὺς
1239 1650 1360 1721 τὸν
1387 1648 1598 1720 αὐτὸν
1625 1649 1830 1737 λόγον
1870 1652 2095 1736 λέγειν
2122 1648 2271 1717 τότε
2300 1650 2412 1717 καὶ
2439 1650 2631 1737 μετέ-

367 1779 595 1837 πειτα,
641 1753 754 1821 καὶ
780 1749 1117 1840 ὀμνύντας
1145 1758 1254 1824 καὶ
1295 1752 1627 1843 ἀνωμοτὶ,
1665 1749 1754 1842 μὴ
1787 1753 1913 1840 μὲν
1955 1758 2133 1840 ἔχειν
2162 1748 2439 1839 Ἑλένην
2463 1753 2633 1840 μηδὲ

366 1853 445 1925 τὰ
476 1855 968 1944 ἐπικαλεύμενα
995 1857 1319 1948 χρήματα,
1348 1854 1496 1926 ἀλλ’
1534 1856 1709 1926 εἶναι
1740 1851 1912 1923 αὐτὰ
1942 1855 2159 1924 πάντα
2182 1857 2258 1923 ἐν
2272 1853 2598 1948 Αἰγύπτῳ
2616 1876 2630 1890 ·

368 2030 625 2082 Strabon.
672 2036 805 2083 tom.
841 2031 889 2082 1.
936 2047 990 2097 p.
1029 2031 1133 2084 336
1177 2037 1295 2083 not.
1340 2038 1450 2082 tres

367 2116 557 2151 versus
591 2100 914 2166 exsculpsit:

437 2162 789 2235 Σπάρτηθεν
821 2164 886 2219 δὲ
917 2172 1168 2236 τριταῖος
1207 2161 1452 2232 Ἀλέξαν-

695 2237 835 2304 δρος
871 2233 1185 2306 [θεοειδὴς]

419 2296 595 2357 Ἴλιον
628 2303 1016 2373 εἰσαφίκανεν,
1049 2300 1203 2374 ἄγων
1219 2299 1454 2375 Ἑλένην

600 2448 622 2462 ,
682 2372 987 2462 ,[ᾈριείην]

438 2436 615 2496 Εὗαει
651 2463 682 2496 τ
737 2463 962 2529 ανεμων
993 2446 1202 2517 πνοιῇ,
1235 2447 1356 2515 λείῃ
1394 2460 1451 2497 τε

694 2515 977 2585 θαλασσῃ.

368 2584 638 2637 Welcker.
666 2586 915 2653 (Episch.
941 2588 1094 2652 Cycl.
1127 2588 1203 2637 11.
1230 2604 1282 2653 p.
1305 2586 1452 2653 519),

367 2654 591 2705 verbum
663 2650 1020 2722 χρησάμενος
1081 2675 1146 2708 ac
1214 2658 1452 2707 fortasse

369 2724 534 2774 etiam
593 2730 844 2789 τριταῖος
901 2727 970 2777 ad
1025 2733 1221 2792 poetae
1278 2727 1450 2791 ipsius

366 2793 536 2844 verba
565 2797 893 2860 pertinuisse
918 2811 1142 2863 negans,
1179 2795 1304 2846 inde
1331 2811 1452 2861 pro·

366 2864 575 2928 posuit:

436 2960 503 2970 —
537 2925 817 2999 πνεύματι
844 2926 896 2984 τ’
921 2924 1080 2985 εὖαέϊ
1110 2932 1232 3001 λείῃ
1255 2947 1314 2983 τε
1340 2932 1452 2983 θα-

690 2996 831 3053 λάσσ

367 3070 597 3123 afferens
642 3020 895 3125 Hesiodn.²
919 3076 1084 3140 Oper.
1130 3076 1187 3124 et
1230 3074 1299 3123 D.
1347 3072 1446 3124 601

368 3131 642 3207 (ὑπεραέϊ
692 3136 815 3201 ἶσος
875 3136 1079 3211 ἀέλλῃ)
1140 3148 1195 3194 et
1248 3143 1450 3209 Odyss.

364 3211 520 3275 xlv,
559 3213 661 3263 253
701 3205 997 3279 (ἐπλέομεν
1035 3211 1215 3278 Βορέῃ
1262 3204 1449 3281 ἀνέμῳ

362 3272 581 3345 ἀκραέϊ,
619 3280 820 3349 καλῷ),
861 3299 925 3334 ex
952 3298 1057 3350 quo
1082 3283 1203 3333 loco
1231 3282 1453 3333 Schnei-

367 3349 542 3399 dewin
581 3352 636 3400 in
674 3351 944 3418 Philolog.
982 3353 1079 3402 IV.
1107 3368 1162 3417 p.
1188 3354 1291 3403 745
1326 3368 1450 3402 con·

367 3418 497 3468 iecit
529 3411 716 3500 ἀνέμῳ
754 3412 911 3470 εὐαέι·
942 3419 1113 3488 καλῷ.

435 3482 534 3536 καὶ
584 3502 653 3535 τα
705 3481 938 3552 Κύπρια
991 3483 1132 3538 ἔπεα
1189 3487 1448 3556 χαιρέτω]

365 3553 628 3621 χαιρέτω,
682 3561 910 3614 valeant,
963 3562 1027 3608 ut
1064 3558 1169 3621 IV,
1207 3559 1305 3620 96,
1358 3558 1450 3607 ubi

365 3626 690 3691 wesseling.
724 3626 916 3679 laudat
936 3627 1152 3678 Platon.
1183 3627 1249 3677 de
1276 3628 1448 3692 Legg.

365 3697 435 3745 X.
482 3712 536 3761 p.
577 3696 682 3747 886
719 3699 792 3749 D.
879 3697 1040 3746 Facit
1087 3696 1194 3746 huc
1239 3712 1451 3761 quoque

367 3756 570 3829 έρᾆτω
608 3767 754 3831 apud
782 3766 1035 3833 Sophocl.
1059 3766 1292 3816 Philoet.
1321 3764 1453 3815 1196

367 3833 492 3885 coll.
530 3836 694 3888 Hom.
727 3837 820 3889 Ili.
847 3837 1002 3899 VIII,
1047 3837 1164 3888 164.
1203 3836 1302 3899 IX,
1330 3835 1450 3885 377.

700 4008 832 4058 Cn.
866 4006 1126 4076 CXVIII.

438 4105 492 4158 εί
527 4101 773 4174 μάταιον
804 4102 977 4174 λόγον
1003 4107 1226 4175 λέγουσι
1252 4102 1455 4158 οἷΐἘλ-

365 4177 557 4243 ληνες]
593 4171 895 4243 μάταιον
917 4170 1107 4244 λόγον,
1142 4195 1318 4229 vanum
1340 4194 1454 4228 ser-

335 4262 607 4311 aeonem,
634 4249 672 4298 i.
699 4264 748 4298 e.
781 4257 965 4298 temere
981 4252 1248 4311 prolatum,
1264 4250 1450 4311 fictam,

362 4318 576 4381 falsum,
614 4319 698 4368 uti
730 4317 838 4377 III,
869 4318 954 4370 10.
988 4317 1074 4370 56.
1109 4319 1231 4369 120.
1266 4318 1363 4379 VI,
1387 4317 1456 4368 68

368 4392 475 4438 etc.
557 4387 739 4438 Verba
785 4380 855 4436 τὰ
900 4382 1032 4451 περὶ
1071 4378 1250 4437 Ἴλιον
1303 4385 1456 4452 γενέ-

1553 2029 1695 2080 σθαι
1730 2028 1801 2080 ad
1836 2020 2009 2095 λόγον
2042 2023 2263 2092 λέγουσι
2307 2033 2465 2079 erunt
2500 2029 2639 2079 refe·

1553 2100 1740 2163 reuda,
1777 2114 1898 2148 cum
1921 2112 2115 2149 sensus
2145 2098 2244 2149 sit:
2282 2114 2411 2149 num
2437 2114 2636 2149 vanum

1553 2185 1855 2221 sermonem
1889 2167 2176 2233 proferant
2208 2169 2405 2219 Graeci
2439 2169 2508 2219 de
2548 2170 2636 2231 iis,

1553 2255 1697 2307 quae
1730 2240 1880 2290 circa
1902 2238 2060 2289 Ilium
2082 2242 2239 2303 gesta
2268 2239 2397 2301 sint,
2434 2254 2478 2289 s.
2507 2254 2635 2289 num

1555 2311 1696 2360 falso
1745 2308 1813 2359 de
1861 2308 2024 2358 rebus
2071 2309 2220 2358 circa
2257 2308 2416 2358 Ilium
2467 2309 2638 2374 gestis

1555 2380 1782 2430 tradant
1811 2393 2005 2429 necne.

1624 2443 1906 2515 ἴστορίῃσι
1932 2478 2003 2486 —-
2034 2438 2249 2497 εἰδέναι
2289 2436 2425 2511 παρ’
2461 2436 2643 2496 αὐτοῦ

1553 2510 1842 2581 Μενέλεω]
1883 2518 1921 2566 i.
1947 2532 1995 2567 e.
2032 2531 2093 2566 se
2130 2516 2200 2566 ab
2238 2517 2358 2581 ipso
2388 2516 2638 2566 Menelao

1554 2591 1897 2653 quaerentes,
1935 2589 2356 2650 percunctantes
2382 2584 2517 2634 haec
2552 2600 2639 2635 ac—

1552 2658 1765 2722 cepisse
1801 2670 1849 2705 s.
1888 2671 1956 2705 ex
1989 2655 2161 2719 ipsius
2184 2653 2421 2703 Menelai
2456 2669 2641 2704 narra-

1550 2727 1704 2776 tione
1758 2740 1818 2775 se
1868 2725 2005 2774 haec
2066 2725 2409 2787 cognovisse.
2499 2724 2639 2773 Nam

1550 2790 1814 2859 ἱστορίην
1874 2793 2009 2843 dicit
2054 2792 2366 2851 Herodotus
2416 2807 2642 2857 percun-

1552 2865 1876 2926 ctationem,
1913 2863 2009 2912 ubi
2046 2878 2111 2913 ex
2147 2860 2272 2912 aliis
2307 2861 2638 2913 sciscitando

1553 2933 1685 3000 quid
1725 2933 2051 2998 accepimus.
2135 2931 2293 2982 Conf.
2339 2932 2425 2996 ΙΙ,
2475 2932 2545 2985 99
2585 2938 2641 2983 et

1551 3009 1667 3055 not.
1706 3003 1775 3054 ad
1811 3017 2051 3067 prooem.

1625 3065 1679 3131 ἐς
1723 3064 1829 3136 τὴν
1871 3067 2158 3137 Τευκρίδα
2200 3068 2331 3137 γῆν]
2386 3068 2496 3136 γῆν
2541 3087 2639 3136 pro

1546 3134 1657 3207 τὴν
1693 3147 1841 3194 recte
1878 3141 2095 3192 reduxit
2118 3141 2516 3207 wesselingius
2553 3141 2641 3191 fir-

1553 3214 1832 3278 mavitque
1884 3211 2009 3262 aliis
2062 3211 2227 3273 locis,
2297 3212 2393 3262 ubi
2451 3211 2639 3261 eodem

1551 3282 1712 3333 modo
1736 3280 1847 3347 γῆν
1871 3281 2116 3332 additum
2149 3279 2403 3345 legimus:
2442 3280 2486 3341 1,
2522 3281 2639 3330 173.

1552 3352 1651 3415 IV,
1694 3353 1777 3403 12.
1814 3351 1910 3413 VI,
1946 3351 2000 3401 8.
2037 3350 2162 3411 VII,
2198 3352 2287 3401 42.
2353 3350 2425 3398 Et
2450 3347 2641 3397 suffra-

1552 3425 1754 3486 gantur
1795 3420 2049 3469 meliores
2092 3418 2240 3468 libri.
2277 3447 2346 3457 —-
2390 3413 2642 3483 βοηθεῦ-

1554 3502 1661 3538 σαν
1693 3488 1763 3539 ob
1799 3488 2030 3539 formam
2064 3486 2308 3536 Ionicam
2346 3486 2484 3534 citat
2511 3485 2641 3536 Gre-

1552 3574 1671 3623 gor.
1701 3557 1943 3608 Corinth.
1974 3557 2043 3606 de
2064 3554 2285 3605 dialect.
2306 3554 2441 3607 Ion.
2472 3556 2523 3615 §-
2551 3553 2637 3604 60.

1552 3642 1608 3692 p.
1647 3625 1751 3676 469
1786 3625 1872 3675 ed.
1913 3624 2131 3676 Schaef.
2159 3653 2228 3663 —
2263 3624 2387 3672 Hoc
2422 3639 2487 3672 ex
2517 3621 2641 3673 loco

1552 3695 1822 3745 orationis
1861 3698 2239 3759 argumentum
2266 3691 2527 3742 sumsisse
2552 3692 2642 3742 Li-

1550 3765 1773 3814 banium
1798 3761 1863 3827 (t.
1887 3765 1935 3815 I.
1958 3778 2085 3827 pag.
2110 3752 2231 3825 189)
2260 3764 2458 3811 notant
2479 3760 2643 3811 inter-

1551 3837 1757 3898 pretes.
1788 3832 1873 3883 Ad
1897 3848 1980 3894 ea,
2018 3846 2159 3896 quae
2191 3831 2259 3881 de
2284 3830 2484 3894 legatis
2507 3832 2643 3882 Tro-

1551 3904 1662 3953 iam
1714 3903 1894 3952 missis
1950 3901 2040 3951 hic
2094 3899 2424 3966 produntur,
2491 3901 2638 3951 conf.

1555 3986 1697 4037 quae
1741 3971 1809 4021 de
1851 3971 2013 4021 Ulixe
2056 3976 2223 4035 atque
2264 3968 2515 4020 Menelao
2568 3970 2639 4019 ad

1556 4041 1827 4091 Troianos
1864 4039 2047 4091 missis
2089 4039 2158 4090 de
2202 4039 2495 4103 repetenda
2526 4041 2639 4091 He-

1553 4109 1681 4160 lena
1702 4109 1955 4174 leguntur
1980 4109 2037 4159 in
2055 4107 2213 4159 Iliad.
2237 4108 2344 4171 111,
2363 4109 2464 4161 205
2485 4124 2636 4174 seqq.

1628 4175 1796 4236 δίκας
1826 4170 2055 4242 αἰτέειν]
2092 4178 2251 4229 Conf.
2286 4178 2331 4240 I,
2367 4180 2417 4229 2.
2456 4179 2507 4241 3,
2542 4178 2638 4228 ubi

1559 4248 1747 4298 eadem
1793 4248 2013 4298 locutio.
2059 4277 2128 4288 -—-
2178 4249 2307 4297 Mox
2350 4247 2423 4297 ad
2469 4248 2638 4297 verba

1555 4311 1634 4382 μὴ
1676 4312 1781 4382 μὲν
1828 4310 1975 4381 ἔχειν
2023 4318 2212 4367 confer
2260 4317 2488 4381 Gregor.
2534 4316 2637 4365 Co-

1553 4387 1721 4439 rinth.
1780 4386 1847 4437 de
1902 4385 2034 4439 dial.
2086 4388 2207 4438 Ion.
2266 4388 2317 4448 6.
2375 4386 2444 4436 62
2498 4385 2634 4448 ibiq.
