3109 5092
1200 389 1453 452 CLIO.
1500 392 1550 451 I.
1590 402 1677 454 15.
1726 399 1812 455 16.
2572 394 2652 454 37

360 577 534 640 δίων
576 569 936 659 Κιμμέριοι
984 570 1050 652 ἐξ
1086 564 1319 656 ἠθέων
1346 561 1481 635 ὑπὸ
1508 569 1851 637 Σκυθέων
1879 572 2016 635 τῶν
2045 568 2388 655 Νομάδων
2415 570 2650 651 ἐξανα-

357 672 636 753 στάντες
681 670 1001 742 ἆκικέατο
1052 675 1120 752 ἐς
1164 669 1289 761 τὴν
1335 667 1565 758 Ἀσίην
1610 673 1722 741 καὶ
1757 669 2016 760 Σάρδις
2071 669 2248 761 πλὴν
2289 677 2405 762 τῆς
2445 669 2648 763 ἄκρο-

358 780 594 858 πόλιος
628 771 834 846 εἶλον.

503 896 789 987 Ἀρδυος
834 896 911 965 δὲ
948 893 1467 984 βασιλεύσαντος
1512 891 1661 974 ἑνὸς
1716 895 1954 963 δέοντα
2008 895 2424 985 πεντήκοντα
2470 902 2643 984 ἔτεα,
2668 907 2743 970 16

364 1117 572 1167 ciorum
623 1115 870 1178 invasio,
926 1115 1071 1167 haud
1127 1115 1238 1166 alia
1291 1119 1457 1178 atque

365 1185 773 1236 Cimmeriorum
792 1223 806 1249 ‚
853 1186 923 1236 de
969 1201 1078 1252 qua
1110 1185 1168 1238 h.
1204 1185 1240 1235 1.
1280 1185 1456 1235 Hero-

365 1256 547 1317 dotus,
581 1257 673 1321 qui
707 1271 831 1306 cum
879 1257 1076 1306 Treres
1124 1256 1196 1305 ad
1228 1254 1456 1305 Cimme-

360 1326 475 1375 rios
512 1325 853 1390 pertineant,
888 1324 1075 1376 latiori
1122 1341 1255 1376 usus
1290 1324 1456 1374 fuerit

360 1395 750 1461 appellatione.
788 1396 916 1448 Vid.
960 1401 1075 1446 not.
1127 1396 1199 1446 ad
1244 1393 1291 1457 Ι,
1329 1394 1363 1446 0
1400 1398 1457 1444 et

356 1464 599 1516 Franck.
646 1463 841 1516 Callin.
899 1481 954 1531 p.
1012 1464 1112 1517 109
1160 1482 1279 1531 sqq.
1328 1462 1453 1515 coll.

357 1553 413 1601 p.
464 1535 534 1585 95
597 1535 729 1599 ibiq.
784 1534 1055 1586 Dodwell.
1100 1536 1155 1584 in
1211 1533 1452 1585 Exercit.

359 1606 438 1656 11.
478 1603 546 1655 de
591 1609 775 1654 aetate
822 1605 1061 1671 Pythag.
1120 1621 1174 1670 p.
1231 1604 1331 1656 109
1368 1618 1451 1668 sq.

358 1674 502 1726 Add.
552 1674 840 1739 Wyttenb.
890 1675 961 1725 ad
1004 1674 1287 1725 Plutarch.
1337 1673 1453 1723 Mo-

356 1744 459 1795 ral.
510 1742 589 1809 (p.
639 1744 744 1796 330
790 1741 892 1806 D.)
941 1761 994 1810 p.
1042 1744 1160 1796 116.
1210 1742 1335 1793 Vol.
1373 1743 1450 1793 H.

355 1812 771 1864 Animadversa.
846 1815 1023 1877 Quum
1068 1828 1199 1864 vero
1246 1816 1452 1877 tempo-

354 1900 477 1933 rum
504 1883 651 1933 ratio
690 1883 1032 1940 adversetur,
1068 1882 1374 1933 Franckius
1412 1880 1451 1932 1.

355 1952 393 2003 1.
419 1969 477 2019 p.
507 1953 599 2004 111
633 1952 922 2003 Strabonis
960 1953 1131 2003 verba
1163 1953 1243 2003 sic
1277 1957 1454 2001 trans-

354 2023 542 2088 posita
587 2022 739 2071 vult:
780 2017 921 2086 φησὶ
961 2015 1025 2071 δὲ
1058 2014 1455 2084 Καλλισθένης

354 2089 578 2141 αλὸναι
635 2084 736 2147 τὰς
783 2086 1030 2153 Σάρδεις
1082 2082 1199 2140 ὑπὸ
1243 2090 1454 2154 Κιμμε-

358 2160 504 2221 ρίων
535 2158 798 2224 πρῶτον,
850 2150 994 2224 ὅπερ
1029 2157 1126 2210 καὶ
1162 2158 1453 2209 Καλλῖνον

357 2226 580 2292 δηλοῦν
614 2221 717 2278 τὸν
751 2227 855 2294 τῆς
891 2220 1130 2293 ἐλεγείας
1178 2219 1447 2292 ποιητὴν,

356 2289 482 2348 εἷθ’
550 2289 667 2348 ὑπὸ
736 2290 979 2364 Τρήρων
1045 2294 1142 2348 καὶ
1201 2295 1455 2347 Λυκίων.-

356 2369 501 2419 Nam
535 2367 812 2427 Calliam,
858 2384 997 2433 quae
1052 2372 1137 2418 est
1185 2368 1302 2418 eius
1346 2366 1453 2415 viri

358 2438 664 2499 sententia,
700 2436 929 2488 multum
966 2442 1094 2488 ante
1140 2435 1453 2487 Archilochi

356 2508 596 2572 indeque
661 2508 829 2556 etiam
896 2508 1066 2573 Gygis
1131 2512 1187 2557 et
1251 2504 1451 2570 Ardyis

358 2582 610 2640 tempora
646 2577 813 2638 vixit,
849 2581 911 2626 ut
946 2577 1082 2628 adeo
1109 2576 1286 2626 altera
1311 2574 1452 2625 Cim-

250 2662 277 2671 *
354 2647 649 2697 mer-iorum
677 2647 888 2696 invasio
924 2645 981 2695 in
1003 2646 1177 2711 ipsius
1213 2648 1453 2695 aetatem

356 2716 581 2766 minime
606 2715 801 2766 cadere
816 2716 1073 2781 potuerit.
1101 2714 1257 2777 Quod
1275 2719 1456 2764 utrum

356 2801 553 2836 verum
601 2786 702 2845 sit,
752 2801 855 2835 nec
902 2800 995 2848 ne,
1036 2800 1137 2834 nec
1185 2798 1352 2849 supra
1387 2782 1456 2832 ed

358 2871 488 2920 cap.
525 2854 559 2904 6
594 2854 1000 2920 disquirendum
1033 2854 1245 2917 censui,
1282 2868 1459 2918 neque

355 2925 451 2975 hic
488 2923 804 2988 disquiram,
844 2940 965 2975 cum
1000 2939 1230 2988 pronum
1265 2923 1357 2984 sit,
1401 2922 1457 2971 in

359 2994 630 3045 eiusmodi
675 2993 813 3044 locis
848 2994 965 3044 sine
1010 2992 1271 3043 librorum
1306 2994 1459 3041 vetu-

356 3069 571 3114 storum
631 3063 965 3113 auctoritate
1021 3061 1153 3128 quid
1226 3066 1455 3121 mutare,

356 3150 465 3184 nec
514 3133 730 3183 omnino
778 3131 976 3182 Callini
1025 3136 1208 3192 aetas,
1256 3135 1319 3180 ut
1361 3129 1455 3195 qui

356 3204 603 3253 Homero
628 3202 903 3266 proximus
928 3201 1145 3262 vixerit,
1171 3205 1285 3249 tam
1305 3203 1458 3249 certa

357 3272 637 3333 videatur,
663 3272 793 3335 quin
826 3271 980 3322 dubii
1015 3269 1150 3319 nihil
1186 3268 1457 3332 relinqua·

356 3348 467 3392 tur.
513 3340 921 3403 Quodammodo
970 3344 1154 3389 tamen
1200 3352 1457 3388 assensus

356 3416 445 3461 est
482 3409 756 3460 Franckio
793 3410 858 3459 G.
896 3410 964 3459 E.
997 3408 1199 3458 Weber
1222 3408 1280 3456 in
1314 3405 1456 3456 libro

357 3481 429 3531 de
465 3478 689 3544 elegicis
727 3479 1057 3529 Graecorum
1094 3476 1270 3541 poetis
1318 3473 1459 3539 (ver-

354 3548 560 3600 naculo
603 3547 891 3615 sermone),
930 3548 1025 3597 ubi
1062 3545 1331 3596 Callinum
1378 3545 1458 3593 in-

354 3627 447 3670 tra
493 3622 748 3668 octavum
793 3623 848 3667 et
884 3632 1083 3666 nonum
1125 3615 1364 3665 seculum
1401 3628 1453 3663 a.

355 3688 490 3739 Chr.
549 3703 606 3737 u.
662 3687 867 3737 vixisse
937 3684 1245 3746 contendit3
1307 3683 1453 3733 conf.

355 3759 449 3822 (T.
492 3756 594 3820 H.)
626 3772 682 3820 p.
718 3756 842 3808 415.
886 3755 1027 3806 Utut
1065 3760 1167 3815 est,
1206 3752 1456 3818 equidem

356 3827 657 3893 persistere
713 3824 895 3875 malim
950 3825 1005 3873 in
1054 3839 1122 3875 ea
1163 3822 1454 3883 sententis,

354 3912 525 3958 quam
564 3895 635 3945 ad
669 3910 790 3958 esp.
824 3893 859 3945 6
901 3894 1078 3958 posui,
1116 3892 1457 3943 Herodotum

356 3966 426 4017 de
474 3980 585 4014 una
628 3965 789 4014 modo
846 3963 1256 4013 cimmeriorum
1304 3960 1458 4009 inva-

355 4037 519 4086 sione
552 4033 723 4097 loqui,
761 4048 937 4098 neque
964 4032 1192 4082 aliorum
1228 4032 1460 4094 scripto-

352 4120 479 4155 rum
512 4103 847 4163 testimonia,
887 4103 933 4151 si
961 4102 1101 4152 forte
1124 4099 1460 4159 discordant,

359 4179 462 4224 aut
509 4188 578 4222 ne
627 4171 961 4221 concordent
1009 4188 1043 4220 a
1099 4170 1234 4220 viris
1282 4167 1459 4217 doctis

356 4242 753 4301 sollicitantur,
787 4240 935 4290 illius
965 4239 1285 4291 auctoritati
1308 4251 1463 4303 prae-

358 4309 595 4363 ferenda
629 4309 827 4360 videri.
862 4311 1037 4372 Quam
1075 4308 1304 4359 eandem
1342 4321 1464 4355 sen·

356 4380 598 4433 tentiam
644 4380 1053 4444 pronuntiavit,
1109 4378 1203 4444 qui
1250 4390 1463 4426 omnem

354 4451 508 4501 hanc
544 4449 926 4514 quaestionem
950 4449 1126 4499 denuo
1160 4448 1463 4512 pertracta-

1559 1114 1667 1174 vit,
1703 1113 2105 1164 Westermann.
2187 1116 2270 1166 De
2329 1114 2653 1167 Callisthen.

1561 1182 1785 1248 Olynth.
1823 1184 1887 1235 P.
1926 1184 2002 1234 11.
2042 1185 2092 1236 3.
2124 1199 2179 1249 p.
2220 1187 2282 1237 11
2323 1200 2476 1251 seqq.
2516 1201 2654 1237 sana

1560 1253 1939 1303 demonstrans
1985 1269 2106 1304 esse
2145 1255 2433 1307 Strabonis
2484 1257 2655 1307 verba

1559 1338 1592 1372 a
1649 1323 1923 1373 Franckio
1993 1328 2210 1375 tentata
2275 1325 2544 1376 Callinum
2584 1341 2653 1377 ue

1558 1392 1809 1443 floruisse
1853 1393 1954 1444 sub
1999 1394 2216 1459 Olymp.
2268 1395 2503 1446 XXXVI
2548 1342 2653 1446 (do-

1559 1477 1705 1512 cens.
1769 1462 2150 1528 Lygdemidis,
2198 1465 2292 1531 qui
2346 1463 2456 1515 dux
2511 1465 2653 1515 Cim-

1556 1533 1846 1582 meriorum
1881 1534 1940 1583 in
1980 1533 2083 1583 hac
2118 1533 2492 1600 expeditione,
2533 1541 2649 1599 aut,

1554 1607 1618 1653 ut
1651 1602 1957 1652 Franckius
1993 1603 2138 1665 vult,
2187 1605 2245 1654 in
2291 1604 2492 1669 priori,
2531 1621 2652 1671 per-

1554 1672 1800 1733 hibetur,
1859 1672 2174 1722 Herodotus
2246 1673 2452 1723 nullam
2515 1674 2652 1724 facit

1554 1742 1905 1792 mentionem.
1944 1741 2070 1793 Vid.
2100 1746 2286 1792 tamen
2322 1742 2643 1795 Callimach.

1554 1812 1758 1875 Hymn.
1799 1811 1858 1860 in
1893 1811 2060 1862 Dian.
2112 1811 2234 1863 251.
2284 1812 2469 1863 Strab.
2507 1812 2552 1863 I.
2591 1829 2648 1878 p.

1555 1880 1615 1931 61
1662 1894 1706 1930 s.
1747 1878 1847 1930 106
1884 1884 1940 1930 et
1972 1879 2215 1945 Hesych.
2270 1895 2315 1930 s.
2363 1896 2418 1930 ν.
2468 1880 2546 1931 11.
2592 1898 2647 1947 p.

1556 1950 1679 1999 502.
1742 1948 1828 1998 Ad
1860 1948 2093 2013 Lydiam
2127 1964 2301 2014 usque
2343 1954 2398 2000 et
2440 1949 2652 2001 Ioniam

1556 2017 1648 2067 ille
1709 2032 2061 2083 progressus,
2127 2017 2324 2069 deinde
2385 2018 2650 2072 Sardibus

1556 2088 1734 2152 captis
1797 2087 1852 2136 in
1921 2085 2114 2138 Cilicis
2183 2089 2386 2140 obiisse
2455 2090 2648 2142 fertur.

1555 2156 1706 2207 Idem
1761 2156 1977 2207 Dianae
2046 2158 2320 2223 Ephesiae
2390 2160 2651 2225 templum

1554 2227 1855 2277 combussit
1916 2232 2014 2277 aut
2069 2232 2216 2278 certe
2270 2244 2331 2280 se
2376 2229 2650 2281 facturum

1555 2312 1678 2346 esse
1712 2296 1952 2346 minatus
1989 2302 2094 2348 est.
2170 2297 2256 2348 Cf.
2302 2298 2434 2349 virr.
2475 2298 2648 2351 doctt.

1556 2366 1626 2416 ad
1651 2365 1905 2487 lHffsych.
1939 2365 1977 2417 1.
2018 2366 2057 2418 l.
2095 2372 2151 2418 et
2183 2368 2422 2420 Franck.
2452 2368 2648 2422 Callin.

1554 2452 1611 2501 p.
1787 2451 1869 2502 sq.

1625 2533 1928 2602 Κιμμέριοι
1977 2529 2034 2599 ἐξ
2083 2530 2280 2601 ἠθέων
2337 2531 2454 2589 ὑπὸ
2501 2538 2652 2590 Σκυ-

1556 2603 1716 2656 θέων
1751 2603 1866 2654 τῶν
1891 2597 2186 2669 Νομάδων
2225 2597 2650 2673 ἐξαναστάντες]

1560 2674 1762 2726 Attulit
1800 2673 1998 2725 Suidas
2042 2665 2099 2735 ἐξ
2146 2666 2343 2738 ἠθέων
2391 2677 2653 2743 interpre-

1561 2751 1714 2795 tans:
1754 2733 1814 2792 ἐκ
1860 2739 1975 2791 τῶν
2011 2736 2287 2807 συνήθων
2333 2736 2558 2807 τόκων,
2597 2746 2653 2795 in

1561 2814 1759 2879 quibus
1816 2811 2046 2861 alterum
2104 2813 2295 2864 Nostri
2354 2812 2531 2863 locum
2576 2814 2652 2876 11,

1561 2886 1666 2936 142
1706 2881 2013 2946 respexisse
2062 2898 2278 2948 quoque
2333 2882 2508 2934 videri
2562 2900 2656 2949 po-

1559 2957 1689 3014 test,
1727 2966 2054 3017 quamquam
2098 2952 2385 3018 utriusque
2427 2951 2533 3003 loci
2568 2968 2654 3003 ra·

1559 3025 1637 3073 tio
1675 3021 1881 3086 dispar.
1914 3011 2068 3086 ἤθεα
2115 3038 2160 3071 s.
2209 3012 2334 3086 ἤθη
2385 3022 2494 3072 iam
2539 3023 2651 3073 Ho-

1560 3107 1707 3143 mero
1762 3094 1891 3140 sunt
1949 3092 2218 3151 domicilia,
2275 3090 2431 3141 sedes
2475 3094 2653 3155 [λι-αα

1561 3161 1705 3212 unde
1739 3160 1810 3209 ad
1839 3159 2178 3211 Herodotum
2224 3160 2473 3226 aliosque
2509 3161 2655 3211 Ioni-

1561 3246 1655 3282 cos
1717 3229 2012 3294 scriptores
2070 3230 2293 3280 transiit
2349 3230 2440 3280 hic
2498 3230 2651 3281 vocis

1560 3316 1713 3361 usus,
1749 3314 1783 3347 a
1818 3314 1925 3363 quo
1958 3312 2027 3349 ne
2053 3300 2224 3350 Attici
2259 3314 2293 3363 q
2335 3299 2477 3349 'dem
2503 3314 2652 3364 pror-

1561 3384 1655 3419 sus
1704 3368 2002 3418 abstinent.
2074 3368 2183 3420 Sed
2230 3367 2298 3417 de
2380 3369 2393 3381 ⁰
2472 3368 2652 3431 copio-

1562 3440 1675 3489 sius
1715 3436 1998 3487 admonuit
2028 3437 2094 3488 G.
2120 3437 2168 3487 Ι.
2187 3436 2473 3485 Bekkerus
2501 3450 2652 3487 meus

1561 3509 1620 3558 in
1670 3506 1977 3571 Specimine
2047 3504 2448 3563 Philostrateo,
2508 3504 2654 3567 quod

1560 3575 1765 3642 prodiit
1791 3573 2190 3635 Heidelbergae
2218 3571 2370 3622 1818.
2402 3587 2457 3635 p.
2481 3570 2549 3622 30
2570 3587 2654 3637 sq.

1561 3645 1647 3697 Ad
1689 3658 1805 3693 rem
1841 3640 1987 3692 conf.
2031 3641 2237 3691 Herod.
2285 3640 2337 3701 1,
2371 3640 2491 3691 103.
2534 3640 2655 3692 104.

1632 3741 1728 3796 καὶ
1786 3733 2003 3809 Σάρδις
2058 3773 2127 3782 —
2178 3735 2353 3808 εἷλον]
2422 3733 2657 3806 Σάρδις

1564 3813 1870 3868 accusativi
1919 3811 2150 3895 pluralis
2201 3817 2287 3862 est
2348 3812 2524 3862 forma
2568 3813 2653 3864 Io-

1561 3888 1705 3948 nica,
1754 3887 1817 3935 ut
1867 3880 2058 3946 πτολις,
2115 3889 2280 3947 οψις,
2345 3881 2455 3932 alia
2507 3883 2654 3949 apud

1561 3959 1850 4017 Nostrum,
1899 3953 1966 4003 de
2015 3952 2210 4018 quibus
2265 3952 2448 4002 omnia
2500 3952 2657 4003 dabit

1563 4026 1798 4077 Bredov.
1847 4039 1901 4088 p.
1955 4022 2076 4073 204.
2159 4021 2320 4084 Quod
2376 4020 2654 4072 antecedit

1562 4088 1852 4155 ἀπικέατο,
1892 4108 1925 4142 a
1959 4091 2243 4142 Dietschio
2279 4095 2334 4140 et
2369 4090 2421 4139 h.
2455 4090 2494 4140 1.
2529 4095 2584 4141 et
2606 4091 2654 4154 1,

1568 4166 1666 4216 152
1705 4167 1972 4213 mutatum
2016 4161 2075 4209 in
2113 4151 2424 4221 ἀπίκοντο,
2464 4160 2658 4210 aoristi

1567 4250 1675 4285 sec.
1694 4239 1778 4283 est
1791 4234 1983 4291 forma,
2006 4245 2114 4279 nou
2134 4227 2515 4280 confundenda
2535 4244 2656 4280 cum

1564 4299 2084 4369 plusquamperfecti
2144 4301 2318 4349 forma
2386 4288 2654 4361 ἀπίκατο,

1565 4375 1632 4424 de
1667 4387 1777 4438 qua
1811 4369 1921 4419 vid.
1962 4369 2007 4430 Ι,
2044 4370 2096 4417 2.
2137 4368 2294 4419 Conf.
2336 4367 2502 4417 etiam
2526 4368 2655 4418 Bre-

1567 4443 1692 4493 dov.
1731 4458 1785 4507 p.
1823 4437 1922 4491 331
1964 4450 2079 4501 seq.
