3109 5092
472 317 595 379 540

1339 320 1685 382 HEROD
1706 319 1879 382 ΟΤΙ

469 505 644 584 τῶν,
686 494 837 569 ἀλλ’
888 498 1281 568 ἐκδίδονταί
1303 524 1377 566 τε
1417 502 1490 567 οί
1520 501 1818 583 συβῶται
1862 498 1975 567 καὶ
2002 493 2283 583 ἄγονται
2314 498 2381 579 ἐξ
2409 492 2745 585 ἀλλήλων.

470 620 641 674 τοῖσι
672 606 797 692 μέν
823 630 955 672 νυν
984 599 1245 671 ἄλλοισι
1271 612 1496 671 θεοῖσι
1534 598 1740 669 θύειν
1771 589 1852 681 ὗς
1878 597 1962 672 οὐ
1991 605 2328 671 δικαιεῦσι
2358 599 2745 687 Αἰγύπτιοι,

473 705 743 797 Σελήνῃ
774 706 848 775 δὲ
879 708 992 774 καὶ
1021 704 1342 798 Διονύσῳ
1369 704 1679 794 μούνοισι
1713 709 1836 773 τοῦ
1875 701 2086 774 αὐτοῦ
2124 703 2403 792 χρόνον,
2432 700 2716 795 τῇ.αὐτῇ
2736 711 2839 770 127

474 809 908 903 πανσελήνῳ,
943 806 1100 888 τούς
1127 798 1208 890 ὗς
1236 807 1577 888 θύσαντες
1603 812 1960 880 πατέονται
1990 812 2127 877 τῶν
2155 812 2394 898 κρεῶν.
2470 805 2639 877 διότι
2671 807 2746 876 δὲ

474 911 630 994 τούς
656 903 737 992 ὗς
767 916 842 983 ἐν
868 912 995 1001 μὲν
1021 917 1170 1002 τῇσι
1205 910 1446 1001 ἄλλῃσι
1474 907 1707 1000 ὁρτῇσι
1738 909 2242 1001 ἀπεστυγήκασι
2259 964 2278 997 ,
2328 907 2404 981 ἓν
2430 911 2507 980 δὲ
2538 909 2746 1000 ταύτῃ

472 1017 761 1102 θύουσι,
801 1023 940 1085 ἔστι
971 1016 1097 1104 μὲν
1133 1015 1325 1103 λόγος
1354 1017 1508 1104 περὶ
1535 1011 1748 1084 αὐτοῦ
1773 1009 1893 1086 ὑπ’
1932 1022 2328 1103 Αἰγυπτίων
2354 1014 2744 1103 λεγόμενος·

478 1201 705 1253 quorum
754 1183 1013 1234 librorum
1063 1199 1331 1234 consensu
1368 1184 1563 1250 proba-

476 1263 590 1307 tam
659 1253 882 1314 retinui,
952 1252 1081 1303 licet
1137 1253 1372 1305 Bredov.
1430 1270 1559 1319 pag.

478 1328 602 1378 329.
662 1315 988 1372 ἐκδιδόαται
1024 1323 1387 1374 revocandum
1438 1339 1563 1373 ceu·

480 1400 616 1446 seat.
689 1392 847 1442 Conf.
897 1397 1036 1441 nott.
1086 1392 1154 1442 ad
1191 1394 1237 1454 Ι,
1278 1393 1398 1444 209.
1476 1393 1563 1443 Ad

477 1469 653 1531 ipsum
713 1467 1091 1526 argumentum
1148 1462 1291 1526 quod
1343 1462 1561 1523 attinet,

479 1535 713 1601 pertinet
747 1531 851 1581 hoc
886 1532 956 1581 ad
985 1531 1375 1597 Aegyptiorum
1423 1532 1565 1581 ordi-

478 1620 594 1666 nes,
634 1601 820 1667 quales
849 1601 1051 1650 Noster
1077 1606 1325 1651 recenset
1346 1601 1418 1663 11,
1459 1601 1561 1651 164

478 1676 558 1724 ita
583 1675 884 1737 separatos,
923 1675 984 1719 ut
1013 1670 1215 1726 nullum
1245 1671 1562 1720 inferiorum

479 1743 727 1796 ordinum
764 1740 1140 1791 commercium
1176 1756 1297 1791 cum
1325 1742 1565 1804 superio-

479 1815 661 1874 ribus,
699 1826 874 1877 neque
911 1809 1079 1860 ullum
1126 1810 1452 1862 connubium
1487 1810 1566 1860 lo-

479 1901 601 1935 cum
637 1881 911 1933 habuerit.

551 1944 777 2018 Σελήνῃ
801 1944 864 1999 δὲ
890 1944 987 1998 καὶ
1012 1940 1277 2016 Διονύσῳ
1300 1941 1569 2015 μούνοισι

478 2040 530 2074 κ.
570 2038 616 2071 τ.
655 2020 727 2086 λ.]
758 2021 882 2071 Hoc
918 2034 1027 2069 uno
1062 2019 1184 2069 ioco
1220 2020 1365 2084 quod
1390 2020 1563 2069 Hero-

479 2094 641 2143 dotus
683 2093 875 2139 Lunam
909 2088 1077 2138 refert
1101 2089 1243 2138 inter
1265 2088 1563 2153 Aegyptio-

481 2177 597 2212 rum
621 2161 845 2208 numina
871 2173 1043 2223 aeque
1071 2173 1136 2208 ac
1157 2157 1321 2209 Solem
1338 2159 1413 2221 11,
1440 2159 1561 2219 111,

480 2233 810 2282 Graecorum
835 2243 900 2276 ex
933 2243 1081 2277 more
1101 2227 1411 2277 siclocutus
1443 2243 1566 2277 esse

481 2301 725 2360 videtur,
777 2296 1044 2348 Graecum
1091 2297 1224 2347 deae
1260 2312 1456 2347 nomen
1493 2297 1564 2347 ad

480 2372 536 2420 id
558 2367 947 2434 Aegyptiorum
980 2381 1177 2415 numen
1209 2366 1565 2430 transferens,

483 2438 625 2505 quod
665 2442 862 2487 natura
896 2451 996 2486 sua
1027 2436 1096 2486 ad
1132 2435 1375 2486 Graecae
1405 2436 1566 2485 huius

484 2511 620 2561 deae
676 2508 787 2557 vim
832 2521 900 2556 ac
955 2509 1282 2570 potestatem
1336 2506 1567 2555 maxime

482 2578 787 2631 accederet:
842 2580 905 2625 ut
950 2575 1087 2626 adeo
1138 2574 1275 2625 haec
1313 2576 1461 2625 Luna
1497 2576 1566 2626 ab

486 2651 664 2702 Iside·
676 2647 871 2698 Cerere
917 2642 1085 2708 (conf.
1139 2645 1215 2707 11,
1267 2647 1359 2706 41)
1404 2645 1491 2695 vel
1533 2660 1568 2694 a

481 2722 699 2771 Diana·
710 2715 942 2768 Bubasti
978 2716 1082 2779 (11,
1121 2714 1210 2781 59)
1238 2731 1347 2765 non
1383 2715 1568 2765 admo-

482 2792 606 2841 dum
643 2787 896 2837 recedere
929 2786 1201 2836 videatur.
1271 2784 1438 2835 Plura
1474 2786 1569 2834 da-

480 2860 565 2908 bit
583 2859 736 2907 Hirt:
769 2854 1060 2905 Abhandll.
1083 2854 1137 2904 d.
1156 2854 1358 2905 Berlin.
1384 2854 1563 2904 Akad.

478 2928 611 2978 hist.
637 2925 768 2990 phil.
792 2923 969 2974 Class.
1000 2924 1129 2972 anni
1160 2924 1295 2975 1820
1320 2928 1374 2973 et
1411 2923 1565 2974 1821.

483 3011 609 3060 pag.
655 2994 752 3044 132
787 3008 939 3057 seqq.
1015 2993 1210 3041 Lunam
1245 2992 1403 3042 deam
1436 2994 1569 3042 scri-

480 3066 565 3115 bit
597 3063 866 3114 Eusebius
901 3063 1157 3125 Praepar.
1206 3062 1421 3126 Evang.
1459 3062 1566 3124 ΙΙΙ,

483 3135 571 3185 12.
611 3134 668 3182 111
705 3131 962 3196 Ilithyiae
1005 3130 1139 3179 urbe
1184 3130 1292 3180 coli
1340 3146 1406 3180 ea
1448 3132 1568 3181 avis

483 3203 693 3269 specie,
747 3217 852 3265 qua
888 3201 945 3249 iu
978 3199 1136 3249 huius
1182 3199 1333 3249 urbis
1382 3216 1569 3250 monu-

482 3273 678 3324 mentis
699 3270 854 3322 deam
879 3269 1062 3328 Niben,
1085 3284 1223 3334 quae
1245 3270 1460 3332 dicitur,
1489 3286 1569 3320 re-

481 3346 890 3410 praesentatam
937 3338 1209 3389 videmus·
1265 3339 1391 3389 huic
1437 3355 1567 3390 vero

481 3429 607 3465 sues
656 3427 776 3463 esse
822 3414 1092 3460 mactatos
1143 3408 1231 3459 vel
1285 3409 1413 3458 inde
1462 3408 1571 3460 col-

481 3484 651 3550 ligas,
691 3480 835 3547 quod
869 3482 925 3530 in
961 3477 1208 3543 sepulcro
1247 3478 1568 3542 sacerdotis,

481 3554 572 3620 qui
608 3553 857 3618 princeps
903 3548 1285 3616 prophetarum
1321 3553 1568 3611 vocatur,

478 3626 623 3674 inter
653 3621 894 3673 eiusdem
941 3619 1316 3683 possessiones
1354 3625 1571 3682 praeter

481 3694 592 3744 alia
626 3690 885 3742 animalia
919 3691 1405 3739 commemorantur
1442 3702 1566 3738 sues

486 3764 636 3813 1500.
723 3760 938 3810 Monuit
974 3757 1251 3824 Brugsch.
1311 3757 1569 3807 Reisebe-

481 3832 639 3882 richt.
668 3845 768 3879 aus
806 3829 1038 3892 Aegypt.
1065 3845 1119 3892 p.
1142 3827 1244 3878 223
1267 3842 1382 3890 seq.
1402 3826 1567 3876 Grae-

484 3915 577 3950 cos
612 3900 750 3949 haec
782 3912 868 3946 res
904 3897 1207 3946 advertisse
1241 3896 1479 3957 videtur,
1519 3895 1567 3945 si

482 3968 698 4034 quidem
735 3970 928 4018 auctor
967 3971 1051 4015 est
1093 3964 1351 4017 Aelianus
1391 3966 1458 4014 N.
1496 3966 1564 4015 A.

481 4039 549 4099 X,
590 4037 681 4097 16,
731 4035 1028 4098 Aegyptios
1074 4034 1239 4085 semel
1277 4034 1567 4099 quotannis

483 4108 672 4157 Lunae
687 4119 846 4155 suem
869 4102 1176 4154 sacrificare
1204 4104 1392 4154 solitos
1425 4118 1571 4162 esse3

484 4176 640 4225 cuius
678 4173 841 4223 moris
890 4187 1112 4234 causas,
1167 4177 1283 4222 tum
1320 4173 1391 4222 ab
1441 4172 1568 4221 aliis

484 4249 600 4294 tum
636 4244 703 4294 ab
734 4241 962 4292 Eudoxo
988 4240 1232 4306 prolatas
1267 4241 1409 4291 idem
1446 4241 1571 4290 sub-

482 4313 681 4378 iungit.
767 4311 1003 4361 Maxime
1059 4326 1188 4360 vero
1244 4311 1350 4360 huc
1405 4310 1569 4374 perti-

483 4387 577 4433 net
623 4380 906 4433 Plutarchi
958 4380 1112 4431 locus
1160 4380 1229 4430 de
1277 4381 1353 4430 Is,
1403 4384 1566 4444 atque

1664 1184 1880 1234 Osiride
1933 1200 2054 1249 cap.
2095 1184 2148 1234 8.
2208 1200 2337 1249 pag.
2384 1183 2485 1235 353
2529 1183 2595 1233 F.
2645 1182 2750 1234 354

1663 1254 1711 1306 A
1746 1270 1883 1319 seq.‚
1933 1252 2021 1317 (de
2067 1268 2172 1318 quo
2219 1252 2341 1303 loco
2393 1253 2539 1304 conf.
2589 1254 2655 1303 R.
2699 1254 2747 1303 Ι.

1663 1325 1860 1376 Fruin:
1897 1325 1980 1373 De
2011 1322 2327 1373 Manethon.
2355 1324 2653 1386 Sebennyt.
2693 1338 2748 1387 p.

1668 1395 1762 1444 141
1794 1392 1953 1458 seq.)‚
1989 1393 2083 1443 ubi
2119 1407 2270 1442 suem
2307 1394 2475 1443 refert
2498 1393 2751 1442 sacerdo-

1666 1470 1749 1514 tes
1787 1463 2102 1513 existimare
2130 1461 2332 1512 animal
2366 1478 2400 1512 a
2424 1462 2594 1512 sacris
2621 1461 2750 1511 alie-

1665 1550 1818 1595 num,
1868 1533 2123 1598 quoniam
2159 1533 2391 1583 maxime
2427 1536 2586 1582 coeat
2618 1530 2751 1581 luna

1663 1603 2028 1654 decrescente·
2055 1602 2405 1666 eiusdemque
2437 1602 2525 1652 lac
2560 1601 2751 1651 biben—

1664 1673 1811 1723 tibus
1836 1672 2041 1736 lepram
2072 1671 2266 1721 afferat
2300 1677 2466 1736 atque
2490 1670 2748 1721 scabiem.

1667 1741 1825 1806 Quod
1849 1758 1978 1792 vero
2003 1739 2169 1791 semel
2192 1742 2249 1791 in
2275 1740 2574 1805 plenilunio
2598 1756 2749 1790 suem

1666 1814 1922 1877 Aegyptii
1941 1815 2180 1861 mactent
2200 1812 2611 1875 comedantque,
2646 1809 2753 1860 hoc

1670 1882 1739 1933 ad
1778 1881 2093 1947 Typhonem
2132 1885 2408 1944 spectare,
2457 1881 2551 1945 qui
2591 1878 2752 1944 plena

1667 1952 1802 2002 luna
1835 1967 1986 2002 suem
2023 1965 2353 2015 persequens
2396 1950 2632 2016 ligneam
2669 1964 2753 1998 ar-

1666 2037 1830 2142 2²33..
1847 2018 2753 2172 ΫῖἓνῖΣΞῖ-ἷῗ’ἧιξὲἓᾞᾱῖἓῗέξέἓῗῖ

1666 2164 1769 2213 Est
1804 2162 1893 2210 hic
1931 2158 2119 2224 procul
2168 2158 2332 2209 dubio
2376 2150 2531 2221 ἱερὸς
2566 2149 2750 2220 λόγος,

1667 2247 1827 2297 quem
1863 2228 2177 2281 Herodotus
2220 2227 2486 2292 religione
2528 2227 2755 2290 impedi-

1666 2306 1756 2350 tus
1794 2300 2037 2365 proferre
2082 2298 2275 2349 noluit.
2347 2297 2576 2363 Spectat
2622 2312 2751 2345 vero

1666 2372 1800 2432 huc,
1840 2373 2090 2419 monente
2128 2369 2212 2419 Gr.
2253 2366 2518 2430 (Symbol.
2555 2367 2665 2417 111.
2698 2382 2751 2429 p.

1672 2438 1774 2492 332
1813 2439 1900 2490 ed.
1947 2453 2057 2488 sec.
2095 2437 2217 2488 coll.
2259 2438 2355 2486 1v.
2391 2452 2521 2501 pag.
2559 2436 2627 2488 93
2665 2435 2751 2485 ed.

1670 2507 1846 2574 tem),
1896 2509 2078 2573 imago
2124 2508 2227 2556 viri
2270 2521 2391 2556 cum
2436 2521 2559 2567 sue,
2615 2520 2756 2569 quae

1670 2581 1723 2629 in
1749 2578 1987 2628 Zodiaco
2014 2578 2376 2642 Tentyrorum
2407 2575 2757 2640 conspicitur,

1670 2653 1924 2712 spectant
1956 2647 2062 2697 huc
2092 2646 2419 2699 Graecorum
2448 2660 2624 2706 sacra,
2662 2645 2755 2709 qui

1669 2717 1873 2768 Bacchi
1918 2717 1976 2766 in
2032 2718 2175 2767 festo
2234 2731 2384 2765 suem
2438 2714 2576 2764 hirci
2632 2713 2755 2764 loco

1669 2790 1929 2849 mactant,
1953 2786 2247 2850 eodemque
2260 2786 2374 2835 fere
2393 2785 2585 2835 referri
2597 2799 2761 2847 posse

1667 2857 1923 2907 videntur
1959 2871 2114 2906 suum
2151 2853 2421 2905 sacrificia
2453 2855 2513 2903 in
2542 2853 2756 2903 Cereris

1670 2926 1941 2991 mysteriis
1979 2926 2209 2986 usitata,
2261 2924 2329 2973 de
2365 2923 2562 2988 quibus
2597 2921 2756 2987 plura

1666 2996 1811 3046 idem
1844 2998 1928 3046 Cr.
1966 2994 2002 3044 l.
2036 2993 2074 3044 l.
2110 2995 2207 3044 IV.
2244 3008 2371 3058 pag.
2413 2992 2516 3043 289
2560 2997 2615 3041 et
2650 2991 2757 3043 380

1670 3081 1783 3131 seq.
1829 3064 1913 3114 ed.
1953 3070 2100 3125 tert„
2141 3064 2233 3128 qui
2280 3062 2349 3112 ad
2394 3063 2449 3112 h.
2486 3061 2755 3112 Herodoti

1669 3135 1847 3185 locum
1898 3134 2035 3184 haee
2088 3137 2370 3198 praeterea
2432 3131 2754 3196 adscripsit:

1672 3204 2035 3266 „Eustathius
2100 3203 2171 3252 ad
2221 3202 2424 3266 Odyss.
2470 3202 2590 3261 XX,
2656 3201 2757 3250 15ss

1671 3290 1822 3339 seqq.
1857 3291 1908 3338 p.
1945 3274 2064 3332 727,
2100 3274 2169 3322 42
2209 3272 2294 3323 ed.
2314 3272 2441 3321 Bas.
2475 3270 2757 3321 attendere

1670 3359 1769 3393 nos
1807 3343 1959 3394 iubet
1991 3344 2046 3391 iu
2068 3342 2211 3391 sesto
2230 3355 2407 3391 novae
2434 3341 2624 3390 Lunae
2649 3348 2759 3389 tres

1668 3428 1786 3463 sues
1826 3410 1999 3475 (τρεῖς
2045 3403 2295 3476 σιάλους)
2346 3409 2414 3460 ab
2457 3408 2759 3468 Ithacensi-

1670 3482 1772 3532 bus
1807 3480 2096 3532 immolari.
2161 3481 2338 3544 Atque
2363 3480 2561 3530 Veneri
2593 3477 2758 3544 (quae

1671 3553 1795 3617 ipsa
1842 3567 1939 3616 pro
1984 3551 2176 3600 Lunae
2223 3548 2326 3600 dea
2367 3547 2619 3612 habetur)
2656 3548 2756 3598 Ar-

1672 3622 1787 3685 givi
1822 3637 1971 3670 suem
2002 3625 2277 3669 mactasse
2305 3618 2577 3669 dicuntur.
2624 3617 2756 3669 vid.

1671 3690 1952 3741 Iablonsk.
1974 3690 2142 3739 Vocc.
2169 3689 2429 3753 Aegyptt.
2453 3704 2507 3752 p.
2534 3687 2661 3738 37.“

1740 3788 2043 3841 πατέονται
2094 3787 2207 3839 τῶν
2254 3787 2460 3856 κρεῶν]
2507 3790 2570 3839 In
2618 3804 2757 3839 mar·

1668 3863 1796 3926 gine
1826 3860 2051 3925 exempl.
2095 3859 2377 3924 Stephan„
2413 3859 2555 3925 quod
2592 3875 2759 3923 penes

1669 3931 1756 3982 Cr.
1797 3936 1899 3994 est,
1937 3930 2100 3980 docta
2136 3945 2329 3980 manus
2365 3928 2613 3993 appinxit
2646 3925 2757 3976 δα-

1670 3998 1929 4049 τέονται
2004 3999 2114 4052 Sed
2158 3998 2286 4049 vide
2326 3998 2396 4048 ad
2432 3998 2507 4059 ΙΙ,
2549 3996 2641 4076 ,3⁷-
2686 4024 2757 4033 —-

1673 4068 1758 4119 Ad
1793 4069 1962 4119 verba
1998 4060 2104 4118 οὐκ
2148 4059 2211 4117 εἰ
2216 4058 2595 4130 πρεπέστερός
2643 4057 2758 4116 ἔστι

1672 4136 1821 4202 (scil.
1857 4130 2044 4202 λόγος)
2084 4134 2350 4201 λέγεσθαι
2378 4135 2525 4187 conf.
2549 4137 2629 4198 ΙΙ,
2664 4135 2755 4188 46.

1742 4229 1802 4288 ἐν
1839 4235 1902 4289 δὲ
1919 4232 2097 4296 ταύτῃ
2117 4230 2411 4371 &ijovo'tJ1³
2417 4237 2761 4300 ,Eustathius

1671 4307 1741 4358 ad
1778 4310 1977 4374 OdysS.
2014 4308 2166 4366 xlx,
2215 4307 2338 4359 439.
2476 4307 2579 4357 705
2614 4307 2763 4356 infra

1668 4377 1838 4428 Basil.
1877 4377 2045 4443 (conf.
2083 4377 2283 4427 Athen.
2322 4393 2376 4441 p.
2377 4324 2567 4439 p402):
2606 4368 2667 4424 οἷ
2694 4372 2762 4426 δέ
