3109 5092
525 319 648 378 754

1390 315 1934 378 HERODOTI

526 493 957 561 ἐπανατεῖλαι
978 510 993 525 ·
1051 489 1165 558 καὶ
1194 495 1402 561 ἔνθεν
1429 496 1562 561 νῦν
1601 488 1951 562 ἀνατέλλει
1971 543 1990 578 ,
2036 493 2340 560 ἐνθαῦτα
2370 493 2476 572 δὶς
2501 495 2809 561 καταδῦ-

523 695 721 746 retinui
760 694 998 745 omnium
1027 692 1288 744 librorum
1323 691 1614 744 lectionem

521 756 830 828 ἀνατεῖλαι,
867 779 1012 830 quae
1034 764 1120 814 vel
1155 779 1184 814 e
1214 778 1364 828 seqq.
1404 757 1612 812 ἐπανα-

523 835 697 885 τείλαι
719 833 821 901 (ita
852 835 995 884 enirn
1019 849 1143 884 cum
1161 832 1392 884 Bredov.
1427 849 1477 897 p.
1508 833 1611 881 215

525 906 720 971 scripsi
750 921 848 970 pro
896 896 1247 967 ἐπαντεῖλαι)
1293 907 1350 953 et
1383 894 1610 950 ἀνατέλ-

524 975 604 1024 λει
641 974 847 1041 aliquid
876 973 1438 1039 praesidii'accipiat,
1468 987 1612 1021 eam-

527 1061 633 1110 que
679 1061 802 1096 cum
849 1044 1092 1108 Sauppio
1143 1041 1324 1106 (Actt.
1378 1041 1609 1091 Societt.

527 1116 720 1166 Graec.
758 1115 846 1175 11,
896 1115 948 1163 2.
981 1129 1034 1177 p.
1072 1111 1197 1176 425)
1248 1113 1327 1161 ita
1376 1109 1614 1175 intelligi

526 1185 720 1234 velim:
765 1182 985 1247 „Solem
1021 1187 1215 1247 quater
1251 1181 1335 1229 his
1361 1180 1615 1245 tempori-

525 1253 629 1303 bus
666 1268 774 1303 non
810 1251 972 1300 solito
1003 1250 1142 1312 loco,
1179 1250 1218 1301 i.
1245 1266 1292 1299 e.
1329 1266 1437 1315 quo
1467 1265 1615 1300 nunc

527 1323 734 1384 soleat,
788 1327 967 1370 ortum
1021 1335 1170 1382 esse,
1222 1325 1392 1384 atque
1439 1320 1497 1369 in
1527 1319 1613 1368 his

525 1397 762 1457 quatuor
780 1405 970 1440 cursus
989 1388 1454 1439 vicissitudinibus
1477 1388 1615 1438 duas

526 1461 667 1511 tales
705 1461 907 1521 fuisse,
960 1464 1023 1508 ut
1073 1474 1291 1508 cursum
1343 1457 1472 1509 huic
1519 1473 1614 1507 no-

525 1536 640 1581 stro
677 1530 1012 1580 contrarium
1056 1529 1435 1593 sequeretur.“
1507 1527 1613 1578 Ne-

527 1616 630 1665 que
685 1599 845 1650 aliter
878 1599 1183 1659 Letronne,
1239 1598 1396 1648 cuius
1444 1598 1615 1646 verba

527 1685 802 1735 apponere
851 1670 1009 1718 iuvat
1058 1665 1242 1732 (Mem.
1293 1667 1361 1716 de
1396 1664 1611 1717 l’Acad.

528 1740 622 1789 des
650 1740 930 1803 Inscriptt.
967 1737 1104 1800 XII,
1142 1739 1174 1786 2
1210 1753 1263 1801 p.
1297 1735 1449 1801 106):
1493 1735 1612 1798 „Ils

526 1808 799 1870 disaient,
856 1823 960 1873 que
1007 1807 1143 1856 dans
1190 1811 1279 1856 cet
1325 1804 1614 1855 intervalle

525 1879 593 1929 de
613 1883 787 1943 temps
815 1877 867 1927 le
895 1875 1050 1927 soleil
1074 1874 1260 1926 s'etait
1277 1872 1398 1925 leve
1416 1880 1615 1940 quatre

526 1949 632 1998 fois
669 1948 794 1998 hors
823 1946 918 1997 des
948 1947 1133 2012 points
1164 1943 1519 1996 acconturnes
1559 1948 1614 1994 et

526 2016 654 2082 (par
690 2016 952 2083 exemple)
998 2015 1130 2082 qu'il
1154 2019 1287 2065 s'est
1320 2013 1442 2065 leve
1467 2014 1612 2064 deux

524 2088 632 2137 fois
671 2086 742 2138 οὺ
777 2087 817 2136 il
849 2101 909 2135 se
934 2085 1140 2136 conche
1173 2085 1518 2135 maintenant
1556 2088 1615 2135 et

525 2161 660 2207 s'est
713 2151 921 2205 conche
976 2154 1118 2205 deux
1169 2154 1275 2204 fois
1331 2153 1404 2205 ou
1457 2154 1496 2203 il
1552 2168 1612 2204 se

526 2225 665 2276 leve.
688 2223 1057 2274 —Herodoto
1091 2228 1223 2274 veut
1250 2223 1384 2286 dire,
1424 2239 1530 2289 que
1559 2223 1612 2273 le

526 2294 683 2344 soleil
717 2292 905 2343 s'etait
933 2291 1055 2343 leve
1101 2298 1296 2358 quatre
1342 2293 1447 2343 fois
1484 2293 1612 2342 hors

526 2364 623 2413 des
655 2363 837 2429 points
867 2361 938 2413 ou
972 2362 1011 2412 il
1037 2378 1095 2412 se
1117 2361 1288 2413 levait
1319 2362 1613 2412 ordinaire·

529 2439 694 2497 ment,
730 2433 866 2483 mais
893 2447 998 2497 que
1022 2447 1116 2481 sur
1147 2446 1238 2482 ces
1275 2437 1468 2497 quatre
1505 2432 1612 2482 fois

524 2502 565 2572 il
594 2520 630 2569 y
673 2518 742 2553 en
788 2503 941 2552 avait
989 2502 1157 2565 deux,
1189 2498 1260 2551 ou
1296 2502 1347 2551 le
1385 2500 1616 2566 change-

527 2579 675 2624 ment
709 2574 794 2623 fut
848 2573 897 2622 si
947 2569 1351 2634 considerable,
1412 2587 1515 2636 que
1566 2569 1615 2620 le

525 2643 636 2694 lieu
671 2643 743 2693 du
781 2642 1016 2693 coucher
1038 2642 1226 2693 devint
1264 2640 1408 2692 celui
1432 2640 1505 2690 dn
1540 2638 1615 2689 le·

525 2729 622 2764 ver
655 2719 711 2764 et
755 2710 1285 2779 reciproquementf‘
1322 2739 1392 2749 —
1425 2711 1617 2760 Caete-

526 2800 644 2834 rum
675 2782 745 2833 ad
793 2786 1172 2848 argumentum
1210 2781 1318 2830 loci
1352 2782 1616 2844 interpre-

525 2857 610 2903 tes
658 2851 858 2902 dudum
908 2851 1210 2902 attulerunt
1252 2850 1502 2901 Platonis
1538 2848 1616 2898 lo-

528 2937 650 2970 cum
684 2921 742 2970 in
763 2921 926 2971 Polit.
965 2937 1018 2985 p.
1058 2920 1160 2972 269
1197 2920 1262 2982 A,
1291 2920 1386 2970 ubi
1423 2918 1614 2968 iisdem

527 2990 641 3039 fere
677 2990 856 3039 verbis
880 2989 1080 3039 similia
1101 2993 1400 3040 narrantur
1434 2987 1502 3037 de
1526 3003 1613 3037 so-

526 3058 595 3107 lis
632 3063 753 3107 ortu
792 3063 846 3108 et
868 3073 1068 3108 occasu
1098 3063 1313 3109 mutato
1342 3057 1496 3108 Atrei
1531 3072 1613 3107 re-

567 3128 613 3176 is
651 3131 862 3177 aetate:
897 3118 962 3176 τὸ
1001 3122 1131 3192 περὶ
1167 3125 1267 3190 τῆς
1301 3123 1613 3193 μεταβολῆς

528 3144 746 3253 gnoseos
781 3210 839 3245 τε
871 3190 968 3245 καὶ
998 3187 1280 3259 ἀνατολῆς
1313 3187 1480 3259 ἡλίου
1514 3190 1612 3244 καὶ

525 3263 640 3316 τῶν
677 3255 861 3314 ἄλλων
895 3255 1148 3330 ἄστρων,
1206 3262 1284 3322 ὡς
1317 3260 1428 3329 ἄρα
1463 3253 1612 3314 ὅθεν

527 3328 632 3401 μὲν
662 3324 947 3384 ἀνατέλλει
970 3333 1096 3398 νῦν,
1135 3329 1218 3391 εἰς
1241 3333 1450 3385 τοῦτον
1485 3325 1611 3383 τότε

528 3398 629 3454 τὸν
665 3396 849 3454 τόπον
894 3394 1118 3468 ἐδύετο,
1162 3396 1416 3453 ἀνέτελλε
1460 3393 1512 3452 δ”
1549 3394 1609 3451 ἐκ

526 3473 634 3524 τοῦ
665 3465 929 3524 ἐναντίου
963 3489 1015 3522 κ.
1050 3490 1098 3523 τ.
1141 3472 1210 3536 λ.,
1248 3489 1355 3540 quo
1401 3473 1608 3534 eodem,

528 3549 782 3594 monente
798 3543 1096 3594 Letronnio
1121 3543 1156 3593 l.
1184 3542 1223 3594 l.
1259 3558 1313 3607 p.
1345 3543 1472 3606 109,
1495 3557 1615 3606 spe-

529 3619 684 3665 ctant
699 3612 996 3678 Euripidea
1019 3614 1075 3663 in
1096 3613 1278 3663 Orest.
1304 3612 1454 3674 1000,
1485 3611 1613 3672 alia,

529 3699 671 3749 quae
707 3683 848 3733 idem
883 3684 969 3732 vir
999 3683 1195 3733 doctus
1233 3681 1446 3744 attulit,
1485 3696 1616 3746 quo·

530 3769 646 3803 rum
697 3754 935 3802 fortasse
981 3753 1119 3802 bene
1167 3766 1369 3801 memor
1414 3752 1617 3800 Noster

529 3823 655 3872 inde
715 3819 944 3892 similem
1004 3821 1275 3886 quandam
1320 3819 1616 3885 Aegyptio-

531 3907 650 3940 rum
701 3891 1071 3942 narrationem
1117 3892 1171 3941 h.
1225 3890 1264 3943 l.
1318 3889 1615 3954 protulisse

529 3960 809 4024 putandus
831 3964 933 4010 est.
994 3960 1090 4012 Gr.
1118 3976 1180 4010 ea
1206 3960 1435 4022 confert,
1472 3973 1613 4023 quae

530 4030 598 4078 de
633 4029 937 4092 Hipparchi
971 4029 1244 4079 sententia
1274 4028 1420 4078 haud
1458 4027 1616 4077 dissi-

530 4097 644 4147 mili
695 4098 950 4162 leguntur
1004 4097 1150 4162 apud
1202 4098 1391 4149 Senec.
1449 4097 1612 4161 epist.

530 4167 601 4217 ad
623 4167 798 4219 Lucil.
831 4169 915 4228 71,
955 4166 1047 4215 ubi
1079 4166 1190 4215 vid.
1215 4167 1414 4220 Muret.
1440 4171 1480 4216 t.
1505 4167 1614 4230 ΙΙΙ,

529 4253 584 4303 p.
621 4238 683 4289 61
727 4236 869 4300 Opp.
907 4234 973 4285 ed
993 4236 1279 4285 Ruhnken.
1319 4236 1615 4301 Aegyptio-

527 4323 648 4358 rum
683 4306 1069 4366 narrationem,
1106 4308 1284 4370 quam'
1300 4305 1614 4356 Herodotus

526 4376 795 4442 prodidit,
852 4373 1046 4442 attigit
1097 4376 1154 4426 J.
1207 4374 1470 4440 Scaliger.
1547 4376 1616 4425 de

1717 692 1927 744 emend.
1965 697 2168 758 tempp.
2206 707 2263 757 p.
2303 691 2435 756 198,
2486 698 2543 743 et
2576 697 2707 759 post
2744 692 2808 743 il-

1714 763 1826 813 lum
1850 764 2083 829 Goguet.
2112 763 2303 827 Origg.
2328 764 2446 829 leg.·
2457 769 2513 812 et
2533 768 2637 813 art.
2668 763 2805 814 diss.

1714 834 1813 885 IV.
1842 838 1883 884 t.
1905 834 2010 883 111.
2025 849 2080 898 p.
2110 831 2215 884 300
2238 832 2322 883 ed.
2348 834 2548 895 Paris„
2583 833 2678 897 qni
2702 832 2807 882 hoc

1712 904 1899 968 ponit:
1935 902 2237 968 Aegyptios
2268 902 2497 953 obscure
2526 903 2804 953 indicasse

1713 973 1887 1022 videri
1936 979 2206 1022 mutatum
2252 971 2385 1021 solis
2421 988 2638 1023 cursum
2672 977 2805 1021 tem-

1713 1059 1844 1107 pore
1873 1041 2077 1091 Iosnae
2100 1042 2445 1106 imperatoris
2468 1048 2527 1092 et
2550 1042 2801 1104 Hiskiae,

1717 1111 2044 1163 Iudaeorum
2086 1112 2262 1176 regis,
2311 1112 2380 1161 de
2427 1127 2535 1176 quo
2572 1116 2806 1178 utroque

1716 1183 1773 1231 in
1824 1183 2025 1231 Iosnae
2074 1181 2213 1231 libro
2250 1181 2327 1244 X,
2382 1182 2480 1245 12,
2536 1180 2599 1232 13
2642 1186 2699 1231 et
2747 1181 2806 1230 11

1716 1252 1854 1316 Reg.
1878 1251 1974 1313 20,
1995 1250 2048 1301 9.
2100 1250 2278 1300 Aliam
2311 1250 2398 1300 his
2434 1250 2629 1301 adiicit
2646 1251 2804 1300 Wes-

1716 1320 1980 1386 selingins
2037 1320 2364 1370 sententiam
2408 1321 2514 1369 viri
2560 1320 2710 1370 docti
2746 1320 2804 1368 in

1714 1391 1940 1440 Memor.
1967 1388 2265 1440 Trivultin.
2303 1389 2557 1453 (Janvier
2577 1390 2734 1454 1762)
2761 1391 2806 1443 t.

1715 1459 1865 1510 LXV
1889 1474 2017 1525 pag.
2045 1457 2151 1510 409
2177 1458 2263 1510 ed.
2287 1459 2610 1522 Amstelod„
2639 1474 2805 1523 quam

1716 1528 1962 1593 pluribus
2025 1528 2229 1578 referre
2279 1529 2497 1591 taedet,
2553 1544 2676 1578 cum
2732 1529 2804 1577 ab

1715 1598 1985 1648 Herodoti
2045 1598 2231 1647 verbis
2289 1597 2387 1648 illa
2446 1599 2523 1648 sit
2572 1600 2805 1647 maxime

1716 1668 1915 1718 aliena.
1989 1668 2105 1718 Nec
2134 1667 2348 1718 meliori
2370 1683 2633 1719 successu
2667 1667 2805 1717 haec

1714 1741 2025 1787 tractarunt
2083 1737 2389 1787 academici
2443 1738 2803 1798 Parisienses,

1715 1806 1784 1856 de
1815 1805 1871 1855 la
1909 1806 2128 1868 Nauze,
2181 1808 2526 1872 Brequigny,
2564 1807 2803 1872 Dupuis,

1713 1892 1945 1941 quorum
1965 1878 2292 1941 scriptiones
2310 1877 2555 1927 insertae
2582 1879 2804 1926 exstant

1713 1950 1844 1996 torn.
1884 1946 2065 1995 XXIX
2092 1943 2340 1997 Memoir.
2370 1946 2439 1995 de
2461 1946 2673 1996 l'Acad.
2706 1944 2802 1995 des

1712 2015 1971 2081 Inscript.
2021 2031 2150 2081 pag.
2201 2017 2271 2067 64
2322 2030 2475 2081 seqq.
2547 2016 2663 2067 Nec
2716 2014 2805 2064 de-

1715 2085 1936 2135 fuerunt
1982 2090 2171 2134 nostra
2231 2090 2445 2148 aetate,
2503 2086 2626 2150 qui,
2681 2101 2803 2134 cum

1712 2169 1977 2204 summam
2024 2155 2417 2220 antiquitatem
2472 2155 2544 2204 ad
2578 2153 2804 2220 quinde-

1714 2225 1819 2274 cim
1851 2224 2023 2273 millia
2060 2239 2327 2274 annorum
2374 2223 2512 2274 adeo
2550 2222 2801 2275 receden-

1714 2299 1825 2344 tem
1879 2294 2273 2358 Aegyptiorum
2336 2293 2497 2343 rebus
2556 2307 2803 2343 asserere

1716 2362 2022 2425 studerent,
2061 2362 2135 2412 ad
2168 2362 2440 2413 Herodoti
2479 2378 2691 2428 quoque
2726 2362 2805 2412 lo·

1715 2449 1841 2483 cum
1859 2437 2223 2497 provocarent
2240 2447 2467 2498 eumque
2490 2447 2555 2480 ex
2586 2432 2802 2481 diverso

1717 2506 1867 2552 statu
1904 2502 2186 2566 signorum
2223 2502 2437 2552 zodiaci
2476 2505 2532 2550 et
2568 2501 2801 2552 scientia

1717 2571 2190 2637 aequinoctiorum
2224 2572 2389 2622 certis
2415 2571 2656 2634 periodis
2684 2586 2802 2635 pro-

1716 2641 2077 2705 gredientium
2104 2640 2436 2706 explicatum
2454 2639 2677 2691 vellent.
2715 2642 2800 2690 Tu

1716 2710 1829 2761 vid.
1857 2726 1990 2775 quos
2011 2711 2109 2761 Gr.
2128 2709 2541 2774 (commentatt.
2558 2709 2801 2760 Herodd.

1716 2795 1772 2844 p.
1809 2778 1934 2845 200)
1970 2780 2166 2831 laudat
2201 2782 2350 2832 viros
2383 2779 2608 2829 doctos:
2647 2780 2803 2829 Remi

1716 2849 1893 2914 Raigc
1914 2851 1973 2899 in
1989 2847 2154 2902 Mem.
2174 2855 2476 2901 astronom.
2504 2846 2801 2913 (Descript.

1716 2917 1785 2969 de
1819 2919 2045 2984 l'Egypt
2079 2920 2125 2982 1,
2160 2937 2214 2986 p.
2254 2919 2354 2971 169
2380 2934 2531 2984 seqq.
2572 2917 2695 2968 coll.
2722 2918 2800 2968 11.

1716 2988 2460 3124 831?{}yf‚‘iq‘3431’t÷q{⁰¹ffl³55
2496 2986 2797 3107 ἓῗιθᾞέῗ·

1714 3127 1780 3177 T.
1830 3128 1876 3177 1.
1936 3143 1990 3192 p.
2027 3127 2148 3179 819.
2220 3129 2367 3189 822),
2419 3127 2648 3178 Giirres:
2686 3127 2804 3191 My-

1717 3196 2033 3262 thengesch.
2068 3213 2121 3262 p.
2148 3197 2252 3248 415
2276 3202 2391 3247 not.
2422 3195 2539 3262 (qui
2563 3196 2633 3246 ad
2661 3196 2799 3245 duas

1712 3266 1969 3330 periodos
2046 3267 2365 3317 Sothiacas·
2413 3266 2554 3315 haec
2621 3264 2799 3314 relata

1713 3334 1853 3401 vult)
1893 3341 1948 3386 ct
1984 3335 2261 3387 Goedicke
2296 3335 2500 3387 Berlin.
2532 3334 2794 3384 Zeitscbr.

1714 3405 1752 3457 f.
1795 3404 2131 3456 Wissensch.
2171 3421 2223 3455 u.
2250 3405 2433 3455 Kunst
2465 3404 2511 3454 I.
2551 3420 2606 3469 p.
2633 3401 2801 3455 350-

1711 3474 1833 3525 372.
1870 3475 1974 3524 His
2014 3475 2141 3525 add.
2174 3474 2378 3524 Ideler=
2412 3473 2725 3524 Handbuch
2746 3472 2799 3521 d.

1716 3543 1974 3594 mathem.
2016 3560 2072 3595 u.
2123 3543 2434 3608 technolog.
2473 3542 2800 3606 Chronolog.

1714 3612 1761 3662 1.
1798 3629 1851 3677 p.
1888 3614 1985 3664 138
2025 3629 2160 3678 seq„
2203 3614 2297 3678 qui
2324 3613 2490 3664 etiam
2525 3612 2594 3662 de
2629 3612 2804 3677 perio·

1715 3681 1800 3731 dis
1859 3682 2185 3748 quibusdam
2228 3682 2506 3732 Sothiacis
2561 3682 2651 3731 hic
2710 3681 2806 3746 agi

1714 3755 1990 3801 statuerat
2036 3751 2382 3817 improbante
2413 3751 2713 3802 Letronnio
2764 3749 2802 3801 l.

1713 3819 1750 3870 1.
1788 3836 1844 3885 p.
1885 3822 2001 3872 112.
2072 3822 2199 3872 Alia
2236 3827 2525 3872 tentarunt
2564 3819 2634 3871 ad
2667 3820 2805 3869 haee

1716 3889 2041 3954 explicanda
2090 3890 2241 3941 Pfaff
2284 3891 2367 3940 in:
2431 3889 2807 3956 Morgenblatt

1723 3959 1872 4010 1832.
1913 3975 1998 4010 nr.
2036 3959 2140 4012 219
2178 3965 2231 4010 et
2266 3960 2351 4010 vir
2388 3959 2583 4010 doctus
2622 3960 2679 4008 in
2710 3958 2803 4008 Li-

1715 4033 1881 4079 terar.
1944 4030 2329 4080 Notizenblatt
2394 4046 2442 4078 z.
2504 4028 2805 4079 Abendzei-

1717 4102 1856 4163 tung
1897 4099 2047 4151 1832.
2082 4115 2162 4148 nr.
2198 4099 2286 4152 63.
2321 4115 2378 4164 p.
2414 4099 2535 4160 250,
2577 4097 2803 4148 Gehrin-

1716 4183 1837 4231 ger:
1874 4168 2056 4219 Ueber
2094 4169 2183 4218 die
2208 4167 2473 4218 biblische
2501 4168 2646 4217 Aera
2672 4165 2803 4231 (Tu-

1715 4237 1865 4302 bing.
1942 4237 2100 4303 1842)
2172 4254 2224 4302 p.
2284 4240 2349 4288 27
2373 4274 2386 4296 ,
2448 4236 2692 4287 Boeckh.
2764 4234 2800 4284 l.

1715 4305 1752 4355 l.
1798 4324 1849 4371 p.
1889 4309 2009 4366 422,
2050 4308 2211 4358 Saint
2250 4306 2452 4356 Mai-tin
2508 4307 2593 4355 in:
2640 4302 2801 4354 Mem.

1717 4376 1783 4426 dc
1817 4375 2026 4426 l'Acad.
2066 4377 2119 4428 d.
2159 4377 2444 4441 Inscriptt.
2491 4376 2619 4425 XII.
2657 4377 2709 4424 2.
2748 4389 2804 4438 p.
