3109 5092
434 336 558 397 468

1297 296 1839 390 ΗΕΒΟΒΟΤῙ

434 518 531 605 τῷ
558 511 769 604 λόγῳ,
806 511 918 578 καὶ
956 504 1032 576 τὸ
1041 505 1393 594 ’Ἄμμωνος
1428 500 1830 590 χρηστήριον
1870 497 2271 587 γενόμενον,
2311 495 2388 567 τὸ
2429 493 2560 584 ἐγώ
2594 501 2711 584 τῆς

436 619 777 704 ἐμεωυτοῦ
805 610 1073 699 γνώμης
1099 606 1385 694 ὕστερον
1415 607 1569 694 περὶ
1580 614 1931 690 Αἴγυπτον
1959 599 2335 689 ἐπυθόμην.
2373 605 2443 669 οἰ
2464 598 2593 689 γὰρ
2625 597 2709 687 δὴ

436 721 510 787 ἐκ
541 719 821 805 Μαρέης
856 741 928 783 τε
957 713 1186 791 πόλιος
1216 712 1327 779 καὶ
1349 706 1605 793 Ἄπιος,
1636 710 1966 785 οἰκέοντες
1998 703 2352 791 Αἰγύπτου
2382 701 2463 772 τὰ
2500 701 2706 792 πρόσ-

435 848 606 912 ουρα
643 818 902 907 Λιβύῃ,
950 813 1149 886 αὐτοί
1180 841 1253 883 τε
1298 815 1644 889 δοκέοντες
1686 808 1860 878 εἶναι
1886 815 2138 896 Λίβυες
2180 809 2295 876 καὶ
2336 803 2462 876 οὐκ
2491 804 2706 893 Αἰγύ-

437 951 638 1008 πτιοι,
666 924 778 991 καὶ
805 918 1170 1008 ἀχθόμενοι
1199 922 1279 1008 τῇ
1311 917 1464 1003 περὶ
1492 913 1573 982 τὰ
1599 910 1709 1001 ἱρὰ
1737 918 2112 1001 θρησκηΐῃ,
2146 910 2547 999 βουλόμενοι
2574 920 2703 996 θη-

435 1029 608 1096 λέων
633 1031 818 1114 βοων
845 1020 933 1111 μὴ
972 1028 1327 1111 ἔργεσθαι,
1357 1024 1666 1105 ἔπεμψαν
1692 1018 1758 1094 ἐς
1781 1012 2102 1102 ’Ἀμμωνα
2135 1013 2463 1102 φάμενοι,
2501 1010 2708 1082 οὐδὲν

434 1135 626 1216 σφίσι
655 1155 726 1197 τε
763 1129 876 1196 καὶ
915 1130 1348 1211 Αἰγυπτίοισι
1377 1118 1611 1189 κοινὸν
1653 1117 1858 1187 εἶναι·
1891 1121 2140 1187 οἰκέειν
2173 1143 2247 1185 τε
2274 1113 2402 1205 γὰρ
2436 1120 2560 1199 ἔξω
2587 1119 2709 1184 τοῦ

433 1233 678 1315 Δέλτα,
701 1233 813 1299 καὶ
839 1225 964 1298 οὐκ
987 1224 1375 1315 ὁμολογέειν
1401 1219 1697 1291 αὐτοῖσι·
1727 1219 2106 1308 βούλεσθαί
2120 1246 2192 1287 τε
2213 1219 2489 1289 πάντων
2515 1225 2706 1306 σφίσι

436 1337 679 1416 ἐξεῖναι
707 1332 1053 1419 γεύεσθαι.
1109 1324 1146 1396 6
1178 1327 1252 1395 δὲ
1283 1326 1443 1405 θεός
1473 1345 1686 1412 σφεας
1714 1320 1840 1391 οὐκ
1868 1330 1944 1393 ἔα
1975 1327 2231 1392 ποιέειν
2259 1327 2501 1407 ταῦτα,
2551 1318 2704 1409 φὰς,

437 1445 787 1521 Αἴγυπτον
818 1432 991 1502 εἶναι
1023 1430 1275 1516 ταύτην
1294 1481 1311 1512 ,
1341 1426 1465 1515 τὴν
1498 1424 1533 1497 6
1561 1435 1808 1506 Νεῖλος
1836 1423 2046 1495 ἐπιών
2077 1423 2271 1516 ἄρδει
2290 1448 2304 1462 ·
2342 1427 2456 1494 καὶ
2489 1429 2702 1510 Αἰγυ-

787 1632 918 1682 Car.
959 1632 1174 1681 XVIII.

501 1726 565 1784 τὸ
630 1726 732 1798 ἐγὼ
793 1731 895 1798 τῆς
952 1724 1236 1797 ἐμεωυτοῦ
1287 1722 1515 1807 γνώμης

429 1792 673 1868 ὕστερον
707 1798 835 1866 περὶ
861 1799 1151 1867 Αἴγυπτον
1171 1790 1511 1878 ἐπυθόμην]

431 1872 580 1925 Male
626 1871 754 1922 olim
804 1868 934 1937 τῇσι
969 1901 1040 1910 —-
1069 1861 1340 1935 γνώμῃσι.
1410 1868 1514 1918 Ve-

430 1957 546 1993 rum
582 1942 824 1992 restituit
856 1940 1185 1989 Valckenar.
1236 1936 1515 2003 probavit-

432 2027 536 2090 que
566 2010 765 2060 Matth.
792 2009 886 2061 Gr.
917 2009 1009 2060 Gr.
1035 2024 1162 2094 paq.
1191 2008 1311 2059 847.
1373 2007 1511 2056 Nam

429 2078 532 2144 τῆς
552 2071 833 2142 ἐμεωυτοῦ
858 2071 1083 2156 γνώμης
1107 2089 1347 2155 υστερον
1371 2074 1514 2125 idem

430 2148 545 2198 sere
563 2152 649 2197 est
672 2154 838 2211 atque
864 2159 1106 2209 υστερον
1125 2161 1160 2209 η
1139 2133 1293 2208 ἐγώ
1316 2139 1513 2224 ἔγνων.

432 2215 591 2266 Conf.
619 2214 866 2291 Euripid.
894 2214 1096 2264 Troad.
1123 2213 1225 2263 783
1256 2210 1358 2277 τῆς
1383 2203 1514 2275 ἡμε-

429 2281 594 2347 τέρας
626 2275 851 2347 γνώμης
887 2280 1100 2347 μᾶλλον
1134 2279 1304 2343 φίλος
1342 2272 1511 2329 ἐστίν.
1532 2323 1551 2336 ,

430 2352 580 2402 Idem
615 2350 882 2403 Valcken.
919 2350 1088 2400 scribi
1108 2348 1226 2399 vult
1264 2345 1394 2413 περὶ
1419 2343 1513 2397 Αἰ-

430 2414 677 2486 γύπτου,
749 2435 855 2485 quo
927 2425 1107 2469 tamen
1181 2434 1289 2469 non
1357 2432 1511 2482 opus.

431 2489 829 2567 Conf.1‚158.

500 2551 560 2607 οἷ
590 2551 695 2623 γὰρ
730 2550 804 2622 δὴ
841 2548 900 2606 ἐκ
934 2547 1178 2621 Μαρέης
1215 2570 1272 2605 τε
1314 2547 1513 2611 πόλιος

429 2643 482 2677 ιι.
529 2642 576 2676 τ.
617 2626 685 2693 L]
744 2626 936 2677 Mar-ea
971 2626 1102 2676 urbs
1152 2630 1307 2676 extra
1347 2624 1514 2674 Delta

431 2701 549 2746 erat
594 2696 930 2747 occidentem
971 2710 1161 2746 versus
1209 2697 1264 2745 in
1308 2709 1371 2744 eo
1408 2699 1513 2743 ter-

428 2780 523 2815 rae
570 2770 780 2828 tractu,
829 2780 933 2830 qno
981 2765 1134 2816 lacus
1171 2763 1432 2814 Mareotis
1478 2776 1512 2810 a

427 2834 564 2884 mari
612 2839 916 2899 separatur.
988 2836 1193 2900 Magna
1232 2832 1357 2883 olim
1407 2832 1512 2880 fuit

427 2903 586 2963 urbs,¹
637 2903 865 2968 insignis
911 2918 1126 2968 qnoque
1170 2903 1286 2951 vini
1332 2901 1510 2966 eopia,

429 2970 575 3036 quod
619 2986 649 3020 e
692 2971 896 3021 vitibus
934 2971 1249 3020 Mareotieis
1289 2970 1375 3019 vel
1404 2971 1510 3020 Ro-

428 3053 706 3089 manorum
757 3044 940 3089 aetate
987 3040 1346 3090 celeberrimis
1395 3054 1511 3102 per-

428 3107 750 3172 cipiebatur.
841 3108 998 3157 Conf.
1055 3106 1250 3172 virgil.
1309 3107 1507 3172 Georg.

428 3175 513 3238 11,
551 3174 612 3226 91
667 3175 800 3241 ibiq.
859 3178 1163 3241 interprett.
1208 3176 1403 3226 Athen.
1461 3177 1507 3236 1,

426 3246 514 3296 25.
559 3260 611 3309 p.
661 3244 729 3295 33
771 3246 820 3295 D
878 3250 933 3295 et
980 3261 1120 3311 quae
1165 3245 1276 3296 alia
1320 3245 1511 3296 laudat

427 3312 844 3364 Schliehthorst.
900 3314 936 3364 l.
987 3314 1025 3367 l.
1074 3331 1198 3380 pag.
1249 3313 1317 3366 58
1354 3330 1505 3379 seqq.

425 3382 567 3433 Add.
586 3382 973 3448 Sohulzeitung
1003 3385 1136 3435 1829
1164 3381 1291 3446 (ΙΙ).
1320 3400 1401 3435 nr.
1420 3385 1506 3434 55.

424 3466 551 3517 pag.
588 3453 691 3503 462
727 3468 879 3519 seqq.
915 3459 970 3502 et
996 3454 1262 3518 Forbiger
1286 3453 1509 3504 Handb.

426 3519 478 3569 d.
518 3521 613 3572 alt.
658 3521 856 3588 Geogr.
906 3522 984 3571 ΙΙ.
1035 3539 1087 3587 p.
1127 3524 1247 3574 795.
1321 3523 1510 3572 Primi-

424 3589 598 3640 tivum
656 3591 805 3640 urbis
863 3606 1059 3642 nomen
1113 3591 1510 3654 champollioni

426 3651 590 3723 (ΓΕΒ.
613 3661 803 3711 sousl.
831 3660 994 3712 Phar.
1013 3661 1092 3711 11.
1121 3676 1177 3724 p.
1198 3659 1301 3710 265
1328 3662 1507 3724 seqq.)

424 3726 639 3777 videtur
674 3728 846 3778 fnisse
879 3728 1032 3778 Μανὲ
1067 3745 1113 3780 8.
1153 3728 1321 3791 Mari,
1361 3728 1507 3792 qnod

424 3794 608 3845 valeat
661 3797 838 3847 domm
889 3800 1038 3862 solis,
1104 3797 1506 3862 Coptarumque

423 3877 620 3913 nomen
645 3863 834 3915 Phaiat
862 3881 909 3915 8.
937 3867 1193 3929 ΝίρΙιαὶαι,
1232 3882 1337 3931 quo
1364 3865 1506 3915 hano

425 3931 699 3995 regionem
721 3933 884 3997 vulgo
910 3933 1213 3999 desig-nent,
1237 3936 1377 3985 idem
1401 3937 1507 3984 Ae-

424 3999 613 4063 gyptio
637 4014 883 4050 sermone
904 4017 1114 4064 sonare,
1138 4003 1281 4067 quod
1296 4003 1505 4054 Graeco

425 4066 558 4133 Liby
560 4083 609 4120 a.
680 4067 838 4117 Nune
874 4071 1023 4134 regio
1061 4071 1364 4135 appellatur
1388 4072 1507 4121 Ma-

423 4136 555 4186 νίιιίΙι
589 4135 858 4200 valdeque
895 4137 1111 4189 deserta
1147 4146 1232 4189 est
1266 4156 1368 4191 nee
1400 4141 1506 4190 nisi

423 4204 694 4254 Arabibus
756 4205 1076 4255 nomadibus
1141 4209 1502 4274 frequentata.

421 4272 588 4322 Plura
624 4273 829 4323 Ritter·
869 4273 1165 4325 Erdkunde
1202 4277 1249 4327 1.
1290 4294 1342 4343 p.
1379 4280 1503 4329 864.

422 4339 520 4391 871
558 4357 674 4407 seq.
713 4370 784 4381 --
830 4342 1015 4405 Apidis
1060 4344 1189 4394 urbs
1240 4361 1348 4396 non
1394 4346 1506 4397 alia

1619 1643 1739 1677 esse
1763 1626 1977 1676 videtur
1999 1630 2165 1690 atque
2189 1615 2350 1688 κώμη
2371 1609 2542 1686 Ἆπις,
2564 1638 2705 1688 qnae

1617 1712 1651 1745 a
1673 1695 2000 1747 Paraetonio
2022 1699 2239 1744 eentum
2260 1693 2474 1756 stadiis,
2499 1694 2568 1743 ab
2582 1696 2706 1743 Arn-

1618 1766 1792 1815 monis
1828 1764 2047 1814 oraculo
2093 1764 2334 1828 quinque
2377 1762 2584 1814 dierum
2617 1763 2706 1811 iti-

1619 1849 1747 1883 nere
1793 1833 1985 1894 distat,
2028 1839 2173 1883 teste
2219 1832 2491 1883 Strabone
2524 1832 2702 1883 XVII.

1617 1918 1671 1967 p.
1699 1902 1818 1953 799.
1894 1903 1976 1952 Ad
2012 1903 2155 1952 hano
2184 1901 2371 1952 urbem
2408 1901 2531 1953 aliis
2576 1917 2706 1968 quo-

1616 1987 1720 2038 qne
1751 1971 2106 2036 scriptoribus
2130 1976 2604 2022 commemoratam
2626 1987 2706 2021 re-

1617 2043 1799 2090 ferunt
1820 2042 2004 2091 ruinas
2037 2041 2092 2090 in
2119 2040 2265 2090 valle
2292 2041 2705 2106 Boua-Adjubalt

1617 2111 1782 2173 sitas,
1815 2110 1909 2159 ubi
1943 2109 2120 2167 adhue
2146 2111 2452 2175 Aegyptiae
2483 2127 2549 2162 ae
2586 2110 2705 2160 Tri-

1614 2179 1893 2245 politanae
1918 2178 2143 2228 ditionis
2168 2185 2297 2229 sunt
2324 2179 2480 2231 fines.
2544 2179 2701 2230 Conf.

1613 2248 1879 2313 Forbiger
1913 2247 1949 2297 l.
1977 2248 2013 2298 1.
2051 2265 2103 2313 p.
2129 2248 2251 2300 823.
2323 2249 2498 2299 Aliter
2535 2248 2703 2299 sentit

1617 2317 2014 2367 Sehlichthorst
2048 2317 2086 2367 l.
2121 2317 2159 2368 l.
2194 2333 2250 2382 p.
2283 2317 2369 2369 60.

1684 2394 1720 2451 ἆ
1758 2394 2003 2467 θόμενοι
2039 2399 2110 2466 τῇ
2149 2397 2279 2464 περὶ
2318 2393 2386 2452 τὰ
2422 2391 2520 2464 fo&
2553 2398 2701 2464 θρη-

1617 2483 1721 2536 σκη
1754 2469 1810 2536 ῃ]
1873 2469 2016 2521 Olim
2069 2468 2369 2535 θρεσκείῃ,
2428 2470 2582 2520 ouius
2624 2469 2702 2519 lo—

1615 2555 1678 2589 co
1716 2539 2110 2603 VVesselingius
2160 2539 2403 2603 reposuit
2437 2537 2699 2603 θρεσιιίῃ,

1615 2609 1979 2673 quamvis,·si
2014 2607 2140 2657 libri
2165 2608 2384 2670 ferrent,
2421 2608 2702 2658 maluisset

1614 2673 1938 2742 θρησκηΐῃ,
1978 2676 2122 2740 quod
2150 2676 2328 2741 ipsum
2357 2681 2411 2726 et
2439 2676 2543 2726 hoc
2577 2675 2698 2734 loeo

1613 2750 1669 2796 et
1702 2746 1787 2806 11,
1827 2746 1893 2797 37
1940 2761 2064 2795 enm
2112 2750 2341 2797 reeentt.
2392 2746 2516 2797 edd.
2556 2760 2697 2795 nunc

1612 2815 2416 2934 ιῧιρίοειιὶ,ηἰιιὶιὲιιῙιοδῗιοᾶοῑ
2470 2831 2524 2880 p.
2578 2814 2697 2866 184.

1667 2901 1683 2932 ι
1725 2921 1738 2934 .
1779 2900 1848 2933 no
1907 2921 1920 2935 .
1963 2899 1997 2933 a
2097 2922 2110 2947 ,
2223 2922 2236 2934 .

1680 2961 2020 3037 βουλόμενοι
2056 2967 2283 3034 θηλέων
2314 2965 2467 3034 βοῶν
2501 2959 2577 3032 μὴ
2611 2962 2697 3029 ἔρ-

1612 3035 1840 3103 γεσθαι]
1899 3039 2104 3090 Reddit
2151 3038 2402 3103 Sohwgh.
2459 3036 2515 3087 in
2561 3036 2694 3086 Lex.

1612 3108 1848 3158 Herod.:
1886 3107 2136 3159 abstinere
2162 3110 2426 3157 noluerunt
2450 3121 2539 3156 eeu
2558 3104 2697 3153 boum

1607 3178 1955 3241 somninarzma.
2010 3179 2151 3228 Nam
2173 3177 2311 3226 satis
2337 3179 2577 3236 constat,
2605 3173 2697 3224 bo·

1612 3262 1710 3297 ves
1748 3246 2035 3311 Aegyptiis
2072 3261 2258 3296 sacras
2305 3245 2503 3306 fuisse,
2559 3256 2695 3307 quas

1610 3321 1853 3366 mactare
1918 3316 2137 3365 minime
2203 3314 2437 3365 licuerit.
2537 3312 2696 3362 Conf.

1611 3385 1771 3434 modo
1793 3384 1869 3446 11,
1896 3385 1983 3435 41.
2022 3385 2117 3447 IV,
2150 3384 2268 3435 186.
2339 3382 2604 3447 Porphyr.
2630 3379 2698 3430 de

1608 3454 1813 3504 abstin.
1862 3454 1933 3503 ab
1983 3469 2080 3503 esu
2120 3468 2209 3503 an.
2249 3452 2356 3515 IV,
2394 3453 2443 3502 7.
2501 3468 2556 3516 p.
2593 3450 2698 3501 314

1610 3538 1725 3588 seq.
1765 3521 1927 3588 (quae
1962 3523 2070 3571 iam
2101 3521 2287 3572 attulit
2321 3521 2578 3571 Larcher.
2586 3521 2603 3581 )
2643 3522 2697 3567 et

1608 3592 2052 3641 Heeren.1deen
2088 3599 2194 3642 ete.
2235 3592 2281 3652 1,
2308 3589 2360 3641 3.
2397 3606 2451 3655 p.
2482 3589 2603 3642 375.
2632 3618 2698 3627 —

1610 3659 1745 3709 Cum
1783 3660 2063 3710 Gaisford.
2108 3661 2366 3725 rescripsi
2427 3653 2695 3723 ἔργεσθαι

1611 3744 1677 3777 ex
1723 3729 1923 3778 Aldina
1978 3733 2034 3779 et
2091 3745 2156 3778 ex
2200 3728 2424 3794 Origen.
2478 3727 2695 3779 ssvere.

1609 3796 1752 3847 Cels.
1789 3798 1867 3859 V,
1906 3797 1993 3847 34.
2037 3813 2091 3862 p.
2130 3797 2262 3861 603,
2310 3798 2407 3847 ubi
2450 3797 2587 3847 haee
2622 3795 2698 3844 ei-

1608 3870 1814 3916 tantnr.
1914 3865 2091 3930 Vulgo
2150 3863 2462 3931 εἴργεσθαι.
2542 3865 2699 3915 Infra

1608 3934 1719 3996 IV,
1756 3934 1855 3985 164
1892 3929 2081 3998 ἔργετο
2117 3935 2237 3984 sine
2281 3935 2393 3985 ulla
2440 3933 2694 3984 lectionis

1609 4005 1898 4054 varietate.
1969 4002 2110 4052 Add.
2149 4003 2286 4064 VII,
2339 4003 2459 4053 197.
2505 4004 2581 4066 V,
2628 4002 2695 4052 57

1611 4077 1667 4120 et
1704 4087 1843 4137 quae
1889 4072 2123 4135 plurima
2170 4071 2332 4122 affert
2368 4070 2600 4122 Bredov.
2640 4086 2693 4134 p.

1612 4142 1731 4192 153.
1770 4168 1836 4177 -
1881 4142 1945 4190 In
1992 4156 2145 4221 seqq.
2191 4142 2387 4191 verba.
2441 4136 2539 4190 καὶ
2588 4137 2695 4188 οὐκ

1607 4198 1935 4275 ὁμολογέειν
1971 4201 2197 4260 αὖτοισι
2247 4210 2460 4259 valent.
2513 4223 2606 4260 nec
2638 4223 2697 4258 se

1607 4279 1779 4328 eadem
1879 4296 1944 4329 ua
1980 4280 2286 4344 Aegyptios,
2325 4281 2497 4357 linqua
2536 4282 2624 4329 uti.

1676 4343 1771 4397 καὶ
1792 4296 1877 4398 Αἵ
1871 4347 2145 4412 γυπτίους
2177 4315 2325 4397 εἶναι
2360 4361 2603 4404 τουτους
2642 4360 2694 4394 ιι.
