3109 5092
507 253 629 316 778
1365 251 1905 316 HERODOTI

507 427 637 519 γαρ
663 428 1255 520 Σαρδαναπάλλου
1290 433 1411 496 τοῦ
1455 435 1674 497 Νίνου
1700 429 2008 516 βασιλέος
2047 426 2346 518 χρήματα
2367 481 2384 514 ,
2428 428 2646 498 ἐόντα
2691 458 2829 517 με·

504 535 699 622 γάλα,
727 537 840 602 καὶ
868 532 1348 621 φυλασσόμενα
1376 536 1451 602 έν
1471 544 1877 620 θησαυροῖσι
1907 540 2348 619 καταγαίοισι,
2378 532 2801 621 ἐπενόησαν
2819 548 2911 600 173

506 643 767 717 κλῶπες
808 641 1196 726 ἐκφορῆσαι.
1273 639 1346 705 ἐκ
1377 633 1460 724 δὴ
1490 627 1589 705 ὦν
1616 642 1755 704 τῶν
1783 637 2132 724 σφετέρων
2157 642 2397 705 οἰκίων
2422 635 2826 726 ἀρξάμενοι

503 747 575 812 ol*
596 747 890 826 κλῶπες,
937 736 1071 810 ὑπὸ
1111 745 1241 827 γῆν
1267 738 1763 828 σταθμεόμενοι
1792 742 1858 820 ές
1885 737 1968 808 τὰ
1993 738 2307 829 βασιλήῐα
2345 746 2526 809 οἰκία
2554 738 2823 826 ὤρυσ-

503 867 646 915 σον.
696 842 816 913 τόν
855 844 930 913 δὲ
972 849 1138 933 χοῦν
1175 841 1294 912 τὸν
1336 843 1833 934 ἐκφορεόμενον
1878 846 1951 912 ἐκ
1994 849 2116 912 τοῦ
2155 839 2565 932 ὀρύγματος,
2622 841 2825 923 ὅκως

504 952 767 1036 γένοιτο
793 947 915 1030 νὺξ
932 999 949 1032 ,
993 951 1060 1026 ἐς
1086 944 1206 1015 τὸν
1245 954 1482 1036 Τίγριν
1511 946 1846 1034 ποταμὸν,
1886 949 2354 1036 παραρρέοντα
2381 944 2507 1035 τὴν
2534 957 2820 1032 Νῖνον,

505 1052 892 1140 ἐξεφόρεον·
942 1052 1008 1129 ές
1045 1046 1082 1119 ὃ
1122 1050 1653 1138 κατεργάσαντο,
1691 1046 1730 1118 ὅ
1755 1078 1817 1119 τι
1861 1050 2242 1138 ἐβούλοντο.
2295 1057 2614 1120 τοιοῦτον
2646 1055 2811 1121 ἕτε-

505 1183 627 1245 ρον
665 1153 923 1243 ἤκουσα
963 1155 1075 1222 καὶ
1116 1149 1189 1220 τὸ
1229 1159 1343 1241 τῆς
1386 1158 1461 1223 ἐν
1500 1152 1823 1246 Αἰγύπτῳ
1864 1161 2102 1242 λίμνης
2139 1150 2403 1242 ὄρυγμα
2430 1157 2814 1241 γενέσθαι,

504 1256 681 1345 πλὴν
709 1255 792 1327 οὐ
820 1255 1063 1335 νυκτὸς
1088 1253 1257 1324 ἀλλὰ
1284 1254 1428 1344 μετ’
1459 1252 1713 1346 ἡμέρην
1742 1256 2177 1345 ποιεύμενον·
2210 1252 2634 1345 ὀρύσσοντας
2668 1255 2812 1344 γὰρ

504 1359 622 1430 τὸν
662 1365 828 1447 χοῦν
862 1357 1018 1438 τούς
1055 1365 1476 1445 Αἰγυπτίους
1516 1363 1583 1439 ἐς
1628 1358 1748 1429 τὸν
1790 1370 2046 1430 Νεῖλον
2077 1362 2390 1451 φορέειν,
2431 1356 2466 1429 ὅ
2496 1361 2573 1430 δὲ
2610 1357 2806 1429 ὑπο-

504 1463 870 1552 λαμβάνων
905 1469 1138 1550 ἔμελλε
1180 1465 1493 1550 διαχέειν.
1554 1458 1594 1550 ἦ
1622 1467 1748 1551 μέν
1789 1492 1923 1533 νυν
1951 1471 2152 1552 λίμνη
2179 1460 2350 1552 αὕτη
2378 1461 2555 1533 οὕτω
2589 1467 2801 1551 λέγε·
2881 1544 2887 1548 .

503 1595 609 1636 ται
636 1563 1034 1656 ὀρυχθῆναι.

670 1677 820 1739 Τῶν
857 1671 930 1739 δὲ
979 1667 1288 1739 δυώδεκα
1331 1670 1670 1755 βασιλέων
1712 1669 2110 1758 δικαιοσύνῃ
2153 1671 2595 1758 χρεωμένων,
2660 1665 2803 1737 ἀνὰ

503 1773 748 1863 χρόνον
791 1769 879 1853 ὥς
922 1780 1184 1842 ἔθυσαν
1228 1775 1302 1840 ἐν
1345 1775 1437 1862 τῷ
1477 1777 1602 1864 ἱρῷ
1638 1778 1760 1841 τοῦ
1787 1768 2195 1861 Ἡφαίστου,
2248 1778 2329 1860 τῇ
2368 1767 2630 1860 ὑστάτῃ
2676 1777 2804 1859 τῆς

373 1667 483 1727 151

502 1874 698 1967 ὁρτῆς
725 1877 1112 1967 μελλόντων
1141 1881 1652 1960 κατασπείσειν,
1698 1872 2073 1963 ὁάρχιρεύς
2115 1877 2409 1957 έξένεικέ
2445 1895 2567 1963 σφι
2620 1875 2793 1963 φιά-

504 1991 623 2061 λας
653 1985 971 2070 χρυσέας,
1013 1985 1170 2067 τῇσί
1208 2005 1334 2067 περ
1378 1977 1688 2047 ἐώθεσαν
1723 1982 2076 2062 σπένδειν,
2129 1973 2448 2067 ἁμαρτών
2476 1983 2601 2047 τοῦ
2633 1977 2791 2068 άρι-

576 2151 646 2204 τὰ
681 2148 787 2220 γὰρ
819 2143 1317 2236 Σαρδαναπάλλου
1354 2153 1458 2204 τοῦ
1487 2153 1593 2204 Νί-

509 2239 614 2274 νου
640 2218 917 2290 βασιλέος]
946 2225 1148 2288 Scripsi
1172 2216 1592 2286 Σαρδαναπάλ-

507 2293 618 2341 λου
655 2310 774 2343 cum
819 2295 1066 2358 probatis
1101 2292 1271 2348 libris.
1342 2295 1466 2344 vid.
1521 2293 1590 2342 ad

508 2363 724 2412 Ctesiae
780 2364 1027 2427 fragmm.
1087 2378 1213 2427 pag.
1269 2362 1391 2412 430.
1489 2365 1591 2413 Est

507 2448 638 2481 vero
698 2431 834 2482 haec
893 2447 1005 2482 una
1058 2434 1201 2496 regis
1251 2432 1590 2482 celeberrimi

507 2502 709 2552 mentio
747 2504 803 2552 in
831 2502 1098 2553 Herodoti
1127 2503 1318 2562 Musis,
1353 2504 1447 2567 qui
1482 2503 1590 2551 for-

506 2572 759 2633 tasse,in
810 2573 1116 2637 Assyriacis
1166 2571 1320 2621 libris
1371 2571 1436 2634 (Ι.
1489 2573 1590 2622 106

507 2643 638 2707 ibiq.
676 2643 818 2706 not.)
855 2643 1132 2706 copiosius
1181 2640 1249 2692 de
1293 2657 1357 2691 eo
1393 2642 1593 2691 relatu-

508 2727 599 2762 rus
632 2719 779 2773 erat,
819 2717 956 2776 quae
996 2711 1182 2761 eadem
1233 2716 1318 2761 est
1352 2711 1591 2776 suspicio

507 2782 708 2832 Naekii
763 2780 830 2830 ad
877 2781 1114 2832 Choerili
1164 2781 1413 2844 fragmm.
1462 2796 1591 2845 pag.

509 2851 631 2910 ⁶210,
669 2851 760 2900 ubi
815 2847 965 2911 (inde
1010 2866 1043 2899 a
1084 2865 1209 2913 pag.
1266 2851 1363 2901 196
1411 2849 1593 2914 seqq.)

507 2918 1597 3052 ῗὲἕιῗῗιᾶῗῃῗὲἑῗέῗοῗΐέζξῖῗηῖἇζέἑ

509 3055 725 3105 videtur
759 3055 908 3104 fama
940 3057 1006 3104 de
1037 3055 1194 3105 huius
1231 3057 1377 3116 regis
1403 3057 1595 3121 opibus

509 3125 647 3174 satis
684 3124 960 3174 celebrata
987 3140 1082 3189 per
1103 3124 1485 3189 antiquitatem
1513 3127 1596 3175 fu-

507 3195 618 3244 isse
645 3193 877 3258 indeque
903 3195 969 3244 ad
997 3195 1263 3245 Herodoti
1286 3210 1444 3245 aures
1466 3210 1596 3259 quo-

510 3280 616 3330 que
651 3265 962 3329 pervenisse
999 3263 1096 3328 (cf.
1136 3263 1198 3314 Ο.
1230 3263 1295 3314 Ο.
1337 3264 1594 3314 Mueller=

511 3334 705 3385 Kleine
740 3333 1000 3384 deutsche
1025 3333 1248 3384 Schrift.
1269 3334 1345 3383 ΙΙ.
1368 3350 1419 3398 p.
1451 3332 1593 3393 111),

509 3405 617 3455 nisi
653 3404 810 3454 malis
841 3408 1112 3466 statuere,
1148 3403 1484 3453 Herodotum
1508 3417 1591 3465 ea,

509 3490 651 3539 quae
685 3474 742 3524 h.
771 3474 811 3525 l.
849 3478 1091 3536 enarrat,
1129 3474 1432 3536 accepisse,
1469 3487 1593 3521 cum

508 3545 563 3593 in
599 3544 897 3608 Babylonis
932 3543 1065 3593 urbe
1099 3558 1166 3592 ac
1195 3541 1596 3606 Mesopotamia

507 3617 836 3663 versaretur.
924 3614 1134 3662 Nomen
1180 3611 1390 3676 Assyrii
1447 3610 1593 3675 regis

509 3683 682 3732 literis
721 3683 967 3733 cuneatis
1006 3681 1295 3745 scriptum,
1329 3679 1489 3744 quale
1516 3680 1594 3728 in-

511 3758 592 3801 ter
628 3753 829 3802 veteris
858 3751 988 3801 Nini
1022 3749 1278 3816 reliquias
1314 3749 1595 3798 inventum

510 3824 611 3882 est,
636 3835 830 3871 sonare
850 3821 1049 3870 dicitur
1070 3819 1406 3870 Assar-dana
1416 3819 1596 3881 pullu,-

508 3888 619 3938 vid.
636 3888 933 3953 Oppertin:
949 3888 1329 3939 Zeitschriftd.
1346 3885 1590 3938 deutsch.

509 3957 768 4077 ggii-gem
777 3957 1427 4076 Ῑηῦίεοθῃεοιόιιὲῃὲαίᾓ.
1467 3967 1600 4074 ἓξὲ-

510 4097 593 4161 psi
632 4088 909 4159 βασιλέος
943 4041 1039 4159 git-lo
1078 4091 1365 4172 βασιλῆος
1403 4099 1458 4144 et
1499 4094 1592 4144 151

509 4157 799 4223 βασιλέων
836 4178 932 4227 pro
969 4154 1289 4224 βασιλήων,
1328 4156 1599 4226 βασιλέες

508 4251 605 4299 pro
644 4229 923 4312 βασιλῆες
968 4236 1024 4281 et
1073 4224 1323 4296 βασιλέα
1366 4246 1464 4310 pro
1500 4227 1598 4296 βα-

513 4300 705 4370 σιλῆα.
731 4329 800 4338 -
827 4292 1087 4367 ὤρυσσον
1105 4301 1229 4366 (pro
1257 4297 1406 4366 vulg.
1430 4290 1600 4363 ’ὀρυσ-

1697 2154 1824 2220 σον)
1864 2171 1986 2205 cum
2022 2155 2255 2205 Bredov.
2292 2169 2421 2219 pag.
2462 2155 2562 2206 307
2612 2160 2673 2205 et
2714 2171 2797 2204 re-

1695 2229 1863 2276 centt.
1898 2224 2020 2275 edd.
2059 2225 2274 2305 scripsi:

1764 2287 2208 2359 σταθμεόμενοι]
2252 2294 2291 2342 i.
2339 2309 2388 2342 e.
2440 2295 2693 2343 metiendo
2746 2300 2797 2342 et

1692 2365 2018 2414 coniectando
2066 2365 2342 2428 dir-iacentes·
2382 2363 2540 2424 viam,
2590 2369 2659 2412 ut
2710 2364 2796 2411 in·

1691 2439 2020 2498 terpretatur
2038 2431 2362 2511 Schweigh„
2391 2447 2623 2496 quocum
2659 2431 2793 2482 scri-

1692 2503 1775 2567 psi
1805 2494 2221 2582 σταθμεόμενοι
2261 2517 2358 2567 pro
2394 2501 2624 2567 vulgata
2659 2516 2791 2550 στα-

1693 2565 2063 2636 θμεοόμενοι,
2104 2588 2242 2638 quae
2279 2587 2345 2621 ex
2368 2571 2565 2623 Aldina
2600 2572 2784 2621 finxit.

1694 2643 1852 2692 Conf.
1891 2642 2055 2691 etiam
2099 2642 2334 2691 Bredov.
2381 2657 2508 2706 pag.
2548 2641 2676 2691 381.

1694 2714 1759 2762 In
1796 2727 1948 2776 seqq.
1988 2711 2058 2759 ad
2096 2707 2361 2759 τοιοῦτον
2404 2705 2599 2776 ἕτερον
2635 2709 2785 2761 conf.

1694 2781 1876 2844 1,120
1899 2780 2092 2859 ibique
2126 2784 2266 2830 nott.

1767 2841 1821 2907 ἐς
1856 2842 1957 2898 τὸν
1998 2848 2292 2913 Τίγριν-
2318 2839 2424 2912 τὴν
2464 2846 2680 2912 Νινον]
2702 2849 2786 2897 De

1699 2923 2020 3038 argilimegito
2045 2919 2151 2968 loci
2159 2919 2456 3038 confibnot.
2466 2917 2669 3034 ε,ειιιίίἲὶεῐ
2667 2917 2784 2968 193.

1696 3019 1767 3028 —-
1832 3004 1867 3037 n
1949 3004 2117 3038 neca
2212 3003 2409 3037 vera·
2459 2975 2488 3034 ὁ
2638 2978 2786 3036 ὑπο

1696 3050 2000 3125 λαμβάνων
2032 2983 2220 3121 ἒμείλλε
2257 3049 2504 3120 διαχέειν
2538 3056 2604 3115 (i.
2630 3073 2679 3106 e.
2706 3056 2786 3103 hie

1695 3143 1814 3179 vero
1878 3127 2035 3177 Nilus
2112 3135 2302 3176 terram
2370 3134 2635 3187 exceptam
2686 3129 2786 3176 iam

1697 3199 1975 3261 diffamer-us
2021 3196 2159 3260 erat)
2200 3211 2234 3245 a
2278 3195 2522 3260 proxime
2569 3200 2783 3244 antece·

1697 3267 1950 3317 dentibus
1964 3266 2226 3327 seiuncta,
2241 3268 2515 3315 structura
2531 3264 2781 3314 consulto

1695 3341 1934 3398 mutata,
1990 3335 2407 3400 haudquaqsiam
2451 3333 2520 3382 ad
2561 3349 2628 3383 ea
2665 3348 2781 3398 per-

1694 3407 1899 3466 tinent,
1951 3419 2090 3468 quae
2135 3405 2203 3455 ab
2238 3403 2522 3468 Aegyptiis
2572 3403 2783 3467 accepit

1695 3476 1898 3525 Noster
1919 3474 2148 3539 indeque
2171 3473 2378 3534 retulit,
2408 3473 2504 3522 sed
2522 3472 2779 3522 indicium

1696 3544 1978 3607 scriptoris
2015 3544 2150 3592 haec
2184 3542 2575 3606 Aegyptiorum
2598 3542 2780 3590 verbis

1694 3613 1948 3663 addentis
2007 3612 2096 3662 vel
2149 3610 2546 3676 interponentis
2607 3611 2781 3661 decla-

1694 3687 1836 3732 rant.

2074 3782 2204 3834 Cu.
2246 3781 2386 3833 CLI.

1765 3876 1877 3934 ανά
1913 3876 2128 3966 χρόνον
2173 3877 2249 3942 ὥς
2296 3880 2538 3949 ἔθυσαν]
2586 3885 2671 3936 De
2704 3886 2779 3935 lo·

1704 3956 1921 4005 cutione
1954 3946 2064 4003 ἇνὰ
2098 3947 2310 4018 χρόνον
2350 3955 2536 4005 confer
2573 3955 2621 4005 1.
2666 3953 2779 4005 173

1699 4025 1785 4074 Ad
1828 4029 2206 4088 argumentum
2268 4024 2413 4074 conf.
2462 4023 2686 4074 Diodor.
2738 4023 2779 4082 Ι,

1700 4093 1787 4156 66,
1835 4094 1929 4158 qui
1979 4099 2105 4158 post
2153 4093 2458 4158 quindecim
2524 4106 2783 4143 annorum

1703 4177 1982 4213 commune
2028 4163 2312 4228 imperium
2370 4162 2473 4212 hoe
2522 4163 2783 4212 accidisse

1700 4232 1885 4281 refert.
1961 4232 2101 4282 Add.
2141 4234 2305 4282 etiam
2343 4232 2540 4283 Athen.
2566 4232 2662 4296 VI,
2704 4231 2780 4282 19.
2868 4273 2881 4286 .

1702 4315 1829 4366 pag.
1867 4301 1986 4351 231.
