3109 5092
434 226 559 289 760
1295 219 1835 283 HERODOTI

435 398 726 471 ὕστατον
767 399 1143 487 Αἰγύπτου.
1229 395 1483 487 Ὄσιρις
1537 397 1619 465 δέ
1669 397 1806 464 ἐστι
1849 393 2187 476 Διόνυσος
2245 391 2392 465 κατ’
2428 389 2740 464 Ἑλλάδα

435 510 767 592 γλῶσσαν.

434 669 602 721 Plura
637 670 776 720 citat
811 667 1093 719 Iablonsk.
1139 670 1338 720 Panth.
1386 668 1522 734 Aeg.

435 739 541 790 111.
564 754 616 803 p.
639 739 728 791 40.
803 738 943 790 Add.
971 739 1121 788 Hirt:
1159 740 1293 789 iiber
1312 739 1527 804 Gegen-

437 808 634 859 stands
685 809 738 858 d.
788 810 970 859 Kunst
1014 808 1068 859 b.
1118 808 1172 858 d.
1209 809 1444 874 Aegypt.
1484 806 1521 858 l.

437 880 475 931 l.
511 894 641 944 pag.
681 877 781 930 158
831 892 944 943 seq.
995 878 1096 928 164
1141 893 1294 944 seqq.
1346 878 1524 928 Perti-

435 953 569 999 nent
603 963 732 998 vero
764 947 899 998 haee
934 948 1004 998 ad
1036 947 1339 998 doctrinam
1373 947 1524 998 illam

436 1017 850 1079 sacerdotalem,
878 1032 1018 1082 quae
1038 1016 1109 1066 ad
1131 1017 1393 1069 historiae
1419 1016 1524 1067 sor-

436 1103 580 1139 mam
604 1101 671 1137 ea
706 1085 943 1148 effinxit,
981 1101 1121 1151 quae
1151 1086 1222 1136 ad
1247 1086 1522 1152 physicas,

436 1157 832 1208 astronomicas
858 1155 1100 1220 adeoque
1121 1156 1524 1221 metaphysicas

437 1227 688 1277 notiones
726 1224 893 1290 vulgo
942 1224 1269 1276 referuntur.
1344 1227 1524 1290 Atque

436 1297 646 1346 Horum
690 1294 849 1344 modo
908 1293 1140 1344 diximus
1189 1310 1310 1346 esse
1356 1295 1524 1346 solem

437 1365 494 1414 in
532 1363 770 1413 solstitio
809 1363 1049 1426 aestivo,
1092 1363 1247 1414 cuius
1290 1364 1346 1413 vi
1382 1364 1526 1415 salu-

435 1433 602 1484 tifera
637 1448 992 1498 quaecunque
1017 1433 1071 1482 in
1100 1438 1275 1484 terrae
1302 1433 1419 1483 solo
1447 1435 1527 1483 in-

436 1503 591 1554 clusa
620 1506 898 1564 tenentur,
939 1503 995 1550 in
1031 1501 1206 1552 lucem
1244 1503 1524 1567 proferun-

435 1577 523 1623 tur
554 1576 609 1621 et
635 1572 707 1622 ad
737 1571 1107 1622 maturitatem
1134 1573 1520 1637 perducuntur.

437 1643 537 1693 Cui
561 1656 916 1707 quaecuuque
944 1641 1167 1692 obstant
1190 1642 1246 1692 in
1271 1648 1419 1692 terra
1443 1647 1522 1692 at·

437 1727 542 1776 que
579 1712 731 1774 aere,
782 1726 848 1761 ea
888 1711 1168 1776 Typhonis
1205 1712 1421 1762 nomine
1456 1728 1523 1762 ac

437 1782 659 1831 notione
678 1779 1205 1846 comprehenduntur
1234 1787 1290 1832 et
1306 1781 1523 1846 Typho-

435 1850 520 1899 nis
556 1851 612 1900 in
649 1849 1055 1901 daemoniacam
1096 1851 1329 1915 speciem
1365 1851 1524 1916 quasi

438 1920 772 1970 coalescunt.
859 1919 994 1969 Inde
1038 1919 1269 1984 Typhon
1330 1920 1523 1969 intem·

436 1993 658 2054 pei-atus
687 1988 862 2039 omnis
885 2003 1059 2039 rerum
1080 1989 1411 2039 naturalium
1432 2005 1522 2039 ex-

438 2073 653 2120 cessus3
695 2057 821 2107 inde
855 2056 1046 2119 ardor,
1086 2058 1291 2119 foetor,
1330 2059 1523 2122 pestis,

439 2143 612 2192 angor
660 2133 716 2176 et
763 2126 950 2176 fatalis
996 2126 1202 2187 obitus3
1260 2127 1390 2177 inde
1437 2128 1524 2177 vel

440 2196 607 2245 animi
656 2195 880 2260 quaevis
930 2198 1289 2258 perversitas,
1339 2197 1526 2246 animi-

443 2279 547 2330 que
582 2263 815 2329 quodvis
850 2264 1072 2327 vitium,
1121 2265 1310 2315 fausta
1344 2267 1527 2317 omnia

438 2337 604 2398 atque
651 2331 913 2384 infausta.
983 2335 1140 2384 Haec
1185 2335 1277 2400 qui
1323 2339 1526 2400 teneat,

441 2402 548 2452 iam
587 2401 874 2466 intelliget,
908 2403 1036 2468 quid
1061 2405 1377 2455 sacerdotes
1409 2420 1528 2470 spe-

439 2471 641 2521 ctarint
661 2471 917 2522 docentes
943 2473 1260 2537 Typhonem
1288 2474 1357 2523 ab
1377 2475 1527 2526 Horo

438 2540 527 2591 vel
559 2541 902 2592 interemtum
938 2542 1026 2593 vel
1061 2558 1227 2609 regno
1259 2542 1529 2594 deiectum

440 2626 577 2663 esse.
649 2610 818 2662 Plura
869 2612 1119 2664 Creuzer.
1171 2614 1376 2663 Comm.
1419 2616 1530 2665 He-

437 2680 593 2731 rodd.
631 2697 684 2746 p.
714 2681 835 2738 288,
877 2683 970 2746 qui
991 2697 1135 2733 nunc
1160 2682 1314 2732 addit
1344 2684 1526 2734 Sturz.

441 2750 512 2802 ad
552 2750 824 2802 Hellanici
877 2751 1073 2815 fragm.
1121 2768 1247 2817 pag.
1295 2755 1382 2804 44.
1455 2755 1528 2804 Et

440 2819 589 2870 conf.
628 2835 770 2883 quae
816 2819 886 2869 ad
921 2821 996 2878 11,
1034 2821 1097 2871 61
1140 2827 1332 2871 notata
1378 2827 1525 2872 sunt.

439 2888 580 2939 Add.
617 2887 947 2939 Wilkinsou.
987 2891 1241 2939 Marmore
1281 2896 1387 2943 etc.
1417 2892 1524 2941 111.

440 2972 566 3021 pag.
609 2957 676 3006 75
713 2971 824 3007 sec.
854 2971 960 3008 ser.
996 2958 1043 3008 I.
1082 2974 1211 3024 pag.
1241 2960 1342 3012 337
1373 2976 1526 3025 seqq.

440 3026 544 3075 416
583 3039 734 3089 seqq.
809 3026 1003 3080 Roeth.
1039 3026 1074 3078 1.
1124 3027 1160 3077 1.
1207 3034 1347 3079 nott.
1399 3045 1526 3094 pag.

444 3095 540 3144 161
585 3099 641 3143 et
690 3108 843 3159 seqq.
913 3095 979 3144 In
1021 3098 1382 3148 monumentis
1428 3100 1530 3149 Ae-

438 3163 750 3229 gyptiorum
783 3164 999 3215 diverso
1025 3167 1185 3216 modo
1210 3166 1526 3233 Typhonem

440 3232 684 3284 exhiberi
734 3238 1071 3295 monstrant,
1137 3251 1276 3300 quae
1340 3237 1527 3288 attulit

437 3296 680 3369 Parthey
724 3304 794 3353 ad
831 3304 1111 3355 Plutarch.
1147 3306 1232 3355 De
1281 3306 1416 3356 Isid.
1472 3313 1528 3358 et

441 3372 645 3424 Osirid.
681 3389 809 3439 pag.
851 3373 973 3436 1533
1011 3387 1184 3440 neque
1218 3376 1395 3441 ipsum
1431 3392 1526 3427 no·

437 3458 580 3505 men,
617 3443 765 3492 notis
801 3443 1225 3510 hieroglyphicis
1253 3445 1527 3511 significa·

439 3517 582 3573 tum,
641 3512 820 3563 adhuc
868 3517 953 3563 est
1012 3513 1324 3574 inventum,
1379 3516 1525 3579 quod

438 3581 583 3646 apud
628 3581 928 3646 Aegyptios
983 3583 1152 3632 fuisse
1199 3575 1338 3647 Σὴθ
1382 3583 1523 3635 idem

437 3650 686 3701 declarat
721 3650 1047 3702 Plutarchus
1076 3651 1139 3716 (l.
1175 3651 1211 3702 l.
1244 3668 1365 3717 cap.
1388 3654 1519 3718 41.)‚

437 3720 530 3784 qui
554 3719 873 3784 Thyphonis
894 3737 1088 3771 nomen
1117 3721 1380 3772 Graecum
1405 3738 1525 3774 esse

437 3789 640 3840 asserit
657 3788 789 3839 ibid.
829 3805 951 3854 cap.
990 3793 1040 3840 2.
1113 3791 1192 3842 Ae
1217 3807 1414 3843 nomen
1435 3791 1526 3843 Set

437 3858 625 3922 ntique
650 3858 796 3907 notis
819 3857 1243 3924 hieroglyphicis
1266 3863 1525 3926 scriptum

437 3925 670 3977 inveniri
707 3930 866 3977 notat
887 3927 1082 3979 Roeth.
1120 3928 1157 3979 l.
1189 3929 1248 3992 1.,
1287 3931 1381 3995 qui
1417 3931 1524 3998 Ty-

435 3992 628 4062 phonis
648 4009 841 4044 nomen
862 3995 1246 4061 appellativum
1266 4015 1388 4050 esse
1404 4017 1526 4051 een-

438 4069 541 4126 set,
570 4077 744 4128 neque
770 4064 1038 4116 Graecum
1064 4066 1160 4116 sed
1178 4069 1524 4135 Aegyptium,

412 4177 416 4182 .
438 4149 545 4198 quo
574 4133 791 4183 omnino
813 4133 1153 4198 significetur
1177 4138 1525 4200 adversarius,

435 4204 673 4255 inimicus.
711 4202 795 4252 De
826 4202 1186 4268 Typhone-Set
1210 4205 1436 4272 eiusque
1466 4211 1525 4258 vi

439 4277 494 4323 et
539 4270 941 4338 significatione
989 4279 1250 4326 accurate
1309 4291 1524 4343 quoque

1629 667 1874 732 disputat
1931 666 2163 730 Lepsius
2212 665 2601 732 (Denkschrift
2659 665 2729 716 d.

1628 736 1805 787 Akad.
1821 735 1873 786 d.
1886 734 2224 786 wissensch.
2240 752 2307 786 zu
2327 734 2531 786 Berlin.
2558 735 2729 786 1851.

1626 822 1752 872 pag.
1791 806 1893 855 204
1933 807 2110 871 seqq.)
2148 821 2213 855 ex
2249 806 2384 870 ipsis
2419 805 2730 870 Aegyptio-

1626 892 1745 927 rum
1776 876 2135 925 monumentis
2168 875 2324 939 plura
2361 874 2611 925 afferens.

1694 936 2162 1010 καταπαύσαντα]
2211 946 2296 995 De
2341 944 2507 995 verbo
2543 959 2728 993 κατα-

1624 1006 1833 1064 παύειν
1876 1012 2054 1079 (reqno
2090 1013 2325 1080 aliquem
2363 1015 2567 1077 eiicere)
2601 1031 2729 1065 mo-

1627 1088 1723 1134 net
1769 1084 2167 1149 Wesselingius
2224 1083 2294 1134 ad
2339 1084 2395 1135 h.
2442 1082 2482 1135 l.
2530 1085 2727 1133 citans

1624 1153 1829 1204 Herod.
1877 1153 1953 1216 11,
1997 1154 2114 1204 162.
2153 1154 2251 1214 VI,
2303 1153 2393 1206 43.
2426 1153 2552 1215 VII,
2596 1152 2725 1206 105.

1684 1217 1906 1286 Ὄσιρις
1957 1216 2022 1272 δέ
2079 1215 2193 1271 ἔστι
2240 1214 2526 1279 Διόνυσος
2583 1214 2725 1271 κατ’

1613 1284 1857 1341 Ἑλλάδα
1902 1288 2179 1356 γλῶσσαν]
2229 1292 2370 1342 Vide
2418 1307 2586 1356 supra
2632 1292 2723 1356 11,

1627 1363 1695 1413 42
1730 1361 1863 1427 ibiq.
1905 1366 2022 1411 not.
2060 1366 2116 1411 et
2152 1361 2228 1424 11,
2263 1364 2331 1412 50
2366 1361 2550 1428 ibique
2595 1367 2724 1412 not.

1630 1429 1768 1482 Add.
1804 1428 2083 1481 Plutarch.
2120 1431 2203 1480 De
2239 1430 2375 1482 Isid.
2412 1435 2467 1480 et
2506 1430 2721 1482 Osirid.

1627 1516 1747 1565 cap.
1789 1501 1870 1552 35.
1904 1516 2032 1565 pag.
2069 1500 2191 1551 364.
2263 1500 2396 1564 Ipsa
2419 1500 2725 1565 Aegyptio-

1623 1586 1741 1619 rum
1798 1574 2147 1619 monumenta
2203 1568 2250 1617 si
2300 1568 2721 1634 perlustramus,

1625 1638 1896 1690 Osiridem
1942 1638 2255 1704 plerumque
2291 1638 2533 1689 exhiberi
2579 1639 2725 1690 infe-

1624 1724 1805 1758 rorum
1840 1708 2143 1773 praesidem
2176 1723 2243 1757 ac
2279 1708 2438 1758 deum
2476 1714 2723 1760 mortuo-

1622 1793 1848 1843 rumque
1899 1777 2175 1828 hominum
2223 1778 2456 1829 iudicem
2505 1779 2721 1829 inveni-

1625 1862 1769 1909 mus,
1806 1846 2038 1912 indeque
2080 1848 2245 1898 etiam
2282 1863 2490 1899 summo
2526 1849 2641 1899 iure
2680 1864 2719 1899 a

1624 1918 1827 1967 Nostro
1862 1915 1938 1979 11,
1980 1917 2079 1968 123
2116 1917 2280 1966 scribi
2317 1922 2572 1982 apparet:
2612 1907 2717 1980 ἆρ-

1625 1976 2382 2119 Ξὲἔὲἒξῗεὲήίξτζῗνκὶῗῗι
2394 1979 2720 2105 ίέἰῖἳζῖῗῗ

2696 2093 2713 2117 2

1626 2125 1665 2175 i.
1704 2140 1752 2174 e.
1791 2125 1993 2174 Isidem
2028 2130 2196 2189 atque
2221 2123 2483 2176 Osiridem.
2547 2125 2719 2177 Plura

1627 2195 1695 2244 ‹le
1731 2194 1834 2244 hoc
1871 2194 2105 2245 Osiridis
2148 2210 2366 2245 munere
2402 2199 2565 2260 atque
2599 2194 2721 2245 offi-

1628 2265 1714 2314 cio
1754 2262 2059 2314 attulerunt
2092 2263 2420 2316 Wilkinson.
2456 2266 2717 2315 Manners

1632 2338 1736 2383 etc.
1762 2348 1872 2383 sec.
1896 2349 2000 2384 ser.
2025 2333 2071 2384 Ι.
2099 2333 2343 2399 pag.3l4
2367 2349 2538 2400 seqq„
2583 2335 2719 2384 Par-

1631 2402 1759 2468 they
1798 2402 1867 2452 ad
1913 2402 2194 2454 Plutarch.
2232 2404 2318 2453 De
2356 2405 2432 2454 Is.
2470 2409 2526 2453 et
2564 2403 2713 2454 Osir.

1629 2488 1759 2537 pag.
1812 2472 1925 2535 170,
1973 2472 2170 2524 Roeth.
2216 2471 2253 2522 l.
2303 2471 2342 2522 l.
2392 2477 2530 2525 nott.
2583 2489 2714 2538 pag.

1635 2544 1752 2594 152.
1824 2542 2015 2606 Neque
2061 2557 2188 2592 vero
2235 2542 2306 2591 ad
2351 2543 2554 2592 inferos
2592 2548 2717 2592 tan-

1630 2618 1745 2661 tum
1784 2611 2017 2662 Osiridis
2047 2627 2245 2662 numen
2281 2613 2570 2676 pertinere,
2619 2611 2718 2662 sed

1630 2680 1699 2730 ad
1716 2696 1914 2745 supera
1929 2696 2143 2746 quoque
2167 2686 2434 2747 spectare,
2460 2697 2561 2733 nec
2584 2697 2718 2747 pau-

1630 2766 1697 2801 ca
1734 2765 1880 2814 esse,
1917 2750 1973 2800 in
2003 2752 2198 2815 quibus
2227 2750 2388 2802 huius
2414 2750 2500 2801 dei
2525 2751 2720 2816 optimi

1630 2819 1817 2886 utique
1861 2836 1926 2870 ac
1962 2820 2211 2871 benevoli
2246 2820 2330 2870 vis
2367 2837 2434 2872 ac
2469 2826 2719 2886 potestas

1631 2905 1752 2940 cum
1788 2889 1994 2939 Baccho
2030 2890 2344 2952 conveniat,
2382 2890 2584 2941 similia
2603 2891 2719 2940 fere

1629 2959 1937 3010 hominibus
1974 2964 2314 3024 praestante,
2355 2960 2593 3011 dubitari
2627 2976 2719 3010 ne·

1631 3030 1777 3094 quit:
1838 3033 1898 3079 tu
1956 3029 2103 3079 conf.
2163 3030 2325 3079 modo
2374 3029 2441 3081 de
2499 3029 2720 3082 Osiride

1629 3096 1873 3162 pluribus
1902 3102 2258 3163 exponentem
2279 3099 2538 3150 Creuzer:
2564 3100 2718 3162 Sym-

1630 3166 1742 3219 bol.
1778 3167 1857 3218 11.
1906 3182 2031 3233 pag.
2085 3168 2147 3218 19
2195 3184 2368 3233 seqq„
2406 3169 2551 3219 Hirt.
2598 3168 2637 3218 l.
2674 3167 2716 3218 l.

1631 3252 1757 3302 pag.
1792 3237 1891 3287 148
1928 3253 2080 3303 seqq.
2151 3238 2333 3302 Atque
2368 3237 2562 3289 Roeth.
2599 3237 2636 3288 1.
2674 3237 2714 3288 l.

1629 3322 1757 3372 pag.
1798 3304 1898 3357 169
1917 3312 2066 3358 recte
2096 3306 2408 3369 admonuit,
2447 3306 2717 3357 Osiridem

1631 3375 1776 3440 apud
1808 3375 2011 3425 inferos
2042 3376 2288 3427 exhiberi
2311 3375 2613 3441 praesidem
2629 3376 2719 3425 de-

1629 3460 1828 3509 umque
1861 3461 2038 3510 aeque
2084 3451 2250 3511 atque
2286 3446 2343 3495 in
2381 3446 2591 3511 superis
2624 3445 2719 3495 ho-

1629 3514 1829 3564 minum
1851 3514 2126 3565 dominum
2151 3516 2497 3581 Aegyptique
2516 3531 2714 3580 regem.

1627 3583 1768 3634 Add.
1792 3583 2034 3635 Klausen
2057 3586 2142 3635 in:
2171 3585 2366 3635 Erech.
2396 3600 2450 3634 u.
2486 3585 2715 3636 Gruber.

1628 3651 1926 3718 Eneyclop.
1968 3654 2115 3704 Sect.
2153 3654 2261 3704 ΙΙΙ.
2296 3653 2421 3706 Vol.
2460 3655 2559 3705 VI.
2585 3670 2713 3720 pag.

1627 3721 1730 3772 260
1782 3737 1932 3788 seqq.
2021 3725 2104 3774 De
2170 3723 2291 3788 ipso
2347 3723 2563 3775 Osiridis
2623 3739 2719 3773 no-

1627 3791 1771 3840 mine
1796 3791 2025 3856 plurima
2042 3792 2415 3858 suppeditavit
2434 3792 2719 3844 Iablonski

1627 3860 1827 3912 Panth.
1857 3862 2093 3928 Aegypt.
2134 3863 2209 3925 11,
2251 3864 2300 3913 l.
2327 3861 2376 3924 §-
2410 3861 2476 3914 10
2512 3877 2626 3924 seq.
2654 3862 2717 3914 15

1626 3945 1740 3995 seq.
1766 3934 1821 3981 et
1843 3933 2008 3983 Voce.
2036 3933 2295 3998 Aegyptt.
2317 3948 2372 3996 p.
2397 3931 2516 3984 188.
2554 3921 2712 3981 ''Tot-

1630 4014 1724 4064 ριν
1775 3999 1923 4050 illum
1976 4003 2044 4052 ab
2081 4001 2366 4067 Aegyptiis
2412 4001 2615 4051 dictum
2653 4016 2713 4051 se

1628 4068 1904 4120 audivisse
1922 4070 2239 4121 Hellanicus
2277 4070 2530 4132 tradidit,
2570 4074 2715 4121 teste

1628 4138 1953 4190 Plutarcho:
1980 4141 2063 4191 De
2090 4141 2165 4192 Is.
2193 4146 2247 4190 et
2280 4140 2376 4190 Os.
2408 4156 2529 4205 cap.
2551 4140 2636 4192 34.
2658 4156 2712 4204 p.

1629 4207 1757 4270 3643
1800 4209 1944 4274 quod
1970 4209 2040 4259 ad
2068 4225 2231 4260 unum
2260 4209 2509 4275 idemque
2538 4208 2716 4259 redire

1629 4281 1811 4329 monet
1840 4279 2035 4330 Roeth.
2086 4278 2123 4328 l.
2164 4279 2201 4331 l.
2247 4282 2389 4328 nott.
2426 4293 2555 4344 pag.
2593 4277 2712 4330 152.
