3109 5092
1267 409 1521 471 CLIO.
1571 412 1623 471 Ι.
1672 420 1763 475 56.

2529 418 2652 480 117

344 582 598 653 Ὄσσαν
625 612 695 653 τε
740 586 852 653 καὶ
896 582 1014 654 τὸν
1043 581 1418 673 Οὔλυμπον
1453 584 1715 673 χώρην,
1762 590 2178 676 καλεομένην
2219 587 2294 658 δὲ
2328 584 2647 660 Ἱστιαιῶ-

356 708 497 755 τιν·
567 684 642 756 ἐκ
672 688 747 757 δὲ
774 694 892 776 τῆς
923 685 1385 769 Ἱστιαιώτιδος
1414 683 1502 767 ὥς
1532 684 1847 776 ἐξανέστη
1878 685 2013 759 ὑπὸ
2040 697 2442 779 Καδμείων,
2469 704 2648 763 οἴκεε

359 854 487 906 coll.
542 855 819 905 Mannert.
875 854 1185 921 Geograph.
1245 855 1297 906 d.
1362 856 1455 907 Gr.

358 941 416 975 u.
470 926 626 975 Rom.
692 925 823 975 VII.
894 941 947 989 p.
1002 924 1122 975 598.
1190 924 1456 990 Forbiger

360 994 585 1045 Handb.
627 995 682 1044 d.
720 994 817 1044 alt.
856 993 1054 1059 Geogr.
1095 995 1206 1044 111.
1237 1011 1290 1059 p.
1328 994 1452 1045 889.

357 1066 433 1114 Et
468 1065 585 1113 iure
635 1063 966 1128 primitivam
1001 1064 1237 1114 Doricae
1273 1064 1452 1129 gentis

359 1132 543 1183 sedem
589 1132 963 1182 Phthiotidem
1022 1135 1218 1183 statuit
1271 1134 1451 1183 Kruse

360 1201 553 1252 Hellas
598 1203 642 1252 1.
690 1219 743 1267 p.
786 1204 908 1253 522.

431 1262 523 1320 ἐπὶ
559 1265 623 1320 δὲ
660 1264 870 1335 Δώρου
906 1268 1009 1319 τοῦ
1035 1259 1311 1348 Ἕλληνος
1344 1261 1450 1319 τ“ν

360 1330 479 1389 ὑπὸ
524 1332 632 1404 τὴν
664 1332 880 1389 Ὄσσαν
923 1353 983 1388 τε
1037 1334 1134 1388 καὶ
1180 1353 1283 1388 τον
1336 1337 1386 1388 Ο
1429 1336 1475 1376 -’

323 1459 333 1468 ,
361 1409 590 1473 λυμπον
611 1401 821 1474 χώρην,
837 1404 1188 1473 καλεομένην
1201 1402 1265 1456 δὲ
1289 1399 1449 1456 Ἰστι-

360 1476 561 1527 αιῶτιν
626 1479 710 1528 De
759 1479 975 1528 Bellene
1037 1493 1263 1543 regnum
1308 1478 1452 1528 inter

362 1546 503 1597 filios
568 1548 625 1596 in
662 1547 861 1612 quibus
902 1549 1091 1597 Dorum
1142 1547 1316 1597 fuisse
1348 1547 1449 1607 ,du-

359 1617 529 1667 bitari
564 1615 780 1682 nequit)
815 1616 1093 1666 dividente
1121 1617 1267 1666 conf.
1288 1615 1450 1681 Apol-

355 1685 469 1737 lod.
508 1687 555 1748 1,
598 1687 646 1748 7,
687 1688 737 1736 2.
777 1685 837 1735 3.·
869 1684 994 1736 coll.
1039 1687 1278 1736 Pausan.
1318 1686 1446 1745 VII,

358 1756 408 1806 1.
459 1760 516 1805 et
562 1755 730 1806 Beck.
780 1755 817 1805 l.
870 1754 910 1805 l.
959 1769 1086 1820 pag.
1133 1753 1254 1804 812.
1328 1755 1447 1814 Quo

358 1830 543 1875 autem
610 1829 853 1890 tempore
916 1829 972 1874 et
1032 1840 1067 1874 a
1123 1823 1446 1888 quibusnam

357 1894 539 1959 patria
574 1897 720 1944 terra
741 1895 923 1944 Dorus
960 1893 1031 1942 sit
1064 1891 1272 1955 pulsus,
1301 1888 1446 1938 haud

356 1968 690 2028 compertum
754 1962 1039 2013 habemus.
1122 1959 1444 2019 Histiaeotis,

356 2049 464 2098 quo
502 2030 594 2082 ille
630 2031 788 2082 sedes
834 2026 1182 2080 transtulisse
1226 2027 1444 2086 dicitur,

356 2104 415 2152 in
461 2099 873 2166 septentrionali
921 2096 1246 2147 Thessaliae
1290 2100 1446 2161 parte

358 2176 445 2222 est
482 2172 589 2220 sita
638 2168 709 2218 ad
756 2168 955 2217 Ossam
1000 2172 1241 2216 montem
1279 2170 1446 2229 atque

358 2240 666 2302 Olympum.
707 2237 919 2287 Nomen
953 2236 1133 2299 ipsum
1169 2240 1350 2284 utrum
1380 2249 1444 2283 ex

353 2308 449 2358 illo
506 2306 766 2357 Euboeae
818 2304 1031 2355 insulae
1092 2308 1303 2364 tractu,
1357 2303 1447 2354 eui

352 2378 497 2428 idem
541 2388 761 2437 nomen,
821 2390 895 2425 an
941 2373 1160 2424 aliunde
1208 2374 1445 2424 inditum

352 2445 548 2507 fuerit,
592 2445 685 2494 vix
738 2443 960 2495 dixeris.
1028 2444 1217 2508 Neque
1270 2443 1446 2509 magis

354 2517 423 2567 de
466 2514 666 2564 finibus
715 2513 875 2563 huius
924 2513 1160 2579 regionis
1205 2518 1443 2564 constat.

351 2585 480 2634 Vid.
522 2584 780 2634 Strabon.
814 2583 915 2633 IX.
952 2599 1005 2647 p.
1054 2582 1175 2634 437.
1237 2598 1283 2632 s.
1341 2582 1445 2632 668

351 2656 417 2705 Α.
459 2655 523 2703 Β.
562 2652 688 2702 coll.
726 2651 896 2710 Beck.
932 2651 969 2702 l.
1011 2650 1050 2703 l.
1090 2669 1144 2717 p.
1185 2650 1290 2703 839
1326 2667 1443 2716 seq.

352 2728 407 2774 et
432 2723 705 2773 Mannert.
744 2720 781 2772 l.
819 2720 857 2772 l.
894 2722 1025 2771 VII.
1067 2738 1120 2786 p.
1152 2720 1273 2772 567.
1312 2722 1445 2771 For-

352 2794 527 2858 biger.
564 2790 602 2841 l.
634 2791 671 2841 1.
697 2804 752 2856 p.
784 2789 907 2841 883.
944 2791 1248 2842 Euboicum
1284 2790 1443 2841 huius

351 2861 588 2913 nominis
626 2866 862 2911 tractum
900 2861 1102 2910 Noster
1128 2875 1449 2910 commemo-

348 2936 441 2982 rat
474 2930 636 2991 VIII,
675 2931 759 2983 23.
795 2929 920 2980 coll.
957 2929 1085 2990 VII,
1125 2931 1242 2980 175.
1280 2929 1449 2979 Thes·

354 3001 529 3051 salica
568 3000 717 3064 regio
753 3003 945 3065 postea
976 2999 1189 3049 demum
1224 2999 1328 3049 hoc
1352 3015 1448 3048 no·

350 3086 475 3120 men
512 3069 794 3134 accepisse
827 3069 1073 3130 videtur,
1111 3084 1232 3119 cum
1282 3072 1448 3118 antea

352 3141 511 3190 Doris
562 3142 709 3188 esset
756 3143 1103 3201 nuncupata,
1147 3141 1292 3187 teste
1339 3138 1447 3186 An-

352 3210 521 3259 drone
560 3206 706 3272 apud
743 3207 998 3259 Strabon.
1036 3207 1106 3256 X.
1145 3222 1197 3271 p.
1235 3208 1358 3256 475.
1397 3220 1445 3257 s.

352 3277 458 3328 729
510 3278 579 3328 A.
643 3278 728 3330 Gr.
791 3276 949 3328 addit
1014 3276 1243 3326 Charac.
1300 3275 1446 3340 apud

350 3347 618 3412 Stephan.
655 3347 888 3410 Byzant.
929 3361 974 3395 s.
1010 3362 1065 3396 v,
1100 3336 1347 3407 Δώριον,
1391 3349 1448 3394 et

349 3417 415 3468 C.
475 3416 541 3465 Ο.
598 3413 849 3469 Mueller.
912 3413 1096 3478 (Dorta
1151 3414 1230 3463 ΙΙ.
1286 3429 1337 3478 p.
1379 3415 1445 3464 27

349 3483 555 3551 seqq.),
594 3485 687 3550 qui
721 3486 926 3548 Tempe
958 3498 1174 3549 quoque
1210 3482 1447 3532 Thessa·

344 3556 460 3606 lica
478 3554 607 3604 huic
629 3554 839 3619 regioni
871 3553 1278 3603 adnumeranda
1305 3566 1444 3613 esse,

350 3641 421 3675 ex
457 3624 631 3688 ipsius
668 3623 937 3674 Herodoti
973 3622 1154 3672 verbis
1191 3621 1447 3672 concludi

348 3708 557 3810 puae&
584 3696 729 3839 :²33th
745 3750 1154 3815 Ἱστιαιώτιδος
1200 3750 1277 3816 ὥς
1320 3748 1443 3819 ἔξα-

348 3830 522 3894 νέστη
570 3824 688 3879 υπὸ
728 3826 1052 3894 Καδμείων]
1101 3828 1224 3878 Hac
1270 3829 1337 3879 de
1384 3843 1445 3877 re

350 3899 485 3951 mihi
538 3914 649 3948 non
712 3898 849 3948 satis
913 3897 1114 3962 liquet3
1173 3897 1444 3963 proferam

346 3976 557 4031 tamen,
583 3983 743 4033 quae,
782 3971 1035 4016 monente
1074 3968 1183 4027 Cr„
1215 3966 1285 4015 ad
1312 3965 1368 4015 h.
1404 3964 1441 4015 l.

349 4038 661 4104 disputavit
696 4037 756 4087 C.
786 4036 853 4087 Ο.
882 4034 1127 4086 Mueller.
1162 4035 1220 4083 in
1243 4034 1446 4084 Orcho·

348 4124 495 4159 men.
534 4108 584 4157 1.
622 4123 675 4171 p.
717 4105 820 4157 233
858 4119 971 4169 seq.
1010 4106 1146 4155 Dor.
1192 4103 1237 4153 1.
1276 4119 1327 4166 p.
1375 4102 1443 4154 32

347 4193 503 4242 seqq.
542 4178 627 4227 De
663 4174 932 4242 Epigonis
966 4174 1056 4224 hic
1093 4172 1443 4237 cogitandum

349 4262 475 4297 esse
508 4249 724 4307 censet,
763 4258 989 4310 quorum
1026 4257 1193 4308 opera
1227 4240 1445 4291 Thebas

349 4321 546 4380 captas
598 4314 771 4373 fuisse
814 4313 1093 4373 novimus3
1153 4311 1298 4361 unde
1343 4310 1447 4360 eie-

349 4392 476 4436 ctos
523 4384 795 4434 Cadmeos
844 4382 1158 4447 confugisse
1200 4379 1269 4429 ad
1319 4378 1448 4443 Illy·

346 4455 497 4506 ricos
533 4451 863 4515 Encheleos,
902 4466 1074 4516 eoque
1106 4450 1229 4515 ipso
1266 4450 1323 4499 in
1358 4449 1448 4497 iti-

1559 867 1688 903 nere
1726 856 1979 920 attigisse
2014 857 2284 908 Homolen
2330 859 2650 924 Magnesiae

1559 928 1816 987 montem,
1853 926 1924 975 ad
1960 941 2119 990 quem
2152 928 2326 978 Dores
2365 928 2649 979 habitave-

1556 995 1694 1054 rint,
1755 994 1850 1059 qui
1899 996 2006 1059 ipsi
2065 1000 2180 1046 tum
2235 997 2458 1047 sedibus
2515 999 2650 1049 moti

1555 1062 1776 1113 fuerint.
1847 1063 1956 1113 Ubi
2013 1070 2198 1116 tamen
2247 1067 2366 1117 iure
2419 1066 2648 1129 mireris,

1554 1131 1701 1196 quod
1739 1132 1970 1197 perfuga
2028 1150 2160 1198 gens
2200 1135 2274 1185 'in
2326 1139 2649 1187 transcursu

1553 1201 1727 1250 Dores
1764 1201 1931 1251 firmis
1966 1203 2187 1253 sedibus
2223 1204 2506 1269 pepulerit.
2569 1206 2649 1255 Ac

1552 1274 1638 1319 tot
1673 1270 1912 1320 tenebris
1950 1272 2245 1323 obscurata
2283 1274 2350 1323 de
2380 1275 2648 1339 Epigonis

1556 1340 1720 1399 sama,
1759 1343 1837 1401 ut,
1878 1341 2006 1405 quid
2045 1342 2346 1393 certi.inde
2382 1343 2452 1393 ad
2476 1343 2648 1394 histo·

1552 1409 1667 1459 riae
1701 1408 1862 1458 fidem
1897 1409 2040 1459 trahi
2077 1415 2267 1475 queat,
2303 1410 2446 1461 haud
2485 1412 2648 1463 facile

1554 1477 1776 1527 dixeris.
1810 1478 1969 1528 Cons.
1989 1479 2219 1530 Diodor.
2247 1480 2416 1530 Sicul.
2437 1481 2514 1532 IV
2519 1519 2532 1543 ,
2556 1482 2642 1533 67.

1625 1544 1776 1595 οἴκεε
1811 1537 1872 1593 ἐν
1913 1544 2156 1614 Πίνθῳ,
2195 1542 2513 1599 Μακεδνὸν
2545 1565 2644 1598 τια-

1553 1607 1845 1678 λεόμενον]
1883 1615 2007 1664 Non
2054 1616 2112 1665 in
2155 1618 2370 1668 Pindum
2405 1624 2643 1670 montem

1551 1682 1698 1731 haud
1737 1683 1927 1745 procul
1963 1690 2225 1735 remotum
2268 1687 2336 1737 ab
2372 1688 2645 1738 Histiaeo-

1550 1751 1666 1800 tide
1691 1750 1867 1800 Dores
1905 1754 2222 1818 confugisse
2257 1753 2378 1804 vult
2411 1757 2646 1806 Larche-

1548 1834 1640 1868 rus
1678 1818 1908 1885 (alioqui
1944 1823 2086 1871 enim
2123 1824 2461 1873 Herodotum
2513 1827 2645 1876 scri-

1547 1888 1726 1952 psisse
1781 1878 1851 1937 ἐν
1893 1887 1980 1955 τῷ
2026 1889 2269 1957 Πίνδω),
2299 1893 2396 1943 sed
2434 1894 2646 1945 Pindum

1548 1957 1736 2006 urbem
1776 1956 1863 2006 hic
1893 1942 2305 2025 intelligendam
2337 1978 2471 2025 esse,
2503 1979 2645 2029 quae

1548 2025 1819 2090 Dryopidi
1856 2030 2062 2092 terrae,
2101 2029 2160 2079 in
2204 2046 2365 2095 quam
2403 2038 2530 2097 post
2562 2049 2643 2083 se-

1549 2095 1816 2144 cesserint
1836 2096 2029 2160 Dores,
2067 2100 2331 2163 proxima,
2370 2102 2439 2150 ad
2472 2106 2643 2152 tetra-

1548 2163 1697 2228 polin
1732 2165 1989 2216 Doricam
2025 2169 2365 2232 pertinuerit.
2406 2171 2543 2233 Sed,
2580 2176 2642 2222 ut

1548 2232 1683 2283 illud
1714 2238 1947 2297 taceam,
1981 2237 2153 2287 multo
2199 2240 2375 2305 magis
2416 2256 2650 2291 consen:

1546 2307 1768 2353 taneum
1806 2319 1926 2355 esse
1962 2322 2058 2370 pro
2096 2307 2241 2358 illius
2279 2310 2402 2359 aevi
2440 2309 2639 2373 indole,

1549 2371 1605 2421 in
1643 2373 1915 2424 montibus
1950 2376 2265 2442 confugium
2304 2379 2644 2444 quaesivisse

1548 2442 1750 2503 Dores,
1799 2458 1863 2493 ex
1909 2445 2133 2495 articuli
2183 2447 2478 2498 omissione
2529 2447 2638 2500 tale

1547 2511 1678 2627 guid
1717 2511 1865 2562 effici
1909 2529 2073 2577 posse
2118 2530 2281 2580 nego,
2329 2547 2399 2555 --
2445 2516 2641 2566 Μακε-

1587 2573 1692 2628 νὸν
1711 2580 1874 2645 vulgo
1902 2583 1972 2632 ad
1986 2583 2398 2634 Macedonicam
2424 2591 2642 2650 gentem

1548 2648 1807 2709 referunt,
1846 2665 1988 2714 quae
2037 2651 2165 2701 inde
2211 2657 2266 2701 et
2311 2653 2434 2717 ipsa
2480 2655 2639 2704 Dori·

1546 2719 1651 2767 bus
1695 2719 2038 2768 accensenda
2084 2720 2157 2769 sit
2203 2725 2423 2787 propter
2459 2723 2640 2774 Mace-

1552 2787 1714 2836 dnum
1751 2803 1797 2838 s.
1824 2788 2200 2850 Macedonem,
2220 2790 2314 2854 qui
2350 2792 2638 2842 Deucalio-

1552 2856 1638 2905 nis
1676 2872 1845 2922 nepos
1881 2858 2051 2908 fuisse
2087 2858 2418 2923 perhibetur.
2473 2861 2641 2912 Plura

1550 2926 1719 2975 Beck.
1759 2925 1795 2977 l.
1834 2926 1872 2975 l.
1924 2928 1971 2979 Ι.
2021 2942 2147 2994 pag.
2191 2927 2314 2981 826.
2375 2932 2461 2982 Cr.
2513 2947 2639 2982 con-

1552 2995 1682 3044 ferri
1719 2996 1868 3046 iubet
1907 2997 2087 3047 Stura.
2139 2999 2207 3049 de
2257 2999 2478 3050 dialect.
2519 3001 2638 3053 Ma-

1549 3065 1740 3114 cedon.
1781 3081 1834 3130 p.
1879 3067 1938 3115 11
1992 3081 2105 3131 seq.
2150 3072 2263 3118 not.
2316 3072 2372 3119 et
2415 3061 2639 3120 Weiske

1549 3134 1617 3183 de
1650 3134 1946 3199 Hyperbol.
1999 3152 2193 3189 errorr.
2238 3137 2294 3187 in
2337 3138 2467 3189 hist.
2515 3138 2639 3188 Phi-

1547 3202 1680 3268 lipp.
1722 3219 1848 3268 pag.
1892 3205 1976 3255 19.
2018 3210 2132 3256 not.
2183 3207 2269 3258 40.
2348 3208 2430 3257 Ac
2466 3222 2638 3273 nuper

1550 3273 1768 3338 quidem
1814 3274 1875 3324 C.
1928 3274 1996 3324 Ο.
2046 3275 2293 3327 Mueller.
2359 3274 2540 3337 (Dorr.
2591 3277 2636 3326 1.

1547 3358 1601 3405 p.
1641 3344 1673 3392 2
1710 3357 1863 3407 seqq.
1901 3342 1969 3394 33
2006 3357 2157 3409 seqq.
2207 3349 2289 3393 et:
2334 3344 2518 3394 Ueber
2554 3344 2641 3395 die

1546 3411 1841 3461 Makedon.
1890 3427 2018 3477 pag.
2067 3410 2132 3462 37
2181 3427 2331 3477 seqq.
2391 3412 2638 3476 inprimis

1547 3495 1674 3544 pag.
1712 3480 1825 3544 42.)
1851 3479 2198 3529 ‘Macedones
2241 3480 2481 3530 Doricae
2517 3481 2641 3530 stir-

1546 3550 1632 3612 pis
1669 3563 1790 3597 esse
1824 3549 2068 3612 negavit,
2113 3564 2233 3598 cum
2277 3548 2347 3597 ad
2389 3546 2639 3613 Illyriam

1546 3617 1627 3666 illi
1666 3617 1992 3682 pertineant.
2032 3606 2282 3681 Namque
2314 3621 2527 3681 patrem
2560 3618 2640 3668 hi-

1546 3686 1751 3736 storiae
1795 3701 1904 3734 non
1952 3685 2250 3741 veram.de
2297 3686 2381 3735 his
2428 3691 2640 3739 senten-

1544 3757 1681 3805 tiam
1711 3753 1949 3805 edidisse
1983 3753 2121 3816 vult,
2158 3756 2253 3804 sed
2276 3755 2638 3809 Macedonum

1544 3824 1941 3885 narrationem,
1980 3839 2209 3889 quorum
2243 3839 2374 3875 sane
2412 3825 2641 3878 multum

1546 3894 1858 3943 interfuerit
1898 3893 2122 3944 Graecis
2167 3894 2423 3960 gentibus
2472 3895 2640 3947 adnu-

1547 3962 1761 4013 merari.
1801 3963 1957 4024 Quae
1993 3968 2261 4028 quatenus
2297 3978 2418 4014 cum
2462 3966 2640 4016 Hero·

1546 4033 1662 4083 doti
1699 4033 1880 4083 verbis
1918 4033 2202 4084 conciliari
2235 4037 2456 4099 queant,
2492 4034 2640 4099 equi-

1548 4102 1666 4152 dem
1705 4118 1814 4152 non
1858 4107 2130 4167 exputem.
2202 4102 2283 4153 Ac
2336 4103 2453 4152 iure
2510 4103 2638 4154 inde

1547 4171 1810 4222 Muellero
1845 4172 2171 4222 adversatus
2204 4176 2308 4233 est,
2340 4172 2433 4237 qui
2469 4187 2639 4237 nuper

1549 4241 1860 4291 accuratius
1893 4241 1950 4289 in
1988 4241 2349 4292 Macedonum
2384 4255 2472 4291 res
2510 4246 2640 4291 ante

1547 4310 1855 4375 Philippum
1902 4325 2082 4375 regem
2122 4310 2427 4374 inquisivit,
2467 4309 2636 4360 Abel:

1548 4379 1911 4429 Macedonien
1981 4393 2094 4427 vor.
2149 4378 2331 4443 Konig
2398 4377 2633 4442 Philipp.

1550 4449 1703 4513 Lips.
1753 4447 1916 4510 1847,
1963 4446 2061 4496 ubi
2115 4445 2241 4496 vide
2295 4446 2636 4511 potissimum
