3109 5092
474 337 598 402 2ss

1337 343 1876 407 HERODOTI

472 523 612 587 τῶν
659 518 897 605 μέρεα,
966 518 1261 606 κατάπερ
1315 523 1448 589 νῦν
1490 515 1774 608 Ἀχαιῶν
1826 523 1966 589 τῶν
2015 517 2471 601 ἐξελασάντων
2509 518 2747 604 Ἴωνας

476 619 790 692 δυώδεκά
830 625 969 693 ἐστι
1009 626 1245 713 μέρεα·
1302 621 1621 711 Πελλήνη
1662 624 1788 712 μέν
1811 650 1884 692 τε
1912 622 2142 712 πρώτη
2171 621 2338 713 πρὸς
2364 631 2742 710 Σικυῶνος,

470 791 617 841 viam
667 791 969 842 invenimus
1014 798 1069 843 et
1116 792 1185 842 ad
1232 792 1403 842 multa
1449 790 1559 841 alia

469 862 527 911 in
562 860 802 911 moribus
848 865 905 911 et
936 863 1133 913 ritibus
1170 864 1334 912 obvia
1374 861 1559 912 tradu-

471 935 616 981 ctam
648 930 895 981 videmus
914 970 927 994 ,
964 932 1034 982 ad
1057 931 1197 982 coeli
1233 949 1298 982 ac
1320 931 1559 984 siderum

471 1000 712 1050 rationes
747 1001 977 1066 ipsaque
999 1002 1221 1052 Zodiaci
1247 1002 1406 1067 signa
1428 1001 1558 1050 duo-

471 1070 650 1119 decim
677 1075 926 1134 spectare
963 1071 1053 1121 vix
1084 1071 1322 1132 dubium,
1356 1072 1423 1120 de
1449 1086 1556 1135 quo

471 1139 617 1190 conf.
637 1139 984 1190 Huellmann.
1005 1141 1273 1206 Urgesch.
1291 1142 1343 1192 d.
1369 1141 1558 1191 Staats

471 1226 525 1274 p.
576 1209 661 1259 45¹
691 1223 805 1273 seq.
879 1210 1148 1274 Seyffarth
1199 1212 1458 1274 Beitriige
1506 1227 1555 1260 z.

472 1279 773 1329 Kenntniss
809 1283 913 1329 etc.
952 1280 1029 1330 ΙΙ.
1068 1296 1121 1343 p.
1147 1279 1233 1330 90.
1290 1280 1353 1330 C.
1381 1279 1559 1329 Baehr

473 1347 715 1412 Symbol.
749 1346 803 1398 d.
827 1350 969 1399 Mos.
994 1348 1186 1399 Cultus
1211 1349 1259 1400 Ι.
1299 1364 1425 1414 pag.
1452 1349 1554 1399 202

473 1432 589 1481 seq.
646 1417 807 1481 Apud
828 1418 1128 1483 Aegyptios
1154 1418 1297 1469 idem
1320 1419 1432 1468 fere
1462 1434 1559 1468 va-

472 1486 667 1546 luisse,
710 1486 1044 1552 intelligetur
1080 1504 1147 1538 ex
1180 1488 1278 1550 iis,
1316 1503 1457 1553 quae
1489 1489 1558 1538 ad

472 1523 878 1618 11,1(')9.147
930 1572 1046 1622 seq.
1097 1557 1363 1608 adnotata
1411 1563 1555 1609 sunt.

475 1628 595 1688 Quo
645 1624 833 1676 eodem
881 1626 1027 1691 quod
1064 1628 1226 1678 etiam
1275 1627 1560 1704 dyodecim

470 1695 846 1746 Israelitarum
892 1697 1065 1747 tribus
1121 1697 1321 1748 referre
1379 1698 1561 1747 volue-

472 1769 600 1816 runt
645 1765 876 1828 (Bohlen
921 1766 1119 1817 Genes.
1162 1784 1217 1832 p.
1255 1767 1455 1817 LXXV
1505 1771 1561 1817 et

471 1853 525 1901 p.
574 1832 732 1900 429),
789 1836 935 1886 haud
992 1852 1169 1901 pauca
1228 1838 1418 1901 utique
1467 1837 1561 1887 ob·

473 1909 650 1968 stant,
704 1921 843 1971 quae
878 1906 1149 1956 diversam
1185 1906 1558 1957 Israelitarum
1589 1918 1596 1926 ·

473 1981 639 2039 atque
683 1976 1075 2041 Aegyptiorum
1124 1976 1560 2041 Graecorumque

471 2045 739 2095 rationem
777 2045 947 2095 fuisse
972 2045 1197 2108 docent,
1235 2046 1403 2096 allata
1434 2062 1468 2096 a
1493 2046 1554 2096 C.

473 2113 668 2163 Baehr.
704 2112 741 2162 l.
776 2114 812 2162 1.
852 2129 978 2178 pag.
1017 2117 1120 2165 205
1157 2130 1310 2180 seqq.
1359 2116 1418 2166 C.
1445 2116 1559 2165 Wi-

472 2199 568 2233 ner
600 2182 744 2232 Bibl.
770 2182 1161 2233 Realwiirterb.
1194 2199 1240 2234 s.
1266 2201 1322 2235 V.
1350 2185 1559 2235 Stamm

474 2257 530 2301 et
552 2250 703 2301 Zahl.
771 2251 950 2312 Quare
973 2253 1067 2302 vix
1099 2257 1249 2303 recte
1272 2255 1560 2319 scripsisse

473 2321 690 2370 videtur
711 2320 982 2371 Diodorus
1011 2322 1117 2372 Sic.
1152 2323 1208 2371 in
1231 2323 1459 2389 Eclogg.
1495 2324 1560 2373 li-

472 2392 558 2441 bri
573 2391 701 2452 XII,
723 2389 773 2451 3,
798 2391 1005 2441 Mosem
1030 2391 1404 2442 Israelitarum
1430 2410 1558 2463 gen·

472 2466 584 2511 tem
628 2461 683 2509 in
727 2459 1010 2510 duodecim
1057 2461 1232 2511 tribus
1282 2459 1555 2524 divisisse,

474 2532 603 2596 quia
626 2530 716 2580 hic
744 2545 999 2580 numerus
1029 2531 1458 2594 perfectissimus
1485 2535 1560 2583 sit

471 2602 690 2652 habitus
715 2600 964 2664 idemque
983 2606 1248 2666 congruat
1268 2618 1388 2653 cum
1411 2619 1559 2654 men-

473 2662 612 2722 sium
647 2670 775 2721 anni
810 2686 1050 2722 numero.

548 2733 807 2804 Πελλήνη
866 2737 969 2801 μέν
1022 2755 1080 2789 τε
1129 2731 1326 2822 πρώτη
1385 2732 1560 2803 πρὸς

473 2808 792 2872 Σικυῶνος]
831 2808 976 2858 Male
1011 2810 1138 2860 olim
1172 2803 1305 2871 πρὸ
1338 2808 1560 2859 Σικυῶ-

476 2894 591 2935 νος.
649 2879 807 2962 Quod
837 2894 936 2928 nos
957 2894 1078 2929 cum
1108 2880 1379 2942 prioribus
1401 2879 1555 2929 editt.

473 2948 829 3012 reposuimus,
861 2947 1033 2997 valet:
1069 2947 1329 3012 Sicyonem
1361 2964 1555 2999 versus.

475 3016 631 3067 Conf.
659 3016 704 3076 Ι,
741 3015 810 3065 84
847 3020 1011 3080 atque
1046 3018 1283 3067 Pausan.
1317 3018 1443 3080 VII,
1470 3018 1556 3068 213.

474 3090 527 3149 g.
564 3086 625 3136 5.
677 3076 850 3147 πρὸς
896 3082 1274 3142 Σικυῶνος
1328 3081 1392 3135 δὲ
1440 3072 1559 3135 οὖ-

472 3169 580 3203 τοι
599 3151 678 3234 (i.
718 3169 767 3206 e.
804 3152 1177 3234 Pellenenses)
1224 3151 1319 3204 καὶ
1353 3154 1560 3220 μοίρας

471 3221 593 3372 {²33
599 3213 919 3343 ’ἔξζοέίὸος
945 3214 1200 3359 3³23.
1208 3221 1556 3375 ‘'51235325

473 3376 647 3412 στου
682 3379 803 3413 cum
838 3368 1067 3415 recentt.
1103 3380 1199 3428 pro
1242 3354 1377 3413 ἀπὸ
1413 3361 1553 3425 τοῦ,

472 3433 618 3499 quod
651 3432 805 3482 libris
840 3433 1149 3484 melioribus
1179 3434 1366 3484 invitis
1400 3432 1555 3484 redu-

470 3504 553 3553 xit
600 3504 887 3554 Matthiae.
973 3504 1077 3555 Sed
1131 3504 1273 3554 conf.
1321 3506 1438 3555 not.
1485 3504 1556 3554 ad

470 3574 517 3636 I,
546 3575 597 3624 7.
665 3575 837 3636 Quem
864 3573 978 3624 illic
1007 3574 1230 3624 laudavi
1254 3575 1468 3635 Struve‚
1504 3575 1553 3624 is

469 3612 599 3694 h'.l.
641 3643 807 3694 scribi
858 3642 977 3694 vult
1026 3634 1141 3693 ἀπ’
1184 3657 1375 3704 arev,
1432 3658 1553 3693 cum

470 3728 539 3763 ex
571 3727 695 3762 οτεο
733 3718 912 3764 ortum
947 3715 1022 3763 sit
1060 3710 1135 3776 (v.
1176 3728 1224 3763 c.
1263 3713 1318 3775 1,
1362 3716 1413 3764 7.
1453 3713 1552 3766 119

469 3782 701 3848 aliisque
727 3782 865 3833 locis
896 3781 1230 3848 permultis),
1279 3783 1391 3833 vid.
1422 3798 1550 3847 pag.

472 3850 561 3903 48.
630 3852 809 3916 Atque
854 3853 1020 3903 etiam
1056 3852 1380 3904 Schaeferus
1430 3868 1551 3903 cum

470 3924 699 3970 recentt.
744 3920 866 3971 edd.
905 3921 985 3971 sic
1020 3921 1208 3972 edidit.

538 3989 623 4038 De
662 3989 773 4039 situ
814 3991 1057 4053 urbium,
1110 4006 1249 4054 quae
1283 3991 1387 4041 hoc
1430 3990 1550 4042 loco

470 4063 982 4121 commemorantur,
1024 4065 1346 4110 monuerunt
1389 4060 1450 4111 C.
1482 4059 1549 4112 Ο.

468 4125 715 4177 Mueller.
744 4127 800 4176 in
824 4127 984 4178 Dorr.
1010 4127 1090 4177 11.
1114 4143 1240 4192 pag.
1270 4131 1373 4181 427
1399 4145 1548 4195 seqq.

470 4200 527 4247 et
562 4194 811 4246 Siebelis.
855 4196 926 4247 ad
961 4197 1205 4262 singulos
1245 4199 1553 4250 Pausaniae

468 4265 649 4328 locos,
707 4264 901 4315 deinde
956 4265 1292 4331 singularum
1340 4267 1554 4318 urbium

470 4336 639 4386 situm
705 4335 999 4406 ruinasque
1065 4335 1388 4401 perquisivit
1449 4338 1554 4388 Bo-

470 4404 661 4476 blaye:
701 4404 1042 4460 Becherches
1079 4421 1172 4457 sur
1203 4405 1284 4458 les
1307 4405 1448 4460 tuin.
1484 4406 1553 4459 de

1656 790 1711 840 la
1734 789 1920 842 Mores
1948 791 2225 856 (Expedit.
2261 793 2501 845 scientis.
2537 793 2604 844 de
2631 795 2747 844 Mo-

1657 859 1750 911 ree
1787 862 1944 911 Paris
1989 860 2145 916 1836)
2185 879 2240 927 p.
2279 863 2345 913 19
2375 878 2526 928 seqq.
2601 863 2741 914 Add.

1659 931 1923 995 Forbiger
1949 932 2170 982 Handb.
2195 931 2248 982 d.
2278 931 2382 983 alt.
2403 933 2603 999 Geogr.
2635 935 2743 985 111.

1659 1017 1712 1066 p.
1760 1000 1859 1051 971
1911 1016 1993 1066 sq.
2076 1001 2344 1052 Merleker
2396 1002 2436 1053 l.
2487 1001 2526 1053 l.
2572 1019 2626 1067 p.
2674 1002 2743 1053 33

1658 1085 1812 1135 seqq.
1861 1075 1916 1120 et
1961 1071 2251 1135 praecipue
2290 1071 2536 1122 Curtius:
2591 1072 2745 1123 Pelo-

1660 1155 1930 1204 ponnesos
1976 1140 2023 1191 I.
2070 1155 2124 1204 p.
2172 1141 2277 1190 414
2320 1140 2376 1192 ff.
2441 1142 2545 1193 423
2587 1158 2741 1207 seqq.

1661 1208 1972 1259 Herodotus
2013 1209 2116 1260 hoc
2162 1209 2283 1260 loco
2330 1211 2429 1260 has
2466 1211 2628 1263 urbes
2664 1213 2746 1262 ita

1660 1284 1932 1341 recenset,
1969 1283 2032 1329 ut
2068 1279 2138 1329 ab
2167 1280 2374 1330 oriente
2409 1282 2745 1332 occidentem

1659 1364 1849 1399 versus
1887 1348 2293 1415 progrediatur,
2344 1350 2592 1404 ordinem.
2620 1368 2745 1417 geo-

1661 1418 1978 1484 graphicum
2004 1424 2260 1470 accurate
2283 1424 2522 1470 secutus.
2564 1423 2745 1483 Quare

1661 1490 1867 1538 Pellene
1923 1490 2097 1554 primo
2142 1487 2264 1538 loco
2311 1490 2555 1554 ponitur,
2605 1506 2746 1556 quae

1662 1558 1988 1608 describitur
2011 1574 2046 1608 a
2062 1558 2340 1609 Pausania
2365 1560 2491 1622 VII,
2515 1558 2744 1612 26-27.

1661 1629 1805 1678 Urbs
1843 1628 1950 1678 sita
1995 1628 2139 1679 inter
2174 1629 2462 1693 Sicyonem
2496 1626 2554 1678 et
2586 1630 2746 1695 Aegi-

1662 1713 1775 1747 ram
1791 1735 1805 1760 ,
1851 1699 2004 1748 cuius
2057 1697 2324 1763 quaedam
2368 1698 2566 1748 rudera
2600 1700 2746 1749 inve-

1660 1765 1884 1817 niuntu'r
1939 1769 2081 1817 inter
2125 1768 2350 1830 fluvios,
2413 1769 2504 1832 qui
2546 1785 2747 1819 vocan-

1660 1841 1750 1886 tur
1782 1837 1929 1887 Mazi
1965 1841 2019 1886 et
2043 1837 2295 1887 Trikala:
2332 1838 2443 1887 vid.
2475 1838 2747 1888 Merleker

1661 1922 1786 1972 pag.
1825 1907 1892 1958 56
1928 1922 2040 1971 seq.
2076 1907 2322 1972 Boblaye
2357 1924 2407 1971 p.
2440 1907 2507 1957 29
2539 1911 2592 1956 et
2615 1909 2745 1958 Cur-

1661 1977 1771 2026 tius
1803 1977 1850 2027 1.
1878 1993 1931 2041 p.
1961 1977 2064 2026 479
2098 1992 2250 2042 seqq.
2313 1977 2570 2042 Sequitur
2605 1978 2749 2028 occi-

1662 2046 1874 2096 dentem
1927 2061 2118 2096 versus
2163 2046 2392 2112 Aegira,
2453 2063 2612 2112 quam
2658 2063 2744 2097 ur·-

1661 2117 1785 2166 bem
1842 2132 1905 2166 eo
1958 2115 2080 2166 loco
2131 2115 2302 2167 fuisse
2345 2121 2583 2180 ponunt,
2638 2132 2743 2182 quo

1661 2201 1805 2235 nunc
1829 2185 2042 2247 ruinae,
2080 2186 2276 2248 quibus
2305 2202 2500 2237 nomen
2527 2187 2745 2236 Palaeo-

1660 2263 1866 2305 castro:
1920 2255 2033 2305 vid.
2083 2255 2371 2306 Merleker.
2417 2273 2470 2321 p.
2518 2259 2605 2308 44.
2655 2258 2743 2307 52.

1661 2324 1882 2374 Curtius
1939 2325 1985 2375 Ι.
2033 2339 2160 2389 pag.
2213 2326 2320 2374 474
2365 2341 2517 2390 seqq.
2599 2326 2742 2376 Hinc

1660 2393 1996 2444 occidentem
2042 2409 2235 2444 versus
2270 2395 2473 2445 Crathis
2518 2396 2740 2455 fluvius3

1659 2464 1814 2512 iuxta
1856 2479 2015 2527 quem
2062 2479 2202 2528 quae
2246 2464 2595 2515 inveniuntur
2638 2465 2744 2514 rui-

1658 2548 1787 2595 nae,
1828 2532 1897 2582 ad
1923 2534 2099 2597 Aegas
2129 2533 2390 2585 referunt.
2463 2535 2586 2585 vid.
2613 2534 2744 2584 Cur·

1660 2603 1770 2651 tius
1808 2603 1859 2653 Ι.
1896 2619 1951 2666 p.
1990 2604 2111 2653 472.
2198 2604 2405 2654 Eadem
2446 2603 2560 2654 fere
2606 2604 2743 2654 dire-

1660 2673 1840 2723 ctione
1872 2676 2187 2737 pergentem
2221 2673 2317 2723 via
2350 2674 2502 2724 ducit
2533 2674 2741 2736 Buram,

1660 2742 1729 2791 de
1773 2757 1881 2806 qua
1925 2742 2231 2792 Pausanias
2276 2743 2414 2806 VII,
2454 2745 2541 2794 25.
2588 2746 2638 2805 ς.
2689 2745 2742 2794 5.

1663 2812 1814 2873 Quae
1871 2811 1999 2861 urbs
2047 2816 2258 2861 mature
2315 2828 2509 2863 eversa
2563 2816 2745 2863 terrae

1662 2884 1837 2942 motu,
1885 2881 1942 2930 in
1977 2881 2158 2931 vicino
2211 2880 2350 2931 colle
2393 2883 2517 2932 dein
2553 2897 2742 2933 recens

1661 2950 1768 2999 fuit
1803 2950 2057 3014 condita,
2115 2951 2211 3001 ubi
2257 2950 2523 3015 quaedam
2566 2952 2744 3002 adhuc

1659 3024 1879 3070 exstant
1933 3019 2146 3070 rudera.
2221 3020 2377 3071 Conf.
2426 3020 2647 3071 Curtius
2692 3022 2741 3072 I.

1660 3105 1713 3153 p.
1753 3087 1858 3138 469
1893 3105 2007 3155 seq.
2051 3089 2312 3155 Boblaye.
2350 3106 2405 3155 p.
2436 3089 2522 3143 26.
2582 3091 2742 3142 Unde

1658 3159 2082 3223 septentrionem
2127 3174 2316 3210 versus
2365 3159 2435 3210 ad
2469 3162 2636 3210 maris
2673 3161 2742 3209 si-

1656 3245 1813 3290 num,
1864 3229 1957 3292 qui
1996 3244 2140 3279 nunc
2185 3229 2386 3279 dicitur
2423 3230 2740 3294 Bukaphiae,

1659 3298 1837 3349 Helice
1874 3298 1982 3348 fuit
2016 3300 2155 3359 sita,
2191 3297 2258 3349 de
2295 3315 2402 3364 qua
2437 3299 2741 3350 Pausanias

1657 3368 1793 3428 VII,
1841 3369 1908 3418 24
1943 3384 2096 3433 seqq.
2158 3366 2272 3430 (ubi
2316 3370 2389 3419 ef.
2433 3368 2633 3419 Siebel.
2685 3386 2736 3433 p.

1597 3433 1606 3440 ⁰
1659 3435 1805 3494 181).
1880 3436 2019 3489 Add.
2046 3438 2266 3487 Curtius
2291 3439 2338 3489 Ι.
2378 3455 2430 3502 p.
2463 3439 2565 3490 465
2585 3454 2737 3504 seqq.

1658 3511 1712 3556 et
1757 3505 2024 3557 Merleker
2083 3523 2137 3572 p.
2185 3507 2273 3558 48.
2361 3508 2743 3573 Quadraginta

1655 3575 1839 3626 stadia
1881 3576 2009 3626 hinc
2053 3581 2314 3627 remotum
2352 3577 2562 3641 Aegium
2609 3578 2742 3629 Seli-

1652 3661 1865 3711 nusque
1917 3647 2133 3697 fluvius.
2213 3647 2372 3698 Nunc
2426 3647 2483 3697 in
2538 3646 2740 3698 veteris

1654 3716 1806 3765 urbis
1840 3714 2018 3767 locum
2054 3717 2223 3766 cessit
2255 3716 2512 3781 oppidum
2537 3717 2740 3768 Bosta-

1654 3800 1752 3834 za:
1815 3785 1971 3848 plura
2015 3785 2234 3837 Curtius
2281 3786 2330 3836 1.
2374 3802 2428 3850 p.
2472 3785 2575 3837 459
2623 3801 2737 3850 seq.

1656 3854 1909 3919 Triginta
1972 3855 2154 3905 stadia
2217 3855 2346 3905 inde
2371 3855 2739 3906 ‘occidentem

1653 3938 1845 3973 versus
1880 3926 2181 3990 progressis
2209 3927 2383 3989 Rypes
2426 3929 2578 3982 sunt,
2628 3925 2739 3974 iam

1653 3993 1962 4044 Pausaniae
1997 3999 2181 4045 aetate
2216 4009 2438 4045 eversae
2467 3994 2620 4061 (VII,
2645 3993 2734 4045 23.

1657 4066 1708 4122 §-
1754 4061 1868 4128 45).
1949 4064 2074 4114 vid.
2123 4064 2345 4114 Curtius
2404 4063 2450 4114 Ι.
2505 4080 2562 4129 p.
2613 4065 2736 4115 458.

1654 4132 1812 4183 Unde
1861 4133 2079 4198 longius
2135 4138 2348 4184 remota
2392 4133 2740 4185 Patr-censium

1653 4203 1810 4264 urbs,
1873 4202 1959 4252 vel
2021 4207 2211 4253 nostra
2261 4207 2447 4254 aetate
2489 4205 2737 4269 cognita:

1655 4272 1724 4322 de
1759 4287 1865 4336 qua
1899 4272 2102 4322 multus
2150 4276 2234 4322 est
2270 4273 2576 4323 Pausanias
2611 4273 2736 4334 VII,

1657 4338 1724 4390 18
1783 4357 1935 4406 seqq.
2036 4342 2208 4392 Vetus
2267 4343 2397 4392 urbs
2462 4343 2533 4392 ad
2591 4357 2741 4393 mare

1653 4409 1830 4477 ipsum
1851 4410 1999 4463 haud
2019 4410 2126 4463 fuit
2148 4415 2445 4477 exstructa,
2475 4411 2573 4464 sed
2598 4427 2740 4466 moe-
