3109 5092
461 348 586 412 328

1332 342 1870 408 HERODOTI

460 554 576 615 για
627 524 739 593 καὶ
788 519 1164 611 ἅνθρωποι.
1260 526 1330 590 οἱ
1380 519 1456 590 δὲ
1499 516 1885 607 Ἀγυλλαῖοι
1937 519 2005 597 ἐς
2054 512 2374 603 Δελφοὺς
2420 520 2741 603 ἔπεμπον,

459 627 862 719 βουλόμενοι
927 622 1303 694 ἀκέσασθαι
1359 620 1484 713 τὴν
1539 617 1911 711 ἁμαρτάδα.

2017 616 2059 708 ἡ
2122 619 2196 688 δὲ
2245 626 2484 707 Πυθίη
2533 620 2743 705 σφέας

462 730 774 804 ἐκέλευσε
813 730 1106 814 ποιέειν,
1152 724 1234 796 τὰ
1275 728 1387 799 καὶ
1431 732 1565 797 νῦν
1605 730 1677 795 οἱ
1711 720 2095 813 Ἀγυλλαῖοι
2139 728 2238 791 ἔτι
2290 723 2737 791 ἐπιτελέουσι·

462 838 575 908 καὶ
629 832 761 924 γὰρ
807 834 1190 921 ἐναγίζουσί
1236 853 1360 920 σφι
1406 828 1747 920 μεγάλως,
1799 830 1914 897 καὶ
1963 823 2194 914 ἀγωνα
2245 823 2580 914 γυμνικὸν
2629 826 2741 894 καὶ

464 935 744 1009 ἱππικὸν
785 940 1111 1007 ἐπιστᾶσι.
1187 936 1302 1004 καὶ
1336 924 1523 1005 οὗτοι
1568 933 1694 1022 μὲν
1726 937 1866 1002 τῶν
1898 930 2270 999 Φωκαιέων
2305 929 2588 1022 τοιούτῳ
2618 927 2738 1017 μό·

464 1072 560 1137 ρῳ
607 1041 1066 1131 διεχρήσαντο.
1154 1041 1225 1106 οἰ
1266 1039 1342 1109 δὲ
1392 1034 1621 1105 αὐτῶν
1675 1038 1741 1116 ἐς
1786 1032 1861 1104 τὸ
1906 1029 2169 1123 Ῥήγιον
2217 1031 2741 1122 καταφυγόντες,

464 1149 791 1217 ἐνθεῦτεν
849 1137 1299 1231 ὁρμειόμενοι,
1374 1138 1738 1230 ἐκτήσαπο
1784 1138 1985 1209 πόλιν
2038 1140 2159 1226 γῆς
2203 1141 2321 1225 τῆς
2368 1142 2745 1225 Οἰνωτρίης

463 1349 678 1397 mutata
699 1343 838 1394 dixit
863 1339 1164 1407 Aeschylus
1193 1341 1250 1392 in
1271 1340 1546 1392 Prometh.

462 1415 586 1476 694,
627 1414 722 1464 ubi
755 1412 865 1463 vid.
892 1409 1192 1462 Blomfield.
1220 1412 1277 1461 in
1304 1412 1548 1464 Glossar.

462 1483 616 1545 Alia,
665 1497 805 1549 quae
850 1480 938 1532 vel
975 1481 1151 1546 magis
1197 1480 1269 1531 ad
1303 1487 1550 1532 nostrum

464 1554 643 1604 locum
670 1552 972 1618 pertinent,
995 1550 1222 1616 praebet
1239 1550 1423 1601 Foesii
1447 1550 1549 1601 Oe-

464 1638 677 1673 conom.
715 1622 1040 1686 Hippocrat.
1077 1637 1130 1686 p.
1159 1620 1287 1681 1573
1325 1615 1550 1685 ἔμπηρα

463 1696 593 1743 sunt
636 1692 879 1741 membra
921 1695 1085 1755 capta
1134 1693 1232 1740 aut
1276 1689 1548 1752 mutilata,

462 1761 695 1826 indeque
729 1776 839 1811 non
863 1775 1086 1825 prorsus
1116 1758 1398 1823 absoluta,
1436 1759 1570 1810 vid.·

462 1831 594 1883 ibid.
633 1848 689 1897 p.
717 1829 821 1881 203
858 1834 914 1880 et
948 1829 1095 1881 conf.
1128 1830 1334 1881 Herod.
1364 1830 1422 1892 1,
1453 1828 1552 1880 196

461 1890 1552 2035 zm,3322¹¹‘2¹:.¹..‘2⁶5,2.3⁶2{333522

462 2045 648 2106 partes
687 2039 938 2089 dicuntur
970 2037 1245 2089 resolutae
1276 2042 1331 2089 et
1366 2037 1553 2089 debili-

462 2115 633 2172 tatae,
671 2108 945 2159 exstincta
969 2123 1257 2158 nervorum
1280 2107 1355 2170 vi,
1383 2109 1553 2173 stupi-

465 2180 595 2238 dae;
632 2177 742 2228 vid.
783 2175 913 2228 ibid.
950 2193 1003 2242 p.
1040 2176 1139 2240 79,
1177 2182 1232 2227 et
1271 2176 1416 2228 conf.
1442 2178 1553 2226 He-

463 2245 584 2299 rod.
621 2247 698 2309 11,
740 2245 858 2298 173.

532 2307 851 2365 ἀκέσασθαι
882 2305 988 2379 τὴν
1012 2304 1334 2378 ἁμαρτάδα]
1366 2313 1559 2363 mederi

465 2386 647 2436 delicto
682 2400 728 2435 s.
754 2400 1025 2447 reparare,
1063 2387 1282 2447 capiare
1304 2383 1551 2433 delictwu.

462 2455 664 2506 Vocem
688 2444 1007 2519 ἁμαρτάδα,
1048 2468 1188 2519 quae
1215 2451 1380 2502 etiam
1408 2452 1555 2503 inve·

463 2525 613 2575 nitur
658 2524 827 2587 VIII,
878 2524 1008 2588 140,
1065 2522 1312 2573 Ionicam
1365 2522 1556 2573 dicunt

465 2594 928 2656 terminationem,
979 2608 1304 2659 quamquam
1361 2608 1426 2643 ea
1461 2591 1559 2643 alii

464 2679 679 2731 quoque
699 2664 869 2715 multo
899 2664 1230 2728 posteriores
1261 2663 1554 2729 scriptores

464 2740 592 2784 sunt
639 2736 745 2784 usi.
828 2734 915 2784 Tu
963 2733 1075 2788 vid.
1130 2732 1386 2784 Creuzeri
1435 2737 1553 2785 not.

464 2803 533 2854 ad
571 2803 943 2870 Olympiodor.
992 2804 1319 2854 Commentt.
1366 2803 1424 2853 in
1462 2803 1553 2853 Al-

465 2873 571 2924 cib.
610 2874 657 2923 Ι.
703 2889 828 2938 pag.
877 2872 965 2924 65.
1002 2903 1074 2912 —
1118 2873 1186 2923 In
1224 2887 1375 2938 seqq.
1425 2879 1553 2939 apte

462 2957 596 2992 usus
647 2947 731 2992 est
776 2942 941 2991 verbo
989 2933 1287 3005 ἐπιτελεῖν,
1352 2942 1552 3008 quippe

464 3012 610 3077 quod
662 3010 889 3060 verbum
943 3011 1011 3061 de
1060 3010 1233 3060 sacris
1281 3011 1551 3061 faciundis

463 3080 677 3130 ludisve
713 3080 1065 3130 instituendis
1106 3078 1364 3130 solemne.
1425 3080 1550 3131 Vid.

465 3149 535 3200 ad
561 3148 780 3198 Ctesiae
816 3148 1066 3213 fragmm.
1106 3164 1234 3213 pag.
1258 3148 1362 3200 436
1399 3165 1433 3199 a
1469 3165 1554 3200 me

462 3217 706 3269 laudata.
733 3248 804 3256 —
851 3217 1010 3279 Quod
1047 3217 1117 3267 ad
1156 3217 1432 3268 oraculum
1468 3224 1554 3269 at-

466 3289 607 3338 tinet
638 3284 919 3352 Agyllaeis
956 3303 1003 3337 s.
1043 3286 1351 3338 Caeritibus
1388 3303 1423 3338 a
1448 3289 1554 3355 Py-

464 3357 581 3408 thia
631 3355 818 3406 datum
836 3393 849 3419 ,
900 3371 963 3406 eo
1009 3355 1554 3421 Limburg-Brouwer

467 3427 734 3492 (Histoire
771 3426 837 3477 de
865 3424 922 3476 la
951 3425 1206 3492 civilisat.
1246 3426 1322 3489 ΙΙ,
1350 3429 1399 3477 4.
1436 3428 1552 3479 sive

464 3497 585 3548 Vol.
613 3496 708 3548 VI.
734 3513 787 3562 p.
821 3495 943 3562 141)
980 3495 1337 3546 humanitatis
1364 3500 1418 3546 et
1441 3498 1553 3562 pie-

464 3568 596 3617 tatis
628 3581 723 3632 per
759 3564 982 3616 oracula
1007 3570 1341 3632 propagatae
1364 3581 1429 3616 ac
1458 3582 1554 3616 nu·

464 3637 628 3688 tritae
669 3651 889 3686 sensum
927 3634 1192 3686 declarari
1237 3636 1550 3686 arbitratur.

465 3705 624 3769 Quod
658 3721 789 3756 vero
813 3704 1054 3771 Delphos
1094 3706 1433 3756 sciscitatum
1458 3706 1555 3755 mi·

465 3776 636 3825 serint
681 3775 958 3838 Caerites,
1027 3790 1147 3825 cum
1202 3776 1259 3825 in
1316 3790 1415 3825 sua
1464 3775 1552 3826 vel

464 3844 597 3895 urbe
633 3844 719 3894 vel
769 3850 918 3895 terra
953 3843 1097 3895 idem
1135 3843 1418 3896 consilium
1459 3860 1552 3910 pe-

466 3918 581 3963 tere
627 3912 869 3977 licuerit,
926 3913 982 3962 id
1031 3929 1096 3964 ex
1140 3930 1341 3980 magna
1387 3915 1441 3964 vi
1497 3919 1552 3965 et

467 3982 793 4034 auctoritate
819 3982 1179 4047 theocratiae,
1207 3983 1382 4048 qualis
1407 3985 1551 4049 apud

465 4053 729 4102 Etruscos
776 4052 1047 4112 floruerit,
1094 4054 1266 4117 repeti
1301 4053 1417 4104 vult
1452 4054 1553 4103 Mi·
1609 4063 1616 4068 ·

466 4119 574 4171 cali
619 4120 802 4171 Storia
848 4125 951 4170 etc.
990 4120 1067 4169 11.
1118 4137 1171 4185 p.
1215 4122 1331 4173 171.
1418 4123 1552 4173 Cum

466 4191 609 4240 enim
644 4189 712 4239 de
743 4189 967 4241 Graecis
1003 4189 1307 4242 interfectis
1339 4192 1553 4243 iisdem-

465 4274 571 4325 que
615 4256 896 4322 expiandis
946 4264 1226 4324 ageretur,
1285 4262 1553 4322 Graecum

466 4328 624 4379 deum
690 4343 919 4392 eumque
977 4329 1288 4394 primarium
1342 4331 1553 4381 consuli

464 4403 890 4452 consentaneum
912 4403 1032 4449 erat
1054 4399 1122 4451 ab
1148 4416 1214 4451 ea
1234 4401 1384 4464 urbe,
1412 4416 1552 4464 quae

1656 1340 1725 1391 ab
1767 1340 1900 1405 ipsis
1946 1338 2172 1390 Graecis
2217 1355 2263 1391 s.
2313 1337 2565 1404 Pelasgis
2616 1337 2746 1389 olim

1656 1410 1880 1462 condita
1902 1409 2180 1461 ferebatur
2213 1413 2379 1474 atque
2414 1408 2485 1459 ab
2519 1424 2584 1459 eo
2617 1409 2746 1460 inde

1653 1487 1896 1545 tempore
1938 1478 2101 1530 huius
2156 1479 2386 1529 rationis
2431 1478 2746 1529 memoriam

1656 1550 1930 1601 retinebat
1984 1554 2039 1600 et
2091 1547 2326 1600 colebat.
2407 1549 2558 1599 Inter
2604 1548 2746 1600 Pho-

1657 1635 1916 1670 caeenses
1954 1624 2010 1669 et
2046 1618 2251 1682 Italos,
2301 1619 2576 1669 Romanos
2617 1634 2746 1685 quo-

1656 1705 1787 1756 que,
1828 1704 1969 1756 quae
2001 1690 2247 1739 rationes
2278 1691 2490 1738 mature
2525 1688 2634 1738 iam
2665 1688 2747 1740 in-

1653 1759 2036 1820 tercesserint,
2097 1758 2410 1824 disquisivit
2471 1758 2745 1810 Klausen:

1652 1830 1866 1880 Aeneas
1894 1844 1949 1879 u.
1976 1828 2064 1877 die
2086 1828 2282 1879 Penat.
2308 1828 2384 1878 11.
2414 1843 2470 1892 p.
2496 1826 2600 1879 603
2627 1842 2744 1893 seq.

1722 1893 1821 1947 καὶ
1854 1890 1961 1963 γὰρ
1988 1890 2313 1961 ἐναγίζουσί
2341 1910 2444 1961 σφι
2473 1888 2743 1964 μεγάλως]

1653 1965 1973 2031 καταγίζειν
2004 1965 2134 2031 quid
2158 1967 2259 2029 sit,
2298 1965 2651 2031 explicuimus
2676 1968 2746 2018 ad

1655 2039 1711 2102 Ι,
1757 2036 1843 2088 86.
1904 2028 2176 2101 ἐναγίζειν
2232 2037 2392 2103 (iusta
2433 2038 2745 2100 persolvere,

1652 2104 1960 2172 parentare)
2005 2105 2352 2171 potissimum
2397 2105 2468 2155 ad
2503 2111 2745 2158 mortuos

1654 2176 1915 2241 refertur,
1950 2175 2184 2241 indeque
2221 2174 2291 2225 ad
2324 2175 2546 2226 heroum
2582 2180 2748 2242 atque

1655 2247 1900 2297 Manium
1947 2245 2171 2297 cultum.
2240 2244 2369 2296 vid.
2412 2245 2618 2296 Herod.
2666 2247 2745 2311 ΙΙ,

1657 2318 1726 2366 44
1755 2315 1852 2368 fin.
1890 2315 2039 2366 Plut.
2065 2314 2292 2365 Aristid.
2316 2331 2435 2379 cap.
2459 2317 2546 2366 21.
2584 2315 2745 2369 Cous.

1658 2386 1886 2450 Gregor.
1940 2384 2184 2436 Corinth.
2242 2384 2310 2435 de
2356 2384 2574 2436 dialect.
2624 2386 2745 2438 Ion.

1660 2459 1709 2522 5.
1739 2454 1856 2507 109.
1885 2471 2011 2521 pag.
2037 2455 2158 2517 515,
2196 2454 2291 2505 ubi
2328 2454 2584 2518 legimus:
2623 2446 2745 2505 ἐνα-

1659 2523 1859 2591 γίζειν·
1897 2516 1961 2574 τὸ
1999 2515 2137 2591 χοὰς
2173 2517 2465 2588 ἐπιφέρειν
2501 2514 2540 2590 ἢ
2575 2517 2748 2575 θύειν

1657 2597 1778 2652 τοῖς
1814 2587 2262 2660 κατοιχομένοις.
2319 2593 2443 2644 Vid.
2473 2597 2647 2646 Koen.
2677 2596 2748 2647 ad

1657 2665 1710 2715 h.
1737 2663 1776 2714 l.
1803 2668 1858 2714 et
1886 2662 2140 2714 Creuzeri
2164 2662 2462 2729 Symbolic.
2486 2666 2591 2717 ΙΙΙ.
2619 2682 2742 2732 pag.

1659 2733 1761 2785 768
1807 2748 1922 2798 seq.
1966 2733 2051 2784 ed.
2097 2733 2224 2783 tert.
2262 2764 2334 2773 —
2389 2735 2474 2786 Ad
2522 2732 2747 2802 διεχρη-

1657 2817 1830 2852 σαντο
1869 2802 2016 2855 conf.
2054 2817 2194 2868 quae
2231 2801 2301 2852 ad
2338 2802 2397 2868 Ι,
2452 2805 2550 2857 110
2590 2811 2747 2858 nota-

1656 2888 1851 2924 vimus.

1725 2933 2031 3007 ἐκτήσαντο
2093 2931 2264 2990 πόλιν
2325 2936 2430 3005 γῆς
2486 2940 2586 3007 τῆς
2646 2937 2746 2993 Οἰ-

1657 3010 1902 3076 νωτρίης
1937 3002 2174 3076 ταύτην]
2245 3009 2552 3076 Arrideret,
2603 3011 2746 3079 quod

1658 3081 1963 3146 Schweigh.
2034 3080 2268 3130 coniecit
2333 3075 2560 3130 ἔκτισαν
2627 3080 2745 3148 (pro

1656 3141 2016 3215 ἐκτήσαντο),
2059 3149 2166 3199 nisi
2188 3149 2246 3198 id
2277 3149 2456 3215 ipsum
2485 3152 2745 3202 continuo

1657 3219 1957 3284 legeretur,
2029 3223 2090 3268 ut
2150 3219 2244 3268 vix
2312 3220 2596 3285 probabile
2652 3222 2743 3284 sit,

1657 3290 1802 3339 idem
1847 3288 2011 3354 paulo
2061 3291 2224 3338 antea
2269 3288 2397 3339 olim
2447 3291 2744 3342 exstitisse.

1658 3358 1963 3410 Larcherus
1985 3356 2252 3409 maluerat
2270 3349 2581 3409 ἐκτίσαντο.
2607 3361 2749 3411 Neu-

1657 3431 1800 3478 trum
1853 3429 2010 3479 bene.
2089 3430 2196 3478 Est
2244 3428 2386 3477 enim
2441 3420 2745 3494 ἐκτήσαντο

1656 3496 1754 3547 eibi
1788 3500 2180 3562 acquisiverunt,
2230 3511 2337 3560 quo
2376 3497 2497 3563 ipso
2545 3498 2748 3550 indica-

1657 3571 1775 3629 tur,
1822 3583 1931 3617 non
1970 3567 2172 3631 primos
2224 3565 2393 3618 fuisse
2436 3568 2748 3619 Phocaeen-

1658 3651 1775 3699 ses,
1817 3636 1908 3701 qui
1942 3636 2048 3686 hoc
2082 3636 2139 3685 in
2176 3635 2295 3685 loco
2338 3639 2526 3688 urbem
2564 3639 2748 3690 condi-

1658 3705 1863 3769 derint,
1902 3705 1998 3755 sed
2023 3710 2188 3755 antea
2215 3706 2324 3762 iam
2349 3706 2486 3757 alias
2515 3707 2748 3758 aliarum

1656 3774 1769 3825 illic
1805 3775 2048 3841 gentium
2098 3775 2268 3825 fuisse
2316 3775 2491 3828 sedes.
2565 3778 2748 3839 Quare

1655 3835 1963 3909 ἐκτήσαντο
2011 3844 2178 3894 nolim
2234 3842 2459 3896 reddere
2505 3847 2748 3908 possede-

1654 3921 1801 3978 runt,
1838 3920 1901 3965 ut
1926 3915 2057 3965 fecit
2092 3913 2216 3965 Eltz
2243 3915 2467 3977 Quaest.
2499 3913 2743 3967 Herodd.

1654 4000 1708 4049 p.
1791 3984 1850 4034 11
1872 4022 1885 4048 ‚
1971 3983 2485 4050 Schweighaeuser-o
2559 3984 2749 4035 adver-

1655 4068 1784 4171 3:35
1805 4053 2751 4187 gssssssiffiopffip‘ssmssssaffissssffii

1653 4191 1873 4257 urbem),
1927 4192 2142 4242 minime
2190 4195 2558 4244 necessariam
2598 4192 2747 4243 illam

1656 4261 1891 4326 quidem.
1989 4262 2316 4327 vulgatam,
2380 4278 2543 4328 quam
2599 4266 2747 4313 recte

1655 4331 1996 4382 retinuerunt
2013 4336 2243 4382 recentt.
2261 4330 2404 4394 edd„
2421 4332 2594 4382 tuitus
2617 4347 2746 4397 quo-

1657 4416 1760 4465 que
1815 4405 1898 4451 est
1942 4400 2244 4452 Grotefend
2301 4402 2383 4451 in:
2439 4402 2654 4454 Blatter
2703 4402 2744 4454 f.
