3109 5092
981 366 1480 430 EUTERPE.
1525 369 1613 428 H.
1660 374 1780 432 178.
1824 375 1945 434 179.

2473 366 2601 431 827

324 540 603 613 Φώκαια
643 540 760 610 καὶ
798 541 1253 630 Κλαζομεναὶ,
1306 543 1639 629 Δωριέων
1685 542 1760 612 δὲ
1788 537 2008 623 Ῥόδος
2046 544 2158 612 καὶ
2192 548 2445 624 Κνίδος
2485 545 2599 613 καὶ

313 641 832 736 Ἁλικαρνησσὸς
857 645 970 713 καὶ
994 644 1310 734 Φάσηλις,
1342 647 1648 716 Αἰολέων
1676 646 1751 716 δὲ
1776 641 1819 735 ἡ
1841 652 2334 735 Μυτιληναίων
2358 646 2595 735 μούνη.

321 749 581 821 τούτων
608 750 734 838 μέν
767 750 904 817 ἐστι
933 753 1129 818 τοῦτο
1156 746 1232 818 τὸ
1257 750 1562 839 τέμενος,
1592 750 1703 819 καὶ
1735 748 2103 836 προστάτας
2127 754 2250 819 τοῦ
2272 752 2598 841 ἐμπορίου

324 844 524 924 αὗται
555 858 632 922 αἱ
655 850 882 932 πόλιές
910 857 1038 921 εἰσι
1066 856 1144 921 αἰ
1165 853 1594 943 παρέχουσαι.
1645 849 1795 923 ὅσαι
1824 852 1901 922 δὲ
1922 850 2119 923 ἄλλαι
2146 852 2373 933 πόλιες
2393 880 2594 942 μετα-

325 960 672 1028 ποιεῦνται
691 1006 710 1039 ,
745 952 952 1025 οὐδέν
975 976 1097 1044 σφι
1136 954 1374 1045 μετεὸν
1402 962 1938 1045 μεταποιεῦνται.
1994 959 2196 1045 χωρὶς
2224 957 2300 1027 δὲ
2312 962 2593 1046 Αἰγινῆ-

325 1089 431 1130 ται
482 1057 589 1143 ἐπ’
643 1061 919 1128 ἑωυτῶν
968 1056 1331 1148 ἱδρύσαντο
1390 1061 1664 1149 τέμενος
1713 1059 1916 1145 Διὸς,
1971 1061 2084 1131 καὶ
2139 1057 2305 1130 ἄλλο
2348 1059 2597 1149 Σάμιοι

305 1162 516 1253 1’Ἡρης
529 1215 548 1249 ,
592 1163 706 1232 καὶ
744 1159 1070 1251 Μιλήσιοι
1098 1158 1535 1245 Ἀπόλλωνος.
1594 1155 1721 1234 Ἦν
1761 1164 1836 1234 δὲ
1873 1161 1952 1234 τὸ
1985 1161 2273 1234 παλαιὸν
2309 1165 2527 1253 μούνη
2553 1158 2594 1251 ἡ
2616 1165 2733 1225 179

326 1266 714 1355 Ναύκρατις
756 1265 1078 1355 ἐμπόριον
1121 1268 1234 1335 καὶ
1274 1265 1440 1336 ἄλλο
1490 1264 1698 1338 οὐδὲν
1726 1266 2094 1355 Αἰγύπτου.
2171 1273 2234 1336 εί
2275 1269 2357 1337 δέ
2394 1295 2492 1348 τις
2533 1269 2600 1347 ἐς

326 1376 463 1441 τῶν
486 1397 550 1438 τι
581 1366 744 1438 ἄλλο
785 1368 1135 1457 στομάτων
1171 1375 1293 1439 τοῦ
1320 1378 1579 1441 Νείλου
1605 1368 1946 1455 ἀπίκοιτο,
1987 1374 2157 1458 χρῆν
2199 1366 2468 1459 ὀμόσαι,
2508 1367 2598 1459 μὴ

326 1474 452 1563 μὲν
496 1471 733 1543 ἑκόντα
774 1475 1039 1542 ἐλθεῖν·
1094 1468 1522 1562 ἀπομόσαντα
1564 1474 1640 1544 δὲ
1681 1478 1764 1564 τῇ
1805 1478 1924 1562 νηῒ
1957 1469 2128 1564 αὐτῇ
2169 1475 2399 1543 πλέειν
2435 1475 2502 1554 ἐς
2526 1471 2602 1571 τὸ

385 1630 599 1690 Ἰώνων
632 1632 737 1704 μὲν
777 1655 832 1693 κ.
881 1655 930 1690 τ.
974 1638 1045 1706 λ.]
1098 1640 1184 1691 De
1218 1642 1411 1693 Ionum

324 1710 549 1761 urbibus
585 1710 817 1760 diximus
855 1708 926 1760 ad
964 1710 1167 1771 1,142;
1208 1710 1276 1763 de
1301 1712 1410 1762 Do-

323 1780 453 1831 ricis
491 1780 808 1831 civitatibus
852 1779 938 1842 ΙΙ,
991 1779 1120 1839 144·
1165 1777 1233 1831 de
1273 1782 1411 1831 Aeo-

322 1850 563 1900 lensibus
600 1850 648 1912 Ι,
686 1849 804 1900 149.
875 1849 1026 1899 Voce
1057 1816 1261 1899 ῥόδου
1305 1854 1412 1900 ter-

323 1935 424 1970 nas
472 1918 685 1969 insulae
728 1918 891 1969 urbes
937 1918 1170 1969 indicari
1218 1920 1413 1985 proba-

322 1988 432 2040 bile
473 1994 585 2051 est,
632 1986 901 2053 Ialysum,
948 1987 1245 2051 Camirum,
1283 1990 1411 2040 Lin-

325 2061 480 2121 dum,
528 2073 651 2108 cum
685 2058 892 2108 Rhodus
924 2060 1045 2108 urbs
1078 2058 1248 2108 multo
1283 2063 1411 2123 post

324 2129 537 2179 demum
585 2142 727 2177 anno
772 2127 877 2177 408
925 2141 978 2176 ει.
1017 2126 1143 2180 Chr.
1181 2143 1235 2178 ιι.
1285 2144 1410 2179 con-

323 2198 441 2247 dita
479 2197 713 2247 dicatur.
759 2196 889 2247 Vid.
910 2197 1238 2247 Larcherum
1273 2202 1405 2248 tom.

321 2265 774 2331 v11.g»..o74

390 2283 522 2385 καὶρ
522 2282 791 2400 Φάσηλις]
830 2335 975 2385 Urbs
1010 2335 1064 2385 in
1088 2337 1294 2400 Lyciae
1331 2341 1410 2387 at·

322 2422 427 2471 qne
450 2405 808 2470 Pamphyliae
828 2403 1078 2455 confiniis
1101 2407 1223 2468 sita,
1246 2406 1411 2458 Grae-

323 2477 401 2527 cis
457 2474 681 2526 urbibus
729 2489 826 2538 per
871 2474 1099 2539 Lyciam
1150 2474 1408 2539 dispersis

319 2543 485 2610 vulgo
516 2545 905 2606 adnumerata,
940 2545 1162 2610 suisque
1197 2544 1408 2611 legibus

323 2620 487 2680 atque
506 2613 776 2664 institutis
798 2618 976 2663 utens.
1042 2613 1212 2665 Plura
1238 2616 1409 2665 citavi

323 2684 392 2734 ad
417 2684 636 2733 Ctesiae
660 2683 909 2749 fragmm.
934 2699 1063 2748 pag.
1089 2682 1211 2734 ⁶292.
1266 2683 1408 2737 Add.

320 2753 611 2818 Forbiger:
650 2751 873 2803 Handb.
899 2751 954 2804 d.
979 2752 1078 2804 alt.
1100 2753 1405 2820 Geograph.

320 2823 398 2874 11.
436 2838 564 2887 pag.
604 2823 727 2874 257.

391 2886 488 2940 καὶ
499 2883 822 2957 προστάτας
835 2902 938 2939 του
916 2881 1251 2957 ἐμπορίου]
1268 2905 1408 2956 προ-

323 2952 518 3011 στάται
562 2960 817 3013 videntur
860 2959 1057 3022 fuisse,
1106 2961 1198 3026 qui
1245 2977 1409 3027 nego-

322 3031 583 3082 tiatorum
629 3031 791 3082 rebus
841 3031 1188 3081 attenderent
1235 3037 1289 3081 et
1325 3046 1409 3081 ar-

317 3101 449 3151 bitri
474 3106 656 3153 essent
682 3100 855 3151 litium
871 3138 884 3163 ,
925 3099 1113 3166 quales
1139 3102 1409 3151 recentior

318 3175 475 3223 aetas
506 3172 563 3222 in
600 3171 867 3238 portubus
903 3174 959 3221 et
993 3171 1246 3235 emporiis
1282 3187 1408 3222 con-

321 3241 505 3291 stituit
538 3243 714 3302 viros;
752 3244 982 3291 consules
1018 3239 1185 3305 vulgo
1224 3240 1407 3305 appel-

318 3309 520 3361 lantur.
604 3312 799 3361 Utrum
853 3309 1017 3359 iidem
1070 3311 1181 3359 sint
1240 3315 1408 3376 atque

317 3377 608 3442 τιμοῦχοι,
648 3393 872 3444 qnorum
905 3394 1048 3428 unus
1084 3379 1227 3429 inter
1260 3379 1409 3430 Nau-

319 3448 543 3497 cratidis
578 3447 819 3497 civitatis
867 3451 1105 3498 rectores
1151 3463 1410 3497 memora-

319 3522 409 3566 tur
456 3516 600 3580 apud
643 3515 981 3566 Athenaeum
1026 3516 1123 3577 IV,
1166 3517 1246 3579 13,
1284 3532 1410 3566 con-

323 3585 534 3636 iectura
589 3585 679 3635 vix
733 3586 952 3649 assequi
1007 3584 1224 3645 licebit,
1284 3600 1406 3635 cnm

320 3655 567 3705 omnibns
619 3668 901 3705 careamus
957 3654 1284 3705 testimoniis
1339 3653 1407 3704 de

319 3740 377 3774 re
426 3725 645 3790 publica
687 3723 1153 3776 Naucratitarum.
1238 3725 1406 3774 Prae-

311 3797 480 3857 fectos
513 3801 839 3845 mercatorum
877 3808 944 3844 ex
989 3798 1173 3844 vetere
1216 3793 1406 3843 inscri-

318 3864 506 3928 ptione
539 3856 685 3930 apud
718 3863 1028 3914 Reinesium
1064 3863 1223 3914 affert
1250 3863 1406 3914 Wes-

319 3933 580 3999 selingius
630 3931 740 3995 (cui
785 3933 950 3983 etiam
986 3932 1196 3999 reliqua
1242 3932 1404 3984 debe-

320 3999 487 4065 mus),
532 4003 828 4081 itidemque
875 4002 1062 4054 decem
1111 4002 1404 4054 Athenien-

318 4073 458 4122 sium
473 4039 811 4135 ἐπιμελητὰς
835 4069 940 4121 τοῦ
963 4062 1240 4136 ἐμπορίου
1259 4071 1402 4138 apud

316 4142 644 4207 Harpocrat.
684 4155 729 4189 s.
770 4156 824 4190 ν.
902 4142 1008 4203 Qui
1057 4142 1124 4192 de
1169 4142 1401 4192 Graeco-

317 4226 438 4262 rum
464 4210 718 4275 emporiis
755 4225 927 4275 nuper
952 4210 1272 4276 disputavit,
1309 4210 1405 4261 Ul-

315 4280 461 4330 richs
485 4279 826 4344 (zeitschrift
849 4280 889 4330 f.
918 4280 1401 4332 Alterthumswiss.

321 4350 474 4401 1844.
511 4365 591 4400 nr.
631 4347 684 4399 3.
721 4365 851 4415 pag.
890 4347 1005 4414 24),
1041 4350 1088 4399 is
1120 4353 1284 4400 etiam
1321 4354 1402 4400 at-

314 4419 441 4483 tigit
467 4409 787 4483 προστάτας
815 4420 872 4469 ἰιι
889 4418 974 4469 his
993 4419 1246 4501 emporiis
1274 4434 1401 4470 con-

312 4490 539 4541 stitutos
576 4504 683 4539 non
718 4492 980 4555 tanquam
1002 4478 1251 4555 ἄρχὴνε.
1281 4481 1402 4539 ἔπι-

1509 1635 1749 1708 μελητὰς
1773 1639 1877 1692 τοῦ
1898 1633 2195 1707 ἐμπορίου,
2219 1643 2317 1692 sed
2337 1646 2599 1708 tanquam

1512 1712 1795 1774 consules,
1859 1711 1931 1763 ad
1991 1711 2297 1763 commercii
2357 1712 2598 1763 rationes

1511 1781 1743 1834 tuendas
1795 1781 2151 1844 constitutos,
2210 1781 2603 1841 „Handelscon-

1511 1855 1625 1903 subt
1656 1852 1749 1916 ἄν
1783 1851 1881 1902 den
1917 1849 2097 1900 Sclnctz
2139 1849 2231 1901 des
2258 1850 2603 1915 ,qvieclzmhen

1514 1921 1783 1972 Handels!
1770 1920 1807 1948 ‘⁴
1878 1920 2059 1984 Atque
2094 1918 2320 1969 Athenis
2371 1920 2477 1985 ipsi
2512 1935 2603 1985 pe-

1513 1991 1731 2069 tegrini
1769 2005 1813 2040 s.
1862 1989 2095 2040 metoeci
2137 1988 2381 2040 Atticum
2427 1989 2602 2039 civem

1512 2051 1840 2124 προστάτην
1901 2059 2019 2110 sive
2077 2062 2364 2123 patronum
2423 2074 2599 2109 rerum

1511 2144 1731 2181 suarum
1768 2129 1837 2179 ad
1877 2129 2060 2179 omnia
2099 2127 2322 2193 negotia
2358 2128 2474 2180 sive
2505 2143 2603 2194 pu-

1510 2198 1657 2250 blica
1692 2199 1807 2250 sive
1842 2199 2061 2264 privata
2094 2198 2294 2262 eligere
2323 2197 2597 2249 solebant.

1511 2268 1624 2319 vid.
1679 2268 1850 2318 allata
1914 2269 1986 2318 ab
2041 2267 2103 2318 C.
2166 2268 2232 2317 F.
2285 2268 2601 2318 Hermanno

1513 2338 1727 2390 Griech.
1750 2336 2237 2400 Staatsalterth.5.
2268 2338 2382 2389 115.
2409 2337 2595 2390 not.3.

1580 2406 2037 2472 μεταποιεῦνται]
2078 2407 2332 2459 Timaeus
2373 2409 2431 2456 in
2466 2409 2597 2459 Lex.

1509 2477 1658 2530 Plat.
1688 2493 1742 2542 p.
1774 2477 1896 2528 179:
1946 2475 2405 2542 μεταποιεῖσθαι·
2445 2467 2601 2527 ἄντι-

1511 2546 1810 2598 ποιεισθαι
1858 2544 1916 2610 (i.
1966 2562 2016 2598 e.
2064 2545 2163 2597 sibi
2194 2546 2476 2608 vindicare,
2524 2554 2600 2597 at·

1515 2618 1740 2668 tribuere
1785 2615 2026 2681 aliquid),
2070 2614 2166 2665 ubi
2207 2613 2362 2678 plura
2399 2614 2602 2665 adscri-

1509 2687 1623 2769 psit
1640 2685 1948 2745 Ruhnken„
1986 2653 2286 2735 I’Ierodotei
2321 2682 2429 2733 loci
2453 2683 2599 2735 hand

1510 2757 1807 2806 immemor.
1878 2721 1964 2804 Ae’l
2009 2745 2223 2833 μετεὸν
2256 2752 2404 2803 conf.
2454 2757 2594 2805 nott.

1511 2824 1582 2875 ad
1610 2826 1686 2886 ΙΙ,
1727 2823 1846 2875 148.
1885 2853 1956 2863 —
2001 2822 2087 2873 Ad
2133 2811 2223 2871 ἐπ’
2268 2814 2496 2871 ἕωυτων
2541 2823 2598 2873 in

1509 2910 1661 2962 seqq.
1702 2894 1778 2946 cf.
1816 2897 1957 2944 nott.
1996 2891 2065 2943 ad
2102 2891 2148 2955 Ι,
2184 2892 2302 2943 142.

1813 3014 1947 3067 Cu.
1988 3012 2284 3065 CLXXIX.

1571 3086 1677 3151 Ην
1701 3095 1766 3152 δὲ
1791 3091 1855 3150 τὸ
1884 3090 2131 3152 παλαιὸν
2155 3090 2344 3165 μούνη
2374 3094 2411 3165 ἡ
2438 3090 2599 3149 Ναύ-

1507 3186 1718 3253 κρατις
1750 3162 2047 3251 ἐμπόριον]
2096 3169 2299 3221 Soldan
2344 3170 2383 3223 l.
2428 3169 2600 3220 1.νο-

1508 3257 1628 3292 cem
1661 3234 1725 3290 τὸ
1762 3232 2009 3292 παλαιὸν
2038 3240 2309 3306 respicere
2345 3239 2417 3289 ad
2441 3239 2601 3289 Ama-

1507 3311 1642 3361 sidis
1677 3311 1849 3375 ipsius
1886 3316 2148 3375 tempora,
2189 3324 2330 3375 quae
2361 3307 2597 3372 posteris

1506 3380 1765 3431 Persicae
1811 3379 2201 3430 dominationis
2248 3375 2596 3442 temporibus,

1510 3449 1746 3515 quibus·
1729 3464 1848 3514 ipse
1868 3446 2220 3499 Herodotus·
2205 3461 2263 3495 ιιι
2289 3447 2597 3510 Aegyptum

1508 3518 1689 3581 venit,
1728 3521 2090 3582 opponantur.
2162 3515 2299 3564 Mihi
2332 3513 2466 3564 nihil
2504 3513 2598 3564 ob·

1509 3591 1659 3637 stare
1694 3587 1939 3649 videtur,
1988 3600 2095 3651 quo
2117 3583 2295 3635 minus
2322 3584 2486 3634 etiam
2525 3583 2596 3632 ad

1509 3660 1754 3719 tempora
1777 3653 2035 3706 Amaside
2073 3654 2257 3717 priora
2286 3654 2488 3705 Noster
2516 3668 2598 3702 re·

1509 3725 1755 3789 spexisse
1791 3725 1864 3775 sit
1898 3722 2192 3790 putandus.
2255 3724 2340 3773 De
2366 3722 2599 3774 Graeco-

1508 3809 1634 3914 '¹²¹.¹}
1652 3809 1906 3921 {¹533OE
1929 3792 2236 3926 ³3:333}
2252 3790 2597 3925 ¹2i1³22¹⁸q¹131¹<i

1506 3934 1696 3995 video,
1734 3933 1825 3983 hic
1849 3932 2081 3998 tempori
2103 3930 2397 3982 indicando
2429 3931 2598 3982 inser-

1504 4003 1586 4052 vit
1640 3971 1799 4069 (dum,
1850 3998 2097 4068 quoties),
2158 4000 2389 4066 indeque
2444 4006 2598 4065 opta-

1503 4073 1619 4123 tivo
1673 4072 1947 4137 iungitur,
2006 4074 2090 4148 ut„
2115 4070 2173 4133 1,
2221 4071 2336 4123 106.
2430 4070 2594 4122 Hand

1475 4142 1666 4192 -aliter
1706 4141 1792 4203 ΙΙ,
1840 4139 1968 4193 181.
2018 4136 2090 4205 τῇ
2133 4108 2287 4190 ἐπεί
2328 4155 2386 4191 τε
2434 4155 2513 4190 συ
2573 4169 2597 4177 -

1502 4209 1823 4261 κλίνοιτο
1860 4201 1892 4261 ὁ
1915 4203 2158 4274 Ἄμασις.
2181 4238 2251 4247 -
2278 4211 2362 4262 Ad
2387 4202 2463 4274 μὴ
2488 4225 2526 4272 μ
2559 4223 2594 4256 ν

1503 4279 1623 4346 (pro
1659 4271 1798 4345 μὴν)
1836 4280 1981 4331 conf.
2013 4295 2179 4344 snpra
2200 4280 2276 4342 ΙΙ,
2307 4280 2429 4330 118.
2462 4279 2592 4327 Mox

1502 4347 1695 4400 πλέειν
1731 4350 1932 4400 retinui
1978 4348 2227 4400 omnibus
2273 4348 2425 4397 libris
2472 4361 2593 4411 pro-

1501 4419 1992 4480 batum31ecentt.
2046 4417 2168 4468 edd.
2209 4408 2433 4466 πλαίειν.
2506 4413 2588 4465 Ad

1499 4489 1670 4540 verba
1704 4455 1767 4538 ἐν
1802 4480 1991 4554 βάρισι
2029 4486 2216 4538 confer
2252 4485 2328 4549 11,
2366 4484 2452 4537 96.
