3109 5092
471 295 594 359 688
1339 295 1881 358 HERODOTI

472 466 674 549 αὐτὸς
700 476 1144 559 προστίθεμαι
1163 521 1181 553 ,
1225 470 1386 540 τάδε
1415 467 1920 558 ἐπιλεγόμενος·
1980 471 2044 535 εἰ
2081 457 2168 556 ἦν
2185 461 2418 555 Ἑλένη
2449 469 2524 536 ἐν
2556 462 2757 558 Ἰλίῳ,

471 571 897 661 ἀποδοθῆναι
926 568 1012 642 ἂν
1039 570 1256 662 αὐτὴν
1279 569 1736 662 τοῑσι”Ελλησι
1759 624 1778 657 ,
1826 569 1972 661 ἦτοι
2003 570 2272 650 ἑκόντος
2297 598 2375 658 γε
2400 566 2444 658 ἦ
2469 567 2757 648 ἄκοντος

464 674 928 764 Ἀλεξάνδρου.
1006 674 1089 745 οὐ
1130 674 1259 765 γὰρ
1301 676 1384 766 δὴ
1427 673 1605 745 οὕτω
1648 703 1727 763 γε
1755 671 2227 763 φρενοβλαβὴς
2270 665 2356 763 ἦν
2382 668 2419 742 ὁ
2446 680 2758 761 Πρίαμος

472 779 635 850 οὐδὲ
662 784 733 848 οἱ
752 776 942 849 ἄλλοι
970 780 1420 869 προσήκοντες
1440 777 1648 872 αὐτῷ,
1679 775 1846 848 ὥστε
1872 793 2045 847 τοῖσι
2072 776 2455 867 σφετέροισι
2482 776 2755 865 σώμασι

472 885 586 952 καὶ
634 899 806 952 τοῖσι
847 881 1142 953 τέκνοισι
1184 886 1296 953 καὶ
1336 890 1418 974 τῇ
1457 882 1614 951 πόλι
1656 881 2094 953 κινδυνεύειν
2134 880 2534 969 ἐβούλοντο,
2579 877 2758 958 ὅκως

466 984 898 1076 Ἀλέξανδρος
923 981 1155 1076 Ἑλένῃ
1186 986 1527 1075 συνοικέῃ.
1611 991 1676 1055 εί
1712 985 1791 1055 δέ
1816 1011 1918 1054 τοι
1962 985 2075 1053 καὶ
2105 988 2182 1054 ἐν
2228 999 2399 1053 τοῖσι
2430 983 2756 1074 πρώτοισι

473 1091 774 1179 χρόνοισι
819 1094 1028 1159 ταῦτα
1071 1093 1476 1176 ἐγίνωσκον,
1527 1091 1673 1161 ἐπεὶ
1712 1090 1946 1159 πολλοὶ
1976 1088 2102 1177 μὲν
2126 1092 2264 1156 τῶν
2290 1085 2518 1157 ἄλλων
2561 1085 2753 1175 Τρω-

477 1221 607 1279 ων,
648 1188 841 1262 ὁκότε
882 1204 1327 1281 συμμίσγοιεν
1367 1208 1538 1264 τοῖσι
1558 1190 1870 1281 ”Ελλησι,
1924 1188 2358 1277 ἀπώλλυντο,
2418 1186 2633 1259 αὐτοῦ
2676 1188 2754 1258 δὲ

475 1294 791 1385 Πριάμου
817 1292 942 1365 οὐκ
971 1302 1110 1365 ἔστι
1141 1293 1251 1366 ὅτε
1277 1294 1361 1367 ού
1382 1296 1508 1366 δύο
1534 1290 1578 1384 ἦ
1603 1312 1782 1387 τρεῖς
1802 1290 1845 1383 ἦ
1868 1296 1979 1364 καὶ
2003 1300 2099 1363 ἔτι
2131 1300 2406 1374 πλείους
2424 1297 2564 1363 τῶν
2594 1299 2755 1363 παί-

477 1404 653 1481 δων,
683 1398 893 1487 μάχης
921 1398 1311 1489 γινομένης,
1341 1398 1816 1488 ἀπέθνησκον,
1848 1405 1912 1467 εί
1932 1396 2059 1486 χρή
2088 1426 2148 1466 τι
2172 1411 2343 1467 τοῖσι
2375 1402 2755 1467 ἐποποιοῖσι

474 1501 861 1590 χρεώμενον
904 1501 1160 1590 λέγειν·
1230 1503 1492 1573 τούτων
1536 1503 1613 1572 δὲ
1668 1502 1996 1571 τοιούτων
2042 1500 2568 1589 συμβαινόντων
2620 1496 2755 1586 ἐγώ
2840 1582 2846 1587 .

476 1606 602 1694 μὲν
642 1611 960 1695 ἔλπομαι,
1005 1611 1068 1675 εἰ
1102 1608 1215 1676 καὶ
1242 1604 1443 1687 αὐτὸς
1474 1613 1777 1695 Πρίαμος
1804 1611 2117 1674 συνοίκεε
2138 1600 2411 1693 Ἑλένῃ,
2451 1599 2754 1672 ἀποδοῦ-

476 1736 589 1779 ναι
634 1703 721 1778 ἂν
745 1706 961 1799 αὐτὴν
986 1725 1158 1780 τοῖσι
1182 1708 1500 1799 Ἀχαιοῖσι
1523 1761 1541 1795 ,
1582 1708 1916 1799 μέλλοντά
1954 1736 2033 1795 γε
2074 1705 2159 1798 δὴ
2192 1712 2332 1777 τῶν
2357 1705 2763 1798 παρεόντων

547 1910 682 1967 τάδε
726 1906 1141 1985 ἐπιλεγόμενος]
1187 1919 1244 1970 id
1281 1924 1393 1969 est:
1439 1920 1567 1969 haec

478 1996 723 2050 reputans
756 2003 962 2046 mecm,
1000 1990 1245 2053 cogitans.
1320 1989 1477 2039 Conf.
1518 1988 1565 2050 1,

480 2058 568 2107 78.
628 2058 756 2107 Mox
787 2073 883 2121 pro
906 2051 1169 2120 ἄκοντος,
1205 2059 1350 2123 quod
1380 2073 1567 2108 omnes

479 2132 669 2175 tenent
707 2126 830 2175 libri
865 2127 1082 2192 scripti,
1122 2128 1356 2178 Bredov.
1382 2144 1436 2192 p.
1466 2128 1568 2178 192

479 2195 670 2312 relploni
691 2195 853 2244 iussit
863 2187 1315 2316 &intortoffiAqud
1337 2203 1568 2282 reeentt.

481 2281 511 2314 e
589 2300 602 2313 .
653 2280 774 2313 nce
816 2279 946 2314 erun
978 2302 990 2314 .
1031 2295 1100 2304 —
1278 2279 1570 2315 συνοικειν

479 2336 537 2383 in
568 2349 718 2398 seqq.
750 2280 895 2384 egat.
922 2334 966 2397 1,
992 2332 1080 2385 91.
1108 2334 1194 2387 93.
1218 2334 1305 2386 37.
1338 2336 1435 2389 173
1462 2342 1568 2388 etc.

553 2431 608 2486 εί
643 2433 710 2485 δέ
742 2451 829 2486 τοι
866 2431 962 2486 καὶ
1003 2426 1065 2486 ἐν
1101 2439 1248 2487 τοῖσι
1293 2430 1571 2504 πρώτοισι

481 2499 738 2572 χρόνοισι
785 2504 961 2556 ταῦτα
1007 2497 1336 2574 ἐγίνωσκον]
1399 2509 1573 2559 Hero·

483 2576 678 2628 doteae
716 2579 1237 2643 argumentationis,
1277 2594 1414 2644 quae
1450 2579 1503 2630 h.
1533 2579 1570 2629 l.

483 2647 707 2713 incipit,
755 2647 841 2697 hic
878 2647 992 2698 fere
1024 2663 1245 2699 sensus:
1297 2649 1394 2711 „Si
1440 2664 1571 2699 vero

482 2718 671 2782 primis
714 2732 1010 2782 sanequam
1058 2718 1392 2783 temporibus
1440 2720 1575 2769 Tro-

481 2788 624 2836 ianis
647 2786 886 2850 (Priamo
915 2788 1137 2853 eiusque
1159 2787 1439 2853 cognatis)
1461 2788 1575 2854 pla-

486 2857 707 2917 cuisset,
729 2855 993 2906 Helenam
1021 2858 1254 2908 retinere
1276 2873 1376 2907 nec
1409 2858 1575 2908 Grae-

486 2925 567 2974 cis
616 2924 1035 2988 deposcentibus
1085 2925 1334 2989 reddere,
1389 2932 1572 2977 tamen

486 2998 709 3056 postea,
749 3009 871 3043 cum
908 2993 1092 3043 multis
1132 2994 1260 3045 belli
1296 2995 1575 3046 calamita-

485 3061 634 3110 tibus
672 3077 732 3112 se
764 3078 981 3126 pressos
1015 3079 1318 3130 magnaque
1353 3080 1593 3115 suorum.

487 3135 672 3196 strage
713 3131 951 3181 afflictos
1003 3133 1290 3195 vidissent,
1338 3135 1429 3183 vix
1479 3135 1574 3184 du-

487 3199 666 3262 bium,
715 3201 842 3267 quin
887 3201 1151 3252 Helenam
1196 3202 1418 3253 Graecis
1455 3204 1574 3253 red-

490 3269 784 3333 didissent,
821 3271 1045 3336 ipseque
1081 3273 1357 3332 Priamus,
1391 3274 1438 3323 si
1465 3274 1573 3324 He-

486 3339 665 3390 lenam
730 3341 785 3390 in
849 3341 1247 3391 matrimonium
1311 3342 1573 3407 duxisset,

490 3426 610 3460 eam
630 3409 941 3461 redditurus
969 3410 1181 3474 fuisset,
1211 3426 1318 3477 qua
1342 3428 1400 3463 se
1423 3429 1577 3464 suos·

490 3495 595 3545 que
631 3479 760 3531 belli
804 3479 1209 3531 calamitatibus
1257 3481 1575 3534 liberaret.“

493 3549 723 3611 Quando
759 3552 900 3600 enim
938 3549 1040 3601 hoe
1075 3551 1192 3616 ipse
1229 3566 1322 3601 rex
1364 3551 1579 3603 domus-

491 3634 596 3683 que
620 3620 805 3685 regiae
842 3620 1089 3686 princeps
1127 3620 1369 3683 fecisset,
1409 3620 1578 3672 multo

490 3687 665 3753 magis
704 3694 1148 3751 consentaneum,
1188 3691 1243 3739 in
1271 3693 1414 3756 regis
1448 3690 1578 3753 filio,

493 3762 548 3806 et
572 3756 788 3822 quidem
823 3774 915 3821 eo,
955 3760 1023 3810 ad
1058 3775 1216 3825 quem
1246 3759 1331 3810 vel
1366 3766 1578 3810 mortuo

493 3834 649 3890 patre
725 3828 944 3879 minime
1011 3829 1361 3881 deventurum
1432 3835 1581 3881 esset

494 3909 748 3959 regnum,
786 3895 887 3947 hoe
926 3896 1067 3948 idem
1102 3898 1238 3948 fieri.

566 3992 621 4046 εί
654 3990 719 4045 δέ
753 4012 841 4046 τοι
871 3993 967 4046 καὶ
991 4028 1062 4037 --
1088 3990 1418 4068 ἐγίνωσκον]
1455 4000 1577 4052 soil.

495 4057 526 4117 ὁ
553 4064 809 4129 Πρίαμος
846 4061 943 4115 καὶ
974 4061 1035 4115 οἱ
1054 4062 1442 4134 προσήκοντες
1476 4063 1579 4121 αὖ-

492 4134 591 4203 τῷ.
629 4162 692 4170 -
732 4125 792 4183 ἐν
826 4126 1101 4196 πρώτοισι
1138 4134 1396 4200 χρόνοισι
1439 4141 1582 4191 refer

495 4206 564 4255 ad
594 4205 797 4269 primos
827 4203 956 4253 beni
988 4219 1187 4266 annos,
1219 4208 1361 4272 quod
1385 4210 1582 4260 Graeci

496 4275 565 4325 ob
603 4272 869 4324 Helenam
906 4278 1117 4338 raptam
1164 4284 1357 4328 contra
1393 4279 1584 4329 Troia·

495 4360 593 4395 nos
629 4348 1004 4407 susceperunt.

1740 1908 1862 1967 ἐπεὶ
1910 1910 2112 1966 πολλοὶ
2154 1908 2258 1981 μὲν
2294 1932 2347 1966 κ.
2388 1931 2437 1965 τ.
2475 1913 2548 1981 λ.]
2605 1915 2763 1965 Haec

1668 1987 1835 2037 verba
1880 2001 1975 2053 per
2018 1985 2369 2051 parenthesin
2413 1986 2572 2050 quasi
2619 1985 2767 2034 acei-

1668 2056 1868 2121 pienda
1896 2061 2025 2106 sunt
2048 2055 2275 2106 dilatam
2297 2070 2470 2121 usque
2494 2054 2566 2104 ad
2592 2054 2766 2104 verba

1668 2118 1993 2191 χρεώμενον
2025 2118 2206 2190 λέγειν
2242 2124 2466 2188 inulas„
2511 2124 2604 2174 ubi
2643 2139 2765 2201 ora-

1669 2196 1749 2245 tio
1800 2194 1976 2246 denuo
2024 2195 2320 2245 assumitur
2367 2195 2577 2245 verbis:
2631 2207 2765 2242 του·

1670 2280 1785 2313 των
1839 2257 1912 2314 δὲ
1973 2256 2252 2314 τοιούτων
2309 2255 2764 2330 συμβαινόντων,

1673 2333 1869 2401 quibus
1905 2348 1971 2385 ea
1996 2334 2180 2384 omnia
2215 2332 2765 2398 comprehenduntur,

1674 2419 1815 2469 quae
1868 2404 1927 2453 in
1978 2403 2293 2468 parenthesi
2344 2401 2561 2468 prolata
2612 2407 2766 2451 sunt.

1676 2476 1858 2535 Quare
1901 2472 2046 2524 haud
2097 2472 2240 2523 male
2274 2473 2487 2524 addidit
2525 2470 2764 2537 particu-

1670 2543 1781 2593 lam
1836 2535 1925 2605 δὲ,
1974 2546 2099 2607 post
2136 2544 2488 2607 parenthesin
2536 2555 2766 2605 eamque

1672 2612 1974 2677 longiorem
2007 2612 2196 2661 inferri
2232 2612 2471 2663 solitam.

1741 2672 1907 2730 ὁκότε
1941 2679 2310 2746 συμμίσγοιεν
2342 2669 2765 2744 τοῖσιἝλλησι]

1675 2743 2083 2816 συμμιγνύναι,
2142 2767 2249 2801 cum
2302 2751 2445 2801 Ιιοειε
2499 2748 2764 2815 cor-medi,

1673 2823 1735 2870 ut
1758 2819 1803 2882 1,
1834 2822 1952 2871 127.
1984 2821 2081 2871 166
2115 2828 2220 2871 ete.
2263 2849 2325 2858 —
2364 2821 2431 2871 In
2466 2835 2619 2886 seqq.
2655 2818 2765 2868 for·

1674 2888 1900 2939 mulam:
1944 2881 2052 2939 οὐκ
2090 2882 2207 2939 ἔστι
2243 2879 2335 2940 ὅτε
2370 2879 2440 2938 ού
2479 2889 2767 2939 cultiorem

1674 2959 1812 3008 dicit
1836 2957 2105 3010 Wesselin
2151 2996 2164 3009 .
2189 2957 2494 3024 Schweigh.
2532 2959 2591 3008 in
2628 2958 2765 3007 Lex.

1674 3028 1879 3078 Herod.
1926 3044 1973 3079 s.
2013 3045 2069 3079 v·
2110 2974 2207 3080 ξτε
2254 3030 2373 3079 eius
2418 3043 2638 3081 sensum
2686 3028 2769 3075 ita

1675 3099 1923 3163 exponit:
1976 3098 2130 3161 „Non
2173 3107 2250 3149 ese
2298 3096 2433 3163 (veh
2486 3113 2585 3148 non
2617 3094 2767 3160 fuit),

1674 3182 1782 3216 cum
1810 3182 1905 3218 non
1937 3173 2076 3230 οἱα,
2109 3168 2168 3219 id
2204 3172 2316 3217 est:
2354 3182 2602 3233 nunquam
2636 3182 2767 3221 non,-

1674 3251 1872 3299 semper
1924 3240 2115 3302 quoties
2160 3239 2351 3301 factum
2404 3240 2649 3297 proelium
2692 3242 2770 3284 ese

1678 3306 1826 3358 etc.“
1890 3305 2193 3357 Locutione
2229 3301 2338 3357 δύο
2375 3297 2410 3369 ἦ
2446 3308 2599 3368 τρεῖς
2632 3302 2769 3354 mul·

1674 3373 1964 3425 titudinem
1990 3378 2259 3441 quandam
2285 3374 2569 3439 declarari,
2603 3389 2766 3439 quam

1677 3443 2107 3515 eandemyerba
2140 3445 2330 3496 addita
2363 3440 2460 3494 καὶ
2494 3440 2573 3493 ἔτι
2608 3440 2763 3492 πλεί-

1679 3527 1782 3570 ους
1817 3513 1904 3564 vel
1940 3515 2113 3580 magis
2140 3515 2194 3565 h.
2223 3514 2261 3566 l.
2293 3513 2582 3576 extollunt,
2618 3517 2766 3562 reete

1681 3581 1962 3633 admonuit
1982 3584 2227 3635 Nitzsoh.
2252 3583 2464 3634 Melett.
2487 3584 2553 3633 de
2571 3583 2762 3633 histor.

1679 3653 1843 3703 Hom.
1887 3653 2024 3704 fase.
2076 3654 2155 3705 11.
2209 3670 2263 3718 p.
2312 3652 2377 3704 18
2426 3658 2544 3704 not.
2589 3658 2645 3701 et
2696 3651 2765 3701 ad

1681 3720 1882 3787 Odyss.
1907 3723 2034 3785 XII,
2059 3724 2177 3775 154.
2203 3739 2258 3787 p.
2283 3721 2404 3775 390.
2441 3723 2577 3773 Inde
2599 3722 2765 3772 etiam

1680 3791 2059 3857 explicandum
2091 3787 2185 3840 καὶ
2213 3788 2305 3849 δὶς
2326 3786 2423 3840 καὶ
2447 3788 2588 3856 τρὶς,
2621 3789 2767 3856 quod

1676 3859 1877 3925 legitur
1911 3861 2055 3926 apud
2079 3862 2337 3912 Nostrum
2374 3861 2450 3924 11,
2488 3861 2608 3911 121.
2634 3859 2686 3921 §-
2712 3864 2767 3910 2.

1680 3930 1894 3995 Reliqui
1925 3946 2053 3981 vero
2090 3928 2348 3989 πλείους,
2395 3945 2429 3979 a
2464 3928 2767 3991 Dietsehio‚

1682 4004 1907 4050 auctore
1943 4000 2214 4050 Bredovio
2250 4004 2515 4049 mutatum
2550 4000 2607 4048 in
2642 3992 2769 4047 πλέ-

1684 4082 1804 4131 ους,
1843 4068 2181 4121 aDindorfio
2217 4070 2273 4117 in
2299 4066 2568 4130 πλεῦνεςς
2604 4072 2665 4117 tu
2691 4068 2768 4118 es.

1684 4142 1824 4188 nott.
1875 4138 1944 4188 ad
1990 4140 2046 4201 1,
2098 4139 2217 4189 167.
2255 4162 2322 4173 --
2371 4132 2611 4202 ἔλπομαι
2658 4143 2769 4187 est:

1679 4217 1831 4270 puta,
1862 4210 2117 4270 existima,
2155 4213 2215 4258 ut
2251 4207 2278 4256 I
2331 4208 2418 4257 65.
2456 4207 2542 4268 11,
2577 4207 2661 4257 11.
2701 4206 2772 4256 26

1685 4281 1791 4326 etc.
1838 4303 1907 4313 ——
1961 4276 2046 4329 Ad
2095 4267 2177 4325 ού
2230 4244 2354 4341 μὶν
2403 4268 2572 4325 οὐδὲ
2620 4276 2769 4326 conf.

1683 4349 1822 4396 nott.
1847 4343 1921 4395 ad
1955 4345 2033 4411 11,
2064 4346 2149 4398 49.
