3109 5092
1180 355 1677 416 EUTERPE.
1723 356 1807 416 Π.
1849 362 1903 417 7.

2560 353 2673 413 441

407 554 588 613 utos,
623 531 824 598 ἐοῦσα
865 532 1043 599 πᾶσα
1074 522 1281 618 ὑπτίη
1309 555 1380 599 τε
1416 530 1526 600 καὶ
1553 526 1847 619 ἄνυδρος
1883 530 1997 597 καὶ
2032 526 2199 609 ἰλύς.
2256 532 2395 596 ἔστι
2427 526 2503 597 δὲ
2529 522 2684 609 ὁδὸς

406 728 528 780 edd.
573 729 842 780 Herodoti
877 735 934 781 et
967 731 1271 781 Strabonis.
1309 730 1495 782 Helio-

403 798 545 864 polis
595 799 752 861 urbs,
803 800 958 849 cuius
994 801 1307 851 sacerdotes
1343 801 1420 863 11,
1459 801 1491 854 3

404 874 788 932 memorantur,
825 885 858 918 a
884 872 1022 919 mari
1048 870 1490 934 (mediterraneo)

405 942 614 989 remota
656 938 765 988 fuit
819 938 966 990 mille
1015 941 1329 1005 quingentis
1378 946 1491 990 sta-

406 1009 537 1068 diis,
576 1012 717 1058 teste
752 1010 1063 1072 Herodoto,
1103 1026 1332 1074 quocum
1362 1012 1492 1061 Dio-

405 1078 567 1128 dorus
603 1079 648 1139 1,
685 1078 751 1128 57
790 1080 1262 1144 recentiorumque
1306 1079 1491 1130 Gallo-

402 1163 522 1198 rum
565 1148 878 1197 testimonia
925 1150 1294 1200 consentiunt.
1365 1150 1491 1201 vid.

403 1215 639 1268 Iomard.
679 1218 952 1282 Descript.
991 1218 1059 1268 de
1094 1219 1236 1282 l’Eg.
1267 1220 1488 1285 Antiqq.

405 1289 432 1336 I
468 1286 524 1350 (3
558 1285 812 1351 livrais.).
851 1303 975 1353 pag.
1013 1288 1135 1339 611.
1179 1289 1299 1339 508.
1351 1290 1490 1339 Nam

405 1360 558 1407 recta
607 1354 750 1405 linea
793 1357 1107 1421 Heliopolin
1154 1373 1187 1407 a
1234 1360 1368 1407 mari
1413 1358 1491 1407 di-

404 1431 553 1475 stare
589 1423 815 1487 151‚000
851 1433 1025 1477 metra
1049 1425 1320 1491 (metres),
1360 1444 1490 1493 quo-

404 1510 520 1545 rum
556 1500 773 1544 centum
809 1496 923 1546 sere
946 1512 1112 1546 unum
1148 1497 1385 1547 stadium
1410 1499 1489 1547 ef-

402 1563 610 1614 ficiant.
666 1565 952 1616 Strabonis
979 1566 1154 1616 locum
1175 1568 1491 1631 primarium

404 1634 471 1684 de
525 1633 627 1682 hac
672 1634 805 1684 urbe
857 1636 1037 1685 XVII.
1094 1652 1222 1701 pag.
1273 1638 1407 1687 1158
1444 1639 1488 1687 B

402 1719 530 1768 pag.
582 1702 686 1754 805
724 1719 841 1768 seq.
886 1707 1199 1756 accuratius
1249 1707 1493 1756 excussit

404 1771 817 1824 Schlichthorst.
844 1772 882 1825 l.
919 1774 953 1824 l.
983 1790 1109 1839 pag.
1151 1776 1219 1825 85
1255 1792 1390 1840 seq„
1426 1781 1491 1825 ut

405 1859 470 1893 ex
503 1857 612 1906 quo
649 1843 786 1893 satis
823 1849 1040 1909 pateat,
1087 1845 1399 1909 Heliopolin
1435 1851 1489 1894 et

404 1916 558 1962 extra
603 1911 768 1962 Delta
812 1913 981 1964 fuisse
1022 1919 1077 1963 et
1110 1909 1237 1964 Nilo
1273 1915 1344 1964 ab
1385 1915 1489 1964 ori-

402 1986 528 2031 ente
573 1983 907 2046 oppositam,
958 1984 1291 2048 eandemque
1347 2000 1485 2044 esse,

400 2066 539 2116 quae
573 2052 744 2100 sacris
781 2052 836 2101 in
868 2052 1044 2102 literis
1081 2053 1385 2117 appelletur
1411 2052 1486 2103 On

397 2120 780 2200 (septuaginta
800 2121 1123 2185 interpretes
1145 2138 1355 2186 semper
1372 2122 1487 2171 red-

398 2189 534 2239 dunt
571 2180 999 2254 Ηλιούπολιν),
1041 2207 1205 2241 unam
1243 2193 1310 2242 de
1344 2192 1487 2256 prin-

398 2259 607 2324 cipibus
641 2259 879 2324 Aegypti
914 2261 1168 2322 urbibus,
1207 2260 1486 2311 literarum

400 2333 453 2378 et
510 2328 793 2378 doctrinae
861 2328 1219 2379 sacerdotalis
1283 2331 1484 2380 sedem.

399 2398 444 2447 A
487 2397 724 2460 Memphi
771 2414 880 2448 non
931 2399 1220 2450 admodum
1277 2406 1488 2450 remota

403 2467 532 2528 fuit,
580 2466 676 2516 sed
710 2467 767 2516 in
811 2468 1062 2518 orientali
1100 2468 1212 2517 Nili
1244 2470 1362 2534 ripa
1399 2486 1487 2519 ex-

398 2540 637 2597 structa,
678 2534 843 2600 paulo
881 2537 1025 2586 infra
1056 2539 1156 2588 sub
1181 2538 1358 2601 ipsum
1393 2539 1487 2589 Ni-

396 2605 506 2656 lum
529 2605 585 2654 in
612 2605 716 2654 duo
735 2606 960 2656 brachia
978 2606 1291 2658 dissectum.
1347 2608 1485 2658 Con-

396 2675 700 2739 spiciuntur
743 2675 920 2725 adhuc
965 2676 1166 2726 rudera
1200 2692 1364 2741 prope
1405 2678 1485 2726 vi-

398 2759 548 2804 cum,
598 2745 693 2809 qui
737 2744 939 2794 dicitur
989 2745 1236 2795 Matar-ea
1274 2762 1319 2796 s.
1360 2747 1485 2795 Ma-

395 2812 615 2874 tharieh,
662 2814 756 2863 ubi
803 2819 887 2863 est
933 2815 1057 2863 fons
1106 2814 1250 2865 Solis
1295 2832 1340 2865 s.
1382 2816 1483 2865 Ain

396 2882 629 2942 Selium,
667 2883 724 2932 in
763 2884 1013 2948 regione,
1049 2899 1187 2948 quae
1221 2900 1368 2933 nunc
1390 2900 1482 2934 vo-

395 2956 552 3001 catur
597 2951 833 3002 Kaliubie
884 2953 955 3001 ab
1013 2953 1145 3002 urbe
1191 2954 1482 3003 recentiori

394 3021 604 3080 Keliub,
643 3021 699 3069 in
742 3037 849 3085 quo
885 3022 1004 3086 ipso
1041 3022 1347 3087 Heliopolis
1385 3039 1481 3073 no·

393 3105 516 3140 men
548 3089 792 3139 nonnihil
810 3095 1079 3141 mutatum
1104 3093 1365 3156 cognosci
1388 3108 1482 3142 vo·

391 3159 530 3209 lunt.
604 3160 1029 3209 Accuratissime
1077 3161 1482 3225 descripserunt

392 3227 540 3278 docti
577 3226 721 3279 Galli
757 3230 814 3277 in
852 3230 1041 3279 Descr.
1085 3230 1151 3278 de
1188 3231 1330 3295 l’Eg.
1372 3232 1481 3280 An-

391 3298 529 3363 tiqq.
578 3300 620 3346 t.
665 3297 743 3347 ΙΙ.
780 3296 987 3350 livrais.
1027 3299 1078 3350 3.
1128 3299 1285 3364 chap.
1326 3302 1477 3350 XXI.

391 3383 444 3430 p.
484 3366 517 3417 3
551 3381 702 3431 seqq.
779 3368 861 3417 Tu
900 3369 1011 3418 vid.
1050 3368 1216 3418 etiam
1249 3370 1476 3420 Rennel.

390 3436 427 3485 l.
469 3436 504 3484 l.
538 3451 667 3500 pag.
691 3434 812 3485 598.
851 3436 954 3487 623
990 3442 1045 3487 et
1079 3438 1326 3502 inprimis
1363 3440 1479 3488 Rit-

390 3509 499 3556 ter:
566 3504 861 3555 Erdkunde
908 3507 955 3557 Ι.
992 3522 1119 3572 pag.
1153 3506 1276 3558 823.
1347 3509 1481 3556 For-

388 3575 543 3639 biger
577 3573 615 3623 l.
653 3573 688 3623 l.
721 3590 773 3638 p.
813 3575 932 3625 783.
1010 3575 1209 3626 Clarhe
1247 3577 1476 3626 Travels

390 3648 494 3693 etc.
534 3643 610 3705 11,
646 3644 696 3692 2.
733 3659 787 3708 p.
831 3643 931 3694 100
961 3644 1083 3695 coll.
1109 3661 1161 3708 p.
1191 3646 1317 3694 VII.
1368 3647 1476 3695 Sed

389 3714 566 3771 fuere,
635 3712 727 3776 qui
773 3718 998 3764 auctore
1041 3715 1257 3778 Bryano
1309 3714 1480 3778 dupli-

388 3797 505 3832 cem
540 3780 854 3846 Heliopolin
898 3783 1086 3832 urbem
1141 3783 1479 3848 distinguen-

391 3852 516 3900 dam
554 3865 674 3900 esse
723 3850 1013 3917 docerent,
1067 3850 1295 3901 alteram
1346 3853 1480 3902 Ara-

387 3920 594 3981 bicam,
663 3921 816 3969 cuius
871 3920 1217 3971 Ptolemaeus
1265 3936 1479 3985 quoque

387 3989 715 4050 meminerit,
763 3989 835 4038 ad
880 3989 1096 4040 laevam
1132 3990 1339 4039 canalis
1378 3992 1480 4040 Pe-

386 4057 609 4118 lusiaci,
647 4073 681 4107 a
704 4059 840 4107 mari
866 4060 913 4109 si
931 4059 1260 4120 ascenderis,
1296 4059 1475 4122 sitam,

387 4128 481 4177 ubi
527 4142 671 4176 nunc
706 4127 860 4177 vicus
899 4129 1173 4186 Matarea;
1225 4127 1473 4191 alteram,

386 4197 620 4260 priorem
661 4201 716 4245 et
753 4196 821 4245 ab
847 4198 1131 4247 Herodoto
1156 4213 1475 4247 commemo-

385 4270 588 4326 ratam,
635 4265 691 4314 in
739 4265 859 4330 ipso
907 4267 1074 4316 Delta
1121 4267 1284 4316 sitam
1327 4268 1475 4316 intra

388 4335 809 4397 Sebennyticum
848 4340 903 4385 et
943 4336 1275 4400 Canopicum
1314 4351 1475 4386 cana-

386 4403 512 4455 lem.
585 4404 693 4456 Sed
743 4405 811 4457 de
853 4404 958 4456 hac
1005 4405 1279 4472 Heliopoli
1315 4421 1472 4460 nemo

1595 737 1838 782 veterum
1898 731 2193 797 quidquam
2242 730 2497 794 protulit,
2550 730 2683 782 mul-

1595 806 1817 868 tumque
1864 800 2048 863 abest,
2093 805 2156 850 ut
2193 800 2468 864 confusio,
2520 815 2683 865 quam

1594 873 1687 921 isti
1718 873 2011 933 somniant,
2048 870 2294 934 tollatur,
2332 876 2394 919 ut
2426 870 2560 920 adeo
2587 886 2684 920 au-

1593 946 1804 1007 geatur.
1858 942 2038 1002 Quare
2062 939 2355 1000 Larchero,
2376 939 2521 1002 aliis,
2538 939 2682 990 hanc

1593 1011 1919 1061 sententiam
1997 1007 2479 1073 amplectentibus,
2563 1010 2681 1060 iure

1551 1139 1561 1146 .
1593 1081 1880 1131 oblocutus
1917 1084 2002 1129 est
2024 1077 2389 1142 Champollio:
2436 1076 2678 1143 l'Egypt.

1596 1165 1724 1201 sous
1777 1150 1811 1199 l.
1859 1149 2023 1199 Phar.
2084 1149 2160 1199 11.
2206 1164 2333 1213 pag.
2390 1147 2458 1198 36
2505 1164 2678 1213 seqq„

1597 1222 1689 1284 qui
1723 1219 2034 1284 vulgatam,
2073 1233 2235 1283 quam
2272 1233 2372 1267 nos
2401 1219 2680 1282 proposui·
2758 1255 2766 1264 .

1594 1305 1712 1339 mus
1751 1290 1818 1340 de
1835 1289 1987 1339 urbis
2015 1287 2395 1338 celeberrimae
2428 1289 2538 1337 situ
2562 1303 2681 1338 sen-

1596 1359 1849 1420 tentiam,
1886 1358 2028 1408 idem
2065 1357 2348 1421 probavit,
2385 1357 2680 1407 accedente

1594 1429 1881 1478 Mannerto
1932 1429 1987 1477 in
2036 1428 2235 1492 Geogr.
2282 1428 2348 1489 X,
2397 1428 2444 1476 1.
2483 1443 2534 1491 p.
2575 1426 2673 1477 481

1593 1514 1706 1563 seq.
1745 1498 1863 1548 535.
1938 1500 2011 1548 Et
2051 1501 2178 1546 ante
2218 1495 2678 1561 Champollionem

1595 1568 1870 1632 copiosius
1919 1567 2293 1617 disseruerunt
2338 1567 2484 1616 docti
2535 1565 2678 1618 Galli

1594 1636 1707 1701 illi,
1767 1651 1903 1702 quos
1952 1636 2241 1687 citavimus
2291 1635 2328 1686 l.
2379 1636 2415 1685 l.
2466 1650 2593 1700 pag.
2644 1635 2678 1685 9

1593 1722 1745 1771 seqq.
1768 1706 2028 1756 Larcberi
2063 1705 2398 1770 aliorumque
2423 1706 2679 1769 opinione

1590 1777 1811 1826 reiecta.
1893 1776 1978 1825 Tu
2023 1776 2136 1825 vid.
2180 1776 2521 1839 potissimum
2568 1774 2678 1823 He-

1590 1845 1708 1896 rod.
1766 1845 1853 1906 11,
1900 1846 1952 1896 9.
2048 1845 2313 1895 Graecum
2373 1842 2677 1908 Heliopolis

1588 1929 1783 1965 nornen
1804 1930 1923 1964 cum
1952 1914 2222 1978 Aegyptio
2244 1913 2535 1962 convenire
2551 1917 2679 1977 post

1590 1983 1869 2034 Iablonsk.
1941 1983 2174 2048 (Opusc.
2214 1984 2259 2032 1.
2300 1998 2353 2046 p.
2395 1982 2512 2033 184.
2556 1983 2676 2047 185)

1547 2052 1774 2102 *multis
1833 2051 2041 2117 placuit
2093 2052 2227 2101 viris
2280 2052 2458 2102 doctis
2508 2057 2563 2102 et
2619 2052 2676 2100 in

1588 2123 1674 2172 his
1738 2120 2133 2186 champollioni
2199 2120 2236 2172 1.
2294 2120 2330 2170 l.
2394 2137 2522 2186 pag.
2585 2120 2674 2172 40.

1591 2194 1684 2253 41,
1732 2193 1780 2240 si
1824 2192 2040 2257 quidem
2089 2190 2190 2252 On,
2250 2206 2359 2255 quo
2405 2189 2675 2240 vacabulo

1592 2261 1755 2312 etiam
1780 2261 1986 2326 Coptae
2009 2260 2197 2310 urbem
2215 2259 2546 2325 significant,
2576 2261 2675 2310 Ae-

1590 2331 1899 2395 gyptiorum
1935 2331 2122 2395 lingua
2139 2330 2363 2379 denotat
2392 2334 2565 2392 lucem,
2591 2345 2674 2378 so-

1589 2403 1700 2450 lem.
1776 2401 1843 2450 In
1881 2400 2025 2450 notis
2064 2399 2486 2464 hieroglyphicis
2523 2398 2675 2448 urbis

1587 2486 1780 2519 nomen
1817 2470 2074 2520 scribitur
2093 2468 2273 2518 ta-Ra
2309 2470 2427 2518 sive
2458 2467 2674 2530 pez-Ra,

1586 2539 1624 2588 i.
1665 2554 1713 2589 e.
1752 2539 1889 2590 S'olz's
1922 2540 2108 2588 domus.

1656 2598 1832 2655 ἐοῦσα
1877 2605 2032 2656 πᾶσα
2064 2596 2268 2670 ὑπτίη]
2306 2596 2501 2667 ὖπτιᾝη
2547 2604 2583 2654 i.
2623 2619 2670 2655 e.

1585 2680 1784 2740 sapificet
1814 2679 2005 2741 plana,
2045 2676 2367 2753 campestris,
2405 2675 2671 2736 depressa,

1586 2750 1808 2796 auctore
1829 2745 2025 2805 Suida,
2059 2745 2151 2810 qui
2184 2757 2361 2791 vurta
2390 2738 2561 2790 πεδία
2586 2758 2672 2792 ex-

1588 2816 1743 2878 ponit
1770 2807 1839 2863 τὰ
1863 2779 2061 2879 ὁμαλὰ,
2103 2812 2338 2877 indeque
2365 2810 2671 2876 Schweigb.

1589 2884 1665 2948 (in
1700 2884 1888 2934 Lexic.
1935 2883 2141 2933 Herod.
2191 2897 2237 2933 s.
2274 2879 2358 2944 ν.)
2402 2896 2510 2930 non
2560 2885 2673 2931 tam

1582 2957 1767 3016 supina
1804 2953 1957 3004 reddi
1990 2952 2139 3014 vult,
2181 2966 2372 3016 quam,
2410 2955 2471 3000 ut
2507 2950 2674 3001 adno-

1583 3027 1801 3073 taverat
1836 3025 1906 3074 H.
1947 3020 2284 3086 Stephanus,
2323 3021 2590 3083 depressa,
2617 3021 2673 3070 id

1586 3098 1670 3143 est
1715 3094 2037 3156 campestris,
2083 3107 2179 3141 non
2225 3098 2466 3141 montosa.
2541 3092 2673 3141 Lar-

1585 3162 1779 3211 cherus
1826 3162 2191 3212 Horatianum
2244 3159 2379 3210 illud
2434 3161 2669 3225 profert:

1582 3233 1810 3294 supinum
1860 3231 2032 3281 Tibur
2094 3229 2222 3292 (Od.
2273 3230 2389 3289 111,
2448 3230 2507 3290 4,
2559 3229 2670 3294 23),

1584 3301 1681 3350 sed
1714 3316 1934 3363 vereor,
1978 3306 2041 3349 ut
2088 3301 2219 3349 item
2268 3299 2334 3347 de
2368 3297 2533 3350 Delta
2570 3301 2673 3349 Ae-

1584 3370 1739 3435 gypti
1776 3370 1885 3419 dici
1922 3373 2104 3434 queat.
2181 3369 2363 3430 Quare
2394 3367 2558 3415 etiam
2582 3383 2669 3418 ac-

1583 3439 1773 3489 cedere
1809 3454 1918 3488 non
1956 3452 2177 3502 possum
2215 3438 2526 3486 Hermanno
2565 3437 2671 3484 Bo-

1582 3508 1743 3557 brik
1730 3524 1787 3556 in
1820 3507 2166 3588 Geographia
2192 3502 2455 3555 Herodot.
2490 3517 2544 3566 p.
2567 3505 2671 3555 206

1582 3576 1750 3626 verba
1806 3573 1960 3624 πᾶσα
2012 3569 2188 3639 ὑπτίη
2251 3574 2331 3621 sic
2389 3572 2667 3624 reddenti.

1581 3643 1828 3707 „iiberall
1900 3643 2180 3708 allmiihlig
2244 3641 2661 3705 aufsteigend“;

1580 3729 1814 3778 namque
1850 3712 2026 3762 solum
2072 3713 2231 3762 huius
2280 3710 2452 3773 partis
2488 3716 2668 3762 terrae

1581 3783 1889 3846 Aegyptiae
1935 3782 2012 3831 ita
2072 3779 2292 3845 planum
2349 3795 2468 3829 esse
2522 3781 2669 3830 inve-

1579 3852 1755 3913 nitur,
1796 3855 1857 3899 ut
1894 3865 2170 3915 nunquam
2200 3851 2255 3899 in
2282 3849 2447 3898 altius
2480 3866 2667 3900 ascen-

1578 3921 1692 3971 dat.

1648 3979 1921 4052 ἄνυδρος]
1948 3987 2251 4038 Larcherus
2288 3988 2477 4037 invitis
2511 3987 2666 4038 libris

1582 4057 1920 4108 scribendem
1980 4062 2165 4106 censet
2209 4047 2486 4120 ευυδρος,
2534 4059 2575 4109 i.
2617 4074 2666 4109 e.

1581 4132 1725 4192 aquis
1734 4128 1961 4206 iniqua,
1998 4124 2297 4191 laudatque
2317 4126 2411 4189 IV,
2452 4094 2538 4188 4’7,
2573 4127 2668 4176 ubi

1578 4212 1674 4261 pro
1694 4185 1939 4259 ευυὸρος
1965 4196 2080 4245 bini
2102 4196 2229 4246 hbn
2244 4165 2500 4256 ἔνυδρος
2523 4196 2668 4260 quod

1576 4266 1630 4315 h.
1666 4265 1703 4314 1.
1741 4266 2036 4329 repositum
2074 4266 2340 4316 maluerat
2380 4264 2666 4314 Hennicke

1576 4336 1633 4384 in
1676 4336 1973 4385 Comment.
2012 4335 2078 4384 de
2113 4336 2310 4398 Geogr.
2351 4333 2522 4383 Afric.
2558 4334 2666 4382 He-

1574 4405 1692 4458 rod.
1730 4420 1856 4472 pag.
1893 4404 1958 4455 64
1996 4405 2302 4474 probatque
2337 4404 2571 4457 Bredov.
2608 4415 2695 4472 μ’
