<?xml version="1.0" encoding="UTF-8"?>
<!DOCTYPE html PUBLIC "-//W3C//DTD XHTML 1.0 Transitional//EN"
    "http://www.w3.org/TR/xhtml1/DTD/xhtml1-transitional.dtd">
<html xmlns="http://www.w3.org/1999/xhtml" xml:lang="en" lang="en">
 <head>
  <title>
</title>
<meta http-equiv="Content-Type" content="text/html;charset=utf-8" />
  <meta name='ocr-system' content='tesseract 3.04.00' />
  <meta name='ocr-capabilities' content='ocr_page ocr_carea ocr_par ocr_line ocrx_word'/>
</head>
<body>
  <div class='ocr_page' id='page_1' title='image "./herodotihalicar02unkngoog_0215.png"; bbox 0 0 3109 5092; ppageno 0'>
   <div class='ocr_carea' id='block_1_1' title="bbox 1206 365 2656 436">
    <p class='ocr_par' dir='ltr' id='par_1_1' title="bbox 1206 365 2656 436">
     <span class='ocr_line' id='line_1_1' title="bbox 1206 365 2656 436; baseline 0.004 -10"><span class='ocrx_word' id='word_1_1' title='bbox 1206 365 1457 427; x_wconf 88' lang='lat' dir='ltr'><strong>CLIO.</strong></span> <span class='ocrx_word' id='word_1_2' title='bbox 1500 372 1552 431; x_wconf 93' lang='grc' dir='ltr'><strong>Ι.</strong></span> <span class='ocrx_word' id='word_1_3' title='bbox 1597 377 1687 436; x_wconf 84' lang='grc'><strong>88.</strong></span> <span class='ocrx_word' id='word_1_4' title='bbox 1731 374 1821 432; x_wconf 80' lang='grc'><strong>89.</strong></span> <span class='ocrx_word' id='word_1_5' title='bbox 2538 371 2656 432; x_wconf 87' lang='grc'><strong>195</strong></span> 
     </span>
    </p>
   </div>
   <div class='ocr_carea' id='block_1_2' title="bbox 382 538 2662 1766">
    <p class='ocr_par' dir='ltr' id='par_1_2' title="bbox 382 538 2662 1766">
     <span class='ocr_line' id='line_1_2' title="bbox 385 538 2658 633; baseline 0.003 -23"><span class='ocrx_word' id='word_1_6' title='bbox 385 540 462 610; x_wconf 73' lang='grc' dir='ltr'><strong>δὲ</strong></span> <span class='ocrx_word' id='word_1_7' title='bbox 521 539 828 626; x_wconf 65' lang='grc' dir='ltr'><strong><em>ἐπιμελὲς</em></strong></span> <span class='ocrx_word' id='word_1_8' title='bbox 885 541 1180 626; x_wconf 82' lang='grc' dir='ltr'><strong><em>ἐγένετο,</em></strong></span> <span class='ocrx_word' id='word_1_9' title='bbox 1237 538 1318 610; x_wconf 77' lang='grc' dir='ltr'><strong>τά</strong></span> <span class='ocrx_word' id='word_1_10' title='bbox 1362 550 1652 629; x_wconf 84' lang='grc' dir='ltr'><strong><em>Κροῖσος</em></strong></span> <span class='ocrx_word' id='word_1_11' title='bbox 1706 542 1888 611; x_wconf 82' lang='grc' dir='ltr'><strong><em>εἷπε·</em></strong></span> <span class='ocrx_word' id='word_1_12' title='bbox 1958 543 2533 633; x_wconf 76' lang='grc' dir='ltr'><strong><em>μεταστησάμενος</em></strong></span> <span class='ocrx_word' id='word_1_13' title='bbox 2581 546 2658 616; x_wconf 72' lang='grc' dir='ltr'><strong>δὲ</strong></span> 
     </span>
     <span class='ocr_line' id='line_1_3' title="bbox 385 640 2653 739; baseline 0.003 -26"><span class='ocrx_word' id='word_1_14' title='bbox 385 640 539 722; x_wconf 78' lang='grc' dir='ltr'><strong><em>τοὺς</em></strong></span> <span class='ocrx_word' id='word_1_15' title='bbox 575 641 859 725; x_wconf 82' lang='grc' dir='ltr'><strong><em>ἄλλους,</em></strong></span> <span class='ocrx_word' id='word_1_16' title='bbox 909 652 1123 730; x_wconf 75' lang='grc' dir='ltr'><strong><em>εἴρετο</em></strong></span> <span class='ocrx_word' id='word_1_17' title='bbox 1156 652 1486 732; x_wconf 82' lang='grc' dir='ltr'><strong><em>Κροῖσον,</em></strong></span> <span class='ocrx_word' id='word_1_18' title='bbox 1528 641 1567 714; x_wconf 81' lang='grc' dir='ltr'>ὅ</span> <span class='ocrx_word' id='word_1_19' title='bbox 1609 673 1670 714; x_wconf 92' lang='grc' dir='ltr'><strong><em>τι</em></strong></span> <span class='ocrx_word' id='word_1_20' title='bbox 1702 651 1772 715; x_wconf 76' lang='grc' dir='ltr'><strong><em>οἱ</em></strong></span> <span class='ocrx_word' id='word_1_21' title='bbox 1802 645 2055 739; x_wconf 74' lang='grc' dir='ltr'><strong><em>ἐνορῴη</em></strong></span> <span class='ocrx_word' id='word_1_22' title='bbox 2091 649 2166 715; x_wconf 84' lang='grc' dir='ltr'><strong>ἐν</strong></span> <span class='ocrx_word' id='word_1_23' title='bbox 2209 664 2380 718; x_wconf 84' lang='grc' dir='ltr'><strong><em>τοῖσι</em></strong></span> <span class='ocrx_word' id='word_1_24' title='bbox 2423 675 2653 719; x_wconf 80' lang='grc' dir='ltr'><strong><em>ποιευ-</em></strong></span> 
     </span>
     <span class='ocr_line' id='line_1_4' title="bbox 384 741 2652 837; baseline 0.002 -21"><span class='ocrx_word' id='word_1_25' title='bbox 384 748 664 835; x_wconf 79' lang='grc' dir='ltr'><strong><em>μένοισι.</em></strong></span> <span class='ocrx_word' id='word_1_26' title='bbox 721 741 758 814; x_wconf 86' lang='grc' dir='ltr'>ὁ</span> <span class='ocrx_word' id='word_1_27' title='bbox 795 745 870 814; x_wconf 73' lang='grc' dir='ltr'><strong>δὲ</strong></span> <span class='ocrx_word' id='word_1_28' title='bbox 912 744 1090 815; x_wconf 85' lang='grc' dir='ltr'><strong><em>εἷπε·</em></strong></span> <span class='ocrx_word' id='word_1_29' title='bbox 1131 743 1319 816; x_wconf 85' lang='grc' dir='ltr'><strong><em>Ἐπεί</em></strong></span> <span class='ocrx_word' id='word_1_30' title='bbox 1356 750 1434 816; x_wconf 81' lang='grc' dir='ltr'><strong><em>τέ</em></strong></span> <span class='ocrx_word' id='word_1_31' title='bbox 1471 775 1553 837; x_wconf 90' lang='grc' dir='ltr'><strong>με</strong></span> <span class='ocrx_word' id='word_1_32' title='bbox 1587 750 1739 818; x_wconf 83' lang='grc' dir='ltr'><strong><em>θεοὶ</em></strong></span> <span class='ocrx_word' id='word_1_33' title='bbox 1786 753 2053 818; x_wconf 77' lang='grc' dir='ltr'><strong><em>ἔδωκαν</em></strong></span> <span class='ocrx_word' id='word_1_34' title='bbox 2088 750 2336 820; x_wconf 81' lang='grc' dir='ltr'><strong><em>δοῦλόν</em></strong></span> <span class='ocrx_word' id='word_1_35' title='bbox 2370 771 2510 837; x_wconf 91' lang='grc' dir='ltr'><strong><em>σοι,</em></strong></span> <span class='ocrx_word' id='word_1_36' title='bbox 2550 757 2652 820; x_wconf 82' lang='grc' dir='ltr'><strong><em>δι-</em></strong></span> 
     </span>
     <span class='ocr_line' id='line_1_5' title="bbox 385 850 2658 946; baseline 0.002 -27"><span class='ocrx_word' id='word_1_37' title='bbox 385 853 584 935; x_wconf 73' lang='grc' dir='ltr'><strong><em>καιῶ,</em></strong></span> <span class='ocrx_word' id='word_1_38' title='bbox 644 858 713 918; x_wconf 75' lang='grc' dir='ltr'><strong>εἴ</strong></span> <span class='ocrx_word' id='word_1_39' title='bbox 763 876 824 917; x_wconf 93' lang='grc' dir='ltr'><strong><em>τι</em></strong></span> <span class='ocrx_word' id='word_1_40' title='bbox 872 850 1115 939; x_wconf 73' lang='grc' dir='ltr'><strong><em>ἐνορέω</em></strong></span> <span class='ocrx_word' id='word_1_41' title='bbox 1179 853 1418 936; x_wconf 88' lang='grc' dir='ltr'><strong><em>πλεόν,</em></strong></span> <span class='ocrx_word' id='word_1_42' title='bbox 1472 859 1828 939; x_wconf 85' lang='grc' dir='ltr'><strong><em>σημαίνειν</em></strong></span> <span class='ocrx_word' id='word_1_43' title='bbox 1884 872 2009 920; x_wconf 90' lang='grc' dir='ltr'><strong><em>σοι.</em></strong></span> <span class='ocrx_word' id='word_1_44' title='bbox 2104 856 2397 944; x_wconf 81' lang='grc' dir='ltr'><strong><em>Πέρσαι,</em></strong></span> <span class='ocrx_word' id='word_1_45' title='bbox 2446 853 2658 946; x_wconf 84' lang='grc' dir='ltr'><strong><em>φύσιν</em></strong></span> 
     </span>
     <span class='ocr_line' id='line_1_6' title="bbox 385 944 2660 1048; baseline 0.002 -27"><span class='ocrx_word' id='word_1_46' title='bbox 385 951 609 1032; x_wconf 81' lang='grc' dir='ltr'><strong><em>ἐόντες</em></strong></span> <span class='ocrx_word' id='word_1_47' title='bbox 643 947 989 1039; x_wconf 82' lang='grc' dir='ltr'><strong><em>ὑβρισταὶ,</em></strong></span> <span class='ocrx_word' id='word_1_48' title='bbox 1038 953 1165 1020; x_wconf 80' lang='grc' dir='ltr'><strong><em>εἰσὶ</em></strong></span> <span class='ocrx_word' id='word_1_49' title='bbox 1210 949 1598 1042; x_wconf 85' lang='grc' dir='ltr'><strong><em>ἀχρήματοι.</em></strong></span> <span class='ocrx_word' id='word_1_50' title='bbox 1652 948 1740 1042; x_wconf 81' lang='grc' dir='ltr'><strong>ἢν</strong></span> <span class='ocrx_word' id='word_1_51' title='bbox 1776 944 1874 1023; x_wconf 73' lang='grc' dir='ltr'><strong>ὧν</strong></span> <span class='ocrx_word' id='word_1_52' title='bbox 1909 951 1995 1023; x_wconf 82' lang='grc' dir='ltr'><strong><em>σύ</em></strong></span> <span class='ocrx_word' id='word_1_53' title='bbox 2032 956 2309 1037; x_wconf 81' lang='grc' dir='ltr'><strong><em>τούτους</em></strong></span> <span class='ocrx_word' id='word_1_54' title='bbox 2351 963 2660 1048; x_wconf 78' lang='grc' dir='ltr'><strong><em>περιΐδῃς</em></strong></span> 
     </span>
     <span class='ocr_line' id='line_1_7' title="bbox 387 1054 2660 1146; baseline 0.003 -23"><span class='ocrx_word' id='word_1_55' title='bbox 387 1054 882 1143; x_wconf 80' lang='grc' dir='ltr'><strong><em>διαρπάσαντας</em></strong></span> <span class='ocrx_word' id='word_1_56' title='bbox 935 1056 1046 1124; x_wconf 88' lang='grc' dir='ltr'><strong>καὶ</strong></span> <span class='ocrx_word' id='word_1_57' title='bbox 1082 1054 1529 1143; x_wconf 81' lang='grc' dir='ltr'><strong><em>κατασχόντας</em></strong></span> <span class='ocrx_word' id='word_1_58' title='bbox 1565 1056 1865 1146; x_wconf 84' lang='grc' dir='ltr'><strong><em>χρήματα</em></strong></span> <span class='ocrx_word' id='word_1_59' title='bbox 1897 1057 2186 1145; x_wconf 80' lang='grc' dir='ltr'><strong><em>μεγάλα,</em></strong></span> <span class='ocrx_word' id='word_1_60' title='bbox 2246 1059 2405 1128; x_wconf 87' lang='grc' dir='ltr'><strong><em>τάδε</em></strong></span> <span class='ocrx_word' id='word_1_61' title='bbox 2449 1087 2550 1129; x_wconf 86' lang='grc' dir='ltr'><strong>τοι</strong></span> <span class='ocrx_word' id='word_1_62' title='bbox 2593 1061 2660 1142; x_wconf 81' lang='grc' dir='ltr'><strong>ἐξ</strong></span> 
     </span>
     <span class='ocr_line' id='line_1_8' title="bbox 385 1154 2656 1250; baseline 0.002 -24"><span class='ocrx_word' id='word_1_63' title='bbox 385 1155 611 1227; x_wconf 78' lang='grc' dir='ltr'><strong><em>αὐτῶν</em></strong></span> <span class='ocrx_word' id='word_1_64' title='bbox 646 1159 918 1238; x_wconf 79' lang='grc' dir='ltr'><strong><em>ἐπίδοξα</em></strong></span> <span class='ocrx_word' id='word_1_65' title='bbox 946 1160 1264 1244; x_wconf 74' lang='grc' dir='ltr'><strong><em>γενέσθαι</em></strong></span> <span class='ocrx_word' id='word_1_66' title='bbox 1284 1181 1298 1194; x_wconf 90' lang='grc'><em>·</em></span> <span class='ocrx_word' id='word_1_67' title='bbox 1347 1154 1418 1240; x_wconf 80' lang='grc' dir='ltr'><strong>ὃς</strong></span> <span class='ocrx_word' id='word_1_68' title='bbox 1453 1154 1539 1229; x_wconf 72' lang='grc' dir='ltr'><strong>ἂν</strong></span> <span class='ocrx_word' id='word_1_69' title='bbox 1568 1156 1796 1229; x_wconf 74' lang='grc' dir='ltr'><strong><em>αὐτῶν</em></strong></span> <span class='ocrx_word' id='word_1_70' title='bbox 1825 1169 2103 1230; x_wconf 79' lang='grc' dir='ltr'><strong><em>πλεῖστα</em></strong></span> <span class='ocrx_word' id='word_1_71' title='bbox 2137 1160 2464 1250; x_wconf 78' lang='grc' dir='ltr'><strong><em>κατάσχῃ,</em></strong></span> <span class='ocrx_word' id='word_1_72' title='bbox 2500 1167 2656 1231; x_wconf 85' lang='grc' dir='ltr'><strong>τοῦ-</strong></span> 
     </span>
     <span class='ocr_line' id='line_1_9' title="bbox 382 1254 2659 1353; baseline 0.003 -25"><span class='ocrx_word' id='word_1_73' title='bbox 382 1288 502 1331; x_wconf 86' lang='grc' dir='ltr'><strong>τον</strong></span> <span class='ocrx_word' id='word_1_74' title='bbox 535 1263 1037 1349; x_wconf 73' lang='grc' dir='ltr'><strong><em>προσδέκεσθαί</em></strong></span> <span class='ocrx_word' id='word_1_75' title='bbox 1066 1289 1165 1329; x_wconf 92' lang='grc' dir='ltr'><strong>τοι</strong></span> <span class='ocrx_word' id='word_1_76' title='bbox 1197 1261 1844 1351; x_wconf 77' lang='grc' dir='ltr'><strong><em>ἐπαναστησόμενον.</em></strong></span> <span class='ocrx_word' id='word_1_77' title='bbox 1898 1269 2031 1333; x_wconf 85' lang='grc' dir='ltr'><strong>νῦν</strong></span> <span class='ocrx_word' id='word_1_78' title='bbox 2058 1254 2156 1333; x_wconf 68' lang='grc' dir='ltr'><strong>ὧν</strong></span> <span class='ocrx_word' id='word_1_79' title='bbox 2191 1257 2474 1353; x_wconf 85' lang='grc' dir='ltr'><strong><em>ποίησον</em></strong></span> <span class='ocrx_word' id='word_1_80' title='bbox 2502 1254 2659 1350; x_wconf 75' lang='grc' dir='ltr'><strong><em>ὦδε,</em></strong></span> 
     </span>
     <span class='ocr_line' id='line_1_10' title="bbox 384 1360 2662 1455; baseline 0.002 -23"><span class='ocrx_word' id='word_1_81' title='bbox 384 1374 456 1432; x_wconf 74' lang='grc' dir='ltr'><strong>εἴ</strong></span> <span class='ocrx_word' id='word_1_82' title='bbox 501 1391 603 1432; x_wconf 82' lang='grc' dir='ltr'><strong>τοι</strong></span> <span class='ocrx_word' id='word_1_83' title='bbox 647 1360 950 1450; x_wconf 73' lang='grc' dir='ltr'><strong><em>ἀρέσκει,</em></strong></span> <span class='ocrx_word' id='word_1_84' title='bbox 1003 1362 1085 1432; x_wconf 80' lang='grc' dir='ltr'><strong>τά</strong></span> <span class='ocrx_word' id='word_1_85' title='bbox 1127 1362 1259 1451; x_wconf 68' lang='grc' dir='ltr'><strong>ἐγώ</strong></span> <span class='ocrx_word' id='word_1_86' title='bbox 1314 1369 1511 1453; x_wconf 74' lang='grc' dir='ltr'><strong><em>λέγω.</em></strong></span> <span class='ocrx_word' id='word_1_87' title='bbox 1596 1365 1870 1436; x_wconf 75' lang='grc' dir='ltr'><strong><em>κάτισον</em></strong></span> <span class='ocrx_word' id='word_1_88' title='bbox 1902 1371 2042 1435; x_wconf 72' lang='grc' dir='ltr'><strong>τῶν</strong></span> <span class='ocrx_word' id='word_1_89' title='bbox 2095 1366 2503 1455; x_wconf 84' lang='grc' dir='ltr'><strong><em>δορυφόρων</em></strong></span> <span class='ocrx_word' id='word_1_90' title='bbox 2552 1368 2662 1436; x_wconf 82' lang='grc' dir='ltr'><strong><em>ἐπὶ</em></strong></span> 
     </span>
     <span class='ocr_line' id='line_1_11' title="bbox 385 1464 2658 1557; baseline 0.002 -22"><span class='ocrx_word' id='word_1_91' title='bbox 385 1464 632 1555; x_wconf 78' lang='grc' dir='ltr'><strong><em>πάσῃσι</em></strong></span> <span class='ocrx_word' id='word_1_92' title='bbox 673 1470 821 1556; x_wconf 80' lang='grc' dir='ltr'><strong><em>τῇσι</em></strong></span> <span class='ocrx_word' id='word_1_93' title='bbox 862 1465 1111 1555; x_wconf 81' lang='grc' dir='ltr'><strong><em>πύλῃσι</em></strong></span> <span class='ocrx_word' id='word_1_94' title='bbox 1154 1466 1535 1557; x_wconf 80' lang='grc' dir='ltr'><strong><em>φυλάκους,</em></strong></span> <span class='ocrx_word' id='word_1_95' title='bbox 1578 1475 1647 1538; x_wconf 83' lang='grc' dir='ltr'><strong><em>οἳ</em></strong></span> <span class='ocrx_word' id='word_1_96' title='bbox 1672 1468 2011 1556; x_wconf 80' lang='grc' dir='ltr'><strong><em>λεγόντων</em></strong></span> <span class='ocrx_word' id='word_1_97' title='bbox 2050 1468 2214 1556; x_wconf 84' lang='grc' dir='ltr'><strong><em>πρὸς</em></strong></span> <span class='ocrx_word' id='word_1_98' title='bbox 2261 1467 2416 1550; x_wconf 75' lang='grc' dir='ltr'><strong><em>τοὺς</em></strong></span> <span class='ocrx_word' id='word_1_99' title='bbox 2459 1471 2658 1557; x_wconf 63' lang='grc' dir='ltr'><strong><em>ἐκφέ-</em></strong></span> 
     </span>
     <span class='ocr_line' id='line_1_12' title="bbox 387 1565 2662 1659; baseline 0.002 -22"><span class='ocrx_word' id='word_1_100' title='bbox 387 1595 625 1657; x_wconf 84' lang='grc' dir='ltr'><strong><em>ροντας</em></strong></span> <span class='ocrx_word' id='word_1_101' title='bbox 681 1565 764 1637; x_wconf 76' lang='grc' dir='ltr'><strong>τά</strong></span> <span class='ocrx_word' id='word_1_102' title='bbox 803 1567 1102 1659; x_wconf 88' lang='grc' dir='ltr'><strong><em>χρήματα</em></strong></span> <span class='ocrx_word' id='word_1_103' title='bbox 1155 1566 1668 1659; x_wconf 85' lang='grc' dir='ltr'><strong><em>ἀπαιρεόμενοι,</em></strong></span> <span class='ocrx_word' id='word_1_104' title='bbox 1724 1567 1813 1650; x_wconf 70' lang='grc' dir='ltr'><strong>ὥς</strong></span> <span class='ocrx_word' id='word_1_105' title='bbox 1860 1591 2037 1658; x_wconf 88' lang='grc' dir='ltr'><strong><em>σφεα</em></strong></span> <span class='ocrx_word' id='word_1_106' title='bbox 2088 1568 2470 1659; x_wconf 79' lang='grc' dir='ltr'><strong><em>ἀναγκαίως</em></strong></span> <span class='ocrx_word' id='word_1_107' title='bbox 2527 1579 2662 1659; x_wconf 86' lang='grc' dir='ltr'><strong><em>ἔχει</em></strong></span> 
     </span>
     <span class='ocr_line' id='line_1_13' title="bbox 389 1670 2660 1766; baseline 0.001 -26"><span class='ocrx_word' id='word_1_108' title='bbox 389 1675 885 1759; x_wconf 80' lang='grc' dir='ltr'><strong><em>δεκατευθῆναι</em></strong></span> <span class='ocrx_word' id='word_1_109' title='bbox 937 1677 1029 1764; x_wconf 79' lang='grc' dir='ltr'><strong>τῷ</strong></span> <span class='ocrx_word' id='word_1_110' title='bbox 1073 1679 1213 1741; x_wconf 83' lang='grc' dir='ltr'><strong><em>Διΐ.</em></strong></span> <span class='ocrx_word' id='word_1_111' title='bbox 1300 1675 1411 1743; x_wconf 85' lang='grc' dir='ltr'><strong>καὶ</strong></span> <span class='ocrx_word' id='word_1_112' title='bbox 1453 1672 1541 1766; x_wconf 76' lang='grc' dir='ltr'><strong><em>σύ</em></strong></span> <span class='ocrx_word' id='word_1_113' title='bbox 1595 1675 1673 1744; x_wconf 79' lang='grc' dir='ltr'><strong><em>τέ</em></strong></span> <span class='ocrx_word' id='word_1_114' title='bbox 1706 1693 1829 1760; x_wconf 88' lang='grc' dir='ltr'><strong><em>σφι</em></strong></span> <span class='ocrx_word' id='word_1_115' title='bbox 1867 1670 1992 1742; x_wconf 83' lang='grc' dir='ltr'><strong><em>οὐκ</em></strong></span> <span class='ocrx_word' id='word_1_116' title='bbox 2033 1670 2487 1762; x_wconf 74' lang='grc' dir='ltr'><strong><em>ἀπεχθήσεαι,</em></strong></span> <span class='ocrx_word' id='word_1_117' title='bbox 2544 1681 2660 1763; x_wconf 79' lang='grc' dir='ltr'><strong>βίῃ</strong></span> 
     </span>
    </p>
   </div>
   <div class='ocr_carea' id='block_1_3' title="bbox 383 1836 1480 4235">
    <p class='ocr_par' dir='ltr' id='par_1_3' title="bbox 383 1836 1475 2728">
     <span class='ocr_line' id='line_1_14' title="bbox 385 1836 1473 1903; baseline 0.001 -16"><span class='ocrx_word' id='word_1_118' title='bbox 385 1837 487 1887; x_wconf 86' lang='lat' dir='ltr'><strong>bus</strong></span> <span class='ocrx_word' id='word_1_119' title='bbox 526 1836 840 1900; x_wconf 77' lang='lat' dir='ltr'><strong>tritissima,</strong></span> <span class='ocrx_word' id='word_1_120' title='bbox 887 1852 1048 1903; x_wconf 87' lang='lat' dir='ltr'><strong>quam</strong></span> <span class='ocrx_word' id='word_1_121' title='bbox 1097 1837 1263 1903; x_wconf 79' lang='lat' dir='ltr'><strong>vulgo</strong></span> <span class='ocrx_word' id='word_1_122' title='bbox 1309 1840 1473 1888; x_wconf 84' lang='lat' dir='ltr'><strong>inter-</strong></span> 
     </span>
     <span class='ocr_line' id='line_1_15' title="bbox 386 1898 1473 1973; baseline -0.001 -16"><span class='ocrx_word' id='word_1_123' title='bbox 386 1910 663 1972; x_wconf 88' lang='lat' dir='ltr'><strong>pretantes</strong></span> <span class='ocrx_word' id='word_1_124' title='bbox 689 1907 930 1969; x_wconf 80' lang='lat' dir='ltr'><strong>diripere,</strong></span> <span class='ocrx_word' id='word_1_125' title='bbox 956 1907 1220 1970; x_wconf 72' lang='lat' dir='ltr'><strong>praedam·</strong></span> <span class='ocrx_word' id='word_1_126' title='bbox 1254 1898 1340 1971; x_wconf 85' lang='grc' dir='ltr'><strong>(τὸ</strong></span> <span class='ocrx_word' id='word_1_127' title='bbox 1376 1907 1473 1973; x_wconf 83' lang='grc' dir='ltr'><strong>λῃ-</strong></span> 
     </span>
     <span class='ocr_line' id='line_1_16' title="bbox 387 1965 1473 2041; baseline 0.003 -17"><span class='ocrx_word' id='word_1_128' title='bbox 387 1967 605 2024; x_wconf 81' lang='grc' dir='ltr'><strong><em>στεύειν</em></strong></span> <span class='ocrx_word' id='word_1_129' title='bbox 633 1971 729 2024; x_wconf 81' lang='grc' dir='ltr'><strong>καὶ</strong></span> <span class='ocrx_word' id='word_1_130' title='bbox 753 1965 1067 2041; x_wconf 78' lang='grc' dir='ltr'><strong><em>ἁρπάζειν),</em></strong></span> <span class='ocrx_word' id='word_1_131' title='bbox 1100 1976 1330 2026; x_wconf 87' lang='lat' dir='ltr'><strong>alterum</strong></span> <span class='ocrx_word' id='word_1_132' title='bbox 1354 1992 1473 2027; x_wconf 81' lang='lat' dir='ltr'><strong>ver-</strong></span> 
     </span>
     <span class='ocr_line' id='line_1_17' title="bbox 383 2036 1473 2108; baseline 0 -14"><span class='ocrx_word' id='word_1_133' title='bbox 383 2046 513 2094; x_wconf 89' lang='lat' dir='ltr'><strong>bum</strong></span> <span class='ocrx_word' id='word_1_134' title='bbox 550 2044 618 2093; x_wconf 87' lang='lat' dir='ltr'><strong>ad</strong></span> <span class='ocrx_word' id='word_1_135' title='bbox 656 2036 724 2092; x_wconf 80' lang='grc' dir='ltr'><strong>τὰ</strong></span> <span class='ocrx_word' id='word_1_136' title='bbox 758 2037 1003 2108; x_wconf 68' lang='grc' dir='ltr'><strong><em>ἔμκψνχα,</em></strong></span> <span class='ocrx_word' id='word_1_137' title='bbox 1036 2044 1266 2096; x_wconf 86' lang='lat' dir='ltr'><strong>alterum</strong></span> <span class='ocrx_word' id='word_1_138' title='bbox 1301 2046 1371 2096; x_wconf 87' lang='lat' dir='ltr'><strong>ad</strong></span> <span class='ocrx_word' id='word_1_139' title='bbox 1403 2036 1473 2095; x_wconf 80' lang='grc' dir='ltr'><strong>τὰ</strong></span> 
     </span>
     <span class='ocr_line' id='line_1_18' title="bbox 383 2103 1472 2181; baseline 0 -18"><span class='ocrx_word' id='word_1_140' title='bbox 383 2103 581 2178; x_wconf 75' lang='grc' dir='ltr'><strong><em>ἄψυχα</em></strong></span> <span class='ocrx_word' id='word_1_141' title='bbox 615 2112 845 2163; x_wconf 88' lang='lat' dir='ltr'><strong>relatum</strong></span> <span class='ocrx_word' id='word_1_142' title='bbox 872 2112 1083 2166; x_wconf 80' lang='lat' dir='ltr'><strong>volunt.</strong></span> <span class='ocrx_word' id='word_1_143' title='bbox 1121 2116 1312 2181; x_wconf 82' lang='lat' dir='ltr'><strong>Neque</strong></span> <span class='ocrx_word' id='word_1_144' title='bbox 1342 2129 1472 2165; x_wconf 84' lang='lat' dir='ltr'><strong>vero</strong></span> 
     </span>
     <span class='ocr_line' id='line_1_19' title="bbox 384 2181 1474 2234; baseline 0 -2"><span class='ocrx_word' id='word_1_145' title='bbox 384 2183 488 2233; x_wconf 86' lang='lat' dir='ltr'><strong>hoc</strong></span> <span class='ocrx_word' id='word_1_146' title='bbox 550 2181 837 2233; x_wconf 77' lang='lat' dir='ltr'><strong>discrimen</strong></span> <span class='ocrx_word' id='word_1_147' title='bbox 906 2181 1087 2234; x_wconf 82' lang='lat' dir='ltr'><strong>ubivis</strong></span> <span class='ocrx_word' id='word_1_148' title='bbox 1157 2189 1474 2234; x_wconf 76' lang='lat' dir='ltr'>constanter</span> 
     </span>
     <span class='ocr_line' id='line_1_20' title="bbox 386 2240 1475 2316; baseline -0.001 -14"><span class='ocrx_word' id='word_1_149' title='bbox 386 2252 621 2314; x_wconf 83' lang='lat' dir='ltr'><strong>servari,</strong></span> <span class='ocrx_word' id='word_1_150' title='bbox 660 2256 715 2301; x_wconf 89' lang='lat' dir='ltr'><strong>et</strong></span> <span class='ocrx_word' id='word_1_151' title='bbox 749 2240 941 2316; x_wconf 76' lang='grc' dir='ltr'><strong><em>ἄγειν,</em></strong></span> <span class='ocrx_word' id='word_1_152' title='bbox 980 2252 1146 2302; x_wconf 88' lang='lat' dir='ltr'><strong>etiam</strong></span> <span class='ocrx_word' id='word_1_153' title='bbox 1201 2253 1267 2303; x_wconf 82' lang='lat' dir='ltr'><strong>de</strong></span> <span class='ocrx_word' id='word_1_154' title='bbox 1314 2254 1475 2304; x_wconf 89' lang='lat' dir='ltr'><strong>rebus</strong></span> 
     </span>
     <span class='ocr_line' id='line_1_21' title="bbox 387 2319 1475 2383; baseline 0 -13"><span class='ocrx_word' id='word_1_155' title='bbox 387 2321 698 2372; x_wconf 87' lang='lat' dir='ltr'><strong>inanimatis</strong></span> <span class='ocrx_word' id='word_1_156' title='bbox 747 2319 879 2383; x_wconf 88' lang='lat' dir='ltr'><strong>dici,</strong></span> <span class='ocrx_word' id='word_1_157' title='bbox 930 2321 998 2370; x_wconf 88' lang='lat' dir='ltr'><strong>ab</strong></span> <span class='ocrx_word' id='word_1_158' title='bbox 1049 2320 1171 2371; x_wconf 84' lang='lat' dir='ltr'><strong>aliis</strong></span> <span class='ocrx_word' id='word_1_159' title='bbox 1229 2323 1338 2372; x_wconf 83' lang='lat' dir='ltr'><strong>iam</strong></span> <span class='ocrx_word' id='word_1_160' title='bbox 1389 2325 1475 2372; x_wconf 89' lang='lat' dir='ltr'><strong>est</strong></span> 
     </span>
     <span class='ocr_line' id='line_1_22' title="bbox 385 2388 1474 2455; baseline -0.003 -13"><span class='ocrx_word' id='word_1_161' title='bbox 385 2391 666 2442; x_wconf 86' lang='lat' dir='ltr'><strong>monitum.</strong></span> <span class='ocrx_word' id='word_1_162' title='bbox 749 2388 873 2440; x_wconf 87' lang='lat' dir='ltr'><strong>Vid.</strong></span> <span class='ocrx_word' id='word_1_163' title='bbox 930 2405 1069 2455; x_wconf 84' lang='lat' dir='ltr'><strong>quae</strong></span> <span class='ocrx_word' id='word_1_164' title='bbox 1122 2389 1345 2441; x_wconf 79' lang='lat' dir='ltr'><strong>laudavi</strong></span> <span class='ocrx_word' id='word_1_165' title='bbox 1403 2389 1474 2441; x_wconf 91' lang='lat' dir='ltr'><strong>ad</strong></span> 
     </span>
     <span class='ocr_line' id='line_1_23' title="bbox 387 2457 1473 2523; baseline -0.002 -11"><span class='ocrx_word' id='word_1_166' title='bbox 387 2461 534 2512; x_wconf 88' lang='lat' dir='ltr'><strong>Plut.</strong></span> <span class='ocrx_word' id='word_1_167' title='bbox 570 2458 862 2510; x_wconf 83' lang='lat' dir='ltr'><strong>Flaminin.</strong></span> <span class='ocrx_word' id='word_1_168' title='bbox 908 2473 1036 2523; x_wconf 81' lang='lat' dir='ltr'><strong>pag.</strong></span> <span class='ocrx_word' id='word_1_169' title='bbox 1089 2457 1207 2511; x_wconf 84' lang='lat'><strong>116.</strong></span> <span class='ocrx_word' id='word_1_170' title='bbox 1266 2459 1369 2510; x_wconf 86' lang='lat'><strong>253</strong></span> <span class='ocrx_word' id='word_1_171' title='bbox 1417 2463 1473 2510; x_wconf 87' lang='lat' dir='ltr'><strong>et</strong></span> 
     </span>
     <span class='ocr_line' id='line_1_24' title="bbox 387 2527 1473 2593; baseline 0 -14"><span class='ocrx_word' id='word_1_172' title='bbox 387 2529 514 2579; x_wconf 77' lang='lat' dir='ltr'><strong>add.</strong></span> <span class='ocrx_word' id='word_1_173' title='bbox 552 2529 816 2593; x_wconf 83' lang='lat' dir='ltr'><strong>Krueger.</strong></span> <span class='ocrx_word' id='word_1_174' title='bbox 866 2527 925 2576; x_wconf 89' lang='lat' dir='ltr'><strong>in</strong></span> <span class='ocrx_word' id='word_1_175' title='bbox 958 2527 1130 2578; x_wconf 88' lang='lat' dir='ltr'><strong>Indic.</strong></span> <span class='ocrx_word' id='word_1_176' title='bbox 1181 2528 1250 2579; x_wconf 88' lang='lat' dir='ltr'><strong>ad</strong></span> <span class='ocrx_word' id='word_1_177' title='bbox 1295 2530 1473 2579; x_wconf 85' lang='lat' dir='ltr'><strong>Xeno-</strong></span> 
     </span>
     <span class='ocr_line' id='line_1_25' title="bbox 387 2595 1469 2663; baseline 0.001 -16"><span class='ocrx_word' id='word_1_178' title='bbox 387 2597 574 2663; x_wconf 87' lang='lat' dir='ltr'><strong>phont.</strong></span> <span class='ocrx_word' id='word_1_179' title='bbox 630 2595 872 2647; x_wconf 81' lang='lat' dir='ltr'><strong>Anabas.</strong></span> <span class='ocrx_word' id='word_1_180' title='bbox 931 2612 986 2661; x_wconf 88' lang='lat' dir='ltr'><strong>p.</strong></span> <span class='ocrx_word' id='word_1_181' title='bbox 1048 2598 1170 2647; x_wconf 77' lang='lat'><strong>454.</strong></span> <span class='ocrx_word' id='word_1_182' title='bbox 1231 2599 1366 2649; x_wconf 86' lang='lat' dir='ltr'><strong>Her.</strong></span> <span class='ocrx_word' id='word_1_183' title='bbox 1423 2598 1469 2661; x_wconf 89' lang='lat'><strong>1,</strong></span> 
     </span>
     <span class='ocr_line' id='line_1_26' title="bbox 392 2663 1345 2728; baseline 0 -12"><span class='ocrx_word' id='word_1_184' title='bbox 392 2668 508 2718; x_wconf 80' lang='lat'><strong>166.</strong></span> <span class='ocrx_word' id='word_1_185' title='bbox 537 2665 641 2728; x_wconf 90' lang='lat'><strong>111,</strong></span> <span class='ocrx_word' id='word_1_186' title='bbox 668 2665 756 2717; x_wconf 84' lang='lat'><strong>39.</strong></span> <span class='ocrx_word' id='word_1_187' title='bbox 781 2665 877 2728; x_wconf 86' lang='lat' dir='ltr'><strong>vl,</strong></span> <span class='ocrx_word' id='word_1_188' title='bbox 900 2667 989 2717; x_wconf 77' lang='lat'><strong>42.</strong></span> <span class='ocrx_word' id='word_1_189' title='bbox 1025 2663 1113 2716; x_wconf 83' lang='lat'><strong>90.</strong></span> <span class='ocrx_word' id='word_1_190' title='bbox 1133 2666 1231 2728; x_wconf 79' lang='lat' dir='ltr'><strong>IX,</strong></span> <span class='ocrx_word' id='word_1_191' title='bbox 1258 2666 1345 2718; x_wconf 82' lang='lat'><strong>31.</strong></span> 
     </span>
    </p>

    <p class='ocr_par' dir='ltr' id='par_1_4' title="bbox 385 2734 1480 4235">
     <span class='ocr_line' id='line_1_27' title="bbox 458 2734 1470 2799; baseline 0 -14"><span class='ocrx_word' id='word_1_192' title='bbox 458 2735 743 2785; x_wconf 79' lang='lat' dir='ltr'><strong>Caeterum</strong></span> <span class='ocrx_word' id='word_1_193' title='bbox 780 2734 923 2799; x_wconf 89' lang='lat' dir='ltr'><strong>quod</strong></span> <span class='ocrx_word' id='word_1_194' title='bbox 954 2734 1025 2784; x_wconf 90' lang='lat' dir='ltr'><strong>ad</strong></span> <span class='ocrx_word' id='word_1_195' title='bbox 1059 2736 1368 2786; x_wconf 78' lang='lat' dir='ltr'><strong>universam</strong></span> <span class='ocrx_word' id='word_1_196' title='bbox 1404 2734 1470 2785; x_wconf 87' lang='lat' dir='ltr'><strong>de</strong></span> 
     </span>
     <span class='ocr_line' id='line_1_28' title="bbox 389 2803 1472 2869; baseline -0.001 -15"><span class='ocrx_word' id='word_1_197' title='bbox 389 2804 589 2854; x_wconf 83' lang='lat' dir='ltr'><strong>Croeso</strong></span> <span class='ocrx_word' id='word_1_198' title='bbox 618 2807 779 2869; x_wconf 87' lang='lat' dir='ltr'><strong>capto</strong></span> <span class='ocrx_word' id='word_1_199' title='bbox 816 2803 1059 2869; x_wconf 87' lang='lat' dir='ltr'><strong>beneque</strong></span> <span class='ocrx_word' id='word_1_200' title='bbox 1087 2809 1323 2855; x_wconf 86' lang='lat' dir='ltr'><strong>tractato</strong></span> <span class='ocrx_word' id='word_1_201' title='bbox 1349 2820 1472 2854; x_wconf 89' lang='lat' dir='ltr'><strong>nar-</strong></span> 
     </span>
     <span class='ocr_line' id='line_1_29' title="bbox 387 2872 1473 2934; baseline -0.001 -10"><span class='ocrx_word' id='word_1_202' title='bbox 387 2874 654 2924; x_wconf 77' lang='lat' dir='ltr'><strong>rationem</strong></span> <span class='ocrx_word' id='word_1_203' title='bbox 698 2872 926 2934; x_wconf 82' lang='lat' dir='ltr'><strong>attinet,</strong></span> <span class='ocrx_word' id='word_1_204' title='bbox 977 2875 1251 2924; x_wconf 81' lang='lat' dir='ltr'><strong>consentit</strong></span> <span class='ocrx_word' id='word_1_205' title='bbox 1289 2873 1473 2925; x_wconf 84' lang='lat' dir='ltr'><strong>hacte-</strong></span> 
     </span>
     <span class='ocr_line' id='line_1_30' title="bbox 387 2938 1469 3008; baseline 0.001 -15"><span class='ocrx_word' id='word_1_206' title='bbox 387 2959 490 2993; x_wconf 88' lang='lat' dir='ltr'><strong>nus</strong></span> <span class='ocrx_word' id='word_1_207' title='bbox 526 2941 739 2992; x_wconf 87' lang='lat' dir='ltr'><strong>Ctesias</strong></span> <span class='ocrx_word' id='word_1_208' title='bbox 789 2938 1048 3006; x_wconf 82' lang='lat' dir='ltr'><strong>(Persice.</strong></span> <span class='ocrx_word' id='word_1_209' title='bbox 1095 2944 1375 3008; x_wconf 83' lang='lat' dir='ltr'><strong>Excerptt.</strong></span> <span class='ocrx_word' id='word_1_210' title='bbox 1418 2946 1469 3006; x_wconf 72' lang='lat'><strong>§-</strong></span> 
     </span>
     <span class='ocr_line' id='line_1_31' title="bbox 389 3009 1472 3078; baseline 0 -15"><span class='ocrx_word' id='word_1_211' title='bbox 389 3013 488 3076; x_wconf 79' lang='grc'><strong><em>4.),</em></strong></span> <span class='ocrx_word' id='word_1_212' title='bbox 518 3010 661 3078; x_wconf 89' lang='lat' dir='ltr'><strong>quod</strong></span> <span class='ocrx_word' id='word_1_213' title='bbox 696 3013 821 3075; x_wconf 88' lang='lat' dir='ltr'><strong>post</strong></span> <span class='ocrx_word' id='word_1_214' title='bbox 856 3009 1173 3060; x_wconf 76' lang='lat' dir='ltr'><strong>miraculum</strong></span> <span class='ocrx_word' id='word_1_215' title='bbox 1195 3013 1251 3062; x_wconf 89' lang='lat' dir='ltr'><strong>in</strong></span> <span class='ocrx_word' id='word_1_216' title='bbox 1271 3012 1472 3063; x_wconf 87' lang='lat' dir='ltr'><strong>Croeso</strong></span> 
     </span>
     <span class='ocr_line' id='line_1_32' title="bbox 387 3078 1478 3142; baseline 0.001 -11"><span class='ocrx_word' id='word_1_217' title='bbox 387 3080 666 3132; x_wconf 88' lang='lat' dir='ltr'><strong>liberando</strong></span> <span class='ocrx_word' id='word_1_218' title='bbox 700 3078 929 3142; x_wconf 81' lang='lat' dir='ltr'><strong>editum,</strong></span> <span class='ocrx_word' id='word_1_219' title='bbox 977 3079 1204 3130; x_wconf 86' lang='lat' dir='ltr'><strong>eundem</strong></span> <span class='ocrx_word' id='word_1_220' title='bbox 1251 3085 1314 3131; x_wconf 81' lang='lat' dir='ltr'><strong>et</strong></span> <span class='ocrx_word' id='word_1_221' title='bbox 1339 3082 1478 3132; x_wconf 91' lang='lat' dir='ltr'><strong>bene</strong></span> 
     </span>
     <span class='ocr_line' id='line_1_33' title="bbox 390 3147 1480 3216; baseline 0 -16"><span class='ocrx_word' id='word_1_222' title='bbox 390 3166 425 3200; x_wconf 78' lang='lat' dir='ltr'><strong>a</strong></span> <span class='ocrx_word' id='word_1_223' title='bbox 459 3150 598 3216; x_wconf 78' lang='lat' dir='ltr'><strong>Cyro</strong></span> <span class='ocrx_word' id='word_1_224' title='bbox 637 3147 839 3199; x_wconf 86' lang='lat' dir='ltr'><strong>cultum</strong></span> <span class='ocrx_word' id='word_1_225' title='bbox 873 3147 1041 3199; x_wconf 80' lang='lat' dir='ltr'><strong>refert</strong></span> <span class='ocrx_word' id='word_1_226' title='bbox 1095 3154 1150 3198; x_wconf 89' lang='lat' dir='ltr'><strong>et</strong></span> <span class='ocrx_word' id='word_1_227' title='bbox 1196 3156 1480 3214; x_wconf 83' lang='lat' dir='ltr'><strong>praeterea</strong></span> 
     </span>
     <span class='ocr_line' id='line_1_34' title="bbox 386 3217 1476 3284; baseline -0.001 -14"><span class='ocrx_word' id='word_1_228' title='bbox 386 3221 634 3270; x_wconf 85' lang='lat' dir='ltr'><strong>Barenen</strong></span> <span class='ocrx_word' id='word_1_229' title='bbox 669 3217 964 3282; x_wconf 87' lang='lat' dir='ltr'><strong>accepisse,</strong></span> <span class='ocrx_word' id='word_1_230' title='bbox 1000 3217 1188 3267; x_wconf 91' lang='lat' dir='ltr'><strong>urbem</strong></span> <span class='ocrx_word' id='word_1_231' title='bbox 1222 3233 1476 3284; x_wconf 82' lang='lat' dir='ltr'><strong>magnam</strong></span> 
     </span>
     <span class='ocr_line' id='line_1_35' title="bbox 388 3286 1477 3354; baseline 0.001 -17"><span class='ocrx_word' id='word_1_232' title='bbox 388 3304 554 3354; x_wconf 82' lang='lat' dir='ltr'><strong>prope</strong></span> <span class='ocrx_word' id='word_1_233' title='bbox 582 3287 888 3338; x_wconf 80' lang='lat' dir='ltr'><strong>Ecbatana.</strong></span> <span class='ocrx_word' id='word_1_234' title='bbox 920 3286 1075 3348; x_wconf 80' lang='lat' dir='ltr'><strong>Quae</strong></span> <span class='ocrx_word' id='word_1_235' title='bbox 1103 3286 1290 3337; x_wconf 86' lang='lat' dir='ltr'><strong>eadem</strong></span> <span class='ocrx_word' id='word_1_236' title='bbox 1309 3288 1477 3339; x_wconf 81' lang='lat' dir='ltr'><strong>Barce</strong></span> 
     </span>
     <span class='ocr_line' id='line_1_36' title="bbox 390 3354 1475 3423; baseline -0.002 -15"><span class='ocrx_word' id='word_1_237' title='bbox 390 3356 695 3423; x_wconf 84' lang='lat' dir='ltr'><strong>appellatur</strong></span> <span class='ocrx_word' id='word_1_238' title='bbox 730 3370 764 3405; x_wconf 90' lang='lat' dir='ltr'><strong>a</strong></span> <span class='ocrx_word' id='word_1_239' title='bbox 798 3354 1009 3405; x_wconf 90' lang='lat' dir='ltr'><strong>Iustino</strong></span> <span class='ocrx_word' id='word_1_240' title='bbox 1053 3355 1104 3417; x_wconf 92' lang='lat' dir='ltr'><strong>I,</strong></span> <span class='ocrx_word' id='word_1_241' title='bbox 1143 3356 1216 3420; x_wconf 89' lang='lat'><strong>7.‚</strong></span> <span class='ocrx_word' id='word_1_242' title='bbox 1246 3358 1338 3423; x_wconf 88' lang='lat' dir='ltr'><strong>qui</strong></span> <span class='ocrx_word' id='word_1_243' title='bbox 1375 3371 1475 3406; x_wconf 85' lang='lat' dir='ltr'><strong>sua</strong></span> 
     </span>
     <span class='ocr_line' id='line_1_37' title="bbox 389 3424 1474 3488; baseline -0.002 -11"><span class='ocrx_word' id='word_1_244' title='bbox 389 3429 575 3478; x_wconf 82' lang='lat' dir='ltr'><strong>forsan</strong></span> <span class='ocrx_word' id='word_1_245' title='bbox 612 3441 678 3476; x_wconf 88' lang='lat' dir='ltr'><strong>ex</strong></span> <span class='ocrx_word' id='word_1_246' title='bbox 715 3425 835 3488; x_wconf 88' lang='lat' dir='ltr'><strong>ipso</strong></span> <span class='ocrx_word' id='word_1_247' title='bbox 872 3424 1076 3486; x_wconf 88' lang='lat' dir='ltr'><strong>Ctesia,</strong></span> <span class='ocrx_word' id='word_1_248' title='bbox 1116 3429 1179 3475; x_wconf 87' lang='lat' dir='ltr'><strong>ut</strong></span> <span class='ocrx_word' id='word_1_249' title='bbox 1224 3429 1310 3475; x_wconf 83' lang='lat' dir='ltr'><strong>tot</strong></span> <span class='ocrx_word' id='word_1_250' title='bbox 1346 3426 1474 3488; x_wconf 83' lang='lat' dir='ltr'><strong>alia,</strong></span> 
     </span>
     <span class='ocr_line' id='line_1_38' title="bbox 390 3492 1477 3557; baseline -0.002 -11"><span class='ocrx_word' id='word_1_251' title='bbox 390 3496 672 3546; x_wconf 85' lang='lat' dir='ltr'><strong>desumsit.</strong></span> <span class='ocrx_word' id='word_1_252' title='bbox 735 3492 877 3554; x_wconf 82' lang='lat' dir='ltr'><strong>Quin</strong></span> <span class='ocrx_word' id='word_1_253' title='bbox 914 3494 1270 3557; x_wconf 75' lang='lat' dir='ltr'><strong>Symmachus</strong></span> <span class='ocrx_word' id='word_1_254' title='bbox 1310 3494 1477 3544; x_wconf 87' lang='lat' dir='ltr'><strong>Chro-</strong></span> 
     </span>
     <span class='ocr_line' id='line_1_39' title="bbox 389 3559 1476 3629; baseline -0.003 -14"><span class='ocrx_word' id='word_1_255' title='bbox 389 3563 654 3629; x_wconf 75' lang='lat' dir='ltr'><strong>nograpb.</strong></span> <span class='ocrx_word' id='word_1_256' title='bbox 687 3577 741 3626; x_wconf 88' lang='lat' dir='ltr'><strong>p.</strong></span> <span class='ocrx_word' id='word_1_257' title='bbox 781 3559 881 3612; x_wconf 85' lang='lat'><strong>188</strong></span> <span class='ocrx_word' id='word_1_258' title='bbox 906 3562 973 3612; x_wconf 82' lang='lat' dir='ltr'><strong>A.</strong></span> <span class='ocrx_word' id='word_1_259' title='bbox 1004 3562 1264 3614; x_wconf 83' lang='lat' dir='ltr'><strong>Croesum</strong></span> <span class='ocrx_word' id='word_1_260' title='bbox 1284 3564 1476 3628; x_wconf 85' lang='lat' dir='ltr'><strong>aCyro</strong></span> 
     </span>
     <span class='ocr_line' id='line_1_40' title="bbox 389 3631 1479 3697; baseline -0.003 -13"><span class='ocrx_word' id='word_1_261' title='bbox 389 3634 560 3684; x_wconf 79' lang='lat' dir='ltr'><strong>tradit</strong></span> <span class='ocrx_word' id='word_1_262' title='bbox 595 3632 706 3682; x_wconf 88' lang='lat' dir='ltr'><strong>filio</strong></span> <span class='ocrx_word' id='word_1_263' title='bbox 744 3645 843 3680; x_wconf 91' lang='lat' dir='ltr'><strong>suo</strong></span> <span class='ocrx_word' id='word_1_264' title='bbox 882 3631 1144 3696; x_wconf 78' lang='lat' dir='ltr'><strong>Cambysi</strong></span> <span class='ocrx_word' id='word_1_265' title='bbox 1181 3638 1243 3683; x_wconf 84' lang='lat' dir='ltr'><strong>ut</strong></span> <span class='ocrx_word' id='word_1_266' title='bbox 1279 3633 1479 3697; x_wconf 85' lang='lat' dir='ltr'><strong>paeda-</strong></span> 
     </span>
     <span class='ocr_line' id='line_1_41' title="bbox 387 3699 1478 3769; baseline -0.003 -16"><span class='ocrx_word' id='word_1_267' title='bbox 387 3717 590 3769; x_wconf 77' lang='lat' dir='ltr'><strong>gogum</strong></span> <span class='ocrx_word' id='word_1_268' title='bbox 615 3699 952 3766; x_wconf 86' lang='lat' dir='ltr'><strong>praefectum</strong></span> <span class='ocrx_word' id='word_1_269' title='bbox 976 3715 1114 3751; x_wconf 88' lang='lat' dir='ltr'><strong>esse.</strong></span> <span class='ocrx_word' id='word_1_270' title='bbox 1150 3702 1310 3752; x_wconf 83' lang='lat' dir='ltr'><strong>Conf.</strong></span> <span class='ocrx_word' id='word_1_271' title='bbox 1337 3717 1478 3767; x_wconf 83' lang='lat' dir='ltr'><strong>quae</strong></span> 
     </span>
     <span class='ocr_line' id='line_1_42' title="bbox 387 3767 1478 3834; baseline 0 -13"><span class='ocrx_word' id='word_1_272' title='bbox 387 3772 534 3822; x_wconf 84' lang='lat' dir='ltr'><strong>infra</strong></span> <span class='ocrx_word' id='word_1_273' title='bbox 566 3771 673 3832; x_wconf 88' lang='lat'><strong>111,</strong></span> <span class='ocrx_word' id='word_1_274' title='bbox 726 3768 793 3818; x_wconf 89' lang='grc'><strong>14</strong></span> <span class='ocrx_word' id='word_1_275' title='bbox 829 3784 876 3818; x_wconf 92' lang='lat' dir='ltr'><strong>c.</strong></span> <span class='ocrx_word' id='word_1_276' title='bbox 922 3767 1017 3820; x_wconf 88' lang='lat' dir='ltr'><strong>fin.</strong></span> <span class='ocrx_word' id='word_1_277' title='bbox 1064 3767 1336 3834; x_wconf 80' lang='lat' dir='ltr'><strong>leguntur.</strong></span> <span class='ocrx_word' id='word_1_278' title='bbox 1393 3772 1478 3821; x_wconf 89' lang='lat' dir='ltr'><strong>De</strong></span> 
     </span>
     <span class='ocr_line' id='line_1_43' title="bbox 388 3835 1478 3905; baseline -0.003 -14"><span class='ocrx_word' id='word_1_279' title='bbox 388 3839 674 3905; x_wconf 88' lang='lat' dir='ltr'><strong>colloquio,</strong></span> <span class='ocrx_word' id='word_1_280' title='bbox 715 3835 874 3902; x_wconf 85' lang='lat' dir='ltr'><strong>quale</strong></span> <span class='ocrx_word' id='word_1_281' title='bbox 909 3836 998 3886; x_wconf 87' lang='lat' dir='ltr'><strong>hic</strong></span> <span class='ocrx_word' id='word_1_282' title='bbox 1039 3837 1181 3888; x_wconf 89' lang='lat' dir='ltr'><strong>inter</strong></span> <span class='ocrx_word' id='word_1_283' title='bbox 1218 3840 1478 3890; x_wconf 83' lang='lat' dir='ltr'><strong>Croesum</strong></span> 
     </span>
     <span class='ocr_line' id='line_1_44' title="bbox 387 3905 1478 3974; baseline -0.002 -14"><span class='ocrx_word' id='word_1_284' title='bbox 387 3915 554 3974; x_wconf 87' lang='lat' dir='ltr'><strong>atque</strong></span> <span class='ocrx_word' id='word_1_285' title='bbox 591 3908 792 3973; x_wconf 81' lang='lat' dir='ltr'><strong>Cyrum</strong></span> <span class='ocrx_word' id='word_1_286' title='bbox 833 3905 1169 3969; x_wconf 79' lang='lat' dir='ltr'><strong>instituitur,</strong></span> <span class='ocrx_word' id='word_1_287' title='bbox 1217 3909 1296 3958; x_wconf 92' lang='lat' dir='ltr'><strong>nil</strong></span> <span class='ocrx_word' id='word_1_288' title='bbox 1331 3906 1478 3973; x_wconf 87' lang='lat' dir='ltr'><strong>apud</strong></span> 
     </span>
     <span class='ocr_line' id='line_1_45' title="bbox 385 3973 1480 4043; baseline -0.001 -14"><span class='ocrx_word' id='word_1_289' title='bbox 385 3979 553 4029; x_wconf 87' lang='lat' dir='ltr'><strong>hosce</strong></span> <span class='ocrx_word' id='word_1_290' title='bbox 617 3975 912 4039; x_wconf 85' lang='lat' dir='ltr'><strong>scriptores</strong></span> <span class='ocrx_word' id='word_1_291' title='bbox 972 3973 1231 4039; x_wconf 86' lang='lat' dir='ltr'><strong>legimus;</strong></span> <span class='ocrx_word' id='word_1_292' title='bbox 1295 3993 1480 4043; x_wconf 85' lang='lat' dir='ltr'><strong>quam-</strong></span> 
     </span>
     <span class='ocr_line' id='line_1_46' title="bbox 390 4043 1478 4113; baseline 0 -16"><span class='ocrx_word' id='word_1_293' title='bbox 390 4063 552 4113; x_wconf 84' lang='lat' dir='ltr'><strong>quam</strong></span> <span class='ocrx_word' id='word_1_294' title='bbox 598 4043 839 4097; x_wconf 86' lang='lat' dir='ltr'><strong>Ctesiam</strong></span> <span class='ocrx_word' id='word_1_295' title='bbox 887 4043 1106 4094; x_wconf 89' lang='lat' dir='ltr'><strong>uberius</strong></span> <span class='ocrx_word' id='word_1_296' title='bbox 1153 4043 1219 4096; x_wconf 93' lang='lat' dir='ltr'><strong>de</strong></span> <span class='ocrx_word' id='word_1_297' title='bbox 1267 4045 1354 4096; x_wconf 85' lang='lat' dir='ltr'><strong>his</strong></span> <span class='ocrx_word' id='word_1_298' title='bbox 1397 4063 1478 4097; x_wconf 91' lang='lat' dir='ltr'><strong>re-</strong></span> 
     </span>
     <span class='ocr_line' id='line_1_47' title="bbox 387 4111 1476 4180; baseline -0.003 -12"><span class='ocrx_word' id='word_1_299' title='bbox 387 4117 491 4168; x_wconf 91' lang='lat' dir='ltr'><strong>bus</strong></span> <span class='ocrx_word' id='word_1_300' title='bbox 523 4116 581 4165; x_wconf 90' lang='lat' dir='ltr'><strong>in</strong></span> <span class='ocrx_word' id='word_1_301' title='bbox 615 4111 895 4179; x_wconf 86' lang='lat' dir='ltr'><strong>deperdita</strong></span> <span class='ocrx_word' id='word_1_302' title='bbox 936 4112 1169 4164; x_wconf 87' lang='lat' dir='ltr'><strong>historia</strong></span> <span class='ocrx_word' id='word_1_303' title='bbox 1204 4115 1476 4180; x_wconf 85' lang='lat' dir='ltr'><strong>retulisse,</strong></span> 
     </span>
     <span class='ocr_line' id='line_1_48' title="bbox 389 4184 899 4235; baseline -0.008 0"><span class='ocrx_word' id='word_1_304' title='bbox 389 4184 614 4235; x_wconf 88' lang='lat' dir='ltr'><strong>dubium</strong></span> <span class='ocrx_word' id='word_1_305' title='bbox 649 4197 758 4233; x_wconf 89' lang='lat' dir='ltr'><strong>non</strong></span> <span class='ocrx_word' id='word_1_306' title='bbox 796 4186 899 4232; x_wconf 79' lang='lat' dir='ltr'><strong>est.</strong></span> 
     </span>
    </p>
   </div>
   <div class='ocr_carea' id='block_1_4' title="bbox 461 4302 1484 4456">
    <p class='ocr_par' dir='ltr' id='par_1_5' title="bbox 461 4302 1484 4456">
     <span class='ocr_line' id='line_1_49' title="bbox 700 4302 1176 4355; baseline 0.004 -3"><span class='ocrx_word' id='word_1_307' title='bbox 700 4302 834 4355; x_wconf 70' lang='lat' dir='ltr'><strong>Cu».</strong></span> <span class='ocrx_word' id='word_1_308' title='bbox 871 4303 1176 4354; x_wconf 84' lang='lat' dir='ltr'>LXXXIX.</span> 
     </span>
     <span class='ocr_line' id='line_1_50' title="bbox 461 4377 1484 4456; baseline -0.001 -19"><span class='ocrx_word' id='word_1_309' title='bbox 461 4377 637 4456; x_wconf 78' lang='grc' dir='ltr'><strong><em>Κύρῳ</em></strong></span> <span class='ocrx_word' id='word_1_310' title='bbox 686 4383 750 4438; x_wconf 79' lang='grc' dir='ltr'><strong>δὲ</strong></span> <span class='ocrx_word' id='word_1_311' title='bbox 806 4380 1077 4453; x_wconf 68' lang='grc' dir='ltr'><strong><em>ἐπιμελὲς</em></strong></span> <span class='ocrx_word' id='word_1_312' title='bbox 1131 4380 1346 4453; x_wconf 55' lang='lat' dir='ltr'><strong>&amp;hero</strong></span> <span class='ocrx_word' id='word_1_313' title='bbox 1403 4377 1484 4436; x_wconf 75' lang='grc' dir='ltr'><strong>τὰ</strong></span> 
     </span>
    </p>
   </div>
   <div class='ocr_carea' id='block_1_5' title="bbox 1572 1830 2671 4449">
    <p class='ocr_par' dir='ltr' id='par_1_6' title="bbox 1572 1830 2663 2250">
     <span class='ocr_line' id='line_1_51' title="bbox 1572 1830 2661 1904; baseline 0 -15"><span class='ocrx_word' id='word_1_314' title='bbox 1572 1839 1826 1903; x_wconf 77' lang='grc' dir='ltr'><strong><em>Κροῖσος</em></strong></span> <span class='ocrx_word' id='word_1_315' title='bbox 1864 1830 2011 1904; x_wconf 81' lang='grc' dir='ltr'><strong><em>εἷπε]</em></strong></span> <span class='ocrx_word' id='word_1_316' title='bbox 2049 1840 2196 1890; x_wconf 82' lang='lat' dir='ltr'><strong>Nota</strong></span> <span class='ocrx_word' id='word_1_317' title='bbox 2240 1841 2450 1890; x_wconf 85' lang='lat' dir='ltr'><strong>numeri</strong></span> <span class='ocrx_word' id='word_1_318' title='bbox 2483 1855 2661 1903; x_wconf 85' lang='lat' dir='ltr'><strong>usum,</strong></span> 
     </span>
     <span class='ocr_line' id='line_1_52' title="bbox 1574 1902 2663 1974; baseline 0.001 -17"><span class='ocrx_word' id='word_1_319' title='bbox 1574 1908 1669 1957; x_wconf 91' lang='lat' dir='ltr'><strong>ubi</strong></span> <span class='ocrx_word' id='word_1_320' title='bbox 1702 1912 1828 1971; x_wconf 87' lang='lat' dir='ltr'><strong>post</strong></span> <span class='ocrx_word' id='word_1_321' title='bbox 1851 1907 2179 1972; x_wconf 77' lang='lat' dir='ltr'><strong>singularem</strong></span> <span class='ocrx_word' id='word_1_322' title='bbox 2203 1902 2511 1974; x_wconf 73' lang='grc' dir='ltr'><strong><em>(ἐπιμελὲς)</em></strong></span> <span class='ocrx_word' id='word_1_323' title='bbox 2540 1910 2663 1958; x_wconf 89' lang='lat' dir='ltr'><strong>sub-</strong></span> 
     </span>
     <span class='ocr_line' id='line_1_53' title="bbox 1572 1969 2661 2042; baseline 0.002 -16"><span class='ocrx_word' id='word_1_324' title='bbox 1572 1978 1651 2026; x_wconf 93' lang='lat' dir='ltr'><strong>ito</strong></span> <span class='ocrx_word' id='word_1_325' title='bbox 1690 1976 1992 2027; x_wconf 84' lang='lat' dir='ltr'><strong>invenimus</strong></span> <span class='ocrx_word' id='word_1_326' title='bbox 2031 1976 2293 2041; x_wconf 82' lang='lat' dir='ltr'><strong>pluralem</strong></span> <span class='ocrx_word' id='word_1_327' title='bbox 2331 1969 2434 2040; x_wconf 81' lang='grc' dir='ltr'><strong><em>τὰ,</em></strong></span> <span class='ocrx_word' id='word_1_328' title='bbox 2469 1977 2661 2042; x_wconf 88' lang='lat' dir='ltr'><strong>dequo</strong></span> 
     </span>
     <span class='ocr_line' id='line_1_54' title="bbox 1574 2045 2662 2112; baseline 0 -16"><span class='ocrx_word' id='word_1_329' title='bbox 1574 2045 1773 2096; x_wconf 79' lang='lat' dir='ltr'><strong>Matth.</strong></span> <span class='ocrx_word' id='word_1_330' title='bbox 1826 2045 1875 2108; x_wconf 68' lang='lat'><strong>§-</strong></span> <span class='ocrx_word' id='word_1_331' title='bbox 1924 2046 2047 2097; x_wconf 82' lang='lat'><strong>437.</strong></span> <span class='ocrx_word' id='word_1_332' title='bbox 2094 2051 2209 2098; x_wconf 90' lang='lat' dir='ltr'><strong>not.</strong></span> <span class='ocrx_word' id='word_1_333' title='bbox 2252 2046 2305 2098; x_wconf 87' lang='lat'><strong>3.</strong></span> <span class='ocrx_word' id='word_1_334' title='bbox 2360 2062 2486 2112; x_wconf 85' lang='lat' dir='ltr'><strong>pag.</strong></span> <span class='ocrx_word' id='word_1_335' title='bbox 2540 2046 2662 2097; x_wconf 84' lang='lat'><strong>818.</strong></span> 
     </span>
     <span class='ocr_line' id='line_1_55' title="bbox 1573 2116 2663 2167; baseline -0.001 -2"><span class='ocrx_word' id='word_1_336' title='bbox 1573 2116 1703 2165; x_wconf 86' lang='lat' dir='ltr'><strong>Mox</strong></span> <span class='ocrx_word' id='word_1_337' title='bbox 1757 2130 1878 2165; x_wconf 88' lang='lat' dir='ltr'><strong>cum</strong></span> <span class='ocrx_word' id='word_1_338' title='bbox 1933 2119 2160 2166; x_wconf 86' lang='lat' dir='ltr'><strong>recentt.</strong></span> <span class='ocrx_word' id='word_1_339' title='bbox 2224 2116 2345 2166; x_wconf 85' lang='lat' dir='ltr'><strong>edd.</strong></span> <span class='ocrx_word' id='word_1_340' title='bbox 2407 2116 2663 2167; x_wconf 79' lang='lat' dir='ltr'><strong>revocavi</strong></span> 
     </span>
     <span class='ocr_line' id='line_1_56' title="bbox 1572 2177 2660 2250; baseline 0.001 -16"><span class='ocrx_word' id='word_1_341' title='bbox 1572 2177 1797 2234; x_wconf 77' lang='grc' dir='ltr'><strong><em>ἔδωκαν</em></strong></span> <span class='ocrx_word' id='word_1_342' title='bbox 1837 2200 1936 2250; x_wconf 90' lang='lat' dir='ltr'><strong>pro</strong></span> <span class='ocrx_word' id='word_1_343' title='bbox 1992 2181 2217 2248; x_wconf 75' lang='grc' dir='ltr'><strong><em>δῶκαν,</em></strong></span> <span class='ocrx_word' id='word_1_344' title='bbox 2269 2185 2382 2236; x_wconf 82' lang='lat' dir='ltr'><strong>vid.</strong></span> <span class='ocrx_word' id='word_1_345' title='bbox 2425 2185 2660 2236; x_wconf 71' lang='lat' dir='ltr'><strong>BredoV.</strong></span> 
     </span>
    </p>

    <p class='ocr_par' dir='ltr' id='par_1_7' title="bbox 1573 2319 2665 2989">
     <span class='ocr_line' id='line_1_57' title="bbox 1647 2319 2665 2387; baseline 0.003 -18"><span class='ocrx_word' id='word_1_346' title='bbox 1647 2319 1922 2387; x_wconf 76' lang='grc' dir='ltr'><strong><em>δικαιῶ]</em></strong></span> <span class='ocrx_word' id='word_1_347' title='bbox 1960 2323 1999 2373; x_wconf 88' lang='lat' dir='ltr'><strong>i.</strong></span> <span class='ocrx_word' id='word_1_348' title='bbox 2026 2338 2073 2373; x_wconf 88' lang='lat' dir='ltr'><strong>e.</strong></span> <span class='ocrx_word' id='word_1_349' title='bbox 2099 2338 2325 2387; x_wconf 79' lang='lat' dir='ltr'><strong>aequum,</strong></span> <span class='ocrx_word' id='word_1_350' title='bbox 2350 2325 2527 2374; x_wconf 69' lang='lat' dir='ltr'><strong>iustum</strong></span> <span class='ocrx_word' id='word_1_351' title='bbox 2550 2338 2665 2372; x_wconf 78' lang='lat' dir='ltr'><strong>cen-</strong></span> 
     </span>
     <span class='ocr_line' id='line_1_58' title="bbox 1574 2390 2663 2457; baseline 0 -15"><span class='ocrx_word' id='word_1_352' title='bbox 1574 2407 1680 2444; x_wconf 80' lang='lat' dir='ltr'><strong>seo,</strong></span> <span class='ocrx_word' id='word_1_353' title='bbox 1726 2390 1945 2441; x_wconf 86' lang='lat' dir='ltr'><strong>Laudat</strong></span> <span class='ocrx_word' id='word_1_354' title='bbox 1991 2392 2248 2443; x_wconf 88' lang='lat' dir='ltr'><strong>Larcher.</strong></span> <span class='ocrx_word' id='word_1_355' title='bbox 2298 2392 2489 2457; x_wconf 86' lang='lat' dir='ltr'><strong>Eurip.</strong></span> <span class='ocrx_word' id='word_1_356' title='bbox 2528 2392 2663 2455; x_wconf 80' lang='lat' dir='ltr'><strong>Sup-</strong></span> 
     </span>
     <span class='ocr_line' id='line_1_59' title="bbox 1575 2459 2664 2524; baseline 0 -15"><span class='ocrx_word' id='word_1_357' title='bbox 1575 2459 1702 2524; x_wconf 90' lang='lat' dir='ltr'><strong>plic.</strong></span> <span class='ocrx_word' id='word_1_358' title='bbox 1742 2459 1863 2510; x_wconf 83' lang='lat'><strong>526.</strong></span> <span class='ocrx_word' id='word_1_359' title='bbox 1905 2459 2011 2510; x_wconf 87' lang='lat' dir='ltr'><strong>Sed</strong></span> <span class='ocrx_word' id='word_1_360' title='bbox 2048 2461 2183 2510; x_wconf 90' lang='lat' dir='ltr'><strong>haec</strong></span> <span class='ocrx_word' id='word_1_361' title='bbox 2218 2461 2371 2510; x_wconf 86' lang='lat' dir='ltr'><strong>notio</strong></span> <span class='ocrx_word' id='word_1_362' title='bbox 2408 2460 2664 2511; x_wconf 81' lang='lat' dir='ltr'><strong>vocabuli</strong></span> 
     </span>
     <span class='ocr_line' id='line_1_60' title="bbox 1574 2528 2663 2579; baseline 0.001 -1"><span class='ocrx_word' id='word_1_363' title='bbox 1574 2528 1663 2579; x_wconf 87' lang='lat' dir='ltr'><strong>vel</strong></span> <span class='ocrx_word' id='word_1_364' title='bbox 1695 2544 1724 2577; x_wconf 91' lang='lat' dir='ltr'><strong>e</strong></span> <span class='ocrx_word' id='word_1_365' title='bbox 1759 2529 1977 2578; x_wconf 86' lang='lat' dir='ltr'><strong>Lexicis</strong></span> <span class='ocrx_word' id='word_1_366' title='bbox 2011 2534 2164 2579; x_wconf 84' lang='lat' dir='ltr'><strong>nota.</strong></span> <span class='ocrx_word' id='word_1_367' title='bbox 2221 2529 2346 2579; x_wconf 84' lang='lat' dir='ltr'><strong>Alia</strong></span> <span class='ocrx_word' id='word_1_368' title='bbox 2381 2529 2663 2579; x_wconf 83' lang='lat' dir='ltr'><strong>afferemus</strong></span> 
     </span>
     <span class='ocr_line' id='line_1_61' title="bbox 1575 2596 2665 2658; baseline -0.002 -10"><span class='ocrx_word' id='word_1_369' title='bbox 1575 2598 1646 2648; x_wconf 79' lang='lat' dir='ltr'><strong>ad</strong></span> <span class='ocrx_word' id='word_1_370' title='bbox 1684 2596 1838 2658; x_wconf 87' lang='lat' dir='ltr'>VIII,</span> <span class='ocrx_word' id='word_1_371' title='bbox 1880 2596 2001 2648; x_wconf 79' lang='lat'><strong>126.</strong></span> <span class='ocrx_word' id='word_1_372' title='bbox 2036 2628 2107 2637; x_wconf 93' lang='lat'><strong>—-</strong></span> <span class='ocrx_word' id='word_1_373' title='bbox 2139 2597 2401 2648; x_wconf 84' lang='lat' dir='ltr'><strong>Dedimus</strong></span> <span class='ocrx_word' id='word_1_374' title='bbox 2438 2613 2559 2646; x_wconf 87' lang='lat' dir='ltr'><strong>cum</strong></span> <span class='ocrx_word' id='word_1_375' title='bbox 2585 2614 2665 2647; x_wconf 87' lang='lat' dir='ltr'><strong>re-</strong></span> 
     </span>
     <span class='ocr_line' id='line_1_62' title="bbox 1573 2655 2663 2730; baseline -0.002 -12"><span class='ocrx_word' id='word_1_376' title='bbox 1573 2669 1744 2718; x_wconf 87' lang='lat' dir='ltr'><strong>centt.</strong></span> <span class='ocrx_word' id='word_1_377' title='bbox 1782 2655 2018 2729; x_wconf 79' lang='grc' dir='ltr'><strong><em>ἐνορέω,</em></strong></span> <span class='ocrx_word' id='word_1_378' title='bbox 2057 2667 2201 2730; x_wconf 90' lang='lat' dir='ltr'><strong>quod</strong></span> <span class='ocrx_word' id='word_1_379' title='bbox 2250 2665 2663 2716; x_wconf 87' lang='lat' dir='ltr'><strong>Schellershem.</strong></span> 
     </span>
     <span class='ocr_line' id='line_1_63' title="bbox 1573 2725 2665 2801; baseline -0.001 -17"><span class='ocrx_word' id='word_1_380' title='bbox 1573 2735 1797 2801; x_wconf 87' lang='lat' dir='ltr'><strong>praebet</strong></span> <span class='ocrx_word' id='word_1_381' title='bbox 1838 2749 1935 2799; x_wconf 90' lang='lat' dir='ltr'><strong>pro</strong></span> <span class='ocrx_word' id='word_1_382' title='bbox 1970 2734 2119 2798; x_wconf 80' lang='lat' dir='ltr'><strong>vulg.</strong></span> <span class='ocrx_word' id='word_1_383' title='bbox 2157 2725 2355 2797; x_wconf 73' lang='grc' dir='ltr'><strong><em>ἐνορῶ.</em></strong></span> <span class='ocrx_word' id='word_1_384' title='bbox 2388 2734 2515 2783; x_wconf 90' lang='lat' dir='ltr'><strong>Vid.</strong></span> <span class='ocrx_word' id='word_1_385' title='bbox 2536 2733 2665 2783; x_wconf 89' lang='lat' dir='ltr'><strong>Bre-</strong></span> 
     </span>
     <span class='ocr_line' id='line_1_64' title="bbox 1576 2801 2665 2868; baseline -0.004 -12"><span class='ocrx_word' id='word_1_386' title='bbox 1576 2806 1703 2856; x_wconf 79' lang='lat' dir='ltr'><strong>dov.</strong></span> <span class='ocrx_word' id='word_1_387' title='bbox 1740 2819 1796 2867; x_wconf 90' lang='lat' dir='ltr'><strong>p.</strong></span> <span class='ocrx_word' id='word_1_388' title='bbox 1834 2801 1954 2865; x_wconf 84' lang='lat'><strong>383,</strong></span> <span class='ocrx_word' id='word_1_389' title='bbox 1992 2802 2104 2868; x_wconf 80' lang='lat' dir='ltr'><strong>&#39;qui</strong></span> <span class='ocrx_word' id='word_1_390' title='bbox 2141 2803 2282 2853; x_wconf 89' lang='lat' dir='ltr'><strong>idem</strong></span> <span class='ocrx_word' id='word_1_391' title='bbox 2310 2817 2366 2866; x_wconf 89' lang='lat' dir='ltr'><strong>p.</strong></span> <span class='ocrx_word' id='word_1_392' title='bbox 2397 2802 2500 2854; x_wconf 80' lang='lat'><strong>390</strong></span> <span class='ocrx_word' id='word_1_393' title='bbox 2536 2803 2665 2853; x_wconf 85' lang='lat' dir='ltr'><strong>atti-</strong></span> 
     </span>
     <span class='ocr_line' id='line_1_65' title="bbox 1574 2861 2457 2989; baseline -0.002 -67"><span class='ocrx_word' id='word_1_394' title='bbox 1574 2874 1659 2940; x_wconf 79' lang='lat' dir='ltr'><strong>git</strong></span> <span class='ocrx_word' id='word_1_395' title='bbox 1690 2871 1925 2989; x_wconf 38' lang='lat' dir='ltr'><strong>optativi</strong></span> <span class='ocrx_word' id='word_1_396' title='bbox 1954 2871 2183 2951; x_wconf 73' lang='lat' dir='ltr'><strong>formam</strong></span> <span class='ocrx_word' id='word_1_397' title='bbox 2201 2861 2457 2949; x_wconf 47' lang='grc' dir='ltr'><strong><em>Ιένορῴη.</em></strong></span> 
     </span>
    </p>

    <p class='ocr_par' dir='ltr' id='par_1_8' title="bbox 1575 2931 2669 3557">
     <span class='ocr_line' id='line_1_66' title="bbox 1645 2931 2660 3007; baseline -0.001 -17"><span class='ocrx_word' id='word_1_398' title='bbox 1645 2939 1705 2990; x_wconf 92' lang='grc' dir='ltr'><strong><em>Π</em></strong></span> <span class='ocrx_word' id='word_1_399' title='bbox 1733 2954 1880 3004; x_wconf 85' lang='grc' dir='ltr'><strong><em>ρσαι,</em></strong></span> <span class='ocrx_word' id='word_1_400' title='bbox 1926 2953 2108 3004; x_wconf 86' lang='grc' dir='ltr'><strong><em>φυσιν</em></strong></span> <span class='ocrx_word' id='word_1_401' title='bbox 2155 2931 2342 2998; x_wconf 80' lang='grc' dir='ltr'><strong><em>ἐοντες</em></strong></span> <span class='ocrx_word' id='word_1_402' title='bbox 2375 2931 2660 3007; x_wconf 79' lang='grc' dir='ltr'><strong><em>ὑβρισταί]</em></strong></span> 
     </span>
     <span class='ocr_line' id='line_1_67' title="bbox 1575 3008 2664 3075; baseline 0 -14"><span class='ocrx_word' id='word_1_403' title='bbox 1575 3011 1731 3061; x_wconf 83' lang='lat' dir='ltr'><strong>Haec</strong></span> <span class='ocrx_word' id='word_1_404' title='bbox 1768 3025 1981 3075; x_wconf 88' lang='lat' dir='ltr'><strong>quoque</strong></span> <span class='ocrx_word' id='word_1_405' title='bbox 2017 3010 2146 3060; x_wconf 88' lang='lat' dir='ltr'><strong>mihi</strong></span> <span class='ocrx_word' id='word_1_406' title='bbox 2168 3008 2480 3061; x_wconf 87' lang='lat' dir='ltr'><strong>Herodotus</strong></span> <span class='ocrx_word' id='word_1_407' title='bbox 2516 3009 2664 3061; x_wconf 85' lang='lat' dir='ltr'><strong>vide-</strong></span> 
     </span>
     <span class='ocr_line' id='line_1_68' title="bbox 1579 3078 2665 3145; baseline 0 -15"><span class='ocrx_word' id='word_1_408' title='bbox 1579 3085 1668 3131; x_wconf 92' lang='lat' dir='ltr'><strong>tur</strong></span> <span class='ocrx_word' id='word_1_409' title='bbox 1728 3078 1988 3129; x_wconf 87' lang='lat' dir='ltr'><strong>Croesum</strong></span> <span class='ocrx_word' id='word_1_410' title='bbox 2015 3135 2025 3145; x_wconf 37' lang='lat'>⁸</span> <span class='ocrx_word' id='word_1_411' title='bbox 2056 3079 2324 3130; x_wconf 84' lang='lat' dir='ltr'><strong>dicentem</strong></span> <span class='ocrx_word' id='word_1_412' title='bbox 2385 3080 2568 3131; x_wconf 78' lang='lat' dir='ltr'><strong>facere</strong></span> <span class='ocrx_word' id='word_1_413' title='bbox 2634 3095 2665 3130; x_wconf 88' lang='lat' dir='ltr'><strong>e</strong></span> 
     </span>
     <span class='ocr_line' id='line_1_69' title="bbox 1578 3149 2664 3213; baseline 0 -14"><span class='ocrx_word' id='word_1_414' title='bbox 1578 3150 1910 3200; x_wconf 84' lang='lat' dir='ltr'><strong>Graecorum</strong></span> <span class='ocrx_word' id='word_1_415' title='bbox 1941 3150 2235 3212; x_wconf 87' lang='lat' dir='ltr'><strong>sententia,</strong></span> <span class='ocrx_word' id='word_1_416' title='bbox 2268 3164 2430 3213; x_wconf 87' lang='lat' dir='ltr'><strong>quam</strong></span> <span class='ocrx_word' id='word_1_417' title='bbox 2463 3165 2528 3199; x_wconf 84' lang='lat' dir='ltr'><strong>ex</strong></span> <span class='ocrx_word' id='word_1_418' title='bbox 2562 3149 2664 3199; x_wconf 84' lang='lat' dir='ltr'><strong>Ae-</strong></span> 
     </span>
     <span class='ocr_line' id='line_1_70' title="bbox 1580 3216 2662 3283; baseline -0.001 -15"><span class='ocrx_word' id='word_1_419' title='bbox 1580 3216 1767 3282; x_wconf 84' lang='lat' dir='ltr'><strong>schylo</strong></span> <span class='ocrx_word' id='word_1_420' title='bbox 1805 3233 2019 3283; x_wconf 90' lang='lat' dir='ltr'><strong>quoque</strong></span> <span class='ocrx_word' id='word_1_421' title='bbox 2045 3233 2366 3283; x_wconf 78' lang='lat' dir='ltr'><strong>cognoscas,</strong></span> <span class='ocrx_word' id='word_1_422' title='bbox 2392 3218 2487 3269; x_wconf 92' lang='lat' dir='ltr'><strong>ubi</strong></span> <span class='ocrx_word' id='word_1_423' title='bbox 2509 3221 2662 3269; x_wconf 87' lang='lat' dir='ltr'><strong>Pers.</strong></span> 
     </span>
     <span class='ocr_line' id='line_1_71' title="bbox 1580 3277 2668 3352; baseline -0.002 -15"><span class='ocrx_word' id='word_1_424' title='bbox 1580 3286 1681 3337; x_wconf 78' lang='lat'><strong>795</strong></span> <span class='ocrx_word' id='word_1_425' title='bbox 1721 3288 1925 3338; x_wconf 86' lang='lat' dir='ltr'><strong>Persae</strong></span> <span class='ocrx_word' id='word_1_426' title='bbox 1983 3287 2326 3352; x_wconf 87' lang='lat' dir='ltr'><strong>appellantur</strong></span> <span class='ocrx_word' id='word_1_427' title='bbox 2385 3277 2668 3350; x_wconf 78' lang='grc' dir='ltr'><strong><em>ὑπέρκομ-</em></strong></span> 
     </span>
     <span class='ocr_line' id='line_1_72' title="bbox 1578 3345 2667 3421; baseline -0.002 -15"><span class='ocrx_word' id='word_1_428' title='bbox 1578 3368 1681 3406; x_wconf 84' lang='grc' dir='ltr'><strong>ποι</strong></span> <span class='ocrx_word' id='word_1_429' title='bbox 1717 3345 1881 3418; x_wconf 78' lang='grc' dir='ltr'><strong><em>ἄγαν.</em></strong></span> <span class='ocrx_word' id='word_1_430' title='bbox 1920 3355 2046 3406; x_wconf 79' lang='lat' dir='ltr'><strong>Alia</strong></span> <span class='ocrx_word' id='word_1_431' title='bbox 2068 3356 2136 3405; x_wconf 90' lang='lat' dir='ltr'><strong>de</strong></span> <span class='ocrx_word' id='word_1_432' title='bbox 2161 3357 2451 3407; x_wconf 85' lang='lat' dir='ltr'><strong>Persarum</strong></span> <span class='ocrx_word' id='word_1_433' title='bbox 2486 3371 2667 3421; x_wconf 83' lang='lat' dir='ltr'><strong>super-</strong></span> 
     </span>
     <span class='ocr_line' id='line_1_73' title="bbox 1577 3422 2669 3489; baseline -0.003 -15"><span class='ocrx_word' id='word_1_434' title='bbox 1577 3425 1672 3474; x_wconf 86' lang='lat' dir='ltr'><strong>bia</strong></span> <span class='ocrx_word' id='word_1_435' title='bbox 1726 3427 1780 3474; x_wconf 89' lang='lat' dir='ltr'><strong>et</strong></span> <span class='ocrx_word' id='word_1_436' title='bbox 1836 3425 1984 3473; x_wconf 83' lang='lat' dir='ltr'><strong>fastu</strong></span> <span class='ocrx_word' id='word_1_437' title='bbox 2046 3424 2199 3473; x_wconf 85' lang='lat' dir='ltr'><strong>dabit</strong></span> <span class='ocrx_word' id='word_1_438' title='bbox 2256 3423 2543 3489; x_wconf 79' lang='lat' dir='ltr'><strong>Lengerke</strong></span> <span class='ocrx_word' id='word_1_439' title='bbox 2597 3422 2669 3472; x_wconf 85' lang='lat' dir='ltr'><strong>ad</strong></span> 
     </span>
     <span class='ocr_line' id='line_1_74' title="bbox 1578 3491 2051 3557; baseline -0.002 -14"><span class='ocrx_word' id='word_1_440' title='bbox 1578 3492 1796 3543; x_wconf 85' lang='lat' dir='ltr'><strong>Daniel.</strong></span> <span class='ocrx_word' id='word_1_441' title='bbox 1835 3508 1889 3557; x_wconf 91' lang='lat' dir='ltr'><strong>p.</strong></span> <span class='ocrx_word' id='word_1_442' title='bbox 1929 3491 2051 3543; x_wconf 82' lang='lat'><strong>368.</strong></span> 
     </span>
    </p>

    <p class='ocr_par' dir='ltr' id='par_1_9' title="bbox 1579 3547 2671 4449">
     <span class='ocr_line' id='line_1_75' title="bbox 1649 3547 2667 3623; baseline 0 -15"><span class='ocrx_word' id='word_1_443' title='bbox 1649 3552 1783 3608; x_wconf 84' lang='grc' dir='ltr'><strong><em>τάδε</em></strong></span> <span class='ocrx_word' id='word_1_444' title='bbox 1820 3573 1909 3608; x_wconf 90' lang='grc' dir='ltr'><strong>τοι</strong></span> <span class='ocrx_word' id='word_1_445' title='bbox 1946 3551 2002 3618; x_wconf 76' lang='grc' dir='ltr'><strong>ἐξ</strong></span> <span class='ocrx_word' id='word_1_446' title='bbox 2051 3549 2245 3607; x_wconf 77' lang='grc' dir='ltr'><strong><em>αὐτῶν</em></strong></span> <span class='ocrx_word' id='word_1_447' title='bbox 2291 3547 2533 3617; x_wconf 77' lang='grc' dir='ltr'><strong><em>ἐπίδοξα</em></strong></span> <span class='ocrx_word' id='word_1_448' title='bbox 2580 3573 2667 3623; x_wconf 77' lang='grc' dir='ltr'><strong>γε·</strong></span> 
     </span>
     <span class='ocr_line' id='line_1_76' title="bbox 1581 3617 2667 3693; baseline -0.002 -15"><span class='ocrx_word' id='word_1_449' title='bbox 1581 3626 1808 3693; x_wconf 82' lang='grc' dir='ltr'><strong><em>νέσθαι]</em></strong></span> <span class='ocrx_word' id='word_1_450' title='bbox 1847 3621 2086 3686; x_wconf 74' lang='grc' dir='ltr'><strong><em>ἐπίδοξα</em></strong></span> <span class='ocrx_word' id='word_1_451' title='bbox 2120 3626 2375 3676; x_wconf 84' lang='lat' dir='ltr'><strong>dicuntur</strong></span> <span class='ocrx_word' id='word_1_452' title='bbox 2402 3617 2470 3675; x_wconf 79' lang='grc' dir='ltr'><strong>τὰ</strong></span> <span class='ocrx_word' id='word_1_453' title='bbox 2491 3640 2667 3689; x_wconf 85' lang='grc' dir='ltr'><strong><em>προσ-</em></strong></span> 
     </span>
     <span class='ocr_line' id='line_1_77' title="bbox 1582 3684 2669 3761; baseline -0.001 -15"><span class='ocrx_word' id='word_1_454' title='bbox 1582 3689 1791 3761; x_wconf 79' lang='grc' dir='ltr'><strong><em>δόκιμα</em></strong></span> <span class='ocrx_word' id='word_1_455' title='bbox 1840 3711 1885 3746; x_wconf 91' lang='lat' dir='ltr'><strong>s.</strong></span> <span class='ocrx_word' id='word_1_456' title='bbox 1935 3687 2404 3758; x_wconf 77' lang='grc' dir='ltr'><strong><em>προσδοκώμενα,</em></strong></span> <span class='ocrx_word' id='word_1_457' title='bbox 2453 3684 2669 3754; x_wconf 80' lang='grc' dir='ltr'><strong><em>ἐλπιζό-</em></strong></span> 
     </span>
     <span class='ocr_line' id='line_1_78' title="bbox 1579 3764 2671 3836; baseline -0.001 -20"><span class='ocrx_word' id='word_1_458' title='bbox 1579 3780 1739 3836; x_wconf 86' lang='grc' dir='ltr'><strong><em>μενα,</em></strong></span> <span class='ocrx_word' id='word_1_459' title='bbox 1776 3780 1904 3830; x_wconf 83' lang='lat' dir='ltr'><strong>quae</strong></span> <span class='ocrx_word' id='word_1_460' title='bbox 1939 3772 2174 3828; x_wconf 77' lang='lat' dir='ltr'><strong>tanquam</strong></span> <span class='ocrx_word' id='word_1_461' title='bbox 2216 3764 2398 3826; x_wconf 76' lang='lat' dir='ltr'><strong>futura</strong></span> <span class='ocrx_word' id='word_1_462' title='bbox 2428 3765 2671 3826; x_wconf 80' lang='lat' dir='ltr'><strong>probabi-</strong></span> 
     </span>
     <span class='ocr_line' id='line_1_79' title="bbox 1579 3832 2671 3898; baseline -0.003 -11"><span class='ocrx_word' id='word_1_463' title='bbox 1579 3838 1696 3887; x_wconf 79' lang='lat' dir='ltr'><strong>liter</strong></span> <span class='ocrx_word' id='word_1_464' title='bbox 1726 3841 1938 3898; x_wconf 78' lang='lat' dir='ltr'><strong>possunt</strong></span> <span class='ocrx_word' id='word_1_465' title='bbox 1970 3833 2285 3895; x_wconf 72' lang='lat' dir='ltr'><strong>exspectari.</strong></span> <span class='ocrx_word' id='word_1_466' title='bbox 2338 3832 2484 3882; x_wconf 87' lang='lat' dir='ltr'><strong>Hinc</strong></span> <span class='ocrx_word' id='word_1_467' title='bbox 2518 3834 2671 3884; x_wconf 87' lang='lat' dir='ltr'><strong>addi-</strong></span> 
     </span>
     <span class='ocr_line' id='line_1_80' title="bbox 1581 3901 2669 3955; baseline 0 0"><span class='ocrx_word' id='word_1_468' title='bbox 1581 3910 1669 3955; x_wconf 89' lang='lat' dir='ltr'><strong>tur</strong></span> <span class='ocrx_word' id='word_1_469' title='bbox 1704 3901 2005 3952; x_wconf 82' lang='lat' dir='ltr'><strong>infinitivus</strong></span> <span class='ocrx_word' id='word_1_470' title='bbox 2025 3901 2113 3951; x_wconf 83' lang='lat' dir='ltr'><strong>vel</strong></span> <span class='ocrx_word' id='word_1_471' title='bbox 2137 3902 2308 3952; x_wconf 87' lang='lat' dir='ltr'><strong>futuri</strong></span> <span class='ocrx_word' id='word_1_472' title='bbox 2344 3901 2431 3952; x_wconf 81' lang='lat' dir='ltr'><strong>vel</strong></span> <span class='ocrx_word' id='word_1_473' title='bbox 2457 3903 2669 3955; x_wconf 77' lang='lat' dir='ltr'><strong>aoristi.</strong></span> 
     </span>
     <span class='ocr_line' id='line_1_81' title="bbox 1581 3969 2667 4034; baseline -0.001 -11"><span class='ocrx_word' id='word_1_474' title='bbox 1581 3972 1707 4024; x_wconf 83' lang='lat' dir='ltr'><strong>vid.</strong></span> <span class='ocrx_word' id='word_1_475' title='bbox 1743 3971 2069 4022; x_wconf 84' lang='lat' dir='ltr'><strong>Valckenar.</strong></span> <span class='ocrx_word' id='word_1_476' title='bbox 2107 3969 2179 4020; x_wconf 86' lang='lat' dir='ltr'><strong>ad</strong></span> <span class='ocrx_word' id='word_1_477' title='bbox 2214 3971 2418 4022; x_wconf 85' lang='lat' dir='ltr'><strong>Herod.</strong></span> <span class='ocrx_word' id='word_1_478' title='bbox 2460 3972 2556 4034; x_wconf 89' lang='lat' dir='ltr'><strong>IV,</strong></span> <span class='ocrx_word' id='word_1_479' title='bbox 2583 3973 2667 4034; x_wconf 91' lang='lat'><strong>11,</strong></span> 
     </span>
     <span class='ocr_line' id='line_1_82' title="bbox 1579 4039 2668 4105; baseline -0.003 -11"><span class='ocrx_word' id='word_1_480' title='bbox 1579 4040 1822 4094; x_wconf 88' lang='lat' dir='ltr'><strong>Lobeck.</strong></span> <span class='ocrx_word' id='word_1_481' title='bbox 1860 4040 1929 4090; x_wconf 86' lang='lat' dir='ltr'><strong>ad</strong></span> <span class='ocrx_word' id='word_1_482' title='bbox 1963 4039 2258 4104; x_wconf 76' lang='lat' dir='ltr'><strong>Phrynich.</strong></span> <span class='ocrx_word' id='word_1_483' title='bbox 2296 4056 2349 4105; x_wconf 92' lang='lat' dir='ltr'><strong>p.</strong></span> <span class='ocrx_word' id='word_1_484' title='bbox 2392 4039 2491 4091; x_wconf 85' lang='lat'><strong>132</strong></span> <span class='ocrx_word' id='word_1_485' title='bbox 2532 4057 2668 4105; x_wconf 68' lang='lat' dir='ltr'><strong>seq„</strong></span> 
     </span>
     <span class='ocr_line' id='line_1_83' title="bbox 1583 4108 2668 4178; baseline -0.003 -17"><span class='ocrx_word' id='word_1_486' title='bbox 1583 4126 1809 4178; x_wconf 90' lang='lat' dir='ltr'><strong>quorum</strong></span> <span class='ocrx_word' id='word_1_487' title='bbox 1843 4114 2033 4160; x_wconf 89' lang='lat' dir='ltr'><strong>neuter</strong></span> <span class='ocrx_word' id='word_1_488' title='bbox 2068 4108 2230 4159; x_wconf 87' lang='lat' dir='ltr'><strong>huius</strong></span> <span class='ocrx_word' id='word_1_489' title='bbox 2265 4109 2375 4159; x_wconf 91' lang='lat' dir='ltr'><strong>loci</strong></span> <span class='ocrx_word' id='word_1_490' title='bbox 2422 4114 2540 4160; x_wconf 89' lang='lat' dir='ltr'><strong>erat</strong></span> <span class='ocrx_word' id='word_1_491' title='bbox 2574 4111 2668 4159; x_wconf 89' lang='lat' dir='ltr'><strong>im-</strong></span> 
     </span>
     <span class='ocr_line' id='line_1_84' title="bbox 1581 4170 2671 4239; baseline -0.006 -8"><span class='ocrx_word' id='word_1_492' title='bbox 1581 4195 1802 4231; x_wconf 90' lang='lat' dir='ltr'><strong>memor.</strong></span> <span class='ocrx_word' id='word_1_493' title='bbox 1825 4210 1895 4219; x_wconf 89' lang='lat'>—</span> <span class='ocrx_word' id='word_1_494' title='bbox 1925 4170 2102 4228; x_wconf 77' lang='grc' dir='ltr'><strong><em>αὐτοῦ</em></strong></span> <span class='ocrx_word' id='word_1_495' title='bbox 2114 4193 2147 4227; x_wconf 89' lang='grc' dir='ltr'><strong>ν</strong></span> <span class='ocrx_word' id='word_1_496' title='bbox 2180 4178 2269 4228; x_wconf 86' lang='lat' dir='ltr'><strong>hic</strong></span> <span class='ocrx_word' id='word_1_497' title='bbox 2300 4174 2572 4239; x_wconf 85' lang='lat' dir='ltr'><strong>dedimus,</strong></span> <span class='ocrx_word' id='word_1_498' title='bbox 2607 4182 2671 4226; x_wconf 88' lang='lat' dir='ltr'><strong>ut</strong></span> 
     </span>
     <span class='ocr_line' id='line_1_85' title="bbox 1584 4238 2666 4313; baseline -0.005 -13"><span class='ocrx_word' id='word_1_499' title='bbox 1584 4248 1870 4313; x_wconf 86' lang='lat' dir='ltr'><strong>aliquoties</strong></span> <span class='ocrx_word' id='word_1_500' title='bbox 1907 4248 2014 4298; x_wconf 86' lang='lat' dir='ltr'><strong>iam</strong></span> <span class='ocrx_word' id='word_1_501' title='bbox 2052 4262 2233 4312; x_wconf 83' lang='lat' dir='ltr'><strong>supra,</strong></span> <span class='ocrx_word' id='word_1_502' title='bbox 2283 4262 2381 4312; x_wconf 91' lang='lat' dir='ltr'><strong>pro</strong></span> <span class='ocrx_word' id='word_1_503' title='bbox 2428 4238 2666 4295; x_wconf 78' lang='grc' dir='ltr'><strong><em>αὐτέων.</em></strong></span> 
     </span>
     <span class='ocr_line' id='line_1_86' title="bbox 1585 4304 2671 4380; baseline -0.005 -13"><span class='ocrx_word' id='word_1_504' title='bbox 1585 4317 1783 4367; x_wconf 81' lang='lat' dir='ltr'><strong>Itidem</strong></span> <span class='ocrx_word' id='word_1_505' title='bbox 1808 4316 1962 4366; x_wconf 90' lang='lat' dir='ltr'><strong>libris</strong></span> <span class='ocrx_word' id='word_1_506' title='bbox 1996 4316 2307 4366; x_wconf 87' lang='lat' dir='ltr'><strong>iubentibus</strong></span> <span class='ocrx_word' id='word_1_507' title='bbox 2331 4314 2525 4380; x_wconf 90' lang='lat' dir='ltr'><strong>scripsi</strong></span> <span class='ocrx_word' id='word_1_508' title='bbox 2546 4304 2671 4376; x_wconf 80' lang='grc' dir='ltr'><strong><em>ἀρέ-</em></strong></span> 
     </span>
     <span class='ocr_line' id='line_1_87' title="bbox 1587 4375 2671 4449; baseline -0.003 -14"><span class='ocrx_word' id='word_1_509' title='bbox 1587 4397 1727 4435; x_wconf 82' lang='grc' dir='ltr'><strong><em>σκει</em></strong></span> <span class='ocrx_word' id='word_1_510' title='bbox 1762 4399 1860 4449; x_wconf 86' lang='lat' dir='ltr'><strong>pro</strong></span> <span class='ocrx_word' id='word_1_511' title='bbox 1891 4381 2041 4449; x_wconf 79' lang='lat' dir='ltr'><strong>vulg.</strong></span> <span class='ocrx_word' id='word_1_512' title='bbox 2077 4375 2348 4446; x_wconf 78' lang='grc' dir='ltr'><strong><em>ἀρέσκοι.</em></strong></span> <span class='ocrx_word' id='word_1_513' title='bbox 2388 4383 2470 4432; x_wconf 86' lang='lat' dir='ltr'><strong>De</strong></span> <span class='ocrx_word' id='word_1_514' title='bbox 2499 4382 2671 4432; x_wconf 84' lang='lat' dir='ltr'><strong>forma</strong></span> 
     </span>
    </p>
   </div>
   <div class='ocr_carea' id='block_1_6' title="bbox 2112 4459 2245 4526">
    <p class='ocr_par' dir='ltr' id='par_1_10' title="bbox 2112 4459 2245 4526">
     <span class='ocr_line' id='line_1_88' title="bbox 2112 4459 2245 4526; baseline 0.008 -1"><span class='ocrx_word' id='word_1_515' title='bbox 2112 4459 2245 4526; x_wconf 73' lang='lat'><strong>13*</strong></span> 
     </span>
    </p>
   </div>
  </div>
 </body>
</html>
