3109 5092
379 1530 458 1588 77

457 337 582 397 596

1331 327 1879 390 HERODOTI

459 534 760 597 γρυπον,
818 508 1117 594 μέγαθος
1157 499 1320 571 ὅσον
1375 505 1550 592 κρέξ.
1630 506 1767 569 τῶν
1822 499 1949 588 μὲν
1993 496 2079 586 δὴ
2134 498 2543 586 μελαινέων,
2602 499 2748 564 τῶν

461 611 858 701 μαχομένων
900 605 1063 696 πρὸς
1089 604 1244 685 τούς
1269 602 1460 693 ὄφις,
1505 601 1627 692 ἣδε
1664 606 1831 691 ἰδέη.
1916 607 2054 670 τῶν
2086 598 2153 669 δ’
2189 605 2264 670 ἐν
2293 601 2449 669 ποσὶ
2484 603 2746 687 μᾶλλον

465 715 878 801 εἰλευμένων
930 726 1100 780 τοῖσι
1150 706 1575 796 ἀνθρώποισι
1626 713 1665 790 ζ(
1682 707 1859 788 διξαὶ
1912 702 2043 792 γὰρ
2090 704 2175 792 δή
2234 709 2363 772 εἰσι

2409 707 2485 771 αἱ
2533 707 2746 790 ἴβιες)

463 814 628 903 ψιλὴ
682 813 807 903 τὴν
858 809 1164 901 κεφαλὴν
1215 813 1324 879 καὶ
1377 809 1502 897 τὴν
1558 808 1795 897 δειρὴν
1845 813 2103 893 πᾶσαν,
2159 804 2367 893 λευκὴ
2423 819 2745 892 πτεροῖσι,

467 917 645 1007 πλὴν
689 921 984 1006 κεφαλῆς
1029 916 1142 985 καὶ
1170 920 1292 982 τοῦ
1341 910 1621 1000 αὐχένος
1664 913 1775 981 καὶ
1811 909 2043 998 ἄκρων
2070 916 2209 980 τῶν
2239 908 2597 996 πτερύγων
2630 909 2745 977 καὶ

467 1027 589 1091 τοῦ
618 1029 914 1107 πυγαίου
943 1016 1156 1105 ἄκρου
1182 1039 1197 1053 ·
1243 1021 1452 1085 ταῦτα
1483 1015 1554 1084 δὲ
1576 1067 1595 1098 ,
1633 1013 1715 1082 τὰ
1754 1013 1948 1083 εἷπον
1987 1014 2240 1096 πάντα,
2281 1010 2563 1101 μέλαινά
2602 1014 2743 1080 ἑστι

470 1129 747 1206 δεινῶς,
789 1124 1030 1191 σκέλεα
1074 1120 1150 1189 δὲ
1193 1121 1306 1188 καὶ
1346 1118 1713 1205 πρόσωπον
1752 1114 2047 1205 ἐμφερὴς
2086 1123 2169 1207 τῇ
2208 1118 2420 1204 ἑτέρῃ.
2504 1119 2625 1183 τοῦ
2667 1112 2740 1181 δὲ

469 1253 664 1314 οφιος
713 1221 752 1312 ἡ
793 1221 1058 1346 μορφὴ,
1114 1227 1222 1309 οἴη
1276 1248 1402 1308 περ
1453 1225 1593 1289 τῶν
1626 1216 1881 1308 ῧδρων.
1988 1227 2187 1288 πτίλα
2226 1219 2303 1288 δὲ
2329 1216 2412 1288 οὗ
2442 1212 2748 1306 πτερωτὰ

471 1330 736 1430 φορέει,
789 1323 958 1394 ἀλλὰ
1009 1340 1181 1393 τοῖσι
1223 1329 1337 1411 τῆς
1382 1329 1776 1410 νυκτερίδος
1816 1338 2118 1409 πτεροῖσι
2164 1320 2449 1410 μα’λιστᾰ
2492 1349 2575 1407 κη
2628 1321 2744 1404 ἐμ-

474 1420 866 1518 φερέστατα.
950 1432 1254 1495 Τοσαῦτα
1292 1425 1418 1513 μὲν
1453 1434 1723 1513 θηρίων
1758 1452 1910 1513 περι
1948 1429 2117 1512 ίρων
2154 1424 2476 1513 εἰρήσθω.

625 1528 873 1600 Αὐτῶν
909 1529 986 1598 δὲ
1021 1527 1106 1615 δὴ
1155 1534 1589 1615 Αἰγυπτίων,
1644 1535 1713 1597 οἳ
1762 1556 1891 1617 μεν
1933 1529 2087 1615 περὶ
2134 1526 2259 1617 τὴν
2300 1529 2778 1625 σπειρομένην,

471 1732 724 1783 mumiam
786 1729 1140 1849 contend2unt.
1223 1727 1350 1777 vid.
1399 1728 1563 1778 Reiu-

471 1803 652 1852 hardt.
688 1800 726 1851 l.
764 1800 802 1850 1.

541 1869 797 1936 μέγαθος
830 1802 1072 1920 demvm)
1006 1864 1161 1931 κρέξ]
1213 1867 1297 1916 De
1333 1865 1436 1915 hac
1472 1865 1563 1914 avi

472 1941 645 1992 schol.
683 1939 753 1989 ad
791 1937 1066 2016 Aristoph.
1097 1953 1184 1986 air.
1225 1936 1387 1987 1138:
1426 1927 1560 2018 κρὲξ

474 2006 536 2058 δὲ
559 2002 714 2065 εἶδος
748 1998 977 2070 ὀρνέου,
1018 1997 1122 2065 ὀξὺ
1152 1996 1307 2054 πάνυ
1342 1995 1406 2052 τὸ
1430 1996 1562 2067 ρύγ-

473 2091 574 2143 χος
617 2073 716 2126 καὶ
760 2072 1079 2139 πριονώδες
1123 2068 1288 2138 ἔχον,
1337 2079 1398 2122 ιιι
1447 2072 1564 2136 qui-

475 2145 704 2196 busdam
731 2144 964 2194 cornicis
991 2144 1200 2206 species
1237 2158 1358 2192 esse
1381 2141 1567 2191 videa-

477 2220 584 2264 tur.
656 2212 985 2262 Schneidero
1017 2212 1072 2259 in
1105 2212 1240 2261 Lex.
1280 2212 1472 2261 Graec.
1517 2226 1564 2260 s.

476 2299 534 2334 v.
572 2283 749 2332 nauus
789 2297 920 2330 cresc
956 2281 1118 2330 Linn.
1167 2279 1410 2341 videtur,
1459 2280 1566 2328 nisi

476 2351 620 2416 quod
671 2351 728 2399 in
767 2350 930 2399 istam
969 2363 1125 2397 avem
1172 2363 1282 2397 non
1332 2348 1568 2412 quadrat

477 2425 711 2469 rostrum
732 2424 1019 2468 serratum.
1048 2419 1095 2467 Ε
1117 2417 1392 2466 veteribus
1415 2432 1568 2481 prae-

478 2494 561 2539 ter
585 2488 921 2538 Herodotum
947 2486 1274 2537 Aristoteles
1296 2487 1369 2537 H.
1403 2487 1470 2537 A.
1496 2487 1564 2549 X,

479 2560 529 2610 1.
571 2559 631 2609 17
671 2563 725 2607 et
755 2557 1014 2608 Aelianus
1049 2556 1116 2606 N.
1145 2557 1210 2606 A.
1250 2556 1346 2618 IV,
1382 2557 1415 2605 5
1451 2556 1567 2605 eius

479 2623 600 2677 a'vis
638 2628 980 2708 potissimum
1017 2626 1393 2676 meminerunt.

478 2694 1568 2830 ozffffir‘sss‘ffz‘sssszz’zlqfiff13322⁸3d⁶ffl1¹²⁰3

478 2836 642 2884 etiam
667 2835 736 2884 ab
769 2839 1000 2884 recentt.
1031 2833 1154 2883 edd.
1185 2837 1453 2883 retentum
1488 2833 1569 2882 vi-

479 2903 606 2961 deo;
680 2904 735 2951 in
799 2902 1076 2952 Saucrofti
1137 2901 1276 2952 libro
1336 2902 1566 2966 aliisque

478 2969 690 3020 duobus
713 2970 856 3034 quod
882 2976 1064 3019 exstat
1093 2966 1476 3033 μαχομενέων,
1511 2971 1568 3019 id

477 3038 658 3103 placet
707 3038 978 3088 Bredovio
1015 3055 1069 3103 p.
1119 3039 1250 3100 221,
1305 3040 1398 3103 qui
1441 3054 1567 3088 mox

481 3108 646 3157 etiam
671 3099 756 3155 ἐἷλ
729 3102 1040 3169 λευμενέων
1069 3108 1257 3155 invitis
1285 3108 1566 3157 codicibus

479 3176 645 3226 scribi
677 3175 859 3254 iubet,
898 3180 960 3224 ut
993 3174 1212 3234 1‚123.
1257 3207 1325 3215 —
1369 3177 1567 3226 Verbis

480 3242 596 3293 τῶν
631 3234 691 3292 δ’
718 3234 780 3292 ἐν
813 3240 950 3292 ποσὶ
985 3242 1198 3307 μᾶλλον
1229 3237 1567 3308 εἷλευμένων

477 3316 626 3362 τοῖσι
652 3303 1018 3376 ἀνθρώποισι
1043 3312 1366 3379 intelligitur
1393 3330 1563 3374 genus

479 3383 655 3449 magis
676 3381 1034 3432 domesticum
1061 3398 1106 3432 ιι.
1131 3398 1314 3432 earum
1341 3383 1564 3446 ibidum,

479 3468 617 3518 quae
633 3452 808 3580 mtagis
823 3453 965 3570 ignter
978 3451 1236 3570 hopiinexz1
1246 3457 1301 3503 et
1303 3469 1440 3584 {um
1456 3452 1567 3502 illis

477 3537 675 3572 versan
704 3537 794 3571 ur·
864 3536 898 3570 ν
930 3534 1046 3570 ποσ
1107 3537 1198 3586 qm
1273 3523 1320 3571 si
1415 3537 1568 3572 mon-

478 3595 685 3651 strant,
722 3590 834 3640 alia
857 3594 920 3640 ut
944 3595 1174 3653 taceam,
1207 3591 1314 3641 loci
1341 3592 1416 3654 ΙΙ,
1452 3592 1568 3644 131.

479 3660 584 3721 ΙΙΙ,
620 3627 708 3711 79.
783 3659 865 3710 Ad
903 3660 1079 3724 ipsum
1121 3661 1345 3711 verbum
1393 3655 1568 3709 εἱλευ-

477 3726 667 3791 μένων
703 3729 849 3780 conf.
885 3728 1052 3791 VIII,
1093 3729 1154 3779 12
1173 3730 1382 3812 ibique
1425 3733 1567 3780 nott.

550 3792 705 3857 διξαὶ
740 3789 846 3861 γὰρ
883 3789 958 3861 δή
987 3792 1095 3847 εἰσι
1128 3791 1194 3847 αἴ
1214 3795 1377 3863 ἴβιες]
1414 3798 1479 3848 Ιιι
1503 3814 1568 3849 eo

479 3879 694 3928 quoque
720 3865 1226 3928 diligentissimum
1211 3868 1441 3917 inveniri
1461 3869 1571 3918 He·

479 3932 748 3995 rodotum,
773 3933 917 3998 quod
947 3939 1058 3984 tam
1089 3941 1345 3987 accurate
1370 3936 1569 4001 duplex

477 4000 685 4050 ibidum
746 4017 916 4066 genus
975 4003 1292 4069 distinguit,
1349 4021 1567 4056 monere

481 4070 576 4118 vix
621 4071 838 4120 attinet.
909 4071 993 4121 De
1038 4073 1172 4124 ibide
1216 4077 1364 4138 niqra
1402 4089 1570 4138 supra

483 4137 745 4199 diximus,
802 4139 869 4188 de
919 4140 1053 4190 ibide
1107 4142 1227 4191 alba
1270 4144 1570 4208 eademque

480 4222 640 4257 sacra
670 4208 782 4259 vid.
804 4212 919 4257 not.
945 4209 1016 4258 ad
1037 4209 1114 4270 ΙΙ,
1138 4211 1205 4261 75
1225 4211 1348 4261 coll.
1382 4212 1455 4274 ΙΙ,
1476 4213 1564 4264 67.

530 4269 690 4355 ψιλὴ
735 4271 839 4340 τὴν
872 4246 1126 4341 κεφαλὴν
1169 4275 1262 4328 καὶ
1301 4273 1407 4344 τὴν
1449 4277 1566 4328 δει-

481 4336 591 4410 ρὴν
643 4343 852 4411 πᾶσαν]
905 4345 991 4395 Ad
1043 4351 1372 4398 structuram
1421 4349 1567 4414 quod

1664 1729 1881 1808 attinet,
1904 1733 2155 1806 spectant
2182 1727 2318 1778 haec
2338 1726 2407 1776 ad
2428 1741 2753 1792 praegressa

1664 1788 1699 1861 ἡ
1737 1792 1893 1861 ἰδέη,
1942 1813 2019 1847 sc.
2060 1794 2160 1861 τῆς
2183 1794 2383 1875 ἴβιος,
2442 1796 2587 1847 unde
2622 1796 2752 1845 licet

1665 1872 1845 1917 mente
1892 1871 2135 1931 repetere
2169 1856 2205 1929 ἡ
2245 1859 2384 1931 ἴβις,
2424 1867 2511 1914 cui
2558 1865 2751 1916 melius

1665 1937 1997 1987 conveniunt
2045 1935 2317 1985 adiectiva
2353 1927 2525 1998 ψιλὴ,
2562 1928 2752 1998 λευκὴ,

1665 1996 1931 2069 ἐμφερής.
1995 2007 2175 2065 Quare
2203 2004 2333 2054 mihi
2359 2003 2503 2054 haud
2529 2019 2753 2054 necesse

1665 2075 1887 2124 videtur
1936 2079 2065 2124 ante
2103 2089 2293 2124 vocem
2326 2065 2470 2136 ψιλὴ
2516 2075 2753 2123 inserere

1667 2159 1961 2209 pronomen
1995 2135 2127 2207 ηδε,
2166 2148 2228 2192 ιιι
2249 2143 2505 2208 proponit
2527 2142 2752 2193 Herold.

1668 2213 1983 2263 Emendatt.
2044 2212 2283 2262 Herodd.
2334 2213 2397 2262 P.
2447 2212 2491 2261 1.
2556 2228 2609 2276 p.
2668 2207 2755 2262 15.

1670 2275 1808 2345 ψιλὴ
1845 2282 1933 2332 hic
1970 2286 2057 2331 est
2086 2283 2295 2345 depilet,
2326 2282 2542 2347 glabra,
2578 2287 2638 2330 ιιι
2676 2296 2755 2330 re·

1669 2357 1755 2401 cte
1792 2356 1977 2401 monet
1999 2351 2321 2412 Larcherus,
2358 2349 2501 2402 idem
2535 2355 2754 2412 notans,

1670 2412 1868 2483 δειρὴν
1912 2421 2089 2470 minus
2136 2421 2274 2471 bene
2315 2420 2404 2470 hic
2450 2419 2604 2469 reddi
2650 2422 2756 2468 eol·

1668 2492 1791 2546 lma,
1843 2505 1961 2539 cum
2005 2490 2080 2539 sit
2110 2492 2231 2554 qula
2278 2489 2337 2551 („
2342 2489 2399 2539 la
2448 2489 2627 2554 partie
2661 2488 2755 2553 qui

1671 2564 1754 2608 est
1789 2573 1856 2607 en
1893 2558 2094 2608 devant
2129 2559 2201 2609 du
2235 2574 2363 2620 cou,
2400 2557 2457 2608 la
2491 2560 2679 2624 gorge‘
2685 2560 2751 2618 ‘);

1669 2627 2117 2692 quemadmodum
2164 2627 2478 2678 Ammonius
2530 2628 2599 2677 de
2653 2627 2755 2676 dis-

1670 2697 1771 2746 fer.
1812 2713 1964 2746 vocc.
2015 2713 2143 2762 pag.
2182 2698 2277 2746 27.
2325 2712 2399 2746 αι
2403 2712 2511 2761 χην
2546 2694 2755 2759 λέγεται

1668 2758 1731 2813 τὸ
1770 2756 2021 2814 ὄπισθεν
2042 2763 2146 2815 τοῦ
2171 2758 2478 2830 τραχήλου·
2518 2763 2656 2828 δέρη
2692 2758 2756 2814 δὲ

1666 2826 1731 2883 τὸ
1763 2829 2111 2898 ἔμπροσθεν,
2149 2838 2205 2885 et
2226 2835 2464 2885 Thomas
2489 2835 2758 2899 Magister

1668 2919 1723 2966 p.
1772 2905 1885 2955 129.
1922 2933 1993 2941 -
2032 2903 2349 2954 Herodotea
2384 2905 2566 2969 tangit
2604 2904 2755 2954 Theo

1668 2973 2137 3037 Progymnasmm.
2174 2974 2283 3036 XI,
2321 2973 2374 3024 9.
2431 2991 2487 3039 p.
2534 2973 2631 3024 123
2667 2972 2753 3024 ed.

1667 3041 1871 3093 Finkh.

1738 3102 1973 3174 μέλαινά
2008 3101 2122 3160 ἐστι
2147 3108 2373 3175 δεινῶς]
2411 3110 2631 3162 Lubens
2657 3127 2755 3175 pro

1667 3175 1881 3243 μέλανα
1930 3177 2095 3245 (quod
2138 3186 2386 3231 neutrum
2422 3180 2530 3244 est)
2577 3180 2757 3244 recepi

1667 3245 1933 3312 μέλαινα,
1983 3254 2045 3298 ιιι
2083 3250 2399 3299 femininum
2433 3250 2539 3312 sit,
2577 3265 2758 3327 quem-

1669 3318 1959 3368 admodum
1996 3313 2164 3381 ψιλὴ,
2203 3310 2373 3381 λευκὴ
2411 3324 2468 3368 et
2489 3287 2754 3382 ἐμφερὴς,

1670 3388 1988 3437 accusativo
2029 3387 2312 3453 qualitatis
2358 3395 2420 3437 ut
2466 3390 2620 3438 aiunt
2664 3387 2757 3437 ad-

1670 3456 1804 3507 dito.
1828 3487 1898 3498 --
1938 3457 2004 3506 In
2040 3457 2147 3507 fine
2181 3473 2301 3521 cap.
2330 3456 2399 3506 ad
2425 3472 2615 3508 voces:
2653 3448 2747 3521 μά-

1669 3518 1828 3575 λιστά
1873 3541 1945 3589 κη
1995 3517 2375 3591 ἐμφερέστατα
2421 3527 2569 3578 conf.
2603 3526 2671 3577 ad
2708 3525 2754 3587 Ι,

1673 3596 1765 3646 171
1805 3600 1946 3646 ιιοιι.

1991 3767 2123 3816 CAP.
2156 3766 2437 3817 LXXVII.

1741 3862 1800 3917 οἳ
1834 3861 1939 3932 μὲν
1968 3864 2099 3932 περὶ
2127 3860 2233 3918 τ“ν
2265 3867 2642 3933 σπειρομένην
2660 3865 2757 3917 Αἶ-

1644 3921 1886 4001 ’γυπτον
1922 3933 2173 3987 οἰκέουσι
2235 3939 2384 3988 Bene
2419 3938 2577 4000 haec,
2617 3953 2759 4002 quae

1670 4007 1962 4057 etiamnum
2001 4012 2130 4057 sunt
2166 4007 2455 4070 distincta,
2494 4008 2757 4058 discrevit

1670 4076 2004 4128 Herodotus.
2065 4078 2168 4127 Est
2197 4078 2338 4126 enim
2367 4077 2649 4142 Aegyptus
2686 4076 2759 4126 ad

1669 4144 1782 4194 Nili
1818 4150 2105 4211 utramque
2137 4146 2311 4209 ripam
2346 4146 2482 4205 sita,
2533 4162 2628 4210 per
2660 4144 2762 4194 ali·

1669 4217 1804 4277 quot
1848 4213 2057 4265 dierum
2102 4215 2301 4264 itinera
2340 4214 2537 4265 fertilis
2593 4215 2761 4280 frugi-

1666 4281 1879 4347 busque
1904 4283 2148 4334 colendis
2173 4288 2335 4347 apta3
2375 4300 2536 4349 quam
2568 4284 2761 4334 rustici

1668 4351 1878 4402 incolae
1927 4352 2208 4416 habitant,
2267 4351 2612 4404 sacerdotum
2666 4354 2759 4402 im·
