3109 5092
1132 351 1383 414 CLIO.
1431 351 1481 412 Ι.
1533 361 1652 416 118.

1702 361 1820 416 119.
2493 347 2603 409 251

339 527 552 616 τάπερ
575 523 820 615 ἤκουσε
848 519 1048 603 αὐτὸς
1076 522 1242 613 πρὸς
1269 528 1390 593 τοῦ
1417 522 1750 611 βουκόλου
1776 520 1852 591 τὸ
1878 526 2181 612 πρῆγμα,
2211 518 2414 590 πάλιν
2440 517 2613 609 ἀπη-

342 634 530 718 γέετο
571 634 666 722 τῷ
701 623 1045 720 Ἁρπάγῳ·
1109 623 1275 713 μετὰ
1315 627 1423 710 δὲ,
1470 623 1560 705 ὥς
1600 632 1670 696 oc
1705 622 2217 711 ἐπαλιλλόγητο,
2264 627 2616 710 κατέβαινε

342 736 598 820 λέγων,
645 726 735 809 ως
767 736 1071 816 περίεστί
1095 757 1165 799 τε
1204 726 1241 800 ὁ
1282 747 1438 809 παῖς
1473 732 1585 798 καὶ
1622 726 1698 798 τὸ
1723 725 1998 815 γεγονὸς
2037 733 2167 813 ἔχει
2198 731 2432 806 καλῶς.
2513 732 2620 818 Τῷ

341 864 414 905 τε
441 863 570 923 γαρ
609 835 1073 924 πεποιημένω,
1117 839 1248 921 ἔφη
1277 835 1528 919 λέγων,
1573 828 1640 911 ἐς
1678 829 1797 901 τὸν
1823 836 2033 900 παῖδα
2061 835 2301 898 τοῦτον
2329 834 2619 914 ἔκαμνον

343 937 680 1027 μεγάλως,
721 937 832 1004 καὶ
875 938 1169 1058 θυγατρὶ
1203 941 1286 1027 τῇ
1329 932 1454 1025 ἐμῇ
1485 935 2014 1022 διαβεβλημένος
2053 929 2180 1003 οὐκ
2227 928 2304 1000 ἐν
2345 929 2617 1023 ἐλαφρῷ

345 1039 730 1127 ἐποιεύμην.
789 1033 878 1117 ὥς
917 1028 1016 1106 ὦν
1054 1043 1169 1127 τῆς
1209 1037 1411 1127 τύχης
1453 1030 1531 1106 εὖ
1571 1036 2055 1161 μετεστεώσης,
2098 1040 2295 1104 τοῦτο
2336 1034 2462 1122 μὲν
2502 1031 2624 1102 τὸν

345 1148 646 1215 σεωυτοῦ
674 1145 881 1211 παῖδα
906 1137 1305 1229 ἀπόπεμψον
1330 1139 1510 1231 παρὰ
1535 1138 1656 1209 τὸν
1684 1146 1892 1210 παῖδα
1916 1137 2033 1210 τὸν
2061 1138 2391 1227 νεήλυδα,
2423 1142 2620 1206 τοῦτο

349 1247 422 1317 δὲ
476 1249 771 1332 (σῶστρα
827 1240 954 1330 γὰρ
1009 1250 1130 1312 τοῦ
1178 1242 1413 1323 παιδὸς
1450 1248 1672 1331 μέλλω
1713 1242 1950 1326 θύειν,
2007 1257 2179 1311 τοῖσι
2222 1246 2414 1309 θεῶν
2461 1238 2616 1328 τιμὴ

348 1346 518 1437 αὕτη
568 1348 992 1435 προσκέεται)
1046 1347 1338 1435 πάρισθί
1383 1375 1494 1435 μοι
1540 1343 1651 1416 ἐπὶ
1694 1352 1993 1415 δεῖπνον.
2086 1341 2422 1431 Ἅρπαγος
2466 1342 2612 1430 μὲν,
2638 1342 2753 1403 119

351 1449 437 1534 ὥς
475 1450 723 1541 ἤκουσε
759 1454 1002 1532 ταῦτα,
1051 1450 1518 1538 προσκυνήσας
1558 1451 1670 1517 καὶ
1712 1448 1967 1537 μεγάλα
2001 1445 2475 1536 ποιησάμενος,
2518 1442 2622 1515 ὅτι

351 1614 506 1678 VIII,
566 1615 635 1664 26
695 1610 809 1676 (ubi
864 1631 1007 1665 nunc
1060 1602 1265 1679 ωφλε);
1321 1616 1432 1666 vid.

354 1652 587 1736 Gram'in.
658 1683 852 1734 Graec.
916 1685 1042 1734 mai.
1103 1686 1178 1734 11.
1237 1701 1291 1750 p.
1346 1686 1434 1736 31.

353 1752 893 1818 Schweighaeuser-us
946 1755 1020 1804 ad
1063 1754 1440 1819 explicandam

352 1823 582 1873 formam
619 1822 958 1886 cogitaverat
1001 1824 1068 1873 de
1109 1824 1275 1873 verbo
1323 1815 1438 1872 ἐνε-

352 1889 460 1957 χὲω
484 1891 610 1957 (pro
648 1882 858 1956 ἐνέχω),
899 1897 961 1941 ut
997 1888 1315 1958 συμβαλλι-’ω
1343 1909 1439 1958 pro

354 1957 600 2026 συμβαλλ
603 1974 667 2022 ω,
707 1959 818 2010 alia
851 1961 1011 2011 huius
1046 1963 1259 2026 generis
1298 1962 1444 2013 Ioni-

354 2030 456 2079 bus
519 2043 650 2077 sane
703 2029 849 2079 haud
917 2031 1309 2113 infrequentia,
1374 2031 1440 2081 de

356 2099 552 2163 quibus
584 2112 749 2161 supra
781 2098 892 2148 iam
916 2102 1239 2151 monuimus.
1261 2131 1330 2139 —-
1356 2103 1440 2151 De

355 2163 649 2232 κατέβαινε
686 2167 831 2217 conf.
874 2169 948 2218 ad
982 2170 1028 2230 Ι,
1081 2170 1182 2220 116
1226 2170 1320 2220 fin.
1374 2170 1440 2219 In

358 2237 534 2286 forma
573 2225 975 2300 ἐπαλιλλόγητο
1033 2239 1226 2288 mirum
1271 2254 1438 2303 quan-

357 2312 474 2354 tum
519 2303 736 2354 codices
797 2306 1043 2367 variant,
1101 2323 1202 2357 nee
1260 2313 1440 2357 tamen

357 2376 456 2434 ita,
494 2378 556 2422 ut
592 2373 886 2437 quidquam
921 2375 1112 2425 melius
1151 2377 1268 2426 sive
1297 2376 1442 2440 quod

359 2442 429 2492 ad
460 2443 850 2492 accuratiorem
899 2444 1106 2493 formae
1139 2443 1443 2508 intelligen-

358 2512 494 2561 tiam
529 2510 830 2562 conducere
866 2518 1047 2575 queat,
1074 2513 1199 2563 inde
1233 2514 1439 2564 elicias.

359 2582 722 2630 Buttmannus
757 2581 815 2630 in
852 2581 1088 2632 Gramm.
1125 2583 1251 2631 mai.
1300 2583 1347 2632 I.
1387 2598 1442 2664 p.

360 2649 464 2698 325
499 2646 654 2696 malit
689 2664 808 2698 eam
852 2649 923 2698 ad
956 2650 1080 2700 illas
1125 2651 1352 2714 referre,
1389 2652 1446 2699 in

361 2717 557 2781 quibus
574 2716 968 2782 reduplicatum
986 2724 1334 2783 augmentum
1357 2735 1449 2768 ne-

361 2786 600 2848 glectum
632 2791 735 2835 est.
796 2786 880 2836 cf.
929 2803 1094 2851 supra
1127 2788 1338 2837 adnott.
1378 2787 1448 2837 ad

364 2855 411 2916 1,
448 2853 518 2904 90
552 2859 608 2903 et
652 2854 765 2904 vid.
813 2856 1045 2907 Bredov.
1092 2872 1146 2920 p.
1196 2857 1317 2918 286,
1357 2858 1450 2921 qui

361 2923 503 2972 hanc
538 2921 769 2973 formam
810 2940 842 2973 a
873 2925 1182 2989 suspicione
1216 2940 1447 2975 vacuam

363 2991 550 3041 habet.

432 3054 542 3123 ἔφη
575 3057 775 3124 λέγων]
824 3060 964 3109 Mira
1013 3058 1307 3112 locutionis
1353 3062 1450 3111 ab-

362 3129 653 3189 undantia,
702 3129 904 3179 Nostro
958 3129 1107 3181 haud
1161 3131 1446 3181 inusitata.

366 3198 459 3247 Sic
491 3198 558 3259 V,
592 3196 677 3248 36.
712 3199 911 3250 50ete.
946 3198 1072 3250 coll.
1099 3200 1144 3261 Ι,
1186 3201 1450 3250 122125.

366 3265 523 3315 Conf.
571 3267 806 3316 BredoV.
864 3282 918 3331 p.
974 3268 1072 3330 85,
1123 3269 1217 3333 qui
1266 3283 1452 3318 omnes

365 3335 634 3385 Herodoti
667 3334 818 3385 locos
863 3335 1099 3402 collegit.
1135 3368 1204 3375 —
1237 3338 1302 3387 In
1337 3353 1452 3401 seq.

365 3396 602 3466 κάμνειν
664 3408 749 3453 est
814 3420 970 3469 aeq-re
1026 3406 1201 3468 serre,
1262 3408 1452 3468 dolere,

364 3471 600 3536 indeque
639 3472 883 3522 dativum
928 3473 1009 3522 rei
1058 3474 1224 3524 habet
1265 3474 1455 3524 adiun-

366 3547 531 3590 ctum.

438 3600 544 3657 οὐκ
575 3599 645 3658 ἐν
681 3600 952 3674 ἐλαφρῷ
978 3599 1310 3673 ἐποιεύμην]
1339 3610 1376 3660 i.
1402 3625 1451 3659 e.

366 3678 501 3743 qnod
526 3678 578 3727 in
605 3678 747 3740 filiae
778 3693 917 3727 meae
951 3679 1270 3742 offensionem
1289 3680 1454 3727 incur-

365 3749 563 3804 rissem,
590 3745 731 3795 haud
759 3748 937 3796 leviter
962 3746 1210 3809 ferebam.
1247 3745 1453 3796 Eadem

367 3815 572 3865 locutio
608 3814 754 3863 infra
781 3815 1054 3877 111,154.
1120 3814 1279 3876 Quod
1313 3829 1454 3864 unus

364 3883 534 3932 habet
595 3883 731 3932 liber
796 3852 1078 3946 ἐλαφρῶς,
1139 3884 1195 3933 id
1262 3884 1455 3932 merito

367 3951 608 4016 glossam
627 3957 957 4002 censuerunt
981 3952 1084 4000 viri
1110 3952 1278 4002 docti.
1313 3952 1459 4001 Lau·

369 4021 467 4070 dat
513 4020 905 4084 wesselingius
949 4021 1114 4069 Dion.
1161 4021 1319 4069 Cass.
1366 4019 1454 4070 39.

366 4104 422 4153 p.
463 4088 562 4137 114
600 4092 656 4138 et
690 4089 758 4138 58
792 4105 847 4153 p.
884 4090 1005 4138 714.
1055 4089 1316 4138 Eiusdem
1347 4089 1459 4138 fere

368 4157 584 4220 generis
620 4162 723 4218 est,
750 4158 896 4220 qnod
929 4157 1075 4206 infra
1108 4156 1341 4220 legimus
1376 4157 1455 4218 11,

372 4225 492 4276 121.
525 4228 577 4287 5.
614 4227 666 4275 4.
715 4225 812 4286 VI,
852 4225 942 4276 13·
981 4215 1041 4273 ἐν
1073 4222 1266 4288 κέρδεϊ
1302 4193 1455 4272 ἔποι-

369 4292 558 4342 εὖντο.
645 4293 730 4344 Ad
792 4293 1246 4357 significationem
1305 4293 1459 4342 verbi

369 4357 812 4431 διαβεβλημένος
846 4362 918 4414 cf.
955 4365 1094 4414 nott.
1145 4362 1218 4413 ad
1261 4361 1328 4426 V,
1367 4360 1455 4414 35.

1609 1612 1831 1691 σῶστρα
1878 1605 2000 1678 γὰρ
2046 1608 2151 1660 τοῦ
2196 1607 2403 1670 παιδὸς
2446 1610 2624 1674 μέλλω

1537 1676 1730 1749 θυειν]
1792 1685 1953 1734 Hunc
2010 1681 2282 1731 meliorem
2341 1682 2628 1731 verborum

1541 1753 1783 1804 ordinem
1843 1769 1873 1802 e
1930 1752 2084 1801 libris
2132 1751 2461 1800 adscivimus
2505 1766 2627 1800 cum

1542 1822 1793 1887 Schwgh.
1842 1827 1896 1871 et
1931 1820 2105 1872 Gaisf.
2182 1819 2358 1893 Vulgo
2396 1812 2501 1882 γὰρ
2536 1835 2628 1884 po-

1542 1893 1708 1942 situm
1756 1896 1872 1941 erat
1918 1894 2043 1954 post
2104 1880 2329 1945 παιδός.
2405 1886 2627 1951 σῶστρα

1544 1961 1615 2025 (s.
1654 1952 1925 2025 σωτήρια)
1961 1963 2088 2007 sunt
2119 1973 2302 2016 sacra,
2356 1972 2494 2022 quae
2531 1973 2627 2021 pro

1542 2046 1603 2080 re
1641 2029 1825 2094 aliqua
1858 2033 2078 2077 servata
2117 2027 2223 2076 diis
2260 2026 2398 2076 fiunt
2434 2026 2502 2076 ab
2538 2025 2630 2075 ho-

1542 2100 1808 2160 minibus,
1846 2098 2079 2162 gratiam
2104 2095 2261 2145 huius
2284 2095 2361 2145 rei
2391 2101 2444 2144 et
2465 2110 2629 2158 agen-

1543 2170 1690 2219 tibus
1730 2173 1785 2218 et
1821 2166 1978 2232 quasi
2014 2166 2392 2216 referentibus.
2452 2165 2539 2214 Cf.
2565 2165 2628 2214 C.

1543 2240 1607 2288 F.
1635 2239 1911 2287 Hermann
1946 2235 2360 2287 Gottesdienstl.
2394 2233 2627 2284 Alterth.

1544 2307 1597 2368 5.
1628 2306 1715 2357 48.
1762 2312 1876 2357 not.
1910 2306 1984 2365 8.
2032 2310 2088 2355 et
2122 2306 2413 2369 praecipue
2451 2304 2628 2353 locum

1542 2376 1919 2440 Xenophontis
1968 2376 2024 2424 in
2060 2374 2301 2424 Anabas.
2341 2373 2446 2432 ΙΙΙ,
2484 2375 2535 2421 2.
2573 2371 2627 2421 9.

1543 2445 1703 2510 Apud
1740 2444 2077 2494 Herodotum
2113 2443 2208 2504 IV,
2238 2443 2272 2493 9
2313 2440 2533 2504 σῶστρα
2566 2439 2631 2490 de

1543 2515 1719 2579 pretio
1765 2515 1843 2562 rei
1886 2517 2137 2562 servatae
2181 2528 2291 2577 nun
2348 2511 2508 2560 aliter
2552 2514 2634 2559 at-

1551 2598 1657 2647 que
1692 2582 1837 2646 apud
1878 2580 2219 2644 Xenophont.
2257 2582 2510 2630 Memorr.
2553 2579 2631 2639 ΙΙ,

1550 2651 1635 2712 10,
1674 2653 1725 2700 2.
1797 2650 1932 2699 Inde
1966 2648 2249 2699 Blomfield
2295 2649 2352 2697 in
2389 2647 2631 2698 Glossar.

1549 2720 1621 2769 ad
1666 2718 1918 2783 Aeschyl.
1936 2719 2157 2792 Agam.
2205 2716 2308 2767 938
2353 2721 2636 2779 comparat

1550 2803 1672 2837 cum
1710 2802 1846 2836 voce
1879 2777 2179 2848 κόμιστρα,
2228 2799 2367 2850 quae
2403 2786 2636 2848 pretium

1552 2856 1621 2906 ob
1658 2870 1769 2904 rem
1805 2855 2227 2918 recuperandam
2273 2854 2511 2903 solutum
2547 2853 2637 2904 de·

1550 2924 1743 2975 clarat.
1772 2924 2057 2973 Caeterum
2080 2923 2192 2974 noli
2212 2923 2413 2985 mirari,
2441 2925 2637 2988 Astya-

1550 3009 1674 3059 gem
1690 2993 1970 3043 Medorum
1993 3008 2173 3057 regem
2193 2993 2281 3043 hic
2299 2993 2460 3057 plane
2472 2993 2637 3044 Grae-

1552 3078 1737 3112 corum
1770 3077 1918 3111 more
1950 3061 2097 3126 loqui
2134 3063 2199 3112 de
2229 3062 2400 3111 sacris
2432 3061 2639 3112 faciun-

1553 3132 1667 3192 dis,
1729 3130 1914 3195 qualia
1968 3145 2100 3180 sane
2152 3131 2376 3181 Graecis
2420 3131 2477 3179 in
2537 3147 2640 3181 usu

1554 3201 1727 3250 fuisse
1770 3200 2048 3262 novimus,
2110 3201 2287 3250 Medis
2346 3200 2642 3264 Persisque

1556 3285 1665 3318 non
1700 3269 1861 3326 item3
1908 3283 2082 3333 neque
2118 3268 2316 3318 similia
2351 3268 2550 3319 desunt
2581 3270 2642 3318 in

1555 3336 1773 3388 Nicolai
1817 3337 2149 3386 Damasceni
2201 3337 2513 3386 narratione
2569 3337 2642 3386 ad

1556 3407 1886 3458 Graecorum
1930 3420 2107 3454 mores
2154 3405 2365 3454 efficta:
2415 3405 2482 3454 de
2528 3406 2643 3468 qui-

1554 3476 1658 3524 bus
1705 3474 1817 3523 dixi
1863 3474 1918 3522 in
1963 3471 2192 3523 Jahrbb.
2239 3474 2281 3524 f.
2329 3471 2527 3522 Philol.
2584 3487 2643 3522 u.

1553 3542 1796 3604 Paedag.
1845 3541 1992 3591 LIX.
2048 3555 2101 3604 p.
2151 3541 2249 3590 264
2303 3555 2453 3604 seqq.
2535 3541 2643 3600 Qui

1556 3611 1699 3661 enim
1743 3610 2071 3659 Graecorum
2124 3609 2180 3656 in
2232 3608 2469 3672 gratiam
2509 3609 2641 3657 scri-

1555 3679 1780 3739 bebant,
1815 3677 1917 3726 hoc
1944 3675 2102 3725 modo
2124 3677 2348 3726 Graecis
2382 3678 2640 3727 immixtis

1555 3747 1787 3797 aliarum
1830 3745 2072 3809 gentium
2120 3760 2205 3794 res
2259 3745 2330 3793 ad
2375 3760 2504 3795 suas
2554 3762 2643 3796 ac-

1558 3814 1896 3866 commodare
1930 3818 2097 3878 atque
2132 3828 2394 3864 exornare
2426 3815 2643 3864 studue-

1555 3891 1703 3937 runt.
1741 3913 1813 3923 -
1846 3881 2019 3932 Paulo
2054 3888 2179 3947 post
2218 3882 2465 3933 meliores
2503 3876 2645 3946 πάρ-

1556 3953 1711 4015 ισθ,ι
1754 3953 1899 4017 quod
1922 3967 2031 4001 non
2060 3952 2485 4016 repudiavimus‚
2520 3968 2644 4016 pro-

1558 4024 1724 4071 bante
1748 4036 1961 4086 quoque
1986 4020 2218 4071 Bredov,
2256 4036 2308 4085 p.
2330 4021 2419 4071 62.
2467 4022 2642 4086 Vulgo

1558 4083 1789 4154 πάριθι.

1913 4258 2046 4308 Cu.
2087 4257 2282 4308 CXIX.

1628 4347 1717 4410 ὅτι
1759 4374 1817 4410 τε
1871 4349 1906 4428 ἡ
1951 4349 2206 4426 ἁμαρτάς
2254 4353 2315 4408 οἴ
2359 4350 2424 4417 ἐς
2478 4355 2645 4410 δέον
