3109 5092
438 325 562 388 296

1302 309 1848 381 HERODOTI

435 502 550 572 καὶ
582 497 817 590 σφέων
855 494 1084 567 αὐτῶν
1121 492 1280 577 τοὺς
1324 496 1479 584 περὶ
1522 491 1600 564 τὸ
1644 490 1795 583 ἱρὸν
1832 489 2295 581 ἀνομήσαντας
2322 486 2712 580 ἐξεκλήτσαν

436 611 553 696 τῆς
591 607 889 694 μετοχῆς.
954 598 1031 671 έν
1068 597 1199 689 γὰρ
1228 606 1323 693 τῷ
1354 597 1570 686 ἀγῶνι
1608 602 1730 667 τοῦ
1770 604 2119 718 Τριοπίου
2127 593 2547 688 ’Λπόλλωνος
2575 591 2708 665 ἐτί-

436 720 656 779 θεσαν
692 703 767 776 τὸ
808 704 1013 776 πάλαι
1041 709 1365 794 τρίποδας
1390 700 1713 792 χαλκέους
1738 716 1911 770 τοῖσι
1950 704 2220 771 νικῶσι·
2273 700 2387 768 καὶ
2431 697 2712 779 τούτους

435 816 605 903 χρῆν
641 837 799 889 τους
844 806 1306 898 λαμβάνοντας
1346 803 1421 876 ἐκ
1461 811 1585 875 τοῦ
1624 809 1778 895 ίροῦ
1819 802 1909 894 μὴ
1940 802 2288 894 ἐκφέρειν,
2331 799 2469 873 ἀλλ’
2503 799 2714 873 αὐτοῦ

437 912 842 987 ἀνατιθέναι
880 918 976 1007 τῷ
1004 917 1171 1005 θεῷ.
1239 899 1494 1001 ἀνὴρ*
1443 937 1541 979 ων
1565 904 2165 997 Αλικαρνησσεύς,
2206 911 2302 1000 τῷ
2334 904 2592 995 οὔνομα
2626 896 2716 995 ἦν

430 1016 892 1107 Ἀγασικλέης,
936 1013 1215 1104 νικήσας
1250 1011 1371 1084 τὸν
1411 1012 1623 1102 νόμον
1661 1011 2108 1138 κατηλόγησε·
2158 1009 2392 1101 φέρων
2433 1010 2509 1080 δὲ
2551 1008 2716 1099 πρὸς

436 1121 519 1194 τὰ
562 1125 818 1193 ἑωυτοῦ
856 1124 1036 1189 οἰκία
1076 1115 1714 1207 προσεπασσάλευσε
1755 1114 1873 1185 τὸν
1929 1119 2232 1205 τρίποδα.
2311 1112 2424 1184 διὰ
2462 1111 2716 1202 ταύτην

437 1225 561 1315 τὴν
589 1230 812 1314 αἰτίην
840 1226 916 1292 αἰ
942 1221 1143 1342 πέντε
1173 1221 1435 1304 πόλιες,
1468 1225 1754 1304 Λίνδος,
1794 1221 1907 1289 καὶ
1941 1216 2279 1310 Ἰήλυσσός
2317 1246 2389 1287 τε
2426 1219 2540 1287 καὶ
2570 1217 2713 1287 Κά-

438 1408 600 1459 quam
651 1389 909 1441 credibile
956 1389 1174 1440 videtur
1233 1388 1525 1451 nonnullis,

437 1465 495 1512 in
536 1462 696 1511 rebus
735 1460 906 1510 sacris
941 1459 1268 1525 peragendis
1308 1458 1431 1509 illos
1467 1474 1527 1508 se

440 1531 794 1582 continuisse.
877 1529 1078 1580 Confer
1115 1530 1198 1580 St.
1236 1529 1398 1579 Croix
1432 1528 1527 1579 des

440 1602 904 1653 Gouvernements
940 1597 1226 1649 federatifs
1256 1615 1311 1663 p.
1343 1599 1443 1650 154
1473 1603 1529 1648 et

437 1669 756 1721 Muellerum
803 1669 841 1719 l.
879 1668 915 1719 l.
999 1668 1138 1719 Add.
1180 1668 1241 1718 C.
1290 1669 1355 1719 F.
1394 1668 1529 1718 Her-

438 1755 603 1790 mann
639 1738 855 1790 Griech.
896 1737 1309 1789 Staatsalterth.
1350 1739 1403 1800 §-
1441 1738 1526 1788 79.

439 1808 856 1861 Gottesdienstl.
883 1807 1119 1858 Alterth.
1140 1810 1190 1871 §-
1206 1807 1294 1858 67.
1334 1806 1527 1872 Apollo

439 1883 621 1930 autem
669 1877 796 1929 inde
838 1877 1066 1941 Triopion·
1099 1892 1404 1942 cognomen
1441 1891 1529 1925 ac·

440 1949 604 2014 cepit.
675 1949 759 1998 De
797 1948 1079 2010 tripodibas
1114 1947 1348 1996 diximus
1382 1945 1451 1995 ad
1480 1947 1526 2008 Ι,

439 2019 528 2070 92.
602 2015 881 2067 Solemnes
920 2016 999 2065 illi
1036 2018 1093 2065 in
1112 2018 1319 2066 Dorum
1355 2015 1527 2066 sacris

441 2085 817 2152 Apollinisque
856 2086 1031 2134 festis.
1098 2087 1193 2137 Cr.
1226 2084 1439 2135 confert
1463 2084 1524 2134 C.

442 2155 509 2205 Ο.
532 2153 852 2204 Muellerum
878 2155 936 2203 in
957 2155 1263 2218 Boettigeri
1288 2154 1525 2205 Amalth.

440 2225 487 2275 Ι.
535 2239 664 2289 pag.
724 2224 822 2273 125
860 2238 1005 2287 seq.,
1066 2223 1222 2288 plura
1271 2222 1336 2272 de
1382 2239 1528 2273 more

441 2309 505 2345 eo
556 2295 889 2353 monentem,
943 2307 1050 2356 quo
1095 2294 1153 2341 in
1200 2291 1530 2343 solemnibus

441 2361 831 2414 certaminibus
878 2360 1115 2411 victores
1161 2361 1405 2425 tripodes
1442 2379 1530 2412 ac-

442 2433 703 2497 ciperent,
741 2432 798 2480 in
824 2430 1029 2495 templa
1054 2430 1383 2481 dedicandos
1412 2448 1533 2497 pro-

440 2506 562 2568 pter
597 2506 914 2567 perpetuam
951 2500 1029 2551 rei
1065 2501 1399 2551 memoriam.
1459 2502 1533 2551 Et

438 2571 601 2622 valde
681 2571 889 2636 amplos
975 2585 1311 2635 magnosque
1394 2570 1531 2621 istos

440 2642 614 2692 fuisse
650 2645 838 2703 notat,
892 2655 1029 2706 quos
1067 2640 1136 2689 ad
1172 2641 1407 2705 parietes
1444 2655 1533 2690 ae-

441 2712 588 2762 dium
635 2710 896 2762 collocari
947 2709 1226 2774 clavisque
1279 2709 1396 2761 solo
1453 2710 1532 2758 in-

439 2781 537 2846 figi
580 2796 805 2832 necesse
843 2785 979 2830 erat.
1064 2779 1223 2830 Unde
1275 2780 1533 2858 perspici·

440 2855 556 2910 tur,
596 2866 692 2900 cur
725 2849 887 2915 paulo
914 2853 1041 2912 post
1074 2848 1348 2912 legamus·
1386 2841 1531 2912 πρὸς

440 2912 511 2968 τὰ
548 2910 768 2967 ἑωυτοῦ
806 2912 963 2965 οἰκία
998 2909 1531 2980 προσεπασσάλευσε

442 2987 629 3066 (clavis
668 2982 882 3065 adfixit)
919 2977 1022 3034 τὸν
1054 2984 1318 3064 τρίποδα.

510 3047 658 3119 ἀνὴρ
682 3070 764 3103 ων
790 3046 1251 3133 Αλικαρνησσεύς
1286 3071 1336 3105 κ.
1372 3071 1420 3105 τ.
1455 3053 1525 3122 λ.]

442 3124 769 3188 scripsimus
834 3113 1130 3187 Αλικαρνη
1145 3136 1176 3171 ο
1188 3136 1220 3172 σ
1232 3117 1327 3181 εὑς
1405 3140 1527 3174 cum

442 3193 645 3273 duplici
684 3193 848 3242 litera
889 3203 949 3254 σ,
1013 3196 1074 3242 ut
1120 3208 1245 3243 mox
1280 3185 1529 3257 ‘minuam

442 3254 646 3328 νησσὸ
663 3277 696 3311 ν
723 3264 781 3311 in
804 3261 911 3312 fine
933 3262 1132 3327 capitis
1155 3262 1343 3313 eodem
1367 3265 1527 3315 modo

441 3349 547 3398 quo
585 3332 641 3381 iu
678 3331 944 3397 principio
992 3332 1170 3397 operis
1210 3333 1527 3412 Herodotei,

440 3402 533 3453 ubi
570 3402 683 3454 vid.
717 3405 858 3453 nott.
882 3428 949 3437 —
985 3402 1051 3452 In
1087 3401 1267 3452 verbis
1297 3395 1399 3451 τὸν
1435 3395 1529 3451 νό-

438 3486 550 3537 μον
586 3463 933 3536 κατηλόγησε
962 3472 1097 3521 nihil
1131 3471 1351 3522 variant
1385 3472 1526 3536 libri,

438 3541 546 3592 nisi
591 3541 737 3620 quod
778 3557 919 3591 unus
968 3542 1252 3592 Parisinus
1311 3542 1530 3592 exhibet

438 3608 554 3660 τῶν
592 3603 811 3675 νόμων,
863 3611 1314 3677 quemadmodum
1362 3614 1526 3662 etiam

437 3671 686 3744 ἄλογεῖν,
725 3684 1132 3746 καταφρονεῖν,
1162 3682 1272 3732 alia
1297 3682 1413 3732 eius
1438 3698 1529 3748 ge-

439 3750 585 3799 neris
618 3751 789 3801 verba
814 3751 1183 3815 reperiuntur,
1221 3752 1419 3817 quibus
1446 3768 1528 3802 se·

440 3819 673 3868 cundum
696 3835 880 3869 casum
903 3821 1217 3886 plerumque
1236 3822 1527 3871 adstruunt

441 3888 752 3952 scriptores,
812 3891 925 3939 Nec
960 3893 1141 3940 tamen
1177 3895 1403 3956 quartus
1439 3906 1527 3941 ca·

441 3971 533 4006 sus
578 3972 687 4006 nou
730 3959 1016 4023 reperitur.
1090 3959 1216 4009 Vid.
1254 3960 1525 4011 Matthiae

442 4025 537 4075 Gr.
585 4026 678 4075 Gr.
724 4029 773 4087 §-
820 4026 942 4078 378.
988 4031 1103 4077 not.
1154 4030 1203 4078 2.
1253 4045 1381 4097 pag.
1421 4030 1525 4082 696

442 4099 498 4143 et
534 4092 603 4142 ad
639 4095 883 4172 Euripid.
919 4094 1122 4146 Bacch.
1160 4097 1282 4148 503.

511 4154 609 4210 διὰ
645 4155 859 4227 ταύτην
890 4156 997 4227 τὴν
1031 4160 1233 4247 αἰτίην
1261 4161 1328 4217 αῖ
1359 4167 1524 4218 πέντε

440 4223 633 4288 πόλιες
668 4247 719 4281 κ.
754 4248 802 4281 τ.
842 4229 916 4296 λ.]
978 4233 1195 4300 Reliqui
1218 4226 1523 4301 Ἰήλυσσος,

440 4301 586 4365 quod
620 4301 677 4350 in
716 4290 965 4366 Ἰήλυσος
1009 4306 1245 4355 mutavit
1285 4307 1522 4369 Bekker,

440 4384 598 4436 quem
630 4376 850 4425 secutus
873 4377 958 4427 est
981 4373 1227 4438 Dietsch,
1258 4377 1525 4448 probante

1629 1386 1867 1439 Bredov.
1903 1404 1956 1453 p.
2000 1386 2087 1438 97.
2161 1387 2298 1437 Tres
2333 1387 2522 1450 urbes,
2577 1403 2718 1453 quae

1629 1457 1719 1507 hic
1750 1459 1922 1523 primo
1949 1457 2070 1507 loco
2094 1458 2457 1520 nominantur,
2497 1458 2554 1507 in
2575 1457 2719 1508 Rho-

1633 1526 1722 1577 dio
1759 1526 1941 1577 insula
1978 1527 2154 1589 fuere,
2202 1531 2264 1577 ut
2300 1528 2436 1577 satis
2473 1531 2715 1588 constatt,

1633 1612 1773 1663 quae
1821 1602 2006 1647 tamen
2050 1597 2143 1645 vix
2188 1612 2223 1645 a
2266 1597 2504 1647 Dorib'us
2549 1597 2719 1646 immi-

1633 1667 1920 1732 grantibus
1956 1666 2206 1733 primitus
2253 1671 2562 1717 exstructae
2598 1682 2719 1717 esse

1631 1736 1918 1798 videntur,
1965 1735 2062 1786 sed
2109 1735 2217 1785 iam
2261 1741 2388 1787 ante
2423 1736 2718 1787 Troianam

1632 1806 2030 1869 expeditionem
2058 1806 2357 1857 exstitisse.
2417 1807 2600 1868 Quare
2628 1807 2719 1857 Al-

1631 1876 1937 1937 themenes,
1976 1876 2069 1940 qui
2104 1875 2270 1942 vulgo
2307 1874 2573 1926 coloniam
2608 1877 2719 1927 Do-

1632 1959 1752 1994 rum
1818 1945 2027 1995 oraculi
2095 1945 2249 1996 iussu
2303 1945 2552 1996 Rhodum
2629 1946 2720 1998 de·

1632 2014 1853 2065 duxisse
1911 2015 2111 2078 fertur,
2175 2014 2297 2066 illas
2356 2016 2518 2066 urbes
2570 2015 2719 2068 inve·

1631 2084 1782 2135 nisse
1830 2083 2074 2149 quidem,
2138 2083 2233 2134 sed
2283 2085 2510 2136 multum
2559 2102 2719 2137 exco-

1630 2153 1795 2205 luisse
1818 2158 1873 2205 et
1893 2153 2259 2219 amplificasse
2277 2154 2577 2206 censendus
2598 2157 2719 2218 erit,

1634 2224 1714 2272 ita
1733 2227 1794 2273 ut
1823 2222 1893 2273 ad
1916 2225 2122 2274 Dorum
2155 2224 2375 2286 foedus„
2411 2225 2556 2289 quod
2589 2231 2721 2277 tunc

1633 2294 1828 2343 initum
1864 2293 2038 2344 fuisse
2071 2292 2314 2356 videtur,
2371 2297 2720 2358 accesserint,

1634 2369 1859 2414 auctore
1917 2362 2094 2413 Raoul
2141 2363 2407 2414 Rochette
2448 2365 2595 2415 Hist.
2655 2366 2723 2417 de

1632 2432 1939 2483 l’Etabliss.
1989 2433 2043 2484 d.
2102 2432 2279 2485 colon.
2327 2433 2433 2483 111.
2484 2423 2610 2501 pass.
2653 2437 2719 2487 71

1635 2518 1789 2568 seqq.
1856 2503 1996 2552 Nam
2036 2502 2226 2554 eodem
2276 2503 2444 2553 ferme
2480 2508 2720 2570 tempore

1636 2572 1743 2622 Cos
1790 2571 1970 2622 insula
2018 2573 2226 2622 Dorum
2268 2572 2536 2624 coloniam
2583 2577 2723 2627 eius-

1636 2641 1756 2691 dem
1780 2642 1969 2705 stirpis
1993 2643 2265 2705 recepisse
2290 2642 2523 2707 videtur,
2564 2647 2725 2696 adeo·

1635 2726 1739 2776 que
1775 2712 1959 2762 Cnidus
1995 2715 2053 2761 et
2088 2712 2513 2776 Halicarnassus,
2559 2731 2723 2781 quam

1634 2785 1921 2845 utramque
1967 2781 2155 2832 urbem
2198 2783 2306 2832 iam
2357 2788 2523 2834 antea
2558 2786 2724 2835 exsti·

1635 2851 1799 2912 tisse,
1845 2850 1939 2899 vix
1978 2849 2197 2901 dubium
2251 2850 2371 2901 erit.
2447 2854 2531 2903 De
2567 2856 2722 2906 Cnido

1635 2919 1779 2969 conf.
1820 2919 1964 2969 iufra
2004 2919 2074 2969 ad
2108 2920 2163 2982 Ι,
2214 2921 2332 2973 174.
2394 2922 2478 2972 De
2523 2924 2720 2987 insula,

1634 3005 1773 3054 quae
1797 2989 1867 3038 ab
1895 2989 2134 3054 antiquis
2160 2989 2466 3056 appellatur
2492 2993 2604 3058 Cos,
2641 3010 2722 3044 re-

1634 3059 1874 3108 centiore
1910 3063 2093 3110 aetate
2116 3059 2200 3111 Ko
2237 3076 2284 3111 s.
2307 3060 2545 3121 Stanclto,
2582 3069 2719 3115 vett.

1633 3127 1956 3194 scriptorum
2008 3128 2159 3179 locos
2218 3130 2410 3180 attulit
2458 3133 2722 3198 Forbiger

1631 3197 1669 3248 l.
1695 3197 1736 3248 l.
1766 3214 1819 3263 p.
1846 3198 1977 3258 2383
2018 3199 2256 3265 itemque
2289 3201 2354 3251 A.
2391 3202 2628 3253 Kuester
2664 3205 2719 3253 in

1630 3268 1864 3318 Dissert.
1904 3267 1970 3318 de
1997 3269 2074 3318 Co
2110 3268 2291 3320 insula
2327 3269 2477 3333 (Hal.
2521 3272 2718 3338 1833.),

1632 3338 1726 3387 ubi
1751 3337 1895 3387 conf.
1922 3339 2264 3403 potissimum
2289 3356 2341 3404 p.
2367 3338 2449 3392 13.
2478 3342 2541 3394 16
2567 3358 2718 3408 seqq.

1633 3411 1799 3471 atque
1823 3409 2115 3472 praecipue
2132 3409 2221 3463 W.
2236 3411 2301 3459 L.
2314 3410 2529 3462 Leake:
2566 3410 2722 3474 „Me-

1632 3476 1769 3525 moir
1814 3492 1884 3526 on
1941 3477 2033 3527 the
2081 3477 2272 3529 Island
2325 3479 2386 3529 of
2432 3481 2587 3532 Cos“
2636 3484 2719 3531 in:

1631 3546 2027 3596 Transactions
2075 3547 2136 3597 of
2179 3547 2274 3598 the
2321 3550 2476 3613 royal
2513 3552 2722 3614 society

1632 3616 1694 3665 of
1732 3616 2041 3666 Literature
2098 3615 2502 3685 (Lond.1843)
2556 3622 2624 3673 Τ.
2671 3621 2718 3672 1.

1629 3701 1684 3749 p.
1726 3685 1911 3736 1-19.
1997 3687 2082 3736 De
2129 3687 2305 3738 Rhodo
2358 3689 2582 3754 eiusque
2626 3691 2720 3739 tri·

1628 3755 1729 3804 bus
1762 3756 2110 3818 civitatibus,
2151 3758 2346 3820 Lindo,
2385 3761 2475 3809 Jal
2469 3774 2582 3825 y,so
2620 3761 2719 3811 Ca-

1628 3827 1753 3875 miro
1787 3825 1900 3876 vid.
1928 3826 2262 3892 Forbigerl.
2286 3827 2323 3878 l.
2353 3844 2409 3893 p.
2429 3779 2537 3878 246
2562 3843 2715 3893 seqq.

1628 3895 1712 3944 De
1753 3895 2154 3959 Halicarnasso,
2203 3913 2344 3961 quae
2390 3898 2494 3948 fuit
2528 3898 2719 3949 Nostri

1627 3964 1757 4013 urbs
1794 3964 1999 4028 patria,
2049 3969 2106 4014 et
2146 3970 2392 4018 veterum
2435 3973 2490 4018 et
2533 3983 2718 4018 recen·

1625 4033 1822 4083 tiorum
1875 4035 2199 4099 scriptorum
2242 4036 2393 4088 locos
2437 4039 2579 4090 idem
2621 4038 2719 4089 da-

1625 4101 1708 4151 bit
1746 4103 2029 4168 Forbiger.
2077 4121 2132 4170 p.
2172 4105 2277 4156 218
2312 4123 2429 4172 seq.
2499 4109 2715 4159 Veteris

1626 4171 1806 4234 urbis,
1845 4174 1998 4223 cuius
2034 4189 2212 4238 pauca
2248 4181 2462 4229 tantum
2497 4182 2716 4229 exstant

1626 4241 1850 4303 rudera,
1887 4248 2098 4306 partem
2127 4260 2274 4298 nunc
2297 4253 2532 4313 occupat
2560 4249 2715 4299 vicus

1628 4325 1672 4359 s.
1722 4311 1976 4376 oppidum
2014 4314 2258 4376 Budrun,
2320 4315 2387 4366 de
2443 4332 2552 4381 quo
2601 4317 2716 4369 vid.

1625 4378 1907 4431 Hamilton
1958 4382 2189 4436 Travels
2236 4389 2343 4436 etc.
2392 4385 2482 4450 ΙΙ,
2526 4402 2584 4452 p.
2623 4386 2714 4442 30.
