3109 5092
1118 350 1616 414 EUTERPE.
1661 353 1744 413 11.
1793 359 1915 417 157.

2532 356 2656 420 789

298 539 385 591 181
405 542 597 610 πασε,
625 519 701 591 τό
730 516 862 609 ἐγώ
895 519 1155 610 φράσω,
1192 528 1443 612 μοῦνος
1473 522 1558 614 δὴ
1587 529 1918 614 ποιητέων
1944 532 2084 597 τῶν
2113 532 2651 618 προγενομένων.

376 629 646 716 ἐποίησε
676 623 805 715 γὰρ
827 622 1142 715 ’Ἄρτεμιν
1173 625 1347 695 εἶναι
1375 631 1724 717 θυγατέρα
1753 630 2126 721 Δήμητρος.
2184 629 2308 721 τὴν
2341 633 2415 701 δὲ
2442 638 2655 722 νῆσον

376 727 488 798 διὰ
515 736 714 799 τοῦτο
746 730 1068 816 γενέσθαι
1099 729 1390 820 πλωτήν.
1453 736 1663 801 ταῦτα
1690 733 1816 821 μὲν
1843 731 2020 803 οὕτω
2049 739 2341 822 λέγουσι.

528 833 959 923 Ψαμμήτιχος
1002 833 1079 901 δὲ
1114 836 1509 921 ἐβασίλευσε
1550 835 1905 921 Αἰγύπτου
1934 840 2213 929 τέσσερα
2254 841 2367 907 καὶ
2397 839 2641 928 πεντή-
2669 843 2787 903 157

374 1001 657 1062 97-100,,
689 1000 913 1050 Lobeck
933 999 988 1049 in
1008 999 1367 1065 Aglaopham.
1411 1002 1458 1053 1.

374 1088 427 1136 p.
469 1072 534 1120 77
571 1086 751 1135 seqq.,
789 1070 959 1120 Henr.
993 1070 1367 1120 Wiskemann.
1405 1071 1461 1120 in

376 1141 675 1190 Comment.
717 1139 785 1189 de
818 1130 1076 1203 ἀσεβείας
1111 1137 1319 1206 γραφῇ,
1352 1145 1458 1190 etc.

374 1211 437 1260 P.
473 1210 517 1259 1.
560 1206 860 1272 (Hersfeld.
892 1207 1042 1273 1846)
1071 1223 1199 1272 pag.
1225 1211 1258 1259 4
1285 1225 1459 1276 seqq„

372 1278 629 1328 Welcker
667 1279 722 1328 in
758 1276 1071 1327 Rheinisch.
1110 1279 1251 1330 Mus.
1296 1279 1361 1329 V.
1401 1295 1455 1344 p.

371 1349 493 1400 460.
517 1349 703 1412 Ipsum
722 1362 850 1396 vero
865 1344 1121 1410 Aeschyli
1141 1348 1343 1398 dictum
1359 1387 1373 1413 ,
1403 1350 1460 1398 in

374 1433 481 1482 quo
505 1417 808 1482 Aegyptiae
833 1415 1118 1465 doctrinae
1156 1417 1360 1468 indicia
1386 1417 1461 1468 la-

369 1491 550 1550 teant,
599 1486 882 1551 attigimus
929 1500 1093 1551 supra
1128 1486 1197 1536 ad
1233 1487 1316 1549 11,
1360 1488 1457 1539 137

369 1555 460 1606 fin.

437 1620 654 1689 μοῦνος
688 1614 761 1687 δὴ
799 1616 1084 1687 ποιητέων
1109 1620 1224 1672 τῶν
1254 1639 1458 1688 προγε-

369 1690 643 1758 νομένων]
705 1693 863 1754 Quod
916 1692 1241 1759 Aeschylum
1288 1695 1459 1745 Hero-

371 1765 531 1815 dotus
557 1762 797 1827 appellat
821 1777 987 1813 unum
1023 1778 1053 1811 τ
1073 1761 1163 1811 ὠν
1204 1778 1419 1829 προγε
1438 1793 1459 1801 -

368 1825 719 1895 νομένων,
770 1847 833 1882 eo
874 1832 1012 1881 satis
1063 1830 1331 1883 declarari
1363 1849 1458 1898 pu-

367 1907 454 1952 tat
472 1901 798 1951 Dahlmsnn.
840 1900 1044 1951 Herod.
1075 1917 1201 1967 pag.
1242 1903 1304 1953 21
1342 1918 1458 1967 seq.

368 1971 512 2021 falsa
548 1985 700 2033 esse,
748 1985 889 2035 quae
924 1970 993 2019 de
1025 1971 1291 2022 Herodoti
1334 1988 1457 2037 ope·

367 2041 442 2090 ris
495 2038 861 2104 praelectione
896 2039 1163 2104 Olympiis
1216 2042 1367 2092 facta
1402 2057 1457 2092 n..

365 2109 469 2160 456
531 2113 657 2159 ante
724 2109 849 2158 Chr.
913 2108 1078 2174 vulgo
1149 2111 1455 2173 tradantur,

367 2195 486 2229 cum
527 2194 590 2228 eo
626 2179 745 2242 ipso
782 2193 923 2229 anno
959 2183 1202 2230 mortuus
1240 2182 1313 2230 sit
1351 2183 1452 2231 Ae·

371 2247 617 2312 schylus,
656 2263 812 2313 quem
842 2248 1172 2312 Herodotus,
1209 2250 1302 2314 qui
1335 2251 1454 2316 ipse

368 2322 531 2367 natus
580 2323 699 2367 erat
733 2318 838 2368 484
872 2334 927 2369 a.
967 2317 1090 2367 Chr.
1126 2334 1209 2378 n.,
1249 2320 1354 2382 vel,
1394 2326 1455 2369 ut

365 2386 580 2438 Schoell
599 2385 676 2450 (in
697 2386 1035 2437 SchneideW.
1060 2387 1330 2453 Philolog.
1355 2390 1452 2441 IX.

364 2474 418 2522 p.
465 2457 563 2507 211
615 2456 755 2521 seq.)
808 2456 1113 2519 contendit,
1175 2458 1280 2508 489
1325 2463 1454 2508 ante

366 2526 491 2577 Chr.
529 2542 584 2576 n.
613 2526 834 2576 minime
858 2529 1140 2591 poetarum
1169 2526 1281 2576 τῶν
1317 2543 1454 2589 προ-

362 2588 684 2659 γενομένων
730 2612 894 2645 unum
937 2595 1214 2660 appellare
1267 2602 1455 2662 potue-

362 2667 451 2715 rit.
493 2664 598 2714 Sed
635 2665 881 2729 equidem
911 2681 1023 2714 non
1059 2665 1324 2733 intelligo,
1361 2684 1456 2719 cur

362 2734 625 2783 historiae
673 2739 830 2798 pater
876 2734 1229 2798 Aeschylum,
1284 2737 1452 2787 multo

363 2807 509 2853 certe
546 2803 802 2853 maiorem
842 2809 1008 2866 natu,
1058 2805 1137 2854 ita
1175 2806 1452 2871 appellare

361 2873 509 2922 haud
547 2873 820 2937 potuerit,
857 2874 1177 2938 praesertim
1214 2877 1261 2924 si
1297 2892 1453 2941 repu-

360 2947 568 3005 temus,
605 2941 747 2992 haud
787 2942 1058 3007 integrum
1097 2960 1232 3008 opus
1269 2944 1453 3011 Olym·

359 3013 465 3077 piis
500 3012 786 3062 recitatum
828 3012 1000 3062 fuisse
1032 3011 1219 3075 videri,
1258 3016 1452 3066 multa-

362 3098 465 3147 que
502 3082 668 3132 otiam
704 3082 829 3132 addi
846 3083 1089 3146 potuisse
1102 3083 1171 3132 ab
1185 3083 1447 3136 historico

360 3157 554 3214 postea
572 3153 790 3215 saepius
812 3167 948 3218 opus
974 3168 1128 3202 suum
1151 3153 1446 3219 relegente.

360 3222 443 3270 Tn
480 3221 595 3271 vid.
623 3222 809 3287 Heyse
828 3223 1077 3285 Quaestt.
1118 3223 1279 3273 Herr.
1315 3240 1443 3291 pag.

359 3291 446 3340 42.
522 3292 588 3342 In
648 3305 803 3356 seqq.
860 3291 931 3341 ad
993 3292 1446 3358 significationem

358 3359 512 3408 verbi
545 3350 770 3422 ἐποίησε
806 3360 1041 3420 faciunt,
1095 3375 1234 3425 quae
1267 3362 1337 3411 ad
1372 3363 1447 3424 11,

358 3427 425 3477 53
463 3428 727 3478 adnotata
764 3433 912 3480 sunt.
985 3431 1230 3492 Quanam
1275 3432 1332 3480 in
1371 3432 1450 3481 sa-

360 3496 514 3559 bula,
552 3496 835 3560 deperdita
871 3499 1092 3562 utique,
1149 3498 1449 3564 Aeschylus

359 3565 493 3615 haec
530 3565 755 3625 dixerit,
792 3566 940 3616 haud
972 3570 1208 3616 constat.

426 3626 531 3699 τὴν
580 3627 644 3683 δὲ
692 3632 873 3697 νῆσον
923 3628 1020 3683 διὰ
1070 3633 1239 3683 τοῦτο
1300 3629 1448 3700 γενέ-

359 3704 500 3754 σθαι
549 3697 796 3769 πλωτήν]
852 3705 1008 3754 Haec
1056 3704 1251 3766 verba,
1311 3721 1450 3770 quae

355 3775 625 3825 immerito
644 3773 971 3839 displicuere
991 3773 1121 3823 viris
1138 3772 1315 3826 doctis
1335 3775 1451 3839 qui-

357 3844 618 3907 busdam,
655 3848 911 3909 repetunt
948 3843 1273 3894 sententiam
1310 3844 1452 3908 prin·

357 3914 618 3978 cipslem,
666 3930 786 3964 cum
834 3913 1007 3964 multa
1054 3911 1164 3962 alia
1215 3913 1453 3978 interpo-

359 3985 471 4033 sita
506 3988 717 4044 essent,
775 3998 914 4047 quae
959 3981 1244 4032 occasione
1283 3983 1453 4033 hacce

358 4052 548 4102 oblata
600 4053 668 4102 ad
707 4052 981 4102 meliorem
1030 4051 1252 4102 fabulae
1295 4052 1453 4102 intel-

353 4122 640 4187 ligentiam
665 4124 964 4184 praeterire
991 4121 1169 4170 noluit
1197 4126 1354 4186 pater
1376 4123 1456 4171 hi-

357 4191 578 4241 storiae.
640 4192 834 4256 ‚Quare
890 4191 1215 4241 Schaeferus
1269 4191 1451 4241 verbis

356 4251 414 4308 ἔτι
449 4252 657 4308 τούτου
697 4252 759 4308 δὲ
796 4289 861 4295 -
897 4253 1208 4324 Δήμητρος
1255 4277 1454 4326 paren-

355 4329 570 4379 theseos
618 4330 775 4392 signa
825 4331 1109 4393 apposuit,
1167 4345 1305 4394 quae
1359 4346 1449 4380 ea-

358 4398 479 4448 dem
508 4398 813 4464 Schweigh.
853 4404 908 4449 et
935 4399 1109 4450 Gaisf.
1151 4405 1451 4463 posuerunt

1563 1007 1696 1052 ante
1729 1004 1925 1054 verba:
1962 995 2283 1055 Ἀπόλλωνα
2328 1001 2391 1055 δὲ
2437 1021 2489 1057 κ.
2521 1023 2566 1056 τ.
2603 1006 2652 1057 λ.

1563 1073 1737 1122 Nobis
1810 1078 1992 1124 tamen
2063 1076 2172 1125 isto
2231 1075 2405 1125 fulcro
2468 1092 2655 1126 carere

1563 1157 1727 1207 posse
1768 1144 2061 1194 videbatur
2102 1145 2281 1195 oratio
2317 1145 2649 1197 Herodotea.

1910 1313 2045 1365 Car.
2089 1314 2309 1365 CLVII.

1638 1407 2007 1481 Ψαμμήτιχος
2036 1444 2099 1452 —
2126 1409 2356 1479 τέσσερα
2390 1411 2486 1466 καὶ
2518 1432 2652 1468 πεν-

1561 1475 1825 1550 τήκοντα]
1878 1485 2123 1535 Eundem
2168 1500 2434 1536 annorum
2468 1503 2652 1539 nume-

1560 1570 1680 1604 rum
1704 1555 2091 1605 Psammiticho
2128 1555 2322 1605 tribuit
2355 1557 2648 1608 Africanus

1561 1639 1628 1674 ex
1661 1624 1992 1682 Manethone
2031 1625 2175 1689 apud
2211 1625 2447 1688 Syncell.
2485 1642 2538 1691 p.
2579 1628 2646 1679 75

1562 1709 1608 1743 s.
1635 1709 1689 1758 p.
1721 1695 1813 1744 141
1858 1692 1942 1743 ed.
1979 1694 2175 1754 Bonn„
2212 1694 2485 1744 Eusebius
2520 1712 2645 1760 qua-

1562 1764 1806 1827 draginta
1857 1765 2072 1827 quinque
2116 1767 2329 1812 tantum
2386 1764 2542 1829 (ibid.
2593 1782 2645 1829 p.

1562 1833 1630 1882 76
1667 1847 1711 1882 s.
1739 1848 1793 1896 p.
1834 1831 1975 1897 143),
2014 1832 2158 1897 quod
2194 1834 2370 1896 ipsum
2409 1834 2651 1898 praefert

1561 1901 1829 1952 Rosellini
1854 1901 2094 1951 Monum.
2129 1902 2316 1952 storic.
2354 1902 2431 1953 11.
2468 1919 2522 1967 p.
2551 1904 2643 1956 131

1562 1986 1675 2035 seq.
1725 1969 1849 2020 coll.
1890 1970 1985 2019 IV.
2036 1986 2089 2035 p.
2134 1971 2251 2021 196.
2307 1969 2405 2022 187
2449 1987 2647 2022 annum

1560 2055 1767 2105 ponens
1804 2041 1909 2091 654
1946 2055 1998 2091 a.
2037 2040 2161 2090 Chr.
2204 2055 2280 2102 n.,
2320 2056 2427 2106 quo
2458 2042 2647 2091 Psam-

1555 2109 1811 2158 mitichus
1848 2124 2075 2173 regnare
2112 2110 2378 2174 coeperit:
2435 2110 2503 2160 de
2539 2125 2645 2176 quo

1558 2179 1703 2229 conf.
1744 2177 1966 2228 Boeckh
2000 2179 2057 2228 in
2089 2179 2354 2230 Schmidt.
2380 2180 2643 2230 Zeitschr.

1556 2248 1598 2298 f.
1634 2247 2274 2299 Geschichtswissensch.
2310 2249 2386 2301 11.
2428 2265 2481 2313 p.
2520 2251 2645 2300 717.

1556 2319 1680 2369 726.
1729 2317 1936 2367 Contra
1987 2333 2130 2368 anno
2178 2318 2280 2369 673
2329 2334 2380 2368 a.
2420 2319 2541 2368 Chr.
2588 2335 2642 2369 n.

1556 2386 2002 2438 Psammitichum
2061 2388 2131 2437 ad
2180 2404 2405 2454 regnum
2460 2404 2649 2453 perve-

1555 2458 1706 2506 nisse
1757 2461 2016 2521 posuerat
2062 2458 2152 2507 Pr.
2198 2460 2345 2522 Ley:
2401 2459 2545 2507 Fata
2592 2463 2649 2508 et

1556 2525 1800 2577 conditio
1849 2527 2084 2591 Aegypt.
2135 2528 2235 2577 sub
2281 2527 2472 2592 imper.
2520 2529 2646 2578 Per-

1555 2611 1693 2647 sarr.
1734 2611 1787 2659 p.
1826 2598 1913 2648 42.
1965 2595 2232 2660 Equidem
2268 2596 2325 2644 in
2360 2597 2429 2645 iis
2468 2596 2643 2646 subsi-

1556 2670 1701 2716 stere
1737 2664 1949 2725 malim,
1990 2679 2129 2728 quae
2165 2664 2232 2713 ad
2268 2665 2312 2726 1,
2350 2665 2448 2715 105
2484 2666 2646 2729 posui

1559 2735 1870 2784 Clintonum
1930 2749 1994 2782 ac
2037 2734 2358 2783 Fischerum
2404 2738 2643 2795 secutus,

1558 2804 1649 2869 qui
1688 2801 2064 2853 Psammitichi
2098 2818 2322 2868 regnum
2347 2802 2492 2852 intra
2517 2818 2642 2853 ann.

1552 2872 1856 2924 670-616
1888 2872 2308 2923 constituerunt.
2377 2872 2647 2923 Videntur

1555 2948 1740 2994 autem
1761 2947 1815 2991 et
1832 2942 2250 2992 Psammitichus
2272 2947 2327 2992 et
2351 2942 2443 3008 qni
2468 2943 2644 3008 ipsum

1553 3013 1730 3064 secuti
1765 3015 1893 3062 sunt
1927 3012 2164 3077 Aegypti
2197 3027 2382 3077 reges,
2430 3012 2645 3077 expedi-

1551 3083 1794 3133 tionibus
1833 3080 2047 3131 bellicis
2094 3082 2149 3132 id
2198 3082 2486 3147 praecipue
2522 3097 2641 3147 spe-

1554 3158 1765 3213 ctasse,
1811 3155 1874 3202 ut
1909 3151 2123 3215 Syriam
2159 3152 2639 3217 Phoeniciamque,

1552 3238 1691 3288 quae
1725 3226 1905 3271 terrae
1941 3220 2092 3271 fuere
2121 3221 2563 3285 opulentissimae
2588 3226 2643 3270 et

1553 3292 1790 3341 omnium
1826 3305 2004 3339 rerum
2031 3291 2190 3355 copia
2214 3292 2521 3351 affluentes,
2563 3289 2640 3339 di-

1553 3363 1692 3411 tioni
1740 3375 1872 3409 suae
1917 3359 2308 3423 adiungerent,
2362 3359 2641 3422 ipsamque

1552 3431 1860 3494 Aegyptum
1902 3427 2005 3477 hoc
2052 3427 2212 3477 modo
2246 3433 2421 3476 tutam
2456 3426 2644 3476 redde-

1551 3503 1675 3548 rent
1712 3498 1781 3546 sb
1824 3496 2075 3546 hostibus
2118 3497 2212 3545 via
2258 3496 2504 3545 terrestri
2539 3496 2642 3545 Ae-

1550 3575 1779 3631 gyptum
1815 3565 2147 3630 petentibus.
2186 3565 2365 3629 Atque
2388 3565 2640 3626 Azotum,

1548 3638 1607 3685 in
1644 3634 1893 3685 confiniis
1932 3634 2043 3683 fere
2078 3634 2241 3683 sitam
2275 3633 2489 3696 urbem,
2543 3648 2641 3698 per

1551 3703 1929 3767 undetriginta
1964 3717 2135 3752 annos
2178 3703 2324 3767 quod
2361 3701 2640 3753 obsedisse

1552 3775 1727 3824 fertur
1756 3772 2206 3834 Psammitichus‚
2264 3772 2332 3822 de
2379 3771 2639 3823 continua

1553 3843 1870 3894 obsessione
1902 3841 2135 3906 intelligi
2170 3841 2477 3904 noluerunt,
2514 3856 2637 3892 cum

1554 3913 1622 3963 de
1656 3911 1870 3962 iteratis
1906 3911 2340 3977 expeditionibus
2366 3912 2423 3961 in
2449 3911 2636 3961 urbem

1554 3982 1719 4032 factis
1780 3981 1881 4032 hoc
1937 3982 2011 4030 sit
2069 3980 2463 4045 accipiendum.
2543 3981 2637 4031 Vi-

1555 4052 1687 4102 deas
1724 4051 1957 4100 Heereu.
2005 4051 2175 4101 Ideen
2213 4051 2298 4113 11,
2346 4052 2398 4101 2.
2444 4067 2498 4115 p.
2533 4051 2631 4101 401

1558 4136 1674 4185 seq.
1692 4119 1816 4170 coll.
1834 4119 2138 4171 Schlosser:
2156 4119 2636 4187 Universalgesch.

1556 4191 1601 4252 1,
1643 4191 1691 4239 l.
1733 4205 1858 4256 pag.
1883 4190 1986 4241 200
2014 4195 2130 4240 not.
2200 4191 2382 4243 Unum
2417 4191 2638 4241 obstare

1554 4259 1797 4322 videtur,
1866 4266 2118 4310 monente
2189 4261 2635 4325 Hengstenberg:

1553 4331 1638 4379 De
1672 4331 1831 4395 Tyrr.
1869 4330 2019 4380 rebb.
2053 4346 2110 4394 p.
2145 4330 2229 4392 79,
2274 4329 2498 4379 verbum
2546 4327 2640 4377 ad-

1554 4399 1726 4448 ditum
1769 4392 2262 4466 προσκατὴμενοςς
2302 4413 2401 4448 nec
2441 4399 2638 4448 desunt
