3109 5092
458 380 582 444 268

1321 376 1858 441 HERODOTI

460 554 666 643 πάρεξ
711 548 753 642 ἢ
792 549 953 622 ὅσον
990 556 1059 621 οἱ
1093 553 1370 621 Σκύθαι
1409 542 1637 639 ἦρχον.
1707 546 1989 646 Τστὲρῳ
2029 555 2256 642 μέντοι
2288 551 2505 646 χρόνῳ
2534 581 2727 642 μετε-

459 658 707 746 μέλησέ
740 659 816 725 τέ
847 676 971 744 σφι
1013 660 1222 724 ταῦτα
1266 653 1614 744 ποιήσασι,
1654 656 1767 723 καὶ
1807 653 2190 745 ἀπέστησαν
2229 652 2361 725 ἀπὸ
2406 665 2729 746 Δαρείου,
2756 664 2769 678 “

459 757 867 839 ἀποστάντες
908 759 982 828 δὲ
1012 755 1226 828 ὀπίσω
1255 757 1840 847 κατεστράφησαν,
1879 759 2053 849 μάχῃ
2094 762 2508 847 νικηθέντες.
2580 755 2728 828 τότε

529 953 707 1024 πάρεξ
740 947 780 1024 ἦ
817 972 959 1008 οσον
996 954 1056 1009 οἴ
1078 950 1310 1009 Σκύθαι
1334 945 1540 1042 ἦρχον]

459 1031 613 1080 Haec
656 1045 777 1079 cum
813 1029 1208 1091 Valckenario,
1256 1029 1348 1110 qni
1398 1029 1544 1077 simi-

458 1099 538 1149 les
588 1099 894 1149 locutiones
953 1099 1109 1148 affert
1168 1093 1348 1163 (πλὴν
1403 1110 1544 1147 οσον

463 1170 539 1249 ΙΙ,
564 1169 650 1220 33.
691 1156 1135 1232 χωρὶςηὸκόσοι
1165 1168 1243 1229 ΙΙ,
1273 1167 1357 1217 77.
1393 1158 1543 1228 πλὴν

460 1209 590 1316 ἦΙΙ,
622 1237 740 1287 111.
768 1232 939 1300 χωρὶς
965 1226 1002 1300 ἦ
1037 1225 1126 1284 ὅτι
1148 1237 1244 1296 IV,
1269 1237 1356 1286 82.
1395 1229 1544 1299 πλὴν

470 1302 510 1370 ἦ
538 1320 668 1357 οσοι
693 1306 798 1366 VI,
827 1306 902 1367 5),
938 1307 1019 1355 ita
1051 1304 1370 1369 accipienda
1396 1310 1541 1365 sunt,

460 1381 523 1427 nt
560 1381 804 1440 tempus,
855 1374 1000 1438 qnod
1034 1390 1131 1437 per
1165 1374 1307 1424 hanc
1343 1374 1544 1424 formu-

460 1448 571 1496 lam
607 1443 943 1504 declaratur,
997 1443 1064 1493 de
1099 1458 1364 1492 annorum
1402 1459 1542 1493 snm-

463 1531 553 1564 ma
610 1515 666 1562 in
724 1512 1173 1562 antecedentibus
1231 1512 1543 1574 significata

462 1582 795 1634 detrahatur.
845 1583 958 1632 Nec
981 1581 1139 1632 aliter
1164 1582 1397 1645 intelligi
1423 1581 1543 1631 vult

461 1655 622 1717 Muys
687 1652 914 1713 Quaest.
971 1650 1116 1701 Ctes.
1187 1651 1538 1715 chronologg.

461 1740 512 1788 p.
541 1722 628 1773 20.
683 1721 766 1771 Ad
793 1736 982 1771 vocem
1006 1712 1184 1784 πάρεξ
1222 1720 1369 1770 conf.
1400 1726 1540 1771 nott.

461 1793 532 1842 ad
550 1793 594 1854 I,
613 1789 701 1842 93.
744 1791 940 1855 Itaque
959 1806 1024 1839 ex
1039 1805 1245 1840 summa
1260 1790 1545 1840 CXXVIII

461 1876 724 1912 annorum
765 1860 1083 1912 detrahendi
1119 1864 1277 1909 erunt
1299 1859 1545 1909 XXVIII

461 1932 617 1993 anni,
652 1945 748 1994 per
779 1945 934 1994 qnos,
971 1934 1034 1980 ut
1063 1944 1226 1994 snpra
1254 1929 1300 1991 Ι,
1338 1928 1436 1979 106
1470 1928 1546 1978 le-

461 2002 667 2066 gimus,
707 1999 1002 2050 dominatio
1034 1999 1359 2063 Scytharum
1385 1997 1544 2048 dura-

460 2072 559 2120 vit.
627 2068 712 2118 Ad
744 2068 844 2118 has
882 2068 1207 2132 Scytharum
1244 2067 1543 2131 expeditio-

461 2154 559 2189 nes
615 2137 889 2202 Asiaeque
957 2137 1379 2204 dominationem
1447 2153 1543 2202 per

464 2206 868 2270 duodetriginta
913 2221 1086 2256 annos
1125 2206 1350 2267 similia,
1399 2221 1542 2270 quae

461 2278 518 2326 in
530 2275 751 2326 Persico
771 2276 1007 2325 carmine
1031 2274 1404 2325 Schahnameh
1423 2291 1546 2324 nar-

461 2351 678 2406 rantur,
714 2344 882 2394 refert
919 2345 1197 2397 Hammer.
1234 2344 1290 2393 in
1327 2344 1547 2394 Wiener

462 2413 759 2466 Jahrbiich.
809 2415 907 2463 lx.
958 2430 1013 2478 p.
1066 2413 1146 2464 13.
1234 2412 1356 2462 Illic
1404 2414 1543 2463 enim

463 2484 759 2535 Keikawns
779 2500 872 2534 rex
898 2481 1080 2547 (quem
1106 2483 1406 2547 Cyaxarem
1428 2498 1548 2533 esse

462 2552 613 2618 vult)
675 2569 772 2618 per
845 2552 1071 2604 totidem
1140 2568 1310 2603 annos
1380 2551 1551 2601 inclu-

464 2640 555 2675 sns
595 2627 811 2673 tenetur
850 2639 882 2673 a
915 2622 1172 2673 Turaniis
1208 2623 1264 2672 in
1294 2636 1548 2671 saxorum

463 2710 605 2745 arce.

532 2757 628 2812 καὶ
654 2752 983 2824 ἀπέστησαν
1002 2751 1118 2809 ἀπὸ
1141 2756 1416 2824 Δαρείου]
1436 2760 1550 2808 Me-

463 2831 743 2883 morabilis
772 2830 955 2892 locus,
994 2830 1193 2894 qnippe
1219 2845 1285 2879 ex
1306 2843 1412 2893 quo
1442 2827 1550 2878 col-

462 2901 562 2966 ligi
593 2915 755 2965 posse
781 2904 1070 2963 putarunt,
1108 2914 1214 2962 quo
1241 2913 1415 2961 nsque
1440 2897 1550 2947 He-

464 2971 688 3021 rodotus
715 2969 937 3030 vixerit,
979 2972 1112 3031 quot
1144 2982 1317 3016 annos
1349 2966 1550 3016 habue-

464 3041 538 3089 rit
560 3039 696 3087 haec
719 3038 839 3102 ipsa
869 3036 1234 3087 conscribens.
1273 3035 1551 3085 Defectio-

467 3123 576 3159 rem
628 3106 767 3156 enim
818 3105 1126 3165 Medorum,
1188 3104 1255 3154 de
1303 3120 1412 3169 qua
1459 3104 1546 3153 hic

465 3176 655 3229 scribit
681 3178 898 3236 auctor,
924 3174 1193 3223 accidisse
1219 3178 1417 3237 putant
1439 3174 1549 3222 Da-

466 3248 547 3298 rio
583 3244 767 3296 Notho
803 3246 1097 3309 regnante,
1143 3258 1176 3292 a
1211 3258 1317 3307 qno
1354 3244 1547 3292 iterum

464 3315 611 3368 Medi
649 3314 867 3365 subacti
900 3318 1028 3363 sunt
1060 3327 1204 3362 anno
1236 3311 1365 3362 belli
1395 3311 1550 3362 Pelo-

464 3384 781 3452 ponnesiaci
829 3382 1094 3444 vigesimo
1146 3387 1371 3445 quarto,
1420 3382 1457 3431 i.
1497 3397 1546 3432 e.

466 3453 774 3521 Olympiad.
827 3452 1043 3511 XCIII,
1096 3451 1120 3501 l
1175 3452 1292 3501 sive
1337 3450 1441 3500 408
1494 3467 1547 3500 a.

466 3527 564 3577 ch.
593 3541 646 3575 ιι.
705 3525 794 3573 Ita
832 3526 979 3572 certe
1003 3520 1304 3585 Xenophon
1329 3519 1546 3569 Hellen.

467 3596 511 3658 Ι,
549 3598 582 3646 2
612 3594 705 3644 fin.
776 3591 935 3642 Unde
972 3590 1265 3655 colligunt,
1303 3588 1549 3639 Herodo-

464 3670 579 3716 tum
619 3663 687 3713 ad
723 3661 1113 3725 octogesimum
1149 3660 1318 3709 ferme
1350 3673 1549 3708 annum

463 3734 636 3783 vitam
655 3747 812 3782 suam
830 3731 1068 3791 duxisse,
1107 3744 1230 3779 cnm
1249 3729 1354 3778 hoc
1373 3728 1549 3792 ipsum

463 3807 797 3868 postremum
820 3800 892 3849 sit
921 3800 1124 3849 factum
1139 3835 1152 3859 ‚
1183 3798 1340 3848 cuins
1361 3797 1418 3846 in
1440 3797 1550 3846 He—

465 3870 646 3920 rodoti
693 3869 867 3918 Musis
903 3868 1000 3917 fiat
1035 3867 1269 3927 mentio,
1317 3867 1551 3915 forsitan

466 3939 638 3989 multo
683 3941 807 4002 post
849 3952 984 4000 opus
1020 3937 1128 3985 iam
1169 3933 1478 3985 absolutum
1517 3949 1550 3983 a

469 4008 733 4071 scriptore
763 4020 893 4055 sene
914 4005 1196 4054 insertum.
1237 4003 1361 4053 Vid.
1388 4002 1553 4053 Dabl-

467 4074 870 4126 mann.Herod.
893 4089 946 4136 p.
964 4074 1050 4122 47.
1086 4073 1273 4136 Heyse
1301 4073 1551 4132 Quaestt.

467 4142 712 4196 Herodd.
750 4142 797 4190 Ι.
836 4158 891 4206 p.
929 4144 1016 4191 42.
1056 4139 1143 4190 70.
1215 4140 1426 4201 Quibus
1462 4140 1551 4191 Cr.

473 4213 627 4265 addit
652 4209 933 4260 Mazocchi
958 4210 1284 4260 Commentt.
1304 4208 1363 4257 in
1376 4208 1552 4260 Tabb.

473 4279 716 4334 Heracll.
751 4295 805 4342 p.
847 4278 965 4328 102.
1014 4277 1122 4329 Sed
1158 4277 1556 4328 dubitationem

475 4351 711 4403 movisse
755 4348 915 4398 video
963 4347 1025 4398 C.
1073 4348 1137 4398 G.
1186 4347 1451 4411 Krneger.
1500 4348 1558 4396 in

477 4418 723 4474 Seebode
768 4416 993 4469 Archiv,
1041 4415 1083 4470 f.
1128 4414 1399 4482 Philolog.
1445 4417 1559 4466 und

1645 959 1959 1025 Paedagog.
1987 960 2016 1009 Ι
2046 958 2251 1025 (1824).
2270 976 2324 1023 p.
2347 961 2448 1013 223
2468 976 2585 1026 seq.
2611 966 2727 1011 not.

1647 1033 1701 1078 et
1746 1030 1830 1079 in:
1891 1030 2382 1094 Untersuchungen
2440 1031 2575 1081 iiber
2629 1030 2729 1080 das

1645 1097 1830 1148 Leben
1867 1098 1962 1148 des
2002 1099 2350 1164 Thucydides
2386 1115 2439 1163 p.
2471 1100 2538 1150 26
2575 1114 2728 1164 seqq.

1646 1167 2038 1231 Epicritischer
2076 1168 2359 1230 Nachtrag
2391 1175 2496 1218 eto.
2544 1185 2599 1233 p.
2639 1169 2727 1219 39.

1647 1236 1748 1286 Cui
1784 1233 2205 1301 vix‘probabile
2252 1237 2493 1300 videtur,
2544 1238 2730 1287 Medo-

1645 1321 1763 1355 rum
1799 1305 2177 1368 desectionem,
2208 1321 2349 1371 quae
2380 1315 2571 1357 centum
2589 1312 2730 1372 quin-

1646 1378 1884 1440 quaqinta
1918 1381 2044 1439 post
2082 1377 2238 1426 annis
2285 1376 2385 1425 sub
2424 1376 2586 1427 Dario
2626 1377 2728 1426 No·

1645 1444 1725 1495 tho
1774 1445 2003 1506 accidit,
2056 1445 2124 1494 ab
2167 1445 2451 1495 Herodoto
2497 1445 2731 1497 indicari

1645 1513 1878 1578 simplici
1934 1514 2190 1564 formula.
2249 1504 2466 1579 ὑστέρῳ
2519 1506 2727 1578 χρόνῳ,

1646 1583 1750 1660 qui
1789 1599 1887 1647 pro
1923 1599 2072 1633 more
2121 1599 2220 1634 suo
2268 1583 2450 1633 dicere
2494 1583 2731 1634 debebat

1644 1642 1834 1716 χρόνῳ
1854 1650 2045 1716 πολλῷ
2069 1669 2113 1703 s.
2131 1651 2390 1701 πολλοῖσι
2408 1642 2610 1702 ἔτεσι”
2569 1667 2728 1702 υστε-

1646 1734 1751 1784 ρον
1789 1725 1885 1771 ant
1933 1720 2040 1770 alio
2089 1737 2196 1787 qno
2233 1720 2392 1771 modo
2429 1724 2731 1772 accuratio-

1648 1806 1762 1840 rem
1821 1792 2076 1854 temporis
2126 1792 2462 1842 notationem
2509 1792 2731 1841 subiun-

1648 1875 1796 1924 gere.
1872 1861 2022 1921 Quae
2074 1876 2194 1911 cnm
2240 1861 2321 1910 ita
2356 1860 2499 1918 sint,
2551 1877 2615 1911 eo
2653 1862 2731 1910 in-

1647 1929 1818 1979 clinat
1854 1929 1921 1980 V.
1948 1930 2046 1990 D.‚
2082 1935 2144 1979 nt
2177 1930 2244 1979 de
2268 1930 2430 1979 Dario
2455 1930 2733 1994 Hystaspis

1645 1998 1789 2048 hunc
1833 1998 2010 2048 locum
2054 1999 2361 2060 intelligere
2396 1997 2577 2060 malit,
2625 2000 2733 2048 nisi

1647 2068 1867 2117 omnino
1915 2067 2051 2117 haec
2093 2068 2281 2118 Nostri
2326 2068 2493 2117 verba
2529 2068 2732 2118 seriore

1647 2142 1832 2187 aetate
1866 2137 1934 2187 ab
1972 2135 2081 2186 alio
2121 2137 2338 2187 adiecta
2374 2137 2599 2188 fuerint.
2646 2140 2731 2188 De

1646 2208 1812 2257 Dario
1872 2207 2154 2270 Hystaspis
2220 2208 2328 2255 iam
2393 2206 2732 2271 cogitaverat

1648 2274 2047 2340 lVesselingius
2106 2276 2266 2340 idque
2315 2291 2459 2325 nnnc
2515 2276 2731 2340 egregie

1648 2345 1955 2395 confirmari
1985 2344 2229 2395 videmus
2264 2345 2619 2408 inscriptione
2644 2348 2732 2395 Bi-

1649 2418 1877 2475 sntnna,
1912 2414 1969 2462 in
1993 2429 2101 2478 qna
2138 2419 2586 2464 commemoratur
2622 2416 2733 2464 Me-

1649 2482 1838 2533 dorum
1860 2483 2093 2533 defectio
2118 2484 2350 2534 antehac
2364 2499 2471 2533 non
2491 2484 2731 2549 cognita.

1650 2552 1783 2602 Cum
1823 2555 1966 2603 enim
1998 2554 2200 2602 Darius
2235 2554 2305 2603 ad
2342 2568 2565 2617 regnum
2608 2553 2733 2603 eve-

1651 2626 1772 2672 ctus
1820 2627 1993 2684 esset,
2041 2622 2097 2671 in
2133 2622 2317 2672 Media
2352 2627 2573 2672 exortus
2612 2638 2731 2673 esse

1651 2691 1851 2741 dicitur
1885 2692 1971 2740 vir
2015 2692 2231 2741 nomine
2273 2691 2596 2750 Phraortes,
2639 2694 2735 2756 qni

1651 2774 1709 2809 se
1753 2760 2052 2824 Cyaxarem
2100 2776 2222 2810 esse
2267 2760 2479 2811 ferebat
2522 2762 2735 2811 Medos-

1651 2844 1756 2894 que
1775 2828 1844 2878 ad
1866 2830 2225 2879 defectionem
2243 2828 2596 2892 sollicitabat,
2612 2846 2735 2880 mox

1650 2914 1778 2948 vero
1815 2899 1884 2948 ab
1916 2898 2209 2963 Hydarne,
2253 2898 2347 2963 qui
2376 2900 2531 2948 Darii
2562 2900 2757 2982 copiis

1650 2968 1917 3032 praefuit,
1954 2973 2120 3032 atque
2152 2968 2346 3019 deinde
2379 2968 2490 3016 ab
2472 2984 2593 3033 ipso
2624 2961 2757 3018 Da?

1651 3039 1760 3098 rio,
1811 3037 1905 3101 qui
1942 3037 2206 3101 accessit,
2257 3038 2439 3087 victus
2485 3041 2540 3087 et
2574 3037 2734 3087 vivus

1651 3074 2460 3238 tssfizuguztizissqnuss..5:331
2483 3106 2733 3226 ffssissffiz

1650 3260 1705 3294 u.
1746 3243 1990 3304 Paedaoe.
2038 3244 2162 3294 Vol.
2203 3245 2267 3294 L.
2303 3260 2356 3308 p.
2384 3244 2486 3296 405
2522 3259 2634 3309 seq.
2680 3248 2735 3294 et

1650 3314 1795 3364 LVI.
1833 3329 1888 3377 p.
1921 3313 2005 3363 10.
2079 3312 2219 3364 Add.
2257 3314 2472 3363 Rubino
2508 3315 2564 3363 in
2593 3330 2736 3364 com-

1651 3387 1876 3433 mentat.
1927 3382 1995 3432 de
2038 3382 2232 3432 mortis
2282 3381 2548 3432 Herodot.
2604 3388 2735 3433 tem·

1650 3467 1781 3516 pore
1825 3468 1880 3515 p.
1917 3451 1951 3500 9
1988 3466 2102 3514 seq.
2152 3455 2207 3502 et
2252 3451 2463 3516 Oppert
2506 3452 2736 3502 Journal

1649 3520 1937 3586 Asiatique
1972 3521 2240 3585 xvl1.·p.
2267 3519 2388 3571 538.
2460 3522 2584 3571 Non
2619 3537 2736 3586 per-

1649 3590 1829 3654 spexit
1887 3589 2043 3641 Mure
2096 3590 2308 3656 history
2359 3594 2465 3643 etc.
2523 3590 2622 3642 VI.
2676 3607 2732 3655 p.

1651 3660 1752 3712 534
1793 3674 1951 3738 seqq.

1728 3718 2081 3783 ἀποστάντες
2140 3719 2204 3775 δὲ
2275 3716 2460 3776 ὀπίσω
2536 3742 2734 3776 κατε-

1654 3788 2100 3861 στράφησαν]
2173 3787 2645 3859 κατεστρᾶφησαν
2706 3813 2736 3847 e

1650 3864 1969 3917 Florentino
2015 3864 2186 3926 libro,
2237 3866 2515 3916 Sancrofti
2549 3865 2738 3916 codice

1652 3934 1935 4012 alteroque
1976 3935 2227 3984 Parisino
2272 3934 2397 3984 dedi
2442 3950 2539 3999 pro
2577 3948 2737 3983 κατε-

1657 3995 2059 4066 στράφθησαν,
2097 4003 2241 4067 qnod
2261 4005 2439 4069 §psum
2459 4019 2567 4053 non
2588 4008 2740 4054 caret

1655 4072 1814 4122 codd.
1874 4072 2229 4135 anctoritate,
2296 4077 2595 4123 commotus
2648 4073 2737 4135 iis,

1655 4155 1797 4205 quae
1832 4142 2084 4206 exposuit
2101 4140 2394 4207 Bredov.p
2360 4159 2414 4207 p.
2440 4141 2739 4206 348-350,

1658 4210 1851 4260 aoristi
1905 4209 2132 4260 secundi
2180 4210 2383 4261 formas
2431 4211 2489 4261 in
2536 4211 2739 4261 talibus

1658 4279 1805 4342 apud
1835 4279 2172 4329 Herodotum
2206 4279 2592 4343 praeferendas
2621 4295 2740 4330 esse

1659 4347 1878 4397 docens.
1953 4349 2125 4410 Quem
2174 4348 2401 4400 eundem
2448 4349 2612 4398 etiam
2660 4350 2737 4413 H,

1658 4416 1720 4466 81
1759 4419 1979 4466 secutus
2018 4433 2162 4479 sum,
2198 4417 2293 4466 nbi
2328 4417 2441 4468 vid.
2470 4420 2615 4468 nott.
2716 4453 2723 4460 -
