3109 5092
411 503 528 564 M2

543 323 666 387 7m

1411 325 1948 388 HERODOTI

688 495 788 578 Ἐς
821 498 946 587 μὲν
974 498 1252 569 τοσόνδε
1295 504 1419 567 τοῦ
1458 497 1667 585 λόγου
1690 498 2065 585 Αἰγύπτιοί
2098 525 2172 568 τε
2210 501 2325 568 καὶ
2353 507 2423 570 ot
2458 503 2630 589 ἱρέες
2670 507 2839 570 ἕλε-

541 630 698 690 γον,
746 599 1304 686 ἀποδεικνύντες,
1348 600 1480 672 ἀπὸ
1520 608 1644 671 τοῦ
1674 601 1948 690 πρώτου
1977 605 2286 690 βασιλέος
2321 606 2387 683 ἐς
2426 609 2548 673 τοῦ
2570 601 2837 691 Ἡφαί-

539 725 704 774 στου
734 703 851 774 τὸν
883 709 1028 794 ἰρεά
1056 712 1298 776 τοῦτον
1327 704 1447 774 τὸν
1473 714 1864 774 τελευταῖον
1889 706 2385 793 βασιλεύσαντα
2411 714 2577 794 μίαν
2602 734 2676 775 τε
2708 709 2838 776 καὶ

539 808 1025 897 τεσσεράκοντα
1054 811 1166 879 καὶ
1193 815 1579 898 τριηκοσίας
1597 806 1989 896 ἀνθρώπων
2021 806 2257 895 γενεὰς
2285 813 2674 898 γενομένας,
2706 813 2836 878 καὶ

539 914 615 981 ἐν
653 911 933 1000 ταῦτῃσι
975 909 1284 1003 ἆρχιρέας
1328 914 1442 981 καὶ
1482 913 1798 999 βασιλέας
1830 914 2187 1001 ἑκατέρους
2214 913 2575 993 τοσούτους
2614 941 2831 999 γενο-

538 1018 802 1104 μένους.
860 1022 980 1083 καί
999 1045 1101 1086 τοι
1130 1015 1503 1104 τριηκόσιαι
1530 1015 1660 1103 μὲν
1691 1010 1967 1102 ἀνδρῶν
2000 1017 2228 1103 γενεαὶ
2257 1020 2577 1087 δυνέαται
2606 1016 2837 1105 μύρια

537 1125 724 1188 ἔτεα·
765 1119 992 1205 γενεαὶ
1020 1118 1147 1208 γὰρ
1183 1135 1361 1209 τρεῖς
1388 1116 1665 1207 ἀνδρῶν
1695 1115 1934 1187 ἑκατὸν
1973 1118 2123 1188 ἔτεά
2154 1121 2315 1190 ἐστι.
2385 1124 2540 1208 μιῆς
2581 1120 2656 1188 δὲ
2701 1121 2833 1188 καὶ

537 1316 899 1378 inserendum,
927 1314 982 1364 id
1006 1315 1221 1380 quidem
1242 1317 1374 1367 mihi
1397 1319 1489 1369 vix
1508 1319 1625 1372 fieri

535 1400 696 1448 posse
730 1386 946 1435 videtur
990 1385 1079 1434 vel
1123 1388 1191 1436 ob
1235 1388 1406 1437 verba
1439 1404 1622 1455 seqq.-

535 1451 590 1512 ἐς
623 1449 728 1519 μὲν
761 1446 1000 1503 τοσόνδε
1032 1452 1134 1502 τοῦ
1172 1450 1344 1520 λόγου
1377 1471 1428 1505 κ.
1466 1473 1514 1507 τ.
1552 1459 1621 1520 2„

533 1525 854 1590 quibuscum
906 1524 1235 1573 conferenda
1279 1530 1434 1587 sunt,
1481 1542 1623 1592 quae

534 1610 721 1678 supra„
734 1594 821 1656 11,
863 1591 934 1643 99
970 1593 1127 1643 dixit.
1156 1624 1225 1633 —
1272 1594 1356 1643 Ad
1391 1595 1622 1646 locutio-

533 1680 656 1715 nem
694 1658 888 1745 εστηκε
925 1690 990 1698 -
1024 1661 1254 1720 λίθινος
1288 1663 1380 1724 (de
1409 1680 1491 1727 eo,
1529 1668 1617 1716 cui

533 1739 722 1784 statua
757 1734 822 1783 ex·
864 1730 1047 1796 lapide
1093 1732 1244 1781 facta
1288 1737 1470 1796 posita
1508 1740 1616 1799 est)

534 1804 679 1854 conf.
717 1803 891 1854 Cobet
917 1802 1074 1852 Varr.
1111 1803 1292 1851 Lectt.
1331 1819 1384 1867 p.
1427 1803 1544 1855 197.

883 1973 1014 2024 Cu».
1047 1974 1272 2026 CXLII.

579 2079 743 2144 μίαν
795 2091 851 2126 τε
910 2072 1009 2127 καὶ
1064 2091 1472 2157 τεσσερακοντα
1524 2073 1621 2128 καὶ

537 2146 865 2213 τριηκοσίας
919 2139 1251 2210 ἀνθρώπων
1292 2139 1488 2210 γενεὰς
1534 2161 1623 2211 ’γε-

537 2214 804 2281 νομένας]
839 2214 976 2278 μίαν
1002 2232 1125 2266 cum
1151 2216 1460 2267 Gaisfordio
1491 2218 1623 2267 scri-

538 2288 620 2351 psi
650 2301 747 2350 pro
785 2282 942 2348 μίην.
985 2317 1050 2324 -
1100 2286 1257 2347 Quod
1295 2301 1423 2335 vero
1451 2287 1622 2336 Hero-

538 2357 697 2406 dotus
733 2346 1094 2418 1ι.1.γενεὰς
1131 2370 1423 2420 earumque
1454 2357 1622 2406 ambi—

431 2449 436 2454 ·
537 2431 651 2475 tum
687 2425 768 2473 ita
803 2422 1009 2485 definit,
1044 2427 1122 2472 ut·
1135 2429 1246 2474 tres
1283 2425 1622 2476 constituant

536 2508 799 2544 summam
835 2498 1345 2550 centum‚annorum
1383 2493 1462 2558 (in
1495 2510 1622 2559 quo,

536 2569 680 2615 teste
728 2563 1090 2629 Wesselingio
1144 2563 1212 2613 ad
1257 2563 1310 2614 h.
1360 2562 1428 2624 1.,
1484 2565 1621 2614 alios

535 2639 729 2685 nactus
767 2639 850 2682 est
885 2632 1308 2695 consentientes,
1340 2633 1477 2683 alios
1516 2634 1625 2683 dis-

536 2703 882 2766 sentientes),
918 2703 1021 2754 hoc
1053 2719 1162 2753 non
1196 2704 1331 2752 satis
1369 2705 1623 2769 congruit

536 2791 657 2825 cum
702 2774 802 2835 iis,
851 2788 990 2837 quae
1036 2772 1290 2838 leguntur
1325 2773 1380 2834 Ι,
1419 2775 1478 2834 7,
1528 2774 1624 2823 ubi

536 2843 682 2894 conf.
717 2846 858 2892 nott.
928 2842 1268 2906 Quamquam
1299 2843 1440 2892 enim
1471 2849 1622 2893 vete-

536 2929 623 2963 res
660 2912 784 2961 inde
811 2910 878 2958 ab
906 2911 1171 2961 Herodoti
1196 2916 1378 2962 aetate
1402 2919 1621 2961 centum

537 2995 796 3032 annorum
860 2980 1096 3041 spatium
1165 2980 1340 3030 tribus
1401 2984 1624 3043 γενεαῖς

535 3050 849 3115 plerumque
882 3048 1261 3110 absolverunt,
1298 3051 1356 3098 in
1390 3047 1621 3115 singulis

535 3125 716 3169 tamen
751 3115 885 3166 illud
931 3118 1022 3166 vix
1074 3122 1330 3167 accurate
1369 3118 1622 3169 observa-

536 3193 691 3251 runt,
729 3191 792 3236 ut
824 3187 961 3235 bene
998 3191 1156 3236 notat
1184 3186 1379 3239 Ukert.
1420 3187 1620 3252 Geogr.

536 3258 591 3311 d.
616 3257 710 3308 Gr.
748 3271 802 3306 u.
827 3257 1015 3306 Roem.
1052 3256 1098 3318 1,
1127 3258 1179 3307 2.
1217 3271 1343 3321 pag.
1370 3258 1453 3316 72,
1491 3272 1622 3322 quo·

536 3344 658 3379 cum
685 3326 831 3376 conf.
853 3325 1016 3375 etiam
1038 3326 1308 3376 Schubart
1332 3327 1408 3375 in:
1437 3327 1619 3378 Wien.

534 3396 764 3451 Jahrbb.
815 3395 937 3445 Vol.
985 3395 1211 3445 XLVII.
1268 3411 1324 3460 p.
1381 3396 1413 3447 3
1466 3411 1619 3462 seqq.

533 3471 609 3520 Et
645 3466 777 3517 alibi
816 3480 1059 3530 quoque,
1106 3465 1433 3516 observante
1469 3467 1622 3517 Wes-

535 3537 766 3602 selingio
803 3535 871 3585 ad
908 3534 960 3586 h.
981 3535 1036 3598 1.,
1076 3535 1387 3586 Herodotus
1427 3534 1492 3585 de
1516 3539 1621 3587 sin-

530 3609 664 3672 aulis
698 3604 969 3655 hominibus
1000 3605 1118 3655 sive
1141 3605 1346 3670 regibus
1371 3606 1488 3655 sine
1510 3603 1623 3654 ulla

535 3676 678 3727 finiti
709 3675 970 3738 temporis
1008 3675 1291 3724 notatione
1313 3690 1500 3725 vocem
1527 3675 1621 3724 ad-

532 3746 709 3806 hibet,
755 3743 927 3794 veluti
963 3743 1056 3805 VI,
1095 3744 1181 3796 98.
1256 3745 1430 3806 Quam
1465 3745 1622 3794 Wes-

537 3813 752 3877 selingii
807 3812 1240 3863 observationem
1303 3813 1387 3862 ita
1448 3828 1621 3877 nuper

537 3882 788 3949 probavit
812 3881 1009 3931 Gesen.
1036 3882 1130 3946 (ad
1155 3883 1318 3934 Ies‘ai.
1346 3883 1494 3942 XIX,
1534 3883 1617 3933 11.

534 3968 662 4017 pag.
673 3949 826 4028 620)
865 3965 899 3999 a
934 3951 1020 4003 Cr.
1059 3950 1342 4014 laudatus,
1390 3957 1452 4001 ut
1487 3951 1539 4000 h.
1577 3950 1615 4003 1.

533 4011 733 4086 γενεὰν
780 4019 1087 4069 necessario
1147 4020 1214 4071 de
1259 4021 1417 4070 unius
1472 4021 1619 4086 regis

534 4104 702 4153 regno
741 4088 936 4151 accipi
953 4093 1192 4150 statuat,
1230 4105 1352 4139 cum
1381 4091 1618 4140 totidem

534 4173 707 4222 reg-ee,
735 4162 867 4220 quot
898 4152 1101 4219 γενεαὶ,
1141 4158 1462 4210 indicentur.
1512 4161 1618 4209 Ne-

534 4244 638 4296 que
685 4225 843 4276 aliter
893 4225 1060 4275 ferme
1095 4226 1425 4278 Wilkinson.
1463 4228 1618 4278 Man·

532 4313 657 4349 ners
722 4298 827 4344 etc.
880 4295 924 4344 Ι.
982 4311 1107 4359 pag.
1163 4295 1227 4347 18
1280 4301 1446 4361 atque
1498 4299 1616 4362 Ley

534 4369 683 4432 (Fat.
711 4369 766 4415 et
800 4364 1003 4416 condit.
1029 4367 1264 4430 Aegypt.
1293 4366 1393 4415 sub
1425 4367 1614 4431 imper.

1730 1321 1972 1371 Per-sarr.
1997 1335 2124 1384 pag.
2163 1319 2233 1369 70
2258 1317 2417 1384 seqq)
2454 1317 2551 1382 qui
2573 1315 2832 1368 alterum

1728 1404 1945 1455 quoque
1981 1389 2171 1439 Nostri
2209 1387 2485 1452 (11,100)
2522 1386 2703 1436 locum
2742 1391 2834 1435 at-

1728 1458 1876 1521 tulit,
1897 1459 1955 1507 in
1986 1473 2094 1524 quo
2122 1473 2257 1508 voce
2276 1454 2487 1520 γενεῶν
2514 1471 2622 1505 non
2646 1455 2834 1505 ferme

1727 1533 1957 1590 aetates,
1987 1543 2214 1592 quarum
2239 1540 2487 1591 quaeque
2510 1525 2611 1591 334
2647 1539 2831 1574 anno-

1726 1612 1843 1647 rum
1868 1564 1968 1658 est:
2009 1597 2103 1647 sed
2132 1597 2505 1647 successiones
2536 1595 2829 1645 hominum

1724 1667 2055 1717 indicantur.
2130 1666 2289 1716 Unde
2324 1665 2598 1730 sequitur,
2634 1664 2826 1714 minus

1719 1742 1978 1786 accurate
2014 1750 2279 1786 annorum
2305 1740 2511 1786 certam
2546 1748 2825 1783 summam

1722 1821 1789 1854 ex
1824 1804 1909 1854 his
1957 1805 2218 1854 constitui
2253 1819 2445 1869 posse,
2494 1817 2825 1867 omnemque

1722 1875 2182 1938 computationem
2205 1875 2261 1924 in
2286 1874 2601 1924 universum
2631 1873 2823 1937 potius

1630 1948 1634 1954 '
1722 1944 1927 1994 factam
1970 1943 2059 1994 vel
2104 1948 2374 2008 sumptam
2423 1941 2615 1991 videri.
2692 1942 2821 2002 Quo

1724 2013 1939 2063 accedit
1982 2012 2143 2076 illud,
2202 2014 2345 2078 quod
2403 2027 2561 2076 reges
2604 2009 2686 2059 illi
2744 2009 2821 2059 ad

1699 2081 1969 2132 -diversas
2006 2084 2293 2146 dynastias
2324 2081 2594 2146 pertinere
2627 2079 2821 2130 viden-

1724 2157 1813 2201 tur
1858 2167 1958 2201 nec
2004 2150 2207 2216 singuli
2263 2151 2509 2216 singulos
2554 2149 2818 2214 deinceps

1726 2224 2070 2285 exceperunt,
2092 2221 2187 2270 sed
2208 2236 2461 2285 magnam
2486 2225 2696 2285 partem
2724 2234 2819 2268 ae-

1726 2291 1912 2356 quales
1944 2291 2050 2341 sibi
2088 2294 2453 2355 regnaverunt
2486 2289 2720 2339 diversis
2758 2289 2819 2336 in

1724 2365 1901 2410 terrae
1934 2360 2201 2424 partibus.
2266 2361 2419 2422 Quae
2448 2359 2496 2408 si
2528 2362 2819 2422 reputave—

1722 2431 1827 2492 ris,
1876 2430 2020 2479 haud
2056 2430 2135 2479 ita
2171 2429 2371 2478 nimius
2407 2427 2679 2477 videbitur
2719 2442 2817 2476 an-

1721 2515 1913 2549 norum
1958 2513 2209 2548 numerus
2254 2498 2325 2547 ab
2362 2497 2642 2547 Herodoto
2688 2511 2816 2560 pro-

1725 2569 1890 2621 ditus.
1948 2569 2062 2618 Nec
2105 2567 2302 2617 desunt
2337 2566 2541 2616 similes
2577 2565 2813 2615 aliorum

1724 2639 2049 2701 scriptorum
2104 2637 2342 2698 numeri,
2402 2651 2541 2700 quos
2592 2633 2676 2684 vel
2740 2633 2816 2684 ad

1726 2707 2113 2757 astronomiam
2155 2706 2242 2756 vel
2287 2705 2357 2755 ad
2395 2705 2609 2770 mythos
2653 2703 2812 2753 fabu-

1722 2776 1914 2841 lasque
1947 2775 2148 2826 relatos
2170 2775 2380 2825 volunt.
2419 2773 2618 2824 Confer
2638 2772 2814 2823 Beck.

1723 2845 2057 2909 Weltgesch.
2090 2845 2136 2895 Ι.
2160 2861 2214 2909 p.
2236 2845 2359 2906 204,
2380 2844 2474 2893 ubi
2497 2842 2608 2891 vid.
2634 2841 2813 2906 plura.

1725 2914 1808 2964 Ad
1851 2929 2039 2964 vocem
2088 2906 2351 2978 ἀρχιρέας
2404 2913 2550 2963 conf.
2601 2911 2688 2970 11,
2744 2910 2811 2959 37

1725 2984 1859 3047 ibiq.
1899 2988 2038 3033 nott.
2077 2987 2133 3032 et
2167 2982 2496 3032 Heereninm
2531 2980 2697 3030 Ideen
2733 2980 2810 3041 ΙΙ,

1722 3054 1775 3104 2.
1813 3069 1865 3117 p.
1899 3053 2019 3103 127-
2012 3068 2149 3129 -seq.
2195 3052 2263 3101 ‹le
2300 3051 2646 3102 sacerdotum
2692 3065 2809 3098 mu-

1726 3137 1855 3171 nere
1891 3126 1945 3172 et
1976 3117 2245 3187 dignitate
2276 3121 2664 3198 disputantem.

1793 3219 1858 3226 ——
1907 3188 2173 3240 δυνέαται
2221 3204 2399 3253 μυρια
2433 3184 2577 3253 ἔτεα]
2634 3178 2811 3235 δυ’να·

1724 3258 1891 3321 σθαι,
1942 3262 2141 3323 valere,
2191 3261 2462 3321 conficere,
2508 3257 2813 3307 illustravit

1721 3329 2040 3394 Hoogeven.
2094 3297 2166 3378 a’d
2201 3329 2385 3392 Viget.
2434 3327 2501 3376 de
2547 3327 2807 3378 idiotism.

1724 3414 1853 3462 pag.
1893 3397 2014 3448 234.
2055 3399 2141 3448 Tu
2164 3399 2309 3448 conf.
2337 3396 2543 3447 Herod.
2581 3396 2686 3456 111,
2721 3394 2810 3446 89.

1723 3469 1771 3517 V
1793 3505 1806 3528 ‚
1844 3466 1931 3518 53.
2006 3467 2164 3529 Quod
2215 3468 2267 3516 h.
2305 3467 2344 3517 l.
2382 3481 2539 3531 reges
2574 3481 2645 3515 ac
2678 3480 2811 3529 pon·

1722 3536 1897 3588 tifices
1922 3538 2123 3587 Noster
2148 3541 2397 3586 recenset
2418 3542 2667 3586 trecentos
2688 3550 2812 3599 qua-

1722 3606 1962 3671 drayinta
1996 3605 2157 3666 un'vmz,
2196 3605 2253 3655 id
2291 3621 2401 3655 non
2436 3619 2660 3670 prorsus
2684 3619 2811 3653 con·

1722 3677 1874 3740 gruit
1906 3693 2027 3726 cum
2065 3692 2186 3740 cap.
2216 3691 2351 3738 seq„
2388 3675 2481 3724 ubi
2506 3688 2808 3724 memoran-

1723 3751 1813 3794 tur
1857 3749 2068 3796 trecenti
2107 3746 2448 3809 quadraginta
2473 3748 2703 3809 quinque.
2739 3769 2811 3778 —-

1722 3816 1837 3865 Nec
1872 3816 2044 3880 magis
2086 3815 2354 3878 congruit,
2394 3813 2541 3877 quod
2590 3828 2713 3862 mox
2752 3811 2811 3858 in

1723 3883 2103 3948 computandis
2149 3882 2381 3946 singulis
2432 3879 2551 3930 τῶν
2598 3877 2813 3946 γενεῶν

1722 3954 1881 4002 annis
1931 3967 2104 4018 aeque
2156 3953 2346 4016 lapsus
2403 3951 2590 4015 posuit
2640 3946 2812 4002 11346

1723 4036 1925 4083 annos,
1989 4037 2111 4072 cum
2169 4025 2430 4071 accurate
2487 4024 2809 4083 computans

1725 4091 1896 4142 11366
1932 4106 2130 4156 ponere
2166 4089 2465 4151 debuisset,
2502 4090 2608 4139 nisi
2636 4089 2691 4136 id
2731 4088 2807 4150 ip-

1722 4175 1839 4211 sum
1877 4160 2128 4210 consulto
2164 4160 2362 4209 fecisse
2398 4158 2679 4223 putandus
2704 4161 2807 4217 ost,

1722 4234 1784 4279 ut
1832 4229 2196 4294 significaret,
2241 4229 2298 4278 in
2346 4231 2503 4277 tanto
2544 4242 2808 4277 annorum

1718 4314 1940 4348 numero
1998 4300 2052 4347 in
2104 4299 2417 4349 universum
2473 4301 2655 4346 sumto
2720 4295 2809 4358 (eo

1719 4368 1866 4432 quod
1890 4366 2119 4432 singulis
2151 4369 2370 4431 γενεαῖς
2399 4371 2606 4416 certum
2640 4380 2807 4430 quen·
