3109 5092
1231 374 1488 438 CLIO.
1533 377 1588 436 1.
1633 383 1756 440 189.

2501 375 2626 438 377

350 555 660 646 ποταμῷ,
701 554 824 619 τοῦ
858 554 935 619 αἰ
959 549 1084 638 μὲν
1143 551 1351 639 πηγαὶ
1378 552 1454 619 ἐν
1486 557 1898 638 Ματιηνοῖσι
1926 546 2180 638 οὔρεσι,
2227 551 2366 639 ῥέει
2400 548 2476 618 δὲ
2517 547 2630 620 διὰ

352 655 792 744 Δαρδανέων,
832 657 1093 724 ἐκδιδοῖ
1129 654 1205 724 δὲ
1245 656 1312 734 ἐς
1348 656 1582 743 ἕτερον
1614 649 1913 742 ποταμὸν
1964 659 2231 741 Τίγριν,
2271 648 2308 721 ὁ
2346 653 2422 722 δὲ
2450 651 2629 742 παρὰ

336 750 542 828 Ὦπιν
589 756 790 828 πόλιν
830 760 1009 847 ῥέων
1050 760 1117 838 ἐς
1144 754 1271 846 τὴν
1286 754 1628 846 Ἐρυθρὴν
1662 755 2016 827 θάλασσαν
2054 759 2345 843 ἐκδιδοῖ,
2389 761 2630 825 τοῦτον

349 859 436 950 δὴ
461 858 581 930 τὸν
595 860 876 949 Γύνδην
902 859 1202 949 ποταμὸν
1228 856 1316 941 ὥς
1345 865 1727 948 διαβαίνειν
1754 862 2063 949 ἐπειρᾶτο
2090 855 2126 930 ὁ
2156 864 2402 949 Κῦρος,
2434 858 2631 929 ἐόντα

348 962 866 1055 νηυσιπερητόν,
896 963 1198 1035 ἐνθαῦτά
1229 967 1296 1034 οἰ
1319 968 1457 1033 τῶν
1482 990 1583 1044 τις
1610 967 1777 1055 ίρῶν
1801 968 2032 1033 ἳππων
2056 968 2194 1034 τῶν
2214 968 2478 1034 λευκῶν
2494 958 2630 1032 ὑπὸ

351 1164 582 1217 eundem
607 1165 828 1216 fluvium
850 1166 1087 1233 intelligi
1103 1168 1318 1231 statuit,
1345 1167 1439 1233 qui

350 1251 496 1286 nuuc
554 1240 639 1285 est
685 1235 937 1300 Mendai,
995 1237 1262 1287 Dauvillii
1309 1253 1439 1303 quo·

349 1320 453 1371 que
485 1306 726 1356 rationes
766 1305 1015 1356 refellere
1059 1304 1297 1370 studuit,
1344 1307 1440 1372 qui

350 1380 463 1425 tres
498 1374 693 1426 fluvios
721 1376 932 1440 Gyndis
967 1377 1182 1427 nomine
1207 1380 1437 1427 vocatos

352 1445 616 1508 distingui
681 1444 954 1509 voluerat,
1025 1445 1168 1496 falsa
1227 1445 1440 1496 scilicet

351 1512 809 1649 Ἆῗῗιῖζὲἒὲἓέ
842 1514 1441 1650 ὲῖἶῖῧὲῗωῖῗιίῖξῗὲὶ

352 1653 489 1714 tiar,
547 1652 729 1717 plures
789 1669 989 1721 eosque
1036 1655 1281 1705 diversos
1333 1655 1441 1705 No·

348 1728 520 1772 strum
572 1723 905 1774 intellexisse
955 1725 1150 1775 fluvios
1207 1728 1304 1774 aut
1362 1729 1439 1774 te·

350 1807 493 1842 mere
539 1792 662 1843 illos
718 1794 1059 1856 confudisse,
1123 1795 1439 1858 praesertim

350 1877 499 1925 cum,
545 1877 684 1928 quae
732 1862 944 1929 reliqua
979 1863 1044 1913 de
1088 1863 1247 1915 huius
1286 1864 1438 1913 fluvii

350 1931 592 1982 fontibus
659 1947 928 1998 cursuque
976 1934 1179 1983 Noster
1225 1934 1436 1994 scribit,

349 2001 570 2051 minime
598 2017 633 2051 a
654 2018 783 2053 vero
807 2002 1165 2065 abhorreant,
1203 2008 1264 2054 ut
1288 2019 1436 2053 mon·

347 2075 490 2121 strat
518 2071 763 2137 Breiger.
785 2073 842 2121 in
873 2073 1174 2123 Commeut.
1204 2072 1270 2124 de
1302 2073 1437 2122 Asia

346 2156 534 2206 geogr.
583 2145 688 2191 etc.
726 2157 852 2207 pag.
889 2141 977 2193 56.
1050 2142 1188 2192 Add.
1226 2143 1433 2194 Ritter:

345 2210 644 2260 Erdkunde
688 2211 784 2261 1x.
827 2227 880 2276 p.
921 2213 1025 2263 412
1070 2227 1224 2277 seqq.
1272 2211 1436 2277 inpri-

344 2280 448 2329 mis
498 2279 619 2342 419,
669 2280 762 2346 qui
807 2281 944 2331 satis
990 2281 1231 2332 ostendit
1263 2282 1435 2332 Hero-

346 2348 462 2400 doti
499 2350 723 2415 Gyndem
756 2350 963 2400 nullum
994 2350 1159 2401 alium
1192 2365 1313 2402 esse
1338 2351 1435 2400 flu-

344 2419 524 2481 vium,
562 2433 725 2484 quam
761 2420 852 2484 qui
887 2420 1031 2485 apud
1055 2421 1308 2470 Tacitum
1340 2436 1434 2471 vo-

345 2493 500 2539 catur
529 2489 707 2552 Delas,
742 2489 888 2553 apud
922 2490 1255 2540 recentiores
1276 2491 1435 2540 Diala

344 2574 392 2608 s.
429 2558 678 2624 Divalah.
724 2559 880 2609 cuius
924 2575 1141 2609 cursum
1176 2564 1433 2610 accurate

344 2628 691 2692 persequitur
725 2628 904 2679 Ritter
936 2628 975 2680 l.
1012 2628 1049 2678 l.
1123 2629 1308 2694 Neque
1345 2645 1431 2679 res

344 2697 467 2761 ipsa
500 2703 786 2761 repugnat.
856 2699 997 2748 Nam
1037 2698 1299 2749 Sardibus
1346 2714 1433 2748 ex-

344 2767 602 2831 pugnatis
649 2767 911 2831 Ioniaque
958 2767 1190 2818 subacta
1234 2769 1433 2833 Cyrum

344 2835 576 2900 legimus
616 2837 672 2885 in
709 2836 894 2886 Asiam
934 2838 1265 2901 superiorem
1314 2853 1434 2888 esse

344 2905 673 2970 profectum3
723 2906 812 2955 cui
852 2905 1049 2956 deinde
1093 2907 1162 2957 ab
1198 2906 1434 2958 Ecbata-

348 2972 616 3038 ms(quo
664 2989 721 3024 se
758 2979 1040 3040 receperat
1086 2980 1228 3027 teste
1261 2977 1434 3027 Hero-

349 3044 478 3094 doto
514 3043 561 3104 Ι,
605 3043 724 3108 143)
753 3044 1092 3109 Babylonem
1126 3061 1316 3096 versus
1346 3062 1435 3097 ex-

345 3112 676 3178 peditionem
710 3114 1022 3164 instituenti
1052 3115 1272 3180 Gyndes
1301 3131 1433 3166 sane

344 3182 699 3233 traiicieudus
736 3189 882 3246 erat,
920 3188 1211 3249 antequam
1238 3186 1296 3235 iu
1322 3186 1434 3236 Me-

342 3267 441 3315 sop
445 3252 703 3302 otamiam
737 3252 1032 3304 deveniret.

407 3267 526 3384 ᾇέει
574 3314 638 3369 δὲ
691 3314 789 3370 διὰ
834 3319 1203 3388 Δαρδανέων]
1250 3322 1432 3372 Verba

341 3385 439 3440 διὰ
478 3386 826 3452 Δαρδανέων
873 3394 1060 3456 spuria
1106 3391 1431 3457 quibusdam

341 3460 624 3520 videntur,
663 3475 785 3509 cum
820 3461 955 3511 nulli
987 3460 1204 3512 omnino
1238 3459 1390 3511 hac
1373 3477 1431 3510 ιιι

342 3534 490 3579 terra
523 3529 633 3579 sint
662 3530 919 3580 Dardani.
969 3531 1244 3609 Quocirca
1275 3530 1431 3581 Reis-

341 3599 466 3649 kius
506 3598 775 3649 maluerat
807 3600 974 3650 scribi
1010 3591 1108 3648 διὰ
1139 3596 1430 3662 Δαραέων,

343 3667 438 3718 ubi
490 3668 714 3746 respicit
770 3670 958 3720 urbem
1004 3671 1200 3719 Daras.
1289 3668 1430 3718 Aliis

342 3736 553 3802 placuit
587 3728 686 3786 δια
718 3737 1017 3801 Δαρνέων,
1057 3753 1179 3788 cum
1205 3737 1432 3787 Dav-nam

341 3807 529 3857 urbem
563 3805 667 3857 hoc
702 3807 815 3857 fere
849 3809 908 3858 in
952 3810 1136 3857 tractu
1174 3810 1433 3856 memoret

340 3876 690 3926 Ptolemaeus
742 3877 800 3926 in
844 3877 1042 3942 Geogr.
1078 3875 1188 3937 VI,
1227 3875 1253 3924 1
1305 3874 1430 3927 coll.

341 3944 602 3996 Niebuhr.
631 3946 858 4011 Voyage
893 3961 961 3997 en
995 3943 1163 3996 Arab.
1188 3944 1264 3994 ΙΙ.
1298 3959 1426 4009 pag.

342 4013 466 4066 269.
515 4014 674 4065 Nunc
698 4014 1006 4079 appellatur
1027 4016 1207 4064 Dema
1229 4013 1288 4061 in
1315 4013 1431 4062 fau-

341 4083 495 4135 cibus
544 4084 679 4144 sitn,
734 4083 828 4134 ubi
874 4084 1051 4134 adhuc
1089 4082 1431 4146 conspiciun-

338 4156 430 4202 tur
464 4152 663 4202 rudera
685 4152 969 4218 quaedam,
1004 4150 1312 4203 Kurdorum
1334 4152 1428 4215 qui

338 4236 484 4271 nunc
526 4225 795 4271 vocantur
839 4222 897 4271 in
946 4221 1128 4271 terris.
1203 4220 1282 4271 Ac
1315 4220 1429 4285 pla-

339 4289 452 4340 cuit
496 4303 666 4355 nuper
697 4290 835 4341 haec
879 4290 1196 4341 coniectura
1233 4293 1288 4338 et
1324 4290 1429 4340 Ra-

335 4358 602 4409 wlinsono
642 4357 897 4423 (Journal
932 4358 994 4409 of
1023 4358 1316 4422 geograph.
1345 4373 1429 4408 so·

336 4428 485 4494 ciety
517 4427 617 4479 1x.
653 4444 708 4496 p.
748 4428 840 4494 20)
888 4433 945 4482 et
970 4428 1184 4478 Rittero
1220 4426 1260 4477 l.
1296 4427 1336 4479 1.
1374 4443 1429 4495 p

1538 1167 1672 1230 420,
1723 1165 2019 1232 eademque
2054 1170 2277 1231 recepta
2311 1171 2397 1217 est
2441 1182 2476 1217 a
2509 1166 2629 1216 viro

1541 1237 1702 1287 docto
1739 1237 1956 1301 Negris.
2033 1236 2301 1298 Quoniam
2346 1252 2475 1287 vero
2520 1251 2629 1286 non

1540 1306 1691 1356 urbis
1739 1305 2000 1368 alicuius,
2050 1305 2145 1355 sed
2194 1306 2374 1370 gentis
2432 1321 2628 1356 nomen

1540 1376 1848 1440 exspectari
1866 1375 2078 1436 debeat,
2107 1375 2348 1441 Breiger.
2374 1374 2414 1427 1.
2433 1375 2471 1426 l.
2497 1390 2626 1441 pag.

1541 1447 1607 1497 57
1646 1445 1870 1495 coniicit
1906 1435 1987 1493 δι’
2016 1412 2336 1508 Ἀρμενίων,
2376 1461 2497 1495 cum
2532 1443 2629 1495 ali-

1540 1515 1685 1565 unde
1708 1518 1941 1576 constet,
1978 1514 2350 1565 Herodoteum
2381 1513 2629 1579 Gyndem

1543 1601 1641 1651 per
1686 1584 1924 1649 aliquam
1973 1588 2119 1634 certe
2164 1584 2450 1634 Armeniae
2506 1600 2628 1648 par·

1544 1661 1652 1705 tem
1700 1655 1882 1704 fluere.
1966 1654 2080 1703 Nos
2123 1653 2180 1703 in
2227 1653 2428 1704 talibus
2477 1653 2629 1719 quid-

1542 1739 1734 1790 quam,
1769 1722 1958 1773 invitis
1984 1722 2166 1785 libris,
2213 1727 2425 1773 mutare
2459 1727 2627 1773 teme-

1541 1792 1742 1844 rarium
1789 1792 2120 1851 iudicamus;
2162 1793 2360 1870 itaque
2405 1792 2627 1856 reliqui-

1539 1877 1659 1914 mus
1726 1862 2008 1926 vulgatam
2088 1852 2186 1910 διὰ
2257 1857 2623 1923 Δαρδανέων.

1540 1935 1695 1997 Quae
1753 1932 1970 1997 quidem
2022 1945 2156 1996 gens
2217 1931 2263 1979 si
2317 1931 2626 1981 accuratius

1536 2003 1695 2053 nobis
1732 2017 1841 2051 non
1879 2001 1954 2050 sit
1989 2000 2228 2065 cognita,
2264 2015 2390 2050 num
2422 2016 2626 2065 quaeso

1539 2072 1649 2122 alia
1678 2086 1798 2121 sors
1834 2075 1918 2121 tot
1943 2070 2164 2120 orientis
2190 2071 2450 2135 gentium,
2488 2085 2628 2136 quae

1533 2143 1691 2207 ipsae
1738 2156 1858 2190 cum
1907 2140 1999 2190 vix
2044 2138 2237 2189 iisdem
2288 2139 2626 2205 aliquamdiu

1537 2210 1760 2262 sedibus
1821 2213 2107 2270 maneant,
2180 2209 2275 2259 sed
2341 2208 2627 2260 habitandi

1535 2282 1660 2332 loca
1707 2280 2042 2346 frequentius
2102 2283 2438 2343 permutent,
2495 2279 2626 2344 quid

1536 2352 1757 2412 mirum,
1805 2350 1861 2400 in
1908 2354 2062 2400 tanto
2104 2349 2363 2414 temporis
2406 2364 2470 2398 ac
2516 2346 2625 2400 loci

1538 2419 1829 2471 intervallo
1877 2420 2034 2470 nobis
2068 2433 2177 2468 non
2214 2419 2350 2469 satis
2398 2418 2462 2468 de
2493 2435 2626 2469 una-

1538 2505 1755 2609 qugqs
1776 2490 2344 2623 semema..
2379 2548 2525 2619 ιι...
2553 2587 2625 2596 -

1538 2620 1791 2694 ἐκδιδοῖ]
1837 2629 1922 2678 De
1971 2627 2081 2676 situ
2125 2625 2310 2691 oppidi
2346 2624 2470 2687 Opis
2514 2642 2625 2676 non

1538 2711 1758 2764 prorsus
1780 2696 1973 2761 liquet.
2022 2695 2220 2746 Strabo
2242 2694 2412 2761 (XVI.
2440 2710 2494 2759 p.
2521 2694 2625 2746 ’739

1538 2784 1583 2819 s.
1625 2785 1678 2832 p.
1720 2765 1876 2832 1074)
1930 2766 2109 2815 vicum
2159 2761 2401 2828 appellat
2445 2779 2624 2829 empo-

1536 2839 1811 2902 riumque,
1882 2836 2028 2901 quod
2097 2839 2279 2884 tamen
2350 2833 2421 2884 ad
2475 2850 2625 2885 mare

1534 2908 1712 2972 ipsum
1747 2906 1841 2954 vix
1876 2905 2041 2955 situm
2075 2918 2195 2955 esse
2232 2902 2465 2953 videtur.
2520 2904 2625 2954 Xe·

1534 2977 1771 3041 nophon.
1809 2975 2050 3025 Anabas.
2077 2975 2151 3038 Π,
2185 2976 2238 3036 4,
2263 2974 2331 3024 25
2360 2972 2475 3034 (ubi
2499 2990 2625 3024 con-

1534 3046 1638 3097 sul.
1680 3042 1968 3110 Krueger.)
2026 3058 2280 3109 magnam
2325 3047 2491 3094 vocat
2537 3059 2624 3093 ur-

1533 3117 1689 3178 bem,
1734 3130 1875 3179 quae
1908 3130 2018 3164 non
2055 3114 2199 3164 infra
2235 3112 2471 3178 Tigrim,
2526 3113 2624 3164 sed

1534 3186 1762 3235 multum
1788 3199 1953 3249 supra
1974 3185 2077 3234 erit
2102 3182 2442 3234 collocanda.
2510 3184 2623 3234 Un-

1535 3255 1603 3305 de
1655 3255 1994 3304 Herodotum
2047 3253 2114 3303 de
2168 3252 2252 3302 his
2307 3253 2622 3316 regionibus

1534 3341 1643 3375 non
1680 3328 1882 3373 certam
1911 3323 2163 3372 notitiam
2189 3319 2447 3371 babuisse
2473 3321 2622 3371 colli-

1534 3395 1616 3458 git
1650 3392 1944 3443 Rennelius
1979 3391 2085 3442 1.1.
2114 3407 2167 3455 p.
2197 3389 2319 3440 466.
2375 3391 2460 3440 Tu
2497 3405 2621 3440 con-

1535 3463 1682 3513 feras
1719 3465 2002 3526 praeterea
2045 3459 2286 3524 Breiger.
2326 3457 2364 3507 l.
2401 3457 2440 3508 l.
2490 3474 2618 3524 pag.

1534 3533 1602 3584 53
1651 3535 1706 3581 et
1749 3532 2021 3580 Mannert.
2066 3529 2266 3592 Geogr.
2316 3526 2372 3578 d.
2421 3527 2516 3578 Gr.
2564 3544 2619 3578 u.

1531 3602 1722 3652 Roem.
1755 3599 1823 3660 V,
1859 3601 1910 3647 2.
1948 3613 2075 3663 pag.
2113 3596 2211 3648 3⁷1
2247 3610 2399 3661 seqq.
2430 3597 2623 3647 Forbi-

1533 3685 1633 3734 ger
1672 3635 1892 3718 Handb.
1938 3667 1992 3717 d.
2042 3665 2141 3718 alt.
2189 3665 2387 3728 Geogr.
2440 3666 2515 3716 Π.
2565 3683 2620 3731 p.

1533 3740 1639 3790 614
1688 3741 1744 3787 et
1789 3734 2101 3786 Ainsworth
2151 3733 2377 3784 Travels
2426 3733 2483 3782 iu
2530 3735 2622 3786 the

1531 3807 1692 3858 track
1740 3810 1846 3855 etc.
1896 3821 1949 3869 p.
2001 3804 2101 3854 115
2150 3818 2266 3868 seq.
2328 3802 2452 3853 coll.
2475 3806 2620 3855 244.

1535 3877 1643 3938 Qui
1687 3890 1858 3938 nuper
1901 3874 2000 3925 has
2050 3873 2300 3938 regiones
2349 3872 2620 3938 adierunt,

1533 3945 1678 4009 Opin
1727 3944 1890 3993 sitam
1949 3943 2120 3993 fuisse
2168 3941 2394 3992 tradunt
2452 3943 2510 3993 in
2558 3960 2621 3995 eo

1530 4014 1679 4076 loco,
1715 4013 1807 4062 ubi
1843 4012 2007 4063 hodie
2043 4027 2242 4077 parvus
2280 4011 2477 4063 fluvius
2511 4013 2623 4062 Ku-

1526 4084 1609 4146 t'ri
1640 4097 1813 4147 aquas
1843 4097 1971 4131 suas
2005 4082 2198 4132 miscet
2232 4095 2352 4130 cum
2378 4081 2621 4147 Tigride.

1528 4152 1657 4203 Vid.
1693 4166 1803 4201 van
1840 4151 1935 4201 der
1957 4149 2173 4215 Chysl.
2214 4148 2253 4201 l.
2280 4166 2336 4215 p.
2364 4150 2485 4202 119.
2521 4152 2624 4202 120

1531 4219 1625 4285 (ad
1667 4220 1883 4272 Arrian.
1936 4220 2076 4282 VII,
2118 4219 2196 4285 8).
2233 4246 2304 4257 -—
2357 4218 2425 4269 In
2468 4234 2621 4284 seqq.

1531 4289 1864 4340 coniunctim
1934 4289 2129 4368 scripsi
2201 4282 2628 4352 νηυσιπερητὸν

1531 4374 1629 4423 pro
1667 4353 1835 4422 νηυσὶ
1866 4350 2146 4425 κερητόνς
2186 4357 2256 4409 cf.
2300 4356 2348 4419 Ι,
2387 4356 2488 4408 193
2522 4358 2622 4408 ibi

1531 4443 1639 4495 que
1675 4431 1815 4482 nott·
