3109 5092
1123 339 1630 402 EUTERPE.
1676 342 1762 403 11.
1814 349 1932 405 175.
2550 345 2666 409 821

388 508 514 582 οὐκ
547 508 786 601 ἥκιστα
813 508 1044 582 αὐταῖν
1072 508 1243 583 ἀλλὰ
1268 511 1554 601 μάλιστα
1594 514 1932 603 θωυμάζω
1951 568 1971 603 ,
2015 522 2153 586 ἔστι
2194 517 2381 588 τόδε·
2426 530 2670 612 οἴκημα

386 615 807 705 μουνόλιθον
830 614 1097 704 ἐκόμισε
1126 619 1193 700 ἐξ
1213 613 1689 707 Ἐλεφαντίνης
1719 617 1977 700 πόλιος·
2010 622 2124 690 καὶ
2150 627 2347 692 τοῦτο
2365 622 2668 712 ἐκόμιζον

384 720 510 808 μὲν
540 716 650 791 ἐπ’
685 725 836 788 ἔτεα
875 727 1056 809 τρία,
1100 726 1410 808 δισχίλιοι
1444 723 1524 791 δέ
1561 726 1631 792 οἰ
1654 723 2176 812 προσετετάχατο
2210 722 2518 816 ανδρες’
2481 755 2663 814 aym-

382 827 563 911 γέες,
602 824 715 891 καὶ
746 811 934 892 οὗτοι
961 819 1253 904 ἅπαντες
1282 815 1455 914 ἦσαν
1481 831 1912 915 κυβερνῆται.
1977 832 2094 916 τῆς
2122 827 2198 896 δὲ
2224 831 2459 918 στέγης
2497 830 2661 900 ταύ-

382 955 500 1015 της
525 924 600 995 τό
628 926 754 1015 μὲν
784 954 992 1015 μηκος
1021 929 1278 1010 ἔξωθέν
1307 930 1442 997 ἐστι
1492 922 1589 1009 εἷς
1630 954 1704 998 τε
1746 931 1859 999 καὶ
1901 939 2111 1000 εἴκοσι
2153 931 2425 1020 πήχεες,
2468 924 2663 1023 εὖρος

384 1125 544 1177 Conf.
595 1125 829 1176 Heeren.
885 1124 1054 1177 Ideen
1104 1126 1189 1189 ΙΙ,
1237 1129 1291 1177 2.
1340 1143 1468 1193 pag.

388 1197 487 1247 144
524 1209 659 1260 seq„
696 1195 898 1246 Ritter.
922 1195 960 1246 l.
986 1195 1023 1246 1.
1052 1212 1107 1261 p.
1128 1196 1229 1247 881
1260 1201 1315 1247 et
1351 1203 1467 1248 not.

384 1265 455 1316 ad
489 1263 693 1315 Herod.
746 1265 836 1327 11,
872 1264 962 1316 96.
1045 1266 1470 1331 Navigationem

383 1334 583 1400 viginti
620 1333 827 1384 dierum
873 1334 1074 1385 iustam
1121 1334 1296 1385 videri
1332 1336 1471 1386 iudi-

383 1408 475 1455 cat
510 1403 750 1455 Iomard.
796 1404 1067 1469 Descript.
1111 1403 1179 1454 de
1225 1403 1468 1470 l’Egypt.

383 1474 514 1524 Ant.
541 1472 569 1522 Ι
602 1471 725 1522 livr.
755 1489 808 1538 p.
834 1473 966 1535 626,
1003 1474 1052 1523 si
1089 1474 1326 1539 quinque
1362 1475 1473 1525 die-

382 1558 497 1593 rum
524 1541 630 1591 iter
650 1542 965 1604 maioribus,
991 1542 1319 1609 reliquorum
1339 1559 1469 1594 vero

382 1612 588 1662 dierum
619 1613 725 1662 iter
760 1612 1060 1663 minoribus
1091 1612 1339 1664 schoenis
1376 1613 1471 1663 ab·

378 1680 519 1732 solvi
534 1682 855 1762 cogitemus.
870 1682 1025 1732 Conf.
1040 1687 1156 1733 not.
1174 1682 1243 1732 ad
1258 1682 1333 1746 ΙΙ,
1348 1684 1398 1732 4.
1415 1682 1468 1734 9.

436 1747 648 1814 οἴκημα
664 1743 1082 1817 μουνόλιθον],
1088 1752 1309 1817 ,Attigit
1320 1720 1470 1802 ’hunc

377 1820 554 1872 locum
584 1820 821 1872 Iomard.
860 1820 917 1870 in
953 1819 1320 1887 descriptione
1341 1820 1471 1872 Ele-

377 1889 697 1955 phantinesz
735 1891 929 1940 Descr.
971 1889 1037 1941 de
1069 1889 1214 1956 l’.Eg
1239 1890 1466 1956 Antiqq.

377 1963 421 2010 t.
458 1959 506 2010 Ι.
543 1974 667 2023 cap.
704 1959 756 2010 3.
794 1975 847 2024 p.
885 1959 979 2011 3.“
1018 1961 1118 2013 Gr.
1195 1961 1280 2011 Tu
1321 1960 1466 2012 conf.

378 2043 544 2093 supra
577 2028 653 2091 ΙΙ,
678 2028 778 2078 155
814 2031 870 2078 et
888 2028 1107 2080 Joillois
1142 2033 1198 2079 et
1227 2029 1298 2079 du
1316 2029 1470 2080 Bois-

378 2095 550 2162 Aymd
602 2098 659 2147 in
701 2097 976 2163 Descript.
1027 2098 1120 2149 des
1169 2098 1352 2149 ruines
1402 2098 1470 2149 de

377 2166 544 2218 Delta
600 2166 898 2231 (Descript.
947 2168 1015 2218 de
1059 2167 1202 2233 l'Eg.
1241 2168 1466 2234 Antiqq.

379 2240 421 2288 t.
459 2236 535 2287 11.
575 2235 732 2301 chap.
770 2237 940 2288 XXV.
977 2252 1104 2304 pag.
1135 2238 1186 2289 9.
1215 2237 1335 2303 10),
1374 2237 1467 2288 ubi

379 2306 675 2357 secundum
716 2321 996 2358 mensuras
1029 2306 1228 2372 lapidis
1264 2307 1334 2357 ab
1359 2307 1470 2357 He-

379 2375 571 2427 rodoto
630 2375 902 2427 indicatas
961 2376 1202 2427 eiusdem
1256 2375 1468 2441 pondus

377 2444 731 2510 probabiliter
754 2449 1026 2497 statuunt.
1080 2447 1196 2510 „Le
1223 2445 1349 2497 bloc
1378 2462 1469 2497 en-

379 2515 481 2566 tier
531 2514 601 2565 du
658 2514 952 2567 monolithe
1007 2513 1276 2580 (praestat
1328 2516 1469 2565 enim

376 2585 522 2649 ipsa,
548 2599 818 2648 apponere
864 2585 1084 2650 verba),
1141 2584 1218 2636 tel
1255 2585 1386 2651 qu’il
1433 2602 1469 2636 a

379 2652 469 2704 ete
498 2651 729 2704 detachd
765 2653 859 2704 des
881 2654 1098 2705 rochers
1127 2656 1470 2720 granitiques

379 2723 446 2775 de
482 2721 691 2788 Syene,
730 2720 870 2773 dtoit
905 2722 972 2774 de
1007 2724 1111 2775 344
1146 2722 1345 2774 metres
1376 2739 1467 2775 cu-

377 2794 473 2843 bes
512 2797 567 2842 et
615 2791 789 2842 demie
843 2791 1065 2855 (10047,
1100 2794 1135 2845 6
1182 2792 1337 2857 pieds
1377 2810 1468 2844 cu-

377 2861 527 2927 bes),
575 2864 771 2925 pesant
806 2859 927 2925 914,
930 2861 1033 2913 832
1068 2861 1467 2928 Kilogrammes

379 2930 451 2994 (1,
455 2929 682 2995 868,853
726 2929 893 2982 livres
938 2932 972 2981 a
1019 2931 1204 2982 raison
1251 2931 1318 2982 de
1367 2932 1468 2985 186

378 3001 541 3051 livres
577 3016 676 3065 par
707 2999 917 3065 chaque
953 2999 1078 3065 pied
1110 3000 1299 3067 cube);
1337 3007 1393 3052 et
1417 3003 1467 3051 si

377 3071 489 3122 l’on
528 3086 593 3119 en
637 3066 828 3123 deduit
859 3069 907 3120 le
941 3070 1096 3133 vide,
1145 3072 1240 3135 qui
1278 3075 1362 3121 est
1398 3072 1466 3122 de

382 3140 483 3192 105
501 3138 702 3191 metres
724 3144 779 3191 et
798 3140 865 3193 20
885 3139 1179 3191 centiemes
1198 3138 1376 3205 (4818,
1396 3141 1464 3191 85

375 3208 529 3275 pieds
583 3207 816 3272 cubes),
878 3209 919 3259 il
971 3215 1181 3261 restera
1229 3225 1364 3274 pour
1412 3209 1469 3260 la

377 3293 556 3328 masse
606 3278 1004 3330 effectivement
1048 3277 1391 3344 transportde
1433 3280 1467 3329 a

377 3347 499 3398 Sais
538 3346 639 3397 179
674 3347 904 3410 meti-es,
941 3348 1009 3398 30
1044 3346 1340 3399 centiemes
1378 3364 1467 3398 cu·

375 3417 472 3466 bes
510 3415 688 3477 (5228,
727 3418 794 3466 75
830 3415 984 3481 pieds
1014 3416 1231 3481 cubes),
1271 3421 1466 3481 pesant

375 3484 496 3548 476,
499 3485 603 3534 076
647 3483 1046 3550 Kilogrammes
1100 3453 1242 3547 (9722
1247 3486 1377 3546 547,
1430 3485 1462 3534 5

375 3549 601 3616 livres),
638 3568 731 3603 car
764 3570 833 3603 on
868 3567 936 3603 ne
959 3558 1088 3618 peut
1113 3552 1322 3616 deuter,
1359 3566 1464 3618 que

377 3621 726 3674 l'dvidement
761 3621 832 3672 du
872 3622 1166 3674 monolithe
1199 3637 1234 3671 n
1238 3623 1336 3671 'ait
1373 3618 1463 3671 έῐέ

377 3693 482 3745 fait
524 3707 620 3743 sur
670 3691 726 3743 la
767 3690 1003 3742 carriere
1044 3691 1234 3741 meme.
1242 3691 1276 3717 “
1357 3690 1462 3741 Le-

377 3768 573 3814 tronne
604 3759 810 3826 (Revue
839 3758 1146 3826 archeolog.
1173 3761 1220 3810 1.
1246 3776 1303 3824 p.
1326 3757 1455 3821 642)

374 3832 587 3899 pondus
631 3831 791 3882 huius
840 3829 1125 3882 monolithi
1161 3830 1240 3879 ait
1290 3829 1460 3879 fuisse

377 3900 540 3968 „pres
586 3900 654 3951 de
705 3904 738 3951 2
783 3900 1016 3952 milliens
1056 3898 1122 3951 de
1155 3898 1459 3965 Kilogram-

375 3987 488 4022 mes
534 3975 592 4022 et
636 3970 864 4021 environ
901 3969 1110 4021 500000
1154 3968 1459 4039 Kilogram-

374 4055 487 4091 mes
531 4038 603 4102 (10
663 4038 860 4090 double
913 4038 981 4089 de
1025 4030 1350 4103 l’obelisque
1392 4038 1462 4089 de

373 4107 622 4172 Louxor)
667 4106 827 4174 apres
873 4108 1029 4158 avoir
1078 4105 1167 4158 dte
1209 4105 1365 4158 tailld
1408 4112 1464 4158 et

376 4176 594 4229 &viddf‘
667 4177 865 4229 Iacobs
900 4178 986 4228 De
1021 4192 1256 4228 mensur.
1290 4178 1464 4228 Hero·

375 4247 490 4299 dot.
527 4264 580 4313 p.
620 4245 688 4297 23
727 4263 840 4313 seq.
877 4247 1045 4298 totius
1075 4246 1234 4297 huius
1270 4246 1462 4298 domus

375 4316 586 4382 pondus
623 4315 793 4368 fuisse
826 4316 1039 4367 invenit
1073 4314 1302 4380 686,238
1334 4316 1461 4368 libr.

371 4386 671 4450 Borussic„
709 4402 848 4452 quae
876 4386 1028 4451 ipsae
1059 4384 1303 4437 efficiant
1331 4401 1461 4451 pon-

374 4456 502 4508 dera
537 4457 851 4508 centenaria
872 4454 1027 4520 6238,
1052 4458 1124 4519 5.,
1163 4455 1211 4506 si
1245 4461 1461 4506 centum

1573 1128 1758 1181 decem
1796 1130 1953 1182 libris
2007 1131 2115 1182 hoc
2155 1132 2366 1197 pondus
2410 1137 2662 1184 constare

1572 1199 1760 1250 sumis.
1817 1201 1981 1252 Hunc
1999 1201 2171 1266 igitur
2196 1201 2549 1253 monolithum
2580 1208 2661 1254 to-

1572 1274 1686 1319 tum
1723 1270 1895 1320 ruinis
1934 1270 2235 1333 obtectum,
2275 1287 2416 1337 quae
2449 1286 2658 1323 omnem

1571 1339 1843 1401 regionem
1871 1344 2157 1403 occupant,
2185 1340 2287 1390 sub
2308 1344 2455 1391 terra
2481 1342 2660 1393 adhuc

1575 1406 1747 1458 latere
1793 1409 2059 1472 suspicati
2111 1413 2241 1459 sunt
2296 1410 2446 1460 docti
2494 1409 2656 1474 Galli,

1577 1492 1710 1543 quos
1757 1492 1923 1541 supra
1964 1477 2205 1528 laudavi.
2287 1479 2481 1542 Adhuc
2529 1479 2659 1530 talis

1572 1545 1928 1609 monolithus,
1992 1548 2146 1599 cuius
2197 1548 2372 1598 forma
2425 1550 2657 1600 maxime

1572 1616 1786 1666 accedit
1829 1616 1898 1666 ad
1943 1631 2090 1679 eum,
2148 1632 2308 1682 quem
2341 1618 2655 1670 Herodotus

1572 1684 1626 1735 h.
1664 1684 1701 1738 1.
1752 1684 2072 1749 descripsit,
2126 1687 2367 1739 cernitur
2408 1702 2472 1737 eo
2515 1687 2654 1750 1000,

1573 1754 1662 1805 cui
1706 1769 1851 1805 nunc
1904 1769 2101 1805 nomen
2154 1755 2247 1805 Tel
2283 1763 2337 1806 et
2380 1756 2661 1820 Mai.(alii

1573 1823 1736 1888 Μαί),
1779 1824 1906 1874 01ἰιιι
1933 1823 2155 1879 lemuis:
2185 1825 2242 1874 in
2256 1840 2363 1889 quo
2382 1825 2658 1877 Amasidis

1571 1906 1766 1942 nomen
1788 1893 2108 1958 inscriptum
2132 1892 2241 1959 legi
2265 1898 2504 1945 testatur
2522 1895 2660 1946 Bur-

1570 1966 1694 2025 ton,
1739 1963 1834 2027 qui
1879 1963 2109 2013 eundem
2154 1967 2408 2014 accurate
2456 1963 2659 2014 dimen-

1571 2045 1663 2081 sus
1701 2035 1812 2092 est3
1850 2030 1960 2082 vid.
1990 2032 2265 2083 Letronne
2300 2031 2406 2084 1.1.
2445 2037 2501 2083 et
2523 2033 2659 2083 Wil-

1569 2100 1787 2150 kinson.
1826 2101 2082 2153 Manners
2121 2105 2229 2152 etc.
2265 2101 2316 2152 Ι.
2348 2117 2403 2167 p.
2450 2101 2562 2153 191.

1638 2165 1735 2219 καὶ
1773 2167 1944 2219 τοῦτο
1986 2160 2246 2233 ἐκόμιζον
2276 2164 2382 2234 μὲν
2415 2160 2507 2220 ἐπ’
2531 2165 2659 2220 ἔτεα

1569 2238 1699 2304 τρία
1732 2254 1783 2289 κ.
1828 2254 1876 2287 τ.
1925 2237 1995 2305 L]
2058 2238 2142 2290 Ad
2187 2239 2357 2291 verba
2401 2230 2493 2289 ἐπ’
2530 2235 2657 2289 ἔτεα

1568 2307 1699 2371 τρία
1731 2308 1877 2360 conf.
1918 2308 2006 2373 11,
2046 2310 2144 2361 119
2182 2313 2236 2359 et
2275 2309 2346 2359 ad
2381 2308 2658 2375 significa-

1571 2379 1775 2429 tionem
1820 2377 1972 2428 vocis
2019 2374 2217 2442 στέγης
2259 2378 2343 2441 ΙΙ,
2389 2378 2504 2429 148.
2557 2393 2654 2427 κυ-

1570 2445 1835 2515 βερνῆται
1870 2447 2035 2497 iidem
2071 2449 2553 2530 ειιιιι,«1ιιίἐιιρι·α
2577 2448 2653 2508 11,

1573 2518 1675 2569 164
1718 2521 2231 2567 commemorantur:
2286 2517 2378 2582 qui
2422 2530 2544 2567 cum
2579 2516 2659 2566 la

1569 2586 1714 2651 pidis
1759 2585 1953 2636 molem
1989 2600 2019 2636 e
2049 2585 2356 2649 lapicidinis
2383 2585 2546 2636 fluvio
2574 2600 2655 2635 se-

1571 2654 1748 2707 cundo
1791 2658 2287 2718 transportassent,
2344 2653 2471 2704 inde
2526 2669 2653 2704 ean-

1571 2725 1691 2775 dem
1712 2739 1742 2773 e
1764 2724 1894 2773 navi
1916 2722 2113 2773 elatam
2140 2724 2234 2772 via
2268 2724 2516 2772 terrestri
2543 2725 2653 2771 tra-

1569 2798 1766 2845 xerunt
1804 2792 1874 2844 ad
1901 2807 2023 2842 eum
2056 2791 2257 2852 locum,
2309 2806 2415 2856 quo
2453 2791 2655 2841 consti-

1570 2864 1650 2915 tui
1686 2862 1828 2912 hanc
1860 2860 2073 2910 domum
2095 2859 2368 2924 lapideam
2392 2860 2651 2925 oportuit.

1567 2935 1690 2984 Hoc
1721 2947 1850 2982 vero
1888 2944 2022 2995 opus
2056 2928 2244 2994 utique
2274 2929 2650 2981 difficillimum

1569 3000 1836 3069 quomodo
1875 2998 2178 3063 exegerint,
2218 2998 2395 3050 adhuc
2431 3015 2652 3050 cernere

1566 3073 1697 3123 licet
1748 3084 1815 3120 ex
1875 3067 2215 3119 vetustorum
2259 3070 2652 3135 Aegyptiorum

1565 3138 1919 3206 imaginibus,
1959 3153 2183 3203 quarum
2216 3154 2382 3189 unam
2407 3138 2655 3190 exhibuit

1566 3209 1895 3260 Wilkinson.
1951 3206 2230 3271 (Manners
2278 3212 2383 3259 etc.
2437 3208 2547 3260 111.
2593 3225 2649 3273 p.

1566 3278 1690 3341 328)
1730 3279 1967 3342 itemque
1988 3276 2208 3341 Layard
2248 3275 2517 3341 (Nineveh
2543 3277 2653 3326 and

1563 3346 1759 3411 Babyl.
1794 3363 1848 3410 p.
1901 3346 2030 3407 114,
2080 3346 2174 3410 qui
2225 3344 2366 3396 idem
2422 3344 2650 3396 similem

1564 3416 1854 3479 imaginem
1912 3430 1941 3462 e
1996 3414 2291 3477 sculpturis
2340 3413 2649 3478 Assyriacis

1563 3481 1802 3546 addidit)
1856 3482 2055 3532 colossi
2105 3482 2343 3545 ingentis
2395 3497 2530 3547 opus
2582 3483 2652 3532 si-

1564 3556 1795 3602 stentem
1829 3549 2104 3601 hominum
2149 3549 2438 3602 multorum
2481 3552 2653 3601 mani-

1566 3622 1666 3671 bus
1704 3635 1801 3684 per
1837 3621 1993 3670 funes
2027 3619 2212 3669 tracti.

1629 3680 1693 3737 τὸ
1716 3682 1820 3752 μὲν
1839 3684 2020 3753 μῆκος
2050 3682 2272 3747 ἔξωθεν
2296 3702 2347 3737 κ.
2370 3703 2417 3737 τ.
2439 3687 2510 3752 λ.]
2549 3689 2652 3739 Le-

1561 3757 1891 3809 tronniuml.
1912 3757 1949 3807 1.
1975 3756 2023 3805 si
2054 3758 2346 3822 sequimur,
2379 3758 2444 3809 21
2477 3758 2649 3808 cubiti

1561 3827 1807 3881 efficiunt
1856 3827 1917 3878 11
1955 3830 2127 3877 metra
2162 3827 2400 3891 Gallica,
2458 3827 2525 3878 14
2558 3843 2649 3879 cu-

1559 3898 1663 3949 biti
1699 3899 1759 3961 7,
1798 3894 1867 3949 38
1902 3901 2056 3947 metr.
2101 3896 2244 3949 Gall.
2294 3901 2350 3946 et
2395 3900 2519 3948 octo
2558 3913 2648 3948 cu-

1560 3968 1661 4018 biti
1685 3971 1923 4032 aequant
1944 3971 2119 4017 metra
2137 3965 2280 4018 Gall.
2296 3968 2347 4029 4,
2364 3966 2484 4030 216,
2498 3967 2648 4020 nude

1561 4037 1666 4090 344
1687 4039 1860 4087 metra
1875 4037 2070 4087 cubica
2097 4037 2385 4087 exsistant.
2427 4036 2534 4087 Sed
2558 4037 2648 4086 Ia-

1568 4108 1697 4160 cobs
1744 4105 1780 4157 l.
1818 4105 1855 4156 l.
1894 4105 1994 4156 hos
2037 4121 2288 4157 numeros
2322 4106 2519 4156 nimios
2556 4106 2650 4155 ha-

1565 4178 1660 4228 bet
1709 4176 1837 4227 inde
1885 4175 2209 4240 productos,
2265 4175 2409 4241 quod
2463 4190 2649 4225 eorum

1565 4245 1774 4297 calculo
1812 4245 1983 4296 cubiti
2027 4246 2248 4295 maioris
2285 4258 2539 4295 mensura
2573 4244 2648 4293 sit

1563 4316 1850 4381 supposita
1890 4315 2009 4367 1000
2047 4316 2221 4366 cubiti
2257 4314 2526 4379 vulgaris,
2582 4328 2648 4362 ex

1565 4401 1671 4452 quo
1710 4386 1771 4436 21
1813 4384 1985 4436 cubiti
2019 4384 2263 4436 efficiant
2294 4383 2345 4445 9,
2351 4382 2448 4432 711
2487 4386 2646 4432 metr.

1564 4454 1754 4511 Gallie.
1797 4454 1915 4513 sive
1951 4453 2037 4518 30,
2040 4455 2110 4506 94
2145 4451 2305 4519 pedd.
2346 4451 2651 4521 Rhamma„
