3109 5092
538 362 1081 427 EXCURSUS
1131 363 1298 425 xm
1340 362 1472 423 AD
1517 361 2032 425 HERODOT.
2074 363 2171 438 H,
2214 371 2336 426 141.
2452 360 2573 423 881

976 731 1659 811 EXOURSUS·
1697 732 1894 807 XIII

728 902 899 968 AD
987 898 1902 985 HERODOT.11‚
1995 902 2136 965 141.
2392 974 2422 1039 θ

281 1223 421 1310 [Λᾶ
449 1231 646 1287 verba.-
684 1222 1117 1310 Σαναχάριβον
1145 1227 1390 1308 βασιλέα
1411 1220 1709 1310 Ἀραβίων
1738 1250 1801 1289 τε
1832 1226 1935 1289 καὶ
1959 1221 2291 1309 Ἀσσυρίων
2320 1249 2376 1286 κ.
2405 1249 2455 1286 τ.
2487 1228 2537 1290 λ.

466 1385 854 1455 Expeditionis
905 1404 938 1438 a
984 1386 1354 1441 Sanacharibo
1403 1387 1762 1455 Assyriorum
1818 1404 1951 1454 rege
2003 1390 2296 1456 susceptae
2353 1390 2575 1454 praeter

275 1470 962 1541 IosephumArchaeolog.
998 1472 1064 1541 X,
1085 1480 1136 1531 1.
1167 1478 1218 1538 S.
1240 1479 1276 1533 4
1305 1472 1546 1527 meminit
1579 1489 1802 1543 quoque
1832 1471 2076 1539 Iesaias,
2111 1470 2205 1541 qui
2238 1464 2407 1538 vulgo
2440 1469 2575 1521 dici-

279 1566 408 1622 tur,
452 1573 570 1626 cap.
603 1555 831 1609 XXXVI
861 1565 917 1610 et
945 1575 1086 1627 seq„
1130 1558 1224 1611 ubi
1254 1564 1431 1613 tamen
1464 1556 1756 1626 Aegyptus
1788 1557 1934 1609 haud
1967 1561 2431 1621 commemoratur,
2478 1553 2575 1606 sed

280 1641 504 1694 Iudaea
536 1645 778 1709 tantum,
824 1659 965 1712 quae
1001 1659 1296 1713 sanequam
1328 1643 1610 1697 Iudaicum
1638 1641 1910 1694 hominum
1947 1640 2121 1707 magis
2153 1639 2443 1691 advertere
2473 1654 2575 1707 po-

279 1731 461 1779 terat.
537 1726 677 1777 Nam
708 1726 1147 1794 Sanaeharibus‚
1190 1729 1287 1797 qui
1316 1727 1628 1796 Aegyptum
1660 1725 1877 1795 quidem
1908 1725 2144 1794 petiisse
2172 1722 2422 1789 videtur,
2474 1722 2577 1773 hac

280 1812 346 1864 in
395 1809 746 1879 expeditione
776 1829 840 1863 eo
867 1812 1048 1864 minus
1077 1813 1385 1881 praeterire
1415 1810 1600 1881 potuit
1630 1809 1916 1876 Iudaeam,
1962 1826 2072 1879 quo
2106 1807 2336 1876 gravius
2371 1823 2434 1858 ac
2463 1805 2577 1858 dif-

282 1895 500 1949 ficilius
539 1900 661 1946 erat
690 1895 998 1964 Aegyptum
1040 1896 1282 1965 petenti,
1329 1895 1606 1948 Iudaicam
1644 1901 1847 1947 terram
1874 1892 2127 1960 Assyriis
2167 1892 2442 1945 infensam
2488 1908 2577 1944 re·

283 1980 551 2048 linquere
591 1977 735 2029 haud
779 1978 1048 2031 domitam.
1109 1978 1220 2032 Sed
1249 1981 1572 2033 Herodotus
1592 2020 1608 2049 ‚
1652 1978 1749 2049 qui
1783 1978 1852 2030 ad
1883 1994 2138 2031 summam
2169 1976 2321 2045 regis
2353 1974 2577 2046 expedi-

282 2065 503 2117 tionem
547 2061 795 2131 respexit
834 2061 1095 2134 solosque
1127 2063 1435 2134 Aegyptios
1467 2064 1787 2116 sacerdotes
1831 2063 1901 2116 de
1933 2080 1999 2114 ea
2027 2063 2336 2115 reserentes
2380 2059 2576 2125 audiit,

288 2149 364 2200 de
399 2146 607 2198 Iudaea
646 2149 824 2214 tacet,
871 2147 1029 2201 cuius
1065 2153 1245 2201 terrae
1287 2149 1630 2202 accuratiore
1661 2147 1978 2216 cognitione
2025 2145 2244 2199 omnino
2275 2145 2579 2198 destitutus

289 2248 431 2286 esse
459 2229 703 2282 videtur.
773 2230 918 2284 Illud
945 2238 1125 2285 autem
1153 2234 1366 2286 minime
1399 2233 1652 2287 dubium:
1697 2235 1763 2288 de
1795 2251 1911 2287 una
1938 2235 2224 2301 eademque
2251 2230 2584 2301 expeditione

291 2326 348 2373 et
380 2316 712 2369 Herodotum
753 2325 803 2370 et
843 2318 1116 2373 Iudaicum
1154 2319 1462 2389 scriptorem
1504 2325 1734 2388 reserre3
1780 2318 1873 2387 qui
1900 2335 2221 2387 quamquam
2260 2318 2317 2368 in
2356 2314 2587 2387 siugulis

292 2402 615 2473 quibusdam
646 2401 990 2469 dissentirent,
1031 2404 1089 2456 in
1115 2422 1323 2458 summa
1348 2410 1463 2467 sere
1500 2404 1849 2469 conveniunt,
1893 2422 2010 2456 eum
2041 2403 2364 2470 Assyriorum
2400 2416 2584 2470 regem

288 2489 529 2544 tradant
558 2487 630 2538 ad
659 2487 885 2556 Aegypti
903 2489 1048 2556 fines
1079 2489 1411 2558 pervenisse-,-
1443 2506 1574 2556 quos
1600 2506 1717 2540 eum
1747 2487 1954 2541 intrare
1980 2488 2169 2553 vellet,
2204 2486 2438 2554 pernicie
2465 2485 2583 2536 sub-

290 2574 372 2629 ito
434 2571 699 2624 incidente
746 2574 979 2639 adeoque
1017 2574 1264 2627 divinitus
1304 2574 1533 2626 immissa
1587 2590 1770 2643 regem
1808 2571 1968 2625 ictum
2011 2569 2262 2624 continuo
2303 2569 2584 2638 refugisse,

292 2672 520 2727 magna
545 2662 734 2725 strage
761 2665 996 2727 accepta.
1054 2657 1220 2718 Quod
1251 2657 1571 2710 sacerdotes
1600 2662 1657 2708 et
1684 2655 1922 2708 Iudaeos
1955 2658 2012 2705 et
2044 2652 2354 2720 Aegyptios
2384 2649 2585 2719 cupide

295 2738 618 2809 arripuisse
646 2739 950 2793 arbitratur
979 2741 1262 2794 Gesenius
1293 2742 1361 2794 ad
1392 2741 1607 2794 Iesaiae
1637 2739 1814 2792 locum
1850 2743 1935 2810 (p.
1968 2741 2070 2798 937
2078 2776 2091 2790 .
2124 2739 2230 2795 973
2259 2736 2449 2805 seqq.)
2495 2751 2583 2785 ce·

294 2827 583 2893 leremque
633 2823 855 2892 Assyrii
898 2824 1050 2893 regis
1097 2827 1284 2894 fugam
1326 2826 1433 2879 diis
1480 2824 1849 2895 adscripsisse
1888 2826 2316 2892 portentumque
2366 2818 2584 2889 praedi-

298 2928 486 2965 casse.
543 2908 739 2978 Itaque
770 2926 801 2961 a
829 2928 963 2962 vero
987 2910 1211 2965 maxime
1238 2912 1536 2964 abhorrere
1565 2910 1847 2974 videntur,
1881 2907 1975 2976 qui
1996 2906 2289 2959 Setbonem
2314 2900 2588 2957 Herodoti

299 3014 405 3067 pro
455 2992 658 3047 Hiskia
710 3000 768 3046 et
805 2993 1110 3048 Vulcanum
1149 2994 1511 3066 Aegyptium,
1569 2994 1729 3047 cuius
1776 2992 2036 3045 sacerdos
2079 2990 2188 3043 fuit
2230 2989 2431 3056 Setho,
2485 3003 2587 3056 pro

303 3081 517 3133 lehova
544 3078 837 3148 accipiant.
897 3079 1024 3132 Vid.
1057 3081 1360 3134 Gesenium
1391 3080 1426 3133 l.
1457 3080 1514 3148 1.‚
1546 3080 1645 3150 qui
1668 3079 1792 3149 ipse
1822 3078 1956 3130 haec
1980 3075 2208 3129 statuit:
2242 3074 2402 3142 „Auf
2420 3072 2587 3142 jeden

305 3162 431 3219 Fall
462 3163 641 3215 haben
665 3163 767 3214 wir
793 3163 913 3216 hier
939 3164 1078 3218 zwei
1108 3165 1470 3218 verschieden
1504 3163 1884 3233 ausgebildete
1914 3155 2589 3230 mythisch-traditionelle

305 3245 717 3315 Nachrichten,
754 3246 843 3300 die
873 3264 982 3301 von
1017 3250 1190 3303 einem
1220 3249 1683 3319 geschichtlicben
1715 3247 1935 3299 Punkte
1969 3245 2251 3313 ausgehen
2272 3282 2288 3310 ,
2332 3243 2440 3294 wie
2472 3239 2589 3293 sich

311 3331 455 3384 noch
502 3331 726 3382 manche
767 3331 972 3384 andere
1013 3333 1410 3402 Bemt’ihungen
1453 3333 1641 3387 dieser
1684 3331 1788 3384 Art
1838 3332 1893 3383 in
1949 3331 2048 3382 der
2087 3324 2588 3395 Sagengescbichte

309 3415 414 3469 der
429 3411 589 3465 Bibel
613 3413 727 3465 und
749 3413 847 3465 der
862 3413 1152 3468 Klassiker
1176 3417 1426 3470 find'en.“
1475 3417 1590 3480 Qui
1612 3419 1742 3485 post
1755 3413 2059 3466 Gesenium
2078 3411 2148 3463 de
2172 3411 2259 3462 bis
2283 3405 2593 3477 disputavit

313 3498 538 3564 Schegg
566 3496 651 3567 (in
683 3496 935 3565 Append.
961 3497 1046 3548 III
1084 3498 1152 3549 ad
1173 3499 1355 3555 ‚Jesai.
1389 3498 1511 3550 vol.
1531 3499 1607 3551 Il.
1641 3517 1696 3567 p.
1714 3500 1824 3554 254
1855 3513 1979 3566 sqq.
2003 3500 2109 3554 259
2122 3512 2245 3564 sqq.
2287 3497 2342 3545 et
2372 3492 2429 3543 in
2462 3506 2591 3560 pro-

314 3586 612 3654 grammate
635 3579 989 3647 Frisingensi
1017 3597 1145 3634 ann.
1179 3585 1343 3640 1848:
1388 3582 1627 3650 „Ueber
1659 3580 1846 3633 Jesaia
1874 3584 1945 3639 36
1973 3577 2061 3631 bis
2083 3578 2254 3645 39⁴⁴),
2303 3576 2405 3645 iis,
2450 3590 2592 3644 quae

317 3671 387 3723 ab
415 3664 703 3719 Herodoto
734 3665 1067 3732 traduntur,
1119 3681 1376 3718 summam
1406 3667 1526 3719 fere
1560 3681 1745 3718 eorum
1790 3662 2064 3716 contineri
2109 3660 2415 3729 existimat,
2452 3673 2593 3729 quae

317 3751 471 3821 regis
503 3755 722 3802 statuae
751 3749 899 3802 notis
930 3749 1359 3820 hieroglyphicis
1395 3750 1667 3820 inscripta
1695 3753 1862 3818 atque
1885 3746 2170 3800 Herodoto
2201 3745 2287 3798 sic
2326 3742 2596 3815 explicata

317 3835 531 3891 fuerint
559 3852 594 3888 a
622 3834 1005 3888 sacerdotibus
1037 3833 1360 3904 Aegyptiis,
1405 3834 1764 3905 Assyriorum
1793 3832 1997 3885 cladem
2031 3830 2299 3885 divinitus
2331 3827 2594 3882 inflictam

323 3919 717 3976 extollentibus
748 3937 812 3972 ac
841 3919 1012 3972 muris
1048 3918 1296 3987 symbola
1327 3919 1755 3974 declarantibus.
1813 3917 1891 3969 Et
1917 3917 2064 3968 conf.
2095 3931 2317 3986 quoque
2358 3914 2426 3967 de
2452 3913 2593 3966 San-

325 4004 579 4060 acharibo
613 4003 846 4074 eiusque
873 4005 1043 4057 rebus
1073 4004 1249 4072 gestis
1281 4004 1462 4059 Beck:
1492 4004 1695 4057 Anleit.
1726 4020 1777 4055 z.
1807 4000 2146 4069 Weltgesch.
2179 4000 2225 4053 I.
2261 4019 2317 4071 p.
2341 4002 2447 4061 717
2472 4016 2593 4066 seq.

326 4094 462 4157 720,
505 4088 730 4141 Winerz
771 4087 1080 4142 Biblisehes
1109 4088 1509 4143 Realwdrterb.
1542 4106 1591 4141 s.
1625 4104 1678 4141 v.
1715 4084 2005 4140 Sanherib.
2081 4084 2305 4148 Quibus
2350 4083 2600 4154 equidem

325 4174 385 4226 id
431 4190 598 4226 unum
638 4172 859 4241 addam,
913 4172 1062 4243 quod
1097 4172 1288 4226 retulit
1317 4174 1571 4242 Layardz
1610 4170 1965 4224 Discoveries
1997 4175 2101 4223 etc.
2146 4188 2201 4240 p.
2233 4174 2364 4230 143:
2411 4167 2467 4219 in
2503 4181 2597 4217 cu-

329 4257 508 4309 neatis
553 4257 1015 4326 inscriptionibus
1058 4256 1249 4327 palatii
1296 4258 1364 4311 ab
1408 4259 1510 4311 boc
1539 4255 1912 4309 Sanacharibo
1953 4254 2221 4308 exstructi
2256 4259 2314 4305 et
2342 4268 2407 4305 ex
2438 4254 2594 4319 parte

333 4357 508 4410 nuper
537 4341 731 4394 effossi
761 4342 1191 4395 Sanacbaribum
1223 4343 1417 4414 utique
1444 4340 1849 4396 commemorari
1880 4358 1998 4394 cum
2021 4334 2312 4407 Aegyptiis
2347 4349 2598 4405 pugnan-

328 4431 435 4476 tem
475 4423 803 4495 eosdemque
838 4424 893 4478 in
942 4427 1131 4495 fugam
1176 4432 1623 4482 convertentem=
1683 4425 1753 4479 de
1784 4422 1969 4493 clade,
2020 4439 2179 4492 quam
2210 4420 2429 4489 tulerit,
2468 4416 2603 4471 nihil

422 4537 751 4582 ussono'r.
798 4540 842 4581 1.
2107 4518 2189 4581 56
