3109 5092
1191 344 1690 405 EUTERPE.
1736 346 1819 405 H.
1866 357 1956 408 51.

2585 348 2709 411 549

441 518 554 589 καὶ
590 513 762 586 ἄλλα
811 513 977 606 πρὸς
1015 514 1344 605 τούτοισι,
1383 517 1465 589 τὰ
1502 517 1633 607 ἐγω
1670 518 1947 608 φράσω,
1971 514 2289 609 Ἕλληνες
2330 518 2446 592 ἀπ’
2487 527 2702 611 Αἰγυ-

442 627 657 692 πτίων
682 626 1097 709 νενομίκασι.
1174 626 1297 691 τοῦ
1332 622 1407 692 δὲ
1440 617 1691 713 Ἑρμέω
1718 621 1799 692 τὰ
1825 620 2172 711 ἀγάλματα
2203 620 2382 714 ὀρθὰ
2418 631 2596 713 ἔχειν
2625 624 2707 695 τὰ

443 730 669 795 αἰδοῖα
715 728 1071 804 ποιεῦντες
1107 719 1234 793 οὐκ
1279 721 1396 796 ἀπ’
1439 732 1840 814 Αἰγυπτίων
1875 726 2335 817 μεμαθήκασι,
2390 724 2539 797 ἀλλ’
2574 725 2707 798 ἀπὸ

438 833 813 915 Πελασγῶν
856 831 1107 916 πρῶτοι
1150 826 1275 916 μὲν
1304 824 1646 918 Ἑλλήνων
1673 825 1992 900 ἁπάντων
2018 825 2362 918 Ἀθηναῖοι
2404 839 2702 919 παραλα-

439 932 675 1021 βόντες
695 983 713 1016 ,
751 928 931 1019 παρὰ
975 930 1051 1000 δὲ
1085 935 1347 1002 τούτων
1386 924 1611 1003 ὧλλοι.
1690 930 2104 1020 Ἀθηναίοισι
2149 931 2311 1022 γὰρ,
2345 928 2477 1022 ἤδη
2514 960 2701 1021 τηνι-

439 1041 655 1104 καῦτα
708 1036 776 1114 ἐς
791 1029 1121 1121 ’Έλληνας
1164 1037 1503 1122 τελέουσι,
1552 1036 1892 1122 Πελασγοὶ
1940 1034 2240 1105 σύνοικοι
2283 1038 2591 1122 ἐγένοντο
2630 1039 2707 1107 ἐν

437 1217 564 1268 pag.
603 1203 702 1252 774
743 1215 861 1266 seq.
887 1199 1015 1252 eoll.
1051 1201 1289 1254 Bohlen:
1326 1203 1527 1255 Indien
1624 1205 1858 1254 Hermas
1891 1217 1957 1253 ex
1980 1200 2279 1252 columellis
2302 1202 2374 1251 ad
2392 1200 2528 1253 fines
2552 1218 2707 1269 agro·

435 1271 484 1322 1.
522 1286 651 1337 pag.
688 1270 809 1322 182.

848 1441 981 1492 Cu.
1022 1441 1118 1492 LI.

490 1531 759 1608 Ἕλληνες
790 1533 894 1594 ἄπ’
935 1538 1263 1607 Αἰγυπτίων
1299 1541 1522 1607 νενομί-

436 1611 586 1681 κασι]
623 1615 669 1664 E
719 1629 870 1679 seqq.
920 1614 1212 1680 cogitando
1257 1612 1346 1664 hie
1394 1613 1521 1663 addi

436 1684 629 1737 volunt
663 1678 978 1748 μαθόντες,
1028 1682 1131 1733 hoe
1177 1683 1292 1733 fere
1329 1698 1519 1733 sensu:

435 1755 500 1805 ab
537 1753 803 1819 Aegyptiis
836 1753 1001 1803 edocti
1024 1768 1087 1802 ea
1112 1754 1426 1803 instituerem
1447 1756 1522 1802 in·

433 1826 709 1888 stilumque
733 1829 921 1884 tenent,
961 1837 1006 1871 s.
1045 1821 1112 1872 ab
1137 1821 1403 1888 Aeqyptiis
1437 1836 1520 1871 re—

435 1900 583 1955 cepta
615 1895 666 1942 in
699 1907 793 1942 usu
816 1891 1014 1941 habent.
1086 1891 1202 1941 Nee
1231 1891 1520 1941 admodum

436 1962 645 2025 differt,
683 1961 829 2027 quod
860 1960 1119 2010 continuo
1157 1960 1387 2025 legitur:
1423 1951 1518 2009 ἄπ’

434 2026 766 2095 Αἰγυπτίων
785 2024 1168 2094 μεμαθήκασι.
1230 2029 1387 2080 Conf.
1422 2027 1519 2091 1v,

502 2166 606 2218 τοῦ
639 2162 702 2218 δὲ
721 2158 937 2231 Ἑρμέω
967 2198 1030 2208 —-
1061 2164 1381 2232 ποιεῦντες]
1411 2167 1448 2218 i.
1472 2182 1519 2216 e.

429 2241 631 2305 faciunt
665 2237 920 2288 Mercurii
964 2244 1167 2288 statuas
1202 2238 1299 2298 ita,
1347 2243 1403 2286 nt
1433 2236 1523 2285 Ιια-

433 2310 589 2361 beant
603 2315 775 2358 erecta
787 2308 1047 2370 pudenda.
1083 2307 1369 2356 Pertinent
1387 2305 1523 2355 haee

434 2378 504 2430 ad
529 2379 779 2439 Hermas,
812 2378 905 2441 qui
930 2375 1202 2438 dicuntur,
1238 2389 1283 2425 s.
1307 2374 1516 2440 lapides

433 2448 556 2499 illos
591 2447 799 2498 formae
836 2447 1167 2511 quadratae,
1206 2445 1402 2510 quibus
1432 2460 1518 2495 ea-

433 2523 532 2584 put
568 2516 683 2579 dei,
731 2516 975 2580 inprimis
1016 2514 1300 2575 Mercurii,
1350 2514 1518 2579 impo-

433 2589 596 2637 situm
622 2590 706 2637 est
728 2585 1082 2650 additumque
1116 2583 1413 2634 membrum
1440 2584 1520 2633 vi-

431 2656 531 2707 rile
557 2660 794 2706 ereetum
811 2692 825 2717 ,
865 2653 1051 2721 quales
1090 2653 1399 2719 frequenter
1428 2668 1521 2702 an-

432 2726 667 2792 tiquitus
701 2726 830 2789 poni
866 2722 1116 2775 solebant
1153 2723 1211 2772 in
1245 2721 1409 2785 foris,
1441 2723 1520 2772 vi·

433 2797 532 2857 eis,
567 2794 764 2860 plateis
791 2793 1006 2859 viisque
1029 2807 1096 2842 ae
1130 2791 1377 2841 terminis
1410 2807 1521 2842 om-

431 2864 700 2930 nibusque
745 2863 861 2913 sere
906 2862 1042 2913 loeis
1078 2861 1312 2926 privatis
1348 2860 1522 2926 publi-

433 2935 612 2985 eisve:
659 2947 795 2999 quos
843 2948 965 2982 eum
1012 2930 1275 2997 plurimos
1320 2931 1521 2981 Noster

433 3003 666 3054 vidisset
710 3002 967 3064 Athenis,
1012 2999 1210 3067 quibus
1243 3000 1520 3066 proprium

434 3074 537 3124 hoe
580 3087 715 3137 opus
772 3070 1093 3135 quadratum
1143 3070 1342 3132 fuisse,
1389 3070 1517 3121 inde

434 3144 506 3194 ad
552 3142 690 3193 alias
739 3141 1003 3191 Graeciae
1048 3145 1241 3206 gentes
1284 3139 1519 3191 urbesve

434 3210 723 3264 deductum
756 3211 918 3260 testis
955 3212 1038 3260 est
1073 3209 1381 3260 Pausanias
1418 3210 1517 3272 IV,

433 3281 520 3344 33,
563 3283 596 3330 4
639 3276 762 3330 eoll.
800 3278 1104 3344 Thucydid.
1143 3278 1240 3341 VI,
1279 3280 1366 3340 27,
1407 3278 1519 3328 ani-

434 3367 577 3402 mum
600 3348 841 3400 advertit
863 3350 1053 3412 opinor
1070 3347 1310 3412 phalliea
1322 3348 1515 3411 forma,

434 3435 594 3486 quam
631 3419 690 3468 in
725 3417 928 3467 Bacchi
965 3417 1136 3467 saeris
1184 3417 1402 3467 obviam
1451 3433 1517 3467 ex

433 3491 683 3555 Aegypto
705 3484 869 3551 paulo
892 3489 1021 3536 ante
1044 3487 1357 3550 repetierat.
1394 3487 1516 3537 Hoe

433 3576 502 3610 ne
541 3559 609 3608 de
652 3556 871 3606 Hermis
916 3555 1255 3620 crederetur,
1303 3555 1516 3606 addidit

432 3630 568 3679 haee
600 3624 796 3688 verba,
847 3619 1043 3690 quibus
1081 3624 1145 3674 de
1185 3624 1395 3690 origine
1436 3629 1518 3674 ta-

433 3698 564 3749 lium
597 3698 891 3747 formarum
913 3693 1271 3760 phalliearum
1296 3692 1517 3745 aliunde

435 3765 729 3832 repetenda
771 3780 870 3816 nos
922 3763 1202 3826 edoceret,
1250 3762 1515 3829 simulque

433 3851 653 3888 eausam
690 3835 771 3885 rei
811 3850 921 3886 non
959 3838 1073 3884 tam
1109 3833 1319 3899 aperire
1356 3848 1517 3897 quam

431 3905 731 3957 scientibus
769 3918 816 3956 s.
847 3903 1108 3964 initiatis,
1144 3902 1216 3953 ad
1237 3917 1371 3968 quos
1400 3902 1520 3967 ipse

429 3974 766 4042 pertinebat,
823 3972 1135 4039 significare
1180 3972 1408 4022 studuit.
1467 3973 1513 4022 E

427 4045 787 4109 Pelasgorum
822 4042 993 4094 saeris
1033 4042 1204 4108 igitur
1248 4056 1369 4092 eum
1405 4042 1518 4092 No-

436 4118 548 4164 ster
580 4114 811 4163 Hermas
846 4115 1063 4180 repetat
1102 4111 1519 4177 religiosamque

433 4197 657 4236 eausam
693 4186 750 4232 et
785 4181 1238 4248 significationem
1269 4180 1353 4230 his
1383 4179 1520 4245 lapi-

407 4310 418 4320 ,
436 4253 594 4302 dibus
629 4251 710 4300 ita
756 4250 1111 4302 conformatis
1159 4250 1382 4301 subesse
1426 4250 1520 4300 de-

436 4322 636 4384 claret,
697 4336 808 4371 uon
869 4325 990 4370 erat
1037 4319 1313 4384 profecto,
1376 4318 1520 4385 quod

432 4394 618 4458 zoega
660 4390 729 4442 de
775 4390 1030 4442 obelisco.
1070 4402 1199 4454 pag.
1244 4391 1345 4440 217
1382 4402 1520 4454 seq.,

1626 1287 1743 1322 rum
1778 1269 2143 1336 designandos
2176 1270 2368 1336 positis
2402 1286 2522 1321 eum
2557 1288 2707 1338 repe·

1625 1344 1782 1402 teret,
1807 1339 2044 1406 phallum
2066 1355 2177 1390 non
2198 1340 2306 1389 nisi
2331 1339 2544 1405 fastigii
2555 1356 2706 1392 exor-

1624 1410 1793 1461 nandi
1837 1425 2004 1461 eausa
2041 1409 2286 1460 additum
2329 1413 2551 1473 putaret
2592 1426 2705 1462 om·-

1624 1495 1853 1545 nemque
1884 1479 2011 1529 inde
2032 1479 2352 1529 Hermarum
2383 1483 2438 1529 et
2462 1493 2620 1529 usum
2651 1484 2707 1530 et

1622 1547 2075 1615 significationem
2133 1548 2204 1598 ad
2257 1563 2423 1598 unum
2471 1546 2705 1599 limitum

1622 1634 1780 1669 usum
1818 1624 1872 1668 et
1917 1622 2291 1668 oruamentum
2330 1617 2703 1683 restringeret.

1626 1688 1797 1750 Quem
1835 1687 1971 1738 satis
2014 1687 2275 1737 refutavit
2307 1686 2575 1737 Herodoti
2610 1702 2705 1753 pa-

1622 1757 1855 1808 trocinio
1902 1760 2158 1820 suscepto
2198 1755 2301 1806 Ed.
2340 1756 2601 1806 Gerhard.
2646 1757 2704 1806 in

1622 1828 1773 1877 Diss.
1812 1826 1879 1876 de
1922 1825 2184 1891 religione
2216 1825 2535 1875 Herm‘arum
2575 1824 2707 1892 (Be-

1622 1895 1782 1946 rolin.
1823 1892 1980 1959 1845)
2015 1910 2068 1959 p.
2106 1896 2140 1944 4
2171 1909 2323 1959 seqq.
2359 1899 2414 1944 et
2442 1895 2500 1944 in
2531 1893 2705 1945 altera

1622 1965 1792 2027 Diss.,
1821 1979 1929 2029 qua
1954 1963 2020 2013 de
2040 1964 2266 2028 origine,
2301 1962 2706 2027 significatione

1626 2038 1681 2084 et
1713 2049 1815 2084 usu
1851 2035 2173 2084 Hermai-um
2203 2030 2505 2083 luculenter
2543 2048 2705 2098 expo·

1625 2104 1760 2154 suit:
1820 2100 2256 2168 Hyperboreiseh
2299 2128 2371 2139 -
2415 2101 2707 2153 Βὸιιιίεοὶιο

1625 2173 1871 2224 Studien.
1942 2170 2065 2222 Vol.
2102 2171 2161 2220 11
2195 2167 2705 2238 (Archaeologiseh.

1625 2241 1894 2292 Naehlass
1931 2256 2030 2292 aus
2058 2239 2217 2306 Rom)
2252 2255 2381 2306 pag.
2412 2241 2517 2292 200
2550 2253 2704 2308 seqq.

1625 2313 1729 2365 216
1764 2326 1915 2376 seqq.
1986 2312 2135 2361 Deus
2182 2323 2311 2359 vero
2357 2307 2446 2359 ille
2492 2310 2705 2361 Mercu·

1619 2382 1762 2443 rius,
1801 2380 1887 2430 eui
1923 2379 2026 2430 hae
2045 2378 2253 2444 figurae
2273 2377 2546 2442 phallieae
2581 2395 2707 2430 eon·

1622 2455 1869 2501 secratae
1906 2450 2050 2511 sunt,
2090 2463 2123 2497 a
2150 2446 2398 2514 Pelasgis
2435 2448 2705 2500 adductus

1623 2520 1694 2570 ad
1740 2534 1832 2569 eos
1884 2516 2013 2568 deos
2058 2517 2320 2583 pertinet,
2369 2518 2462 2583 qui
2509 2518 2565 2567 in
2609 2518 2708 2569 Sa-

1621 2587 1956 2639 mothracum
2001 2586 2272 2651 mysteriis
2313 2585 2565 2637 coluntur
2605 2586 2705 2636 Ca·

1620 2657 1833 2723 birique
1867 2654 2032 2721 vulgo
2064 2659 2335 2705 vocantur
2366 2670 2540 2720 neque
2563 2654 2705 2706 alius

1622 2741 1755 2778 sane
1785 2729 1869 2776 est
1885 2724 2187 2774 Mercurius
2217 2722 2341 2786 ille,
2379 2724 2445 2776 de
2479 2738 2586 2789 quo
2619 2723 2707 2773 Ci-

1621 2811 1745 2847 eero
1782 2794 1850 2844 de
1872 2797 2012 2843 natt.
2039 2794 2204 2844 Deor.
2239 2793 2348 2855 111,
2386 2794 2479 2844 22:
2527 2793 2706 2854 „Mer-

1621 2865 1804 2917 curius
1841 2877 1981 2914 unus
2016 2859 2184 2913 Coelo
2231 2866 2414 2927 patre,
2455 2861 2559 2912 Die
2595 2877 2704 2912 ma-

1621 2940 1706 2987 tre
1751 2937 1941 2983 natus:
1992 2930 2146 2983 euius
2196 2931 2520 2982 obscoenius
2564 2931 2706 2981 exei-

1619 3011 1740 3057 tata
1772 3007 1972 3053 natura
2007 3000 2269 3064 traditur,
2307 3000 2453 3067 quod
2477 3006 2705 3066 aspectu

1619 3073 1980 3138 Proserpinae
2002 3075 2302 3122 commotus
2336 3070 2469 3120 sit.“
2539 3069 2705 3121 Intel-

1618 3144 1807 3211 ligitur
1854 3142 1998 3192 enim
2040 3140 2343 3191 Mercurius
2390 3138 2705 3205 ithyphalli-

1620 3229 1742 3277 eus,
1793 3213 1886 3277 qui
1928 3211 2127 3261 dieitur
2172 3214 2230 3260 et
2273 3212 2454 3260 ereeto
2491 3210 2703 3260 fascino

1618 3284 2082 3349 repraesentatur,
2119 3295 2241 3329 eum
2266 3278 2409 3328 ratio
2437 3278 2509 3328 sit
2548 3278 2705 3328 semi-

1619 3351 1760 3403 nalis
1796 3351 2034 3401 omnium
2069 3363 2246 3398 rerum
2285 3347 2340 3396 in
2380 3353 2580 3396 natura
2614 3362 2705 3412 ge-

1618 3422 1812 3482 nitrix,
1851 3418 1983 3468 solis
2020 3418 2105 3467 vis
2141 3421 2428 3481 vegetans.
2498 3414 2605 3477 Qui
2637 3414 2699 3465 C.

1621 3492 1687 3542 Ο.
1727 3487 1986 3540 Muellero
2025 3485 2297 3552 (Etrusco.
2345 3483 2391 3532 1.
2437 3499 2505 3548 pa
2549 3519 2562 3533 .
2611 3483 2702 3548 77)

1615 3561 1761 3610 idem
1797 3556 2012 3607 videtur
2044 3559 2209 3619 atque
2240 3553 2469 3602 Hermes
2549 3551 2704 3601 htho·

1615 3630 1764 3689 nius,
1826 3625 1915 3691 qui
1977 3623 2215 3674 omnium
2274 3636 2450 3670 rerum
2506 3635 2704 3686 parens

1617 3697 1799 3748 omnia
1853 3695 1999 3745 bona
2057 3690 2364 3744 hominibus
2424 3694 2704 3754 praestare

1614 3768 1805 3818 fertur.

1675 3827 2037 3898 Ἀθηναίοισι
2088 3822 2194 3893 γὰρ
2242 3818 2354 3892 ἤδη
2392 3824 2705 3892 τηνικαῦτα

1618 3921 1667 3954 κ.
1706 3920 1749 3952 τ.
1795 3901 1867 3967 7..]
1905 3897 2185 3950 Particula
2219 3889 2333 3963 ἤδη
2371 3896 2512 3948 male
2542 3896 2705 3947 abest

1621 3990 1655 4024 a
1699 3971 1841 4023 binis
1890 3968 2071 4031 codd„
2128 3968 2196 4018 ab
2245 3966 2367 4017 aliis
2422 3980 2703 4032 perperam

1622 4039 1973 4093 confunditur
2027 4053 2149 4088 cum
2209 4028 2302 4102 δὴ,
2357 4034 2702 4102 significatur

1623 4112 1764 4163 enim
1794 4115 2006 4173 tempus
2044 4107 2171 4157 olim
2208 4106 2406 4170 fuisse,
2443 4120 2549 4170 quo
2573 4119 2707 4153 non-

1622 4181 1748 4231 dum
1783 4177 2145 4231 Athenienses
2194 4175 2482 4227 Hellenum
2518 4172 2576 4223 in
2609 4188 2707 4222 nu·

1623 4265 1769 4301 mero
1808 4247 2010 4298 fuerint
2044 4246 2247 4310 babiti3
2290 4245 2347 4295 id
2391 4243 2536 4308 quod
2580 4255 2706 4293 oon·

1623 4320 1775 4370 venit
1809 4332 1928 4368 eum
1964 4317 2066 4378 iis,
2112 4331 2250 4382 quae
2283 4315 2330 4375 1,
2377 4313 2445 4363 57
2479 4326 2707 4361 narran-

1625 4394 1742 4454 tur,
1776 4387 1872 4439 ubi
1903 4383 2019 4437 vid.
2056 4388 2198 4437 nott.
2270 4385 2517 4447 Namque
2542 4378 2707 4431 Athe·
