3109 5092
1117 370 1612 433 EUTERPE.
1659 327 1873 434 11:96.

365 542 477 614 διὰ
523 549 639 631 τῆς
691 542 961 629 τρόπιος
1016 542 1438 630 διαβύνεται·

363 652 628 716 ἱστίοισι
659 647 733 714 δὲ
762 651 1167 734 βυβλίνοισι.

2502 365 2626 430 637

1550 545 1711 635 ἱστῷ
1753 540 1828 609 δὲ
1877 537 2233 632 ἀκανθίνῳ
2279 542 2626 630 χρέωνται,

1274 651 1482 714 ταῦτα
1519 644 1601 714 τὰ
1629 655 1828 714 πλοῖα
1856 640 1985 711 ἀνὰ
2012 642 2138 730 μὲν
2164 643 2284 711 τὸν
2324 642 2628 731 ποταμὸν

360 748 444 819 οὐ
471 749 754 818 δύναται
801 752 1068 834 πλέειν,
1125 743 1214 837 ἦν
1250 746 1340 837 μὴ
1381 746 1679 836 λαμπρὸς
1716 743 1960 833 ἄνεμος
2002 748 2237 834 ἐπέχῃ,
2284 748 2359 814 ἐκ
2389 751 2509 835 γῆς
2553 746 2627 815 δὲ

359 856 780 942 παρέλκεται.

886 850 1054 920 κατὰ
1097 851 1257 939 ῥόον
1297 851 1372 919 δὲ
1415 858 1747 940 κομίζεται
1779 838 1946 917 ὦδε·

2056 855 2193 917 ἔστι
2239 851 2315 918 ἐκ
2341 856 2630 939 μυρίκης

359 958 776 1044 πεποιημένη
816 955 1037 1045 θύρη,
1078 957 1592 1043 κατερραμμένη
1635 958 1824 1043 ρ’ίπει·
1862 950 2219 1041 καλάμων,
2276 954 2390 1021 καὶ
2434 959 2630 1032 λίθος

358 1154 652 1221 appellent.
725 1154 812 1207 Cr.
852 1153 923 1205 ad
958 1171 1068 1205 rem
1094 1154 1304 1205 confert
1340 1154 1444 1205 Ga-

360 1224 503 1274 leum
544 1225 613 1275 ad
660 1223 941 1275 lablonsk.
991 1225 1057 1274 de
1103 1230 1354 1289 mysterr.
1387 1240 1442 1288 p.

359 1295 464 1345 285
512 1299 566 1343 et
616 1293 1003 1357 Wyttenbach.
1059 1293 1132 1342 ad
1176 1294 1325 1343 Plut.
1375 1293 1443 1342 de

361 1364 434 1413 Is.
474 1368 530 1411 et
567 1362 769 1413 Osirid.
806 1379 932 1428 pag.
974 1361 1073 1414 194
1108 1377 1222 1427 seq.
1263 1362 1443 1412 —De

361 1432 552 1482 aoristi
585 1447 686 1481 usu
733 1433 787 1480 in
826 1424 1223 1481 ἐνεποέκτωσαν
1257 1431 1444 1481 confer

361 1502 405 1565 1,
451 1500 567 1553 194.
605 1500 679 1562 11,
717 1502 803 1551 87.

428 1562 526 1619 διὰ
571 1568 671 1633 τῆς
729 1562 965 1633 τρόπιος
1009 1560 1358 1634 διαβύνεται]
1404 1569 1441 1617 i.

360 1655 408 1689 e.
440 1655 543 1703 per
584 1641 811 1688 carinam
859 1636 1282 1703 (Schiffsboden)
1322 1639 1450 1688 illud

358 1711 676 1773 transfigunt.
759 1707 918 1759 Conf.
959 1709 1055 1771 IV,
1092 1708 1330 1758 71.1n
1375 1709 1443 1757 iis

360 1778 622 1843 navigiis,
664 1792 804 1842 quae
837 1777 1111 1827 delineata
1149 1777 1368 1827 exhibet
1406 1776 1442 1826 1.

358 1846 397 1897 l.
435 1846 763 1908 Wilkinsou,
799 1846 946 1896 haud
993 1847 1295 1897 invenimus
1334 1845 1445 1896 tale

359 1914 781 1981 gubernaculum
833 1931 928 1981 per
983 1918 1222 1966 carinam
1271 1923 1447 1965 trans-

358 1984 541 2049 fixum,
577 2001 902 2053 quamquam
925 1986 982 2034 in
1008 1985 1330 2052 quibusdam
1348 2000 1444 2034 na-

359 2055 550 2117 vibus,
597 2069 732 2120 quas
769 2059 992 2120 cryptae
1027 2054 1322 2105 Thebanae
1356 2068 1445 2103 ex-

357 2123 580 2186 hibent,
638 2124 692 2173 id
737 2125 981 2173 invenire
1031 2125 1171 2174 idem
1214 2123 1446 2173 Wilkin-

358 2207 476 2243 son.
514 2193 903 2259 (Topography
939 2194 1000 2243 of
1021 2194 1192 2243 Theb.
1228 2209 1281 2257 p.
1321 2192 1442 2255 145)

359 2263 581 2313 monuit.
621 2264 725 2324 Qui
738 2263 1194 2328 etiam(Mauners
1212 2268 1316 2312 etc.
1332 2261 1440 2311 111.

356 2347 413 2395 p.
451 2329 580 2395 208)
615 2331 758 2381 malo
806 2347 871 2382 ex
918 2332 1108 2381 acacia
1157 2332 1305 2381 facto
1343 2332 1446 2380 Ae-

358 2402 575 2465 gyptios
599 2400 843 2452 homines
874 2401 955 2451 uti
988 2401 1231 2465 potuisse
1257 2404 1444 2465 negat,

358 2484 479 2519 cum
513 2469 672 2520 huius
710 2470 920 2521 arboris
946 2485 1121 2535 neque
1156 2469 1442 2549 longitudo

356 2554 531 2605 neque
574 2539 741 2590 robur
788 2540 1095 2591 conveniat.
1135 2566 1201 2574 —
1236 2530 1444 2602 χρέων-

357 2623 447 2656 ται
484 2615 541 2659 et
565 2600 759 2658 πλέειν
805 2609 874 2660 ob
908 2608 1168 2658 librorum
1217 2622 1444 2658 consen-

359 2693 478 2727 sum
499 2678 729 2737 retinui3
771 2683 1000 2728 recentt.
1029 2677 1151 2727 edd.
1178 2669 1444 2741 χρέονται

360 2752 414 2797 et
438 2738 667 2797 πλώειν.
703 2748 817 2798 Neo
846 2748 1019 2812 magis
1045 2746 1299 2809 rescripsi
1322 2742 1442 2793 δια-

359 2808 717 2882 βυνέεται,ιι1
730 2816 921 2867 Cobet.
938 2817 1095 2866 Varr.
1112 2817 1291 2865 Lectt.
1314 2828 1443 2893 pag.

363 2885 462 2936 120
485 2886 675 2950 reponi
710 2886 861 2936 iubet
880 2902 975 2951 pro
1003 2885 1153 2950 vulg.
1182 2877 1446 2949 διαβύνε-

357 2968 479 3017 ται,
535 2970 655 3005 cum
703 2956 979 3005 veteribus
1026 2956 1081 3003 in
1131 2968 1234 3013 usu
1280 2952 1448 3002 fuerit

358 3020 540 3091 βυνῶ,
594 3022 736 3089 quod
780 3025 849 3074 ab
881 3023 1164 3074 Herodoto
1208 3021 1446 3073 alienum

358 3107 479 3142 esse
497 3094 822 3144 monstravit
842 3094 1073 3144 Bredov.
1100 3109 1150 3156 p.
1165 3092 1268 3143 362
1291 3106 1406 3155 seq.

425 3160 600 3211 ταῦτα
628 3155 697 3212 τὰ
733 3162 906 3212 πλοια
937 3154 1049 3211 ἀνὰ
1080 3154 1182 3226 μὲν
1218 3154 1320 3209 τὸν
1341 3174 1443 3209 πο-

355 3223 536 3294 ταμὸν
574 3222 642 3281 οὗ
676 3223 920 3280 δύναται
949 3224 1161 3296 πλέειν]
1189 3231 1273 3281 De
1291 3244 1443 3295 prae·

356 3300 647 3364 positionis
680 3291 793 3349 ἆνὰ
827 3299 1228 3365 significatione
1263 3300 1320 3349 in
1356 3299 1440 3349 his

357 3369 501 3419 conf.
552 3370 598 3431 Ι,
646 3368 764 3421 194.
814 3370 888 3431 ΙΙ,
937 3372 989 3419 4.
1041 3369 1149 3432 ΙΙΙ,
1200 3368 1262 3418 13
1282 3368 1440 3451 ibiq.

355 3437 618 3488 Valcken.
689 3439 1000 3516 Respondet
1045 3430 1220 3487 κατὰ
1268 3429 1439 3500 60'ov3

355 3513 418 3556 ut
446 3507 583 3557 locis
609 3506 795 3559 laudd.
833 3499 1075 3557 δύναται
1106 3523 1135 3557 e
1167 3505 1444 3557 Sancrofti

354 3575 496 3626 libro
531 3576 761 3641 aliisque
794 3578 1012 3642 reposui
1047 3592 1166 3628 cum
1206 3575 1441 3626 Bredov.

356 3661 408 3710 p.
447 3637 549 3697 334
593 3645 682 3695 vel
725 3652 945 3711 propter
980 3661 1210 3724 sequens
1239 3636 1444 3709 παρέ).-

356 3729 530 3764 κεται.
586 3714 804 3780 Reliqui
822 3715 945 3765 hbn
974 3706 1269 3777 δύνανται,
1299 3713 1444 3778 quod

355 3789 539 3834 tuetur
560 3783 978 3849 wesseling-ius,
1018 3799 1178 3850 quem
1206 3783 1352 3834 conf.
1374 3781 1444 3832 ad

354 3855 584 3904 Diodor.
621 3853 732 3904 Sic.
771 3854 838 3915 V,
874 3853 928 3904 8.
1051 3892 1054 3899 .

354 3890 1440 4056 lapnpgvinlnoazqitggtioggqugfd{3313

347 4061 503 4124 sorti,
550 4062 750 4118 υαὶἰᾱο,
799 4059 894 4109 sed
935 4060 1134 4123 ferente
1182 4060 1350 4110 eodem
1388 4062 1442 4108 et

353 4131 599 4189 secundo,
638 4129 837 4180 dudum
865 4129 1076 4179 monuit
1111 4127 1341 4178 Dorvill.
1372 4127 1464 4187 ad,

354 4198 635 4249 Chariton.
1135 4196 1438 4248 Blomfield.

353 4266 597 4318 Glossar.
614 4268 669 4317 in
695 4265 950 4331 Aeschyli
965 4268 1282 4332 Agamemn
1308 4267 1437 4317 1151

352 4341 407 4385 et
443 4337 588 4386 conf.
619 4334 901 4387 Rosellini.
936 4335 974 4386 l.
1012 4335 1049 4387 l.
1089 4351 1143 4399 p.
1193 4337 1294 4386 127
1326 4340 1439 4385 not.

353 4433 423 4443 —
475 4396 697 4469 ἐπέχειν
753 4404 1006 4455 absolute
1065 4405 1442 4469 accipiendum

673 4215 725 4264 p.
761 4197 885 4249 268.
960 4198 1101 4248 Add.

1548 1168 1671 1203 cum
1719 1153 2022 1219 Schweigh.
2068 1153 2125 1202 in
2161 1153 2296 1206 Lex.
2335 1152 2541 1204 Herod.
2580 1168 2628 1204 s.

1544 1239 1630 1273 v.:
1670 1225 1816 1286 „nisi
1847 1222 2116 1273 secundus
2142 1222 2390 1288 idemque
2416 1221 2631 1272 validus

1545 1297 1741 1342 ventus
1757 1293 2016 1343 οἱιιὶνιεαί.6
2022 1291 2241 1341 ‘Minus
2258 1291 2397 1342 bene
2411 1292 2633 1341 Schnei-

1547 1362 1709 1412 derus
1741 1364 1798 1412 in
1824 1364 1961 1412 Lex.
1980 1362 2103 1412 Gr..
2139 1376 2334 1423 „wenn
2359 1361 2514 1457 ni‘cht
2544 1362 2632 1411 ein

1546 1431 1760 1480 starker
1794 1431 1956 1481 Wind
1982 1398 2182 1480 daraui
2195 1420 2427 1482 stiisst'f‘
2473 1430 2633 1493 Quod

1546 1501 1719 1550 foret·
1761 1502 1990 1566 ingruat,
2042 1502 2333 1564 propellat;
2383 1515 2526 1565 quae
2561 1500 2634 1548 si-

1548 1569 1828 1635 gnificatio
1864 1568 2044 1621 aliena
2090 1574 2174 1620 est
2220 1584 2255 1620 a
2299 1570 2466 1620 verbo
2505 1560 2632 1618 ἔπε’-

1585 1652 1690 1688 ειν.

1548 1654 1582 1703 κ
1618 1703 1731 1758 ἔστι
1761 1698 1820 1756 ἐκ
1851 1705 2095 1770 μυρίκης
2133 1720 2304 1756 πεπο·
2288 1698 2493 1788 ημένη
2524 1702 2636 1755 θύ-

1546 1792 1647 1860 ρη,
1685 1771 1852 1839 κατεῤ
1821 1768 2112 1840 ρἆμμὲνη
2151 1768 2310 1840 όίπεϊ
2343 1772 2630 1840 καλάμων]

1545 1864 1582 1912 η
1602 1844 1812 1910 μυρίκη
1830 1850 1914 1894 est
1939 1846 2168 1894 tamarix
2189 1844 2403 1896 Gallica
2424 1860 2469 1895 s.
2492 1845 2634 1894 Afri-

1547 1931 1688 1966 cana
1720 1915 1901 1964 varios
1939 1914 2009 1963 ad
2034 1929 2164 1963 usus
2187 1913 2435 1967 adhibita
2469 1919 2635 1979 atque

1548 1983 1754 2035 Osiridi
1776 1987 2118 2033 consecrata.
2144 1983 2288 2034 conf.
2302 1984 2633 2034 Wilkinson.

1546 2054 1802 2103 Manners
1840 2057 1945 2103 etc.
1969 2052 2073 2102 111.
2096 2068 2151 2117 p.
2182 2052 2281 2103 165
2307 2057 2363 2102 et
2390 2068 2501 2104 sec.
2523 2067 2629 2101 ser.

1548 2124 1626 2173 11.
1667 2138 1792 2187 pag.
1828 2123 1930 2172 262
1969 2136 2084 2186 seq.
2123 2114 2284 2185 θύρη
2318 2122 2408 2172 hic
2443 2121 2635 2172 tabula

1548 2198 1633 2243 est
1659 2193 1855 2242 ianuae
1883 2190 2109 2241 formam
2134 2206 2199 2241 ae
2224 2190 2453 2255 figuram
2480 2207 2635 2257 prae·

1545 2262 1709 2325 bens,
1750 2275 1816 2310 ex
1850 2260 2127 2310 tamaricis
2174 2261 2460 2312 fruticibus
2508 2276 2634 2311 con·

1547 2333 1693 2381 fecta
1727 2335 1781 2380 et
1814 2331 2015 2379 vimine
2061 2329 2358 2380 arundineo
2404 2346 2449 2381 s.
2497 2330 2635 2395 liga-

1545 2401 1687 2451 mine
1715 2415 1780 2450 ex
1813 2399 2169 2451 arundinibus
2202 2404 2451 2452 consuta.
2491 2401 2634 2449 Hinc

1541 2478 1732 2520 cratem
1781 2468 1946 2533 vulgo
1996 2467 2246 2517 reddunt.
2337 2469 2424 2519 cf.
2469 2470 2635 2519 etiam

1544 2539 1746 2589 Herod.
1782 2537 1937 2599 VIII,
1984 2537 2071 2588 51.
2147 2537 2304 2619 Quod
2350 2538 2634 2588 Herodoto

1545 2614 1629 2658 est
1668 2600 1868 2671 ρἰπος,
1918 2606 2041 2656 aliis
2084 2611 2169 2656 est
2214 2598 2321 2670 ρ’ὶψ
2369 2622 2414 2656 s.
2469 2603 2634 2669 ρἰπες

1546 2675 1630 2741 (ut
1666 2675 1813 2725 infra
1848 2674 1944 2736 IV,
1974 2674 2062 2738 71)
2100 2680 2155 2724 et
2193 2666 2409 2738 ἆιπτοὶ,
2451 2680 2631 2724 crates

1546 2761 1577 2795 e
1608 2744 1900 2794 viminibus
1946 2747 2041 2792 aut
2086 2743 2309 2793 calamis
2356 2744 2633 2793 arundini

1548 2815 1739 2865 busve.
1789 2812 1947 2863 Conf.
1964 2812 2275 2863 Casaubon.
2297 2813 2368 2861 ad
2393 2814 2633 2863 Aeneam

1548 2883 1762 2933 Tactic.
1801 2897 1925 2946 pag.
1969 2882 2063 2931 221
2119 2881 2204 2932 ed.
2254 2880 2422 2932 Orell.
2498 2882 2633 2932 Cae-

1549 2960 1721 3003 terum
1767 2953 2022 3001 observat
2055 2951 2323 3002 Rosellini
2356 2951 2394 3001 l.
2432 2950 2468 3002 l.
2503 2967 2657 3017 pag..

1553 3022 1669 3085 128,
1715 3036 1775 3070 se
1822 3036 2093 3086 nusquam
2141 3023 2199 3071 in
2238 3022 2634 3088 Aegyptiorum

1547 3090 1935 3153 monumentis,
1984 3105 2120 3156 quae
2162 3095 2248 3141 tot
2284 3107 2453 3142 naves
2491 3091 2632 3141 varii

1545 3161 1760 3227 generis
1789 3160 2062 3223 exhibent,
2099 3159 2303 3211 vidisse
2330 3176 2524 3211 navem
2548 3176 2633 3211 re·

1543 3235 1979 3295 praesentatam,
2020 3245 2158 3295 quae
2195 3246 2259 3280 eo
2294 3229 2483 3293 modo,
2522 3245 2630 3295 quo

1541 3301 1854 3351 Herodotus
1909 3298 1962 3349 h.
2015 3299 2052 3351 1.
2105 3304 2351 3363 enarrat,
2412 3300 2632 3349 flumine

1543 3369 1781 3420 secundo
1819 3368 2067 3419 vehatur.
2140 3369 2466 3418 Adverterat
2500 3382 2631 3431 quo-

1542 3454 1650 3504 que
1675 3437 1813 3488 haec
1836 3453 1919 3488 res
1949 3439 2278 3502 Wagnerum
2296 3473 2309 3497 ,
2349 3436 2442 3501 qui
2473 3434 2511 3485 l.
2539 3451 2626 3484 su·

1542 3522 1641 3572 pra
1674 3506 1712 3557 1.
1753 3522 1846 3568 ea,
1883 3521 2024 3571 quae
2058 3505 2371 3555 Herodotus
2402 3505 2630 3569 perscri-

1543 3576 1653 3637 bit,
1699 3591 1809 3625 non
1852 3574 1920 3624 de
1956 3573 2144 3634 modo,
2183 3589 2288 3638 quo
2326 3587 2494 3622 naves
2530 3573 2629 3622 flu-

1545 3645 1684 3694 mine
1733 3638 1970 3693 secundo
2022 3642 2315 3703 vehantur,
2377 3642 2473 3691 sed
2523 3658 2628 3707 quo

1542 3713 1793 3762 traiectio
1822 3712 1918 3761 fiat
1945 3728 2009 3762 ex
2036 3726 2145 3760 una
2168 3711 2287 3775 ripa
2304 3710 2360 3759 in
2382 3710 2627 3774 alteram,

1541 3783 1721 3847 accipi
1745 3781 1881 3843 vult,
1914 3782 2032 3830 sive
2059 3779 2123 3829 de
2156 3779 2254 3829 tali
2288 3780 2435 3843 navi,
2471 3796 2631 3845 quam

1541 3865 1641 3901 nos
1654 3857 1871 3915 pontem
1890 3850 2166 3900 volantem
2179 3864 2464 3900 vocamus:
2491 3866 2628 3916 quae

1544 3920 1813 3985 quomodo
1860 3934 1926 3968 ex
1970 3917 2238 3969 Herodoti
2292 3920 2474 3969 verbis
2524 3919 2632 3970 col-

1539 3989 1639 4053 ligi
1673 3989 1914 4053 possint,
1958 3988 2076 4053 ipse
2109 3988 2336 4051 viderit,
2374 3994 2630 4055 recteque

1543 4058 1892 4121 Boettigerus
1929 4073 1982 4122 p.
2031 4056 2130 4108 301
2180 4058 2493 4120 adnotavit,
2551 4060 2630 4107 ia-

1544 4143 1709 4177 nuam
1744 4125 1924 4186 illam,
1971 4141 2112 4190 quae
2147 4132 2275 4176 ante
2320 4143 2513 4177 navem
2549 4129 2630 4177 in-

1544 4197 1757 4259 iicitur,
1817 4195 1888 4245 ad
1938 4196 2277 4247 celeritatem
2323 4194 2627 4261 augendam

1546 4266 1774 4315 eiectam
1802 4265 2003 4326 videri,
2043 4264 2280 4329 lapidem
2323 4281 2452 4315 vero
2488 4281 2626 4330 pone

1543 4335 1812 4385 deiectum
1837 4335 1893 4384 in
1919 4333 2360 4398 profunditatem,
2394 4333 2626 4394 efficere,

1543 4408 1608 4454 ut
1640 4408 1847 4455 rectum
1881 4417 2115 4473 cursum,
2133 4406 2319 4453 teneat
2362 4403 2521 4453 navis
2570 4403 2629 4451 in
