3109 5092
346 1446 465 1507 162

470 337 594 404 318
639 411 662 429 ‚

1328 330 1871 394 HERODOTI

468 507 579 579 ὅτε
607 516 796 580 Χίων
835 504 1061 587 οὐδεὶς
1100 510 1174 577 ἐκ
1215 510 1337 575 τοῦ
1372 503 1719 594 Ἀταρνέος
1760 501 2000 573 τούτου
2038 497 2194 571 οὔτε
2232 497 2437 580 οὐλὰς
2472 503 2738 589 κριθῶν

470 612 798 702 πρόχυσιν
823 613 1120 682 ἐποιέετο
1144 614 1333 679 θεῶν
1363 605 1635 695 οὐδενὶ,
1677 604 1834 676 οὔτε
1864 609 2170 696 πέμματα
2212 607 2528 675 ἐπέσσετο
2573 629 2733 691 καρ-

472 723 605 786 ποῦ
635 721 757 786 τοῦ
784 718 1145 799 ἐνθεῦτεν,
1189 710 1497 799 άπείχετό
1531 739 1604 781 τε
1634 716 1772 780 τῶν
1808 709 2083 781 πάντων
2111 713 2278 796 ἱρῶν
2302 706 2384 776 τὰ
2415 706 2635 778 πάντα
2663 707 2739 774 ἐκ

336 833 447 893 161
468 825 585 908 τῆς
619 818 835 908 χώρης
861 818 1105 908 ταύτης
1132 815 1473 904 γινόμενα.
1550 823 1702 884 Χῖοι
1739 817 1866 903 μέν
1892 841 2025 884 νυν
2050 810 2375 900 Πακτύην
2403 814 2736 894 ἐξέδοσαν.

470 923 793 1012 Μαζάρης
835 924 912 992 δὲ
949 919 1114 1013 μετὰ
1158 925 1368 988 ταῦτα
1408 917 1839 1007 ἐστρατεύετο
1889 919 1999 986 ἐπὶ
2039 913 2196 995 τούς
2238 911 2736 1004 συμπολιορκή-

471 1048 718 1106 σαντας
770 1024 1096 1114 Τάβαλον.
1171 1025 1283 1092 καὶ
1326 1027 1521 1091 τοῦτο
1565 1022 1690 1111 μὲν
1724 1024 2063 1111 Πριηνέας
2109 1022 2740 1109 ἐξηνδραποδίσατο,

470 1134 667 1199 τοῦτο
696 1129 772 1198 δὲ
800 1128 1213 1216 Μαιάνδρου
1249 1131 1487 1195 πεδίον
1526 1129 1663 1194 πᾶν
1698 1126 2068 1216 ἐπέδραμε,
2106 1130 2305 1211 ληΐην
2345 1120 2744 1209 ποιεύμενος

470 1238 563 1324 τῷ
602 1236 903 1324 στρατῷ,
966 1237 1370 1319 Μαγνησίην
1410 1228 1486 1296 δὲ
1515 1223 1852 1309 ὡσαύτως.
1920 1225 2085 1315 μετὰ
2128 1227 2204 1295 δὲ
2247 1231 2458 1295 ταῦτα
2503 1220 2747 1294 αὐτίκα

476 1335 701 1427 νούσῳ
740 1339 1042 1426 τελευτᾷ.

616 1434 1110 1514 Ἀποθανόντος
1167 1434 1242 1503 δὲ
1290 1431 1572 1517 τούτου,
1612 1428 1949 1521 ’Ἅρπαγος
1994 1434 2240 1556 κατέβη
2281 1430 2589 1519 διάδοχος
2631 1432 2749 1518 τῆς

480 1546 911 1629 στρατηγίης,
944 1541 1136 1627 γένος
1162 1539 1275 1605 καὶ
1316 1532 1516 1614 αὐτὸς
1544 1533 1677 1605 έων
1715 1540 1990 1623 Μῆδος,
2033 1532 2153 1604 τὸν
2194 1530 2231 1604 ὁ
2257 1533 2527 1658 Μήδων
2553 1541 2744 1621 βασι-

479 1641 635 1722 λεὺς
656 1640 1022 1731 Ἀστυάγης
1052 1638 1277 1733 ἆνόμω
1314 1640 1599 1729 τραπέζῃ
1638 1644 1898 1725 ἔδαισε,
1951 1633 1987 1706 ὃ
2021 1643 2117 1731 τῷ
2151 1637 2357 1731 Κύρῳ
2393 1664 2517 1726 την
2552 1643 2743 1723 βασι-

479 1754 681 1836 ληΐην
715 1743 1445 1834 συγκατεργασάμενος.
1488 1731 1683 1822 οὗτος
1718 1735 1904 1829 ωνὴρ
1946 1738 2095 1810 τότε
2121 1735 2255 1810 ὑπὸ
2280 1740 2519 1830 Κύρου
2546 1759 2747 1826 στρα-

479 1848 676 1939 τηγὸς
711 1846 1148 1939 ἀποδεχθεὶς,
1202 1842 1291 1927 ὥς
1342 1843 1619 1916 ἀπίκετο
1655 1847 1722 1924 ἐς
1764 1841 1889 1932 τὴν
1918 1840 2214 1934 Ἰωνίην,
2251 1848 2435 1934 αἵρεε
2470 1869 2583 1922 τας
2627 1839 2746 1910 πό-

480 1963 626 2034 λιας
658 1952 953 2042 χώμασι·
1015 1949 1188 2031 ὅκως
1221 1947 1351 2039 γὰρ
1387 1945 1730 2039 τειχήρεας
1765 1945 2097 2036 ποιήσειε,
2144 1944 2220 2015 τὸ
2257 1949 2585 2017 ἐνθεῦτεν
2617 1943 2748 2032 χιό-

552 2171 685 2209 ουτε
755 2147 929 2214 ούλᾶς
994 2152 1219 2216 κριθων
1282 2148 1566 2221 πρόχυσιν

481 2218 732 2277 ἐποιέετο
778 2223 939 2276 θεων
983 2219 1201 2290 οὐδενὶ]
1251 2225 1336 2273 De
1382 2226 1566 2273 ποιεῖ-

483 2296 623 2346 σθαι
646 2295 851 2360 duplici
882 2294 1196 2344 accusativo
1223 2293 1410 2343 iuncto
1428 2293 1569 2343 vidi-

482 2381 601 2416 mus
639 2365 710 2416 ad
744 2366 789 2428 Ι,
829 2364 915 2415 68.
961 2355 1125 2413 οὐλαὶ
1161 2359 1387 2427 κριθῶν
1429 2362 1569 2411 indi·

484 2439 612 2486 cant
655 2434 855 2484 molam
905 2449 971 2484 ex
1011 2432 1215 2483 hordeo
1259 2431 1567 2482 confectam

481 2505 713 2570 indeque
750 2507 982 2566 tostam,
1022 2504 1080 2553 in
1116 2502 1286 2552 sacris
1322 2501 1570 2552 adhiberi

483 2574 698 2626 solitam
730 2591 794 2624 eo
830 2588 1051 2638 prorsus
1086 2571 1274 2634 modo,
1323 2587 1429 2637 quo
1465 2573 1572 2623 Ro-

483 2645 629 2695 mani
676 2645 733 2693 in
792 2643 1030 2693 victimis
1081 2642 1387 2693 mactandis
1442 2643 1574 2692 mola

481 2716 623 2765 salsa
648 2714 962 2764 utebantur.
1019 2712 1105 2764 Cf.
1124 2715 1348 2763 Homer.
1368 2711 1570 2776 Odyss.

487 2784 601 2847 111,
662 2785 765 2834 442
816 2798 928 2849 seq.
992 2786 1048 2833 et
1096 2781 1460 2832 Schneiderus
1514 2781 1573 2829 in

485 2854 676 2904 Lexic.
720 2854 814 2904 Gr.
866 2868 910 2904 s.
949 2868 1026 2916 v.,
1073 2867 1142 2900 ne
1183 2850 1358 2916 plura.
1429 2849 1571 2900 Add.

489 2922 549 2971 C.
587 2923 652 2972 F.
691 2922 996 2971 Hermann:
1044 2920 1459 2970 Gottesdienstl.
1482 2918 1574 2969 Al-

487 2990 649 3039 tertb.
696 2993 748 3051 5.
797 2989 885 3040 28.
933 2994 1076 3039 nott.
1128 2989 1213 3040 ll.
1295 2981 1576 3054 πρόχυσις

488 3059 690 3109 dicitur
707 3059 952 3122 profusio
986 3057 1161 3107 molae
1189 3057 1335 3107 intra
1360 3057 1575 3107 hostiae

488 3143 709 3189 cornua,
749 3143 889 3192 quae
912 3127 1015 3176 hoc
1048 3127 1159 3176 ritu
1194 3126 1300 3176 diis
1338 3127 1572 3176 dicatur.

488 3165 782 3262 Gregorius
807 3194 1051 3246 Corinth.
1079 3195 1146 3245 de
1162 3194 1379 3245 dialect.
1398 3197 1571 3247 Ionic.

489 3270 542 3328 5.
589 3266 702 3319 110.
741 3265 817 3329 (p.
858 3265 1022 3330 515.,)
1058 3265 1202 3314 hunc
1238 3264 1413 3315 locum
1462 3266 1575 3330 opi-

486 3352 587 3387 nor
605 3335 919 3400 respiciens,
945 3333 1203 3399 explicuit
1219 3326 1282 3383 τό
1299 3326 1576 3384 ἀποσπεῑ-

490 3418 601 3455 σαι.
641 3435 710 3444 —-
744 3403 1001 3468 κριθέων
1037 3419 1135 3469 pro
1178 3401 1407 3468 κριθῶν
1444 3404 1573 3454 scri-

484 3476 614 3525 bere
649 3474 857 3540 placuit
879 3474 1151 3524 Bredovio
1183 3490 1239 3538 p.
1268 3474 1389 3537 217,
1415 3489 1576 3538 quem

486 3549 715 3595 recentt.
753 3543 875 3595 edd.
910 3544 1084 3594 secuti
1118 3547 1265 3594 sunt.

530 3605 846 3693 απείχετό
868 3627 925 3663 τε
973 3610 1089 3662 τῶν
1142 3605 1377 3662 πάντων
1436 3603 1579 3676 ῖρων

483 3674 554 3733 τὰ
578 3675 786 3747 πάντα]
812 3673 1076 3748 ἀπείχετο
1105 3673 1270 3748 vulgo
1292 3682 1381 3732 hic
1403 3683 1580 3747 passi-

484 3768 553 3802 ve
578 3752 881 3832 accipiunt?
921 3752 1576 3803 removebantur—omnia.

488 3822 621 3871 Cum
666 3837 796 3872 vero
840 3812 1161 3886 ἀπέχεσθαι
1215 3821 1310 3871 vix
1359 3821 1579 3886 passive

485 3890 589 3939 hoc
629 3906 793 3940 sensu
827 3890 1164 3954 inveniatur,
1220 3891 1462 3941 Koenius
1505 3891 1577 3942 ad

489 3959 711 4023 Gregor.
739 3958 984 4009 Corinth.
1014 3977 1066 4025 p.
1088 3928 1211 4024 43⁹2,
1238 3961 1578 4012 assentiente

486 4027 778 4106 Larchero,
801 4029 1112 4091 suspicatur
1136 4029 1423 4095 legendum
1452 4046 1575 4081 csse

485 4086 776 4159 ἀπέργετο,
804 4097 1129 4150 arcebantur.
1190 4099 1294 4147 Sed
1320 4116 1443 4150 cum
1466 4092 1575 4149 ἄπ-

484 4162 635 4228 έχειν
684 4165 739 4212 in
781 4164 964 4215 activo
1002 4166 1314 4217 inveniatur
1347 4171 1574 4228 arcendi,

484 4229 770 4283 removendi
790 4234 1013 4285 notione
1049 4235 1133 4297 (ut
1157 4235 1317 4302 VIII,
1349 4240 1433 4289 20.
1462 4239 1572 4304 22),

486 4319 594 4353 non
629 4303 789 4353 video
818 4303 1018 4353 iustam
1043 4320 1294 4369 causam,
1333 4323 1431 4357 cur
1450 4322 1574 4371 pas-

486 4373 603 4422 sive
640 4373 779 4423 idem
817 4373 925 4423 dici
960 4389 1247 4460 negemus,
1291 4376 1574 4441 ipsamque

1668 2156 1956 2209 lectionem
1990 2157 2276 2207 immutare
2299 2156 2612 2206 audeamus.
2649 2153 2751 2202 Ac—

1670 2227 1815 2276 cedit
1840 2226 1925 2276 his
1960 2241 2174 2291 quoque
2195 2227 2413 2292 NegriS.
2468 2224 2754 2274 Caeterum

1669 2300 1922 2345 notamus
1975 2296 2368 2376 particularum
2420 2292 2754 2346 coniunctio-

1671 2381 1821 2416 nem·
1860 2353 1992 2414 οῧτε
2017 2395 2089 2404 --
2116 2356 2247 2415 οὔτε
2278 2396 2348 2404 -
2373 2378 2456 2426 τε,
2507 2367 2570 2413 ut
2604 2361 2754 2412 Lati—

1670 2450 1861 2485 norum
1895 2449 1987 2484 nec
2011 2461 2080 2469 —
2106 2443 2173 2485 et.
2234 2435 2400 2485 Plura
2434 2432 2547 2482 vid.
2583 2430 2757 2480 allata

1672 2506 1742 2555 ad
1764 2506 1863 2568 VI,
1890 2504 1939 2555 1.
1978 2502 2137 2555 Conf.
2156 2503 2398 2555 Boeckh.
2426 2502 2498 2552 ad
2517 2501 2749 2551 Axioch.

1671 2575 1858 2625 Praef.
1879 2589 1931 2639 p.
1953 2573 2071 2625 XV.
2092 2575 2247 2624 —In
2271 2588 2421 2638 seqq.
2448 2571 2513 2621 de
2532 2571 2757 2620 Maean-

1675 2644 1758 2693 dri
1793 2644 1999 2709 campis
2033 2642 2107 2695 cf.
2138 2648 2279 2695 nott.
2315 2643 2387 2693 ad
2418 2638 2594 2704 1,18.

2020 2816 2153 2867 Car.
2193 2814 2415 2867 CLXII.

1743 2906 2022 2983 Αρπαγος
2075 2915 2282 2987 κατέβη
2334 2908 2609 2981 ,διάδοχος
2659 2910 2760 2978 τῆς

1681 2988 2039 3054 στρατηγίης]
2091 2990 2249 3041 Cous.
2285 2992 2403 3039 not.
2448 2986 2520 3036 ad
2564 2984 2619 3046 Ι,
2659 2983 2758 3034 153

1676 3055 1744 3106 de
1779 3056 1884 3108 hoc
1913 3058 2110 3109 ducum
2142 3074 2367 3124 genere,
2415 3071 2481 3106 ac
2519 3053 2587 3114 de
2621 3054 2760 3103 Har-

1677 3128 1969 3249 ρῧξοιίὧεο
1995 3144 2283 3249 Jgoepaque
2299 3128 2431 3247 l:sta
2465 3122 2760 3242 ὑιιιιοῗιιιῃῐ(1

1675 3213 2426 3332 Diodor.Excegrutli?n5.1213(i'
2453 3209 2758 3327 241¹&in-

1675 3337 1743 3385 27
1776 3336 1918 3389 NoV.
1959 3337 2170 3402 scriptt.
2205 3337 2327 3389 coll.
2367 3334 2454 3386 ed.
2484 3331 2642 3398 Mai.)
2681 3346 2762 3381 re-

1674 3404 1791 3455 lata
1827 3406 2134 3457 invenimus
2167 3407 2236 3458 de
2265 3404 2489 3458 Graecis
2522 3402 2595 3452 ad
2624 3401 2763 3451 Har-

1675 3490 1877 3540 pagum
1915 3475 1980 3526 de
2018 3475 2235 3527 foedere
2277 3471 2514 3526 ineundo
2550 3473 2762 3552 legatos

1678 3545 2048 3607 mittentibus,
2102 3545 2199 3595 sed
2234 3545 2508 3610 repulsam
2543 3539 2763 3592 ferenti-

1677 3614 1807 3679 bus,
1856 3614 1965 3664 nisi
2002 3582 2145 3664 u'ltro
2192 3630 2378 3666 servos
2415 3627 2538 3662 sese
2572 3612 2764 3661 Persa·

1679 3699 1798 3734 rum
1833 3683 1961 3734 fidei
1996 3683 2214 3735 tradere
2257 3683 2479 3734 vellent.
2548 3680 2655 3731 Sed
2688 3679 2763 3728 le-

1679 3754 1912 3819 gantur·
1899 3768 2018 3818 ipsa
2043 3754 2229 3818 verba,
2257 3749 2600 3804 orientalium
2620 3748 2764 3814 prin-

1679 3824 1860 3889 cipum
1891 3823 2203 3888 superbiam
2229 3824 2535 3886 fastumque
2562 3817 2764 3883 optimc

1678 3892 2035 3944 declarantia.

1750 3951 1896 4019 ὅκως
1966 3977 2072 4027 γαρ
2132 3951 2421 4026 τειχήρεας
2486 3946 2764 4020 ποιήσειε]

1675 4045 2000 4151 :fffflffl
2005 4026 2629 4158 3332325333‘23321’3*
2646 4023 2766 4143 02⁶ss

1678 4170 1778 4220 sit.
1835 4172 1974 4220 intra
2018 4172 2216 4219 moenia
2271 4169 2574 4231 compulsae,
2631 4166 2767 4213 intra

1674 4255 1862 4289 murum
1884 4241 2122 4290 inclusus.
2158 4237 2266 4288 Sed
2294 4234 2606 4286 huiusmodi
2629 4238 2768 4281 stru-

1676 4314 1866 4360 cturae
1902 4309 1973 4358 ad
2021 4323 2239 4359 sensum
2275 4308 2451 4372 magis
2500 4318 2660 4370 quam
2695 4299 2768 4350 ad

1674 4379 1842 4430 verba
1891 4377 2337 4428 accommodatae
2374 4374 2643 4426 neminem
2690 4385 2769 4419 re-
