3109 5092
519 382 643 445 896
1290 384 1826 448 EXCURSUS
1870 386 2030 447 XVI

520 557 737 609 Graeco
754 552 834 625 *),
865 558 1014 629 quod
1026 561 1306 632 Auginum
1335 559 1481 613 haud
1511 559 1631 614 scio
1663 577 1733 613 an
1764 564 1916 612 recte
1946 556 2254 612 reddiderit
2273 559 2798 612 God.Hermannus

517 640 839 711 (opusculi.
868 643 943 694 11.
974 662 1031 713 p.
1049 645 1177 712 181)
1205 645 1635 716 probaveritque
1668 644 1799 697 Car.
1828 644 2295 698 Fr.Hermannus
2324 645 2592 716 (Quaest.
2616 642 2797 695 Oedi-

520 723 686 794 podd.
717 744 774 796 p.
795 727 943 795 112),
983 730 1279 783 vernaculo
1311 747 1566 783 sermone
1598 729 1919 799 exposuerit
1949 728 2078 782 Car.
2113 729 2222 781 Od.
2254 728 2511 782 Mueller.
2546 728 2794 801 (Orcho-

519 826 661 862 111011-
699 828 754 881 p·
788 812 948 878 nn:
979 815 1064 867 die
1097 816 1421 887 Wirgerin,
1451 815 1503 868 si
1536 813 1755 886 quidem
1784 811 1975 882 Σφὶγξ
2007 814 2251 868 eiusdem
2280 814 2475 885 stirpis
2507 820 2598 866 est
2621 818 2797 883 atque

520 896 749 948 verbum
775 898 1019 969 σφίγγα»,
1053 900 1202 971 quod
1222 901 1627 972 comen-iungendi
1656 899 1712 951 vi
1742 898 2042 953 adhibitum
2068 899 2380 952 invenimus
2397 894 2522 967 **),
2550 898 2799 968 indeque

521 997 638 1032 eam
669 980 775 1034 vim
803 980 984 1051 habet,
1024 1001 1187 1055 quae,
1225 991 1288 1037 nt
1314 985 1379 1037 C.
1408 986 1476 1038 F.
1500 984 1805 1037 Hermanni
1839 990 1965 1037 utar
1987 985 2193 1052 verbis,
2238 984 2484 1036 homines
2514 982 2795 1036 constrin-

521 1064 704 1133 gendo
743 1067 986 1119 suffocat
1021 1076 1190 1140 atque
1232 1078 1444 1124 enecat.
1506 1070 1703 1140 Itaque
1747 1073 1957 1138 pestem
1991 1076 2339 1138 grassantem
2381 1068 2651 1121 divinitus
2692 1067 2795 1118 im-

521 1150 740 1204 missam
751 1149 998 1221 Sphinge
1018 1152 1252 1207 indicari
1275 1160 1597 1208 statuerunt
1614 1170 1837 1225 quoque
1859 1154 1928 1207 Ε.
1943 1154 2132 1209 Braun
2158 1152 2412 1226 (Griech.
2435 1151 2796 1205 Gdtterlehre

524 1239 577 1300 s.
611 1234 739 1302 116)
774 1241 831 1287 et
858 1236 1014 1290 Stoll.
1050 1237 1086 1292 l.
1119 1256 1291 1309 supra
1317 1239 1353 1293 1.
1394 1258 1449 1310 p.
1479 1243 1568 1298 20.
1631 1239 1760 1301 Qua
1788 1246 1948 1308 peste
1980 1256 2047 1292 ex
2077 1256 2250 1309 prava
2292 1238 2442 1291 aeris
2471 1236 2794 1290 conditione

524 1318 798 1390 nimiaque
837 1320 974 1374 solis
1014 1322 1069 1374 vi
1110 1331 1301 1376 exorta
1343 1325 1440 1397 qui
1480 1324 1725 1376 homines
1769 1325 2166 1391 absumuntur,
2208 1324 2392 1392 ignari
2430 1321 2795 1375 remediorum

520 1402 601 1456 illi
644 1404 892 1474 quidem,
936 1407 1140 1477 quibus
1185 1408 1319 1460 talia
1361 1407 1502 1461 mala
1540 1414 1830 1475 avertant,
1873 1426 1972 1461 eos
2013 1425 2045 1461 a
2074 1408 2322 1478 Sphinge
2362 1408 2650 1475 devorari,
2696 1424 2795 1458 ex-

523 1487 783 1556 pediendi
828 1491 1154 1559 aenigmatis
1194 1509 1227 1543 a
1255 1492 1500 1563 Sphinge
1542 1492 1816 1563 propositi
1847 1493 2087 1561 inscios,
2138 1493 2327 1546 fabula
2363 1492 2637 1546 declarat=
2681 1491 2796 1543 nisi

523 1572 679 1625 malis
702 1589 822 1625 cum
838 1574 988 1628 C.1·*.
1005 1577 1320 1631 Hermanno
1339 1575 1467 1645 ***)
1497 1577 1566 1630 de
1594 1576 1827 1631 victimis
1859 1578 2108 1631 humanis
2136 1578 2385 1646 cogitare
2414 1578 2558 1630 irato
2588 1574 2799 1642 numini

524 1657 755 1725 oblatis,
807 1659 1012 1729 quibus
1053 1662 1193 1715 mala
1230 1661 1326 1716 illa
1365 1668 1708 1716 avertantur.
1785 1661 1892 1714 His
1927 1680 2061 1716 vero
2100 1664 2264 1716 finem
2302 1663 2523 1715 allatum
2564 1678 2689 1714 esse
2726 1660 2799 1712 ab

526 1741 845 1813 Oedipode,
890 1744 1063 1800 altero
1094 1746 1253 1818 quasi
1282 1746 1563 1817 Apolline,
1608 1747 1705 1818 qui
1733 1747 2055 1815 aenigmatis
2086 1748 2236 1800 illius
2264 1748 2546 1801 solutione
2576 1753 2801 1815 reperta

526 1827 823 1897 Sphingem
849 1835 913 1881 ut
940 1849 1003 1884 se
1032 1833 1297 1885 deiiceret
1327 1832 1531 1900 effecit,
1575 1831 1743 1884 tradit
1770 1832 1957 1885 eadem
1986 1833 2203 1885 fabula:
2247 1850 2392 1903 quae
2416 1832 2551 1903 quid
2578 1829 2800 1883 omnino

525 1911 735 1981 valeat,
778 1931 897 1967 cum
928 1916 1067 1969 satis
1103 1916 1455 1987 perspicuum
1490 1934 1617 1970 esse
1646 1922 1862 1986 putem,
1910 1918 2035 1970 nolo
2068 1935 2216 1971 nunc
2244 1916 2476 1988 amplius
2507 1934 2573 1969 ea
2607 1932 2803 1985 perse-

526 1996 643 2066 qui,
674 2015 817 2068 quae
844 2000 913 2051 ab
944 2001 1340 2071 Aegyptiorum
1365 2002 1612 2071 Sphinge
1647 2002 1841 2073 utique
1870 2001 2049 2055 aliena
2079 2008 2230 2071 sunt,
2269 2020 2372 2055 nec
2400 2002 2575 2070 magis
2608 2017 2805 2053 recen·

527 2098 655 2134 sere
683 2083 740 2135 in
771 2084 948 2136 animo
978 2094 1066 2139 est
1093 2086 1278 2139 varias
1312 2086 1618 2155 Sphingum
1644 2086 1913 2154 imagines
1944 2104 1977 2139 a
1999 2088 2232 2139 Graecis
2262 2087 2571 2141 artificibus
2602 2087 2805 2137 sorma-

526 2172 615 2218 tas
655 2172 713 2219 et
750 2169 819 2221 ab
850 2168 1245 2240 Aegyptiorum
1277 2170 1622 2239 Sphingibus
1662 2171 1913 2224 nonnihil
1953 2171 2421 2241 discedentes†);
2467 2170 2617 2243 quod
2659 2168 2801 2221 satis

667 2416 722 2484 ⁸¹)
761 2418 1091 2486 Aegyptiam
1127 2435 1352 2484 vocem,
1400 2436 1509 2472 non
1532 2422 1832 2486 Graecam,
1869 2421 2065 2474 haberi
2098 2420 2278 2473 voluit
2307 2420 2597 2473 lablonski
2626 2423 2801 2473 Voce.

528 2488 787 2554 Aegyptt.
825 2505 881 2555 p.
913 2490 1015 2543 333
1048 2490 1126 2557 (p.
1152 2491 1535 2543 CCLXXXIII
1571 2492 1813 2544 inThes.
1852 2492 1917 2542 L.
1956 2492 2049 2543 Gr.
2073 2491 2338 2557 Stephan.
2379 2493 2445 2542 T.
2469 2493 2497 2542 1
2532 2492 2618 2542 ed.
2656 2493 2805 2542 Lon-

528 2556 798 2625 dinens.),
852 2574 1183 2627 quamquam
1226 2577 1414 2614 veram
1450 2562 1911 2613 denominationis
1947 2564 2218 2613 rationem
2254 2578 2430 2627 neque
2469 2563 2588 2627 ipse
2624 2575 2807 2627 neque

529 2628 600 2678 ab
638 2644 703 2679 eo
737 2630 1020 2683 consultus
1047 2633 1129 2682 La
1154 2632 1382 2683 Crozius
1413 2632 1639 2683 reddere
1676 2633 1886 2698 potuit:
1925 2630 2039 2682 alia
2077 2633 2348 2696 quaedam
2384 2633 2554 2682 etiam
2588 2629 2813 2681 addidit

530 2698 611 2747 Te
648 2699 841 2750 Water
875 2700 912 2750 l.
947 2699 986 2751 l.
1059 2701 1200 2752 Mihi
1233 2701 1448 2753 Graeca
1479 2716 1704 2765 prorsus
1742 2701 1959 2752 videtur
1985 2717 2123 2764 vox,
2180 2702 2252 2751 ad
2287 2716 2451 2767 quam
2487 2701 2543 2750 id
2582 2714 2804 2766 quoque

529 2768 802 2833 pertinere
837 2771 1019 2834 credo,
1054 2772 1198 2838 quod
1236 2771 1532 2836 Sphingem
1552 2769 1829 2835 (Σφίγγα)
1868 2772 2105 2821 Boeotos
2146 2771 2351 2822 dixisse
2388 2769 2537 2820 Φῖκα
2570 2769 2809 2819 tradunt

530 2837 753 2888 Scholia
787 2840 859 2889 ad
877 2841 1104 2892 Hesiod.
1132 2840 1409 2907 Theogon.
1446 2846 1503 2892 et
1538 2841 1611 2891 ad
1647 2841 1896 2905 Euripid.
1934 2840 2220 2891 Phoeniss.
2259 2840 2297 2890 l.
2338 2855 2506 2905 supra
2543 2838 2580 2889 l.
2638 2838 2807 2889 Unde

531 2908 591 2957 in
625 2908 748 2973 ipso
783 2909 1059 2973 Hesiodo,
1103 2911 1305 2963 dudum
1351 2911 1619 2962 suadente
1666 2910 1903 2961 Graevio
1954 2909 2155 2975 (Lectt.
2205 2909 2472 2961 Hesiodd.
2521 2924 2647 2975 cap.
2685 2906 2809 2973 24),

530 2992 672 3027 nunc
708 2981 1006 3042 repositum
1045 2985 1129 3030 est
1167 2997 1309 3032 vers.
1332 2979 1436 3032 326
1468 2970 1598 3028 Φῖκ’
1643 2970 1819 3043 ὀλοὴν
1856 2995 1956 3045 pro
1992 2969 2209 3044 Σφίγγ’
2243 2969 2435 3044 ὀλοὴν,
2476 2993 2637 3045 quam
2672 2993 2813 3030 ean-

533 3045 654 3094 dem
697 3043 931 3095 Φίκειον
977 3045 1141 3110 τέρας
1188 3049 1332 3098 dixit
1380 3047 1708 3113 Lycophron
1757 3047 2055 3099 Cassandr.
2106 3048 2258 3101 1463.
2347 3050 2599 3114 Namque
2645 3063 2810 3100 mons

529 3113 815 3175 Boeotiae,
855 3115 949 3165 ubi
971 3115 1180 3179 Sphinx
1206 3113 1366 3180 (Φίξ)
1401 3117 1728 3166 commorari
1760 3118 2084 3181 putabatur,
2122 3116 2328 3167 Φίκιον
2347 3108 2486 3183 ὅρος
2515 3117 2811 3169 dicebatur

532 3182 767 3234 testibus
788 3184 967 3235 Schol.
1003 3185 1074 3235 ad
1093 3185 1318 3236 Hesiod.
1345 3184 1380 3235 l.
1404 3184 1440 3235 1.
1479 3189 1645 3252 atque
1681 3187 1803 3250 ipso
1843 3188 1939 3251 qui
1970 3187 2147 3238 fertur
2172 3187 2418 3238 Hesiodo
2459 3187 2518 3238 in
2538 3188 2690 3238 Scut.
2717 3186 2814 3239 31.

533 3252 847 3318 Stephanus
885 3255 1119 3319 Byzant.
1159 3253 1417 3318 Φίκειον,
1451 3243 1589 3318 ὄρος
1618 3253 1911 3313 Βοιωτίας,
1949 3252 2047 3305 καὶ
2081 3249 2179 3306 διὰ
2210 3248 2543 3322 διφθόγγου
2578 3253 2676 3306 καὶ
2712 3249 2819 3306 διὰ

531 3317 769 3442 βραχέος
804 3320 906 3373 τοῦ
943 3327 985 3376 ῖ.
1026 3315 1090 3374 τὸ
1127 3314 1366 3373 ἔθνικόν
1397 3315 1657 3381 Φικειεύς
1694 3319 1813 3388 [καὶ
1836 3317 2111 3392 Φικιεύς].
2182 3326 2386 3377 Festus
2424 3342 2639 3393 quoque
2665 3325 2814 3378 haec

571 3392 727 3444 abet:
767 3395 989 3457 „Picati
1026 3394 1378 3461 appellantur
1415 3393 1656 3458 quidam,
1697 3409 1926 3459 quorum
1961 3395 2126 3460 pedes
2162 3395 2392 3445 formati
2427 3401 2557 3448 sunt
2593 3397 2651 3446 in
2684 3413 2815 3461 spe-

533 3464 673 3514 ciem
712 3462 1005 3528 sphingum,
1064 3464 1209 3530 quod
1255 3478 1350 3515 eas
1389 3464 1549 3514 Dorii
1590 3462 1770 3527 phicas
1808 3465 2075 3515 vocant·‘.
2150 3466 2286 3516 Inde
2332 3466 2477 3530 apud
2522 3464 2813 3516 Plutarch.

532 3531 749 3582 Morall.
789 3535 1036 3598 p.988A.
1076 3525 1297 3583 Φύκιον
1334 3534 1718 3599 corrigendum
1755 3533 1859 3583 erit
1896 3534 1953 3584 in
1988 3530 2211 3598 Φίκιον,
2251 3535 2348 3587 sed
2381 3536 2439 3585 in
2471 3535 2809 3600 Palaephat.

533 3602 842 3654 Incredibb.
882 3618 1006 3668 cap.
1045 3606 1075 3655 7
1119 3603 1460 3654 retinendum
1499 3600 1787 3666 Σφίγγιον
1823 3591 1985 3666 ὄρος,
2038 3604 2183 3669 quod
2230 3605 2374 3656 idem
2411 3610 2814 3656 commemorat

533 3671 847 3724 Pausanias
881 3673 979 3736 IX,
1018 3672 1104 3733 26,
1142 3674 1176 3723 2
1213 3671 1469 3738 Sphingis
1497 3672 1797 3724 Thebanae
1833 3671 2081 3723 fabulam
2111 3689 2393 3726 enarrans.

678 3756 767 3823 **)
804 3757 961 3808 Conf.
1000 3755 1255 3823 Aeschyl.
1292 3757 1566 3809 Ptemeth.
1605 3757 1690 3808 58.
1726 3756 1871 3807 Plat.
1909 3758 2049 3808 Tim.
2087 3775 2140 3824 p.
2163 3760 2313 3812 58A.
2386 3758 2557 3811 Plura
2593 3760 2709 3813 vid.
2749 3761 2815 3810 in

540 3826 827 3879 Thesauro
860 3829 1017 3893 Ling.
1053 3827 1249 3879 Graec.
1287 3829 1413 3880 VII.
1446 3843 1500 3894 p.
1532 3827 1666 3878 1612
1701 3825 1955 3878 Dindorf.

677 3894 799 3960 ***)
832 3895 869 3946 l.
910 3912 1076 3963 supra
1112 3898 1148 3947 l.
1191 3912 1243 3962 p.
1278 3897 1397 3949 115.
1474 3896 1634 3947 Conf.
1676 3911 1889 3961 quoque
1926 3894 2084 3947 Stoll.
2120 3894 2159 3945 l.
2197 3896 2234 3947 1.
2272 3914 2327 3963 p.
2365 3899 2451 3949 42.
2492 3898 2579 3949 45.

676 3965 736 4030 †)
773 3965 1002 4030 Sphinx,
1045 3972 1188 4019 teste
1214 3967 1543 4033 Apollodoro
1570 3966 1607 4017 l.
1644 3980 1814 4031 supra
1850 3965 1920 4027 1.,
1970 3957 2086 4029 εἶχε
2128 3958 2193 4015 δὲ
2226 3958 2540 4031 πρόσωπον
2574 3961 2681 4031 μὲν
2713 3982 2817 4031 γυ-

538 4028 756 4095 ναικὸς,
797 4031 1015 4098 στῆθος
1046 4029 1112 4086 δὲ
1145 4031 1242 4086 καὶ
1281 4029 1449 4103 βάσιν
1483 4030 1580 4085 καὶ
1617 4025 1800 4095 οὐρὰν
1833 4031 2065 4091 λέοντος
2094 4028 2191 4083 καὶ
2225 4029 2506 4101 πτέρυγας
2541 4026 2811 4100 ὄρνιθος.

537 4104 696 4156 Unde
720 4104 908 4154 Tzetz.
950 4105 1023 4154 ad
1044 4108 1194 4172 Lyco
1234 4106 1392 4158 hron.
1431 4108 1493 4158 7:
1529 4097 1637 4169 τὴν
1675 4095 1739 4152 δὲ
1760 4101 1989 4168 Σφίγγα
2012 4099 2274 4168 λέγουσιν
2307 4099 2458 4171 ἔχειν
2493 4096 2651 4163 εἶδος
2681 4096 2818 4155 ὄπι-

538 4172 684 4224 σθεν
721 4166 828 4239 μὲν
871 4170 1127 4239 λέοντος,
1206 4173 1473 4240 μπροσθε
1509 4167 1574 4223 δὲ
1606 4164 1958 4236 ἀνθρώπου,
2007 4165 2189 4236 γυπὸς
2238 4164 2476 4239 ὄνυχας,
2527 4169 2817 4240 πτέρυγας

530 4234 703 4292 ἀετοῦ
736 4237 830 4292 καὶ
870 4240 1103 4293 τοιαῦτα
1136 4235 1414 4306 τεράστια,
1451 4248 1512 4294 ut
1544 4242 1832 4307 rescripsit
1846 4242 1906 4293 C.
1921 4243 1985 4293 F.
2001 4242 2344 4293 Hermann.l.
2367 4244 2405 4294 l.
2417 4259 2469 4308 p.
2491 4243 2610 4295 112.
2648 4244 2815 4309 Apud

531 4312 859 4378 Palaephat.
886 4311 1137 4362 luc-redd.
1177 4315 1349 4376 cap-7
1375 4311 1586 4377 Sphinx
1623 4312 1827 4362 dicitur
1871 4308 2091 4376 θηρίον
2123 4339 2194 4350 -
2229 4309 2390 4377 σῶμα
2423 4306 2529 4377 μὲν
2566 4306 2700 4379 ἔχον
2732 4303 2818 4369 ὦς

533 4373 1000 4499 κυὸὀςώκεφαλὴν
1035 4376 1100 4430 δὲ
1133 4375 1230 4430 καὶ
1264 4374 1581 4447 πρόσωπον
1617 4373 1822 4447 κόρης,
1871 4377 2153 4446 πτέρυγας
2190 4373 2463 4449 ὄρνιθος,
2501 4374 2711 4448 φωνὴν
2747 4374 2817 4431 δὲ

527 4463 605 4499 αν
657 4465 689 4515 ρ
741 4463 875 4500 που.
