3109 5092
1230 260 1485 325 GLIO.
1530 263 1582 322 I.
1627 273 1748 325 150.
1797 274 1917 326 151·-
2581 265 2704 329 307

430 432 631 518 γάδες
667 438 808 503 τῶν
846 441 1313 523 Κολοφωνίων
1358 433 1775 525 φυλάξαντες
1819 432 1976 515 τοὺς
2019 443 2457 526 Σμυρναίους
2498 433 2705 528 ὁρτὴν

431 539 554 619 ἔξω
583 544 832 626 τείχεος
866 540 1307 627 ποιευμένους
1332 530 1652 632 Διονύσῳ
1671 589 1690 624 ,
1740 536 1858 618 τὰς
1899 537 2116 620 πύλας
2151 537 2700 630 άποκληΐσαντες,

426 643 622 728 ἔσχον
655 639 781 729 τὴν
820 640 1037 712 πόλιν.
1121 641 1614 732 βοηθησάντων
1652 640 1729 711 δὲ
1762 640 2038 712 πάντων
2066 647 2405 729 Αἰολέων,
2457 639 2697 732 ὁμολο-

425 750 539 831 γίῃ
584 743 983 834 ἐχρήσαντο,
1024 743 1108 815 τὰ
1149 752 1400 816 ἔπιπλα
1448 743 1846 816 ἀποδόντων
1893 750 2031 816 τῶν
2061 743 2343 832 Ἰω’νων,
2401 750 2703 818 ἐκλιπεῖν

426 845 755 936 Σμύρνην
793 851 1095 928 Αἰολέας.
1178 848 1603 938 ποιησάντων
1631 847 1708 917 δὲ
1740 852 1951 916 ταῦτα
1979 856 2429 938 Σμυρναίων,
2479 852 2696 920 ἐπιδι-

425 950 682 1020 είλοντό
706 971 916 1040 σφεας
943 957 1020 1045 αἰ
1039 955 1284 1022 ἕνδεκα
1312 952 1573 1039 πόλιες,
1608 952 1720 1021 καὶ
1749 950 2148 1040 ἐποιήσαντο
2173 955 2406 1041 σφέων
2434 950 2698 1023 αὐτέων

423 1052 755 1143 πολιήτας.
846 1045 1065 1124 Αὗται
1111 1057 1237 1144 μέν
1279 1084 1412 1126 νυν
1467 1059 1545 1125 αἱ
1591 1050 2031 1143 ἠπειρώτιδες
2081 1060 2393 1136 Αἰολίδες
2446 1055 2695 1142 πόλιες,
2721 1066 2823 1124 151

423 1159 546 1238 ἔξω
581 1163 721 1227 τῶν
747 1160 823 1227 έν
859 1164 941 1246 τῇ
962 1155 1103 1247 Ἴδῃ
1132 1160 1541 1248 οἰκημένων·
1591 1163 2035 1247 κεχωρίδαται
2068 1155 2197 1248 γὰρ
2227 1148 2446 1228 αὗται.
2522 1164 2598 1228 αἱ
2621 1160 2697 1230 δὲ
2740 1229 2746 1235 ,

418 1257 535 1340 τὰς
572 1260 817 1350 νήσους
866 1266 1137 1349 ἔχουσαι
1189 1265 1389 1332 πέντε
1431 1261 1558 1351 μὲν
1609 1260 1837 1340 πόλιες
1875 1259 2004 1349 τὴν
2042 1264 2308 1349 Λέσβον
2343 1264 2694 1350 νέμονται·

423 1361 546 1452 τὴν
571 1361 701 1453 γαρ
740 1367 943 1452 ἕκτην
979 1366 1057 1434 ἐν
1097 1370 1180 1455 τῇ
1208 1370 1449 1459 Λέσβῳ
1485 1367 1885 1452 οἰκεομένην
1917 1361 2240 1453 Ἀρίσβαν
2281 1362 2696 1454 ἠνδραπόδι-

421 1486 550 1537 σαν
580 1475 1031 1556 Μηθυμναῖοι
1053 1519 1071 1552 ,
1117 1467 1350 1549 ἐόντας
1383 1465 1728 1558 ὁμαίμους.
1804 1469 1880 1536 έν
1926 1471 2191 1560 Τενέδῳ
2221 1467 2297 1537 δὲ
2333 1475 2452 1557 μία
2482 1473 2694 1540 οἰκέε-

418 1596 524 1639 ται
554 1570 776 1656 πόλις,
819 1572 932 1640 καὶ
961 1573 1036 1641 ἐν
1064 1575 1216 1663 τῇσι
1246 1569 1524 1642 Ἑκατὸν
1558 1568 1844 1660 Νήσοισι
1871 1574 2316 1659 καλεομένῃσι
2358 1569 2527 1660 ἄλλη
2556 1580 2694 1662 μία.

418 1680 762 1763 Λεσβίοισι
798 1676 923 1763 μέν
960 1701 1093 1743 νυν
1130 1677 1243 1745 καὶ
1292 1681 1700 1759 Τενεδίοισι,
1741 1671 2036 1763 κατάπερ
2078 1670 2328 1743 Ἰώνων
2370 1690 2542 1745 τοῖσι
2581 1674 2697 1755 τὰς

796 1870 930 1924 Cu».
970 1872 1110 1926 CLI.

487 1966 593 2035 ἔξω
631 1971 744 2023 τῶν
780 1964 841 2024 ἐν
878 1972 950 2041 τῇ
979 1965 1105 2043 Ἴδῃ
1154 1972 1497 2042 οἰκημένων]

414 2043 739 2094 Bredovium
773 2060 828 2110 p.
864 2046 962 2096 221
992 2046 1041 2095 si
1073 2047 1336 2111 sequaris,
1372 2047 1502 2096 scri-

413 2113 645 2164 bendum
686 2109 1051 2178 οἰκημενέων.
1115 2116 1370 2180 Triginta
1405 2131 1501 2165 nu·

414 2199 559 2234 mero
596 2184 888 2248 suspiceris
923 2185 1096 2235 fuisse
1131 2185 1268 2236 haec
1301 2185 1502 2251 oppida

414 2253 560 2303 eirea
586 2252 740 2303 Idam
770 2258 1013 2304 montem
1057 2254 1193 2316 sita,
1242 2257 1498 2304 maxima-

414 2338 518 2388 que
553 2338 620 2373 ex
653 2327 808 2388 parte
835 2340 869 2373 a
894 2321 1145 2388 Cymaeis
1172 2323 1497 2389 Lesbiisque

413 2392 649 2442 condita.
723 2392 807 2442 Cf.
855 2392 1036 2444 Strab.
1086 2393 1243 2448 XIII.
1290 2410 1344 2458 p.
1392 2395 1496 2444 622

412 2461 498 2511 ed.
532 2461 769 2512 Casaub.
807 2477 851 2512 8.
893 2478 947 2527 p.
986 2462 1088 2512 924
1135 2463 1201 2513 A.
1276 2463 1341 2512 In
1376 2479 1496 2528 pro-

410 2531 554 2580 nime
586 2546 740 2596 seqq.
790 2531 1012 2583 Herold.
1061 2530 1327 2582 Emendd.
1387 2533 1496 2582 He-

410 2600 565 2651 rodd.
601 2601 666 2650 P.
701 2600 749 2651 1.
789 2616 844 2665 p.
891 2602 975 2652 15.
1021 2601 1275 2666 proponit
1314 2602 1494 2666 legen·

411 2669 565 2719 dum:
628 2662 690 2719 αἰ
730 2663 797 2719 δὲ
848 2661 948 2728 τὰς
1005 2662 1218 2734 νήσους
1265 2663 1494 2735 ἔχουσαι

408 2735 564 2789 αἵδε
622 2735 789 2788 πέντε
851 2731 957 2802 μὲν
1003 2731 1200 2796 πόλεες
1246 2755 1296 2788 κ.
1347 2755 1394 2790 τ.
1445 2739 1492 2789 λ.

410 2809 529 2870 Quo
563 2812 749 2858 tamen
782 2807 928 2858 haud
966 2824 1101 2874 opus
1135 2808 1372 2859 videtur.

467 2902 797 2979 Ἀρίσβαν
862 2901 1302 2976 ἠνδραπόδισαν
1360 2910 1493 2975 Μη-

407 2977 710 3045 θυμναῖοι]
727 2980 975 3038 Meminit
985 2980 1146 3030 huius
1167 2981 1336 3042 urbis,
1356 2995 1497 3045 quae

408 3049 479 3098 ab
514 3048 621 3100 alia
656 3049 896 3100 eiusdem
930 3051 1165 3100 nominis
1200 3051 1256 3101 in
1280 3050 1494 3100 Tr0ade

407 3123 554 3168 terra
583 3118 833 3185 dignosci
864 3120 1050 3182 debet,
1086 3124 1142 3169 et
1176 3119 1336 3170 huius
1361 3120 1488 3185 ipsi-

404 3203 470 3238 us
524 3188 631 3241 loci
662 3188 985 3253 Stephanus
1044 3190 1278 3255 Byzant.
1332 3206 1378 3239 s.
1432 3205 1488 3240 v.

399 3249 646 3324 Ἆρίσβη,
699 3259 855 3308 euius
904 3259 1083 3309 locum
1135 3259 1323 3324 utique
1375 3274 1491 3309 cor-

404 3331 621 3462 {rugam
644 3329 1101 3463 ρΪΞοὝιοΜξζῖ
1154 3328 1490 3448 αέᾱᾶΕΡὲῗζί

404 3465 530 3517 dov.
587 3483 641 3532 p.
691 3465 813 3517 133.
897 3466 1108 3518 Nomen
1156 3467 1286 3517 urbs
1337 3482 1490 3518 aece-

404 3536 549 3599 pisse
609 3535 779 3585 fertur
835 3536 904 3585 ab
964 3536 1194 3599 Arisba,
1249 3536 1487 3601 Meropis

405 3603 552 3654 filia:
618 3605 726 3655 Ubi
782 3603 890 3655 sita
942 3604 1134 3667 fuerit,
1192 3606 1286 3655 vix
1339 3610 1487 3656 certo

404 3687 548 3722 nune
594 3672 816 3724 definire
861 3673 1019 3738 lieet,
1078 3675 1325 3739 quamvis
1370 3690 1490 3739 pro-

403 3741 585 3791 babile
623 3744 725 3806 sit,
775 3759 896 3794 eam
940 3744 999 3793 in
1033 3743 1383 3809 Methymnae
1412 3744 1490 3794 vi-

405 3812 549 3861 cinia
595 3812 758 3862 sitam
810 3813 998 3863 fuisse.
1085 3813 1244 3864 Conf.
1294 3813 1485 3864 Plehn.

405 3880 461 3929 in
495 3881 778 3932 Lesbiaco.
814 3881 952 3931 libro
999 3897 1129 3948 pag.
1177 3883 1265 3933 21.
1339 3885 1488 3945 Quas

404 3954 687 4013 praeterea
741 3951 921 4002 Lesbo
975 3952 1178 4004 Noster
1242 3954 1491 4018 assignat

404 4020 639 4085 quinque
704 4021 958 4072 civitates
1022 4022 1305 4084 Aeolioas,
1367 4037 1489 4072 cum

404 4090 593 4139 eodem
627 4089 854 4141 Plehnio
898 4107 1026 4156 pag.
1064 4091 1134 4142 43
1170 4091 1343 4142 fuisse
1381 4093 1491 4142 exi-

403 4159 591 4208 stimes
614 4158 934 4225 Mytilenen,
970 4160 1358 4226 Methymnam,
1384 4163 1492 4212 An·

402 4228 623 4290 fissam,
658 4231 914 4292 Eresum,
950 4230 1244 4294 Pyrrham,
1290 4231 1490 4296 quippe

403 4299 651 4348 omnibus
706 4314 883 4349 rerum
933 4300 1288 4365 scriptoribus
1349 4315 1492 4350 com-

1569 1867 1586 1882 ⁸
1607 1878 1958 1924 memoratas.
2028 1872 2116 1924 De
2150 1872 2234 1922 his
2271 1873 2383 1924 vid.
2431 1873 2699 1940 Forbiger

1604 1940 1640 1993 l.
1668 1941 1706 1992 l.
1743 1958 1799 2008 p.
1837 1941 1936 1993 163
1974 1957 2148 2010 seqq„
2181 1942 2369 2007 quide
2404 1943 2605 1995 Tenedo
2641 1960 2693 2009 p.

1605 2011 1703 2062 161
1744 2027 1859 2077 seq.
1894 2012 2026 2077 egit.

1672 2071 1733 2129 ἐν
1765 2081 1828 2130 Τ.
1868 2075 1931 2130 δὲ
1964 2081 2069 2145 μία
2103 2076 2343 2130 οἰκέεται
2369 2072 2558 2147 πόλις]
2592 2080 2698 2131 Co-

1602 2148 1696 2198 bet
1727 2149 2030 2214 ,legendum
2080 2153 2269 2200 censet
2316 2148 2567 2213 οἴκηται,
2633 2155 2697 2201 ut

1600 2219 1902 2283 perfectum
1915 2220 2006 2282 sit,
2034 2220 2180 2284 quod
2193 2219 2505 2269 Herodotus
2528 2221 2574 2284 Ι,
2596 2221 2694 2271 142

1601 2288 1858 2339 formavit
1892 2285 2144 2340 οἰκέαται
2184 2290 2241 2338 in
2267 2290 2435 2339 tertia
2466 2290 2692 2354 pluralis

1598 2373 1851 2422 persona.
1913 2359 2040 2412 Vid.
2079 2358 2316 2409 Bredov.
2351 2375 2404 2424 p.
2441 2358 2561 2422 329,
2600 2362 2694 2425 qui

1597 2426 1882 2492 vulgatam
1897 2424 2156 2490 οἰκέεται,
2181 2428 2336 2477 ouius
2355 2428 2477 2478 loco
2491 2427 2695 2479 Aldina

1599 2511 1721 2546 eum
1756 2496 1909 2547 libris
1948 2496 2274 2563 quibusdam
2295 2497 2516 2547 exhibet
2546 2494 2691 2547 οἰκέ-

1595 2579 1752 2630 αται,
1798 2571 1945 2616 recte
1979 2566 2122 2615 tueri
2158 2565 2378 2615 videtur
2413 2582 2538 2631 pag.
2570 2567 2690 2616 332.

1667 2630 1764 2683 καὶ
1819 2627 1881 2683 ἐν
1950 2632 2079 2699 τῇσι
2127 2624 2373 2683 Ἑκατὸν
2439 2627 2691 2698 Νήσοισι

1598 2700 1993 2770 καλεομένῃσι]
2029 2703 2282 2752 Meminit
2317 2704 2509 2753 harum
2544 2704 2692 2753 insu-

1596 2772 1770 2822 larum
1787 2773 2061 2823 Diodorns
2079 2772 2241 2836 x111‚
2267 2774 2332 2823 77
2353 2778 2519 2841 atque
2542 2774 2692 2824 Stra-

1597 2842 1667 2892 bo
1704 2841 1867 2892 XIII.
1907 2856 2036 2907 pag.
2088 2840 2212 2905 919,
2265 2843 2358 2908 qui
2392 2858 2589 2893 nomen
2629 2842 2689 2892 il-

1596 2911 1771 2961 larum
1806 2911 2030 2962 deducit
2071 2912 2142 2961 ab
2166 2899 2443 2976 ‘'Exawg,
2484 2914 2575 2977 qui
2615 2913 2689 2963 sit

1596 2980 1865 3045 Apollinis
1901 2981 1960 3030 in
1991 2981 2092 3030 hae
2115 2982 2280 3031 Asiae
2316 2999 2411 3032 ora
2455 2983 2688 3033 maxime

1596 3050 1730 3100 culti
1756 3050 1964 3114 titulus,
1999 3051 2079 3100 ita
2100 3056 2163 3100 ut
2185 3051 2451 3117 Apollinis
2475 3052 2688 3102 insulae

1592 3120 1703 3170 sint
1730 3120 1929 3171 dictae.
1983 3120 2140 3182 Quod
2176 3122 2337 3171 nimis
2376 3123 2686 3187 quaesitum

1592 3205 1726 3240 sane
1752 3190 1924 3240 videri
1950 3189 2127 3252 debet,
2154 3206 2276 3240 cum
2302 3207 2336 3241 a
2361 3206 2560 3256 magna
2579 3192 2688 3241 exi-

1593 3274 1821 3324 guarum
1849 3259 2148 3310 insularum
2179 3275 2242 3310 oo
2249 3261 2339 3324 pia
2364 3276 2558 3311 nomen
2583 3261 2686 3310 hoc

1594 3327 1883 3380 deductum
1922 3344 2043 3379 esse
2080 3334 2274 3393 sponte
2320 3328 2681 3393 intelligatur.
2707 3347 2728 3358 ·

1592 3398 1744 3449 Sitae
1799 3402 1926 3448 sunt
1981 3399 2124 3446 istae
2169 3396 2406 3459 insulae,
2456 3413 2685 3462 quarum

1594 3482 1874 3517 numerum
1909 3482 1968 3515 re
2005 3481 2137 3516 vera
2175 3466 2377 3530 viginti
2413 3469 2509 3515 aut
2536 3472 2685 3516 certe

1592 3536 1959 3601 quadraginta
1979 3534 2147 3584 fuisse
2161 3534 2424 3596 scribunt,
2443 3535 2500 3583 in
2521 3534 2682 3597 freto,

1591 3604 1735 3671 quod
1760 3609 1845 3655 est
1865 3606 2008 3653 inter
2025 3603 2259 3653 Lesbum
2282 3607 2449 3667 atque
2473 3604 2681 3656 Asiam.

1591 3674 1751 3725 Nune
1807 3673 1878 3722 iis
1937 3687 2136 3722 nomen
2187 3671 2496 3730 Mus-conisi,-
2534 3673 2681 3725 conf.

1590 3743 1857 3808 Forbiger
1893 3742 1930 3793 l.
1970 3741 2008 3792 l.
2046 3757 2101 3805 p.
2142 3741 2259 3793 115.

1663 3808 1952 3878 Λεσβίοισι
1978 3807 2083 3875 μέν
2111 3825 2217 3860 νυν
2239 3805 2336 3860 καὶ
2363 3807 2682 3860 Τενεδίοισι

1592 3898 1645 3932 κ.
1683 3898 1732 3930 τ.
1771 3878 1852 3946 λ.]
1897 3880 2000 3930 His
2044 3881 2224 3931 verbis
2268 3896 2303 3931 a
2343 3880 2684 3946 digressione

1595 3950 1660 4002 de
1693 3951 2023 4002 Graecorum
2047 3951 2104 3999 in
2141 3950 2277 4001 Asia
2305 3949 2533 4000 coloniis
2559 3966 2681 4015 cap.

1596 4021 1690 4072 141
1731 4021 1989 4071 instituta
2022 4020 2224 4070 Noster
2266 4019 2411 4072 redit
2457 4020 2528 4070 ad
2563 4036 2685 4069 nar-

1591 4091 1858 4141 rationem
1897 4091 1965 4142 de
2000 4089 2161 4155 Cyro,
2234 4091 2314 4140 Ac
2348 4090 2570 4154 respicit
2603 4092 2685 4137 in-

1591 4161 1778 4225 primis
1815 4176 1898 4225 ea,
1938 4175 2079 4226 quae
2114 4176 2236 4225 cap.
2281 4157 2380 4211 143
2416 4158 2573 4208 initio
2611 4156 2684 4207 le-

1592 4234 1815 4294 guntur.
1860 4260 1931 4270 -·
1965 4230 2050 4280 Ad
2099 4229 2326 4281 formam
2363 4227 2557 4277 aon-isti
2603 4242 2684 4276 se-

1596 4299 1757 4349 sundi
1795 4295 1924 4350 ἕαδε
1961 4298 2108 4350 conf.
2145 4298 2379 4349 Bredov,
2421 4313 2472 4360 p.
2510 4297 2631 4347 314.

2136 4378 2269 4441 20*
