3109 5092
1250 322 1506 384 CLIO.
1551 324 1604 383 I.
1651 332 1773 387 149.

2522 325 2647 386 305

370 501 687 587 λεομένη,
738 495 1104 587 Λήρισσαι,
1159 497 1346 566 Νέον
1388 512 1635 607 τξτχος,
1706 501 2000 586 Τῆμνος,
2054 503 2306 582 Κίλλα,
2368 497 2645 584 Νότιον,

368 714 422 763 p.
447 698 544 748 621
585 713 632 749 s.
657 698 761 747 922
786 698 851 747 Β.
886 699 1150 749 Larissam
1174 697 1281 763 (sic
1314 696 1456 746 enim

369 768 482 817 illic
507 769 770 831 scriptum
801 764 1035 832 legimus
1070 782 1167 832 pro
1198 783 1280 829 eo,
1310 766 1455 831 quod

370 838 427 887 in
460 838 742 887 Herodoto
790 841 875 886 est
912 829 1214 902 Αήρισσαι)
1253 850 1456 885 nuncu-

370 911 554 971 patam
606 921 749 968 esse,
798 907 998 970 quippe
1045 905 1232 955 urbem
1268 903 1456 955 Pelas-

370 976 574 1041 giem,
612 979 675 1024 ut
710 973 797 1025 vel
824 990 1021 1025 nomen
1043 974 1277 1036 indicat,
1309 988 1455 1024 nunc

369 1059 497 1094 vero
522 1044 810 1095 desertam.
884 1044 1247 1109 Septuaginta
1271 1043 1454 1093 stadia

372 1113 475 1163 fuit
496 1117 718 1163 semota
753 1129 788 1162 a
822 1113 1009 1178 Cyme.
1070 1113 1227 1164 Cous.
1262 1111 1453 1163 Forbi-

369 1198 465 1248 ger
498 1183 534 1232 1.
575 1183 612 1232 l.
649 1198 705 1247 p.
749 1182 866 1244 157,
904 1183 998 1249 qui
1031 1182 1269 1247 reliquos
1304 1185 1454 1231 vete-

367 1268 485 1302 rum
507 1252 658 1302 locos
684 1251 890 1302 attulit.
962 1252 1263 1303 Neonticlzos
1288 1250 1453 1300 iidem

368 1321 448 1370 illi
475 1321 669 1372 Graeci
704 1325 895 1370 contra
928 1321 1027 1372 hos
1059 1321 1324 1388 Pelasgos
1348 1320 1453 1369 La-

366 1391 604 1441 rissaeos
657 1390 992 1440 exstruxisse
1038 1390 1314 1452 feruntur,
1365 1387 1453 1438 vel

368 1465 677 1524 antequam,
705 1463 883 1510 terrae
908 1460 1133 1524 imperio
1157 1458 1451 1526 acquisito,

367 1529 571 1594 Cymen
628 1529 802 1593 ipsam
848 1528 1215 1591 condiderint;
1267 1542 1451 1594 quam·

367 1613 528 1663 quam
566 1601 757 1647 auctor
801 1598 948 1648 vitae
984 1598 1306 1648 Homericae
1347 1595 1451 1645 hoc

367 1666 623 1732 oppidum
694 1665 888 1731 Cymes
954 1667 1223 1717 coloniam
1296 1665 1448 1727 dicit,

365 1736 509 1801 quod
568 1736 637 1785 de
692 1735 907 1785 colonia
963 1735 1136 1785 serius
1190 1737 1249 1785 in
1299 1734 1451 1801 prius

364 1806 752 1855 munimentum
786 1821 851 1855 ac
872 1805 1337 1871 propugnaculum
1363 1803 1452 1853 de-

365 1875 532 1926 ducta
561 1873 795 1939 intelligi
822 1874 941 1924 vult
975 1875 1151 1926 Raoul
1185 1874 1453 1926 Rochette

363 1944 401 1995 l.
439 1944 476 1994 l.
526 1959 580 2009 p.
620 1945 707 1995 40.
769 1944 958 1994 Distat
1005 1959 1040 1993 a
1085 1946 1313 1995 Larissa
1358 1943 1453 1992 tri-

365 2017 522 2079 ginta
550 2017 765 2063 tantum
801 2012 985 2063 stadia
1018 2014 1244 2079 eiusque
1272 2013 1451 2063 locum

366 2099 509 2133 nune
558 2097 824 2146 occupare
872 2082 1071 2133 dicitur
1116 2085 1299 2145 vicus,
1363 2080 1452 2131 cui

365 2168 560 2203 nomen
584 2152 866 2216 Ainadsv‘ik
879 2171 901 2211 ,·
933 2152 1045 2203 vid.
1068 2153 1335 2216 Forbiger
1351 2150 1390 2200 l.
1409 2149 1447 2199 l.

433 2222 697 2287 Reliquae
742 2222 906 2272 urbes
943 2221 1207 2286 Aeolicae
1234 2221 1304 2270 ab
1342 2220 1453 2268 He·

364 2290 556 2341 rodoto
599 2292 900 2341 recensitae
933 2291 1026 2340 vix
1060 2291 1128 2340 ab
1169 2288 1279 2339 alia
1309 2288 1453 2338 colo-

366 2360 484 2423 nia,
534 2375 696 2426 quam
746 2376 883 2425 quae
929 2360 1133 2424 Cymen
1184 2356 1447 2418 condidit,

366 2445 463 2478 nec
497 2430 604 2479 alio
637 2434 878 2494 tempore
912 2427 1072 2478 valde
1094 2431 1301 2477 remoto
1326 2441 1451 2476 con·

367 2500 514 2548 ditae
561 2498 731 2548 fuisse
775 2499 1046 2548 videntur.
1122 2497 1334 2546 Tenmus
1380 2493 1449 2544 ad

365 2569 553 2617 Hermi
589 2570 733 2617 ostia
777 2569 1061 2631 sinumque
1097 2567 1451 2631 Smyrnaeum

367 2641 645 2687 exstructa
691 2642 837 2699 erat,
876 2636 971 2686 sed
1008 2635 1175 2686 Plinii
1210 2639 1452 2699 tempore

367 2707 472 2755 iam
520 2707 720 2756 diruta.
804 2707 985 2768 Quare
1026 2706 1118 2754 vix
1167 2708 1316 2754 certo
1364 2701 1453 2751 de-

366 2775 710 2839 clarandum,
773 2791 878 2840 quo
937 2774 1058 2825 loco
1119 2774 1228 2824 sita
1287 2771 1453 2822 fuerit

365 2846 523 2906 urbs;
563 2849 720 2908 sunt,
758 2845 852 2908 qui
886 2842 1069 2893 vicum
1107 2842 1357 2893 Menimen
1394 2841 1451 2888 in

368 2914 483 2963 eius
517 2914 697 2964 locum
729 2914 962 2963 cessisse
995 2916 1214 2977 putent;
1252 2911 1453 2961 Texier

366 2982 403 3032 l.
442 2983 479 3033 l.
514 2999 565 3047 p.
604 2983 708 3033 245
745 2981 813 3031 de
856 2982 1008 3044 loco,
1056 2982 1149 3047 qui
1182 2995 1326 3030 nunc
1360 2993 1453 3027 vo-

368 3056 525 3102 catur
558 3051 956 3124 &uzei-Hissur
1016 3052 1246 3116 cogitat.
1290 3046 1449 3098 Conf.

368 3121 530 3171 etiam
569 3121 834 3186 Forbiger
878 3120 916 3169 l.
954 3118 992 3170 l.
1063 3120 1179 3171 Nec
1227 3117 1454 3168 meliora

366 3191 486 3240 fata
520 3190 868 3255 contigerunt
901 3190 1089 3249 Gulae,
1137 3202 1278 3254 quae
1321 3185 1451 3236 urbs

368 3259 633 3325 Apollinis
690 3257 880 3309 Cillaei
936 3259 1138 3324 templo
1186 3262 1241 3308 et
1299 3256 1452 3306 cultu

368 3329 598 3394 insignis
635 3328 760 3379 fuit.
832 3328 991 3378 Conf.
1019 3330 1214 3394 Heyne
1239 3326 1309 3376 ad
1342 3326 1453 3376 Ho-

368 3414 494 3448 mer.
546 3397 732 3448 ·Iliad.
782 3398 827 3460 Ι,
869 3399 955 3448 38.
998 3398 1063 3448 Τ.
1112 3397 1159 3448 1.
1196 3412 1323 3462 pag.
1369 3394 1450 3445 13.

366 3468 523 3518 Nunc
548 3467 671 3517 loeo
696 3480 893 3515 nomen
918 3467 1114 3519 Zelleti.
1171 3466 1298 3517 Vid.
1321 3465 1457 3514 For·

367 3536 521 3601 biger
553 3536 592 3587 l.
626 3535 664 3585 1.
701 3550 830 3600 pag.
872 3534 989 3587 144.
1066 3536 1278 3594 Notium,
1316 3532 1455 3583 mari

366 3606 674 3667 imminens,
713 3620 748 3654 a
784 3610 967 3654 vetere
995 3603 1309 3668 Colophone
1346 3603 1452 3652 duo

368 3675 535 3724 ferme
580 3673 751 3724 millia
801 3688 1062 3738 passuum
1107 3673 1329 3734 aberat,
1388 3675 1451 3719 ut

368 3744 556 3793 Livius
584 3742 755 3792 tradit
778 3742 1062 3804 XXXVII,
1099 3743 1185 3806 26,
1214 3745 1453 3807 portum-

369 3828 472 3877 que
506 3812 805 3878 praebebat
843 3811 968 3861 huic
1000 3812 1150 3874 urbi,
1188 3812 1343 3861 cuius
1379 3809 1453 3858 ci-

367 3896 461 3932 ves
484 3882 709 3932 Notium
728 3880 1111 3943 condiderant,
1149 3884 1290 3930 teste
1308 3877 1454 3929 Thu-

369 3950 563 4015 cydide
611 3950 719 4013 111,
769 3949 855 4014 34,
897 3949 990 4000 ubi
1028 3950 1099 4000 cf.
1140 3950 1452 4013 interprett.

369 4021 446 4069 Ac
506 4020 792 4084 postmodo
851 4019 1165 4084 Colophone
1198 4056 1205 4063 .
1233 4021 1456 4068 vastata

370 4090 592 4153 eiusque
635 4088 826 4139 ineolis
860 4088 1135 4153 Ephesum
1171 4086 1454 4137 translatis

368 4159 545 4222 ipsum
579 4157 912 4223 Colophonis
949 4173 995 4209 s.
1028 4155 1458 4219 Neo-Colopho-

370 4228 453 4276 nis
497 4242 697 4277 nomen
745 4226 985 4292 accepim
1031 4226 1145 4276 vid.
1190 4225 1457 4289 Forbiger

368 4294 408 4346 l.
443 4295 481 4344 l.
522 4312 574 4360 p.
610 4296 730 4346 187.
761 4296 844 4344 De
881 4295 1190 4360 Colophone
1224 4293 1338 4344 vid.
1368 4308 1458 4342 su-

370 4379 470 4428 pra
512 4365 582 4415 ad
627 4365 675 4428 1,
728 4366 827 4415 142
872 4371 1016 4417 nott.
1060 4394 1132 4404 —-
1175 4366 1259 4415 De
1305 4363 1459 4427 Aegi·

460 4466 800 4509 flnnono'r.
852 4467 898 4506 1.

1555 714 1738 751 messa
1765 700 1888 751 vide
1909 700 2140 765 posthac
2159 700 2386 750 monita.
2442 700 2642 763 Pitane,

1559 769 1628 819 de
1677 786 1787 836 qua
1834 770 2031 820 Strabo
2080 768 2119 820 l.
2157 769 2217 832 1.,
2261 768 2472 819 duobus
2519 785 2640 833 por-

1556 838 1722 889 tubus
1741 839 1814 889 ad
1836 839 2130 889 Elaiticum
2150 840 2328 888 sinum
2347 839 2640 897 instructa3

1556 907 1897 971 praeterfluit
1949 907 2101 958 illam
2146 909 2370 959 Evenus
2424 908 2642 958 fluvius.

1556 978 1715 1027 Nunc
1761 982 1990 1027 vocatur
2043 976 2197 1027 locus
2241 976 2511 1035 Sauciet-li,-
2566 976 2640 1026 cf.

1555 1047 1822 1111 Forbiger
1854 1045 1893 1096 l.
1929 1046 1967 1096 l.
2001 1062 2056 1111 p.
2097 1047 2212 1098 153.
2288 1046 2530 1112 Aegaeae
2565 1046 2642 1113 (s.

1555 1119 1617 1164 ut
1663 1116 1757 1165 alii
1791 1116 1996 1180 Aeque,
2045 1111 2210 1179 Αἰγαὶ
2256 1131 2300 1165 s.
2353 1109 2538 1180 Atym)
2584 1116 2643 1163 in

1552 1184 1688 1249 ipsis
1702 1185 1952 1249 Myrinae
1971 1185 2120 1248 agris
2143 1186 2285 1234 sitae
2310 1200 2431 1234 esse
2457 1184 2644 1234 dicun-

1553 1258 1670 1317 tur,
1718 1256 1864 1303 intra
1908 1254 2179 1318 Myrinam
2216 1254 2406 1303 urbem
2451 1257 2505 1303 et
2541 1254 2643 1316 Cy-

1555 1338 1698 1375 men.
1770 1322 1929 1373 Conf.
1973 1323 2239 1388 Forbiger
2273 1322 2310 1372 l.
2350 1322 2388 1373 l.
2423 1338 2476 1386 p.
2521 1322 2637 1382 156,

1554 1393 1649 1457 qui
1685 1399 1930 1442 veterum
1964 1391 2117 1441 locos
2153 1391 2221 1441 de
2257 1391 2360 1441 hac
2389 1392 2525 1441 urbe
2561 1396 2641 1440 at·

1551 1461 1701 1512 tulit.
1771 1462 1950 1511 Prave
1988 1476 2106 1510 eam
2147 1460 2457 1511 Danvillius
2497 1461 2643 1510 intra

1553 1530 1759 1596 Cymen
1793 1530 2101 1581 Phocaeam
2138 1534 2195 1580 et
2235 1531 2500 1580 Temnum
2535 1527 2643 1580 col-

1550 1598 1733 1650 locare
1799 1600 1998 1649 dicitur
2057 1615 2090 1648 a
2147 1599 2324 1650 Raoul
2374 1598 2640 1650 Roehette

1551 1667 1592 1720 l.
1629 1668 1667 1718 1.
1714 1685 1768 1734 p.
1810 1670 1897 1730 42,
1938 1668 2032 1733 qui
2073 1668 2324 1731 Myrinae
2373 1667 2641 1718 coloniam

1554 1738 1723 1788 fuisse
1770 1737 1919 1787 illam
1963 1741 2169 1787 censet.
2242 1738 2457 1802 Myrina
2503 1738 2640 1800 ipsa,

1554 1822 1718 1873 quam
1736 1806 1883 1856 Mela
1901 1820 1937 1856 a
1956 1809 2232 1856 vetustate
2257 1806 2486 1871 primam
2502 1805 2642 1854 dixit

1553 1874 1832 1926 Aeolicam
1890 1874 2202 1938 civitatem,
2276 1873 2643 1939 quadraginta

1554 1944 1751 1995 stadiis
1784 1944 1961 1993 abfuit
1998 1959 2032 1993 a
2074 1943 2268 2007 Cyme,
2307 1947 2363 1993 et
2399 1942 2469 1991 ab
2504 1942 2642 1992 Aeo-

1552 2013 1696 2080 libus
1732 2012 1946 2062 Lesbiis
1996 2013 2218 2063 condita
2262 2012 2433 2061 fuisse
2465 2010 2643 2075 perhi-

1552 2084 1738 2144 betur3
1783 2081 1895 2131 vid.
1942 2080 2136 2132 Vellei.
2182 2079 2456 2131 Patercul.
2504 2081 2550 2140 1,
2585 2081 2638 2130 4.

1556 2153 1677 2213 Quo
1730 2151 2041 2201 testimonio
2103 2151 2274 2200 fretus
2320 2148 2497 2200 Raoul
2534 2150 2641 2199 Ro-

1554 2221 1736 2271 chette
1782 2220 1816 2270 l.
1871 2218 1906 2268 l.
1957 2234 2077 2269 eam
2124 2219 2211 2268 vel
2262 2222 2389 2269 ante
2436 2218 2641 2282 Cymen

1554 2289 1831 2341 conditam
1866 2289 2040 2338 fuisse
2072 2288 2430 2352 probabiliter
2466 2287 2639 2353 ponit.

1553 2358 1713 2409 Conf.
1741 2358 1907 2407 etiam
1941 2357 2205 2422 Forbiger
2224 2356 2262 2407 l.
2298 2357 2336 2408 l.
2365 2372 2494 2422 pag.
2522 2357 2640 2406 154.

1556 2430 1782 2492 thnea,
1818 2418 2094 2490 Γρύνεια,
2139 2426 2284 2491 apud
2318 2426 2641 2477 Strabonem

1555 2496 1755 2546 dicitur
1812 2487 2099 2559 Γρύνιον,
2155 2493 2459 2559 πολίχνιον
2513 2493 2642 2542 Μυ-

1556 2567 1785 2629 ριναίον
1819 2560 1916 2612 καὶ
1940 2556 2100 2627 ἱερὸν
2122 2554 2484 2624 Ἀπόλλωνος,
2523 2579 2642 2612 ora-

1555 2633 1846 2697 culumque
1880 2637 2039 2682 vetus
2069 2648 2135 2682 ac
2168 2632 2429 2696 templum
2465 2631 2642 2695 splen-

1555 2702 1742 2753 didum
1778 2701 1900 2751 albo
1927 2717 1994 2751 ex
2020 2716 2283 2750 marmore
2311 2701 2638 2751 confectum.

1554 2772 1605 2822 A
1627 2772 1845 2835 Myrina
1877 2769 2123 2819 distabat
2146 2769 2509 2834 quadraginta
2531 2773 2644 2819 sta-

1556 2841 1667 2891 dia.
1739 2839 1865 2890 vid.
1912 2839 2181 2904 Forbiger
2231 2838 2270 2890 l.
2317 2838 2356 2889 l.
2408 2855 2464 2904 p.
2523 2838 2635 2900 154,

1554 2910 1650 2976 qui
1705 2910 1763 2958 in
1819 2909 2068 2973 regione,
2123 2907 2211 2956 cui
2257 2923 2401 2958 nunc
2444 2921 2641 2958 nomen

1553 2978 1832 3040 Klisselik,
1876 2976 2054 3028 locum
2084 2976 2236 3026 urbis
2272 2977 2641 3042 quaerendum

1553 3063 1676 3099 esse
1710 3047 1885 3098 addit.
1957 3047 2037 3098 Ac
2071 3046 2209 3096 satis
2243 3053 2408 3096 notus
2443 3044 2638 3111 Apollo

1552 3118 1831 3182 Gryneus,
1870 3117 1927 3165 in
1963 3117 2118 3166 cuius
2152 3116 2355 3181 templo
2389 3115 2641 3167 Aeolicas

1553 3188 1810 3237 civitates
1847 3185 2159 3236 foederatas
2181 3185 2493 3236 solemniter
2516 3201 2642 3236 eon-

1552 3257 1772 3306 venisse
1796 3270 1969 3320 aeque
1989 3263 2154 3320 atque
2179 3255 2398 3305 Ionicas
2421 3256 2478 3305 in
2500 3256 2641 3305 Pan-

1553 3327 1704 3376 ionio
1754 3325 1951 3375 statuit
1996 3326 2079 3376 St.
2130 3323 2322 3374 Croix:
2380 3325 2493 3374 Des
2545 3338 2642 3372 an-

1554 3396 1704 3445 ciens
1727 3408 1990 3459 gouvern.
2024 3391 2260 3444 fede'rat.
2285 3409 2340 3458 p.
2369 3393 2490 3444 156.
2530 3391 2640 3442 Sed

1552 3464 1658 3514 hoc
1696 3479 1762 3512 ex
1795 3477 1943 3512 mera
1979 3461 2295 3512 coniectura
2326 3462 2458 3527 poni
2493 3464 2641 3509 recte

1553 3537 1739 3582 monet
1800 3530 1862 3581 C.
1925 3530 1992 3581 F.
2049 3530 2354 3579 Hermann:
2422 3527 2638 3580 Griech.

1554 3598 1967 3652 Staatsalterth.
2018 3602 2069 3662 g.
2117 3598 2205 3648 76.
2265 3603 2381 3647 not.
2436 3598 2498 3647 12
2553 3595 2640 3648 ed.

1555 3673 1734 3736 quart.
1771 3667 2009 3732 Smyrna,
2058 3681 2200 3730 quae
2242 3670 2481 3716 extremo
2517 3665 2640 3717 loco

1552 3739 1891 3798 nominatur,
1946 3735 2014 3785 ab
2053 3734 2313 3785 Aeolibus
2357 3733 2493 3799 illis,
2549 3733 2644 3800 qui

1555 3808 1761 3873 Cymen
1807 3808 2125 3867 tenuerunt,
2173 3804 2398 3854 condita
2439 3807 2551 3867 est,
2594 3804 2642 3853 si

1553 3892 1688 3927 vera
1710 3874 1880 3926 tradit
1906 3873 2232 3924 Homericae
2250 3873 2398 3923 vitae
2419 3879 2640 3932 aneton

1555 3945 1695 4008 nisi,
1744 3959 1851 4009 quo
1893 3941 2134 3994 Velleius
2179 3942 2502 3993 Patet-culus
2548 3944 2643 3993 du-

1559 4030 1680 4066 cere
1725 4012 1970 4076 videtur,
2018 4013 2087 4062 ab
2126 4011 2387 4063 Aeolibus
2424 4012 2641 4063 Lesbiis

1558 4088 1688 4135 ante
1723 4084 1831 4132 iam
1874 4082 1982 4132 fuit
2016 4086 2315 4132 exstructa.
2388 4081 2470 4132 Ac
2512 4080 2643 4131 mul-

1556 4158 1647 4203 tos
1672 4152 2045 4216 Pelasgorum,
2085 4152 2179 4216 qui
2205 4151 2334 4201 olim
2367 4151 2517 4201 circa
2540 4150 2643 4215 Cy·

1559 4238 1683 4273 men
1710 4221 2122 4284 habitaverant,
2160 4220 2286 4271 inde
2319 4220 2507 4286 pulsos
2538 4219 2645 4268 huc
2746 4251 2760 4264 .

1561 4291 1717 4342 sedes
1767 4290 2118 4340 transtulisse
2159 4289 2280 4339 vult
2322 4288 2498 4340 Raoul
2539 4289 2644 4338 Ro-

1561 4361 1744 4411 chette
1787 4361 1827 4412 l.
1877 4359 1914 4410 l.
1960 4374 2088 4424 pag.
2133 4358 2222 4409 43.
2293 4358 2403 4409 Sed
2445 4356 2644 4410 Strabo

2142 4438 2223 4499 20
