3109 5092
350 894 431 955 75

442 402 562 467 166

1307 392 1846 458 HERODOTI

434 573 674 663 Ὅρκια
712 572 787 643 δὲ
832 574 1126 645 ποιέεται
1168 575 1378 641 ταῦτα
1418 568 1499 639 τὰ
1541 575 1751 639 ἔθνεα
1790 568 1871 638 τά
1915 584 2041 655 ’περ
2090 595 2160 637 τε
2182 563 2538 655 Ἕλληνες·
2613 566 2725 636 καὶ

442 677 607 767 πρὸς
631 675 958 761 τούτοισι,
1001 673 1210 746 ἐπεὰν
1250 672 1403 754 τοὺς
1430 679 1791 762 βραχίονας
1822 667 2271 761 ἐπιτάμωνται
2312 666 2378 751 ἒς
2415 668 2539 759 τὴν
2563 664 2722 756 ὁμο-

446 788 742 872 χροιῖην,
772 778 846 848 τὸ
874 773 1037 868 αἷμα
1063 777 1491 865 ἀναλείχουσι
1519 773 1850 866 ἀλλήλων.

612 887 867 953 Τοῦτον
908 881 993 971 δὴ
1035 873 1133 951 ὧν
1171 880 1289 951 τὸν
1321 877 1690 967 Ἀστυάγεα
1735 884 1996 968 Κῦρος,
2054 873 2249 946 ἐόντα
2296 876 2556 945 ἑωυτοῦ
2597 903 2722 962 μη-

444 986 852 1076 τροπάτορα,
880 982 1505 1074 καταστρεψάμενος
1534 989 1684 1071 ἔσχε
1715 980 1805 1051 δι’
1840 987 2096 1069 αἰτίην,
2137 976 2262 1067 τὴν
2289 975 2421 1066 ἐγώ
2451 975 2527 1047 ἐν
2555 993 2726 1047 τοῖσι

444 1089 661 1160 ὀπίσω
693 1090 947 1177 λόγοισι
988 1090 1319 1177 σημανέω.
1374 1084 1454 1155 τὰ
1483 1095 1770 1169 Κροῖσος
1800 1082 2336 1173 ἐπιμεμφόμενος
2373 1086 2467 1174 τῷ
2495 1080 2726 1173 Κύρῳ,

443 1201 513 1273 ἒς
552 1220 622 1262 τε
666 1190 747 1260 τὰ
788 1192 1151 1281 χρηστήρια
1191 1197 1478 1279 ἔπεμπε,
1532 1195 1595 1258 εἰ
1630 1189 2068 1276 στρατεύηται
2121 1182 2228 1255 ἐπὶ
2275 1187 2573 1269 Πέρσας,
2618 1185 2728 1253 καὶ

448 1294 533 1385 δὴ
573 1297 684 1366 καὶ
722 1292 1137 1384 ἀπικομένου
1176 1296 1476 1382 χρησμοῦ
1528 1292 1891 1382 κιβδήλου,
1955 1286 2227 1369 ἐλπίσας
2268 1286 2430 1375 πρὸς
2473 1290 2730 1356 ἑωυτοῦ

447 1398 568 1468 τὸν
608 1398 906 1486 χρησμὸν
939 1396 1147 1480 εἶναι,
1188 1394 1621 1482 ἐστρατεύετο
1663 1393 1731 1475 ἐς
1768 1394 1893 1485 τὴν
1919 1394 2246 1482 Περσέων
2288 1406 2551 1481 μοῖραν.
2617 1385 2730 1470 Ὡς

451 1502 525 1571 δὲ
569 1496 846 1570 ἀπίκετο
891 1498 1000 1570 ἐπὶ
1038 1498 1157 1569 τὸν
1190 1497 1406 1569 Ἀλυν
1446 1498 1744 1588 ποταμὸν
1801 1496 1837 1567 ὁ
1889 1508 2208 1587 Κροῖσος,
2260 1492 2336 1566 τὸ
2381 1498 2729 1575 ἐνθεῦτεν,

450 1667 589 1716 Nam
628 1658 1000 1726 §varmum
1049 1667 1116 1717 de
1159 1667 1407 1731 personis
1454 1682 1539 1715 so-

446 1736 579 1800 lum,
609 1751 795 1786 verum
842 1734 909 1785 de
943 1736 1103 1787 rebus
1142 1751 1357 1801 quoque
1386 1752 1540 1786 usur-

447 1811 626 1872 patur,
658 1806 755 1855 ubi
793 1810 878 1855 est
912 1820 1082 1869 posse,
1127 1808 1310 1856 solere.
1359 1811 1419 1855 ut
1462 1806 1540 1853 in-

450 1876 537 1925 fra
568 1875 696 1936 VII,
738 1875 825 1926 50.
866 1877 916 1937 §-
961 1875 1007 1926 1.
1036 1874 1120 1924 De
1155 1889 1261 1940 quo
1299 1874 1385 1924 Cr.
1417 1890 1540 1924 con-

450 1946 558 1995 fert
611 1946 732 1995 Ast.
794 1944 864 1994 ad
923 1943 1142 1994 Platon.
1199 1945 1332 1993 Rem
1389 1943 1539 2008 publ.

452 2030 580 2079 pag.
609 2014 732 2064 423.
762 2014 883 2064 548.
918 2012 1305 2077 Wyttenbacb.
1330 2014 1399 2062 ad
1419 2012 1542 2063 Pla-

452 2090 568 2133 ton.
641 2082 921 2132 Phaedon.
998 2098 1123 2147 pag.
1197 2084 1316 2132 272.
1400 2082 1539 2132 Add.

452 2151 871 2201 Winckelmann
930 2151 1001 2200 ad
1051 2151 1330 2201 Plutarch.
1390 2154 1540 2203 Erot.

451 2237 505 2285 p.
542 2221 661 2271 110.
697 2220 875 2270 Ideler
914 2219 981 2268 ad
1022 2220 1301 2270 Aristotel.
1339 2222 1544 2270 Meteo-

451 2288 627 2353 rolog.
668 2288 743 2348 ΙῙ,
778 2291 831 2350 2,
873 2288 927 2339 6.
964 2305 1017 2353 p.
1066 2290 1186 2339 508.
1220 2290 1545 2340 Doederlein

455 2358 636 2409 GlosS.
688 2357 962 2407 Homeric.
1020 2358 1098 2407 11.
1154 2375 1207 2423 p.
1265 2359 1392 2417 316,
1454 2361 1546 2423 qui

450 2432 735 2492 comparat
761 2426 962 2491 Odyss.
994 2427 1173 2485 XVII,
1201 2427 1320 2478 32²1.
1360 2429 1545 2492 Ipsam

455 2495 784 2547 sententiam
823 2496 1052 2546 afferunt
1079 2497 1367 2557 Stobaeus,
1403 2499 1545 2562 Apo-

456 2565 669 2629 stolius‚
716 2566 808 2616 alii
864 2565 1025 2631 paulo
1084 2572 1247 2617 antea
1298 2568 1544 2618 excitati.

453 2668 524 2677 -
560 2636 627 2685 In
690 2651 843 2701 seqq.
900 2636 969 2686 ad
1026 2636 1193 2685 verba
1237 2629 1414 2697 τάπερ
1475 2651 1567 2687 τε.

437 2695 708 2768 ’Έλληνες
741 2704 952 2755 consul.
990 2705 1189 2755 Matth.
1229 2705 1320 2757 Gr.
1358 2706 1451 2757 Gr.
1490 2706 1541 2768 §-

451 2774 575 2826 626.
626 2790 749 2839 pag.
806 2774 937 2824 1270
982 2774 1051 2823 ob
1096 2790 1254 2824 usum
1307 2777 1546 2839 particu-

456 2844 545 2893 lae
592 2857 649 2892 τε
698 2848 823 2907 post
880 2842 1137 2905 relativa,
1193 2860 1259 2894 ex
1306 2845 1542 2895 Homero

454 2912 548 3030 <Exi
575 2913 661 3028 :ld
710 2912 1332 3030 Hfigssdmgmptrffssfflf
1402 2912 1539 3030 Adg.

513 2995 711 3043 arng
862 2996 1539 3033 re.ar.....

452 3076 517 3084 —
559 3047 642 3097 Ad
680 3063 765 3097 res
813 3048 883 3098 ab
920 3048 1197 3099 Herodoto
1243 3050 1333 3100 hic
1370 2999 1546 3101 1tradi-

453 3122 539 3166 tas
584 3117 725 3180 quod
779 3122 1025 3180 spectare
1071 3120 1406 3169 contendunt
1441 3119 1543 3183 (cf.

453 3183 736 3235 Hamilton
783 3186 1012 3235 Travels
1060 3191 1167 3237 etc.
1222 3188 1270 3239 Ι.
1318 3205 1370 3252 p.
1420 3188 1541 3239 305.

455 3253 755 3305 Grotefend
808 3255 865 3304 in
909 3255 1188 3319 Goetting.
1227 3257 1344 3308 Gel.
1406 3258 1540 3308 Anz.

458 3324 611 3375 1843.
649 3341 702 3389 p.
743 3323 904 3386 2051)
943 3326 1205 3389 imagines
1241 3326 1365 3377 illas
1390 3342 1543 3378 sane-

454 3409 615 3459 quam
663 3393 895 3443 maxime
945 3394 1346 3459 memorabiles,
1404 3412 1543 3462 quae

452 3463 680 3528 rupibus
733 3463 938 3514 incisae
987 3469 1176 3515 nostra
1220 3470 1407 3516 aetate
1455 3466 1544 3517 de-

452 3538 635 3583 tectae
671 3538 799 3582 sunt
834 3533 890 3582 in
942 3533 1220 3597 faucibus,
1259 3552 1400 3601 quae
1436 3536 1543 3587 duo

453 3603 708 3652 milliaria
733 3603 942 3653 distant
976 3620 1008 3654 a
1041 3605 1226 3655 Pterio
1251 3604 1381 3671 (vid.
1416 3605 1543 3656 infr.

456 3687 575 3736 cap.
626 3669 722 3732 76)
759 3676 813 3721 et
860 3678 1127 3724 vocantur
1172 3675 1543 3737 [fusili-Kaia,

454 3741 491 3790 i.
545 3756 593 3790 e.
640 3756 800 3804 rupes
863 3741 1037 3792 literis
1081 3743 1407 3809 inscriptae,
1454 3760 1544 3794 ve-

454 3823 578 3858 reor
616 3813 679 3857 ut
725 3811 979 3860 assentiri
1026 3827 1238 3876 queam.
1297 3814 1545 3877 Namque

456 3876 514 3925 in
533 3876 619 3925 his
638 3877 986 3941 imaginibus,
1011 3895 1148 3944 quas
1170 3898 1312 3932 nunc
1337 3898 1547 3932 summa

459 3958 591 3993 cura
626 3944 927 3996 delineatas
965 3949 1210 3999 exhibuit
1245 3967 1311 4000 ac
1347 3951 1546 4001 descri-

457 4014 567 4077 psit
603 4014 799 4065 Texier
847 4014 1215 4082 (Description
1259 4019 1328 4069 de
1374 4020 1545 4072 l'Asie

459 4083 588 4131 min.
654 4083 701 4134 I.
759 4099 814 4148 p.
865 4085 968 4133 209
1017 4100 1164 4150 seqq.
1227 4088 1331 4137 222
1390 4103 1542 4154 seqq.

456 4150 682 4202 Planch.
731 4154 798 4203 75
827 4182 899 4192 —
922 4151 1040 4216 78),
1080 4154 1213 4204 nihil
1248 4156 1541 4221 quidquam

458 4219 706 4285 equidem
740 4221 986 4272 invenire
1029 4224 1213 4286 potui,
1251 4225 1395 4290 qnod
1430 4226 1541 4277 ullo

457 4290 618 4340 modo
678 4294 735 4340 et
794 4307 918 4341 cum
975 4292 1088 4342 ulla
1136 4293 1541 4357 probabilitatis

457 4358 638 4425 specie
682 4359 750 4411 ad
809 4376 998 4426 pacem
1056 4362 1198 4412 inter
1250 4362 1439 4413 Medos
1488 4370 1543 4415 et

455 4428 641 4495 Lydos
676 4429 869 4482 initam
906 4436 961 4481 et
1004 4432 1421 4497 procurantibus
1458 4434 1545 4485 Ci-

1641 1667 1799 1717 liciae
1851 1672 1907 1717 et
1953 1664 2293 1729 Babyloniae
2348 1665 2567 1727 regibus
2615 1678 2732 1713 mu-

1643 1738 1755 1787 tuis
1788 1738 1996 1802 nuptiis
2021 1735 2289 1785 firmatam
2312 1735 2502 1785 referri
2534 1734 2728 1799 possit.

1714 1813 1768 1871 ἔς
1817 1815 1923 1888 τὴν
1986 1812 2348 1885 ὁαοχροιΐην]
2406 1812 2729 1883 ὃμοχροιΐη,

1644 1891 1952 1957 explicante
2011 1890 2402 1953 wesseling-im
2462 1894 2546 1939 est
2608 1892 2735 1940 cutis

1642 1965 1952 2026 superficies,
1990 1964 2116 2011 cutis
2149 1977 2346 2009 swnma.
2387 1959 2540 2010 Idem
2576 1960 2733 2009 Taci-

1644 2037 1758 2082 tum
1791 2032 2006 2083 confert
2039 2029 2201 2079 simili
2249 2031 2306 2080 in
2348 2029 2455 2078 ritu
2495 2030 2732 2079 scriben-

1647 2106 1754 2153 tem
1806 2100 2008 2165 (Anall.
2057 2100 2184 2157 XII,
2234 2098 2373 2159 47.):
2422 2099 2568 2155 ..levi
2617 2099 2731 2148 ictu

1648 2188 1891 2222 cruorem
1930 2169 2211 2221 eliciunt.“
2285 2168 2421 2219 Add.
2465 2168 2729 2218 Herodot.

1647 2243 1742 2303 IV,
1797 2242 1885 2292 70.
1942 2240 2139 2303 Negris
2191 2239 2604 2301 interpretatur:
2654 2234 2734 2291 εἰς

1646 2303 1752 2374 τὴν
1789 2301 2146 2373 ἐπιφάνειαν.
2186 2309 2242 2358 Si
2285 2323 2573 2371 sequamur
2606 2309 2732 2357 Bre-

1645 2381 1773 2432 nov.
1825 2398 1876 2445 p.
1925 2379 2043 2429 127.
2091 2384 2147 2428 et
2196 2378 2334 2439 16⁶2„
2389 2377 2733 2427 scribendum

1648 2441 1984 2515 ὁμοχροίην.

1994 2618 2128 2669 cip.
2168 2618 2392 2668 LXXV.

1717 2732 1823 2805 τὴν
1861 2730 1965 2803 ἐγώ
2004 2729 2064 2787 ἔν
2099 2740 2246 2787 τοῖσι
2290 2727 2470 2786 ὀπίσω
2521 2726 2728 2797 λόγοισι

1649 2807 1931 2875 σημανέω]
1988 2800 2124 2863 τοὺς
2168 2798 2353 2855 ὀπίσω
2398 2797 2603 2866 λόγους
2651 2820 2735 2853 so-

1647 2879 1810 2929 lemni
1851 2878 1994 2941 apnd
2032 2877 2372 2927 Herodotum
2410 2874 2612 2924 citandi
2652 2888 2733 2922 ra-

1646 2951 1824 3009 tione,
1863 2946 2106 3009 intellige
2152 2946 2220 2996 de
2258 2946 2356 3003 iis,
2402 2959 2542 3008 quae
2591 2943 2733 2993 infra

1648 3023 1956 3079 narrantur,
1995 3017 2100 3066 hoc
2133 3016 2254 3080 ipso
2301 3015 2441 3064 libro
2479 3029 2601 3078 cap.
2633 3013 2732 3063 107

1648 3104 1800 3153 seqq.

1719 3168 1773 3223 εί
1818 3161 2205 3234 στρατεύηται]
2261 3168 2421 3220 Conf.
2473 3172 2616 3219 nott.
2664 3167 2732 3217 ad

1647 3244 1693 3299 Ι,
1741 3243 1827 3293 53.
1887 3243 1970 3292 Ex
2021 3256 2127 3305 qno
2181 3242 2363 3303 patet,
2418 3238 2559 3288 male
2609 3242 2735 3298 post

1647 3307 1871 3370 Πέρσας
1932 3327 1965 3361 a
2022 3309 2343 3374 quibusdam
2404 3308 2531 3359 addi
2575 3303 2732 3367 εἰρω-

1646 3379 1803 3431 τέων.
1851 3411 1921 3420 -
1965 3381 2048 3430 De
2092 3394 2226 3430 voce
2273 3374 2542 3444 κίβδηλος
2587 3377 2731 3428 conf.

1648 3456 1787 3502 nott.
1824 3452 1895 3501 ad
1937 3450 1983 3510 Ι,
2021 3448 2106 3500 66.

1719 3529 1948 3593 ἐλπίσας
1973 3550 2014 3583 π
2032 3525 2147 3591 οὸς
2178 3522 2395 3583 ἕωυτο
2413 3529 2448 3581 ῦ
2476 3523 2577 3580 τὸν
2602 3548 2732 3594 χρη-

1651 3598 1794 3667 σμὸν
1830 3597 2034 3661 εἶναι]
2067 3604 2104 3654 i.
2145 3619 2191 3654 e.
2246 3611 2392 3654 ratus
2427 3601 2526 3653 siba·
2554 3603 2735 3663 favere

1648 3678 1920 3727 oraculum.
1958 3675 2098 3724 Nam
2120 3664 2266 3721 εἶναι
2303 3662 2447 3727 πρός
2481 3686 2635 3720 τινος
2651 3677 2735 3721 est

1647 3746 1712 3795 ab
1750 3747 1962 3795 alicuius
1993 3742 2226 3807 partibus
2260 3749 2427 3799 stare,
2471 3744 2623 3792 alicui
2648 3743 2735 3803 fa-

1646 3831 1765 3865 vere
1781 3819 1984 3879 eiusque
1996 3812 2255 3862 commodis
2269 3813 2547 3863 consulere.
2576 3810 2732 3860 Conf.

1648 3885 1846 3935 similia
1870 3884 1916 3938 Ι.
1945 3883 2065 3934 120.
2106 3879 2312 3945 (ibique
2341 3879 2508 3935 nott.)
2537 3880 2582 3935 Ι,
2612 3881 2732 3933 124.

1645 3954 1774 4011 VII.
1816 3953 1935 4005 153.
1988 3951 2193 4017 (ibique
2235 3948 2400 4011 nott.)
2449 3949 2607 4009 vm,
2644 3952 2730 4001 22.

1648 4027 1703 4073 et
1736 4023 1892 4083 VIII,
1930 4021 2015 4072 60.
2054 4024 2105 4079 ξ.
2143 4021 2194 4069 2.
2232 4049 2303 4058 —-
2340 4019 2404 4068 In
2428 4033 2578 4083 seqq.
2613 4036 2733 4069 cnm

1646 4092 1822 4144 Gaisf.
1872 4108 1902 4142 e
1947 4089 2259 4141 melioribus
2317 4087 2470 4137 libris
2519 4089 2736 4152 reposui

1644 4163 1855 4223 μοῖοαν
1896 4176 1994 4225 pro
2041 4156 2268 4221 ιιοίρην.
2324 4157 2449 4207 Vid.
2500 4158 2731 4208 Bredov.

1644 4247 1697 4295 p.
1742 4230 1858 4281 132.
1916 4229 2202 4280 Caeterum
2240 4218 2296 4282 ἐς
2328 4219 2435 4289 τὴν
2469 4224 2736 4285 Περσέων

1643 4301 1852 4363 μοῖραν
1883 4298 1973 4349 hic
2001 4298 2170 4349 valet:
2203 4301 2255 4347 in
2281 4296 2558 4346 Persarum
2591 4298 2735 4347 ditio-

1643 4384 1751 4418 nem
1786 4385 1831 4418 s.
1863 4371 2009 4429 fines.
2086 4367 2171 4416 Of.
2210 4381 2374 4418 snpra
2403 4365 2447 4423 Ι,
2486 4365 2553 4411 73
2592 4370 2647 4415 et
2684 4368 2730 4423 1.
2777 4412 2786 4419 ,

1645 4439 1730 4489 82.
1764 4438 1842 4500 11,
1866 4438 1981 4489 147.
2005 4436 2071 4499 V,
2095 4437 2179 4485 57.
2206 4435 2336 4495 v11,
2361 4433 2619 4497 01.V111‚
2643 4433 2731 4486 23.
