3109 5092
552 359 675 421 852
1337 355 1885 419 Excessus
1932 326 2033 417 vt

550 533 768 589 Latinis
817 530 1183 601 scriptoribus
1237 531 1517 600 Canopus,
1578 526 1812 580 Graecis
1862 529 2138 595 Canobus,
2200 541 2345 595 quae
2398 525 2469 579 ad
2525 530 2861 579 extreman

551 617 790 687 Aegypti
841 633 988 669 oram
1032 614 1358 669 occidentem
1401 629 1604 665 versus
1635 611 1774 681 sita,
1824 612 1929 665 soli
1966 610 2256 665 fertilitate
2296 628 2409 664 non
2441 612 2629 664 minus
2664 628 2857 681 quam

551 702 867 757 commercio
913 700 1035 753 olim
1065 699 1173 752 fuit
1200 697 1470 767 insignis,
1513 715 1633 750 cum
1664 715 1765 766 per
1795 697 2133 767 Canopicum
2168 695 2372 749 ostium
2401 695 2579 748 solum
2611 697 2853 750 exteris

546 788 758 841 intrare
796 786 1014 838 licuerit
1050 785 1107 837 in
1141 785 1469 853 Aegyptum.
1533 784 1612 834 Ac
1650 781 1737 835 vel
1785 790 1915 852 post
1958 781 2341 834 Alexandriam
2383 782 2661 834 conditam
2708 780 2851 834 loeo

551 891 659 925 non
698 871 857 923 valde
887 876 1092 923 remoto
1123 870 1259 921 urbs
1293 867 1495 937 templo
1513 865 1815 935 Serapidis,
1852 865 2028 919 sacris
2062 866 2631 936 incubationibusque
2663 865 2850 918 valde

548 956 783 1009 illustris
819 955 945 1007 fuit.
1014 956 1180 1006 Nunc
1209 969 1385 1023 pauca
1417 953 1677 1005 ruderum
1712 951 1952 1019 vestigia
1986 968 2019 1002 a
2049 950 2226 1003 Gallis
2260 950 2439 1003 doctis
2470 951 2697 1004 detecta
2736 968 2848 1003 ur-

550 1041 636 1094 bis
672 1040 881 1095 veteris
913 1039 1091 1091 locum
1123 1044 1420 1106 occupant,
1459 1037 1625 1089 horae
1653 1036 1873 1088 dimidio
1901 1042 2109 1089 remota
2138 1053 2171 1087 a
2198 1035 2318 1088 loco
2344 1035 2633 1088 Gallorum
2669 1035 2845 1088 clade

549 1125 761 1193 insigni
793 1124 1036 1190 Abukir,
1082 1123 1414 1176 occidentem
1456 1138 1658 1174 versus
1699 1121 2092 1191 proficiscenti.
2151 1120 2445 1174 Brachium
2480 1121 2843 1191 Canopicum

546 1210 685 1262 locis
726 1208 1105 1262 adiacentibus
1154 1215 1211 1261 et
1249 1207 1669 1261 Heracleoticum
1715 1206 2024 1275 appellatur
2076 1212 2132 1257 et
2177 1205 2582 1260 Nam-raficum.
2655 1205 2841 1275 Apud

549 1293 912 1346 Ptolemaeum
955 1299 1183 1345 vocatur
1217 1285 1454 1359 Ἀγαθός
1491 1292 1734 1360 dociacum
1794 1291 1943 1360 quod
1978 1308 2203 1357 nomen,
2242 1290 2292 1341 si
2321 1307 2494 1359 penes
2527 1290 2839 1359 champol-

547 1378 746 1431 lionem
783 1377 921 1429 fides
967 1376 1044 1446 (l.
1079 1377 1115 1428 l.
1158 1395 1212 1446 p.
1252 1381 1323 1434 23
1353 1377 1545 1445 seq.)‚
1592 1375 1869 1444 Aegyptio
1910 1375 2116 1428 nomini
2152 1377 2456 1445 Schetnmqfi
2496 1375 2835 1444 respondet,

550 1478 661 1531 quo
697 1462 820 1531 ipso
855 1462 955 1513 hoc
984 1460 1265 1512 brachium
1299 1478 1331 1512 a
1367 1460 1650 1513 veteribus
1688 1459 1980 1528 Aegyptiis
2010 1460 2307 1511 indicatum
2338 1459 2527 1525 fuerit,
2563 1477 2837 1529 praeser-

547 1547 641 1600 tim
696 1562 815 1598 cum
867 1546 1053 1597 eadem
1095 1544 1202 1596 vici
1249 1545 1531 1597 cuiusdam
1579 1544 1801 1595 brachio
1848 1544 1973 1596 huic
2019 1544 2322 1597 adiacentis
2373 1543 2450 1595 sit
2503 1543 2831 1613 appellau‘o.

549 1631 870 1683 Schetnoufi
913 1629 1055 1683 enim
1085 1629 1175 1682 ille
1219 1629 1340 1681 vult
1371 1629 1768 1699 Aegyptiorum
1806 1646 2055 1681 sermone
2098 1629 2318 1681 valeret
2360 1630 2535 1682 bonne
2561 1631 2830 1695 braunche,

546 1718 721 1769 bonne
761 1716 993 1768 division.
1055 1716 1142 1767 Ex
1173 1715 1453 1783 Canopico
1491 1714 1633 1766 ostio
1665 1712 1816 1765 aliud
1849 1712 2125 1765 brachium
2174 1714 2439 1766 orientem
2471 1730 2674 1766 versus
2709 1731 2829 1765 non

549 1799 740 1871 procul
771 1801 839 1851 ab
873 1800 996 1869 ipso
1027 1799 1161 1852 mari
1192 1815 1365 1868 prope
1394 1798 1664 1851 Deirouth
1709 1797 2013 1850 derivatum
2061 1804 2209 1863 erat,
2261 1799 2580 1852 Bolbitinum
2611 1816 2660 1850 s.
2698 1797 2825 1851 301-

547 1887 757 1940 beticum
798 1884 948 1953 quod
995 1883 1374 1954 appellabatur
1415 1884 1483 1935 ab
1525 1884 1690 1950 urbe,
1737 1898 1897 1949 quam
1946 1883 2394 1951 praeterfluebat.
2471 1881 2827 1935 Ptolemaeus

551 1971 697 2023 hunc
737 1968 974 2022 canalem
1017 1975 1179 2021 vocat
1213 1970 1376 2037 Taly,·
1425 1985 1565 2036 quae
1601 1964 1746 2019 haud
1782 1967 1900 2019 scio
1944 1985 2013 2019 an
2047 1984 2178 2020 vera
2208 1967 2607 2036 Aegyptiorum
2644 1967 2827 2020 fuerit

549 2053 936 2107 denominatio.
1004 2054 1171 2105 Nunc
1207 2054 1372 2105 hocce
1407 2052 1718 2117 brachium,
1752 2052 1899 2119 quod
1931 2052 2054 2103 olim
2087 2051 2388 2103 invalidum
2416 2051 2542 2117 fuit,
2581 2053 2827 2104 omnium

550 2141 730 2191 fertur
756 2137 1181 2204 validissimum3
1238 2139 1587 2191 Rosettanum
1624 2136 1794 2202 vulgo
1836 2136 2040 2188 dicitur
2066 2144 2296 2205 propter
2339 2137 2527 2189 urbem
2562 2135 2821 2201 Rosette,

553 2223 646 2275 ubi
687 2222 820 2274 mari
851 2220 1127 2273 miscetur.
1190 2220 1314 2272 Vid.
1352 2221 1424 2272 du
1466 2221 1801 2287 Bois-Ayme
1841 2239 1896 2290 p.
1920 2225 2043 2279 284.
2102 2220 2279 2273 Vetus
2312 2220 2651 2289 Canopicum
2691 2222 2824 2272 bra-

550 2306 725 2357 chium
761 2321 908 2356 nunc
936 2304 1137 2357 siccum
1169 2312 1255 2356 est
1289 2304 1580 2374 rariusque
1612 2304 1727 2357 Nili
1761 2305 1919 2373 aquis
1950 2305 2225 2374 impletur,
2258 2305 2387 2357 licet
2417 2305 2540 2357 eius
2574 2305 2825 2373 vestigia

549 2395 804 2442 accurate
835 2389 1095 2458 persequi
1127 2388 1288 2440 liceat·
1311 2386 1388 2454 ¹⁰³).
1444 2388 1568 2440 Vid.
1602 2389 1673 2441 du
1710 2389 2045 2457 Bois—Ayme
2075 2390 2110 2441 l.
2142 2387 2180 2441 l.
2212 2394 2525 2458 p.281seq.
2575 2388 2821 2441 Rennel.

547 2473 584 2526 l.
621 2474 656 2525 l.
689 2492 744 2543 p.
774 2477 880 2531 614
908 2490 1065 2542 seqq.
1110 2474 1392 2525 Mannert.
1427 2472 1462 2525 l.
1496 2472 1530 2525 l.
1572 2477 1748 2542 μυί-»40
1779 2491 1936 2543 seqq.
1980 2474 2181 2526 Ritter.
2216 2474 2524 2526 Erdkunde
2546 2474 2591 2524 Ι.
2625 2492 2680 2543 p.
2710 2478 2823 2533 816

549 2576 668 2628 seq.
730 2558 890 2621 Quae
928 2575 1045 2611 cum
1080 2557 1156 2610 ita
1181 2576 1243 2611 se
1273 2559 1532 2624 habeant,
1584 2560 1931 2613 Rusellanum
1962 2559 2191 2610 fluvium
2228 2558 2283 2609 in
2319 2560 2571 2629 Canopici
2612 2558 2825 2611 veteris

549 2644 726 2696 locum
754 2660 902 2695 nunc
930 2643 1271 2696 successisse
1301 2643 1467 2711 vulgo
1498 2650 1732 2711 ponunt.
2640 2705 2645 2709 ‚

718 2728 966 2780 Tertium
1009 2727 1125 2780 Nili
1170 2727 1474 2794 brachium,
1523 2728 1757 2780 omnium
1796 2729 1914 2779 fere
1955 2727 2266 2793 maximum,
2310 2728 2703 2795 Sebennyticum
2749 2727 2822 2778 ab

549 2810 832 2866 Herodoto
885 2812 1220 2882 appellatur,
1280 2813 1428 2881 quod
1477 2811 1640 2863 Delta
1686 2812 1920 2864 medium
1970 2811 2256 2865 dissecans
2315 2813 2371 2864 in
2429 2812 2609 2881 ipsius
2652 2811 2821 2864 Delta

550 2898 704 2967 apice
744 2895 1163 2966 septentrionali
1206 2897 1261 2948 in
1305 2913 1452 2949 mare
1488 2896 1712 2964 effluat,
1756 2902 2042 2965 postquam
2079 2898 2265 2949 urbem
2299 2898 2485 2949 Buton
2527 2896 2819 2965 lacumque

547 2981 915 3049 praeterierit.
975 2979 1142 3042 Quod
1170 2980 1218 3031 si
1248 2980 1556 3049 antiquitus
1586 2997 1781 3033 revera
1802 2980 1911 3032 tale
1942 2981 2051 3033 fuit
2080 2985 2211 3051 (nec
2241 2980 2408 3033 ullum
2438 2981 2623 3033 obstat
2653 2981 2819 3033 testi-

547 3064 802 3129 monium,
841 3079 951 3131 quo
974 3064 1152 3114 minus
1177 3065 1519 3130 credamus),
1553 3065 1727 3133 ipsam
1752 3065 1991 3117 locorum
2015 3072 2264 3117 naturam
2292 3066 2563 3135 fluviique
2591 3081 2818 3118 cursum

550 3154 775 3218 postera
812 3152 992 3199 aetate
1028 3146 1188 3198 valde
1221 3154 1482 3200 mutatum
1524 3166 1651 3200 esse
1693 3153 1908 3201 statuas
1951 3168 2177 3202 necesse
2222 3150 2347 3203 erit.
2408 3149 2517 3203 Ubi
2560 3149 2703 3202 enim
2748 3167 2818 3203 ex

549 3231 820 3284 Herodoti
847 3237 1025 3283 mente
1043 3231 1449 3298 Sebennyticus
1471 3232 1679 3285 fluvius
1703 3234 1759 3285 in
1784 3250 1929 3286 mare
1963 3234 2167 3287 exiisse
2195 3233 2475 3304 putandus
2506 3241 2611 3299 est,
2643 3251 2817 3301 nune,

550 3334 692 3387 quae
725 3315 929 3369 dudum
957 3324 1222 3384 stagnosa
1256 3317 1414 3369 fuere
1449 3317 1567 3369 loca
1604 3325 1770 3387 atque
1803 3317 2100 3388 paludosa,
2143 3318 2200 3371 in
2236 3335 2403 3371 unum
2438 3321 2606 3371 ferme
2640 3318 2821 3371 lacum

551 3421 600 3455 s.
625 3402 876 3472 paludem
909 3419 1177 3455 conversa
1213 3407 1376 3469 sunt,
1415 3403 1504 3457 cui
1538 3419 1732 3454 nomen
1758 3402 1961 3455 Brulos
1992 3403 2133 3473 (vid.
2161 3408 2299 3455 nott.
2324 3404 2392 3455 ad
2415 3404 2489 3469 ΙΙ,
2512 3410 2633 3462 155.
2664 3406 2815 3471 156).

551 3487 764 3539 Nomen
799 3486 1158 3555 Sebennytici
1192 3486 1348 3539 fluvii
1383 3488 1451 3540 ab
1486 3488 1621 3539 urbe
1655 3489 1946 3556 Schennyto
1990 3492 2170 3559 (nunc
2192 3487 2543 3540 Samannr‘oud
2579 3487 2815 3553 dicitur)

551 3573 772 3625 ductum
809 3576 1010 3641 putem.
1067 3571 1267 3624 Strabo
1302 3572 1466 3624 huius
1505 3572 1631 3624 ostii
1668 3572 1909 3625 meminit
1947 3589 2057 3625 una
2087 3589 2205 3625 cum
2242 3574 2498 3627 Phaenica
2516 3568 2611 3639 **)
2646 3572 2816 3641 ostio,

687 3754 740 3820 *)
778 3757 931 3818 Quae
969 3759 1166 3805 exeunt
1191 3770 1332 3804 nunc
1360 3769 1393 3803 a
1419 3753 1545 3804 lacu
1567 3753 1712 3803 Etko
1748 3753 1837 3805 vel
1862 3757 2029 3805 etiam
2068 3770 2101 3804 a
2121 3755 2247 3805 lacu
2268 3754 2515 3805 Aboukir
2548 3754 2621 3804 ad
2644 3769 2816 3817 mare,

549 3824 621 3873 ad
654 3823 758 3875 hoc
794 3823 1078 3875 brachium
1113 3825 1242 3874 olim
1277 3825 1611 3889 pertinuisse
1647 3824 1863 3875 iudicat
1888 3825 2168 3877 Wheeler:
2204 3823 2530 3890 Geography
2566 3823 2627 3873 of
2636 3823 2815 3875 Hero-

549 3894 664 3942 dut·
687 3894 1009 4025 g)3863·abo
1032 3961 1321 4013 Phoenicum
1356 3963 1491 4015 dicit
1533 3964 1753 4025 ostium,
1792 3963 1936 4028 quod
1974 3963 2073 4013 alii
2108 3963 2411 4013 Phatneicum
2448 3963 2564 4014 sive
2596 3960 2812 4012 Phatni-

547 4032 716 4085 ticum‚
756 4030 855 4079 alii
890 4032 969 4095 (in
1009 4032 1202 4095 quibus
1222 4032 1590 4098 Ptolemaeus)
1630 4033 2014 4083 Phathmeticum
2048 4038 2269 4083 vocant.
2328 4033 2453 4083 Vid.
2476 4028 2808 4096 Wesseling.

549 4100 621 4149 ad
657 4098 878 4149 Diodor.
918 4100 1024 4149 Sic.
1064 4102 1110 4161 Ι,
1151 4100 1233 4150 33.
1274 4102 1692 4154 Schlichthorst.
1728 4102 1767 4153 l.
1804 4103 1841 4152 l.
1883 4119 1935 4168 p.
1976 4100 2061 4153 36.
2102 4129 2166 4137 —
2204 4103 2591 4153 Pleachmeticmn
2616 4116 2810 4152 verum

548 4168 694 4233 apud
731 4169 1031 4233 Aegyptios
1078 4171 1211 4220 ostii
1256 4188 1452 4223 nomen
1496 4173 1669 4224 fuisse
1719 4174 1877 4237 ponit
1914 4169 2215 4236 Champoll.
2266 4172 2302 4223 l.
2339 4172 2375 4221 l.
2414 4187 2467 4236 p.
2512 4172 2599 4230 17;
2658 4171 2807 4234 quod

548 4238 848 4304 Coptarum
897 4238 1071 4288 literis
1109 4240 1158 4289 si
1194 4243 1493 4303 scribatur,
1541 4246 1699 4293 sonet
1734 4240 2035 4303 ΡΙιαιΙιηιὲεἰ,
2072 4242 2108 4290 i.
2148 4258 2194 4292 e.
2230 4244 2279 4291 le
2314 4240 2488 4306 (bras)
2526 4241 2594 4289 du
2623 4242 2812 4297 milicie,-

546 4324 664 4359 eum
700 4308 866 4359 hocce
891 4307 1172 4358 brachium
1209 4310 1441 4361 medium
1478 4314 1621 4361 inter
1645 4329 1740 4363 sex
1776 4311 1990 4375 reliqua
2030 4311 2362 4361 inveniatur.
2404 4337 2471 4345 —-
2507 4309 2800 4360 Caeterum

546 4377 611 4426 de
647 4379 899 4429 dissensu
936 4378 1208 4428 Herodoti
1252 4384 1418 4444 atque
1457 4381 1773 4443 Strabonis,
1827 4383 1923 4447 qui
1962 4397 2029 4430 ex
2062 4382 2273 4429 mutato
2324 4380 2480 4430 fluvii
2515 4395 2680 4430 cursu
2716 4395 2809 4429 ex-

541 4446 741 4511 plicari
774 4448 1001 4511 debeat,
1038 4449 1248 4499 monuit
1285 4465 1500 4516 quoque
1543 4452 1615 4500 du
1650 4449 1981 4516 Bois-Ayme
2016 4448 2119 4499 1.1.
2158 4465 2212 4514 p.
2252 4449 2358 4501 289
2393 4463 2508 4513 seq.
