3109 5092
1096 332 1595 394 EUTERPE.
1640 332 1724 391 H.
1774 342 1893 396 148.
2510 333 2627 392 771

356 501 528 596 άκοῇ
555 503 1059 593 παραλαβόντες
1093 508 1377 593 λέγομεν
1396 527 1410 540 ·
1458 503 1539 574 τά
1569 505 1643 575 δὲ
1676 503 1854 589 ἅνω,
1899 505 2137 593 μέζονα
2163 501 2632 593 άνθρωπηΐων

357 614 610 695 ἔργων,
647 603 840 675 αὐτοὶ
870 601 1189 697 (ὁρέομεν.
1267 615 1346 678 αἴ
1366 635 1436 677 τε
1463 607 1593 696 γάρ
1622 612 1836 690 ἔξοδοι
1879 606 1993 677 διὰ
2020 613 2159 678 τῶν
2187 611 2482 695 στεγέων
2517 610 2631 677 καὶ

356 716 425 779 οἱ
447 712 702 799 ἑλιγμοὶ
737 708 850 779 διὰ
877 715 1015 779 τῶν
1044 708 1311 781 αὐλέων
1340 711 1562 792 ἐόντες
1590 709 2080 795 ποικιλώτατοι,
2108 717 2356 799 θῶυμα
2383 717 2631 799 μυρίον

358 821 754 902 παρείχοντο
795 816 862 894 ἐξ
902 811 1111 902 αὐλῆς
1146 842 1218 884 τε
1262 817 1328 895 ἐς
1354 812 1434 884 τά
1474 813 1802 905 οἰκήματα
1848 817 2202 900 διεξιοῦσι,
2249 815 2362 882 καὶ
2390 816 2463 881 ἐκ
2491 818 2630 881 τῶν

358 916 743 1005 οἰκημάτων
772 919 838 995 ἐς
866 917 1240 1002 παστάδας,
1281 922 1347 997 ἐς
1377 920 1614 1005 στέγας
1640 945 1713 987 τε
1742 915 1949 997 α”λλας
1979 920 2051 986 ἐκ
2077 923 2216 987 τῶν
2241 916 2627 1000 παστάδων,

356 1022 468 1089 καὶ
502 1024 567 1099 ἐς
594 1016 804 1100 αὐλάς
842 1016 1047 1100 ἄλλας
1075 1023 1148 1090 ἐκ
1177 1025 1314 1089 τῶν
1339 1021 1743 1110 οἰκημάτων.
1799 1017 2015 1111 ὀροφὴ
2046 1015 2121 1090 δὲ
2151 1020 2429 1089 πάντων
2469 1018 2625 1087 τού-

356 1150 495 1192 των
521 1130 784 1210 λιθίνη,
831 1122 1129 1210 κατάπερ
1157 1129 1228 1193 οί
1245 1140 1451 1212 τοῖχοι
1473 1176 1491 1210 ,
1532 1130 1602 1194 oc
1625 1124 1699 1192 δὲ
1739 1139 1946 1210 τοῖχοι
1987 1122 2224 1192 τύπων
2254 1127 2624 1210 ἐγγεγλυμ-

356 1227 580 1314 μένων
632 1228 819 1295 πλέοι
840 1277 858 1310 ,
932 1223 1105 1315 αὐλὴ
1163 1227 1238 1296 δὲ
1296 1227 1533 1316 ἑκάστη
1606 1233 2036 1316 περίστυλος,
2109 1233 2314 1295 λίθου
2377 1229 2627 1294 λευκοῦ
2669 1299 2685 1309 ,

426 1388 498 1440 αἶ’
522 1405 578 1440 τε
631 1382 737 1454 γάρ
780 1385 973 1449 ἔξοδοι
1017 1384 1116 1440 διὰ
1158 1390 1274 1442 τῶν
1322 1406 1440 1442 στε-

356 1453 528 1524 γέων,
565 1458 663 1509 καὶ
699 1452 759 1509 οἱ
791 1450 1006 1524 ἑλιγμοὶ
1031 1477 1082 1510 ιι.
1110 1477 1158 1511 τ.
1188 1461 1261 1527 λ.]
1300 1462 1442 1513 Scri-

355 1530 438 1579 bit
487 1530 874 1610 Wyttenbach.
914 1531 1139 1581 Selectt.
1198 1531 1326 1582 hist.
1385 1548 1437 1595 p.

357 1599 484 1650 356:
527 1601 760 1662 „Partes
795 1591 973 1663 αὐλῆς
997 1605 1126 1650 sunt
1159 1593 1443 1657 παστάδες

356 1674 410 1717 et
446 1636 688 1733 ἕλιγμοίι
739 1674 923 1733 partes
961 1667 1156 1733 στέγης
1194 1675 1322 1719 sunt
1359 1664 1443 1719 οἰ-

354 1730 574 1802 κήματα
621 1744 675 1788 et
724 1736 994 1798 διέξοδοι.
1068 1739 1235 1788 Aulae
1287 1743 1442 1789 erant

357 1808 670 1870 duodecim,
725 1807 1059 1872 totidemque
1094 1816 1231 1858 tecta
1265 1809 1441 1886 aedeffi-

355 1880 435 1925 οἱα
481 1873 698 1940 στέγαιε
751 1892 818 1925 ex
866 1878 986 1926 aula
1036 1892 1131 1942 per
1182 1867 1446 1940 ἑλιγμοὺς

354 1950 596 1996 volumina
652 1947 869 2006 viarum,
922 1961 1019 2010 per
1068 1948 1335 2010 anfractus
1389 1950 1443 1995 et

355 2031 536 2064 curvus
580 2018 698 2065 vias
741 2012 1013 2079 [passages
1046 2023 1286 2066 tortueuae
1325 2030 1443 2064 ver-

358 2086 426 2133 tit
461 2083 720 2134 Larcher.
790 2084 945 2162 Apud
985 2085 1306 2135 Strabonem
1352 2100 1442 2134 ex·

358 2158 498 2203 stat.
540 2146 758 2201 σκολιαὶ
793 2144 947 2217 ὁδοί]
986 2155 1348 2205 accedebatur
1371 2152 1443 2202 ad

356 2215 664 2303 παστάδας,
703 2222 742 2272 i.
774 2237 820 2272 e.
852 2226 991 2272 ate-ia
1030 2222 1254 2287 στέγης,
1293 2223 1445 2273 dein-

357 2307 483 2357 ceps
506 2292 561 2341 in
578 2259 875 2356 οἰκήματα,
897 2295 1172 2352 conclavia,
1188 2308 1283 2357 per
1303 2307 1444 2358 quae

357 2365 513 2411 erant
557 2363 669 2410 viae
707 2369 909 2424 rectae,
958 2367 1105 2412 certe
1141 2366 1312 2412 exitus
1347 2377 1442 2411 non

354 2432 636 2481 voluminum
685 2432 876 2493 instar,
943 2426 1216 2506 διέξοδοι.
1233 2432 1268 2458 “
1360 2431 1441 2480 De

357 2502 490 2550 aeele‘s
540 2515 706 2564 snpra
751 2499 1007 2560 diximu33
1069 2515 1170 2558 τας
1225 2494 1438 2563 στέγας,

356 2585 452 2633 per
485 2584 621 2634 quas
667 2568 890 2619 fuerunt
937 2535 1146 2632 ex’itus,
1195 2569 1441 2646 equidem

356 2654 463 2688 non
508 2638 646 2688 alias
693 2639 864 2688 fuisse
901 2638 1120 2689 credam
1164 2645 1330 2705 atque
1376 2630 1445 2686 τὰ

359 2698 670 2770 οἰκήματα,
709 2722 849 2772 quae
884 2707 1046 2771 paulo
1081 2713 1248 2758 antea
1282 2707 1440 2770 dixit,

358 2776 522 2826 cellas
573 2776 845 2839 singulas,
899 2792 1042 2840 quae
1089 2777 1142 2827 h.
1189 2777 1223 2827 1.
1275 2791 1445 2841 oppo-

356 2849 559 2895 nuntur
593 2844 753 2895 aulis.
802 2846 893 2895 Sic
917 2846 1060 2894 infra
1083 2846 1164 2908 11,
1196 2848 1294 2897 175
1320 2861 1447 2910 pro-

358 2915 563 2964 miscue
586 2914 884 2964 adhibitum
911 2915 1157 2966 videmus
1182 2931 1216 2966 a
1239 2916 1442 2967 Nostro

358 2982 570 3048 οἴκημα
617 2988 782 3049 atque
831 2977 1033 3052 στέγην
1088 2985 1158 3035 ad
1216 2984 1442 3035 eandem

355 3070 466 3103 rem
511 3053 922 3116 declarandam,
978 3053 1269 3120 multisque
1320 3054 1442 3105 aliis

353 3123 489 3173 locis
511 3139 696 3173 vocem
720 3121 932 3187 στέγης,
961 3139 1069 3189 qua
1089 3130 1294 3175 tectum
1323 3140 1443 3189 pro-

354 3194 468 3256 prie
506 3193 870 3257 significatur,
917 3194 984 3243 de
1028 3195 1223 3259 quovis
1258 3193 1445 3245 aedifi-

358 3262 441 3312 cio
472 3278 518 3312 s.
548 3261 795 3312 conclavi
836 3267 979 3313 tecto
1017 3264 1266 3314 adhiberi
1303 3264 1440 3313 satis

357 3335 599 3379 constat·
639 3331 750 3381 vid.
788 3331 953 3382 Thes..
991 3333 1057 3383 L.
1097 3334 1190 3384 Gr.
1225 3333 1440 3396 V11.p.

355 3399 460 3449 686
510 3399 694 3463 ibique
743 3399 991 3450 Dindorf.
1028 3431 1095 3440 —-
1149 3395 1443 3458 παστάδας

357 3473 411 3517 et
449 3467 500 3517 h.
541 3466 578 3517 l.
627 3473 682 3517 et
718 3467 948 3529 11,169
991 3468 1057 3518 de
1106 3472 1242 3518 atrio
1287 3469 1445 3519 intel-

356 3536 605 3596 lexerim3
643 3551 772 3584 nos·
817 3538 1077 3589 Vorhalle.
1138 3537 1296 3587 Conf.
1331 3539 1444 3587 lau-

357 3605 487 3655 data
523 3620 557 3654 a
591 3604 842 3654 Creuzer.
870 3605 928 3653 in
953 3605 1197 3669 Symbol.
1223 3606 1300 3656 11.
1324 3623 1378 3670 p.
1408 3607 1442 3656 8

357 3680 496 3726 nott.
534 3674 621 3724 ed.
656 3678 785 3724 tert.
843 3674 1146 3724 Larcherus
1182 3673 1322 3724 hanc
1353 3691 1444 3726 vo-

357 3761 471 3794 cem
528 3744 939 3808 interpretatur:
998 3742 1311 3809 „l'espace,
1373 3759 1444 3794 ou

355 3814 535 3879 plutdt
588 3814 667 3863 les
715 3814 856 3864 deux
912 3814 1043 3864 tiers
1092 3813 1159 3863 de
1204 3812 1443 3878 l'espace

359 3885 448 3948 qui
488 3888 573 3933 est
606 3888 758 3933 entre
791 3882 869 3932 les
891 3883 1114 3945 antes,“
1155 3884 1334 3946 prouti
1370 3882 1444 3933 le-

355 3955 504 4016 gitur
538 3952 681 4017 apud
700 3952 917 4002 Vitruv.
948 3952 1012 4002 de
1039 3951 1325 4003 architect.
1344 3953 1439 4014 VI,

364 4023 451 4083 10,
500 4021 567 4071 de
612 4036 717 4086 quo
764 4021 885 4072 loco
933 4021 1182 4072 conferas
1222 4021 1443 4072 Schnei-

355 4091 470 4140 der.
510 4091 563 4139 in
587 4091 833 4155 epimetr.
871 4091 942 4141 ad
963 4091 1211 4156 Xenoph.
1241 4092 1443 4142 Memo-

355 4160 509 4209 rabb.
556 4175 611 4223 p.
656 4160 758 4209 285
806 4175 987 4225 seqq.,
1036 4162 1130 4225 qui
1177 4160 1443 4226 porticum

354 4233 484 4278 ante
503 4227 665 4278 aedes
686 4226 990 4293 intelligere
1009 4229 1244 4279 videtur.
1284 4229 1442 4294 Apud
1469 4265 1476 4272 -

352 4297 692 4348 Herodotum
713 4297 789 4360 11,
821 4297 916 4349 169
940 4297 1031 4347 fin.
1066 4314 1171 4364 quo
1211 4314 1278 4349 ue
1299 4304 1444 4362 sunt,

355 4368 452 4446 qui
489 4367 555 4416 de
595 4368 889 4420 conclavis.
920 4366 1136 4419 thalamo
1175 4315 1443 4434 &chambre

1543 1399 1607 1444 ut
1664 1392 1903 1444 reddidit
1949 1389 2280 1454 Larcberus)
2336 1391 2629 1455 accipiant.

1544 1463 1707 1514 Conf.
1755 1468 2028 1513 caeterum
2071 1462 2253 1513 Sturz.
2296 1459 2361 1509 de
2408 1459 2626 1512 dialect.

1541 1532 1835 1583 Alexandr.
1874 1547 2001 1596 pag.
2038 1532 2136 1582 108
2162 1545 2288 1596 seq„
2341 1531 2633 1581 Praeterea

1544 1603 1639 1654 Cr.
1678 1601 1914 1651 conferri
1948 1600 2092 1650 vult:
2144 1600 2492 1664 „Boettigert
2535 1601 2632 1648 Ar-

1543 1670 1825 1734 chaeolog.
1842 1670 2100 1720 d.Maler.
2127 1669 2173 1719 1.
2200 1685 2255 1733 p.
2279 1668 2375 1718 102
2412 1674 2468 1718 et
2491 1670 2632 1718 eius-

1544 1739 1664 1789 dem
1679 1737 2037 1803 Archaeolog.
2051 1740 2298 1788 Museum
2319 1737 2364 1788 Ι.
2386 1753 2512 1803 pag.
2531 1738 2630 1787 102

1544 1814 1711 1872 atque
1759 1809 2078 1873 Isisvesper.
2137 1822 2191 1871 p.
2244 1806 2372 1869 119,
2437 1808 2631 1870 Heyne

1544 1880 1601 1927 in
1624 1877 1947 1927 Commentt.
1973 1877 2165 1927 societ.
2184 1875 2432 1939 Gotting.
2452 1881 2491 1925 t.
2510 1876 2629 1926 XV.

1543 1962 1673 2011 pag.
1712 1947 1875 1998 279.“
1914 1977 1985 1987 —-
2027 1947 2302 1996 Letronne
2351 1945 2385 1995 l.
2425 1944 2461 1995 l.
2501 1960 2627 2010 pag.

1547 2016 1649 2068 138
1671 2012 1871 2079 στέγην
1890 2021 2052 2080 atque
2078 2012 2290 2077 οἴκημα
2316 2011 2444 2076 (une
2466 2013 2631 2063 cham-

1544 2086 1662 2148 bre,
1716 2100 1822 2135 une
1872 2084 2036 2148 pefef’ce)
2084 2083 2228 2134 hand
2275 2082 2487 2133 differre
2533 2084 2629 2145 ait,

1545 2171 1646 2205 nec
1648 2124 1959 2211 παστάδας
1990 2154 2128 2204 alias
2156 2167 2275 2204 esse
2298 2158 2473 2217 atque
2497 2168 2631 2215 κρυ-

1545 2216 1689 2281 πτὰς
1727 2224 1871 2288 apud
1912 2224 2252 2275 Strabonem.
2326 2222 2461 2272 Cum
2500 2237 2630 2271 vero

1545 2298 1601 2344 et
1639 2292 1824 2358 στέγαι
1863 2299 1919 2343 et
1954 2285 2236 2349 παστάδες
2282 2297 2437 2342 extra
2473 2291 2629 2341 aulas

1544 2363 1772 2423 fuerint,
1812 2362 2269 2440 praepositionem
2297 2354 2396 2410 διὰ
2428 2362 2484 2411 in
2516 2376 2631 2411 ver-

1542 2433 1628 2483 bis
1666 2425 1763 2480 διὰ
1799 2448 1915 2481 των
1950 2427 2169 2481 αὐλέων
2207 2431 2347 2481 idem
2382 2432 2632 2494 exponit.

1538 2511 1784 2566 propter,
1824 2510 2053 2564 praeter.
2138 2501 2203 2550 In
2248 2515 2355 2565 quo
2397 2515 2482 2550 me
2516 2500 2632 2566 qui-

1544 2572 1668 2622 dem
1705 2571 1849 2621 haud
1897 2570 2284 2620 assentientem
2330 2569 2498 2619 habet
2547 2570 2630 2617 vir

1545 2640 1913 2690 doctissimus.
1987 2638 2271 2689 Caeterum
2302 2639 2632 2702 Pomponius

1545 2710 1720 2771 Mela,
1756 2710 1849 2775 qui
1886 2723 1985 2757 sua
2011 2706 2325 2772 plerumque
2350 2707 2629 2757 Herodoto

1546 2780 1736 2839 debet,
1783 2777 1847 2828 de
1881 2777 1965 2827 his
1999 2777 2078 2827 ita
2114 2776 2306 2826 scribit
2337 2776 2395 2838 Ι,
2432 2776 2492 2826 9:
2530 2775 2631 2838 (la-

1545 2847 1833 2913 byrinthus
1868 2846 2054 2912 habet)
2079 2845 2266 2908 „intus
2286 2861 2457 2911 paene
2476 2847 2629 2895 innu-

1545 2916 1829 2968 merabiles
1876 2916 2024 2979 vias,
2077 2914 2263 2965 multis
2310 2915 2629 2981 ambagibus

1544 2987 1652 3038 huc
1689 2990 1745 3037 et
1770 2986 1903 3036 illuc
1937 2985 2334 3046 remeantibus,
2371 2985 2467 3036 sed
2504 3001 2630 3036 con-

1543 3059 1700 3107 tinuo
1749 3055 2000 3106 anfractu
2049 3063 2104 3104 et
2147 3070 2311 3120 saepe
2358 3055 2630 3106 revocatis

1543 3126 1845 3192 porticibus
1900 3126 2193 3189 ancipites:
2258 3124 2453 3190 quibus
2506 3124 2631 3174 sub-

1542 3196 1671 3247 inde
1707 3196 1867 3246 alium
1907 3210 2068 3259 super
2086 3192 2227 3244 alios
2252 3194 2434 3244 orbem
2471 3210 2632 3259 agen·

1542 3266 1691 3316 tibus
1739 3269 1794 3314 et
1844 3264 2073 3314 subinde
2114 3267 2327 3312 tantum
2372 3263 2632 3313 redeunte

1542 3335 1711 3395 flexu,
1746 3339 2007 3397 quantum
2042 3337 2399 3395 processerat,
2434 3346 2630 3393 magno

1546 3408 1603 3453 et
1640 3401 1951 3467 explicabili
1996 3406 2178 3450 tamen
2213 3415 2392 3449 errore
2426 3398 2632 3463 perple-

1544 3487 1645 3521 xus
1672 3472 1812 3521 est.“
1838 3499 1908 3508 —
1938 3466 2278 3530 παρείχοντο
2306 3483 2335 3517 e
2354 3468 2628 3518 Sancrost.

1544 3540 1664 3590 cod.
1714 3539 1895 3600 recepi
1943 3553 2039 3601 pro
2084 3535 2233 3599 vulg.
2280 3533 2628 3600 παρέχοντος

1545 3607 1692 3659 conf.
1730 3606 1963 3657 Bredov.
2001 3621 2055 3669 p.
2088 3604 2210 3656 304.

1615 3667 1804 3739 ὀροφὴ
1842 3701 1899 3711 -
1955 3671 2178 3737 λιθίνη]
2241 3673 2627 3738 Wyttenbacb.

1546 3744 1583 3795 l.
1623 3744 1689 3795 l.:
1747 3746 1907 3806 „Hoc
1950 3741 2289 3793 referendum
2336 3742 2406 3792 ad
2456 3744 2631 3807 proxi-

1543 3830 1689 3865 mum
1729 3780 2078 3877 δίκηιιάτων,
2114 3811 2438 3872 οοηοῖαυίιαιι;
2496 3812 2630 3862 haec

1545 3884 1716 3945 enim,
1760 3887 1821 3932 ut
1864 3881 2039 3932 latera
2072 3881 2255 3931 cincta
2300 3881 2502 3932 habent
2538 3897 2631 3946 pa-

1544 3953 1804 4013 rietibus,
1841 3949 2090 4026 τοίχοις,
2109 3951 2189 4000 ita
2219 3966 2451 4015 superne
2482 3955 2632 4002 tecta

1545 4030 1601 4073 et
1652 4027 1842 4087 operta
1891 4025 2018 4070 sunt
2063 4010 2281 4100 ὀροφῇ,
2336 4021 2606 4072 lacunar-if

1547 4120 1614 4129 —
1659 4091 1744 4142 Ad
1788 4090 1980 4140 verba.
2032 4083 2232 4138 τύπων
2266 4019 2631 4155 ’Ῐέγγεγλυμμέ

1549 4176 1667 4209 νων
1701 4157 1862 4210 πλέοι
1888 4157 2160 4239 conf.11,
2206 4158 2321 4210 136.

1604 4221 1759 4294 αὐλὴ
1789 4224 1851 4278 δὲ
1879 4217 2082 4291 ἑκάστη
2114 4226 2466 4292 περίστυλος]
2503 4226 2627 4278 Vid.

1528 4314 1714 4373 supra
1746 4303 1889 4349 nott.
1929 4297 1997 4347 ad
2047 4313 2208 4348 voces
2254 4291 2423 4347 αὐλαὶ
2466 4288 2633 4345 κατά

1550 4381 1753 4432 στεγοι.
1827 4369 1900 4419 Et
1955 4372 2135 4417 monet
2175 4366 2242 4416 de
2287 4381 2423 4416 voce
2478 4364 2632 4427 περί-

2086 4445 2220 4509 49*
