3109 5092
1222 336 1478 399 CLIO.
1525 338 1577 397 Ι.
1629 347 1748 403 160.
2498 339 2619 401 317

350 520 715 598 τιληναῖοι,
749 511 1235 599 ἐπιπέμποντος
1271 515 1392 580 τοῦ
1410 509 1764 600 Μαζάρεος
1791 508 2108 599 ἀγγελίας
2136 510 2477 582 ἐκδιδόναι
2503 511 2624 584 τὸν

261 625 330 706 ’ζῚ
352 612 711 701 Πακτύην,
758 612 1330 702 παρεσκευάζοπο
1374 615 1485 682 ἐπὶ
1530 620 1758 708 μισθῷ
1809 611 1945 707 ὅσῳ
1989 617 2104 704 δή·
2174 612 2258 684 οὐ
2310 613 2440 705 γὰρ
2493 622 2622 704 ἔχω

348 717 546 788 τοῦτό
586 743 664 803 γε
708 722 926 786 εἰπεῖν
971 713 1335 805 ἀτρεκέως·
1387 714 1473 786 οὐ
1524 715 1656 806 γὰρ
1699 717 2055 806 ἐτελεώθη.
2127 726 2424 806 Κυμαῖοι
2470 717 2622 807 γὰρ,

353 816 440 900 ὥς
467 826 724 908 ἔμαθον
759 824 969 889 ταῦτα
997 818 1427 908 πρησσόμενα
1472 824 1546 890 ἐκ
1574 825 1713 890 τῶν
1739 826 2268 910 Μυτιληναίων,
2312 824 2620 910 πέμψαν-

349 951 459 1002 τες
495 932 733 992 πλοῑον
767 924 834 1003 ἐς
858 925 1160 1010 Λέσβον,
1205 925 1626 1011 ἐκκομίζουσι
1653 924 1979 1013 Πακτύην
2022 927 2088 1004 ἐς
2114 931 2303 993 Χίον.
2372 928 2619 995 ἐνθεῦ-

352 1053 467 1095 τεν
494 1027 603 1109 δὲ,
647 1028 713 1107 ἐξ
747 1029 899 1114 ἱροῦ
936 1023 1296 1112 Ἀθηναίης
1322 1026 1704 1114 Πολιούχου
1748 1024 2211 1107 ἀποσπασθεὶς
2251 1022 2385 1097 ὑπὸ
2413 1036 2622 1113 Χίων,

354 1129 658 1216 ἐξεδόθη·
688 1131 1001 1209 ἐξέδοσαν
1017 1127 1090 1197 δὲ
1104 1132 1330 1198 οίΧῖοι
1352 1130 1458 1197 ἐπὶ
1473 1127 1879 1223 τῷἈταρνέι·
1888 1135 2116 1224 μισθῷ
2132 1152 2145 1164 ·
2162 1135 2284 1199 τοῦ
2304 1131 2380 1200 δὲ
2390 1127 2621 1220 Ἀταρ-

355 1235 504 1311 νέος
536 1231 777 1300 τούτου
809 1236 949 1300 ἔστι
975 1236 1188 1319 χῶρος
1213 1237 1330 1320 τῆς
1358 1239 1667 1321 Μυσίης,
1702 1237 1972 1321 Λέσβου
2008 1230 2252 1313 ἀντίος.
2301 1235 2628 1322 Πακτύην

352 1336 479 1423 μέν
514 1362 647 1404 νυν
690 1334 1220 1423 παραδεξάμενοι
1263 1338 1333 1403 οἰ
1352 1338 1612 1424 Πέρσαι
1644 1334 1824 1423 εἶχον
1867 1339 1942 1404 έν
1968 1341 2271 1425 φυλακῇ,
2307 1340 2627 1417 θέλοντες

352 1436 560 1531 Κύρῳ
602 1434 939 1519 ἀποδέξαι.
1020 1429 1108 1525 ἦν
1151 1436 1227 1506 δὲ
1277 1436 1511 1527 χρόνος
1566 1428 1762 1518 οὗτος
1810 1435 1936 1508 οὐκ
1978 1435 2202 1526 ὀλίγος
2242 1439 2627 1529 γενόμενος,

351 1638 619 1688 rationem
643 1636 710 1687 de
727 1637 941 1704 Pactya
963 1637 1439 1703 Mytilenaeorum·
1539 1653 1671 1701 rem,
1710 1654 1867 1689 nemo
1890 1640 2005 1690 fere
2036 1641 2273 1706 ignorat.
2323 1642 2457 1693 Inde
2486 1642 2627 1692 hanc

355 1724 460 1773 que
495 1713 550 1757 et
585 1706 841 1757 Chiorum
887 1722 1059 1772 prava
1103 1707 1302 1772 agendi
1353 1722 1438 1756 ra·

352 1779 500 1828 tione
556 1776 898 1841 reprehendit
956 1776 1283 1827 Plutarchus
1333 1777 1435 1836 (ΙΙ.

356 1865 408 1912 p.
460 1845 564 1897 859
620 1847 733 1910 A.)‚
796 1847 944 1912 quod
1004 1847 1317 1897 Herodotus
1382 1848 1436 1895 in

356 1918 702 1978 Graecorum,
732 1916 1070 1981 popularium
1092 1931 1329 1979 suorum,
1358 1931 1439 1966 re-

356 1987 455 2035 bus
514 1985 792 2035 tradendis
852 2001 961 2035 non
1029 1985 1166 2035 satis
1224 1985 1437 2034 illorum

354 2055 564 2120 gloriae
606 2055 959 2106 consuluerit.
1043 2055 1123 2104 Ac
1172 2055 1437 2104 Charonis

282 2129 291 2137 ‘
356 2124 717 2189 Lampsaceni
765 2125 990 2189 opponit
1036 2125 1436 2186 auctoritatem,

354 2193 487 2243 nihil
533 2194 602 2243 de
651 2192 906 2243 Chiorum
963 2208 1063 2243 uec
1116 2192 1438 2258 Mytilenae-

355 2278 505 2313 orum
540 2262 743 2312 scelere
763 2263 1070 2313 referentis.
1129 2262 1238 2311 Sed
1267 2262 1437 2325 ipsius

356 2332 619 2382 Charonis
666 2333 831 2382 verba
894 2346 1004 2380 non
1055 2331 1159 2379 rite
1204 2329 1438 2392 intelligi

355 2406 639 2467 poterunt,
685 2401 793 2450 nisi
834 2400 1190 2464 copiosiorem
1223 2400 1439 2449 adsum-

357 2471 493 2521 seris
551 2470 821 2520 Herodoti
878 2470 1277 2530 narrationem,
1336 2483 1439 2518 nec

358 2541 462 2590 iste
498 2541 732 2604 scriptor
778 2538 882 2588 fide
924 2553 1315 2603 usquequaque
1360 2537 1440 2587 di-

358 2625 515 2675 gnus,
546 2625 703 2674 quem
730 2609 797 2658 ab
820 2608 1099 2658 Herodoto
1126 2608 1179 2656 in
1210 2607 1441 2657 historia

358 2694 460 2728 sua
520 2677 914 2728 conscribenda
977 2676 1283 2727 consultum
1344 2682 1441 2726 aut

359 2753 507 2799 certe
544 2747 620 2797 illi
671 2748 1017 2797 obversatum
1066 2761 1184 2797 esse
1234 2762 1297 2796 eo
1346 2745 1440 2796 mi-

358 2833 460 2867 nus
497 2816 835 2867 crediderim.
908 2817 1034 2867 Vid.
1081 2816 1336 2867 Creuzer.
1383 2815 1439 2864 in

357 2888 634 2950 Fragmm.
677 2886 955 2936 historico.
994 2902 1046 2951 p.
1090 2885 1189 2937 100
1223 2901 1338 2951 seq.
1388 2888 1444 2934 et

357 2955 687 3007 Dahlmann.
740 2955 1007 3006 Herodot.
1063 2970 1118 3019 p.
1183 2955 1281 3005 117
1327 2969 1441 3019 seq.

357 3025 563 3076 Attulit
599 3040 812 3090 quoque
852 3025 993 3076 hanc
1024 3024 1290 3090 Herodoti
1323 3039 1445 3073 nar-

358 3096 621 3146 rationem
644 3096 710 3145 P.
736 3110 844 3144 van
871 3094 1131 3159 Limburg
1154 3095 1440 3144 Brouwer:

358 3166 605 3215 Histoire
640 3164 709 3214 de
741 3162 796 3213 la
832 3163 1090 3215 civilisat.
1139 3162 1231 3212 des
1262 3159 1442 3213 'Grecs

359 3234 436 3297 11,
465 3235 499 3283 4
536 3234 656 3299 (VI)
697 3250 751 3298 p.
805 3234 906 3284 159
956 3249 1090 3298 seq„
1130 3232 1330 3298 quippe
1377 3246 1443 3281 ex

361 3319 469 3368 qua
490 3309 700 3368 pateat,
715 3307 921 3368 quanta
934 3301 1274 3352 oraculorum
1298 3298 1444 3364 apud

362 3373 601 3424 Graecos
626 3372 790 3422 fuerit
820 3372 1139 3433 auctoritas,
1165 3374 1445 3436 quantam-

364 3458 469 3506 que
500 3442 752 3492 flduciam
784 3441 841 3490 hi
887 3442 1103 3492 omnino
1150 3442 1206 3490 in
1252 3439 1445 3489 iisdem

362 3512 661 3576 posuerint.
731 3509 871 3561 Add.
911 3526 1124 3575 quoque
1164 3509 1333 3560 Grote
1367 3507 1445 3556 hi-

362 3586 515 3647 story
553 3580 615 3632 of
647 3581 853 3631 Greece
886 3581 985 3631 IV.
1022 3596 1075 3644 p.
1118 3578 1222 3629 270
1259 3592 1375 3642 seq.

432 3659 913 3751 παρεσκευάζοντο
954 3656 1043 3714 ἐπὶ
1079 3662 1275 3731 μισθῷ
1308 3677 1338 3711 ο
1360 3675 1447 3729 σῳ

363 3735 399 3786 δ
413 3730 471 3801 η]
512 3739 548 3786 ἰ.
587 3752 635 3786 e.
670 3753 787 3799 „nm
817 3738 959 3786 einen
984 3735 1142 3797 Lolm,
1178 3738 1269 3785 wie
1299 3746 1450 3826 yros‘s

361 3807 489 3856 oder
538 3807 719 3870 qem’ny
767 3821 827 3856 er
876 3803 1004 3855 auch
1046 3805 1156 3855 sein
1201 3798 1449 3852 mocletef‘

363 3876 454 3925 Ita
487 3876 878 3939 interpretatur
910 3873 1047 3923 haec
1082 3872 1347 3923 Matthiae
1385 3884 1449 3919 eo

364 3945 516 4005 loco,
556 3959 714 4010 quem
750 3945 858 3993 iam
894 3941 1116 3994 laudavi
1150 3942 1221 3992 ad
1244 3939 1445 4002 1,157‚

363 4014 459 4063 ubi
494 4013 607 4064 vid.
654 4018 796 4064 nott.
836 4003 931 4061 ἐπὶ
977 4009 1172 4076 μισθῷ
1217 4007 1446 4060 eundem

368 4083 423 4132 in
460 4083 675 4133 modum
713 4084 914 4134 Noster
945 4082 1083 4131 dixit
1117 4081 1183 4143 V,
1219 4081 1307 4131 65.

437 4159 493 4229 ἐξ,
560 4161 692 4232 ἷροῦ
744 4159 1054 4232 Ἀθηναίης
1116 4157 1448 4231 Πολιούχου

362 4227 768 4294 ἀποσπασθεὶς
813 4253 865 4287 κ.
929 4253 977 4286 τ.
1026 4234 1096 4302 λ.]
1148 4235 1450 4285 Minervam

363 4306 698 4358 Athenarum
734 4308 789 4356 in
827 4322 950 4357 arce
988 4305 1077 4370 pie
1109 4303 1313 4355 cultam
1332 4302 1451 4352 Ho-

361 4368 531 4426 λιαδα
572 4392 619 4428 s.
658 4374 1011 4441 Πολιοῦχον,
1064 4373 1219 4424 deam
1253 4373 1453 4424 tutela·

1540 1708 1696 1758 deam
1732 1709 1893 1760 Iones
1918 1725 1984 1760 ex
2017 1710 2205 1760 Attica
2234 1727 2419 1763 secum
2456 1712 2511 1761 in
2541 1728 2630 1761 co-

1538 1776 1717 1827 lonias
1753 1779 1972 1828 duxisse
2013 1779 2294 1845 eidemque
2329 1782 2384 1829 in
2415 1781 2630 1831 colonia

1541 1862 1755 1913 quoque
1792 1847 2048 1913 templum
2092 1850 2424 1899 exstruxisse
2471 1865 2627 1899 nemo

1540 1917 1847 1967 mirabitur.
1922 1918 2082 1971 Conf.
2118 1933 2256 1983 quae
2277 1919 2391 1968 dixi
2421 1921 2476 1969 in
2505 1920 2628 1968 Dis-

1540 1990 1734 2036 sertat.
1773 1987 1839 2037 de
1873 1986 2123 2051 Apolline
2160 1993 2215 2036 et
2249 1989 2495 2038 Minerva
2518 1989 2628 2053 pri—

1539 2056 1781 2120 migenia
1830 2055 2203 2121 (Heidelberg.
2269 2058 2445 2122 1820.)
2498 2074 2625 2123 pag.

1538 2126 1574 2176 6
1612 2140 1727 2189 seq.
1799 2126 1883 2175 De
1919 2125 2225 2188 Aeginetis,
2276 2127 2369 2191 qui
2406 2142 2630 2177 venera·

1538 2195 1743 2243 bantur
1803 2194 2028 2243 eandem
2081 2195 2413 2259 Minervam,
2479 2196 2626 2246 conf.

1539 2261 1768 2312 Mueller
1802 2263 2078 2327 Aeginett.
2118 2280 2173 2328 p.
2209 2265 2278 2316 69
2317 2271 2371 2314 et
2407 2266 2492 2315 De
2528 2266 2629 2315 Mi-

1539 2348 1690 2382 nerv.
1726 2331 1940 2384 Poliad.
1976 2348 2103 2398 pag.
2145 2335 2197 2390 7.

1512 2458 1516 2462 <
1613 2425 1706 2484 ἐπὶ
1759 2432 1841 2502 τῷ
1885 2426 2136 2501 Ἀταρνέϊ
2199 2435 2418 2502 μισθῷ]
2477 2437 2516 2488 i.
2577 2453 2627 2487 e.

1540 2506 1902 2556 Atarnensem
1959 2511 2161 2557 terram
2215 2507 2365 2571 pacti
2429 2522 2630 2556 merce·

1542 2575 1684 2637 dem,
1715 2591 1762 2625 s.
1792 2589 1860 2624 ea
1885 2575 1986 2624 sub
2020 2576 2350 2637 conditione,
2381 2580 2444 2624 ut
2470 2575 2629 2624 Atar-

1540 2660 1763 2694 nensem
1814 2649 2015 2694 terram
2073 2660 2170 2709 pro
2234 2644 2477 2693 mercede
2527 2646 2630 2693 Pa-

1542 2719 1703 2780 etyae
1749 2713 1940 2762 traditi
1993 2715 2322 2777 acciperent.
2406 2713 2490 2761 De
2537 2706 2630 2761 ἐπὶ

1543 2782 2199 2846 oonf.1,60.141.—
2236 2782 2562 2864 scripsimus
2601 2796 2630 2830 e

1545 2851 1704 2903 codd.
1727 2867 1851 2902 cum
1873 2856 2104 2902 recentt.
2125 2850 2249 2902 edd.
2261 2843 2511 2936 Ἀταρνέϊ
2531 2866 2629 2915 pro

1544 2921 1695 3001 vulg.
1727 2913 1989 2984 Ἀταρνει.
2062 2923 2167 2972 Est
2208 2936 2339 2971 vero
2376 2914 2408 2971 ο
2445 2912 2630 2984 ’-Αταρ

1547 2984 1679 3048 νεύς
1723 3006 1919 3041 nomen
1976 2994 2033 3040 et
2078 2991 2318 3056 regionis
2374 2990 2630 3041 Chiorum

1544 3061 1762 3112 civitati
1797 3075 2092 3111 concessae
2125 3067 2181 3110 et
2215 3060 2400 3125 oppidi
2435 3060 2540 3110 hac
2574 3061 2630 3109 in

1544 3131 1765 3196 regione
1801 3146 1911 3181 non
1946 3130 2108 3180 valde
2142 3129 2392 3195 spatiosa
2423 3134 2633 3180 exstru-

1547 3202 1643 3250 cti.
1717 3199 1842 3251 Vid.
1879 3200 2041 3262 VIII,
2082 3201 2186 3250 loo
2233 3204 2289 3249 et
2340 3200 2485 3251 conf.
2530 3200 2627 3260 VI,

1546 3270 1634 3322 28.
1670 3271 1758 3322 29.
1797 3268 1925 3330 VII,
1962 3271 2050 3320 42.
2122 3270 2466 3320 Conveniunt
2509 3283 2631 3318 cum

1546 3339 1829 3389 Herodoto
1865 3338 2093 3388 Diodor.
2135 3338 2300 3389 XIII.
2352 3338 2441 3389 65.
2481 3337 2629 3398 XVI,

1547 3410 1634 3470 52,
1671 3408 1766 3457 ubi
1815 3406 1960 3456 conf.
2008 3406 2337 3472 Wesseling.
2388 3408 2630 3457 Pausan.

1547 3477 1644 3538 IV,
1694 3476 1781 3528 35.
1832 3479 1883 3537 ξ.
1930 3477 1983 3525 ὅ.
2076 3476 2336 3541 Reliquos
2384 3479 2631 3525 veterum

1546 3546 1698 3596 locos
1737 3543 1845 3594 vid.
1884 3543 2030 3608 apud
2070 3544 2361 3609 Forbiger:
2408 3541 2631 3594 Haudb.

1545 3614 1602 3666 d.
1641 3613 1739 3665 alt.
1770 3612 2076 3677 Geograph.
2117 3614 2196 3664 ΙΙ.
2218 3629 2272 3677 p.
2303 3614 2422 3663 152.
2474 3613 2632 3662 Nunc

1546 3683 1736 3734 vocari
1759 3682 1938 3732 locum
1969 3681 2273 3733 Dikeli-leoei
2290 3680 2385 3731 alii
2424 3680 2631 3742 dicunt,

1548 3752 1645 3803 alii
1679 3752 1938 3816 Aiasmat.

1620 3849 1890 3910 θέλοντες
1937 3843 2110 3919 Κύρῳ
2144 3843 2445 3918 ἀποδέξαι]
2489 3843 2633 3902 ἀπο-

1548 3919 1726 3986 δέξαι,
1753 3930 2031 3973 monstrare
2063 3938 2169 3973 eum
2191 3929 2247 3971 ut
2276 3924 2431 3972 vivum
2451 3922 2635 3982 adhue,

1550 4009 1594 4043 s.
1632 3996 1682 4044 in
1716 4001 2024 4055 conspectum
2050 3993 2172 4058 Cyri
2202 4007 2307 4041 eum
2331 3993 2635 4055 producere,

1547 4064 1762 4114 tradere
1793 4065 1948 4113 vivum
1983 4064 2116 4114 illum
2150 4061 2302 4126 Cyrno

1623 4152 1706 4229 ἦν
1748 4158 1812 4215 δὲ
1856 4156 2066 4231 χρόνος
2111 4178 2284 4224 ουτος
2331 4196 2402 4205 -
2443 4154 2636 4230 γενό-

1550 4249 1674 4314 μεν
1690 4249 1720 4283 o
1740 4233 1787 4300 ς]
1824 4236 1971 4286 Nota
1993 4234 2325 4285 locutionem
2356 4223 2434 4299 ἦν
2457 4262 2526 4273 --
2550 4246 2636 4297 γε-

1554 4296 1823 4369 νόμενος,
1848 4306 2002 4355 cuius
2035 4303 2236 4353 similia
2262 4304 2530 4369 quaedam
2557 4307 2638 4351 at-

1552 4373 1774 4439 tigimus
1807 4373 1875 4423 ad
1911 4373 2080 4437 1‚57.
