3109 5092
1195 359 1691 421 EUTERPE.
1736 357 1819 419 11.
1864 367 1917 424 7.

2571 352 2696 415 443

417 539 598 603 πίου.
664 529 950 620 σμικρόν
996 558 1059 600 τι
1101 528 1175 601 τὸ
1223 533 1559 622 διάφορον
1601 530 1787 624 εὕροι
1831 559 1929 613 τις
1977 527 2063 601 ἂν
2103 529 2522 619 λογιζόμενος
2561 536 2699 600 τῶν

416 633 598 706 ὁδῶν
623 638 949 720 τουτέων,
979 632 1053 703 τὸ
1086 633 1175 724 μὴ
1211 647 1358 717 ἴσας
1387 643 1594 725 μῆκος
1627 637 1832 720 εἶναι,
1870 631 1952 705 οὐ
1983 640 2187 706 πλέον
2217 640 2699 704 πεντεκαίδεκα

416 820 520 870 que
558 807 717 853 erunt
748 802 1013 864 fortasse,
1053 804 1146 868 qui
1177 821 1242 854 ex
1267 802 1369 854 hoc
1396 806 1506 854 He-

416 873 595 924 rodoti
629 873 748 922 loco
780 876 835 921 et
870 888 936 921 ex
968 872 1072 923 bac
1097 875 1503 939 comparatione

417 948 794 1008 argumentum
836 942 1034 992 ducere
1079 944 1252 993 velint
1297 944 1502 1008 praele-

416 1012 616 1063 ctionis
665 1012 944 1061 Musarum
986 1012 1280 1074 Herodoti,
1340 1028 1500 1079 quam

415 1083 691 1133 Lucianus
745 1080 1044 1146 Olympicis
1099 1082 1242 1133 ludis
1297 1084 1498 1132 factam

415 1167 537 1202 esse
584 1151 803 1212 scribit,
852 1167 886 1201 a
921 1151 1126 1201 criticis
1175 1151 1498 1216 quibusdam

415 1225 635 1271 nostrae
672 1221 870 1270 aetatis
895 1222 1159 1271 immerito
1189 1223 1244 1271 in
1281 1222 1502 1271 dubium

415 1294 686 1341 vocatam.
761 1291 867 1340 Sed
913 1306 980 1340 ea
1025 1291 1091 1340 de
1129 1307 1187 1341 re
1235 1307 1502 1355 exponere

417 1376 525 1410 non
545 1360 742 1409 attinet
767 1365 891 1423 post
916 1360 1339 1424 disputationem
1357 1362 1502 1425 Hey-

417 1430 486 1478 sii
524 1430 580 1477 in
617 1430 843 1491 Quaest.
890 1430 1096 1480 Herod.
1145 1445 1264 1494 cap.
1312 1430 1389 1480 11.
1445 1446 1499 1494 p.

418 1499 484 1550 23
519 1514 672 1563 seqq.

484 1560 840 1631 λογιζόμενος
881 1564 996 1616 τῶν
1038 1558 1193 1616 ὁδῶν
1230 1563 1497 1633 τουτέων]

415 1637 592 1702 Vulgo
630 1643 684 1686 et
705 1637 796 1687 hic
831 1641 887 1685 et
921 1638 1026 1699 111,
1068 1638 1166 1687 126
1205 1636 1373 1686 edunt
1408 1628 1500 1686 οὐ-

416 1703 561 1768 ὃῶν,
601 1722 708 1771 qua
735 1711 913 1756 tamen
953 1707 1128 1756 forma
1162 1707 1375 1770 Ionica,
1416 1707 1498 1757 uti

415 1777 595 1838 aiunt,
646 1776 906 1825 Nostrum
944 1776 1275 1842 abatinuisse
1315 1777 1497 1827 credo.

415 1847 597 1907 Quare
657 1860 778 1895 cum
831 1845 1006 1895 Gaisf.
1065 1845 1344 1908 vulgarem
1392 1848 1498 1896 for-

415 1930 554 1963 mam
592 1904 773 1974 ὁὸὦν,
824 1916 1066 1978 probatis
1116 1914 1270 1964 libris
1307 1916 1498 1966 contir-

415 1987 644 2043 matam,
680 1983 917 2046 reposui.
989 1983 1113 2034 vid.
1153 1984 1385 2035 Bredov.
1440 2002 1494 2049 p.

419 2053 536 2115 167,
565 2068 694 2128 'cum
726 2067 831 2116 quo
868 2052 1054 2103 eodem
1091 2069 1143 2116 p.
1169 2056 1271 2103 222
1296 2055 1496 2104 retinui

413 2135 662 2170 τουτεων
691 2138 724 2170 a
759 2126 988 2173 recentt.
1023 2122 1144 2173 edd.
1176 2127 1495 2173 conversum

415 2192 472 2240 in
507 2181 745 2240 τούτων.
817 2192 901 2239 De
938 2192 1115 2241 forma
1156 2184 1350 2240 οὗὸὦν
1386 2192 1498 2242 lau-

415 2260 547 2309 dant
581 2260 803 2309 Homer.
845 2259 1045 2324 Odyss.
1078 2254 1143 2324 ρ’,
1188 2262 1289 2313 196
1313 2263 1498 2327 ibique

413 2328 670 2380 Eustath.
708 2343 834 2393 pag.
865 2328 966 2379 613
1001 2329 1084 2380 ed.
1122 2331 1251 2380 Bas.
1283 2336 1338 2381 et
1373 2347 1499 2380 eun-

416 2398 536 2447 dem
581 2397 651 2447 ad
700 2398 787 2448 Ili.
831 2391 903 2447 oc'.
946 2415 1073 2463 pag.
1133 2399 1215 2462 18,
1261 2401 1323 2451 10
1368 2400 1495 2452 coll.

415 2466 652 2531 Etymol.
689 2468 763 2516 M.
787 2482 912 2533 pag.
950 2469 1074 2518 615.

483 2529 545 2584 τὸ
574 2528 650 2599 μὴ
692 2533 816 2593 ἴσας
850 2536 1032 2601 μῆκος
1061 2527 1226 2603 εἶναι]
1250 2538 1337 2588 Cr.
1372 2554 1495 2587 con-

415 2605 520 2654 fert
539 2605 925 2670 Wyttenbach.
953 2606 1022 2655 ad
1052 2607 1331 2657 Plutarch.
1354 2609 1492 2657 Mor.

413 2674 458 2725 1.
493 2676 541 2724 2.
574 2690 700 2739 pag.
728 2673 848 2733 816,
887 2677 977 2740 qui
1005 2676 1055 2726 h.
1085 2675 1261 2725 locum
1283 2678 1361 2725 ita
1379 2677 1496 2726 red-

415 2742 522 2800 dit:
574 2759 742 2808 „quae
778 2745 964 2794 itinera
1000 2746 1048 2794 si
1095 2748 1204 2810 quis
1237 2754 1493 2809 cornputet,

413 2816 628 2863 inveniat
654 2828 838 2875 parum
872 2815 1104 2878 quiddam
1131 2814 1361 2878 differre,
1399 2830 1495 2878 quo

411 2884 568 2931 minue
599 2883 665 2932 sit
684 2897 788 2944 par
826 2898 994 2932 eorum
1028 2883 1340 2948 lonqitudo.“
1408 2885 1494 2934 Tu

414 2951 540 3002 add.
558 2950 756 3000 Matth.
780 2952 872 3001 Gr.
903 2952 995 3003 Gr.
1015 2968 1140 3017 pag.
1180 2952 1332 3004 1067.
1369 2954 1494 3004 Non

413 3020 700 3070 admodum
722 3019 926 3082 differt,
966 3023 1110 3086 quod
1135 3023 1392 3072 continuo
1414 3039 1495 3073 se-

413 3091 622 3154 quitur:
672 3080 747 3146 ιῦς
793 3083 871 3154 μὴ
912 3082 1060 3138 εἶναι
1103 3090 1495 3140 πεντακοσίων

411 3153 508 3208 καὶ
557 3157 769 3222 χιλίων.
874 3155 1060 3223 Ῑρεειε“
1085 3175 1366 3210 mensuras
1423 3162 1493 3211 ab

412 3227 694 3278 Herodoto
746 3226 989 3290 prolatas
1051 3230 1228 3278 minus
1276 3245 1496 3280 accura-

411 3301 498 3347 tas
545 3296 720 3346 videri
763 3296 970 3347 iudicat
1005 3299 1230 3349 Rennel.
1270 3296 1320 3349 Ἰ.
1360 3298 1396 3349 1.
1439 3315 1491 3363 p.

412 3364 532 3426 593,
579 3381 700 3415 cum
747 3366 992 3416 Athenae
1035 3383 1069 3417 a
1118 3368 1249 3417 Pisa
1290 3367 1495 3417 distent

411 3434 663 3483 milliaria
705 3434 1026 3485 Germanica
1073 3438 1193 3504 262⁸„
1239 3436 1494 3501 Heliopo-

409 3503 478 3554 lis
512 3519 641 3553 vero
679 3503 1033 3567 221milliaria
1064 3510 1278 3555 tantum
1314 3522 1347 3555 a
1382 3506 1494 3556 Nili

412 3573 555 3622 ostio
610 3572 883 3636 Canopico
936 3573 1099 3624 absit.
1184 3576 1259 3624 Et
1311 3582 1494 3625 monet

413 3657 627 3707 quoque
663 3641 900 3691 Iomard.
933 3641 1228 3707 (Descript.
1255 3644 1321 3693 de
1347 3644 1489 3709 l'Eg.

412 3711 637 3775 Antiqq.
679 3711 725 3760 I.
768 3709 891 3761 livr.
933 3711 965 3762 3
1002 3728 1127 3777 pag.
1167 3712 1313 3777 611),
1351 3729 1493 3763 com-

410 3780 748 3844 parationem
785 3781 959 3830 minus
993 3787 1248 3831 accurate
1279 3783 1497 3831 institu-

411 3854 523 3899 tam
559 3848 731 3899 videri
766 3850 834 3898 ab
869 3851 1180 3910 Herodoto,
1230 3866 1348 3902 cum
1384 3853 1496 3900 He-

409 3916 627 3982 liopolis
675 3934 709 3967 a
752 3919 886 3967 mari
935 3924 1086 3969 recta
1133 3918 1277 3969 linea
1330 3920 1495 3970 ducta

413 4002 545 4036 sane
564 3986 732 4036 distet
761 3987 985 4048 151‚000
1009 3992 1181 4038 metra
1207 3986 1368 4053 (quae
1386 4005 1495 4039 nou

411 4055 638 4105 multum
694 4058 961 4106 excedunt
1015 4073 1294 4107 numerum
1349 4057 1496 4107 mille

410 4125 830 4190 quingentorum
866 4126 1215 4191 stadiorum),
1243 4128 1492 4177 Athenae

411 4198 591 4243 autem
640 4211 673 4244 a
715 4196 847 4245 Pisa
892 4200 1133 4246 remotae
1188 4197 1298 4245 sint
1340 4201 1494 4246 recta

408 4263 551 4313 linea
578 4263 804 4326 181,000
828 4281 873 4315 s.
907 4265 1129 4328 183,000
1163 4271 1334 4314 metra
1364 4263 1493 4328 (me-

407 4330 563 4389 tres).
639 4333 819 4394 Quare
861 4335 918 4383 in
955 4350 1075 4384 eam
1109 4335 1338 4384 inclinat
1374 4349 1492 4383 sen-

407 4401 665 4466 tentiam,
702 4408 765 4456 ut
789 4404 859 4454 ab
880 4403 1160 4456 Herodoto
1186 4403 1291 4455 duo
1321 4419 1493 4472 eaque

1608 806 1828 855 diversa
1876 805 2058 855 stadia
2094 804 2327 855 confusa
2362 817 2482 852 esse
2518 808 2693 867 putet.

1606 875 1746 925 Add.
1771 876 1957 925 Leake
1989 875 2073 923 in:
2113 872 2337 923 Iournal
2374 873 2435 922 of
2458 872 2546 922 the
2572 889 2695 938 geo-

1605 945 1850 1010 graphie.
1893 945 2115 1008 Society
2154 944 2250 993 IX.
2286 959 2340 1006 p.
2379 942 2412 992 8
2450 957 2564 1006 seq.
2612 944 2692 992 ll.

1606 1015 1712 1063 Sed
1739 1015 2047 1078 graviorem
2079 1013 2232 1062 litem
2262 1011 2558 1062 Rennelius
2584 1013 2694 1060 He-

1603 1083 1797 1132 rodoto
1826 1083 2064 1133 intendit
2087 1083 2167 1147 (p.
2195 1081 2513 1146 ase—392),
2552 1081 2697 1145 quod

1603 1154 1892 1218 sexaginta
1940 1152 2124 1202 stadia
2176 1151 2412 1201 schoeno
2467 1150 2692 1213 tribuat,

1608 1238 1765 1287 quem
1813 1222 2182 1287 quadraginta
2234 1226 2444 1270 tantum
2490 1220 2694 1270 stadio-

1607 1307 1726 1342 rum
1787 1307 1908 1341 esse
1956 1291 2151 1355 reliqui
2206 1290 2499 1354 scriptores
2557 1289 2693 1338 indi-

1605 1365 1757 1421 cent3
1817 1361 1962 1410 unde
2007 1360 2292 1423 consequi,
2346 1359 2692 1408 Herodoteas

1604 1446 1886 1480 mensuras
1922 1445 2131 1493 semper
2152 1429 2312 1478 nimis
2334 1433 2526 1478 auctas
2552 1444 2690 1490 esse,

1604 1500 1711 1548 nisi
1748 1500 1816 1549 ad
1860 1500 2142 1564 vulgarem
2188 1498 2536 1562 computandi
2582 1513 2693 1547 mo-

1604 1569 1730 1618 dum
1756 1570 2049 1619 schoenum
2072 1568 2431 1618 revocaveris.
2487 1567 2692 1617 Contra

1603 1655 1760 1704 quem
1782 1643 1964 1688 monet
1992 1638 2294 1688 Bredovius
2326 1638 2553 1701 (Geogr.
2578 1639 2692 1687 He·

1600 1708 1717 1758 rod.
1747 1724 1798 1772 p.
1828 1708 1971 1771 391),
2008 1708 2131 1757 ideo
2166 1710 2359 1756 auctas
2386 1706 2561 1756 videri
2588 1708 2703 1777 Ae·-

1601 1777 1819 1841 gyptias
1855 1791 2162 1837 mensuras,
2207 1776 2351 1839 quod
2400 1791 2585 1825 omnes
2619 1777 2689 1824 si·

1602 1845 1710 1894 mul
1725 1846 1834 1895 Nili
1859 1846 2118 1909 ambages
2142 1845 2197 1893 in
2218 1843 2548 1894 dimetiendo
2574 1845 2687 1894 fue-

1599 1915 1712 1964 rint
1748 1920 2119 1979 computatae,
2158 1913 2301 1963 unde
2326 1912 2488 1962 solito
2517 1916 2688 1963 maior

1600 1999 1811 2033 summa
1849 1983 2139 2033 exstiterit.
2212 1983 2336 2033 Alio
2378 1987 2540 2048 pacto
2578 1984 2690 2032 He-

1599 2053 1839 2103 rodoteis
1875 2053 2293 2118 patrocinantur
2320 2057 2571 2102 monente
2599 2054 2685 2103 Cr.

1600 2122 1836 2172 editores
1857 2124 2032 2187 operis
2054 2123 2329 2186 Descript.
2356 2122 2421 2171 de
2441 2122 2684 2187 l’Egypt.

1600 2191 1646 2241 1.
1676 2191 1898 2241 second.
1937 2192 2142 2242 livrais.
2192 2207 2244 2255 p.
2280 2192 2406 2242 416.
2479 2193 2687 2242 Exacte

1600 2261 1742 2309 enim
1768 2261 2035 2311 Herodoti
2060 2276 2365 2311 mensuram
2397 2263 2687 2312 convenire

1600 2346 1721 2379 cum
1742 2330 2080 2396 longitudine
2108 2331 2337 2392 itineris,
2375 2347 2514 2395 quae
2539 2348 2687 2396 map-

1598 2416 1723 2464 pam
1764 2400 2183 2466 geographicam
2235 2401 2547 2464 inspicienti
2606 2402 2685 2449 in-

1598 2470 1849 2518 veniatur
1906 2470 2048 2519 inter
2102 2468 2415 2533 Heliopoliu
2474 2475 2528 2519 et
2572 2469 2685 2519 Nili

1599 2540 1798 2587 ostium
1837 2538 2151 2603 Ommfareg
2185 2554 2351 2602 prope
2388 2539 2684 2601 Pelusium,

1599 2608 1645 2656 si
1681 2606 1814 2657 illud
1848 2607 2006 2657 simul
2047 2609 2405 2672 cogitaveris,
2443 2610 2682 2672 regionis

1597 2677 1760 2725 Delta
1776 2676 1947 2726 solum
1976 2677 2044 2726 ab
2065 2693 2127 2727 eo
2150 2678 2274 2726 inde
2298 2683 2552 2740 tempore,
2576 2692 2682 2742 quo

1597 2745 1909 2796 Herodotus
1936 2746 2072 2795 haec
2109 2746 2402 2806 scribebat,
2439 2745 2683 2795 nonnihil

1597 2810 1717 2865 es'se
1756 2821 1975 2864 auctum
2016 2820 2072 2865 et
2110 2820 2444 2879 provectum.
2520 2814 2680 2864 Conf.

1597 2900 1763 2949 supra
1796 2885 1864 2933 ad
1903 2885 1976 2946 II,
2018 2885 2051 2934 6
2086 2884 2254 2933 allata
2279 2885 2461 2949 ibique
2494 2884 2681 2933 lauda-

1596 2959 1711 3003 tum
1746 2953 2125 3015 Letronnium,
2172 2955 2262 3018 qui
2298 2970 2349 3018 p.
2394 2953 2492 3004 136
2527 2969 2680 3018 seqq.

1596 3024 1652 3072 in
1678 3024 1782 3072 hoe
1817 3023 1938 3073 loco
1964 3025 2252 3073 tractando
2270 3023 2407 3073 bene
2433 3023 2681 3073 adhibuit

1595 3093 1893 3143 Diodorum
1932 3092 1975 3155 1,
2028 3095 2094 3144 57
2130 3098 2471 3156 narrantem,
2523 3094 2681 3144 Seso-

1598 3162 1752 3211 strim
1775 3163 2011 3227 Aegypti
2025 3167 2209 3227 partes
2236 3163 2305 3212 ad
2319 3164 2485 3213 solem
2509 3163 2681 3212 orien-

1598 3236 1705 3280 tem
1731 3236 2042 3295 spectantes
2078 3232 2373 3281 munivisse
2404 3248 2555 3282 muro
2585 3248 2681 3296 per

1596 3300 1773 3349 media
1834 3300 2050 3350 deserta
2107 3292 2228 3362 (διὰ
2285 3299 2386 3364 τῆς
2443 3293 2678 3365 ἐρήμου)

1596 3369 1723 3418 inde
1758 3385 1792 3419 a
1827 3368 2045 3419 Pelusio
2073 3385 2245 3433 usque
2278 3370 2345 3418 ad
2366 3369 2681 3433 Heliopoliu

1597 3437 1788 3499 ducto,
1823 3437 2164 3503 longitudine
2203 3438 2501 3486 stadiorum
2536 3437 2682 3486 mille

1597 3507 2013 3571 quingentorum
2061 3498 2145 3570 (τὸ
2192 3503 2374 3570 μῆκος
2410 3497 2502 3555 ἐπὶ
2553 3520 2679 3555 στα-

1595 3574 1758 3630 δίους
1809 3575 2025 3639 χιλίους
2074 3569 2169 3623 καὶ
2223 3574 2678 3638 πεντακασίους).

1594 3644 1822 3694 Accedit
1858 3644 2055 3694 Strabo
2092 3643 2268 3693 XVII.
2306 3659 2359 3707 p.
2400 3646 2506 3696 804
2543 3661 2587 3694 s.
2624 3661 2679 3709 p.

1602 3713 1753 3775 1156,
1794 3705 1888 3777 qui
1938 3728 2002 3762 ex
2038 3711 2379 3762 Artemidoro
2416 3713 2610 3770 refert,
2648 3723 2683 3762 a

1597 3781 1815 3832 Pelusio
1840 3796 2015 3845 usque
2035 3782 2102 3844 ad
2126 3782 2362 3846 regionis
2389 3782 2553 3832 Delta
2569 3783 2684 3846 api-

1600 3867 1733 3911 cem,
1771 3867 1877 3915 quo
1916 3851 2036 3915 ipso
2070 3849 2383 3915 Heliopoliu
2408 3852 2683 3916 designari

1599 3926 2043 3982 consentaneum,
2069 3935 2190 3969 esse
2208 3920 2313 3969 iter
2335 3921 2401 3972 25
2421 3921 2684 3971 schoeno-

1597 4005 1713 4038 rum
1751 4004 1796 4040 s.
1829 3989 1932 4039 750
1961 3989 2289 4050 stadiorum3
2331 4006 2469 4055 quae
2500 3991 2684 4040 stadia

1597 4059 1645 4107 si
1683 4057 1751 4107 ad
1798 4074 1917 4107 eam
1965 4060 2260 4121 rationem,
2309 4075 2469 4124 quam
2516 4075 2682 4124 supra

1598 4143 1662 4177 ex
1696 4127 1992 4177 Letronnio
2020 4128 2368 4192 protulimus,
2406 4129 2683 4194 duplican-

1597 4201 1715 4257 tur,
1768 4196 1956 4245 itidem
2010 4197 2249 4247 efficient
2299 4198 2432 4248 1500
2480 4198 2679 4248 stadia.

1596 4266 1793 4329 Itaque
1848 4266 2198 4332 intelligitur,
2259 4267 2597 4317 Herodotum
2646 4282 2680 4316 a

1598 4335 1862 4384 mensuris
1899 4336 2062 4401 vulgo
2100 4336 2334 4399 receptis
2378 4351 2488 4386 non
2538 4351 2682 4385 rece-

1598 4404 1723 4460 dere
1753 4405 1982 4474 viaeque
2015 4405 2230 4460 initium
2269 4405 2475 4476 cepisse
2512 4420 2544 4456 a
2582 4406 2682 4458 Pe-
