3109 5092
942 373 1077 435 AD
1121 332 1635 474 nano-Dor.
1678 372 1774 447 11,
1822 379 1944 436 175.
2191 385 2196 389 ·
2434 369 2578 432 <893

303 549 629 619 stinguunt,
662 562 850 617 unum,
881 546 1032 619 quod
1061 551 1227 618 caput
1256 546 1552 602 arietinum
1581 547 1800 613 leonino
1835 545 2056 617 corpori
2084 544 2395 616 impositum
2425 544 2576 597 exhi-

306 635 428 703 bet3
460 634 712 703 alterum,
745 632 894 705 quod
923 632 1188 686 muliebre
1210 638 1378 703 caput
1394 632 1616 686 leonino
1646 630 1867 702 corpori
1890 630 2124 683 inditum
2147 631 2405 699 praebetz
2436 629 2577 681 tales

302 736 437 771 vero
467 718 774 788 Sphinges,
817 717 1011 790 quales
1040 718 1314 771 Herodoti
1355 717 1512 770 locus
1554 716 1792 785 indicat,
1837 708 2284 786 ἀνδρόσφιγγας,
2324 715 2363 767 ἰ.
2398 733 2448 767 e.
2482 714 2585 766 oiri

303 808 471 873 caput
496 804 765 870 ferentes,
796 803 1007 856 Thebis
1037 807 1188 856 certe
1217 821 1281 856 se
1306 800 1516 855 vidisse
1546 808 1754 870 negant
1772 798 1851 868 ¹⁴¹).
1910 801 2027 864 Qui
2052 806 2184 871 post
2209 799 2337 852 illos
2373 816 2579 853 omnem

301 888 615 958 Aegyptum
660 889 894 959 eiusque
934 894 1280 943 monumenta
1326 894 1549 940 vetusta
1584 893 1841 939 accurate
1886 892 2272 957 perscrutatus
2315 891 2407 937 est
2437 883 2573 935 Wil-

303 972 503 1025 kinson
522 969 645 1040 **),
691 971 892 1042 triplex
922 973 1231 1043 Sphingum
1270 989 1451 1040 genus
1493 990 1595 1041 per
1635 970 1948 1042 Aegyptum
1987 969 2337 1038 observavit,
2389 985 2574 1036 unum,

300 1057 358 1110 in
390 1073 499 1129 quo
528 1055 748 1110 leonino
777 1058 996 1127 corpori
1038 1057 1354 1127 impositum
1397 1063 1486 1109 est
1524 1072 1728 1126 corpus
1760 1057 2076 1124 humanum,
2114 1056 2374 1124 alterum,
2427 1053 2576 1125 quod

300 1141 510 1210 arietis,
539 1142 781 1209 tertium,
814 1141 964 1214 quod
993 1141 1274 1212 accipitris
1298 1143 1411 1194 fert
1439 1146 1608 1211 caput
1637 1139 1858 1194 leonino
1885 1140 2105 1212 corpori
2133 1138 2394 1208 additum,
2426 1138 2577 1191 sive:

302 1227 762 1299 Androsphinges,
793 1229 1201 1299 Criospltingcs,
1229 1226 1738 1298 Hieracosplu'ngen
1782 1225 2045 1296 Sphingis
2075 1242 2209 1279 vero
2242 1225 2423 1293 figura
2458 1241 2579 1275 cum

300 1311 370 1364 ad
410 1312 615 1379 regiam
655 1312 979 1380 dignitatem
1012 1310 1391 1365 declarandam
1435 1311 1726 1381 ipsumque
1757 1329 1941 1380 regem
1979 1311 2118 1365 adeo
2150 1314 2576 1378 repraesentan-

301 1396 428 1448 dum
457 1395 671 1463 valeat,
713 1397 850 1449 adeo
869 1403 947 1470 *ut
975 1398 1033 1449 in
1067 1395 1214 1450 notis
1245 1395 1672 1465 hieroglyphicis
1703 1394 1971 1467 Sphingis
2011 1397 2193 1464 figura
2240 1392 2444 1446 domini
2488 1410 2576 1445 re-

301 1479 462 1548 gisve
494 1480 647 1533 notio
678 1481 1029 1549 significetur
1043 1477 1191 1547 ***)‚
1233 1480 1510 1550 Sphingos
1545 1478 1676 1532 inde
1703 1479 1976 1533 masculos
2009 1498 2136 1533 esse
2165 1478 2387 1543 debere,
2435 1478 2576 1531 idem

299 1565 387 1617 vir
417 1565 616 1618 doctus
657 1565 1013 1635 pronuntiat,
1064 1558 1511 1634 ἀνδρόσφιγγας,
1563 1569 1625 1617 ut
1668 1564 1988 1618 Herodotus
2032 1563 2298 1636 loquitur.
2371 1562 2573 1633 Atque,

299 1649 406 1702 alia
445 1653 509 1703 ut
548 1656 785 1718 taceam,
845 1650 1093 1703 miranda
1137 1649 1230 1702 illa
1272 1649 1538 1720 Sphingis
1584 1648 1783 1716 moles,
1841 1667 1983 1721 quae
2023 1667 2054 1702 e
2101 1665 2233 1701 saxo
2288 1646 2578 1718 exsculpta

298 1739 428 1786 ante
456 1734 770 1805 pyramides
802 1736 1082 1801 cernitur,
1128 1736 1352 1789 hominis
1390 1735 1640 1805 adeoque
1669 1735 1769 1787 viri
1796 1734 1989 1787 faciem
2033 1732 2277 1787 ostendit
2292 1732 2390 1799 ᾧ).
2434 1749 2576 1784 mas-

299 1818 565 1892 culosque
606 1819 882 1888 Sphinges
926 1819 1078 1872 solos
1123 1821 1241 1872 fere
1299 1835 1399 1888 per
1439 1818 1753 1888 Aegyptum
1794 1818 2040 1872 inveniri
2090 1825 2240 1871 recte
2290 1815 2579 1869 contendit

299 1903 583 1971 Seyfferth
596 1904 702 1971 Η)
732 1909 899 1975 atque
920 1903 1257 1975 champollio
1271 1903 1433 1970 †††).
1498 1902 1695 1975 Itaque
1717 1908 1867 1956 recte
1887 1903 2211 1958 Herodotus
2240 1894 2581 1970 ἀνδρόσφιγ-

300 2006 401 2056 γας
445 1986 585 2039 dixit
609 1988 912 2057 Sphingum
955 1996 1200 2055 statuas,
1255 2005 1398 2058 quae
1424 1988 1524 2041 viri
1554 1988 1749 2041 faciem
1791 1990 1985 2061 utique
2025 2006 2160 2058 prae
2202 2006 2266 2041 se
2297 1987 2572 2040 ferebant.

299 2072 403 2125 His
433 2071 605 2140 igitur
631 2072 937 2143 sphingum
965 2074 1166 2142 figuris
1198 2075 1489 2127 humanum
1515 2071 1603 2126 vel
1638 2073 1797 2127 etiam
1828 2074 2124 2127 arietinum
2152 2078 2321 2142 caput
2349 2070 2573 2125 leonino

300 2157 519 2228 corpori
551 2157 862 2226 impositum
897 2159 1323 2229 praebentibus,
1352 2157 1733 2226 magnitudine
1765 2175 1867 2212 sua
1898 2165 2066 2230 atque
2089 2157 2291 2212 ambitu
2321 2155 2572 2209 colossos

299 2243 419 2294 fere
447 2242 818 2312 aequantibus
849 2243 983 2315 quid
1012 2244 1228 2297 omnino
1252 2242 1514 2312 Aegyptii
1541 2241 1789 2297 indicare
1818 2243 2099 2296 voluerint
2116 2241 2322 2315 quidve
2352 2239 2571 2295 omnino

301 2327 636 2398 spectarint,
671 2327 722 2379 si
751 2343 1078 2398 quaeramus
1102 2335 1393 2399 menteque
1425 2326 1589 2380 simul
1623 2334 1970 2397 reputemus,
2018 2327 2329 2381 huiusmodi
2358 2327 2569 2395 figuras

301 2429 368 2463 ex
411 2411 683 2464 hominum
727 2429 907 2484 aeque
959 2432 1024 2466 ac
1064 2412 1347 2466 beluarum
1391 2412 1647 2482 partibus
1693 2413 2023 2484 compositas
2070 2413 2219 2483 apud
2258 2410 2569 2481 Aegyptios

303 2513 410 2548 non
449 2496 629 2548 minus
659 2497 986 2567 frequenter
1020 2515 1180 2569 quam
1207 2496 1356 2567 apud
1387 2496 1683 2566 Assyrios,
1734 2498 1970 2566 Persas,
2012 2498 2150 2550 alios
2180 2495 2447 2565 reperiri,
2491 2493 2570 2546 al-

302 2580 415 2634 tius
452 2580 585 2652 quid
617 2582 920 2636 tesseraria
948 2584 1165 2636 ratione
1195 2582 1517 2650 significari,
1562 2583 1711 2654 quod
1741 2582 1809 2635 ad
1840 2581 2139 2649 religiones
2171 2586 2228 2632 et
2258 2597 2415 2633 sacra
2438 2579 2569 2630 deo-

303 2681 421 2717 rum
448 2665 744 2736 pertineat,
776 2667 1016 2721 dubitari
1045 2667 1139 2721 vix
1171 2666 1396 2737 poterit.
1461 2667 1657 2737 Itaque
1691 2666 1837 2718 Galli
1866 2665 1946 2717 illi
1976 2666 2255 2736 Sphinges
2284 2665 2352 2717 ad
2384 2664 2572 2717 sidera

299 2754 467 2821 atque
508 2749 801 2805 Zodiacum
832 2749 923 2822 ¹⁸¹),
965 2751 1214 2824 inprimis
1255 2752 1326 2805 ad
1365 2753 1543 2805 Solem
1583 2769 1845 2804 revocare
1887 2750 2255 2818 studuerunt,
2303 2750 2374 2802 ad
2414 2765 2575 2821 quem

446 3000 500 3067 ²⁸)
536 3001 574 3053 1.
611 3001 649 3053 1.
688 3019 743 3069 p.
783 3003 906 3055 258.

440 3091 529 3159 **)
576 3094 834 3145 Manners
870 3098 976 3144 ete.
1025 3093 1131 3144 ΠΙ.
1168 3109 1222 3159 p.
1253 3093 1340 3147 23.
1377 3091 1498 3144 Sec.
1537 3092 1656 3144 Ser.
1682 3091 1759 3143 II.
1796 3107 1849 3156 p.
1880 3089 1984 3142 200
2003 3106 2156 3157 seqq.
2230 3090 2406 3156 Anglo
2451 3089 2574 3141 viro

301 3162 464 3214 docto
512 3163 887 3229 adstipulatur
919 3162 1153 3229 Ampere
1189 3164 1276 3213 in:
1333 3162 1524 3215 Revue
1563 3162 1615 3213 d.
1648 3162 1793 3214 deux
1831 3161 2056 3213 mondes
2096 3160 2282 3228 (1846)
2318 3162 2384 3212 Τ.
2424 3161 2572 3212 XVI.

299 3248 354 3297 p.
392 3232 496 3287 683
531 3249 684 3299 seqq.

440 3322 564 3388 ***)
598 3326 682 3375 De
710 3339 816 3388 quo
842 3327 1027 3373 tamen
1050 3321 1269 3373 dubitat
1295 3323 1360 3372 E.
1386 3321 1450 3373 C.
1470 3322 1838 3386 Ravenshaw‚
1872 3323 1968 3389 qui
2003 3321 2070 3372 de
2089 3318 2425 3386 Sphingibus
2462 3318 2572 3370 dis·

302 3395 472 3445 seruit
501 3395 560 3442 in
593 3394 785 3444 Journ.
822 3391 882 3440 of
913 3390 1010 3442 the
1039 3392 1253 3444 Asiatic
1279 3390 1502 3456 Society
1538 3392 1687 3456 XVI,
1726 3391 1774 3442 1.
1810 3407 1865 3458 Ρ.
1914 3392 2028 3442 104.

440 3483 500 3550 †)
539 3484 678 3536 Vide
712 3484 902 3535 Revue
936 3480 1259 3548 Archeolog.
1294 3482 1363 3532 X.
1404 3496 1458 3546 p.
1497 3482 1600 3533 715
1635 3499 1788 3549 seqq.

443 3574 540 3640 ††)
579 3575 833 3640 Beitriige
867 3590 965 3625 zur
981 3574 1178 3627 Gesch.
1211 3574 1262 3625 d.
1296 3574 1394 3623 alt.
1420 3574 1655 3638 Aegypt.
1680 3575 1754 3625 11.
1782 3590 1836 3639 Ρ.
1862 3573 1980 3625 187.
2044 3571 2345 3637 Triplicem
2374 3569 2570 3635 Sphin-

299 3661 423 3712 gem
449 3644 668 3695 exhibet
689 3645 1020 3711 Guigniaut=
1054 3644 1335 3709 Religions
1366 3642 1737 3708 d'Antiquites
1774 3648 1879 3694 etc.
1920 3643 1984 3693 T.
2011 3643 2107 3693 IV.
2145 3643 2207 3692 Ρ.
2238 3643 2287 3692 2.
2323 3639 2396 3706 pl.
2422 3641 2569 3702 XLI,

300 3716 396 3767 ubi
444 3715 734 3767 exhibetur
780 3731 863 3766 nr.
905 3716 1004 3767 170
1051 3713 1293 3779 Sphinx,
1341 3714 1500 3764 cuius
1546 3713 1765 3779 corpori
1809 3713 2028 3764 leonino
2070 3712 2366 3762 arietinum
2404 3715 2573 3775 caput

301 3786 618 3853 impositum
649 3789 766 3848 est,
805 3801 886 3836 nr.
929 3783 1029 3837 169
1065 3783 1274 3850 Sphinx
1313 3782 1484 3833 faciei
1517 3783 1801 3848 virgineae
1839 3787 1897 3833 et
1933 3797 2015 3832 nr.
2059 3781 2159 3833 170
2212 3779 2423 3845 Sphinx
2460 3781 2571 3832 viri

302 3861 473 3921 caput
506 3855 727 3906 leonino
765 3857 985 3921 corpori
1019 3854 1338 3920 impositum
1376 3856 1719 3914 monstrans;
1760 3851 1832 3902 cf.
1872 3851 2231 3917 Explica-tion
2264 3850 2396 3902 ibid.
2426 3851 2487 3901 P.
2524 3852 2571 3901 l.

304 3941 359 3991 Ρ.
399 3925 468 3977 53
504 3941 619 3991 seq.
660 3925 783 3976 coll.
823 3926 889 3975 Τ.
930 3924 976 3975 Ι.
1012 3924 1077 3977 Ρ.
1109 3925 1160 3974 2.
1198 3939 1253 3988 Ρ.
1282 3920 1404 3975 503.

442 4015 580 4082 †††)
615 4015 902 4066 Pantheon
927 4015 1201 4081 Egyptien
1222 4012 1305 4064 Pl.
1327 4014 1413 4064 24.
1437 4014 1502 4064 E.
1538 4011 1660 4078 (ubi
1679 4011 1809 4063 talis
1830 4010 2088 4077 Sphingis
2108 4010 2343 4063 masculi
2367 4026 2433 4061 ac
2450 4010 2573 4060 bar-

300 4085 423 4136 bati
455 4087 752 4151 imaginem
781 4083 1081 4149 exhibuit):
1124 4083 1228 4148 „la
1257 4082 1373 4133 tete
1401 4082 1661 4133 humaine
1694 4082 1761 4133 de
1800 4081 1856 4131 la
1888 4081 2008 4147 plus
2042 4082 2250 4148 grande
2288 4081 2466 4146 partie
2504 4078 2570 4129 de

301 4154 510 4220 Sphinx
547 4156 613 4205 de
648 4154 854 4205 travail
888 4152 1307 4207 veritablement
1344 4154 1651 4218 Egyptien,
1685 4155 1772 4202 est
1800 4167 1909 4202 une
1939 4152 2053 4203 tete
2088 4151 2250 4214 male,
2287 4145 2573 4201 characte-

301 4223 447 4276 risee
485 4239 586 4289 par
610 4224 666 4274 la
699 4224 934 4275 barbe.“

443 4314 498 4381 *)
535 4301 671 4368 Inde
709 4332 923 4382 quoque
949 4317 1064 4368 Fea
1084 4315 1123 4366 l.
1146 4329 1314 4380 supra
1331 4312 1370 4363 l.
1408 4312 1683 4379 Sphinge,
1726 4310 1871 4378 qnod
1904 4310 2082 4363 leonis
2119 4316 2174 4360 et
2210 4309 2439 4375 virginis
2474 4305 2572 4357 hu-

302 4389 725 4508 ffizplagrgartes
763 4386 960 4450 habet,
999 4387 1106 4436 duo
1141 4383 1370 4436 Zodiaei
1399 4384 1556 4448 signa
1577 4418 1590 4444 ,
1624 4380 1839 4432 leonem
1872 4383 1928 4431 et
1963 4379 2264 4445 virginem,
2302 4376 2575 4428 declarari
