3109 5092
420 345 543 407 564

1286 339 1831 402 HERODOTI

414 538 524 586 σαι
568 522 1060 605 κροταλίζουσι,
1114 517 1183 583 οἰ
1216 514 1289 582 δὲ
1331 511 1650 583 αὐλέουσι
1700 511 1868 581 κατὰ
1908 512 2127 583 πάντα
2165 511 2286 584 τὸν
2338 513 2579 584 πλόον·
2631 518 2712 583 αἰ

417 620 491 689 δὲ
520 621 748 689 λοιπαὶ
788 634 1105 705 γυναῖκες
1132 619 1245 686 καὶ
1282 614 1527 708 ἄνδρες
1567 613 1871 686 ἀείδουσι
1912 618 2026 686 καὶ
2062 613 2178 697 τὰς
2207 632 2434 707 χεῖρας
2468 619 2698 707 κροτέ-

415 744 590 793 ουσι.
676 720 884 792 ἐπεὰν
925 722 1000 791 δὲ
1057 723 1373 800 πλέοντες
1416 719 1585 788 κατά
1625 747 1780 789 τινα
1836 720 2034 790 πόλιν
2087 716 2302 808 ἄλλην
2343 724 2696 808 γένωνται,

417 830 903 916 ἐγχρίμψαντες
944 820 1068 913 τὴν
1115 828 1320 912 βᾶριν
1361 828 1559 932 riam?
1595 828 1861 892 ποιεῦσι
1894 822 2143 892 τοιάδε.
2231 828 2306 891 αἱ
2348 826 2476 913 μέν
2517 849 2698 903 τινες

414 934 553 999 τῶν
591 933 941 1016 γυναικῶν
972 931 1274 1012 ποιεῦσι,
1317 925 1527 1013 τάπερ
1560 936 1829 1014 εἴρηκα·
1885 931 1963 995 αἱ
1990 926 2065 995 δὲ
2107 925 2482 1009 τωθάζουσι
2518 932 2694 1013 βοῶ-

413 1053 527 1101 σαι
565 1030 681 1112 τὰς
721 1035 796 1101 ἐν
835 1036 916 1119 τῇ
951 1029 1142 1099 πόλει
1186 1031 1395 1117 ταύτῃ
1437 1044 1798 1115 γυναῖκας,
1851 1033 1926 1096 αἱ
1961 1024 2027 1096 δ’
2073 1025 2458 1118 ὀρχέονται,
2514 1032 2590 1097 αἰ
2625 1026 2691 1098 δ’

417 1132 869 1222 ἀνασύρονται
906 1118 1363 1220 ἀνιστάμεναι.
1445 1136 1657 1200 ταῦτα
1687 1128 1866 1222 παρὰ
1896 1136 2117 1199 πᾶσαν
2158 1131 2360 1200 πόλιν
2385 1158 2694 1221 παραπο-

416 1337 686 1397 quuntur,
742 1332 879 1396 ipsis
939 1331 1328 1382 confirmantur
1377 1332 1507 1381 ima-

416 1402 666 1466 ginibus,
705 1400 894 1466 quales
920 1399 1097 1451 adhuc
1124 1401 1389 1465 praebent
1413 1416 1510 1450 ve-

416 1471 548 1520 teris
584 1470 823 1535 Aegypti
863 1474 1232 1521 monumenta.
1295 1469 1359 1518 In
1395 1469 1508 1535 qui-

415 1541 518 1591 bus
571 1545 862 1590 occurrunt
907 1539 1157 1590 mulieres
1203 1538 1510 1603 crepitacu-

416 1609 527 1659 lum
582 1610 698 1659 sive
754 1610 977 1659 sistrum
1034 1610 1342 1674 agitantes:
1401 1607 1510 1657 nisi

415 1678 577 1729 malis
623 1679 679 1728 in
724 1679 1036 1729 Herodoteo
1091 1676 1214 1728 loco
1263 1668 1509 1741 κρόταλα

417 1747 483 1799 de
516 1748 755 1815 cymbalis
793 1748 1114 1814 intelligere,
1152 1751 1215 1797 ut
1251 1747 1508 1811 proponit

417 1817 745 1868 Wilkinson.
768 1818 1025 1868 Manners
1052 1817 1131 1868 11.
1156 1833 1211 1882 p.
1232 1815 1336 1867 318
1359 1814 1506 1880 (coll.

417 1902 528 1938 sec.
567 1902 672 1937 ser.
711 1887 760 1939 1.
786 1903 841 1952 p.
864 1886 994 1951 279)
1018 1887 1256 1952 itemque
1287 1884 1508 1936 Rossel-

414 1956 515 2006 lini
559 1957 898 2008 Monument.
947 1956 1093 2008 civil.
1147 1954 1259 2006 111.
1315 1969 1369 2019 p.
1418 1954 1504 2017 59,

416 2026 511 2091 qui
545 2041 654 2076 non
693 2025 761 2076 de
807 2042 872 2076 eo
919 2026 1308 2085 instrumento,
1362 2024 1507 2088 quod

415 2094 548 2144 Itali
586 2109 731 2145 nune
765 2099 966 2145 vocant
1006 2095 1257 2144 ndccleera
1294 2092 1382 2143 hic
1419 2108 1506 2143 co-

415 2162 699 2228 gitandum
737 2178 858 2213 esse
891 2167 1079 2227 putat,
1128 2163 1224 2212 sed
1260 2162 1329 2212 de
1364 2177 1508 2226 cym-

416 2231 557 2282 balis
593 2232 806 2296 parvis,
846 2231 1097 2296 qualibus
1133 2230 1311 2280 adhuc
1347 2236 1508 2280 utun-

415 2304 506 2351 tur
527 2299 835 2350 saltatrices
852 2300 1120 2366 (altamdzy
1140 2315 1285 2350 nunc
1306 2315 1508 2350 vocau-

418 2369 528 2435 tur)
568 2384 663 2434 per
691 2369 1017 2435 Aegyptum.
1083 2368 1278 2419 Tibiae
1323 2374 1507 2419 autem

417 2454 622 2505 eaeque
657 2439 796 2488 varii
820 2439 1036 2504 generis
1068 2438 1508 2503 frequentissime

415 2508 787 2572 inveniuntur,
860 2523 1088 2574 quarum
1134 2522 1266 2557 usus
1319 2507 1506 2558 admo—

417 2578 543 2629 dum
586 2578 885 2629 communis
925 2578 1145 2629 videtur
1191 2577 1364 2627 fuisse
1407 2593 1505 2643 per

414 2649 754 2714 Aegyptum:
812 2646 922 2698 vid.
973 2647 1132 2698 modo
1174 2646 1501 2697 Wilkinson.

414 2717 454 2769 l.
479 2718 518 2769 l.
543 2735 597 2782 p.
629 2717 737 2768 232
768 2733 918 2783 seqq.
948 2716 1044 2769 301
1076 2732 1227 2782 seqq.
1250 2716 1372 2778 316,
1411 2716 1505 2781 qui

413 2788 555 2837 varii
575 2786 789 2852 generis
812 2786 1068 2836 tibicines
1096 2786 1332 2848 exhibet,
1352 2787 1506 2836 item-

415 2871 522 2921 que
563 2853 859 2906 Rossellini
893 2854 930 2904 1.
968 2854 1007 2906 l.
1051 2871 1105 2919 p.
1156 2855 1224 2905 26
1258 2870 1376 2919 seq.
1415 2854 1500 2906 76.

414 2924 530 2974 Nec
581 2925 758 2973 minus
816 2923 1130 2988 frequenter
1188 2927 1505 2987 comparent

345 3041 360 3046 -
417 2996 674 3042 ementes
694 2989 942 3041 mulieres
961 2994 1279 3056 praesertim
1301 2993 1356 3041 in
1374 2993 1507 3041 ima—

415 3061 633 3126 ginibus
669 3059 805 3122 illis,
853 3074 988 3124 quas
1026 3060 1363 3122 Wilkinson,
1408 3061 1508 3111 alii

416 3129 777 3179 exhibuerunt
793 3164 806 3190 ,
867 3128 1117 3179 manibus
1183 3130 1505 3194 plaudentes

414 3198 517 3265 (cf.
554 3196 886 3250 Wilkinson.
923 3197 961 3248 l.
999 3196 1036 3247 l.
1073 3214 1202 3264 pag.
1241 3195 1400 3260 239):
1446 3200 1503 3250 id

416 3283 589 3389 5332.
628 3282 976 3387 ’Ξῗὲἶῃίἒω
991 3266 1506 3402 ⁰3335..3.'322“3ffi

416 3421 640 3474 eemque
674 3406 811 3457 adeo
846 3405 1211 3456 adiuvandam
1247 3407 1505 3458 observat

415 3475 712 3528 Rossellini
747 3475 784 3526 1.
819 3476 859 3527 l.
895 3491 949 3540 p.
989 3474 1075 3526 58.

487 3540 548 3595 οἰ
590 3539 655 3595 δὲ
698 3540 962 3594 αὐλέουσι
1007 3535 1151 3594 κατὰ
1183 3535 1370 3593 πάντα
1403 3536 1505 3593 τὸν

414 3607 618 3679 πλόον]
669 3616 790 3665 Iam
834 3628 1001 3679 supra
1047 3612 1131 3678 11,
1179 3614 1247 3665 48
1295 3613 1504 3663 inveni-

417 3698 535 3734 mus
558 3684 751 3734 tibiam
771 3684 827 3733 in
845 3683 1116 3734 Bacchico
1138 3683 1308 3742 fest03
1334 3698 1503 3747 quare

415 3767 524 3802 non
559 3753 753 3803 mirum
783 3754 840 3802 in
872 3752 974 3803 hoc
1008 3767 1222 3819 quoque
1257 3752 1396 3802 festo
1435 3753 1501 3801 ti-

414 3820 539 3871 biae
589 3821 768 3872 locum
813 3821 1006 3884 fuisse,
1062 3826 1124 3871 ut
1173 3823 1228 3870 in
1277 3820 1501 3886 reliquis

415 3889 531 3939 fere
565 3888 726 3939 buius
754 3891 934 3955 gentis
960 3891 1119 3941 festis
1152 3890 1501 3952 solemnibus,

415 3958 661 4021 Dionyso
686 3974 730 4008 s.
753 3958 958 4009 Osiridi
984 3959 1317 4009 consecratis
1333 3996 1346 4021 ,
1381 3975 1502 4009 cum

417 4025 628 4076 cithara
663 4028 837 4092 magis
875 4028 945 4077 ad
989 4028 1301 4079 sacerdotes
1336 4034 1503 4093 atque

416 4094 620 4145 cultum
640 4095 1054 4147 reconditiorem
1075 4097 1402 4161 pertinuisse
1422 4098 1502 4146 vi-

416 4162 628 4214 deatur.
715 4165 851 4215 Inde
896 4164 1103 4215 Osiridi
1150 4181 1365 4231 quoque
1409 4166 1502 4217 ad-

415 4233 671 4285 scribitur
705 4233 844 4283 tibia
873 4233 1173 4295 inventori,
1213 4250 1319 4301 qua
1354 4236 1500 4287 feras

414 4306 606 4370 gentes
665 4302 937 4369 rudesque
1003 4303 1326 4366 excoluerit3
1399 4320 1499 4355 nec

415 4373 557 4424 enim
592 4370 689 4424 illa
734 4372 805 4423 ad
840 4372 1068 4425 alteram
1103 4378 1337 4425 aetatem
1381 4389 1501 4439 per-

1609 1331 1783 1381 tinere
1817 1329 2061 1392 videtur,
2098 1345 2207 1396 qua
2232 1333 2292 1381 in
2322 1330 2561 1383 deterius
2586 1332 2698 1382 iam

1609 1399 1767 1466 lapsa
1803 1400 1967 1450 fuerit
2003 1400 2234 1466 antiqua
2272 1403 2486 1452 musica
2519 1416 2698 1463 sacra,

1611 1469 1706 1519 sed
1743 1485 1917 1535 aequo
1950 1471 2069 1519 iure
2111 1470 2278 1534 priori
2324 1486 2462 1522 aevo
2499 1471 2702 1522 adscri-

1610 1538 1814 1601 benda,
1862 1539 1957 1589 ubi
2003 1539 2060 1588 in
2116 1540 2267 1605 vulgi
2314 1541 2472 1590 festis
2515 1555 2701 1590 neces·

1611 1609 1759 1659 sario
1809 1608 2187 1659 adhibebatur.
2271 1610 2395 1662 Vid.
2445 1610 2737 1661 Crenaeri·

1612 1677 1853 1743 Symbol.
1899 1678 1977 1728 11.
2014 1693 2070 1743 p.
2113 1679 2263 1745 1722,
2311 1681 2404 1745 qui
2438 1679 2544 1731 hoc
2576 1677 2699 1729 loco

1610 1747 1855 1811 inprimis
1906 1747 2141 1797 conferri
2187 1747 2306 1798 vult
2351 1749 2589 1799 Iomard.
2639 1748 2699 1798 in

1607 1816 1882 1880 Descript.
1905 1815 1973 1866 de
1995 1815 2137 1881 l'Eg.
2159 1816 2379 1883 Antiqq.
2397 1819 2445 1870 1.
2468 1817 2523 1881 (3
2542 1817 2699 1880 livr.)

1608 1901 1735 1950 pag.
1774 1887 1897 1936 422.
1931 1915 2000 1924 —
2042 1884 2127 1934 Ad
2161 1901 2350 1936 vocem
2383 1880 2548 1953 βάρις
2582 1887 2696 1938 vid.
2792 1955 2811 1970 .

1608 1955 1684 2016 11,
1714 1953 1783 2005 96
1815 1955 1945 2020 ibiq.
1984 1959 2098 2003 not.

1679 2013 2089 2088 ἐγχρίμψαντες
2132 2016 2238 2089 τὴν
2289 2016 2458 2090 βάριν
2491 2022 2561 2090 τῇ
2595 2021 2692 2090 γῇ]

1607 2093 1886 2143 Revocavi
1905 2083 2033 2156 ἐγχρ
2045 2090 2073 2140 ί
2076 2106 2114 2155 μ
2126 2101 2359 2156 ψαντες,
2378 2093 2522 2158 quod
2541 2093 2699 2144 Gais-

1612 2161 1820 2211 fordius
1856 2166 2167 2211 mutaverat
2202 2178 2231 2212 e
2278 2161 2436 2213 codd.
2477 2162 2698 2228 quibus-

1610 2229 1734 2281 dam
1763 2231 1818 2280 in
1844 2221 2228 2295 ἐγχρίψαντες,
2269 2247 2430 2297 quam
2467 2233 2696 2282 formam

1609 2300 1679 2350 ab
1728 2300 2010 2350 Herodoto
2077 2299 2312 2350 alienam
2380 2316 2501 2354 esse
2559 2302 2696 2350 satis

1609 2372 1916 2420 monstrant
1950 2384 2042 2429 ea,
2083 2385 2224 2434 quae
2247 2369 2436 2420 attulit
2461 2369 2695 2421 Bredov.

1608 2454 1662 2503 p.
1690 2437 1780 2490 48.
1843 2440 1927 2488 Ex
1962 2438 2243 2489 Herodoto
2280 2438 2385 2489 buc
2422 2439 2698 2504 pertinent

1608 2507 1743 2558 loci:
1792 2507 1866 2568 II,
1905 2505 1993 2559 93.
2032 2507 2139 2572 111,
2174 2508 2262 2559 85.
2299 2508 2397 2570 IV,
2441 2507 2556 2559 113.
2594 2509 2693 2571 IX,

1605 2576 1691 2626 98.
1779 2576 1921 2627 Add.
1961 2575 2217 2642 Aeschyli
2262 2577 2538 2628 Prometh.
2591 2578 2694 2629 738

1607 2645 1695 2697 ed.
1731 2645 1929 2695 Blomf.
2001 2645 2162 2698 Valet
2193 2651 2375 2697 autem
2411 2650 2693 2711 appellere,

1607 2717 2046 2780 appropinquare,
2117 2731 2237 2765 cum
2304 2716 2554 2781 primitus
2620 2717 2695 2765 sit

1601 2799 1852 2849 pungere,
1912 2785 2131 2847 radere,
2180 2791 2236 2835 et
2264 2784 2331 2835 de
2368 2785 2571 2850 scorpii
2604 2784 2695 2835 vel

1605 2853 2365 2974 ἶνῖῗιρῖηιῖζὶἶέἒέῗῗιὲἰὶῑ
2382 2858 2692 2974 ῗὲἔΡὲιῖῗῖ·

1605 3006 1661 3056 p.
1703 2992 1804 3042 104
1838 3006 1952 3057 seq.
1993 2998 2049 3041 et
2085 2992 2227 3055 alia,
2278 3007 2417 3058 quae
2450 2993 2541 3044 hic
2579 2992 2694 3043 lau-

1607 3061 1742 3114 dant
1786 3061 2130 3126 interpretes.
2179 3089 2247 3098 —
2309 3063 2541 3113 Verbum
2587 3077 2693 3112 τω-

1605 3122 1830 3192 θάζειν,
1870 3145 1976 3195 quo
2008 3148 2133 3181 mox
2158 3131 2357 3182 Noster
2383 3132 2573 3194 utitur,
2612 3147 2693 3181 re-

1607 3204 1696 3250 cte
1765 3201 1987 3263 exponit
2045 3200 2301 3251 Timaeus
2369 3200 2690 3252 Platonicus

1607 3270 1763 3334 (pag.
1819 3267 1951 3332 261)
2014 3260 2323 3333 χλευάζειν,
2392 3263 2689 3332 σκώπτειν,

1606 3327 1929 3402 διασύρειν,
1952 3337 2045 3388 ubi
2064 3338 2314 3389 videatur
2334 3338 2498 3389 docta
2512 3339 2692 3390 Ruhn-

1606 3406 1755 3456 keuii
1785 3411 1937 3457 nota.
2361 3449 2374 3463 .

1678 3469 1742 3524 αἴ
1771 3466 1830 3523 δ’
1870 3465 2257 3537 ἀνασύρονται
2297 3466 2686 3540 ἀνιστάμεναι]

1600 3533 1996 3609 άνασύρεσθαι
2043 3549 2126 3594 est
2173 3548 2355 3595 vestes
2400 3545 2687 3608 adducere,

1606 3613 1825 3676 tollere,
1870 3614 1952 3662 ita
1997 3618 2058 3663 ut
2111 3628 2305 3679 corpus
2357 3614 2689 3674 denudetur3

1606 3682 1661 3732 id
1728 3681 1870 3748 quod
1940 3680 2255 3747 plerumque
2324 3683 2691 3734 indecentium

1606 3756 1692 3801 est
1726 3752 1999 3801 hominum
2034 3753 2317 3816 minusque
2347 3753 2687 3817 pudicorum.

1603 3819 1806 3871 Confer
1831 3820 2057 3871 Diodor.
2089 3821 2199 3871 Sic.
2229 3821 2276 3883 Ι,
2303 3820 2389 3883 85,
2420 3822 2513 3872 ubi
2537 3823 2692 3872 Wes-

1603 3889 1869 3955 selingius
1906 3894 2034 3953 apte
2068 3888 2259 3940 laudat
2282 3890 2590 3942 Casaubon.
2620 3890 2690 3941 ad

1604 3958 1967 4024 Theophrasti
2004 3959 2259 4010 Charact.
2297 3959 2370 4010 11.
2423 3976 2548 4025 pag.
2590 3959 2692 4012 136

1604 4032 1660 4078 et
1693 4028 1764 4078 ad
1801 4028 2025 4079 Sueton.
2064 4030 2297 4094 August.
2337 4045 2457 4094 cap.
2484 4031 2571 4081 82.
2624 4029 2690 4079 In

1603 4098 1853 4163 Aegypto
1897 4103 2079 4149 autem
2127 4113 2193 4148 ea
2238 4099 2586 4163 pertinebant
2621 4098 2691 4149 ad
2800 4092 2815 4105 ”

1602 4167 1780 4231 ipsum
1816 4167 2032 4230 festum,
2072 4167 2255 4233 qualia
2288 4167 2415 4218 inde
2449 4183 2557 4218 non
2594 4168 2690 4217 mi·

1601 4251 1717 4286 rum
1767 4240 1852 4286 est
1897 4237 2060 4286 etiam
2094 4237 2151 4286 in
2185 4237 2514 4288 Graecorum
2550 4237 2692 4286 The·

1601 4305 1922 4370 smophoriis
1958 4310 2179 4370 recepta
2205 4306 2394 4369 fuisse,
2433 4306 2526 4356 ubi
2551 4321 2690 4370 quae

1602 4374 1669 4425 de
1706 4374 1986 4439 conviciis,
2026 4375 2220 4440 quibus
2246 4373 2500 4427 mulieres
2526 4389 2587 4427 se
2609 4376 2690 4424 in-
