3109 5092
11 155 14 200 Ι

11 267 20 330 Γ
1188 288 1952 352 EUTERPE.11.20.
2584 297 2699 358 471

431 459 757 528 διατελέει
790 454 923 527 έων
947 460 1138 547 μέχρι
1174 450 1258 527 οὗ
1282 450 1472 540 αὖτις
1499 465 1808 589 τροπέων
1844 469 1983 533 τῶν
2020 470 2379 556 θερινέων.
2446 470 2707 540 τούτων

431 553 528 630 ὧν
555 565 709 650 πέρι
741 558 1022 642 οὐδενὸς
1052 560 1257 632 οὐδὲν
1285 558 1515 644 οἷός’
1454 593 1491 632 τ
1549 566 1877 656 ἐγενόμην
1907 578 2328 658 παραλαβεῖν
2353 599 2533 661 παρα
2567 580 2704 643 τῶν

430 672 847 753 Αἰγυπτίων,
878 670 1199 753 ἱστορέων
1223 664 1469 748 αὐτοὺς
1487 720 1505 754 ,
1537 665 1775 758 ἥντινα
1805 671 2097 760 δύναμιν
2123 682 2258 763 ἔχει
2289 670 2324 742 ὁ
2350 683 2596 756 Νεῖλος
2621 705 2702 746 τα

429 775 716 857 ἔμπαλιν
752 772 1131 855 πεφυκέναι
1166 776 1303 839 τω”’ν
1340 769 1567 840 ἄλλων
1603 781 1940 861 ποταμῶν.
2008 776 2219 848 ταῦτά
2256 806 2326 846 τε
2364 776 2448 868 δὴ
2476 777 2558 848 τὰ
2587 788 2696 848 λε-

343 887 440 941 113
461 872 712 960 γόμενα
738 873 1149 960 βουλόμενος
1178 877 1428 944 εἰδέναι
1456 874 1787 965 ἱστόρεον·
1844 881 1955 947 καὶ
1995 876 2034 947 ὅ
2059 908 2123 951 τι
2161 878 2374 970 αὔρας
2399 878 2693 951 ἀποπνε-

428 976 632 1055 ούσας
657 981 905 1063 μοῦνος
931 983 1251 1066 ποταμῶν
1278 977 1553 1047 πάντων
1590 976 1673 1048 οὐ
1704 984 2079 1070 παρέχεται.
2144 981 2342 1054 Ἀλλὰ
2365 980 2701 1074 Ἑλλήνων
2717 999 2797 1061 20

428 1082 554 1167 μέν
588 1106 800 1164 τινες,
831 1082 1142 1169 ἐπίσημοι
1171 1080 1572 1170 βουλόμενοι
1611 1087 1932 1171 γενέσθαι
1959 1095 2239 1175 σοφίην,
2278 1091 2510 1169 ἔλεξαν
2545 1091 2697 1176 περὶ

427 1187 551 1251 τοῦ
594 1179 839 1261 ὕδατος
880 1186 1126 1253 τούτου
1169 1193 1525 1272 τριφασίας
1572 1182 1806 1266 ὁδούς·
1860 1194 1998 1258 τῶν
2044 1188 2162 1269 τὰς
2216 1189 2344 1276 μὲν
2384 1190 2509 1258 δύο
2560 1197 2699 1260 τῶν

428 1280 611 1354 ὁδῶν
649 1282 799 1353 οὐδ’
833 1281 1000 1367 ἀξιῶ
1039 1292 1425 1375 μνησθῆναι
1445 1339 1464 1371 ,
1519 1294 1583 1357 εί
1617 1288 1709 1377 μὴ
1758 1286 1920 1359 ὅσον
1958 1298 2250 1381 σημῆναι
2289 1292 2698 1380 βουλόμενος

427 1394 703 1475 μοῦνον.
758 1393 895 1456 τῶν
923 1385 966 1477 ἡ
997 1391 1186 1478 ἑτέρη
1214 1389 1341 1477 μὲν
1369 1395 1545 1476 λέγει
1580 1391 1735 1471 τούς
1764 1396 2026 1481 ἐτησίας
2063 1393 2350 1481 ἀνέμους
2384 1395 2557 1463 εἶναι
2590 1401 2695 1463 αἰ-

429 1558 633 1605 certum
669 1554 750 1604 ad·
777 1558 990 1620 tempus
1026 1560 1300 1606 crescente
1330 1574 1395 1607 ac
1426 1557 1514 1608 de-

427 1623 732 1686 crescente)
786 1625 1021 1674 dicantur
1083 1623 1174 1687 (011
1227 1626 1514 1691 Aegyptiis

426 1694 599 1757 scil.,)
652 1709 953 1779 coquo-scere
988 1697 1219 1757 cupiens,
1268 1699 1509 1760 quaesivi,

423 1767 629 1828 itemque
661 1765 908 1827 quaesivi,
954 1780 1046 1812 cur
1081 1781 1242 1814 auras
1275 1766 1515 1830 afflantes

422 1837 560 1883 solus
595 1837 800 1882 omnium
842 1834 1103 1897 fluviorum
1151 1833 1337 1900 (Nilus)
1377 1835 1516 1885 haud

424 1902 819 1953 exhibeat..

493 1961 527 2019 ὅ
557 1987 612 2018 τι
636 1960 817 2034 αὔρας
847 1984 1146 2018 αποπνεου
1135 1961 1253 2026 ’σας
1289 1968 1507 2034 μοῦνος

425 2055 476 2088 κ.
522 2054 571 2088 τ.
620 2039 691 2104 λ.]
750 2042 834 2089 Ex
883 2039 1065 2091 Schol.
1125 2039 1505 2118 80011001.οᾱ

425 2110 580 2159 Aiac.
615 2110 717 2160 683
751 2110 796 2158 I
799 2108 1053 2158 archerus
1090 2113 1274 2158 monet
1317 2099 1505 2171 αὔραν

426 2178 535 2228 dici
600 2188 820 2229 ventum
890 2178 1327 2228 exhalationibus
1397 2178 1504 2227 loci

424 2249 616 2312 aquosi
669 2253 764 2296 aut
810 2248 1058 2312 stagnosi
1113 2251 1317 2307 ortum,
1374 2261 1502 2295 ανε-

421 2331 534 2380 μον
568 2323 817 2378 ventum,
868 2317 960 2381 qui
997 2318 1052 2365 in
1089 2319 1216 2366 ae're
1250 2317 1498 2365 exsistat.

424 2386 527 2436 Sed
561 2388 653 2436 Gr.
700 2386 912 2436 confert
950 2386 1176 2436 Cor-aem
1218 2385 1288 2434 ad
1324 2386 1507 2435 Helio·

423 2455 540 2504 dori
573 2456 825 2519 Aethiop.
853 2471 904 2519 p.
935 2454 1032 2516 99,
1071 2455 1163 2504 ubi
1189 2444 1379 2534 αὔρας
1415 2455 1503 2504 1110

421 2526 654 2584 intelligi
686 2525 804 2574 vult
826 2493 1032 2581 λεπτὰς
1057 2538 1242 2579 πνοας
1277 2520 1370 2572 καὶ
1393 2531 1503 2602 ψυ-

421 2587 559 2658 χρὰς
591 2588 647 2655 ἐξ
685 2585 867 2657 ὑγροῦ
897 2585 1360 2657 αναφερομένας,
1401 2584 1505 2655 οὐχ

421 2659 672 2727 ὁμίχλας.
727 2664 877 2713 Idem
903 2663 1105 2713 Coraes
1141 2662 1197 2710 in
1223 2662 1504 2711 Herodoto

422 2735 585 2787 scribi
627 2733 779 2782 iubet
812 2721 991 2794 αὔρας
1031 2723 1503 2786 ἄποπνειουσας.

423 2803 687 2868 Equidem
740 2801 876 2851 illud
935 2800 1104 2862 adde,
1164 2800 1219 2848 111
1278 2816 1335 2850 10
1383 2803 1503 2863 ipsa

423 2888 583 2938 quam
621 2872 847 2921 maxime
892 2870 1199 2920 consentire
1241 2885 1360 2918 cum
1397 2870 1504 2919 No-

422 2947 536 2992 stro
574 2942 871 2990 Diodorum
911 2940 965 3000 Ι,
1003 2938 1098 3000 38,
1139 2939 1287 2988 circa
1321 2938 1502 2988 Nilum

423 3026 596 3075 neque
624 3011 793 3060 nubes
830 3010 977 3074 cogi,
1013 3025 1189 3073 neque
1217 3023 1379 3057 auras
1417 3024 1505 3057 ex-

422 3081 615 3130 sistere
653 3078 897 3144 frigidas,
935 3094 1108 3142 neque
1142 3080 1323 3127 a‘erem
1360 3092 1502 3126 cras-

421 3164 634 3199 sescere
675 3148 1057 3198 affirmantem.
1144 3147 1208 3196 In
1264 3162 1370 3210 quo
1424 3151 1504 3195 ta-

421 3234 542 3268 men
577 3223 820 3268 veterum
862 3216 1148 3282 plerosque
1195 3216 1356 3265 aliter
1397 3221 1502 3264 tra-

421 3288 545 3337 dere
570 3288 706 3337 bene
732 3288 838 3335 iam
865 3286 1073 3336 monuit
1093 3285 1505 3350 Wesselingius,

419 3357 734 3420 monuitque
770 3357 818 3404 Ι.
842 3355 1112 3405 Ludolfus
1138 3355 1503 3404 commentar.

420 3425 489 3475 ad
524 3425 655 3475 hist.
698 3424 1004 3489 Aethiopic.
1054 3441 1104 3488 p.
1148 3425 1245 3474 117
1288 3425 1503 3473 inanem

419 3496 680 3545 dictitans
735 3495 899 3543 istam
943 3494 1208 3543 Herodoti
1254 3494 1506 3543 aliorum-

420 3580 525 3629 que
569 3565 904 3628 opinionem,
956 3578 1060 3628 qua
1098 3562 1280 3612 Nilum
1325 3563 1503 3611 nullos

420 3635 665 3684 emittere
709 3647 940 3696 vapores
988 3631 1335 3682 crediderint.
1418 3632 1502 3680 Tu

418 3703 528 3752 vid.
555 3703 700 3752 infra
737 3702 810 3764 11,
848 3703 914 3751 27
953 3702 1135 3765 ibique
1167 3705 1378 3750 notata.
1423 3702 1503 3749 Ac

417 3772 581 3821 verbo
616 3771 831 3836 quidem
861 3770 948 3820 hic
973 3771 1297 3820 monendum
1321 3769 1387 3817 de
1413 3785 1506 3817 va·

419 3842 514 3891 riis
549 3846 796 3890 veterum
831 3840 1119 3890 sententiis
1171 3839 1238 3888 de
1275 3838 1388 3888 Nili
1424 3837 1503 3886 in-

420 3913 693 3959 cremento
743 3910 964 3973 eiusque
1003 3908 1212 3968 causis,
1263 3922 1398 3971 quas
1439 3923 1504 3956 ex

417 3977 698 4030 Plutarch.
725 3977 791 4028 de
808 3978 1006 4028 Placit.
1033 3976 1338 4043 philosoph.
1363 3976 1499 4037 IV,l

418 4048 650 4112 aliisque
705 4046 852 4097 haud
908 4047 1098 4111 paucis
1147 4046 1503 4110 scriptoribus

417 4116 678 4168 collectas
731 4116 956 4180 praebet
1016 4114 1282 4164 Herodoti
1337 4114 1503 4164 editio

414 4185 912 4256 langermanniana
943 4184 1177 4248 indeque
1213 4184 1506 4233 Wesselin-

416 4256 659 4321 gianap.
685 4255 980 4306 787—802.
1038 4255 1084 4303 Ε
1123 4253 1318 4318 quibus
1353 4269 1506 4317 prae-

417 4326 575 4390 cipue
623 4324 862 4374 conferri
910 4323 1159 4373 volumus
1204 4321 1503 4373 Diodorum

1618 1559 2698 1625 13800111»,81101).Χν11.ρ.1138ᾼ

1617 1598 1671 1678 01
1714 1629 1863 1681 1139.
1902 1646 1945 1679 s.
1980 1646 2030 1693 p.
2070 1628 2172 1678 789
2201 1645 2386 1694 seqq.
2424 1630 2699 1695 Ephorum

1614 1699 1910 1763 (Fragmm.
1957 1698 2040 1747 ed.
2078 1697 2279 1763 Marx.)
2316 1714 2368 1761 p.
2404 1701 2507 1749 214
2542 1714 2695 1764 seqq.
2766 1717 2777 1726 ·

1613 1767 1756 1817 Plin.
1795 1769 1866 1817 H.
1905 1769 1972 1817 N.
2011 1768 2076 1828 V,
2121 1767 2184 1817 10
2226 1772 2279 1816 01
2314 1782 2454 1831 quae
2487 1769 2541 1816 in
2572 1781 2697 1817 ean-

1614 1836 1733 1885 dem
1771 1851 1881 1885 rem
1926 1836 2182 1900 leguntur
2224 1835 2372 1899 apud
2408 1836 2488 1886 10.
2527 1836 2692 1885 Laur.

1612 1905 1823 1968 Lydum
1860 1905 1926 1954 de
1962 1920 2159 1955 menss.
2199 1904 2325 1966 (lul.
2363 1920 2484 1968 cap.
2509 1904 2599 1972 68)
2638 1921 2691 1970 p.

1615 1975 1701 2023 111
1747 1989 1862 2039 seq.
1913 1989 1954 2023 s.
2008 1989 2059 2038 p.
2101 1973 2204 2026 260
2239 1988 2392 2038 seqq.
2434 1974 2516 2025 ed.
2557 1974 2695 2028 1100-

1609 2043 1745 2093 11101.
1818 2045 2196 2093 Recentiorum
2241 2043 2544 2092 sententias
2582 2043 2691 2093 fere

1607 2127 1791 2162 omnes
1830 2113 2095 2162 indicavit
2129 2111 2298 2162 Beck.
2337 2110 2481 2177 Allg.
2524 2112 2692 2162 welt-

1605 2181 1790 2244 gesch.
1828 2181 1872 2230 Ι.
1913 2199 1965 2246 p.
2008 2181 2112 2233 269
2146 2197 2289 2245 seq.;
2348 2184 2692 2247 antiquorum

1605 2250 1927 2314 scriptorum
1966 2252 2262 2301 sententias
2309 2255 2566 2301 accurate
2613 2267 2694 2300 re-

1603 2320 1729 2369 tulit
1764 2320 1937 2369 Ukert
1971 2319 2276 2384 Geograph.
2308 2320 2362 2371 d.
2387 2320 2601 2370 Griech.
2635 2335 2689 2369 u.

1606 2391 1793 2439 Roem.
1821 2389 1898 2452 11,
1936 2390 1979 2439 1.
2011 2405 2063 2454 p.
2094 2389 2161 2440 46
2191 2404 2341 2453 seqq.
2380 2389 2695 2439 Herodotea

1608 2458 1765 2508 affert
1811 2473 2025 2522 quoque
2069 2457 2320 2507 Wheeler
2368 2458 2696 2524 Geography

1608 2528 1669 2576 of
1691 2526 1954 2577 Herodot.
1982 2543 2034 2591 p.
2058 2527 2160 2577 358
2183 2542 2335 2591 seqq.

2012 2697 2145 2747 cir.
2185 2698 2305 2747 XX.

2676 2752 2699 2774 0

1676 2798 1791 2849 τῶν
1800 2789 1885 2879 ἦ
1901 2788 2061 2863 ἕτέρη
2097 2793 2201 2861 μὲν
2235 2789 2379 2862 λέγει
2404 2789 2539 2857 τοὺς
2571 2790 2691 2863 ἔτη-

1609 2870 1735 2927 σίας
1782 2859 2031 2948 ἀνέμους
2074 2863 2225 2916 εἶναι
2276 2862 2497 2924 αἰτίους
2552 2867 2689 2932 πλη-

1606 2931 1780 2988 θύειν
1813 2929 1915 2986 τὸν
1952 2928 2233 3003 ποταμὸν]
2285 2938 2439 2987 Ηο00
2475 2945 2690 2989 senten—

1606 3009 1688 3059 tia
1730 3008 2012 3059 Thaletem
2057 3012 2334 3056 auctorem
2382 3008 2571 3070 habet,
2633 3013 2691 3057 ut

1607 3095 1671 3128 ex
1708 3079 1897 3128 Senee.
1945 3078 2074 3128 Nat.
2113 3076 2340 3137 Quaest.
2375 3078 2479 3138 IV,
2523 3046 2578 3127 11
2637 3081 2692 3127 01

1605 3148 1769 3198 Diod.
1804 3146 1971 3198 Sicul.
2013 3147 2059 3208 Ι,
2088 3145 2174 3210 38,
2214 3147 2306 3211 qui
2348 3163 2464 3196 eam
2502 3146 2693 3197 iisdem

1607 3223 1769 3282 atque
1825 3216 2138 3266 Herodotus
2199 3217 2535 3280 arg-umentis
2600 3217 2693 3265 im-

1603 3291 1835 3351 pugnat,
1875 3286 2151 3334 discimus.
2215 3286 2495 3349 Reprobat
2529 3286 2693 3334 etiam

1604 3357 1746 3405 hanc
1781 3370 2002 3404 causam
2037 3354 2299 3402 Arrianus
2336 3354 2456 3402 Iud.
2495 3355 2556 3414 6,
2596 3352 2691 3401 sed

1606 3424 1873 3489 approbat
1897 3422 2291 3487 quodammodo
2312 3422 2521 3471 Plinius
2541 3422 2687 3471 Hist.

1604 3495 1735 3543 Nat.
1781 3493 1856 3554 V,
1899 3492 1981 3542 10.
2028 3491 2079 3552 ἐ.
2127 3493 2193 3542 55
2237 3490 2371 3539 haec
2417 3491 2690 3539 scribens:
2719 3532 2737 3547 ,

1606 3576 1841 3625 „causas
1905 3559 2066 3610 huius
2128 3559 2444 3609 incrementi
2509 3560 2692 3609 varias

1603 3630 1921 3697 prodidere,
1969 3629 2065 3679 sed
2100 3643 2346 3678 maxume
2394 3627 2692 3693 probabilis

1606 3700 1896 3751 etesiarum
1941 3714 2004 3748 eo
2060 3704 2300 3762 tempore
2346 3713 2412 3746 ex
2464 3697 2692 3746 adverso

1605 3769 1852 3819 flantium
1895 3781 2267 3832 repercussum
2311 3766 2456 3816 ultra
2505 3767 2559 3814 in
2596 3781 2693 3815 ora

1606 3843 1730 3889 acto
1778 3837 1950 3900 mari,
1998 3841 2096 3885 aut
2132 3834 2687 3900 imbres⁴Aethiopiae

1607 3908 1849 3958 aestivos
1892 3906 2086 3956 iisdem
2131 3906 2318 3955 etesiis
2371 3903 2560 3954 nubila
2597 3905 2691 3955 illo

1609 3976 1908 4027 ferentibus
1933 3990 1963 4024 e
1984 3974 2192 4039 reliquo
2213 3974 2401 4025 orbe.“
2437 3972 2596 4037 Apud
2608 3975 2691 4025 10.

1608 4047 1774 4095 Laur.
1823 4045 2035 4109 Lydum
2076 4043 2115 4093 l.
2163 4043 2199 4093 1.
2253 4060 2305 4108 p.
2345 4043 2446 4095 263
2494 4046 2548 4092 et
2585 4045 2694 4093 Eu-

1607 4115 1890 4179 thymenes
1913 4113 2273 4163 Massiliensis
2309 4118 2363 4164 et
2400 4111 2691 4176 Thrasyal-

1609 4199 1697 4235 ces
1717 4182 1952 4233 Thasius
1974 4183 2213 4233 eiusdem
2234 4182 2501 4247 opinionis
2519 4182 2693 4232 fuisse

1608 4254 1883 4303 dicuntur.
1958 4252 2114 4314 Quod
2161 4253 2380 4314 mirum,
2424 4266 2546 4300 cum
2581 4252 2689 4300 Eu·

1606 4323 1912 4388 thymenem
1934 4321 2206 4372 secundae
2224 4320 2529 4370 sententiae
2543 4317 2687 4384 (cap.
