3109 5092
511 333 635 394 782
1374 334 1919 397 HERODOTI

505 528 718 594 σφεας
741 507 997 596 μεγάλα
1025 502 1556 596 ὑπισχνεύμενος
1585 515 1813 578 πείθει
1838 507 1984 598 μετ’
2019 512 2277 579 ἑωυτοῦ
2306 514 2648 598 γενέσθαι.
2714 509 2824 593 ὥς

507 609 581 678 δὲ
626 617 890 694 ἔπεισε,
945 607 1122 678 οὕτω
1168 607 1304 699 ἅμα
1348 627 1520 680 τοῖσι
1563 609 1706 700 μετ’
1752 614 2009 682 ἑωυτοῦ
2053 617 2520 703 βουλομένοισι
2564 621 2813 702 Αἰγυ-

509 700 758 783 πτίοῖσι
787 715 898 783 καὶ
925 729 1097 783 τοῖσι
1125 714 1541 804 ἐπικούροισι
1559 767 1577 801 ,
1619 718 1956 805 καταιρέει
1988 714 2144 795 τοὺς
2170 720 2506 804 βασιλέας.

372 820 489 881 153
647 816 1003 907 Κρατήσας
1045 817 1119 886 δὲ
1162 817 1514 904 Αἰγύπτου
1558 818 1771 907 πάσης
1798 814 1834 888 ὁ
1870 819 2303 909 Ψαμμήτιχος
2359 823 2634 907 ἐποίησε
2698 827 2819 914 τῷ

496 915 839 1013 Ἡφαίστῳ
870 919 1255 1009 προπύλαια
1284 924 1360 990 ἐν
1389 924 1663 1010 Μέμφι,
1690 920 1771 990 τὰ
1799 920 1963 1011 πρὸς
1990 922 2192 992 νότον
2218 921 2471 1013 ἄνεμον
2498 952 2809 1012 τετραμ-

504 1025 704 1112 μένα·
760 1020 979 1112 αὐλήν
1015 1051 1087 1092 τε
1117 1029 1210 1117 τῷ
1237 1021 1431 1110 ”Απι,
1476 1029 1553 1093 ἐν
1589 1031 1670 1114 τῇ
1703 1026 2017 1112 τρέφεται
2046 1023 2252 1095 ἐπεὰν
2287 1032 2473 1119 φανῇ
2501 1022 2537 1095 ὃ
2568 1019 2809 1111 Ἆπις,

503 1126 903 1215 οἰκοδόμησε
945 1129 1255 1196 ἐναντίον
1299 1133 1438 1196 τῶν
1478 1136 1952 1216 προπυλαίων,
2001 1128 2224 1197 πᾶσάν
2256 1156 2329 1198 τε
2370 1138 2809 1219 περίστυλον

504 1233 752 1299 ἐοῦσαν
792 1232 903 1299 καὶ
945 1229 1182 1299 τύπων
1222 1233 1464 1320 πλέην·
1510 1228 1661 1300 ἀντὶ
1710 1229 1785 1300 δὲ
1823 1230 2074 1301 κιόνων
2112 1227 2437 1303 ὑπεστᾶσι
2468 1236 2803 1303 κολοσσοὶ

504 1333 1057 1422 δυωδεκαπήχεες
1090 1338 1171 1421 τῇ
1200 1330 1394 1422 αὐλῇ.
1463 1328 1499 1401 ὁ
1533 1334 1608 1403 δὲ
1640 1326 1831 1414 Ἀπις
1858 1333 2026 1404 κατὰ
2051 1333 2176 1425 τὴν
2195 1331 2536 1427 Ἑλλήνων
2560 1343 2797 1424 γλῶσ-

503 1530 734 1581 Jahn-bb.
769 1531 808 1581 f.
846 1530 1115 1597 Philolog.
1156 1539 1260 1583 etc.
1301 1534 1497 1584 LXIX.
1535 1551 1590 1600 p.
1764 1526 1946 1597 αὐλήν
1985 1562 2039 1571 —-
2086 1528 2285 1600 πλέην]
2325 1526 2471 1601 αὖλὴ
2519 1535 2798 1601 περίστυ-

502 1601 605 1650 528
636 1615 809 1665 seqq„
847 1601 941 1650 ubi
976 1601 1088 1651 vid.
1114 1601 1288 1667 plura.
1345 1604 1592 1668 Namque
1693 1602 1790 1661 λος
1824 1602 1954 1669 quid
1987 1605 2087 1666 sit,
2123 1609 2425 1656 monuimus
2450 1607 2519 1657 ad
2544 1606 2616 1665 11,
2656 1606 2793 1657 1218.
2887 1644 2894 1649 .

504 1670 654 1720 facta
689 1675 773 1719 est
806 1670 940 1721 haec
977 1672 1293 1736 inscripti0‚
1343 1688 1482 1737 quae
1519 1674 1590 1723 ad

498 1741 670 1805 ipsius
699 1741 1073 1791 Psammitichi
1101 1746 1347 1806 tempora
1382 1742 1583 1806 (663—

501 1811 604 1861 624
640 1816 767 1860 ante
814 1811 937 1861 Chr.
986 1817 1062 1870 n.)
1108 1811 1314 1861 recedit
1355 1811 1587 1878 indeque

506 1881 622 1930 iure
650 1882 790 1930 inter
816 1881 1198 1946 antiquissima
1229 1881 1389 1930 buius
1428 1897 1586 1946 gene-

502 1952 577 1999 ris
626 1955 974 2001 monumenta
1019 1952 1280 2012 refertur,
1334 1966 1368 2000 a
1418 1951 1590 2001 milite

502 2020 860 2076 conductitio.
914 2020 1008 2084 qui
1041 2036 1161 2070 cum
1199 2020 1588 2071 Psammiticho

500 2105 629 2153 rege
664 2090 734 2139 ad
771 2089 1000 2153 Syenem
1035 2105 1207 2154 usque
1233 2091 1481 2154 pervenit
1508 2105 1591 2140 se-

502 2164 816 2291 3333.
850 2150 1285 2278 mmm
1332 2158 1591 2278 32:⁰50?

501 2296 636 2344 bens
672 2295 832 2345 dicit:
885 2282 1050 2343 οὗτοι
1099 2288 1159 2344 ἐν
1193 2292 1458 2364 Αἰγύπτῳ
1490 2290 1587 2347 ἀλ-

501 2357 807 2426 λόγλωσσοι
837 2364 1308 2428 κατοικίσθησαν.

570 2425 851 2497 καταιρέει
901 2426 1037 2490 τοὺς
1079 2427 1357 2500 βασιλέας]
1409 2436 1590 2485 Unum

503 2503 661 2553 modo
696 2503 1060 2564 Tomentum,
1115 2504 1352 2569 Aegypti
1387 2519 1587 2570 regem,

502 2590 536 2623 a
573 2572 958 2624 Psammiticho
991 2573 1264 2623 sublatum
1299 2589 1420 2624 esse
1455 2576 1588 2624 scri-

500 2645 581 2694 bit
611 2643 920 2708 Polyaenus
947 2643 1075 2705 VII,
1114 2643 1166 2695 3.
1238 2644 1399 2693 Haud
1426 2643 1587 2694 aliter

498 2720 666 2779 atque
713 2713 1130 2764 Psammitichus
1179 2711 1294 2779 (qui
1336 2714 1585 2764 undecim

499 2783 702 2848 regulis
742 2783 964 2848 collegis
1000 2783 1218 2833 divictis
1253 2798 1392 2832 unus
1411 2785 1588 2848 Aegy-

500 2854 580 2918 pti
615 2868 707 2902 rex
744 2853 927 2902 factus
964 2853 1073 2916 est)
1111 2852 1329 2903 saeculo
1349 2859 1586 2916 praeter-

500 2923 653 2985 lapso
677 2923 855 2971 medio
875 2921 1131 2984 Ali-Bey,
1163 2921 1414 2971 undecim
1441 2922 1587 2986 prin·

500 2991 711 3052 cipibus
751 2990 936 3054 (Bey's
970 2990 1256 3053 vocantur)
1285 2991 1585 3041 interfectis

502 3058 829 3122 relegatisve
873 3060 1111 3122 Aegypti
1163 3060 1444 3123 imperium
1490 3075 1580 3109 ac-

502 3127 793 3191 quisivisse
843 3126 1068 3188 dicitur,
1124 3126 1293 3177 donec
1344 3144 1395 3178 a.
1448 3129 1583 3180 1772

500 3211 686 3261 pugna
701 3196 877 3245 victus
895 3196 950 3245 in
969 3196 1303 3258 Palaestina,
1332 3211 1438 3261 quo
1457 3212 1584 3247 con-

501 3267 742 3332 fugerat,
781 3265 899 3330 ipse
932 3264 1348 3317 interficeretur.

859 3438 988 3488 Cu.
1027 3436 1230 3489 CLIII.

570 3532 802 3605 ἐποίησε
825 3539 905 3609 τῷ
931 3531 1224 3607 Ἡφαίστῳ
1251 3533 1581 3605 προπύλαια

499 3626 550 3661 κ.
587 3625 635 3660 τ.
670 3609 741 3677 λ.]
777 3612 1048 3662 Dissentit
1084 3610 1360 3662 Diodorus
1405 3611 1451 3674 1,
1491 3611 1578 3674 67,

499 3681 592 3746 qui
626 3684 869 3732 orientale
892 3682 1216 3747 propylaeum
1252 3696 1286 3731 a
1319 3680 1581 3731 Psammi·

496 3750 646 3800 ticho
691 3755 1024 3800 exstructum
1072 3751 1257 3800 refert.
1329 3749 1414 3799 Ad
1457 3750 1581 3798 reli-

498 3819 1065 3951 ἓιὲζηὲοέἑῑῧῖῗὶἓ.
1097 3817 1575 3939 {fasten-..33

499 3955 566 4004 de
600 3954 807 4006 l'Acad.
849 3957 944 4006 des
996 3957 1169 4007 Inscr.
1217 3957 1395 4008 XVII.
1446 3973 1572 4022 pag.

499 4026 566 4074 22
600 4038 714 4087 seq.
786 4025 1058 4075 Pertinuit
1090 4030 1270 4076 autem
1305 4026 1433 4088 hoc,
1470 4042 1582 4077 mo-

498 4098 658 4142 nente
696 4094 966 4144 Heerenio
1007 4093 1198 4156 (Ideen
1234 4096 1313 4157 11,
1352 4097 1404 4146 2.
1452 4111 1577 4161 pag.

496 4162 647 4224 400),
666 4162 735 4211 ad
755 4163 900 4225 regis
915 4162 1274 4225 prudentiam,
1293 4165 1384 4228 qui
1396 4165 1581 4215 istius-

496 4232 641 4282 modi
676 4231 939 4281 aedificiis
989 4232 1332 4281 sacerdotum
1370 4235 1579 4286 animos

495 4302 600 4351 sibi
623 4300 913 4351 conciliare
938 4300 1232 4360 studuerit,
1257 4316 1378 4351 cum
1397 4304 1577 4353 aversi

494 4372 600 4437 ipsi
636 4375 820 4422 essent
853 4367 1085 4420 militum
1119 4370 1306 4420 animi.

1693 1674 1776 1723 Ad
1817 1689 2005 1724 vocem
2041 1666 2238 1723 τύπων
2273 1675 2345 1724 cf.
2395 1676 2472 1737 11,
2521 1675 2638 1739 136,
2684 1676 2795 1725 ubi

1691 1743 1802 1794 vid.
1825 1749 1984 1805 nott.‚
2013 1750 2069 1793 et
2098 1742 2215 1794 148.
2252 1745 2335 1794 De
2362 1744 2464 1794 hac
2490 1745 2615 1794 aula
2649 1745 2793 1809 Api-

1691 1812 1803 1874 dis,
1843 1814 1899 1862 in
1936 1828 2043 1877 qua
2068 1813 2157 1862 hic
2182 1815 2484 1878 peregrinis
2511 1820 2791 1864 monstra-

1689 1886 1806 1946 tur,
1841 1882 2081 1946 loquitur
2113 1897 2329 1946 quoque
2362 1884 2562 1934 Strabo
2596 1883 2785 1933 XVII.

1692 1966 1819 2015 pag.
1855 1952 1957 2002 807
1991 1950 2251 2016 additque
2288 1952 2479 2016 Apidis
2520 1953 2787 2017 templum

1692 2035 1813 2070 esse
1846 2020 2272 2084 παρακείμενον
2319 2020 2397 2088 τῷ
2431 2012 2786 2088 Ἡφαιστείῳ

1688 2086 1786 2138 καὶ
1815 2080 1954 2139 αὐτὸ
1978 2082 2041 2139 τὸ
2061 2079 2429 2154 Ἡφαίστειον
2459 2089 2788 2146 πολυτελῶς

1687 2153 2204 2223 κατεσκευασμένον
2218 2156 2361 2208 ναοῦ
2376 2173 2431 2209 τε
2442 2154 2671 2224 μεγέθει
2681 2157 2786 2209 καὶ

1688 2230 1811 2285 τοῖς
1829 2218 2038 2285 ἄλλοις.
2092 2228 2270 2279 Huius
2298 2245 2426 2279 vero
2447 2229 2625 2292 aulae,
2650 2245 2785 2294 qua-

1689 2297 1793 2347 lem
1818 2313 1875 2346 re
1893 2313 2024 2347 vera
2048 2297 2219 2347 fuisse
2246 2299 2503 2349 credibile
2523 2304 2626 2361 est,
2648 2301 2783 2349 ima·

1691 2367 1870 2429 ginem
1930 2366 2111 2431 lapide
2168 2382 2478 2431 expressam
2534 2369 2783 2419 exhibuit

1692 2435 2000 2485 VVilkinson
2038 2437 2093 2484 in
2140 2436 2298 2486 titulo
2342 2437 2501 2502 primi
2544 2436 2781 2487 volumi-

1688 2505 1774 2554 nis
1813 2506 2018 2569 operis:
2066 2504 2321 2555 Manners
2368 2505 2474 2556 and
2521 2506 2779 2557 Customs

1692 2579 1817 2635 etc„
1856 2575 1928 2625 cf.
2006 2591 2095 2640 ag.
2131 2575 2310 2625 XXVI
2346 2581 2402 2625 et
2438 2591 2491 2640 p.
2534 2577 2651 2626 151.

1757 2635 1885 2692 ἀντὶ
1932 2640 1967 2691 δ
2044 2637 2282 2708 κιόνων]
2334 2646 2494 2706 „Hoc
2531 2651 2643 2706 est,
2694 2645 2777 2694 uti

1687 2713 1903 2778 quidem
1940 2728 2004 2762 ex
2043 2714 2275 2763 adversa
2318 2719 2475 2778 parte
2510 2715 2778 2765 venienti-

1688 2783 1788 2832 bus
1807 2781 2038 2832 videtur.
2113 2783 2300 2848 Neque
2326 2785 2467 2833 enim
2494 2784 2549 2832 hi
2571 2784 2777 2834 colossi

1689 2867 1880 2916 reapse
1916 2852 2188 2902 sustinent
2205 2853 2482 2917 superiora
2518 2853 2777 2904 aedificii.

1689 2921 1772 2970 cf.
1801 2922 2072 2971 Letronne
2105 2919 2270 2975 Mem.
2304 2937 2396 2971 sur
2431 2923 2482 2973 le
2516 2924 2773 2973 tombeau

1687 2989 2053 3055 d'Osymand.
2081 3006 2203 3055 pag.
2228 2991 2280 3041 5.
2299 2992 2390 3042 62⁴
2430 2993 2516 3042 Cr.
2567 2993 2775 3042 Narrat

1685 3075 1812 3108 vero
1849 3059 2121 3109 Diodorus
2169 3059 2203 3109 Ι.
2243 3059 2302 3122 1.,
2348 3075 2529 3126 regem
2585 3062 2773 3111 fanum

1687 3143 1838 3177 muro
1869 3128 2291 3180 circumdedisse
2317 3145 2384 3179 ac
2408 3146 2503 3195 pro
2531 3130 2656 3196 pilis
2682 3146 2775 3180 co-

1682 3196 1858 3246 lossos
1895 3198 2197 3248 duodenum
2234 3199 2536 3250 cubitorum
2571 3200 2774 3250 substi-

1684 3267 1878 3318 tuisse.
1950 3268 2147 3318 Strabo
2189 3267 2258 3318 de
2294 3268 2378 3318 his
2425 3269 2653 3320 colossis
2689 3270 2769 3318 ni-

1681 3335 1759 3384 hil
1792 3335 1993 3394 tradit,·
2046 3352 2183 3402 quae
2237 3338 2377 3388 enim
2423 3344 2549 3403 post
2597 3339 2771 3391 verba

1682 3405 1842 3455 modo
1864 3405 2089 3457 laudata
2113 3412 2441 3471 sequuntur:
2470 3399 2769 3472 πρόκειται

1681 3465 1740 3522 δ’
1779 3464 1840 3552 ἐν
1876 3473 1955 3541 τῷ
1988 3467 2183 3540 δρόμῳ
2210 3471 2306 3525 καὶ
2330 3470 2647 3540 μονόλιθος
2670 3490 2768 3525 κο·-

1677 3542 1909 3607 λοσσος,
1970 3560 2035 3594 ea
2093 3543 2162 3594 ad
2208 3544 2383 3610 ipsam
2435 3546 2614 3597 aulam
2656 3562 2767 3596 non

1679 3614 1972 3676 pertinent.
2020 3615 2153 3678 Ipsa
2173 3615 2505 3666 colossorum
2529 3616 2765 3667 altitudo

1683 3682 1968 3732 adscendit
2022 3683 2093 3734 ad
2149 3683 2542 3750 duodevigenti
2600 3686 2767 3735 ferme

1680 3749 1843 3814 pedes
1878 3752 2187 3804 Rhenanos.

1748 3809 1779 3866 ὁ
1824 3814 1889 3868 δὲ
1929 3808 2084 3878 Ἆπις
2140 3815 2282 3871 κατὰ
2329 3814 2436 3885 τὴν
2478 3812 2769 3886 Ἑλλήνων

1675 3880 1933 3951 γλῶσσάν
1954 3881 2353 3958 ἔστιἜπαφος]
2369 3892 2602 3942 Veretur
2615 3892 2765 3941 Wes-

1684 3956 1974 4024 selingius,
2035 3964 2098 4009 ut
2153 3960 2289 4011 haec
2338 3960 2606 4010 Herodoti
2655 3961 2767 4010 sint

1682 4027 1877 4090 verba,
1916 4043 2056 4093 quae
2090 4029 2180 4079 hic
2211 4034 2357 4079 certe
2381 4030 2558 4079 minus
2584 4045 2768 4079 neces-

1683 4096 1830 4145 saria
1886 4099 2220 4148 commodam
2287 4100 2469 4150 sedem
2529 4099 2768 4148 habeant

1683 4164 1787 4226 111,
1827 4167 1890 4215 27
1931 4172 1987 4216 et
2020 4169 2108 4218 28.
2179 4167 2334 4217 Libri
2360 4168 2551 4232 scripti
2582 4183 2765 4218 omnes

1681 4235 1919 4285 retinent
1952 4235 2088 4287 haec
2132 4237 2324 4299 verba,
2370 4252 2510 4303 quae
2544 4253 2640 4287 cur
2678 4253 2767 4288 ex-

1680 4303 1975 4367 pellantur,
2023 4321 2131 4356 non
2179 4307 2316 4356 satis
2365 4305 2562 4357 idonea
2599 4321 2767 4356 causa

1680 4387 1799 4423 esse
1850 4372 2085 4426 v1detur.
2169 4375 2235 4425 In
2288 4382 2609 4441 argumento
2660 4375 2767 4426 loci
