3109 5092
1030 315 1533 375 EUTERPE.
1580 315 1666 375 ΙΙ.
1714 326 1836 381 130.
1882 327 2004 380 131.

381 487 466 578 δὴ
494 487 620 577 τὴν
652 486 1142 559 ἀποθανοῦσαν
1181 492 1548 578 θυγατέρα.
1588 484 1779 577 Αὕτη
1809 479 1908 559 ὦν
1932 485 1974 578 ἡ
2000 495 2164 577 βοῦς
2192 495 2280 581 γῇ
2305 487 2430 560 οὐκ
2457 491 2655 582 έκρύ-
2682 496 2799 556 130

2538 316 2660 379 727

381 604 565 681 φθη,
607 588 758 662 ἀλλ’
804 598 899 660 ἔτι
938 594 1051 660 καὶ
1079 595 1146 672 ές
1173 591 1286 680 ἐμὲ
1325 583 1410 680 ἦν
1449 590 1753 680 φανερὴ,
1798 595 1875 661 έν
1913 593 2054 662 Σάι·
2085 593 2212 681 μὲν
2248 593 2401 662 πόλι
2432 598 2657 681 έοῦσα,

381 698 653 785 κειμένη
697 695 772 764 δὲ
813 698 888 763 έν
925 712 1097 765 τοῖσι
1118 703 1560 783 βασιληΐοισι,
1610 698 1685 764 ἐν
1725 693 2032 783 οἰκήματι
2070 693 2453 790 ἠσκημένῳ·
2522 709 2655 767 θυ-

380 801 673 889 μιήματα
701 798 777 868 δὲ
808 796 969 886 παρ’
1008 796 1180 890 αὐτῇ
1204 815 1490 869 παντοῖα
1530 806 1955 884 καταγίζουσι
1983 796 2114 869 ἀνὰ
2141 805 2363 870 πᾶσαν
2380 796 2658 891 ἡμέρην,

379 903 593 972 νύκτα
638 903 712 971 δὲ
756 901 1043 990 ἑκάστην
1094 898 1434 988 πάννυχος
1482 901 1727 987 λύχνος
1773 911 2233 989 παρακαίεται.
2320 901 2530 991 ἀγχοῦ
2583 905 2659 974 δὲ

379 1005 497 1095 τὴς
527 1003 684 1093 βοὸς
710 1004 956 1091 ταύτης
982 992 1274 1096 ἐν’ἄλλῳ
1303 1006 1612 1095 οἰκήματι
1644 1003 1900 1085 εἰκόνες
1926 1010 2063 1075 τῶν
2091 1010 2490 1076 παλλακέων
2521 1014 2660 1077 τῶν

383 1117 790 1195 Μυκερίνου
834 1110 1094 1190 έστᾶσι,
1156 1103 1244 1186 ὥς
1288 1114 1526 1195 ἔλεγον
1565 1113 1637 1175 οἰ
1679 1111 1754 1177 ἐν
1782 1106 1921 1177 Σάι·
1963 1108 2117 1178 πόλι
2171 1111 2374 1199 ἱρέες·
2432 1113 2656 1180 ἑστᾶσι

378 1213 507 1301 μὲν
545 1209 673 1301 γὰρ
711 1210 969 1293 ξύλινοι
1011 1201 1356 1295 κολοσσοὶ,
1401 1216 1631 1281 ἐοῦσαι
1673 1208 1974 1299 ἀριθμὸν
2015 1208 2105 1293 (ὃς
2135 1223 2345 1282 εἴκοσι
2374 1213 2659 1301 μάλιστά

381 1343 499 1404 κη,
529 1316 781 1402 γυμναὶ
824 1316 1223 1403 ἐργασμέναι
1248 1336 1261 1349 ·
1305 1319 1383 1382 αἴ
1403 1341 1582 1393 τινες
1609 1316 1838 1402 μέντοι
1879 1315 2044 1400 εἰσὶ,
2094 1314 2219 1385 οὐκ
2259 1323 2386 1405 ἔχω
2417 1323 2657 1398 εἰπεῖν,

381 1416 559 1506 πλὴν
586 1413 628 1505 ἢ
659 1415 740 1485 τά
766 1416 1114 1505 λεγόμενα.
1188 1422 1280 1485 OC
1301 1421 1383 1485 δέ
1399 1444 1580 1496 τινες
1606 1418 1876 1504 λέγουσι
1911 1420 2063 1506 περὶ
2092 1425 2208 1507 τῆς
2232 1417 2387 1507 βοὸς
2416 1420 2660 1508 ταύτης
2680 1423 2789 1484 131

380 1523 491 1590 καὶ
519 1526 656 1589 τῶν
686 1526 1032 1590 κολοσσῶν
1062 1519 1260 1589 τόνδε
1289 1517 1409 1588 τὸν
1436 1519 1674 1606 λόγον·
1707 1515 1796 1600 ὥς
1825 1528 2221 1611 Μυκερῖνος
2244 1519 2518 1612 ἠράσθη
2542 1529 2658 1612 τῆς

380 1628 636 1694 ἑωυτοῦ
667 1621 1050 1711 θυγατρὸς,
1094 1625 1208 1692 καὶ
1249 1631 1477 1692 ἔπειτα
1506 1626 1701 1710 ἐμίγη
1745 1628 1816 1691 οἱ
1847 1619 2162 1713 ἀεκούσῃ.
2239 1622 2405 1713 μετὰ
2442 1626 2516 1695 δὲ
2544 1629 2652 1695 λε’-

378 1746 609 1815 γουσι,
658 1722 747 1805 ὥς
788 1722 829 1813 ἡ
871 1742 1026 1805 παῖς
1062 1724 1401 1815 ἀπήγξατο
1441 1721 1575 1794 ὑπὸ
1618 1722 1843 1811 ἄχεος,
1886 1721 1922 1792 ὁ
1956 1731 2038 1795 δέ
2056 1754 2178 1813 μιν
2217 1733 2435 1808 ἔθαψε
2464 1730 2539 1796 έν
2573 1733 2656 1817 τῇ

376 1835 493 1920 βοῒ
513 1827 722 1916 ταύτῃ
741 1881 758 1912 ,
789 1824 830 1916 ἡ
863 1828 939 1897 δὲ
968 1827 1184 1917 μήτηρ
1214 1825 1420 1916 αὐτῆς
1444 1832 1584 1896 τῶν
1614 1822 2022 1916 ἀμφιπόλων
2050 1835 2188 1897 τῶν
2218 1835 2657 1918 προδουσέων
2732 1899 2747 1920 ,

376 1930 501 2021 τὴν
528 1934 877 2019 θυγατέρα
907 1936 1003 2023 τῷ
1031 1933 1232 2021 πατρὶ
1262 1928 1555 2018 ἀπέταμε
1584 1926 1700 2008 τὰς
1727 1945 1983 2017 χεῖρας·
2029 1933 2139 1999 καὶ
2170 1938 2302 2001 νῦν
2329 1930 2445 2012 τάς
2475 1931 2651 2002 εἰκό-

376 2063 497 2115 νας
525 2031 791 2104 αὐτέων
821 2033 994 2103 εἶναι
1023 2041 1480 2112 πεπονθυίας,
1525 2034 1736 2122 τάπερ
1785 2039 1858 2101 αἱ
1894 2036 2052 2117 ζωαὶ
2085 2040 2366 2105 ἔπαθον.
2443 2041 2655 2105 ταῦτα

725 2207 858 2259 ΟΑΡ.
898 2209 1114 2259 CXXX.

444 2301 505 2361 ἐν
558 2302 820 2375 οἰκήματι
871 2303 1195 2381 ἠσκημένῳ]
1240 2311 1278 2361 i.
1327 2326 1373 2361 e.
1413 2315 1463 2362 in

372 2383 598 2432 conclavi
652 2384 892 2446 eleganti,
949 2383 1127 2443 pulcre
1177 2380 1460 2432 elaborato.

372 2452 515 2502 Nam
542 2440 739 2500 ἀσκεῖν
773 2466 1053 2501 commune
1088 2449 1312 2500 verbum
1343 2466 1461 2500 esse

375 2536 557 2571 earum
589 2520 826 2570 omnium
852 2521 1068 2580 artium,
1108 2535 1248 2584 quae
1276 2519 1345 2568 ad
1372 2535 1462 2569 cu-

373 2606 488 2642 ram
534 2594 588 2640 et
630 2588 836 2639 eultum
869 2590 1171 2654 pertinent,
1216 2588 1325 2638 iam
1361 2590 1463 2639 Ca-

373 2660 650 2710 saubonus
674 2659 901 2709 monuit.
939 2660 1023 2709 Ex
1048 2674 1156 2723 qua
1181 2659 1467 2709 instruendi

371 2729 593 2779 notione
636 2730 855 2778 ornandi
887 2727 1216 2792 significatio
1254 2727 1461 2777 deriva-

372 2803 478 2849 tur.
555 2796 712 2847 Conf.
760 2798 1027 2848 Herodot.
1074 2798 1157 2859 11,
1199 2797 1315 2847 169.
1353 2797 1460 2859 111,

374 2867 470 2928 57,
511 2865 649 2928 alia,
688 2882 830 2932 quae
864 2867 935 2917 ad
972 2867 1025 2918 h.
1060 2867 1100 2918 l.
1141 2867 1281 2916 citat
1303 2867 1461 2916 Wes-

373 2935 585 3001 seling„
614 2937 702 2986 cui
729 2935 854 2986 add.
882 2935 1186 2987 Blomfield.
1218 2937 1276 2985 in
1302 2935 1461 2986 Glos-

371 3021 479 3058 ear.
519 3005 590 3056 ad
618 3005 871 3071 Aeschyl.
911 3006 1065 3057 Pers.
1102 3006 1223 3058 187.
1260 3032 1329 3043 —-
1377 3004 1462 3055 Ad

369 3076 537 3127 verba
574 3065 682 3124 ούκ
719 3065 987 3140 ἐκρύφθη
1031 3076 1176 3137 eonf.
1216 3091 1356 3141 quae
1392 3075 1462 3125 ad

369 3146 414 3207 Ι,
443 3143 544 3196 140
578 3143 646 3195 de
681 3160 785 3196 usu
821 3145 974 3196 verbi
1011 3135 1288 3208 κρύπτειν
1320 3148 1464 3196 attu-

369 3214 549 3265 limus.

397 3345 404 3348 .
437 3296 795 3362 καταγίζουσι
838 3289 950 3346 ἆνὰ
983 3294 1176 3347 πᾶσαν
1219 3288 1459 3364 ἡμέρην]

368 3369 453 3418 De
499 3366 667 3417 verbo
719 3365 1036 3430 καταγίζειν
1089 3368 1234 3418 conf.
1278 3367 1333 3430 Ι,
1370 3368 1459 3418 86.

368 3437 454 3490 Ad
477 3439 855 3501 argumentum
880 3435 1025 3485 conf.
1049 3437 1126 3497 ΙΙ,
1148 3437 1215 3486 62
1242 3441 1298 3486 et
1321 3451 1460 3501 quae

368 3504 441 3554 ad
487 3504 577 3566 ΙΙ,
627 3503 725 3554 132
772 3503 1040 3553 dicentur.
1116 3505 1226 3554 Pro
1278 3519 1460 3566 παρα-

368 3573 588 3623 καίεται
625 3570 945 3637 (accenditur
980 3588 1028 3623 e.
1064 3573 1221 3622 ardet
1257 3588 1461 3637 pernox

366 3641 615 3699 lucerna)
667 3640 1018 3691 Florentinue
1088 3643 1307 3707 tresque
1364 3641 1458 3690 alii

367 3713 529 3765 codd.
580 3711 820 3762 Parisini
864 3706 1253 3772 παρακέεται,
1315 3710 1458 3775 quod

366 3784 485 3833 iure
536 3787 861 3846 respuerunt
917 3780 1070 3842 edd.,
1132 3794 1456 3845 quamquam

364 3849 483 3912 πῦρ
512 3849 937 3915 παρακείμενον
966 3850 1174 3914 aliquot
1210 3848 1346 3899 loeis
1381 3864 1458 3899 re-

367 3920 604 3985 peritur3
644 3920 717 3970 cf.
747 3919 1029 3969 Hertlein:
1065 3920 1325 3983 Beitrage
1361 3934 1458 3968 zur

368 3989 554 4040 Kritik
606 3988 700 4038 dee
759 3987 1072 4053 Polyaenus
1138 3986 1455 4052 (wertheim

370 4055 534 4121 1854)
572 4073 629 4122 p.
672 4057 756 4108 12.

436 4132 638 4198 ἐοῦσαι
663 4132 921 4206 ἀριθμὸν
947 4131 1023 4198 ὡς
1053 4138 1254 4208 εἴκοσι]
1280 4141 1453 4193 Gaias.

367 4210 520 4263 dedit
553 4200 787 4271 έείκοσις
822 4212 1041 4276 reposui
1075 4208 1291 4272 εἴκοσι,
1339 4212 1452 4261 vid.

365 4285 482 4331 not.
521 4280 592 4330 ad
623 4280 700 4342 11,
726 4281 820 4330 121
851 4281 972 4330 init.
1033 4280 1235 4331 Vocem
1258 4280 1455 4328 κολοσ-

367 4341 467 4407 σὸς
501 4352 720 4415 praeter
748 4347 1076 4414 Aeschylum
1108 4350 1452 4415 (Agamemn.

1568 2205 1693 2270 406)
1743 2211 1798 2256 et
1831 2207 2166 2259 Herodotum
2216 2205 2325 2272 (11,
2367 2206 2483 2261 143.
2534 2207 2653 2259 153.

1574 2276 1689 2326 175.
1729 2276 1850 2341 176)
1889 2277 2034 2342 apud
2076 2278 2410 2342 antiquiores
2438 2278 2651 2328 Atticos

1566 2346 1658 2394 vix
1703 2347 1926 2410 reperiri
1970 2347 2204 2413 indeque
2238 2347 2485 2397 Ionicum
2534 2363 2652 2398 esee

1566 2415 1821 2466 observat
1856 2416 2157 2466 Blomfield.
2207 2416 2263 2465 in
2301 2415 2544 2467 Glossar.
2583 2417 2652 2467 ad

1566 2485 1821 2550 Aeschyl.
1865 2483 1901 2534 l.
1948 2485 2051 2535 hoe
2093 2486 2214 2536 loeo
2262 2485 2494 2536 reddens
2546 2493 2652 2536 sta-

1564 2561 1697 2603 tuas.
1757 2554 1917 2619 Apud
1942 2556 2259 2619 posterioris
2295 2554 2494 2604 aetatis
2526 2556 2655 2604 seri-

1564 2627 1748 2686 ptores
1812 2623 1999 2685 utique
2061 2624 2328 2687 reperitur
2383 2638 2515 2683 vox3
2580 2623 2652 2674 of.

1564 2690 1844 2742 Plutarch.
1880 2692 2019 2742 Fab.
2053 2692 2200 2743 Max.
2231 2693 2314 2741 22.
2355 2690 2568 2741 Morall.
2596 2707 2650 2755 p.

1565 2760 1669 2810 780
1692 2762 1758 2810 A.
1800 2760 2111 2825 Etymolog.
2130 2761 2315 2825 Magn.
2338 2775 2392 2824 p.
2415 2759 2535 2822 325,
2565 2759 2650 2811 16.

1565 2828 1753 2880 Nudae
1780 2830 1959 2879 facere
1981 2829 2264 2880 mulierum
2295 2834 2514 2880 statuae
2531 2845 2653 2880 eum

1565 2899 1635 2949 ab
1659 2899 2055 2965 Aegyptiorum
2090 2914 2237 2949 more
2273 2898 2509 2949 alienum
2538 2899 2653 2950 fue-
2711 2917 2719 2924 ·

1564 2969 1663 3031 rit,
1704 2969 1872 3020 verba
1897 2965 2105 3033 γυμναὶ
2133 2958 2466 3033 ἐργασμέναι
2490 2968 2653 3021 Grae-

1563 3053 1749 3089 eorum
1783 3039 2154 3105 negligentiae
2192 3038 2363 3089 tribui
2397 3038 2515 3089 vult
2549 3040 2653 3091 Le·

1562 3109 1716 3173 psius
1760 3108 1798 3161 1.
1834 3108 1874 3161 l.
1911 3125 1966 3174 p.
2008 3108 2144 3170 309,
2184 3109 2277 3174 qui
2307 3112 2491 3159 vestes
2530 3111 2653 3159 etri-

1564 3182 1683 3228 ctas
1729 3178 1797 3229 ab
1835 3179 1955 3244 ipso
1998 3193 2224 3244 corpore
2264 3177 2408 3227 haud
2455 3177 2654 3230 diecre-

1561 3248 1741 3297 verint
1772 3248 2007 3314 indeque
2039 3247 2216 3298 nudas
2247 3246 2654 3312 pronuntiarint

1561 3317 1711 3382 ipsas
1762 3322 1997 3367 statuas.
2092 3318 2273 3382 Atque
2322 3316 2402 3364 eie
2450 3315 2653 3365 dudum

1562 3386 1822 3436 docuerat
1858 3385 2296 3436 Winekelmann.
2349 3382 2545 3433 Geseb.
2595 3384 2650 3435 d.

1561 3456 1740 3504 Kunst
1780 3456 1829 3504 Ι.
1869 3452 2036 3520 (Opp.
2071 3454 2206 3516 111.)
2243 3468 2298 3517 p.
2336 3452 2423 3502 95.

1894 3622 2027 3672 Cu».
2066 3621 2315 3672 CXXXI.

1633 3716 1709 3783 ὡς
1740 3723 2075 3789 Μυκερῖνος
2124 3715 2389 3789 ἠράσθη]
2426 3723 2653 3775 Retinui

1559 3786 1823 3860 ἠράσθη,
1876 3799 1938 3844 ut
1974 3794 2027 3855 Ι,
2069 3792 2120 3843 8.
2160 3794 2265 3857 ΙΙΙ,
2305 3792 2401 3856 31,
2438 3807 2505 3843 ex
2538 3808 2648 3844 uno

1560 3863 1749 3915 codiee
1809 3878 1843 3912 a
1895 3862 2210 3931 Gaiefordio
2269 3866 2536 3913 mutatum
2590 3863 2649 3913 in

1558 3924 1816 3997 έράσθης
1865 3932 1962 3983 sed
1998 3931 2111 3984 vid.
2146 3933 2381 3983 Bredov.
2426 3947 2480 3996 p.
2522 3929 2646 3984 300.

1555 4002 1708 4053 Idem
1732 4001 1908 4053 Gaisf.
1942 4002 2131 4052 eodem
2157 4016 2223 4051 ex
2253 4001 2392 4051 libro
2416 3999 2567 4050 dedit
2587 4002 2645 4050 in

1556 4071 1664 4123 fine
1700 4071 1860 4121 huius
1897 4087 2016 4136 eap.
2054 4068 2338 4135 φαίνοντο
2358 4085 2456 4135 pro
2483 4059 2645 4133 ἐφαί-

1559 4155 1758 4204 νοντο,
1814 4141 1961 4206 quod
2017 4141 2192 4205 ipsum
2243 4155 2365 4190 eum
2411 4142 2640 4189 reeentt.

1555 4210 1677 4261 edd.
1716 4209 2085 4261 revocandum
2116 4209 2331 4271 censui,
2378 4208 2645 4273 probante

1553 4279 1741 4330 eodem
1771 4279 2003 4330 Bredov.
2033 4295 2088 4342 p.
2112 4278 2236 4329 288.
2291 4277 2375 4328 Ad
2412 4277 2641 4327 formam

1552 4338 1805 4413 ὁρέομεν
1841 4348 1986 4399 conf.
2025 4347 2099 4410 ΙΙ,
2137 4348 2237 4398 106
2274 4346 2406 4410 ibiq.
2442 4348 2585 4395 nott.
