3109 5092
1250 349 1413 411 CLI
1430 349 1505 410 O.
1551 351 1603 410 1.
1649 357 1771 415 179.

2522 349 2640 412 351

371 516 639 602 ἱκανὰς,
681 515 999 607 ὤπτησαν
1039 517 1246 600 αὐτὰς
1287 525 1362 592 ἐν
1399 529 1760 610 καμίνοισι.
1827 519 1994 611 μετὰ
2036 522 2111 592 δὲ
2135 525 2405 612 τέλματι
2431 523 2640 612 χρεῖό-

370 649 561 711 μενοι
590 619 911 715 ἆσφάλτῳ
936 629 1162 712 θερμῇ
1179 676 1198 710 ,
1229 625 1341 693 καὶ
1372 622 1486 693 διὰ
1515 625 1871 714 τριήκοντα
1899 625 2131 714 δόμων
2159 633 2457 696 πλίνθου
2482 654 2640 715 ταρ-

371 786 658 836 Onomast.
698 787 836 850 VII,
880 786 980 838 163
1018 787 1210 840 laudat
1244 791 1458 841 Wesse-

368 855 588 920 lingius,
624 856 735 906 alia
763 857 1031 923 quaedam
1068 859 1275 911 addens
1302 877 1332 911 e
1354 862 1458 911 La-

371 927 502 976 tinis
548 926 926 989 scriptoribus.
1010 929 1165 980 Infra
1211 930 1459 993 11,136

369 999 455 1044 est
516 993 804 1054 πλίνθους
873 994 1196 1063 εἴρυσαν,
1270 967 1459 1049 e'odem

368 1079 550 1127 sensu,
576 1079 807 1129 quocum
827 1073 1109 1132 comparat
1128 1069 1456 1134 wesseling.

370 1133 603 1183 Nahum.
639 1134 747 1196 111,
787 1136 870 1185 14.

439 1200 660 1284 teitaun
694 1196 1003 1268 χρεώμενοι
1027 1195 1294 1272 ἀσφάλτῳ
1323 1204 1460 1269 θερ-

370 1268 475 1337 μῇ]
514 1272 553 1323 i.
600 1288 648 1322 e.
685 1272 788 1322 luti
832 1289 878 1325 s.
925 1274 1092 1326 calcis
1141 1275 1290 1337 loco,
1351 1290 1460 1340 qua

371 1340 589 1406 singula
640 1342 898 1408 coniungi
947 1349 1003 1394 et
1052 1345 1327 1410 compingi
1372 1361 1458 1395 so·

371 1411 508 1472 lent,
549 1412 845 1462 utebantur
892 1413 1143 1478 asphalto
1194 1415 1372 1465 calida
1407 1430 1453 1466 s.

371 1481 633 1531 bitumine
660 1481 857 1532 calido.
898 1484 946 1533 N
951 1499 1145 1550 amque
1166 1485 1320 1550 regio
1345 1485 1456 1534 ista

370 1566 493 1599 cum
530 1550 682 1601 calce
716 1558 928 1615 careat,
977 1554 1268 1616 bitumine,
1308 1555 1452 1619 quod

368 1620 863 1684 frequentissimum
908 1623 1021 1672 illic
1063 1623 1331 1688 hodieque
1372 1624 1452 1673 in-

366 1691 610 1753 venitur,
654 1691 739 1740 uti
782 1697 1079 1755 potuerunt
1124 1699 1179 1743 et
1216 1709 1274 1743 re
1321 1708 1453 1743 vera

365 1760 453 1809 usi
488 1764 634 1809 sunt.
698 1761 993 1811 Praeterea
1026 1763 1174 1828 ligno
1202 1778 1268 1812 ac
1304 1768 1453 1812 trun-

367 1829 475 1892 cis,
528 1830 725 1893 quibus
780 1833 850 1880 ad
903 1832 1154 1882 aedificia
1190 1832 1452 1882 struenda

367 1913 503 1962 opus
550 1906 661 1963 est,
722 1915 844 1950 cum
893 1916 1067 1966 aeque
1114 1908 1301 1953 careat
1344 1903 1454 1952 ista

366 1968 516 2033 regio
561 1967 909 2033 planissima,
971 1971 1294 2022 arundinum
1338 1987 1454 2022 cra-

367 2043 450 2087 tes
484 2036 701 2088 illorum
733 2039 855 2089 loco
886 2041 1172 2106 stipabant
1200 2042 1341 2091 inter
1379 2042 1454 2090 la-

365 2112 541 2157 terum
577 2108 823 2171 ordines,
858 2126 966 2175 quo
999 2110 1187 2160 eodem
1219 2110 1457 2161 ducebat

364 2177 516 2242 regio
539 2177 865 2228 arundinum
894 2180 1250 2231 feracissima.
1296 2180 1455 2231 Unde

365 2247 503 2296 satis
546 2252 727 2311 patet,
773 2249 1086 2299 universam
1129 2250 1269 2300 hanc
1315 2258 1453 2299 stru-

366 2315 490 2365 endi
564 2317 1008 2368 consuetudinem
1079 2335 1202 2370 cum
1274 2325 1452 2369 terrae

364 2385 539 2449 ipsius
560 2386 745 2436 indole
765 2388 846 2436 ita
875 2390 1184 2453 convenire,
1210 2392 1273 2439 ut
1302 2389 1452 2439 aliud

364 2455 643 2521 quidpiam
672 2456 852 2506 locum
886 2458 1085 2508 habere
1121 2475 1231 2509 non
1264 2465 1452 2524 potue·

366 2525 468 2588 rit,
504 2540 606 2575 nec
640 2527 831 2577 mirum
868 2528 941 2577 sit
970 2527 1240 2594 hodieque
1266 2544 1332 2579 ex
1364 2545 1451 2579 ru-

364 2593 584 2644 deribus
627 2595 843 2645 aedium
878 2598 1330 2662 Babylonicarum
1369 2599 1450 2648 di-

364 2664 568 2726 spersis
606 2667 865 2730 cog-nosci
896 2682 1084 2732 posse,
1125 2684 1286 2732 quam
1322 2684 1449 2718 vere

364 2732 431 2782 de
484 2733 570 2783 his
616 2734 907 2785 tradiderit
957 2736 1220 2788 historiae
1270 2741 1444 2802 pater,

363 2817 595 2866 quocum
636 2804 759 2868 ipsa
803 2821 962 2855 sacra
1009 2807 1281 2872 scriptura
1324 2822 1449 2857 con-

363 2872 557 2936 sentit,
601 2872 799 2925 Genes.
836 2876 942 2938 XI,
981 2876 1038 2938 3,
1076 2877 1172 2927 ubi
1204 2877 1271 2927 de
1312 2877 1448 2926 turri

361 2941 700 3006 Babylonica
742 2913 1072 2995 exstruenda
1106 2947 1187 2996 sic
1218 2946 1447 3011 legimus

362 3009 417 3074 (e
461 3012 710 3062 versione
753 3013 962 3064 Theod.
1011 3015 1240 3080 Bezae).
1301 3016 1447 3078 „for-

360 3094 566 3129 memus
604 3080 804 3132 lateres
836 3088 890 3133 et
915 3100 1279 3149 excoquamus
1308 3086 1447 3151 opti-

358 3164 472 3199 me·
512 3149 591 3199 sic
630 3151 850 3201 fuerunt
886 3154 965 3202 eis
1001 3153 1199 3204 lateres
1235 3171 1332 3220 pro
1369 3155 1446 3205 la·

356 3218 576 3283 pidibus
621 3225 676 3270 et
721 3221 967 3272 bitumen
1018 3222 1164 3274 illius
1213 3225 1318 3274 fuit
1363 3225 1441 3274 eis

310 3315 326 3332 .
357 3304 455 3352 pro
503 3289 732 3340 intrito“
829 3307 858 3341 e
904 3308 1010 3357 quo
1068 3292 1189 3344 loco
1244 3295 1439 3346 merito

352 3358 588 3422 profecit
634 3359 834 3411 Ritter.
884 3360 921 3411 1.
970 3361 1004 3412 1.
1057 3378 1112 3426 p.
1147 3362 1269 3414 877.
1345 3366 1439 3414 At-

355 3441 463 3493 que
532 3427 673 3478 idem
732 3428 800 3479 de
858 3430 979 3480 Beli
1037 3436 1187 3483 turre
1240 3435 1443 3483 asserit

353 3497 553 3546 Strabo
592 3499 746 3549 XVI.
782 3515 838 3563 p.
875 3499 979 3552 738
1024 3505 1190 3566 atque
1222 3503 1437 3552 Arrisn.

351 3566 741 3630 Exped.Alsx.
765 3568 999 3632 V11,17.
1093 3571 1175 3620 Os.
1201 3572 1436 3621 Heeren.

352 3635 391 3684 l.
430 3635 469 3686 1.
504 3635 717 3699 p.147.
762 3638 863 3688 148
911 3638 1035 3689 coll.
1079 3639 1176 3690 187
1218 3656 1333 3706 seq.
1369 3670 1440 3681 ·—-

351 3704 436 3753 De
471 3704 708 3767 asphalto
751 3708 845 3771 qui
879 3709 1115 3773 egerint,
1167 3725 1260 3760 eos
1306 3713 1439 3759 cita-

350 3774 433 3822 vit
471 3773 770 3825 Grenzerus
817 3776 888 3826 ad
927 3777 1167 3828 Bekkeri
1203 3779 1437 3844 Specim.

347 3841 670 3894 Philostrat.
706 3860 834 3925 pag.
869 3845 938 3898 83
964 3851 1080 3898 not.

417 3908 515 3961 καὶ
550 3904 649 3961 δια
692 3907 1001 3994 τριήκοντα
1047 3907 1242 3981 δόμων
1279 3916 1438 3966 πλίν-

348 3979 470 4030 θου
510 3975 758 4044 ταρσοὺς
805 3976 1101 4049 καλάμων.
1114 3979 1439 4051 διαστοιβα-

341 4047 553 4117 Conse]
593 4051 631 4100 i.
655 4067 704 4103 e.
739 4054 986 4104 tricesim
1018 4057 1195 4119 cuique
1229 4058 1441 4106 laterum

344 4120 517 4169 ordint
536 4122 835 4172 arundimmz
863 4130 1011 4174 texta
1036 4126 1154 4173 inter
1158 4129 1434 4201 stipantes.

346 4187 640 4253 „Simplex
724 4191 952 4242 verbum
1036 4186 1437 4313 στοιράζειν

346 4224 645 4310 S’cholisst.
670 4260 902 4312 Lucian.
934 4262 990 4310 in
1015 4262 1190 4326 Catap
1258 4269 1280 4312 t
1325 4263 1411 4341 ΙΙΙΙ

344 4341 401 4390 p.
443 4326 544 4376 179
590 4328 677 4378 ed.
712 4330 934 4408 Bipont.
985 4333 1207 4410 exponit
1256 4346 1438 4380 πυκα-

341 4393 487 4460 (stu,
525 4390 900 4464 περιβάλλειν,
938 4391 1247 4464 στεγαζειν,
1280 4391 1453 4449 «uad--

1559 787 1689 849 ζειν.
1698 789 1733 815 “
1789 791 1874 841 Cr.
1935 791 2021 842 Ad
2049 782 2244 856 δόμων
2280 795 2437 841 notat
2459 791 2645 841 Gram-

1561 863 1693 910 mat.
1734 858 1975 911 Graecus
2019 861 2076 909 in
2121 861 2361 912 Bekkeri
2399 861 2643 911 Anecdd.

1561 930 1606 979 I.
1654 944 1709 993 p.
1746 929 1832 992 89,
1870 931 1929 980 8:
1978 925 2220 1010 δόμων·
2252 924 2358 980 οὐκ
2402 925 2495 980 ἐπὶ
2545 928 2647 994 τῆς

1561 994 1776 1076 οἰκίας,
1819 967 1944 1046 αλλ’
2006 990 2101 1061 ἐφ’
2152 987 2221 1049 οὗ
2269 989 2308 1063 ἦ
2362 992 2644 1062 συνήθεια

1559 1062 1770 1115 τάττει·
1800 1058 2113 1132 Ηρόδοτος
2150 1064 2355 1147 πρώτῳ
2391 1067 2486 1119 καὶ
2520 1068 2646 1118 δευ-

1556 1132 1699 1202 τέρῳ
1738 1135 2229 1203 (11,127>.1nde
2276 1134 2453 1202 δόμος
2487 1136 2646 1187 πλίν-

1562 1203 1680 1253 θου
1717 1211 1825 1268 est,
1877 1208 2187 1271 explicante
2223 1208 2646 1273 wyttenbachio

1561 1275 1616 1324 in
1653 1244 1878 1326 Selec’tt.
1916 1276 2137 1327 historr.
2173 1293 2300 1343 pag.
2338 1277 2468 1340 353,
2518 1278 2646 1327 ordo

1558 1349 1770 1395 laterum
1815 1360 1861 1396 s.
1897 1362 1997 1395 uua
2042 1348 2178 1397 linea
2215 1351 2519 1413 singulorum
2570 1350 2646 1395 la-

1555 1423 1715 1465 terum
1754 1414 1991 1478 deinceps
2030 1417 2179 1466 iuxta
2222 1434 2281 1468 se
2315 1421 2515 1467 invicem
2554 1432 2648 1478 po-

1555 1486 1789 1544 sitorum,
1836 1488 1900 1533 ut
1932 1486 1992 1535 in
2026 1485 2193 1535 simili
2238 1502 2298 1537 re
2335 1487 2410 1549 11,
2459 1487 2550 1537 127
2589 1490 2645 1534 et

1558 1553 1701 1617 apud
1747 1553 1943 1618 Polyb.
1991 1556 2071 1617 X,
2121 1557 2215 1618 22,
2251 1559 2282 1607 7
2338 1557 2455 1620 (ubi
2488 1570 2642 1606 cons.

1554 1623 2052 1688 Schweighaeuser.
2108 1627 2176 1676 T.
2225 1627 2323 1677 VI.
2371 1642 2427 1690 p.
2474 1625 2642 1690 637.).

1554 1692 1706 1742 Idem
1741 1698 1924 1743 tamen
1958 1694 2043 1742 vir
2080 1695 2275 1745 doctus
2309 1695 2516 1760 aliquid
2554 1695 2643 1743 de-

1556 1762 1763 1812 siderat
1799 1764 1871 1812 ad
1907 1764 2238 1814 narrationis
2283 1764 2642 1830 perspicuita-

1555 1837 1666 1880 tem
1702 1836 1757 1880 et
1799 1832 2136 1898 singularum
2173 1836 2410 1899 partium
2446 1832 2642 1883 intelli-

1553 1901 1824 1966 gentiam,
1868 1904 2187 1967 praesertim
2242 1905 2300 1953 in
2346 1902 2440 1953 illo
2485 1896 2642 1966 τριή-

1553 1983 1753 2034 κοντα,
1793 1976 1908 2021 tum
1944 1972 2091 2036 quod
2124 1972 2275 2023 nulla
2305 1974 2507 2023 mentio
2543 1972 2642 2021 fiat

1558 2041 1845 2102 materiae,
1899 2048 2115 2106 praeter
2167 2041 2440 2105 bitumen,
2500 2042 2641 2090 inter

1555 2109 1840 2174 pauciores
1878 2114 1974 2159 aut
2009 2111 2255 2176 singulos
2289 2112 2520 2162 laterum
2557 2127 2642 2160 or-

1555 2178 1710 2228 dines
1768 2181 2106 2231 interiectae.
2197 2183 2280 2232 Ac
2342 2195 2642 2263 sanequam

1552 2251 1746 2298 mirum
1781 2250 1953 2299 videri
1986 2256 2197 2314 potest,
2252 2254 2499 2303 tricesimo
2535 2253 2639 2300 cui·

1553 2321 1881 2404 quqlaterum
1910 2322 2081 2370 ordini
2105 2325 2344 2384 tantum,
2382 2336 2483 2371 nec
2506 2335 2640 2370 vero

1551 2381 1781 2453 singulis
1829 2389 2109 2440 ordinibus
2158 2396 2255 2442 aut
2304 2397 2453 2441 certe
2497 2406 2641 2441 com·

1551 2455 1799 2523 pluribus
1833 2464 2012 2509 crates
2045 2461 2372 2511 arundineas
2404 2463 2640 2525 interpo-

1551 2527 1689 2577 sitas
1747 2542 1888 2578 esse.
1982 2530 2160 2591 Quare
2214 2531 2514 2580 Salmasius
2572 2545 2638 2579 ac

1551 2601 1679 2660 post
1720 2612 1841 2647 eum
1888 2598 2281 2663 Wesselingius
2329 2599 2504 2649 locum
2559 2599 2640 2648 ita

1550 2667 1729 2732 accipi
1772 2665 2007 2731 malunt,
2051 2672 2116 2716 ut
2159 2671 2369 2732 ιη’,ςίηια
2415 2671 2521 2717 imis
2560 2669 2637 2716 la-

1549 2745 1705 2786 terum
1727 2737 1988 2786 ordinibus
2018 2742 2198 2787 crates
2231 2737 2372 2786 istae
2403 2737 2638 2800 interpo-

1549 2806 1692 2855 sitae
1728 2806 1947 2855 fuerint.
2020 2807 2128 2856 Sed
2163 2821 2378 2869 vereor,
2418 2813 2479 2856 ut
2511 2806 2633 2870 ipsa

1548 2874 1759 2925 Graeca
1792 2875 1988 2938 verba,
2036 2875 2222 2940 qualia
2263 2891 2408 2926 nunc
2443 2875 2633 2941 legun-

1545 2950 1662 3007 tur,
1700 2944 1867 2994 talem
1901 2945 2407 3010 interpretationem
2441 2945 2634 2996 admit-

1545 3019 1696 3074 tant3
1733 3029 1834 3064 nec
1867 3013 2012 3065 ullus
2042 3014 2175 3065 mihi
2211 3020 2360 3068 oute
2394 3016 2634 3065 innotuit

1544 3082 1726 3146 locus,
1774 3085 1869 3134 ubi
1919 3076 2018 3133 διὰ
2061 3100 2184 3136 οιιιιι
2229 3086 2473 3150 genitivo
2519 3083 2633 3135 tale

1542 3153 1673 3232 quid
1721 3155 2020 3234 exprimere
2063 3156 2323 3220 potuerit.
2367 3185 2434 3195 —-
2497 3170 2629 3218 ταρ-

1543 3216 1681 3280 σοὺς
1731 3216 1996 3294 καλάμων
2045 3224 2179 3275 dicit
2221 3232 2396 3288 texta,
2461 3233 2631 3274 crates

1540 3293 1884 3354 arundineas,
1953 3308 2063 3343 non
2126 3297 2243 3344 alas
2315 3296 2626 3355 arundinum,

1542 3362 1993 3427 quemadmodum
2061 3362 2189 3412 olim
2257 3362 2627 3413 reddiderant.

1540 3432 1734 3482 Graeci
1757 3430 2032 3497 explicant
2053 3428 2367 3495 πλέγματας
2395 3431 2469 3481 cf.
2496 3431 2629 3481 Gre-

1540 3517 1657 3564 gor.
1693 3499 1939 3550 Corinth.
1965 3501 2033 3550 de
2065 3499 2197 3550 dial.
2224 3499 2400 3550 Ionic.
2442 3503 2495 3562 §-
2523 3500 2624 3550 107

1538 3569 1672 3633 ibiq.
1706 3570 1927 3632 interpr.
1963 3573 2019 3618 et
2056 3567 2363 3631 Thucydid.
2404 3569 2496 3631 11,
2536 3569 2622 3628 76,

1539 3654 1608 3687 ne
1646 3637 1757 3687 alia
1791 3637 2032 3688 afferam.
2087 3636 2174 3686 Ad
2195 3652 2308 3686 rem
2331 3638 2506 3701 ipsam
2530 3637 2626 3687 ad-

1539 3711 1724 3756 monet
1761 3705 2305 3770 Schweighaeuserus
2341 3707 2397 3756 in
2424 3708 2627 3757 Taver-

1540 3776 1678 3825 nerii
1716 3774 2003 3825 Itinerario
2039 3775 2077 3825 1.
2119 3776 2200 3825 ΙΙ.
2236 3790 2356 3839 cap.
2387 3777 2438 3826 7.
2477 3777 2626 3826 inve·

1538 3845 1645 3894 uiri
1698 3844 1927 3894 similem
1977 3845 2114 3894 muri
2171 3845 2372 3894 veteris
2426 3846 2627 3896 descri-

1535 3915 1803 3978 ptionem,
1861 3913 1917 3962 in
1952 3928 2059 3979 quo
2095 3914 2386 3964 interserta
2423 3915 2625 3965 fuerint

1536 3985 1680 4033 inter
1712 3983 1945 4033 laterum
1989 3983 2206 4034 ordines
2254 3988 2432 4034 strata
2466 4001 2625 4035 arun-

1538 4052 1720 4103 dinea.
1763 4053 1876 4103 Nos
1900 4051 2150 4103 nolumus
2181 4059 2441 4118 repetere,
2479 4055 2625 4119 quod

1539 4122 1698 4173 modo
1765 4137 1832 4171 ex
1885 4123 2156 4173 Heerenio
2216 4124 2624 4188 adscripsimus,

1538 4190 1729 4242 eadem
1777 4192 1987 4254 omnia,
2046 4207 2188 4258 quae
2241 4192 2307 4242 de
2351 4194 2623 4243 moenium

1537 4261 1988 4311 exstruendorum
2034 4263 2247 4311 ratione
2293 4263 2485 4311 scribit
2514 4263 2625 4311 He·

1536 4332 1792 4395 rodotus,
1829 4332 2002 4381 ruinis
2026 4330 2203 4380 adhuc
2239 4330 2624 4394 superstitibus

1536 4401 1738 4465 optime
1783 4399 2118 4460 confirmari,
2166 4399 2398 4463 illasque
2444 4402 2636 4449 crates,
