3109 5092
541 302 665 367 32

1399 319 1945 384 HERODOTI

537 493 766 571 θρων,
803 487 1042 576 ἐούσης
1071 491 1532 578 τετραγώνου,
1575 502 1780 564 λίθου
1814 497 1888 567 δὲ
1920 499 1987 577 ἐς
2022 495 2097 566 τὸ
2125 495 2333 588 ἥμισυ
2358 506 2812 571 Αἰθιοπικοῦ·

537 665 774 720 ἕκαστον
831 670 1033 721 κῶλον.
1117 674 1316 739 Itaque
1364 676 1490 727 olim
1539 680 1620 728 sic

535 742 794 805 scriptum
823 741 991 792 fuisse
1015 745 1352 808 suspicatur:
1379 745 1482 795 τοῦ
1509 764 1617 797 πα-

533 818 668 890 τρὸς
703 826 806 876 ΣΙ(
843 825 1045 877 ποδῶν
1087 827 1507 896 καταδέουσαν,
1559 841 1621 884 ut

533 896 758 946 ducentis
791 899 962 962 viginti
981 900 1211 962 pedibus
1236 902 1495 953 minorem
1525 921 1618 969 py-

537 967 744 1015 ramide
767 982 801 1015 a
831 974 985 1031 patre
1012 974 1325 1021 constructa
1343 971 1484 1022 hanc
1507 974 1618 1024 No—

533 1041 646 1084 ster
694 1036 893 1086 dixerit
930 1039 1285 1101 pyramidem.
1359 1042 1517 1103 Quod
1555 1047 1619 1093 nt

529 1105 689 1154 valde
715 1107 966 1168 probavit
995 1107 1158 1166 Miot,
1198 1109 1278 1158 ita
1306 1111 1495 1161 reiecit
1520 1114 1617 1163 Ja-

531 1175 687 1224 cobs:
723 1176 804 1226 De
845 1192 1077 1226 mensur.
1119 1179 1324 1229 Herod.
1362 1196 1488 1246 pag.
1529 1182 1616 1244 32,

529 1246 616 1293 cui
664 1259 764 1293 nec
809 1245 1306 1310 Schweighaeuseri
1361 1265 1462 1300 nec
1517 1253 1619 1302 Le-

529 1314 731 1362 tronnii
756 1313 936 1378 placet
957 1316 1113 1374 ratio,
1153 1332 1319 1380 quare
1341 1319 1456 1383 ipse
1483 1323 1614 1370 scri-

528 1381 760 1431 bendum
809 1398 930 1432 esse
977 1385 1240 1434 coniecit:
1278 1385 1460 1437 εἴκοσι
1506 1405 1611 1439 πο-

526 1446 647 1498 δῶν
695 1443 952 1500 ἐοῦσαν
995 1450 1182 1502 κῶλον
1230 1451 1469 1506 ἕκαστον
1515 1455 1612 1507 καὶ

526 1516 701 1581 τριῶν
752 1518 1042 1584 πλέθρων,
1096 1528 1156 1572 ut
1195 1528 1611 1593 unumquodque

523 1588 669 1638 latus
715 1593 988 1640 trecentos
1035 1592 1230 1654 viginti
1275 1596 1439 1659 pedes
1487 1614 1612 1647 con-

524 1658 754 1708 tinuisse
779 1660 978 1710 Noster
998 1660 1384 1714 declaraverit:
1408 1666 1461 1714 id
1481 1683 1611 1717 vero

523 1728 812 1779 convenire
848 1730 966 1779 vult
1012 1746 1132 1779 cum
1171 1749 1301 1783 vera
1338 1750 1609 1797 mensura,

522 1813 663 1862 quae
699 1814 842 1849 nunc
888 1800 1190 1863 reperiatur
1235 1818 1354 1852 esse
1403 1809 1610 1854 trecen-

521 1873 696 1917 torum
734 1868 932 1934 viginti
968 1870 1208 1935 quinque
1244 1873 1436 1937 pedum
1471 1875 1611 1925 Rhe-

521 1953 649 1986 nan.
699 1943 753 1987 et
814 1939 958 2002 quod
1006 1942 1270 2002 excurrit,
1318 1959 1438 1992 cum
1484 1943 1609 1993 alti-

520 2007 654 2056 tudo
709 2008 1005 2072 pyramidis
1064 2009 1135 2059 ad
1185 2018 1401 2061 centum
1456 2029 1610 2063 sexa-

522 2076 678 2138 ginta
725 2082 849 2126 octo
907 2078 1072 2128 ferme
1120 2080 1285 2143 pedes
1343 2083 1610 2132 ascendat

521 2144 832 2195 Rhenanos.
906 2147 978 2195 At
1015 2163 1293 2198 mensuras
1330 2151 1400 2200 ab
1437 2152 1610 2201 Hero-

521 2213 650 2262 doto
691 2214 960 2264 indicatas
1000 2231 1120 2265 cum
1161 2218 1257 2278 iis,
1294 2234 1430 2283 quas
1460 2221 1608 2270 inve·

519 2283 662 2332 uerit
698 2283 929 2333 Grobert
965 2286 1294 2348 pyramidem
1342 2288 1481 2339 hanc
1530 2291 1609 2341 di·

519 2352 748 2400 metiens
766 2389 779 2413 ,
820 2368 1115 2416 congruere
1135 2361 1317 2406 mouet
1335 2357 1609 2424 Schweig-

518 2421 841 2471 haeuserus:
905 2422 1141 2473 omnium
1192 2428 1605 2479 accuratissime

517 2491 868 2555 pyramidem,
906 2491 1081 2556 qualis
1098 2508 1241 2545 nunc
1265 2501 1366 2557 est,
1390 2497 1606 2549 videtur

518 2576 766 2611 emensus
784 2577 904 2612 esse
927 2563 1171 2628 Perring,
1190 2565 1279 2629 qui
1300 2567 1459 2616 basin
1484 2583 1605 2618 esse

514 2630 780 2681 indicavit
801 2632 994 2695 pedum
1015 2633 1135 2695 354,
1175 2634 1226 2684 θ’
1262 2635 1603 2687 altitudinem

515 2701 1011 2766 perpendicularem
1057 2703 1251 2767 pedum
1303 2705 1405 2757 218
1450 2706 1605 2756 incli-

514 2774 697 2820 natam
734 2772 930 2835 pedum
966 2772 1087 2832 278,
1121 2776 1172 2821 2‘
1209 2778 1264 2823 et
1304 2790 1442 2839 quae
1477 2782 1605 2825 sunt

515 2839 752 2905 reliqua;
793 2840 906 2890 vid.
951 2842 1095 2905 Vyse
1130 2841 1459 2906 Operatione
1493 2850 1599 2895 etc.

514 2908 591 2957 11.
639 2924 766 2973 pag.
814 2909 917 2960 120
965 2925 1119 2974 seqq.
1204 2912 1490 2963 Caeterum
1534 2915 1602 2964 de

511 2976 616 3026 hac
651 2978 956 3041 pyramide,
1008 2994 1148 3042 quae
1195 2980 1373 3031 adhuc
1418 2998 1603 3046 super-

514 3049 626 3095 stes
687 3051 772 3095 est
825 3046 1125 3110 meliusque
1184 3049 1321 3099 adeo
1383 3058 1601 3101 servata

512 3113 766 3178 reliquis,
814 3131 936 3164 cum
972 3115 1059 3165 vel
1109 3116 1318 3181 lapides
1358 3135 1474 3169 eam
1510 3137 1600 3171 ve·

512 3183 741 3234 stientes
764 3199 830 3233 ex
850 3190 1007 3249 parte
1033 3188 1322 3250 supersint,
1347 3189 1429 3238 ita
1464 3192 1598 3239 scri-

511 3254 623 3317 psit
675 3254 857 3318 Zoega
903 3253 939 3303 l.
991 3254 1028 3304 l.
1081 3271 1137 3319 p.
1183 3256 1316 3307 412:
1356 3286 1458 3320 „—
1492 3260 1596 3309 hoc

510 3328 855 3388 trangressus
908 3325 1062 3374 venis
1125 3326 1193 3376 ad
1241 3330 1594 3391 pyramidem,

509 3407 671 3458 quam
702 3398 904 3444 vocant
951 3395 1175 3458 tertiam,
1225 3398 1456 3463 amplam
1494 3399 1596 3448 cir-

508 3463 645 3512 citer
680 3464 844 3528 pedes
881 3468 965 3513 ter
1001 3470 1285 3527 centenos,
1341 3468 1592 3518 structio-

508 3532 666 3581 nibus
689 3533 856 3584 ferme
883 3533 1224 3597 bipedalibus
1244 3538 1597 3602 septuaginta

507 3606 660 3663 octo,
737 3604 1001 3666 graduum
1069 3604 1244 3653 instar
1308 3621 1593 3656 ascensum

507 3672 892 3735 praebentibus
917 3672 983 3722 ad
1010 3673 1293 3735 verticem,
1333 3676 1424 3739 qui
1449 3691 1594 3725 nunc

507 3740 729 3804 fastigio
768 3756 957 3791 carens
995 3740 1142 3791 latus
1183 3747 1266 3792 est
1309 3744 1381 3793 ad
1419 3747 1594 3793 orien-

505 3812 616 3857 tem
667 3808 833 3873 pedes
887 3810 1197 3870 duodecim,
1255 3811 1324 3861 ad
1370 3813 1592 3863 boream

507 3878 936 3940 quatuordecim.
1022 3879 1328 3930 Aedificata
1384 3888 1468 3932 est
1525 3898 1592 3932 ex

508 3944 694 3994 eodem
739 3945 948 4011 lapide,
997 3963 1102 4012 quo
1150 3955 1280 3999 sunt
1324 3950 1589 4015 reliquae:

507 4018 564 4062 at
601 4014 985 4066 circumiacent
1009 4015 1180 4067 multa
1196 4020 1448 4083 granitici
1472 4021 1591 4070 saxi

506 4083 806 4146 fragmina,
841 4090 1004 4149 atque
1039 4085 1095 4134 in
1132 4088 1254 4151 ipsa
1291 4089 1431 4138 mole
1467 4089 1591 4140 hinc

506 4155 561 4200 et
595 4150 747 4200 illinc
791 4152 1135 4204 offenduntur
1179 4155 1341 4207 huius
1376 4159 1590 4222 generis

502 4219 714 4284 lapides
749 4220 1089 4285 longitudine
1137 4225 1589 4292 quinquepedali:

503 4305 611 4355 quo
665 4288 910 4340 firmatur
963 4295 1204 4341 veterum
1265 4295 1588 4359 scriptorum

501 4359 770 4421 narratio,
811 4359 1120 4410 inferiorem
1156 4367 1367 4424 partem
1406 4370 1590 4414 conte-

1722 687 1867 732 ctam
1906 683 2077 733 suisse
2114 683 2246 734 duro
2283 685 2465 751 lapide
2513 689 2583 737 ab
2629 689 2824 738 Aethi-

1723 753 1879 815 opiae
1904 751 2101 803 finibus
2131 754 2424 807 advecto.“
2492 758 2698 807 Nostra
2733 774 2823 808 ae·

1725 825 1838 870 tate
1874 821 2015 872 hanc
2050 824 2415 889 pyramidem,
2452 843 2592 892 quae
2615 829 2824 878 ceteris

1720 891 1851 940 licet
1871 892 2043 941 minor
2068 893 2141 941 sit
2166 901 2219 942 et
2241 897 2615 960 magnitudine
2650 905 2705 946 et
2746 898 2827 946 al·

1720 960 1983 1021 titudine,
2037 967 2346 1014 structurae
2383 966 2556 1029 ipsius
2594 967 2819 1016 modum

1722 1031 1767 1080 si
1806 1037 2141 1094 spectemus,
2180 1035 2421 1084 omnium
2452 1035 2825 1101 pulcherrima

1721 1100 2083 1163 praedicatur,
2116 1104 2428 1153 accuratius
2455 1106 2821 1170 perquisitam

1721 1169 2022 1234 meliusque
2059 1170 2182 1220 inde
2219 1175 2497 1236 cognitam
2540 1190 2664 1224 esse
2702 1175 2818 1225 lae-

1720 1243 1927 1300 tamur;
1991 1241 2195 1289 sactum
2240 1241 2344 1292 hoc
2392 1249 2476 1292 est
2517 1245 2820 1309 praecipue

1719 1323 1884 1372 opera
1921 1309 2182 1358 Howardi
2224 1312 2402 1376 Vyse,
2453 1314 2545 1378 qui
2578 1330 2691 1364 non
2732 1331 2819 1364 so·

1715 1376 1825 1426 lum
1858 1385 2116 1428 accurate
2143 1382 2324 1431 omnia
2352 1383 2645 1447 descripsit
2669 1399 2819 1433 men-

1716 1462 1981 1512 surasque
2017 1463 2178 1513 quam
2216 1449 2333 1500 fieri
2372 1453 2554 1516 potuit
2589 1468 2819 1503 accura-

1716 1517 1924 1566 tissime
1961 1518 2250 1568 coustituit
2271 1559 2284 1582 ,
2322 1536 2509 1571 verum
2539 1523 2703 1572 etiam
2736 1524 2815 1571 in-

1717 1587 1885 1636 troitu
1930 1587 2228 1651 pyramidis
2277 1595 2467 1654 aperto
2518 1588 2575 1640 in
2624 1599 2815 1656 partes

1714 1655 1998 1705 interiores
2035 1657 2269 1707 accessit
2314 1675 2696 1725 cameramque
2736 1661 2814 1710 ibi

1712 1725 1921 1775 invenit
1952 1724 2337 1790 sepulcralem,
2388 1745 2497 1779 una
2533 1745 2653 1778 cum
2688 1731 2812 1796 ipso

1712 1794 1856 1858 regis
1912 1795 2280 1860 sarcophago,
2343 1799 2498 1849 cuius
2554 1800 2811 1863 operculo

1713 1878 1853 1926 quae
1888 1864 2186 1927 inscriptae
2232 1865 2452 1917 fuerunt
2497 1873 2661 1918 notae
2698 1870 2812 1918 hie-

1713 1931 2091 1996 roglyphicas,
2150 1950 2335 1998 preces
2392 1938 2675 1987 continent
2735 1939 2809 1988 ad

1713 2001 1983 2051 Osiridem
2037 2003 2333 2054 inferorum
2375 2006 2679 2069 praesidem
2731 2008 2809 2058 sa-

1712 2075 1831 2120 ctas
1865 2071 1933 2121 ab
1970 2072 2091 2135 ipso
2129 2089 2258 2137 rege
2296 2073 2384 2124 hic
2423 2076 2674 2140 condito,
2717 2094 2807 2127 cn-

1710 2140 1795 2190 ius
1841 2155 2036 2190 nomeu
2085 2147 2247 2192 sonat
2294 2144 2641 2196 Men-ke-ra
2688 2148 2807 2196 sive

1713 2208 2087 2260 Men-lea·re.·
2155 2227 2314 2277 quem
2375 2213 2580 2263 nullum
2636 2216 2807 2265 alium

1711 2294 1831 2329 esse
1866 2280 1970 2328 nisi
1995 2295 2143 2341 eum,
2182 2281 2276 2346 qui
2313 2283 2458 2347 apud
2490 2284 2804 2348 Syncellum

1710 2346 1800 2411 (ex
1836 2347 2194 2410 Manethone)
2222 2357 2452 2401 vocatur
2475 2351 2800 2417 ΛῙενχέρης,

1708 2417 1852 2481 apud
1890 2418 2225 2469 Herodotum
2263 2425 2317 2469 et
2340 2421 2641 2472 Diodorum
2669 2422 2801 2472 Mt·-

1708 2488 1952 2548 κερῖνος,
1984 2487 2117 2536 nihil
2141 2489 2383 2539 dubium.
2441 2492 2602 2541 Hunc
2629 2492 2802 2557 igitur

1709 2556 2133 2620 sarcophagum,
2179 2559 2334 2607 cuius
2380 2560 2672 2626 imaginem
2712 2578 2801 2611 ex·

1708 2625 2003 2674 hibuerunt
2058 2627 2206 2691 Vyse
2264 2628 2491 2692 Operat.
2536 2630 2613 2679 11.
2664 2647 2796 2695 pag.

1707 2694 1773 2744 83
1822 2694 1942 2758 (qui
1986 2695 2129 2744 idem
2184 2712 2310 2760 pag.
2368 2697 2435 2747 94
2484 2699 2799 2764 operculum

1707 2778 1921 2827 quoque
1957 2764 2105 2814 notis
2137 2763 2557 2831 hieroglyphicis
2594 2774 2797 2819 tectum

1707 2832 1947 2896 exhibet)
1998 2838 2054 2882 et
2100 2835 2338 2885 Buusen.
2384 2836 2507 2887 Vol.
2558 2838 2638 2888 ΙΙ.
2678 2840 2796 2889 tab.

1705 2903 1833 2963 XV,
1880 2902 2010 2950 inde
2056 2901 2297 2953 ablatum
2347 2907 2634 2969 postmodo
2683 2923 2796 2958 una

1655 2991 1667 3001 ·
1705 2986 1825 3020 cum
1863 2986 2031 3033 nave,
2069 2987 2210 3036 quae
2245 2989 2365 3023 eum
2397 2975 2467 3024 ad
2496 2977 2794 3026 Britannos

1705 3039 1997 3089 devectura
2020 3046 2155 3102 erat,
2181 3043 2470 3108 naufragio
2491 3061 2656 3110 prope
2667 3046 2795 3095 Car·

1702 3108 1993 3172 thagcnam
2043 3110 2193 3161 facto
2232 3112 2491 3176 periisse,
2536 3116 2795 3164 maximo-

1702 3193 1828 3242 pere
1876 3177 2192 3230 dolendum:
2254 3181 2325 3231 cf.
2366 3183 2553 3233 Revue
2590 3182 2794 3233 Arche-

1700 3246 1842 3310 olog.
1872 3247 1977 3296 ΙΙΙ.
2004 3264 2133 3313 pag.
2152 3250 2280 3310 7093
2316 3250 2383 3306 de
2414 3253 2645 3303 caeteris
2675 3253 2790 3302 vid.

1697 3316 1937 3365 Howard
1974 3318 2120 3382 Vyse
2156 3319 2230 3370 11.
2274 3335 2402 3384 pag.
2441 3320 2501 3372 14
2539 3338 2689 3388 seqq.
2725 3323 2792 3370 70

1699 3400 1851 3449 seqq.
1901 3385 1999 3436 103
2040 3404 2191 3452 seqq.
2230 3388 2462 3455 indeque
2509 3392 2790 3456 profectus

1698 3454 1872 3504 Raoul
1918 3456 2211 3506 Rochette:
2260 3458 2489 3509 Journal
2552 3461 2604 3510 d.
2654 3462 2785 3512 Say.

1701 3521 1855 3572 1844.
1901 3540 2029 3589 pag.
2089 3526 2404 3591 168-179„
2454 3530 2690 3580 Buuseu.
2750 3531 2785 3581 l.

1696 3592 1734 3643 l.
1784 3592 1861 3641 11.
1918 3609 2045 3658 pag.
2103 3594 2202 3644 10ss
2251 3610 2424 3661 seqq„
2484 3599 2785 3650 Prokesch:

1696 3662 2097 3727 Erinnerungg.
2149 3679 2274 3728 pag.
2323 3666 2411 3716 83.
2488 3667 2788 3732 Inscriptas

1697 3731 2024 3794 sarcophagi
2047 3731 2300 3796 operculo
2325 3750 2516 3798 preces
2553 3736 2789 3801 explicat

1695 3798 1860 3848 Birch
1905 3800 2049 3864 apud
2096 3802 2254 3851 How.
2301 3804 2449 3868 Vyse
2498 3805 2532 3854 l.
2582 3805 2619 3857 1.
2655 3822 2785 3872 pag.

1695 3867 1764 3916 96
1791 3872 1846 3916 et
1866 3868 2105 3919 Bunsen.
2137 3887 2192 3935 p.
2225 3870 2341 3922 171.
2414 3874 2556 3923 Add.
2577 3875 2788 3925 Eclair-

1693 3936 2012 3987 cissements
2068 3954 2161 3988 sur
2208 3939 2258 3989 le
2309 3942 2542 3991 cercueil
2586 3943 2657 3992 du
2708 3945 2787 3992 roi

1692 4005 1988 4070 Memphite
2034 4007 2365 4072 Mycerinus.
2440 4011 2669 4062 Traduit
2720 4012 2785 4063 de

1694 4073 1958 4139 l'Anglais
1997 4082 2053 4126 et
2098 4077 2470 4142 accompagn&
2518 4080 2582 4130 de
2625 4087 2783 4132 notes

1692 4158 1792 4206 par
1842 4144 1938 4194 Ch.
1988 4146 2324 4196 Lenormant
2366 4150 2570 4212 (Paris.
2623 4149 2784 4214 1839)

1692 4227 1819 4276 pag.
1862 4213 1919 4263 11
1962 4229 2113 4279 seqq.

1763 4295 1936 4346 λίθου
1984 4293 2048 4347 δὲ
2097 4291 2152 4356 ἐς
2191 4292 2256 4348 τὸ
2298 4291 2472 4364 ἥμισυ
2512 4298 2781 4352 Αἰθιοπι-

1690 4363 1822 4430 κοῦ]
1843 4367 1926 4416 De
1955 4369 2125 4430 lapide
2140 4369 2436 4434 Aethiopico
2465 4372 2612 4422 conf.
2640 4379 2777 4423 nott.
