3109 5092
455 375 537 437 26
1312 379 1858 443 HERODOTI

456 555 775 641 ,,γε’νηται
826 549 1092 640 βλάβος.
1178 548 1392 641 ἀρχὴν
1436 552 1567 643 γὰρ
1612 553 1744 642 ἐγώ
1793 555 2256 646 μηχανήσομαι
2300 554 2510 644 οὕτω,
2568 555 2738 632 ὥστε

456 657 671 746 »μηδὲ
726 666 977 744 μαθεῖν
1022 684 1141 744 μιν
1183 652 1522 743 ὀφθεῖσαν
1565 653 1700 752 ὑπὸ
1744 666 1884 730 σεῦ.
1941 658 2074 749 ἐγώ
2113 660 2242 753 γάρ
2289 685 2365 734 σε
2393 669 2484 754 κἐς
2522 667 2599 739 τὸ
2636 679 2774 760 οἴῃ

457 789 683 849 ,,κημα
703 812 722 845 ,
792 763 867 829 ἐν
912 763 1006 850 τῷ
1057 758 1484 847 κοιμώμεθα,
1554 760 1800 832 ὄπισθε
1854 771 1970 853 τῆς
2021 762 2461 860 ἀνοιγομένης
2519 774 2741 863 θύρης

457 863 761 953 ,,στήσω·
811 861 975 952 μετὰ
1008 860 1073 932 δ’
1107 864 1221 952 ἐμὲ
1255 865 1623 937 ἐσελθόντα
1656 871 1977 957 παρέσται
2006 873 2119 940 καὶ
2151 869 2192 964 ἦ
2233 874 2410 966 γυνὴ
2443 873 2485 966 ἡ
2520 876 2643 970 ἐμὴ
2675 884 2742 956 ἐς

456 984 749 1053 ,,κοι’τον.
805 982 1017 1035 κεῖται
1062 967 1140 1037 δὲ
1176 965 1385 1056 ἀγχοῦ
1411 976 1527 1059 τῆς
1568 970 1808 1041 ἐσόδου
1844 972 2126 1062 θρόνος·
2181 981 2290 1048 ἐπὶ
2322 986 2565 1055 τοῦτον
2598 991 2783 1055 τῶνδ

461 1078 796 1161 ,,ίματίων
846 1068 1014 1140 κατὰ
1062 1076 1138 1140 ἓν
1177 1075 1460 1143 ἕκαστον
1506 1074 1884 1145 ἐκδύνουσα
1931 1079 2130 1171 θήσει
2150 1103 2165 1117 ·
2220 1086 2332 1152 καὶ
2379 1086 2527 1158 κατ’
2569 1085 2735 1179 ἡσυ-

460 1183 660 1264 ,,χίην
698 1171 957 1264 πολλὴν
989 1178 1256 1265 παρέξει
1294 1204 1395 1247 τοι
1435 1177 1836 1268 θεήσασθαι.
1894 1183 2099 1255 ἐπεὰν
2134 1187 2209 1256 δὲ
2243 1184 2375 1258 ἀπὸ
2413 1198 2536 1263 τοῦ
2569 1194 2737 1285 θρό-

458 1307 630 1365 ,,νου
677 1286 901 1367 στείχῃ
952 1280 1061 1348 ἐπὶ
1099 1278 1224 1368 τὴν
1262 1278 1507 1370 εὐνὴν,
1560 1280 1729 1351 κατὰ
1766 1282 1986 1359 νω’του
2026 1318 2097 1359 τε
2138 1287 2343 1381 αὐτῆς
2377 1299 2574 1387 γε’νῃ,
2633 1302 2740 1368 σοὶ

459 1385 758 1471 ,,μελέτω
793 1380 868 1451 τὸ
904 1383 1266 1467 ἐνθεῦτεν,
1313 1382 1485 1465 ὅκως
1519 1386 1613 1475 μη’
1647 1407 1722 1455 σε
1758 1383 1992 1469 ὄψεται
2032 1393 2219 1464 ἰόντα
2251 1395 2364 1467 διὰ
2396 1406 2740 1491 θυρέων.“

365 1483 519 1555 1οὉ
547 1486 672 1574 μὲν
704 1482 827 1574 δὴ,
861 1480 952 1565 ὥς
978 1483 1104 1555 οὐκ
1135 1484 1433 1575 ἠδύνατο
1469 1494 1904 1583 διαφυγέειν,
1942 1490 2030 1587 ἦν
2055 1502 2330 1588 ἑτοῖμος.
2374 1501 2410 1573 ὁ
2445 1506 2521 1576 δὲ
2549 1514 2734 1576 Καν-

522 1646 705 1721 ἆρχὴν
777 1647 882 1720 γὰρ
953 1646 1056 1719 ἐγώ
1123 1648 1546 1725 μηχανήσομαι]
1651 1661 1930 1718 illustrant
1971 1631 2300 1724 Valckenar.
2353 1675 2424 1726 ad
2467 1676 2524 1738 Ι,
2571 1677 2632 1727 21
2685 1682 2740 1728 et

450 1717 636 1791 ἀρχὴν
717 1728 909 1776 omnino
991 1726 1380 1792 interpretatus
1462 1734 1548 1779 est
1652 1733 1907 1788 Kuehner
1939 1740 2032 1791 Gr.
2068 1742 2162 1792 Gr.
2202 1747 2252 1806 §-
2293 1746 2414 1808 622,
2451 1746 2507 1798 b.

451 1798 750 1847 Hermann.
790 1796 861 1846 ad
902 1796 1027 1861 Vig.
1064 1814 1118 1860 p.
1167 1798 1268 1849 723
1305 1798 1398 1848 ubi
1432 1800 1544 1851 vid.

452 1867 627 1931 plura.
676 1867 763 1917 Tu
798 1865 912 1918 vid.
960 1869 1101 1917 nott.
1146 1867 1217 1918 ad
1260 1868 1304 1931 Ι,
1344 1866 1432 1920 86.
1468 1869 1543 1931 ΙΙ,

526 1996 632 2070 ἐγὼ
691 1996 797 2069 γάρ
852 2017 911 2053 σε
977 1994 1033 2061 ἐς
1090 1999 1154 2055 τὸ
1212 2004 1424 2071 οἴκημα
1474 2037 1544 2048 -

452 2067 659 2139 στήσω]
714 2074 1113 2154 Valckenarius
1171 2093 1235 2127 ex
1289 2079 1543 2144 Dionysii

452 2146 574 2196 loeo
607 2144 962 2193 coniiciebat:
1004 2139 1283 2208 αγαγών
1319 2144 1423 2211 γάρ
1462 2162 1539 2211 σε,

453 2220 517 2264 ut
568 2214 682 2263 fere
728 2214 774 2275 Ι,
833 2213 916 2263 10.
973 2212 1090 2263 132.
1138 2215 1242 2279 ΙΙΙ,
1292 2215 1356 2267 61
1407 2219 1536 2282 ibiq.

454 2287 570 2334 not.
610 2284 679 2333 85
709 2286 764 2332 et
809 2281 881 2331 cf.
932 2298 1071 2345 quae
1114 2286 1209 2335 Cr.
1259 2285 1329 2335 ad
1375 2287 1543 2339 Ploti-

454 2369 582 2404 num
611 2352 677 2402 de
700 2351 993 2416 pulcritud.
1016 2351 1309 2419 adscripsit
1334 2372 1387 2421 p.
1418 2356 1539 2408 518.

456 2426 572 2475 Nee
606 2427 789 2473 tamen
829 2437 964 2486 opus
1001 2423 1106 2473 hac
1143 2425 1542 2485 emendatione.

454 2494 585 2544 Mox
630 2492 775 2541 idem
813 2491 1212 2544 Valckenarius
1266 2498 1548 2562 rescripsit

453 2554 638 2627 στήσω
687 2578 785 2626 pro
822 2554 1019 2626 θήσω,
1067 2565 1214 2630 quod
1257 2566 1444 2617 invitis
1486 2567 1547 2617 li-

451 2633 565 2684 bris
604 2648 638 2681 a
673 2632 952 2698 Stephano
986 2632 1199 2685 illatum
1236 2641 1373 2688 erat.

520 2698 793 2765 παρέσται
841 2698 936 2752 καὶ
981 2693 1017 2767 ἡ
1068 2697 1213 2770 γυνὴ
1262 2695 1298 2771 ἡ
1352 2697 1454 2772 ἐμὴ
1493 2699 1548 2765 ἐς

453 2771 675 2839 κοῖτον]
715 2773 780 2823 In
818 2772 904 2822 his
938 2776 1192 2824 κοῖτον
1238 2781 1387 2827 recte
1440 2794 1550 2828 ser·

452 2847 642 2892 vatum
706 2843 775 2892 ab
818 2842 1157 2895 editoribus.
1246 2847 1546 2910 Dionysius

452 2912 619 2961 habet
655 2910 885 2974 κοίτην,
925 2914 1100 2978 magis
1136 2913 1346 2977 Atticm
1385 2916 1548 2981 idque

454 2983 632 3045 ipsum
658 2981 747 3029 hie
781 2981 839 3029 in
871 2981 1194 3043 quibusdam
1222 2983 1375 3033 libris
1406 3003 1547 3036 com-

452 3065 645 3114 parere
692 3049 912 3099 dicitur.
974 3050 1084 3101 Sed
1130 3052 1242 3104 vid.
1292 3054 1543 3105 Creuzer.

453 3125 571 3171 not.
611 3118 680 3168 ad
719 3118 894 3168 Cicer.
936 3118 1001 3169 de
1046 3121 1243 3172 Natur.
1293 3122 1459 3175 Deor.
1500 3125 1545 3187 1,

454 3189 538 3239 11.
565 3204 693 3253 pag.
735 3188 803 3238 50
835 3187 956 3238 coll.
994 3190 1191 3240 Matth.
1233 3192 1325 3242 Gr.
1359 3194 1448 3244 Gr.
1494 3198 1544 3257 §-

452 3258 540 3309 95.
582 3258 653 3322 pi.
675 3256 798 3307 207.
845 3256 970 3307 Alia
1021 3260 1195 3310 forma
1233 3277 1403 3327 eaque
1436 3279 1547 3313 ma-

454 3328 536 3391 gis
577 3326 799 3377 dialecti
834 3330 1134 3380 communis
1183 3336 1267 3380 est
1314 3326 1541 3393 κοιτών,

454 3397 521 3447 de
564 3413 672 3463 qua
716 3396 1044 3463 Wesseling.
1088 3399 1157 3449 ad
1202 3400 1257 3452 h.
1303 3400 1362 3465 1.,
1401 3403 1544 3453 unde

454 3467 540 3518 vel
561 3467 651 3517 hic
680 3466 901 3532 quidam
926 3467 1053 3519 libri
1079 3468 1343 3521 κοιτῶνα.
1373 3472 1546 3523 Recte

455 3542 638 3588 autem
693 3538 1008 3589 observavit
1053 3540 1289 3593 Bredov,
1350 3559 1405 3607 p.
1456 3544 1542 3604 54,

455 3607 599 3672 apud
652 3606 993 3659 Herodotum
1035 3612 1231 3666 κοῖτος
1276 3616 1330 3662 et
1379 3611 1543 3677 κοίτη

453 3678 597 3727 inter
634 3692 692 3726 se
731 3676 969 3739 differi-03
1017 3685 1080 3730 ut
1131 3681 1275 3732 enim
1323 3672 1377 3740 ἐς
1420 3684 1541 3731 κοῖ-

452 3760 555 3794 τον
587 3745 644 3796 h.
680 3745 719 3797 l.
754 3745 895 3796 idem
932 3748 1045 3799 fere
1091 3749 1240 3800 valet
1285 3757 1451 3817 atque
1484 3753 1542 3801 in

454 3814 901 3866 antecedentibus
936 3807 992 3873 ἐς
1028 3815 1258 3883 οἴκημα,
1306 3822 1344 3871 i.
1396 3838 1444 3872 e.
1486 3822 1543 3870 in

451 3887 610 3935 somni
642 3884 927 3947 cathamum,
965 3902 1129 3950 quum
1164 3892 1357 3947 κοῖτος
1395 3890 1540 3955 (VII,

454 3952 543 4019 17)
584 3968 795 4003 somnum
842 3953 1106 4019 declaret,
1149 3957 1229 4008 ita
1263 3958 1428 4023 κοίτη
1467 3960 1542 4008 di-

454 4024 595 4073 citur
650 4025 807 4073 lectus
857 4024 931 4088 (Ι,
986 4025 1213 4102 lemn,
1271 4027 1357 4079 95.
1418 4028 1539 4080 134.

452 4092 579 4155 VII,
619 4092 703 4142 15.
734 4094 854 4155 16),
880 4094 1025 4143 unde
1061 4108 1181 4157 ωρη
1216 4092 1317 4159 τῆς
1343 4098 1542 4159 κοίτης

453 4170 645 4227 tempus
686 4163 987 4227 quiescendi,
1044 4163 1322 4215 dormiendi
1354 4167 1401 4228 Ι,
1453 4168 1541 4218 10.

457 4232 542 4282 10.
590 4231 657 4293 V,
705 4232 773 4282 20
816 4236 872 4281 et
916 4231 973 4281 in
1027 4233 1159 4283 Vita
1193 4235 1414 4286 Homer.
1454 4238 1540 4299 22,

454 4303 512 4349 in
573 4315 681 4365 qua
727 4316 848 4365 cap.
900 4299 962 4351 31
1024 4302 1302 4354 invenitur
1342 4308 1545 4370 κοίτην

456 4367 772 4429 ποιεῖσθαι,
811 4369 1054 4434 dor-mire,
1096 4377 1435 4438 requiescere.
1474 4406 1545 4415 —-

456 4440 812 4490 Locutionem
849 4441 1116 4504 παρεῖναι
1151 4473 1223 4483 -
1260 4433 1316 4503 ἐς
1347 4448 1545 4496 κοῖτον

1721 1799 1812 1856 ἐπὶ
1865 1806 2073 1859 τοῦτον
2119 1810 2234 1861 τῶν
2279 1807 2523 1878 ἷματίων
2567 1808 2742 1866 κατὰ

1643 1871 1720 1927 ’ἓν
1794 1871 2085 1928 ἕκαστον
2152 1871 2474 1935 ἐκδύνουσα
2541 1878 2738 1954 θήσει]

1647 1949 1737 2010 „in
1782 1963 1883 2011 qua
1936 1946 2112 2016 (sella)
2171 1955 2259 2004 illa
2304 1958 2529 2021 sinqulas
2577 1966 2742 2008 vestes

1644 2033 1784 2076 suas,
1823 2020 1972 2068 aliam
2002 2031 2124 2083 post
2154 2026 2319 2084 aliam,
2357 2043 2548 2077 exuens
2586 2027 2740 2090 depo-

1646 2087 1792 2138 net.“
1827 2088 1938 2138 Ubi
1967 2096 2100 2141 nota
2137 2110 2295 2144 usum
2332 2095 2739 2148 distributivum

1646 2159 2069 2221 praepositionis
2127 2157 2297 2227 κατὰ,
2359 2183 2393 2216 a
2447 2167 2740 2219 Schaefero

1648 2228 1717 2277 ad
1755 2228 1987 2293 Dionys.
2020 2231 2199 2283 locum
2243 2251 2297 2299 p.
2346 2239 2415 2287 44
2463 2252 2544 2301 sq.
2592 2254 2742 2298 effre-

1648 2298 1737 2362 gie
1790 2296 1997 2362 aliquot
2053 2303 2379 2355 Herodoteis
2430 2305 2567 2356 locis
2623 2307 2741 2358 illu-

1650 2371 1901 2417 stratum.
1926 2398 1991 2406 —-
2011 2371 2076 2420 In
2101 2372 2209 2423 fine
2244 2376 2442 2440 capitis
2472 2376 2542 2426 ad
2574 2379 2744 2428 verba

1649 2425 1797 2492 ὅκως
1849 2466 1920 2477 —-
1976 2430 2179 2503 ὄψεται
2229 2445 2301 2495 ef.
2362 2462 2529 2509 supra
2585 2448 2630 2511 Ι,
2678 2448 2739 2498 8:

1650 2505 1811 2555 ποίεε
1881 2495 2055 2568 ’ὅκως
2119 2542 2190 2551 —
2258 2507 2580 2581 θεήσεαι,
2643 2518 2744 2567 ibi-

1652 2592 1757 2642 que
1785 2580 1900 2627 not.

1720 2647 1902 2696 κεῖται
1925 2642 1988 2698 δὲ
2007 2639 2188 2713 ἀγχοῦ
2207 2649 2308 2717 τῆς
2336 2641 2542 2703 ἐσόδου
2568 2645 2705 2715 θρό
2719 2684 2742 2692 -

1653 2730 1730 2765 νο
1748 2715 1793 2779 ς]
1831 2718 1915 2768 De
1945 2720 2143 2771 vocula
2178 2715 2399 2784 θρόνος
2423 2725 2467 2776 G
2476 2740 2522 2773 r.
2551 2725 2742 2776 laudat

1651 2790 1868 2849 praeter
1921 2788 2118 2842 Matth.
2190 2793 2596 2848 Animadverss.
2673 2796 2744 2847 ad

1650 2857 1853 2919 Hymn.
1883 2859 2192 2914 Homerico.
2216 2880 2271 2927 p.
2300 2863 2401 2915 382
2429 2865 2740 2923 primarium

1652 2926 1917 2978 Athenaei
1957 2927 2134 2981 locum
2179 2934 2248 2985 V.
2287 2951 2341 2999 p.
2390 2932 2490 2984 192
2537 2939 2611 2986 E:
2670 2927 2741 2993 ..ὁ

1651 2986 1755 3060 γὰρ
1794 2988 2043 3061 θρόνος,
2091 2993 2230 3053 αὐτὸ
2281 2995 2466 3065 μόνον
2519 2995 2740 3055 ἐλευθέ-

1652 3058 1775 3122 οιός
1810 3055 1925 3115 ἐστι
1961 3068 2223 3131 καθέδρα
2259 3065 2366 3122 σὺν
2403 3061 2739 3130 ὑποποδίῳ·

1648 3129 1790 3187 ὅπερ
1831 3133 2064 3199 θρῆνυν
2099 3140 2429 3200 καλοῦντες,
2470 3136 2742 3195 ἐντεῦθεν

1649 3194 1830 3254 αὐτὸν
1907 3200 2215 3274 ὠνόμασαν
2285 3206 2580 3274 θρόνον,
2635 3214 2741 3265 τοῦ

1649 3266 1990 3335 θρήσασθαι
2044 3269 2237 3343 χάριν,
2304 3267 2445 3344 ὅπερ
2500 3274 2592 3333 ἐπὶ
2639 3282 2744 3333 τοῦ

1645 3342 1994 3403 καθίζεσθαι
2029 3340 2374 3398 τάσσουσινιι
2407 3367 2457 3400 κ.
2482 3368 2528 3401 τ.
2551 3352 2598 3402 1..
2646 3354 2741 3404 Di-

1645 3415 1878 3479 stinguit
1937 3416 2133 3469 deinde
2176 3419 2490 3471 Athenaeus
2534 3428 2648 3473 tum
2709 3440 2744 3473 a

1647 3476 1906 3547 κλισμὸς,
1967 3493 2080 3537 tum
2135 3505 2167 3539 a
2220 3485 2431 3553 δίφρος
2488 3489 2604 3556 (qui
2658 3499 2743 3542 est

1649 3546 1911 3615 ,,το-υ’των
1937 3545 2407 3627 εὐτελέστεροι-(ί).
2442 3562 2586 3612 Hinc
2609 3563 2742 3613 Lar·

1650 3623 1842 3674 cherus
1881 3625 2130 3676 voculam
2167 3627 2345 3679 reddit
2387 3631 2549 3696 εἰὲρε,
2605 3633 2645 3683 i.
2691 3650 2738 3682 e.

1651 3709 1761 3755 „un
1799 3691 1949 3756 siege
1992 3695 2027 3745 a
2060 3697 2189 3747 bras
2227 3715 2362 3748 avec
2397 3715 2470 3750 un
2501 3702 2741 3753 marche—

1649 3763 1834 3827 pied.“
1872 3763 2012 3815 Add.
2047 3766 2307 3817 Creuzer:
2344 3770 2450 3819 Ein
2472 3770 2736 3822 altathen.

1652 3832 1847 3882 Geffiss
1895 3850 1947 3897 p.
1987 3835 2074 3886 38.
2115 3834 2201 3887 73.
2232 3838 2382 3887 —111
2421 3856 2572 3905 seqq.
2598 3834 2741 3890 κατὰ

1648 3894 1835 3949 ναίτου
1883 3902 2085 3961 legitur
2132 3905 2320 3955 eodem
2366 3909 2525 3959 ruodo
2562 3910 2607 3971 Ι,
2650 3911 2734 3961 25.

1645 3971 1711 4030 V,
1753 3969 1871 4021 118.
1913 3973 2218 4039 Thucydid.
2269 3975 2374 4037 ΠΙ,
2431 3976 2546 4028 108.
2610 3974 2770 4032 Vid.'

1643 4040 1916 4094 Kuehner.
1958 4044 2048 4094 Gr.
2091 4044 2184 4095 Gr.
2235 4047 2286 4107 §-
2334 4046 2455 4098 606.
2496 4049 2642 4099 Nos:
2677 4053 2742 4099 im

1644 4109 1868 4160 Rizeken.

2075 4216 2207 4266 cu.
2246 4218 2316 4268 X.

1715 4298 1792 4376 ἦν
1838 4301 2144 4377 ἑτοῖμος]
2195 4317 2351 4380 Quod
2409 4317 2544 4367 alias
2595 4318 2738 4370 hauc

1648 4379 1942 4433 dictionem
1978 4385 2280 4437 infinitivus
2307 4384 2526 4437 ποιέειν
2556 4388 2643 4437 vel
2668 4389 2737 4437 si-

1646 4449 1771 4501 mile
1808 4453 1938 4517 quid
1976 4455 2225 4521 excipere
2261 4457 2437 4507 soleat
2475 4454 2551 4522 (v.
2574 4457 2620 4520 Ι,
2647 4460 2733 4509 42.
