<?xml version="1.0" encoding="UTF-8"?>
<!DOCTYPE html PUBLIC "-//W3C//DTD XHTML 1.0 Transitional//EN"
    "http://www.w3.org/TR/xhtml1/DTD/xhtml1-transitional.dtd">
<html xmlns="http://www.w3.org/1999/xhtml" xml:lang="en" lang="en">
 <head>
  <title>
</title>
<meta http-equiv="Content-Type" content="text/html;charset=utf-8" />
  <meta name='ocr-system' content='tesseract 3.04.00' />
  <meta name='ocr-capabilities' content='ocr_page ocr_carea ocr_par ocr_line ocrx_word'/>
</head>
<body>
  <div class='ocr_page' id='page_1' title='image "./herodotihalicar02unkngoog_0386.png"; bbox 0 0 3109 5092; ppageno 0'>
   <div class='ocr_carea' id='block_1_1' title="bbox 466 329 1884 393">
    <p class='ocr_par' dir='ltr' id='par_1_1' title="bbox 466 329 1884 393">
     <span class='ocr_line' id='line_1_1' title="bbox 466 329 1884 393; baseline -0.001 -2"><span class='ocrx_word' id='word_1_1' title='bbox 466 331 590 393; x_wconf 88' lang='grc'>366</span> <span class='ocrx_word' id='word_1_2' title='bbox 1337 329 1884 390; x_wconf 81' lang='lat' dir='ltr'>HERODOTI</span> 
     </span>
    </p>
   </div>
   <div class='ocr_carea' id='block_1_2' title="bbox 464 493 2740 694">
    <p class='ocr_par' dir='ltr' id='par_1_2' title="bbox 464 493 2740 694">
     <span class='ocr_line' id='line_1_2' title="bbox 466 493 2740 593; baseline -0.001 -21"><span class='ocrx_word' id='word_1_3' title='bbox 466 500 669 572; x_wconf 81' lang='grc' dir='ltr'><strong><em>πέντε</em></strong></span> <span class='ocrx_word' id='word_1_4' title='bbox 698 499 1026 592; x_wconf 73' lang='grc' dir='ltr'><strong><em>πρότερον</em></strong></span> <span class='ocrx_word' id='word_1_5' title='bbox 1054 500 1383 590; x_wconf 72' lang='grc' dir='ltr'><em>γενομένη</em></span> <span class='ocrx_word' id='word_1_6' title='bbox 1401 554 1420 587; x_wconf 87' lang='grc'><strong>,</strong></span> <span class='ocrx_word' id='word_1_7' title='bbox 1456 506 1537 593; x_wconf 81' lang='grc' dir='ltr'>τῇ</span> <span class='ocrx_word' id='word_1_8' title='bbox 1569 499 1825 591; x_wconf 75' lang='grc' dir='ltr'><strong><em>οὕνομα</em></strong></span> <span class='ocrx_word' id='word_1_9' title='bbox 1859 493 1948 592; x_wconf 86' lang='grc' dir='ltr'>ἦν</span> <span class='ocrx_word' id='word_1_10' title='bbox 1975 509 2368 591; x_wconf 76' lang='grc' dir='ltr'><strong><em>Σεμίραμις.</em></strong></span> <span class='ocrx_word' id='word_1_11' title='bbox 2415 497 2587 588; x_wconf 79' lang='grc' dir='ltr'><strong><em>αὕτη</em></strong></span> <span class='ocrx_word' id='word_1_12' title='bbox 2614 500 2740 589; x_wconf 74' lang='grc' dir='ltr'>μὲν</span> 
     </span>
     <span class='ocr_line' id='line_1_3' title="bbox 464 601 2740 694; baseline -0.001 -19"><span class='ocrx_word' id='word_1_13' title='bbox 464 603 832 686; x_wconf 79' lang='grc' dir='ltr'>ἇπεὸέξατὸ</span> <span class='ocrx_word' id='word_1_14' title='bbox 870 603 1141 694; x_wconf 74' lang='grc' dir='ltr'><strong><em>χώματα</em></strong></span> <span class='ocrx_word' id='word_1_15' title='bbox 1184 601 1315 674; x_wconf 77' lang='grc' dir='ltr'>ἆνά</span> <span class='ocrx_word' id='word_1_16' title='bbox 1357 603 1432 675; x_wconf 85' lang='grc' dir='ltr'>τὸ</span> <span class='ocrx_word' id='word_1_17' title='bbox 1462 611 1700 676; x_wconf 75' lang='grc' dir='ltr'><strong><em>πεδίον</em></strong></span> <span class='ocrx_word' id='word_1_18' title='bbox 1730 603 1928 676; x_wconf 78' lang='grc' dir='ltr'><strong><em>ἐόντα</em></strong></span> <span class='ocrx_word' id='word_1_19' title='bbox 1956 603 2312 693; x_wconf 76' lang='grc' dir='ltr'><strong><em>ἀξιοθέητα</em></strong></span> <span class='ocrx_word' id='word_1_20' title='bbox 2334 625 2348 638; x_wconf 93' lang='grc'><em>·</em></span> <span class='ocrx_word' id='word_1_21' title='bbox 2407 603 2740 693; x_wconf 76' lang='grc' dir='ltr'><strong><em>πρότερον</em></strong></span> 
     </span>
    </p>
   </div>
   <div class='ocr_carea' id='block_1_3' title="bbox 462 772 1556 4444">
    <p class='ocr_par' dir='ltr' id='par_1_3' title="bbox 462 772 1556 4220">
     <span class='ocr_line' id='line_1_4' title="bbox 462 772 1550 824; baseline -0.003 -2"><span class='ocrx_word' id='word_1_22' title='bbox 462 774 676 824; x_wconf 90' lang='lat' dir='ltr'>niorum</span> <span class='ocrx_word' id='word_1_23' title='bbox 712 772 1115 823; x_wconf 77' lang='lat' dir='ltr'><strong>narrationibus</strong></span> <span class='ocrx_word' id='word_1_24' title='bbox 1142 773 1198 822; x_wconf 90' lang='lat' dir='ltr'>in</span> <span class='ocrx_word' id='word_1_25' title='bbox 1220 772 1466 822; x_wconf 84' lang='lat' dir='ltr'>fraudem</span> <span class='ocrx_word' id='word_1_26' title='bbox 1491 785 1550 820; x_wconf 90' lang='lat' dir='ltr'>se</span> 
     </span>
     <span class='ocr_line' id='line_1_5' title="bbox 463 840 1552 907; baseline -0.004 -15"><span class='ocrx_word' id='word_1_27' title='bbox 463 843 648 894; x_wconf 87' lang='lat' dir='ltr'>induci</span> <span class='ocrx_word' id='word_1_28' title='bbox 700 857 897 907; x_wconf 88' lang='lat' dir='ltr'>passus</span> <span class='ocrx_word' id='word_1_29' title='bbox 944 842 1036 893; x_wconf 90' lang='lat' dir='ltr'>sit.</span> <span class='ocrx_word' id='word_1_30' title='bbox 1121 842 1386 894; x_wconf 77' lang='lat' dir='ltr'><strong>Nolumus</strong></span> <span class='ocrx_word' id='word_1_31' title='bbox 1435 840 1552 890; x_wconf 92' lang='lat' dir='ltr'>lon-</span> 
     </span>
     <span class='ocr_line' id='line_1_6' title="bbox 464 912 1551 978; baseline -0.003 -17"><span class='ocrx_word' id='word_1_32' title='bbox 464 914 587 977; x_wconf 88' lang='lat' dir='ltr'>gius</span> <span class='ocrx_word' id='word_1_33' title='bbox 622 914 679 962; x_wconf 90' lang='lat' dir='ltr'>in</span> <span class='ocrx_word' id='word_1_34' title='bbox 703 912 788 961; x_wconf 87' lang='lat' dir='ltr'>bis</span> <span class='ocrx_word' id='word_1_35' title='bbox 827 912 1151 975; x_wconf 74' lang='lat' dir='ltr'>subsistere,</span> <span class='ocrx_word' id='word_1_36' title='bbox 1186 927 1327 978; x_wconf 90' lang='lat' dir='ltr'>quae</span> <span class='ocrx_word' id='word_1_37' title='bbox 1360 925 1551 960; x_wconf 81' lang='lat' dir='ltr'>vereor</span> 
     </span>
     <span class='ocr_line' id='line_1_7' title="bbox 465 978 1549 1047; baseline -0.003 -16"><span class='ocrx_word' id='word_1_38' title='bbox 465 987 526 1031; x_wconf 90' lang='lat' dir='ltr'>ut</span> <span class='ocrx_word' id='word_1_39' title='bbox 584 996 823 1047; x_wconf 88' lang='lat' dir='ltr'>unquam</span> <span class='ocrx_word' id='word_1_40' title='bbox 871 982 1153 1031; x_wconf 85' lang='lat' dir='ltr'>conciliari</span> <span class='ocrx_word' id='word_1_41' title='bbox 1198 982 1435 1045; x_wconf 81' lang='lat' dir='ltr'>possint3</span> <span class='ocrx_word' id='word_1_42' title='bbox 1492 978 1549 1028; x_wconf 90' lang='lat' dir='ltr'>id</span> 
     </span>
     <span class='ocr_line' id='line_1_8' title="bbox 464 1048 1551 1114; baseline -0.003 -13"><span class='ocrx_word' id='word_1_43' title='bbox 464 1067 595 1102; x_wconf 83' lang='lat' dir='ltr'>vero</span> <span class='ocrx_word' id='word_1_44' title='bbox 642 1067 787 1101; x_wconf 86' lang='lat' dir='ltr'>nunc</span> <span class='ocrx_word' id='word_1_45' title='bbox 839 1052 1016 1101; x_wconf 89' lang='lat' dir='ltr'>teneri</span> <span class='ocrx_word' id='word_1_46' title='bbox 1070 1051 1347 1112; x_wconf 82' lang='lat' dir='ltr'>volumus,</span> <span class='ocrx_word' id='word_1_47' title='bbox 1406 1048 1551 1114; x_wconf 90' lang='lat' dir='ltr'>quod</span> 
     </span>
     <span class='ocr_line' id='line_1_9' title="bbox 464 1119 1549 1186; baseline -0.004 -15"><span class='ocrx_word' id='word_1_48' title='bbox 464 1122 703 1172; x_wconf 87' lang='lat' dir='ltr'>virorum</span> <span class='ocrx_word' id='word_1_49' title='bbox 750 1120 1031 1171; x_wconf 86' lang='lat' dir='ltr'>doctorum</span> <span class='ocrx_word' id='word_1_50' title='bbox 1078 1119 1549 1186; x_wconf 78' lang='lat' dir='ltr'>disquisitionibus</span> 
     </span>
     <span class='ocr_line' id='line_1_10' title="bbox 465 1191 1549 1253; baseline -0.004 -13"><span class='ocrx_word' id='word_1_51' title='bbox 465 1192 602 1240; x_wconf 89' lang='lat' dir='ltr'>satis</span> <span class='ocrx_word' id='word_1_52' title='bbox 640 1196 973 1253; x_wconf 87' lang='lat' dir='ltr'>compertum</span> <span class='ocrx_word' id='word_1_53' title='bbox 1002 1205 1122 1240; x_wconf 88' lang='lat' dir='ltr'>esse</span> <span class='ocrx_word' id='word_1_54' title='bbox 1151 1191 1549 1240; x_wconf 83' lang='lat' dir='ltr'>existimamus:</span> 
     </span>
     <span class='ocr_line' id='line_1_11' title="bbox 464 1255 1552 1323; baseline -0.004 -15"><span class='ocrx_word' id='word_1_55' title='bbox 464 1261 803 1310; x_wconf 73' lang='lat' dir='ltr'>Semiramidis</span> <span class='ocrx_word' id='word_1_56' title='bbox 846 1275 1042 1310; x_wconf 90' lang='lat' dir='ltr'>nomen</span> <span class='ocrx_word' id='word_1_57' title='bbox 1084 1260 1219 1309; x_wconf 87' lang='lat' dir='ltr'>deae</span> <span class='ocrx_word' id='word_1_58' title='bbox 1269 1259 1452 1323; x_wconf 89' lang='lat' dir='ltr'>potius</span> <span class='ocrx_word' id='word_1_59' title='bbox 1490 1255 1552 1304; x_wconf 89' lang='lat' dir='ltr'>il-</span> 
     </span>
     <span class='ocr_line' id='line_1_12' title="bbox 464 1328 1551 1394; baseline -0.003 -17"><span class='ocrx_word' id='word_1_60' title='bbox 464 1329 599 1391; x_wconf 90' lang='lat' dir='ltr'>lius,</span> <span class='ocrx_word' id='word_1_61' title='bbox 669 1343 809 1394; x_wconf 89' lang='lat' dir='ltr'>quae</span> <span class='ocrx_word' id='word_1_62' title='bbox 863 1329 1033 1378; x_wconf 83' lang='lat' dir='ltr'>variis</span> <span class='ocrx_word' id='word_1_63' title='bbox 1091 1328 1399 1379; x_wconf 88' lang='lat' dir='ltr'>nominibus</span> <span class='ocrx_word' id='word_1_64' title='bbox 1459 1341 1551 1390; x_wconf 88' lang='lat' dir='ltr'>per</span> 
     </span>
     <span class='ocr_line' id='line_1_13' title="bbox 465 1397 1551 1461; baseline -0.005 -13"><span class='ocrx_word' id='word_1_65' title='bbox 465 1400 651 1448; x_wconf 80' lang='lat' dir='ltr'>Asiam</span> <span class='ocrx_word' id='word_1_66' title='bbox 678 1397 828 1448; x_wconf 89' lang='lat' dir='ltr'>culta</span> <span class='ocrx_word' id='word_1_67' title='bbox 863 1403 972 1461; x_wconf 90' lang='lat' dir='ltr'>est,</span> <span class='ocrx_word' id='word_1_68' title='bbox 1011 1398 1185 1448; x_wconf 81' lang='lat' dir='ltr'>videri</span> <span class='ocrx_word' id='word_1_69' title='bbox 1220 1398 1335 1447; x_wconf 76' lang='lat' dir='ltr'>sive</span> <span class='ocrx_word' id='word_1_70' title='bbox 1358 1410 1551 1446; x_wconf 90' lang='lat' dir='ltr'>nomen</span> 
     </span>
     <span class='ocr_line' id='line_1_14' title="bbox 465 1466 1552 1532; baseline -0.004 -15"><span class='ocrx_word' id='word_1_71' title='bbox 465 1469 584 1517; x_wconf 88' lang='lat' dir='ltr'>sive</span> <span class='ocrx_word' id='word_1_72' title='bbox 619 1483 946 1532; x_wconf 81' lang='lat' dir='ltr'>cognomen,</span> <span class='ocrx_word' id='word_1_73' title='bbox 986 1483 1092 1532; x_wconf 89' lang='lat' dir='ltr'>quo</span> <span class='ocrx_word' id='word_1_74' title='bbox 1117 1468 1234 1517; x_wconf 90' lang='lat' dir='ltr'>eius</span> <span class='ocrx_word' id='word_1_75' title='bbox 1268 1467 1439 1532; x_wconf 86' lang='lat' dir='ltr'>ipsius</span> <span class='ocrx_word' id='word_1_76' title='bbox 1466 1466 1552 1514; x_wconf 81' lang='lat' dir='ltr'>vis</span> 
     </span>
     <span class='ocr_line' id='line_1_15' title="bbox 467 1537 1551 1601; baseline -0.004 -14"><span class='ocrx_word' id='word_1_77' title='bbox 467 1552 533 1587; x_wconf 84' lang='lat' dir='ltr'>ac</span> <span class='ocrx_word' id='word_1_78' title='bbox 558 1543 759 1587; x_wconf 87' lang='lat' dir='ltr'>natura</span> <span class='ocrx_word' id='word_1_79' title='bbox 778 1537 1110 1599; x_wconf 77' lang='lat' dir='ltr'>declaretur,</span> <span class='ocrx_word' id='word_1_80' title='bbox 1136 1537 1369 1601; x_wconf 78' lang='lat' dir='ltr'>indeque</span> <span class='ocrx_word' id='word_1_81' title='bbox 1387 1538 1551 1585; x_wconf 86' lang='lat' dir='ltr'>ctiam</span> 
     </span>
     <span class='ocr_line' id='line_1_16' title="bbox 465 1606 1553 1671; baseline -0.002 -15"><span class='ocrx_word' id='word_1_82' title='bbox 465 1607 606 1656; x_wconf 89' lang='lat' dir='ltr'>idem</span> <span class='ocrx_word' id='word_1_83' title='bbox 642 1621 837 1656; x_wconf 88' lang='lat' dir='ltr'>nomen</span> <span class='ocrx_word' id='word_1_84' title='bbox 873 1608 989 1656; x_wconf 77' lang='lat' dir='ltr'>sive</span> <span class='ocrx_word' id='word_1_85' title='bbox 1008 1622 1307 1671; x_wconf 74' lang='lat' dir='ltr'>cognomen</span> <span class='ocrx_word' id='word_1_86' title='bbox 1344 1606 1416 1655; x_wconf 90' lang='lat' dir='ltr'>ad</span> <span class='ocrx_word' id='word_1_87' title='bbox 1449 1606 1553 1654; x_wconf 84' lang='lat' dir='ltr'>Ba·</span> 
     </span>
     <span class='ocr_line' id='line_1_17' title="bbox 466 1676 1554 1759; baseline -0.004 -32"><span class='ocrx_word' id='word_1_88' title='bbox 466 1676 721 1741; x_wconf 86' lang='lat' dir='ltr'>byloniae</span> <span class='ocrx_word' id='word_1_89' title='bbox 775 1678 1019 1759; x_wconf 82' lang='lat' dir='ltr'>reginam</span> <span class='ocrx_word' id='word_1_90' title='bbox 1074 1676 1339 1726; x_wconf 88' lang='lat' dir='ltr'>celebrem</span> <span class='ocrx_word' id='word_1_91' title='bbox 1384 1689 1554 1740; x_wconf 86' lang='lat' dir='ltr'>quan-</span> 
     </span>
     <span class='ocr_line' id='line_1_18' title="bbox 467 1743 1551 1813; baseline -0.002 -18"><span class='ocrx_word' id='word_1_92' title='bbox 467 1747 591 1796; x_wconf 84' lang='lat' dir='ltr'>dam</span> <span class='ocrx_word' id='word_1_93' title='bbox 630 1750 795 1811; x_wconf 87' lang='lat' dir='ltr'>atque</span> <span class='ocrx_word' id='word_1_94' title='bbox 844 1747 1113 1813; x_wconf 75' lang='lat' dir='ltr'>insignem</span> <span class='ocrx_word' id='word_1_95' title='bbox 1159 1746 1346 1796; x_wconf 89' lang='lat' dir='ltr'>eodem</span> <span class='ocrx_word' id='word_1_96' title='bbox 1392 1743 1551 1794; x_wconf 89' lang='lat' dir='ltr'>modo</span> 
     </span>
     <span class='ocr_line' id='line_1_19' title="bbox 466 1816 1553 1881; baseline -0.003 -15"><span class='ocrx_word' id='word_1_97' title='bbox 466 1816 749 1866; x_wconf 77' lang='lat' dir='ltr'>transferri</span> <span class='ocrx_word' id='word_1_98' title='bbox 782 1817 1057 1881; x_wconf 84' lang='lat' dir='ltr'>potuisse,</span> <span class='ocrx_word' id='word_1_99' title='bbox 1094 1831 1202 1881; x_wconf 90' lang='lat' dir='ltr'>quo</span> <span class='ocrx_word' id='word_1_100' title='bbox 1234 1830 1389 1880; x_wconf 85' lang='lat' dir='ltr'>reges</span> <span class='ocrx_word' id='word_1_101' title='bbox 1423 1828 1553 1880; x_wconf 88' lang='lat' dir='ltr'>quo-</span> 
     </span>
     <span class='ocr_line' id='line_1_20' title="bbox 467 1883 1551 1950; baseline -0.003 -15"><span class='ocrx_word' id='word_1_102' title='bbox 467 1902 573 1950; x_wconf 91' lang='lat' dir='ltr'>que</span> <span class='ocrx_word' id='word_1_103' title='bbox 609 1885 754 1935; x_wconf 88' lang='lat' dir='ltr'>haud</span> <span class='ocrx_word' id='word_1_104' title='bbox 800 1901 925 1936; x_wconf 86' lang='lat' dir='ltr'>raro</span> <span class='ocrx_word' id='word_1_105' title='bbox 975 1887 1195 1936; x_wconf 90' lang='lat' dir='ltr'>deorum</span> <span class='ocrx_word' id='word_1_106' title='bbox 1243 1883 1551 1936; x_wconf 88' lang='lat' dir='ltr'>nominibus</span> 
     </span>
     <span class='ocr_line' id='line_1_21' title="bbox 468 1955 1550 2020; baseline -0.002 -15"><span class='ocrx_word' id='word_1_107' title='bbox 468 1958 585 2006; x_wconf 84' lang='lat' dir='ltr'>sive</span> <span class='ocrx_word' id='word_1_108' title='bbox 596 1956 1010 2020; x_wconf 84' lang='lat' dir='ltr'>cognominibus</span> <span class='ocrx_word' id='word_1_109' title='bbox 1024 1956 1208 2006; x_wconf 90' lang='lat' dir='ltr'>ornari</span> <span class='ocrx_word' id='word_1_110' title='bbox 1225 1955 1550 2004; x_wconf 87' lang='lat' dir='ltr'>invenimus.</span> 
     </span>
     <span class='ocr_line' id='line_1_22' title="bbox 466 2023 1554 2077; baseline -0.003 -3"><span class='ocrx_word' id='word_1_111' title='bbox 466 2025 550 2074; x_wconf 91' lang='lat' dir='ltr'>De</span> <span class='ocrx_word' id='word_1_112' title='bbox 585 2026 687 2074; x_wconf 88' lang='lat' dir='ltr'>hac</span> <span class='ocrx_word' id='word_1_113' title='bbox 716 2024 1067 2075; x_wconf 79' lang='lat' dir='ltr'>Semiramide</span> <span class='ocrx_word' id='word_1_114' title='bbox 1090 2026 1193 2074; x_wconf 88' lang='lat' dir='ltr'>dea</span> <span class='ocrx_word' id='word_1_115' title='bbox 1220 2026 1364 2077; x_wconf 86' lang='lat' dir='ltr'>conf.</span> <span class='ocrx_word' id='word_1_116' title='bbox 1390 2023 1554 2073; x_wconf 85' lang='lat' dir='ltr'>Creu-</span> 
     </span>
     <span class='ocr_line' id='line_1_23' title="bbox 469 2091 1550 2158; baseline -0.002 -16"><span class='ocrx_word' id='word_1_117' title='bbox 469 2110 583 2143; x_wconf 86' lang='lat' dir='ltr'>zer:</span> <span class='ocrx_word' id='word_1_118' title='bbox 633 2094 874 2158; x_wconf 83' lang='lat' dir='ltr'>Symbol.</span> <span class='ocrx_word' id='word_1_119' title='bbox 914 2094 993 2144; x_wconf 90' lang='lat'>11.</span> <span class='ocrx_word' id='word_1_120' title='bbox 1029 2110 1084 2158; x_wconf 88' lang='lat' dir='ltr'>p.</span> <span class='ocrx_word' id='word_1_121' title='bbox 1123 2095 1225 2145; x_wconf 75' lang='lat'>400</span> <span class='ocrx_word' id='word_1_122' title='bbox 1261 2109 1377 2158; x_wconf 89' lang='lat' dir='ltr'>seq.</span> <span class='ocrx_word' id='word_1_123' title='bbox 1424 2091 1550 2142; x_wconf 90' lang='lat' dir='ltr'>coll.</span> 
     </span>
     <span class='ocr_line' id='line_1_24' title="bbox 467 2161 1549 2225; baseline -0.001 -13"><span class='ocrx_word' id='word_1_124' title='bbox 467 2165 569 2212; x_wconf 73' lang='lat'>674</span> <span class='ocrx_word' id='word_1_125' title='bbox 596 2162 681 2212; x_wconf 89' lang='lat' dir='ltr'>ed.</span> <span class='ocrx_word' id='word_1_126' title='bbox 706 2168 855 2225; x_wconf 64' lang='lat' dir='ltr'>tert„</span> <span class='ocrx_word' id='word_1_127' title='bbox 880 2163 1124 2212; x_wconf 78' lang='lat' dir='ltr'>Movere:</span> <span class='ocrx_word' id='word_1_128' title='bbox 1161 2163 1265 2213; x_wconf 88' lang='lat' dir='ltr'>Die</span> <span class='ocrx_word' id='word_1_129' title='bbox 1288 2161 1549 2212; x_wconf 78' lang='lat' dir='ltr'>Phoeniz.</span> 
     </span>
     <span class='ocr_line' id='line_1_25' title="bbox 467 2230 1553 2297; baseline -0.002 -16"><span class='ocrx_word' id='word_1_130' title='bbox 467 2232 515 2281; x_wconf 92' lang='lat'>1.</span> <span class='ocrx_word' id='word_1_131' title='bbox 550 2247 603 2295; x_wconf 88' lang='lat' dir='ltr'>p.</span> <span class='ocrx_word' id='word_1_132' title='bbox 640 2230 760 2284; x_wconf 74' lang='lat'>492.</span> <span class='ocrx_word' id='word_1_133' title='bbox 799 2232 897 2285; x_wconf 82' lang='grc'>631</span> <span class='ocrx_word' id='word_1_134' title='bbox 938 2247 1090 2297; x_wconf 91' lang='lat' dir='ltr'>seqq.</span> <span class='ocrx_word' id='word_1_135' title='bbox 1129 2236 1184 2281; x_wconf 91' lang='lat' dir='ltr'>et</span> <span class='ocrx_word' id='word_1_136' title='bbox 1221 2248 1361 2297; x_wconf 86' lang='lat' dir='ltr'>quae</span> <span class='ocrx_word' id='word_1_137' title='bbox 1395 2232 1553 2296; x_wconf 86' lang='lat' dir='ltr'>plura</span> 
     </span>
     <span class='ocr_line' id='line_1_26' title="bbox 470 2299 1553 2366; baseline -0.002 -16"><span class='ocrx_word' id='word_1_138' title='bbox 470 2300 687 2350; x_wconf 84' lang='lat' dir='ltr'>exhibet</span> <span class='ocrx_word' id='word_1_139' title='bbox 722 2303 786 2351; x_wconf 89' lang='lat' dir='ltr'>L.</span> <span class='ocrx_word' id='word_1_140' title='bbox 827 2301 1045 2365; x_wconf 83' lang='lat' dir='ltr'>Georgii</span> <span class='ocrx_word' id='word_1_141' title='bbox 1087 2302 1143 2350; x_wconf 80' lang='lat' dir='ltr'>ir.</span> <span class='ocrx_word' id='word_1_142' title='bbox 1178 2300 1354 2366; x_wconf 88' lang='lat' dir='ltr'>Pauly</span> <span class='ocrx_word' id='word_1_143' title='bbox 1393 2299 1553 2351; x_wconf 83' lang='lat' dir='ltr'>Real-</span> 
     </span>
     <span class='ocr_line' id='line_1_27' title="bbox 467 2367 1553 2435; baseline -0.003 -15"><span class='ocrx_word' id='word_1_144' title='bbox 467 2369 676 2435; x_wconf 84' lang='lat' dir='ltr'>encycl.</span> <span class='ocrx_word' id='word_1_145' title='bbox 722 2371 821 2432; x_wconf 90' lang='lat' dir='ltr'>Vl,</span> <span class='ocrx_word' id='word_1_146' title='bbox 872 2371 918 2420; x_wconf 93' lang='lat'>1.</span> <span class='ocrx_word' id='word_1_147' title='bbox 958 2386 1013 2435; x_wconf 88' lang='lat' dir='ltr'>p.</span> <span class='ocrx_word' id='word_1_148' title='bbox 1049 2370 1152 2421; x_wconf 78' lang='grc'>965</span> <span class='ocrx_word' id='word_1_149' title='bbox 1193 2386 1344 2435; x_wconf 87' lang='lat' dir='ltr'>seqq.</span> <span class='ocrx_word' id='word_1_150' title='bbox 1380 2367 1553 2420; x_wconf 83' lang='lat' dir='ltr'>Hero&#39;-</span> 
     </span>
     <span class='ocr_line' id='line_1_28' title="bbox 467 2438 1552 2505; baseline -0.002 -16"><span class='ocrx_word' id='word_1_151' title='bbox 467 2440 685 2490; x_wconf 76' lang='lat' dir='ltr'>doteam</span> <span class='ocrx_word' id='word_1_152' title='bbox 731 2440 1164 2502; x_wconf 77' lang='lat' dir='ltr'>Semiramidem,</span> <span class='ocrx_word' id='word_1_153' title='bbox 1213 2438 1552 2505; x_wconf 78' lang='lat' dir='ltr'>Babyloniae</span> 
     </span>
     <span class='ocr_line' id='line_1_29' title="bbox 468 2509 1547 2574; baseline -0.001 -16"><span class='ocrx_word' id='word_1_154' title='bbox 468 2509 738 2574; x_wconf 86' lang='lat' dir='ltr'>reginam,</span> <span class='ocrx_word' id='word_1_155' title='bbox 795 2509 1099 2560; x_wconf 87' lang='lat' dir='ltr'>Larcherus</span> <span class='ocrx_word' id='word_1_156' title='bbox 1154 2510 1309 2574; x_wconf 88' lang='lat' dir='ltr'>ponit</span> <span class='ocrx_word' id='word_1_157' title='bbox 1348 2509 1451 2561; x_wconf 78' lang='lat'>746</span> <span class='ocrx_word' id='word_1_158' title='bbox 1495 2523 1547 2558; x_wconf 89' lang='lat' dir='ltr'>a.</span> 
     </span>
     <span class='ocr_line' id='line_1_30' title="bbox 468 2579 1552 2642; baseline -0.003 -13"><span class='ocrx_word' id='word_1_159' title='bbox 468 2579 594 2629; x_wconf 86' lang='lat' dir='ltr'>Chr.</span> <span class='ocrx_word' id='word_1_160' title='bbox 637 2596 692 2629; x_wconf 92' lang='lat' dir='ltr'>n.</span> <span class='ocrx_word' id='word_1_161' title='bbox 733 2579 889 2642; x_wconf 86' lang='lat' dir='ltr'>Quod</span> <span class='ocrx_word' id='word_1_162' title='bbox 934 2580 979 2629; x_wconf 88' lang='lat' dir='ltr'>si</span> <span class='ocrx_word' id='word_1_163' title='bbox 1026 2595 1213 2629; x_wconf 81' lang='lat' dir='ltr'>verum</span> <span class='ocrx_word' id='word_1_164' title='bbox 1250 2584 1361 2641; x_wconf 89' lang='lat' dir='ltr'>est,</span> <span class='ocrx_word' id='word_1_165' title='bbox 1418 2593 1552 2628; x_wconf 84' lang='lat' dir='ltr'>uxor</span> 
     </span>
     <span class='ocr_line' id='line_1_31' title="bbox 467 2648 1550 2713; baseline -0.001 -16"><span class='ocrx_word' id='word_1_166' title='bbox 467 2648 719 2699; x_wconf 86' lang='lat' dir='ltr'>habenda</span> <span class='ocrx_word' id='word_1_167' title='bbox 755 2650 860 2699; x_wconf 90' lang='lat' dir='ltr'>erit</span> <span class='ocrx_word' id='word_1_168' title='bbox 896 2649 1292 2712; x_wconf 64' lang='lat' dir='ltr'>NabonassmiS,</span> <span class='ocrx_word' id='word_1_169' title='bbox 1330 2648 1424 2713; x_wconf 89' lang='lat' dir='ltr'>qui</span> <span class='ocrx_word' id='word_1_170' title='bbox 1450 2649 1550 2697; x_wconf 78' lang='lat'>747</span> 
     </span>
     <span class='ocr_line' id='line_1_32' title="bbox 468 2717 1554 2783; baseline -0.002 -15"><span class='ocrx_word' id='word_1_171' title='bbox 468 2733 521 2768; x_wconf 83' lang='lat' dir='ltr'>a.</span> <span class='ocrx_word' id='word_1_172' title='bbox 560 2719 685 2770; x_wconf 85' lang='lat' dir='ltr'>Chr.</span> <span class='ocrx_word' id='word_1_173' title='bbox 723 2735 775 2770; x_wconf 93' lang='lat' dir='ltr'>n.</span> <span class='ocrx_word' id='word_1_174' title='bbox 815 2718 1153 2783; x_wconf 82' lang='lat' dir='ltr'>Babyloniae</span> <span class='ocrx_word' id='word_1_175' title='bbox 1198 2719 1267 2768; x_wconf 94' lang='lat' dir='ltr'>ab</span> <span class='ocrx_word' id='word_1_176' title='bbox 1304 2717 1554 2781; x_wconf 80' lang='lat' dir='ltr'>Assyrio-</span> 
     </span>
     <span class='ocr_line' id='line_1_33' title="bbox 468 2787 1554 2853; baseline -0.002 -16"><span class='ocrx_word' id='word_1_177' title='bbox 468 2804 586 2838; x_wconf 88' lang='lat' dir='ltr'>rum</span> <span class='ocrx_word' id='word_1_178' title='bbox 633 2789 857 2853; x_wconf 88' lang='lat' dir='ltr'>imperio</span> <span class='ocrx_word' id='word_1_179' title='bbox 904 2787 1170 2839; x_wconf 86' lang='lat' dir='ltr'>liberatae</span> <span class='ocrx_word' id='word_1_180' title='bbox 1216 2788 1417 2852; x_wconf 88' lang='lat' dir='ltr'>primus</span> <span class='ocrx_word' id='word_1_181' title='bbox 1467 2801 1554 2836; x_wconf 85' lang='lat' dir='ltr'>ex-</span> 
     </span>
     <span class='ocr_line' id='line_1_34' title="bbox 467 2857 1556 2922; baseline -0.002 -16"><span class='ocrx_word' id='word_1_182' title='bbox 467 2859 611 2906; x_wconf 87' lang='lat' dir='ltr'>stitit</span> <span class='ocrx_word' id='word_1_183' title='bbox 648 2874 741 2908; x_wconf 86' lang='lat' dir='ltr'>rex</span> <span class='ocrx_word' id='word_1_184' title='bbox 778 2857 940 2922; x_wconf 91' lang='lat' dir='ltr'>idque</span> <span class='ocrx_word' id='word_1_185' title='bbox 961 2858 1186 2907; x_wconf 91' lang='lat' dir='ltr'>retinuit</span> <span class='ocrx_word' id='word_1_186' title='bbox 1220 2871 1441 2922; x_wconf 86' lang='lat' dir='ltr'>regnum</span> <span class='ocrx_word' id='word_1_187' title='bbox 1467 2870 1556 2904; x_wconf 88' lang='lat' dir='ltr'>us-</span> 
     </span>
     <span class='ocr_line' id='line_1_35' title="bbox 469 2927 1555 2991; baseline -0.001 -16"><span class='ocrx_word' id='word_1_188' title='bbox 469 2941 574 2990; x_wconf 88' lang='lat' dir='ltr'>que</span> <span class='ocrx_word' id='word_1_189' title='bbox 611 2927 680 2976; x_wconf 88' lang='lat' dir='ltr'>ad</span> <span class='ocrx_word' id='word_1_190' title='bbox 729 2942 928 2976; x_wconf 88' lang='lat' dir='ltr'>annum</span> <span class='ocrx_word' id='word_1_191' title='bbox 976 2927 1094 2988; x_wconf 84' lang='lat'>733,</span> <span class='ocrx_word' id='word_1_192' title='bbox 1141 2941 1248 2991; x_wconf 92' lang='lat' dir='ltr'>quo</span> <span class='ocrx_word' id='word_1_193' title='bbox 1286 2930 1555 2976; x_wconf 90' lang='lat' dir='ltr'>mortuum</span> 
     </span>
     <span class='ocr_line' id='line_1_36' title="bbox 471 2994 1555 3059; baseline -0.001 -15"><span class='ocrx_word' id='word_1_194' title='bbox 471 2996 682 3059; x_wconf 81' lang='lat' dir='ltr'>excepit</span> <span class='ocrx_word' id='word_1_195' title='bbox 707 2995 941 3054; x_wconf 74' lang='lat' dir='ltr'>Nadius3</span> <span class='ocrx_word' id='word_1_196' title='bbox 973 2995 1083 3044; x_wconf 81' lang='lat' dir='ltr'>vid.</span> <span class='ocrx_word' id='word_1_197' title='bbox 1112 2996 1193 3045; x_wconf 94' lang='lat' dir='ltr'>Io.</span> <span class='ocrx_word' id='word_1_198' title='bbox 1215 3010 1250 3044; x_wconf 88' lang='lat' dir='ltr'>a</span> <span class='ocrx_word' id='word_1_199' title='bbox 1275 2994 1555 3059; x_wconf 86' lang='lat' dir='ltr'>Gumpach</span> 
     </span>
     <span class='ocr_line' id='line_1_37' title="bbox 468 3063 1554 3128; baseline -0.001 -15"><span class='ocrx_word' id='word_1_200' title='bbox 468 3064 508 3113; x_wconf 91' lang='lat' dir='ltr'>l.</span> <span class='ocrx_word' id='word_1_201' title='bbox 552 3063 591 3113; x_wconf 93' lang='lat' dir='ltr'>l.</span> <span class='ocrx_word' id='word_1_202' title='bbox 638 3079 692 3128; x_wconf 88' lang='lat' dir='ltr'>p.</span> <span class='ocrx_word' id='word_1_203' title='bbox 742 3063 845 3113; x_wconf 82' lang='lat'>110</span> <span class='ocrx_word' id='word_1_204' title='bbox 890 3079 1003 3128; x_wconf 89' lang='lat' dir='ltr'>seq.</span> <span class='ocrx_word' id='word_1_205' title='bbox 1076 3063 1397 3128; x_wconf 88' lang='lat' dir='ltr'>Nuperrime</span> <span class='ocrx_word' id='word_1_206' title='bbox 1450 3065 1554 3112; x_wconf 82' lang='lat' dir='ltr'>Ra·</span> 
     </span>
     <span class='ocr_line' id='line_1_38' title="bbox 468 3131 1554 3193; baseline 0.001 -12"><span class='ocrx_word' id='word_1_207' title='bbox 468 3131 699 3182; x_wconf 81' lang='lat' dir='ltr'>wlinson</span> <span class='ocrx_word' id='word_1_208' title='bbox 719 3132 1078 3193; x_wconf 81' lang='lat' dir='ltr'>(Athenaeum</span> <span class='ocrx_word' id='word_1_209' title='bbox 1104 3132 1258 3184; x_wconf 79' lang='lat'>1854.</span> <span class='ocrx_word' id='word_1_210' title='bbox 1285 3147 1367 3182; x_wconf 90' lang='lat' dir='ltr'>nr.</span> <span class='ocrx_word' id='word_1_211' title='bbox 1402 3132 1554 3183; x_wconf 81' lang='lat'>1381.</span> 
     </span>
     <span class='ocr_line' id='line_1_39' title="bbox 470 3200 1555 3266; baseline -0.004 -13"><span class='ocrx_word' id='word_1_212' title='bbox 470 3217 526 3266; x_wconf 88' lang='lat' dir='ltr'>p.</span> <span class='ocrx_word' id='word_1_213' title='bbox 563 3201 666 3253; x_wconf 78' lang='lat'>465</span> <span class='ocrx_word' id='word_1_214' title='bbox 704 3200 841 3266; x_wconf 88' lang='lat' dir='ltr'>seq.)</span> <span class='ocrx_word' id='word_1_215' title='bbox 881 3201 1068 3252; x_wconf 88' lang='lat' dir='ltr'>retulit</span> <span class='ocrx_word' id='word_1_216' title='bbox 1113 3201 1180 3252; x_wconf 88' lang='lat' dir='ltr'>de</span> <span class='ocrx_word' id='word_1_217' title='bbox 1229 3206 1414 3250; x_wconf 86' lang='lat' dir='ltr'>statua</span> <span class='ocrx_word' id='word_1_218' title='bbox 1458 3216 1555 3250; x_wconf 89' lang='lat' dir='ltr'>nu-</span> 
     </span>
     <span class='ocr_line' id='line_1_40' title="bbox 468 3269 1555 3336; baseline 0 -17"><span class='ocrx_word' id='word_1_219' title='bbox 468 3287 566 3336; x_wconf 85' lang='lat' dir='ltr'>per</span> <span class='ocrx_word' id='word_1_220' title='bbox 624 3286 653 3320; x_wconf 90' lang='lat' dir='ltr'>e</span> <span class='ocrx_word' id='word_1_221' title='bbox 699 3270 951 3321; x_wconf 87' lang='lat' dir='ltr'>Nimrudi</span> <span class='ocrx_word' id='word_1_222' title='bbox 1012 3271 1296 3321; x_wconf 86' lang='lat' dir='ltr'>ruderibus</span> <span class='ocrx_word' id='word_1_223' title='bbox 1358 3269 1555 3320; x_wconf 83' lang='lat' dir='ltr'>effossa</span> 
     </span>
     <span class='ocr_line' id='line_1_41' title="bbox 470 3341 1553 3405; baseline -0.001 -15"><span class='ocrx_word' id='word_1_224' title='bbox 470 3341 557 3390; x_wconf 90' lang='lat' dir='ltr'>dei</span> <span class='ocrx_word' id='word_1_225' title='bbox 600 3341 754 3390; x_wconf 86' lang='lat' dir='ltr'>Nebo</span> <span class='ocrx_word' id='word_1_226' title='bbox 807 3356 928 3389; x_wconf 88' lang='lat' dir='ltr'>cum</span> <span class='ocrx_word' id='word_1_227' title='bbox 973 3341 1355 3405; x_wconf 85' lang='lat' dir='ltr'>inscriptione,</span> <span class='ocrx_word' id='word_1_228' title='bbox 1413 3354 1553 3403; x_wconf 90' lang='lat' dir='ltr'>quae</span> 
     </span>
     <span class='ocr_line' id='line_1_42' title="bbox 469 3408 1554 3475; baseline -0.003 -14"><span class='ocrx_word' id='word_1_229' title='bbox 469 3411 712 3461; x_wconf 88' lang='lat' dir='ltr'>continet</span> <span class='ocrx_word' id='word_1_230' title='bbox 744 3411 965 3459; x_wconf 89' lang='lat' dir='ltr'>nomina</span> <span class='ocrx_word' id='word_1_231' title='bbox 986 3411 1129 3475; x_wconf 86' lang='lat' dir='ltr'>regis</span> <span class='ocrx_word' id='word_1_232' title='bbox 1161 3409 1374 3474; x_wconf 81' lang='lat' dir='ltr'>Assyrii</span> <span class='ocrx_word' id='word_1_233' title='bbox 1398 3408 1554 3458; x_wconf 75' lang='lat' dir='ltr'>Phat-</span> 
     </span>
     <span class='ocr_line' id='line_1_43' title="bbox 466 3479 1552 3546; baseline -0.004 -15"><span class='ocrx_word' id='word_1_234' title='bbox 466 3479 620 3531; x_wconf 72' lang='lat' dir='ltr'>Iukha</span> <span class='ocrx_word' id='word_1_235' title='bbox 665 3483 848 3546; x_wconf 90' lang='lat' dir='ltr'>(quem</span> <span class='ocrx_word' id='word_1_236' title='bbox 898 3480 1127 3530; x_wconf 88' lang='lat' dir='ltr'>eundem</span> <span class='ocrx_word' id='word_1_237' title='bbox 1174 3479 1339 3529; x_wconf 89' lang='lat' dir='ltr'>habet</span> <span class='ocrx_word' id='word_1_238' title='bbox 1387 3484 1552 3543; x_wconf 79' lang='lat' dir='ltr'>atque</span> 
     </span>
     <span class='ocr_line' id='line_1_44' title="bbox 469 3548 1555 3600; baseline -0.003 -1"><span class='ocrx_word' id='word_1_239' title='bbox 469 3550 799 3600; x_wconf 87' lang='lat' dir='ltr'>Graecorum</span> <span class='ocrx_word' id='word_1_240' title='bbox 821 3549 1088 3599; x_wconf 72' lang='lat' dir='ltr'>Bezochum</span> <span class='ocrx_word' id='word_1_241' title='bbox 1111 3553 1165 3599; x_wconf 89' lang='lat' dir='ltr'>et</span> <span class='ocrx_word' id='word_1_242' title='bbox 1193 3549 1393 3599; x_wconf 80' lang='lat' dir='ltr'>Sacrae</span> <span class='ocrx_word' id='word_1_243' title='bbox 1413 3548 1555 3599; x_wconf 88' lang='lat' dir='ltr'>Scri-</span> 
     </span>
     <span class='ocr_line' id='line_1_45' title="bbox 468 3618 1554 3684; baseline -0.002 -16"><span class='ocrx_word' id='word_1_244' title='bbox 468 3624 660 3684; x_wconf 83' lang='lat' dir='ltr'>pturas</span> <span class='ocrx_word' id='word_1_245' title='bbox 696 3618 826 3669; x_wconf 68' lang='lat' dir='ltr'>Pina</span> <span class='ocrx_word' id='word_1_246' title='bbox 868 3635 913 3669; x_wconf 91' lang='lat' dir='ltr'>s.</span> <span class='ocrx_word' id='word_1_247' title='bbox 962 3619 1088 3684; x_wconf 86' lang='lat' dir='ltr'>Pul)</span> <span class='ocrx_word' id='word_1_248' title='bbox 1123 3623 1178 3669; x_wconf 90' lang='lat' dir='ltr'>et</span> <span class='ocrx_word' id='word_1_249' title='bbox 1208 3620 1390 3683; x_wconf 85' lang='lat' dir='ltr'>regiae</span> <span class='ocrx_word' id='word_1_250' title='bbox 1422 3633 1554 3667; x_wconf 85' lang='lat' dir='ltr'>uxo-</span> 
     </span>
     <span class='ocr_line' id='line_1_46' title="bbox 467 3686 1550 3752; baseline -0.005 -12"><span class='ocrx_word' id='word_1_251' title='bbox 467 3690 543 3740; x_wconf 88' lang='lat' dir='ltr'>ris</span> <span class='ocrx_word' id='word_1_252' title='bbox 578 3688 924 3740; x_wconf 67' lang='lat' dir='ltr'>Sumam-amit</span> <span class='ocrx_word' id='word_1_253' title='bbox 958 3687 1018 3752; x_wconf 91' lang='lat' dir='ltr'>(i.</span> <span class='ocrx_word' id='word_1_254' title='bbox 1050 3704 1097 3739; x_wconf 91' lang='lat' dir='ltr'>e.</span> <span class='ocrx_word' id='word_1_255' title='bbox 1137 3686 1550 3752; x_wconf 84' lang='lat' dir='ltr'>Semiramidis),</span> 
     </span>
     <span class='ocr_line' id='line_1_47' title="bbox 467 3758 1554 3823; baseline -0.002 -15"><span class='ocrx_word' id='word_1_256' title='bbox 467 3774 628 3823; x_wconf 80' lang='lat' dir='ltr'>quam</span> <span class='ocrx_word' id='word_1_257' title='bbox 668 3759 839 3822; x_wconf 84' lang='lat' dir='ltr'>ipsam</span> <span class='ocrx_word' id='word_1_258' title='bbox 886 3759 970 3808; x_wconf 83' lang='lat' dir='ltr'>vir</span> <span class='ocrx_word' id='word_1_259' title='bbox 1016 3758 1209 3809; x_wconf 85' lang='lat' dir='ltr'>doctus</span> <span class='ocrx_word' id='word_1_260' title='bbox 1245 3758 1554 3823; x_wconf 88' lang='lat' dir='ltr'>suspicatur</span> 
     </span>
     <span class='ocr_line' id='line_1_48' title="bbox 466 3826 1553 3892; baseline -0.001 -16"><span class='ocrx_word' id='word_1_261' title='bbox 466 3826 683 3876; x_wconf 81' lang='lat' dir='ltr'>Medica</span> <span class='ocrx_word' id='word_1_262' title='bbox 713 3828 879 3892; x_wconf 84' lang='lat' dir='ltr'>stirpe</span> <span class='ocrx_word' id='word_1_263' title='bbox 915 3832 1240 3892; x_wconf 85' lang='lat' dir='ltr'>prognatam</span> <span class='ocrx_word' id='word_1_264' title='bbox 1272 3826 1553 3890; x_wconf 87' lang='lat' dir='ltr'>Phuloque</span> 
     </span>
     <span class='ocr_line' id='line_1_49' title="bbox 467 3894 1554 3959; baseline 0 -15"><span class='ocrx_word' id='word_1_265' title='bbox 467 3900 712 3959; x_wconf 79' lang='lat' dir='ltr'>nuptam,</span> <span class='ocrx_word' id='word_1_266' title='bbox 751 3896 947 3946; x_wconf 86' lang='lat' dir='ltr'>deinde</span> <span class='ocrx_word' id='word_1_267' title='bbox 995 3896 1212 3947; x_wconf 87' lang='lat' dir='ltr'>sublato</span> <span class='ocrx_word' id='word_1_268' title='bbox 1248 3897 1445 3946; x_wconf 86' lang='lat' dir='ltr'>marito</span> <span class='ocrx_word' id='word_1_269' title='bbox 1483 3894 1554 3944; x_wconf 90' lang='lat' dir='ltr'>ad</span> 
     </span>
     <span class='ocr_line' id='line_1_50' title="bbox 469 3963 1554 4030; baseline 0.003 -18"><span class='ocrx_word' id='word_1_270' title='bbox 469 3963 802 4027; x_wconf 87' lang='lat' dir='ltr'>Babylonem</span> <span class='ocrx_word' id='word_1_271' title='bbox 840 3966 957 4014; x_wconf 82' lang='lat' dir='ltr'>sive</span> <span class='ocrx_word' id='word_1_272' title='bbox 994 3965 1280 4030; x_wconf 83' lang='lat' dir='ltr'>profugam</span> <span class='ocrx_word' id='word_1_273' title='bbox 1316 3966 1433 4015; x_wconf 84' lang='lat' dir='ltr'>sive</span> <span class='ocrx_word' id='word_1_274' title='bbox 1475 3965 1554 4014; x_wconf 77' lang='lat' dir='ltr'>vi-</span> 
     </span>
     <span class='ocr_line' id='line_1_51' title="bbox 467 4033 1555 4100; baseline 0.001 -19"><span class='ocrx_word' id='word_1_275' title='bbox 467 4033 691 4082; x_wconf 86' lang='lat' dir='ltr'>ctricem</span> <span class='ocrx_word' id='word_1_276' title='bbox 747 4035 1061 4097; x_wconf 81' lang='lat' dir='ltr'>pervenisse</span> <span class='ocrx_word' id='word_1_277' title='bbox 1106 4049 1396 4100; x_wconf 75' lang='lat' dir='ltr'>seramque</span> <span class='ocrx_word' id='word_1_278' title='bbox 1444 4033 1555 4083; x_wconf 89' lang='lat' dir='ltr'>Na-</span> 
     </span>
     <span class='ocr_line' id='line_1_52' title="bbox 467 4101 1553 4153; baseline 0.001 -2"><span class='ocrx_word' id='word_1_279' title='bbox 467 4101 781 4151; x_wconf 90' lang='lat' dir='ltr'>bonassaris</span> <span class='ocrx_word' id='word_1_280' title='bbox 823 4117 963 4151; x_wconf 88' lang='lat' dir='ltr'>anno</span> <span class='ocrx_word' id='word_1_281' title='bbox 1000 4104 1101 4152; x_wconf 83' lang='lat'>747</span> <span class='ocrx_word' id='word_1_282' title='bbox 1134 4118 1186 4153; x_wconf 93' lang='lat' dir='ltr'>a.</span> <span class='ocrx_word' id='word_1_283' title='bbox 1222 4103 1344 4153; x_wconf 89' lang='lat' dir='ltr'>Chr.</span> <span class='ocrx_word' id='word_1_284' title='bbox 1385 4119 1439 4153; x_wconf 90' lang='lat' dir='ltr'>n.</span> <span class='ocrx_word' id='word_1_285' title='bbox 1475 4104 1553 4152; x_wconf 89' lang='lat' dir='ltr'>in-</span> 
     </span>
     <span class='ocr_line' id='line_1_53' title="bbox 465 4169 733 4220; baseline -0.007 0"><span class='ocrx_word' id='word_1_286' title='bbox 465 4169 733 4220; x_wconf 87' lang='lat' dir='ltr'>stituisse.</span> 
     </span>
    </p>

    <p class='ocr_par' dir='ltr' id='par_1_4' title="bbox 467 4237 1553 4444">
     <span class='ocr_line' id='line_1_54' title="bbox 536 4237 1553 4308; baseline 0.002 -20"><span class='ocrx_word' id='word_1_287' title='bbox 536 4239 653 4289; x_wconf 92' lang='lat' dir='ltr'>Iam</span> <span class='ocrx_word' id='word_1_288' title='bbox 691 4237 836 4304; x_wconf 84' lang='lat' dir='ltr'>quod</span> <span class='ocrx_word' id='word_1_289' title='bbox 872 4237 942 4288; x_wconf 89' lang='lat' dir='ltr'>ad</span> <span class='ocrx_word' id='word_1_290' title='bbox 976 4237 1347 4290; x_wconf 85' lang='lat' dir='ltr'>Semiramidis</span> <span class='ocrx_word' id='word_1_291' title='bbox 1387 4256 1553 4308; x_wconf 79' lang='lat' dir='ltr'>opera</span> 
     </span>
     <span class='ocr_line' id='line_1_55' title="bbox 467 4308 1551 4375; baseline 0.003 -18"><span class='ocrx_word' id='word_1_292' title='bbox 467 4309 690 4368; x_wconf 85' lang='lat' dir='ltr'>attinet,</span> <span class='ocrx_word' id='word_1_293' title='bbox 748 4321 912 4372; x_wconf 89' lang='lat' dir='ltr'>supra</span> <span class='ocrx_word' id='word_1_294' title='bbox 956 4308 1067 4357; x_wconf 88' lang='lat' dir='ltr'>iam</span> <span class='ocrx_word' id='word_1_295' title='bbox 1112 4309 1402 4372; x_wconf 78' lang='lat' dir='ltr'>annotavi,</span> <span class='ocrx_word' id='word_1_296' title='bbox 1455 4325 1551 4375; x_wconf 89' lang='lat' dir='ltr'>per</span> 
     </span>
     <span class='ocr_line' id='line_1_56' title="bbox 467 4375 1551 4444; baseline 0 -16"><span class='ocrx_word' id='word_1_297' title='bbox 467 4391 679 4429; x_wconf 87' lang='lat' dir='ltr'>omnem</span> <span class='ocrx_word' id='word_1_298' title='bbox 706 4376 818 4429; x_wconf 81' lang='lat' dir='ltr'>fere</span> <span class='ocrx_word' id='word_1_299' title='bbox 845 4375 1033 4429; x_wconf 75' lang='lat' dir='ltr'>Asiam</span> <span class='ocrx_word' id='word_1_300' title='bbox 1055 4376 1387 4444; x_wconf 86' lang='lat' dir='ltr'>superiorem</span> <span class='ocrx_word' id='word_1_301' title='bbox 1410 4391 1551 4428; x_wconf 88' lang='lat' dir='ltr'>sum-</span> 
     </span>
    </p>
   </div>
   <div class='ocr_carea' id='block_1_4' title="bbox 1651 768 2748 4445">
    <p class='ocr_par' dir='ltr' id='par_1_5' title="bbox 1651 768 2748 3474">
     <span class='ocr_line' id='line_1_57' title="bbox 1654 768 2739 837; baseline -0.005 -14"><span class='ocrx_word' id='word_1_302' title='bbox 1654 788 1743 822; x_wconf 89' lang='lat' dir='ltr'>ma</span> <span class='ocrx_word' id='word_1_303' title='bbox 1779 786 2025 837; x_wconf 88' lang='lat' dir='ltr'>quaeque</span> <span class='ocrx_word' id='word_1_304' title='bbox 2067 769 2307 821; x_wconf 87' lang='lat' dir='ltr'>eiusdem</span> <span class='ocrx_word' id='word_1_305' title='bbox 2353 771 2570 820; x_wconf 91' lang='lat' dir='ltr'>nomine</span> <span class='ocrx_word' id='word_1_306' title='bbox 2604 768 2739 819; x_wconf 86' lang='lat' dir='ltr'>cele-</span> 
     </span>
     <span class='ocr_line' id='line_1_58' title="bbox 1653 839 2740 906; baseline -0.003 -15"><span class='ocrx_word' id='word_1_307' title='bbox 1653 843 1800 892; x_wconf 86' lang='lat' dir='ltr'>brari</span> <span class='ocrx_word' id='word_1_308' title='bbox 1839 843 1997 906; x_wconf 89' lang='lat' dir='ltr'>eique</span> <span class='ocrx_word' id='word_1_309' title='bbox 2033 840 2291 890; x_wconf 86' lang='lat' dir='ltr'>adscribi.</span> <span class='ocrx_word' id='word_1_310' title='bbox 2375 840 2467 890; x_wconf 88' lang='lat' dir='ltr'>Sic</span> <span class='ocrx_word' id='word_1_311' title='bbox 2515 839 2581 889; x_wconf 88' lang='lat' dir='ltr'>de</span> <span class='ocrx_word' id='word_1_312' title='bbox 2615 853 2740 904; x_wconf 89' lang='lat' dir='ltr'>ope-</span> 
     </span>
     <span class='ocr_line' id='line_1_59' title="bbox 1655 909 2740 976; baseline -0.004 -15"><span class='ocrx_word' id='word_1_313' title='bbox 1655 913 1804 962; x_wconf 87' lang='lat' dir='ltr'>ribus</span> <span class='ocrx_word' id='word_1_314' title='bbox 1868 910 2194 976; x_wconf 88' lang='lat' dir='ltr'>quibusdam</span> <span class='ocrx_word' id='word_1_315' title='bbox 2255 909 2626 960; x_wconf 87' lang='lat' dir='ltr'>Semiramidis</span> <span class='ocrx_word' id='word_1_316' title='bbox 2684 909 2740 958; x_wconf 90' lang='lat' dir='ltr'>iu</span> 
     </span>
     <span class='ocr_line' id='line_1_60' title="bbox 1654 978 2739 1044; baseline -0.004 -13"><span class='ocrx_word' id='word_1_317' title='bbox 1654 981 1839 1032; x_wconf 83' lang='lat' dir='ltr'>Media</span> <span class='ocrx_word' id='word_1_318' title='bbox 1857 995 2059 1044; x_wconf 85' lang='lat' dir='ltr'>magna</span> <span class='ocrx_word' id='word_1_319' title='bbox 2088 979 2330 1044; x_wconf 89' lang='lat' dir='ltr'>loquitur</span> <span class='ocrx_word' id='word_1_320' title='bbox 2350 978 2625 1029; x_wconf 89' lang='lat' dir='ltr'>Diodorus</span> <span class='ocrx_word' id='word_1_321' title='bbox 2660 978 2739 1039; x_wconf 91' lang='lat'>11,</span> 
     </span>
     <span class='ocr_line' id='line_1_61' title="bbox 1664 1047 2739 1115; baseline -0.002 -15"><span class='ocrx_word' id='word_1_322' title='bbox 1664 1051 1724 1102; x_wconf 83' lang='lat'>13</span> <span class='ocrx_word' id='word_1_323' title='bbox 1753 1049 2226 1115; x_wconf 88' lang='lat' dir='ltr'>ibiq.Wesseling.</span> <span class='ocrx_word' id='word_1_324' title='bbox 2252 1049 2411 1099; x_wconf 82' lang='lat' dir='ltr'>Conf.</span> <span class='ocrx_word' id='word_1_325' title='bbox 2429 1047 2739 1114; x_wconf 85' lang='lat' dir='ltr'>Geograph.</span> 
     </span>
     <span class='ocr_line' id='line_1_62' title="bbox 1654 1118 2741 1182; baseline -0.003 -12"><span class='ocrx_word' id='word_1_326' title='bbox 1654 1120 1844 1170; x_wconf 89' lang='lat' dir='ltr'>minor.</span> <span class='ocrx_word' id='word_1_327' title='bbox 1891 1120 1967 1181; x_wconf 90' lang='lat'>11,</span> <span class='ocrx_word' id='word_1_328' title='bbox 2006 1119 2041 1170; x_wconf 81' lang='lat'><strong>6</strong></span> <span class='ocrx_word' id='word_1_329' title='bbox 2078 1120 2164 1169; x_wconf 83' lang='lat' dir='ltr'>ed.</span> <span class='ocrx_word' id='word_1_330' title='bbox 2201 1118 2451 1169; x_wconf 89' lang='lat' dir='ltr'>Hudson.</span> <span class='ocrx_word' id='word_1_331' title='bbox 2501 1124 2556 1168; x_wconf 90' lang='lat' dir='ltr'>et</span> <span class='ocrx_word' id='word_1_332' title='bbox 2601 1132 2741 1182; x_wconf 80' lang='lat' dir='ltr'>quae</span> 
     </span>
     <span class='ocr_line' id='line_1_63' title="bbox 1655 1188 2740 1252; baseline -0.005 -13"><span class='ocrx_word' id='word_1_333' title='bbox 1655 1189 1765 1240; x_wconf 88' lang='lat' dir='ltr'>alia</span> <span class='ocrx_word' id='word_1_334' title='bbox 1836 1204 1901 1238; x_wconf 84' lang='lat' dir='ltr'>ex</span> <span class='ocrx_word' id='word_1_335' title='bbox 1965 1188 2317 1238; x_wconf 86' lang='lat' dir='ltr'>orientalibus</span> <span class='ocrx_word' id='word_1_336' title='bbox 2381 1188 2740 1252; x_wconf 73' lang='lat' dir='ltr'>scriptoribus</span> 
     </span>
     <span class='ocr_line' id='line_1_64' title="bbox 1654 1257 2740 1324; baseline -0.005 -15"><span class='ocrx_word' id='word_1_337' title='bbox 1654 1258 1862 1324; x_wconf 80' lang='lat' dir='ltr'>profert</span> <span class='ocrx_word' id='word_1_338' title='bbox 1907 1259 2120 1310; x_wconf 84' lang='lat' dir='ltr'>Hoeck.</span> <span class='ocrx_word' id='word_1_339' title='bbox 2171 1258 2229 1307; x_wconf 91' lang='lat' dir='ltr'>in</span> <span class='ocrx_word' id='word_1_340' title='bbox 2275 1263 2446 1308; x_wconf 74' lang='lat' dir='ltr'>veter.</span> <span class='ocrx_word' id='word_1_341' title='bbox 2486 1257 2633 1307; x_wconf 83' lang='lat' dir='ltr'>Med.</span> <span class='ocrx_word' id='word_1_342' title='bbox 2686 1261 2740 1305; x_wconf 93' lang='lat' dir='ltr'>et</span> 
     </span>
     <span class='ocr_line' id='line_1_65' title="bbox 1654 1325 2740 1393; baseline -0.003 -16"><span class='ocrx_word' id='word_1_343' title='bbox 1654 1331 1808 1378; x_wconf 90' lang='lat' dir='ltr'>Pers.</span> <span class='ocrx_word' id='word_1_344' title='bbox 1863 1332 2192 1378; x_wconf 83' lang='lat' dir='ltr'>monument.</span> <span class='ocrx_word' id='word_1_345' title='bbox 2238 1344 2294 1393; x_wconf 92' lang='lat' dir='ltr'>p.</span> <span class='ocrx_word' id='word_1_346' title='bbox 2339 1329 2435 1378; x_wconf 84' lang='lat'>115</span> <span class='ocrx_word' id='word_1_347' title='bbox 2484 1342 2634 1393; x_wconf 87' lang='lat' dir='ltr'>seqq.</span> <span class='ocrx_word' id='word_1_348' title='bbox 2673 1325 2740 1375; x_wconf 89' lang='lat' dir='ltr'>de</span> 
     </span>
     <span class='ocr_line' id='line_1_66' title="bbox 1655 1396 2741 1448; baseline -0.003 -1"><span class='ocrx_word' id='word_1_349' title='bbox 1655 1398 2025 1448; x_wconf 86' lang='lat' dir='ltr'>Semiramidis</span> <span class='ocrx_word' id='word_1_350' title='bbox 2050 1402 2238 1447; x_wconf 88' lang='lat' dir='ltr'>statua</span> <span class='ocrx_word' id='word_1_351' title='bbox 2257 1401 2313 1448; x_wconf 90' lang='lat' dir='ltr'>et</span> <span class='ocrx_word' id='word_1_352' title='bbox 2339 1396 2609 1447; x_wconf 86' lang='lat' dir='ltr'>columna.</span> <span class='ocrx_word' id='word_1_353' title='bbox 2656 1396 2741 1445; x_wconf 93' lang='lat' dir='ltr'>De</span> 
     </span>
     <span class='ocr_line' id='line_1_67' title="bbox 1655 1464 2741 1533; baseline -0.005 -15"><span class='ocrx_word' id='word_1_354' title='bbox 1655 1469 1867 1532; x_wconf 84' lang='lat' dir='ltr'>magnis</span> <span class='ocrx_word' id='word_1_355' title='bbox 1949 1468 2229 1533; x_wconf 88' lang='lat' dir='ltr'>operibus,</span> <span class='ocrx_word' id='word_1_356' title='bbox 2310 1464 2741 1531; x_wconf 82' lang='lat' dir='ltr'>aquaeductibus</span> 
     </span>
     <span class='ocr_line' id='line_1_68' title="bbox 1654 1534 2741 1602; baseline -0.004 -15"><span class='ocrx_word' id='word_1_357' title='bbox 1654 1538 1946 1602; x_wconf 87' lang='lat' dir='ltr'>praecipue</span> <span class='ocrx_word' id='word_1_358' title='bbox 2011 1552 2178 1602; x_wconf 88' lang='lat' dir='ltr'>prope</span> <span class='ocrx_word' id='word_1_359' title='bbox 2245 1536 2538 1586; x_wconf 87' lang='lat' dir='ltr'>Ecbatana</span> <span class='ocrx_word' id='word_1_360' title='bbox 2599 1534 2741 1584; x_wconf 86' lang='lat' dir='ltr'>idem</span> 
     </span>
     <span class='ocr_line' id='line_1_69' title="bbox 1652 1604 2740 1671; baseline -0.005 -14"><span class='ocrx_word' id='word_1_361' title='bbox 1652 1607 1926 1658; x_wconf 86' lang='lat' dir='ltr'>Diodorus</span> <span class='ocrx_word' id='word_1_362' title='bbox 1960 1606 1997 1656; x_wconf 92' lang='lat'>1.</span> <span class='ocrx_word' id='word_1_363' title='bbox 2021 1607 2058 1657; x_wconf 91' lang='lat' dir='ltr'>l.</span> <span class='ocrx_word' id='word_1_364' title='bbox 2088 1607 2328 1671; x_wconf 88' lang='lat' dir='ltr'>itemque</span> <span class='ocrx_word' id='word_1_365' title='bbox 2360 1606 2426 1656; x_wconf 88' lang='lat' dir='ltr'>de</span> <span class='ocrx_word' id='word_1_366' title='bbox 2456 1604 2740 1655; x_wconf 85' lang='lat' dir='ltr'>ruderibus</span> 
     </span>
     <span class='ocr_line' id='line_1_70' title="bbox 1653 1675 2741 1741; baseline -0.004 -16"><span class='ocrx_word' id='word_1_367' title='bbox 1653 1677 1921 1741; x_wconf 82' lang='lat' dir='ltr'>hodieque</span> <span class='ocrx_word' id='word_1_368' title='bbox 1955 1676 2036 1725; x_wconf 90' lang='lat' dir='ltr'>ibi</span> <span class='ocrx_word' id='word_1_369' title='bbox 2071 1675 2313 1727; x_wconf 86' lang='lat' dir='ltr'>locorum</span> <span class='ocrx_word' id='word_1_370' title='bbox 2359 1676 2537 1726; x_wconf 86' lang='lat' dir='ltr'>obviis</span> <span class='ocrx_word' id='word_1_371' title='bbox 2571 1687 2741 1740; x_wconf 88' lang='lat' dir='ltr'>prope</span> 
     </span>
     <span class='ocr_line' id='line_1_71' title="bbox 1653 1742 2737 1796; baseline -0.004 0"><span class='ocrx_word' id='word_1_372' title='bbox 1653 1747 1842 1796; x_wconf 89' lang='lat' dir='ltr'>urbem</span> <span class='ocrx_word' id='word_1_373' title='bbox 1877 1745 2166 1796; x_wconf 87' lang='lat' dir='ltr'>Hamadau</span> <span class='ocrx_word' id='word_1_374' title='bbox 2201 1746 2316 1796; x_wconf 75' lang='lat' dir='ltr'>vid.</span> <span class='ocrx_word' id='word_1_375' title='bbox 2357 1744 2662 1795; x_wconf 85' lang='lat' dir='ltr'>Hoeckium</span> <span class='ocrx_word' id='word_1_376' title='bbox 2698 1742 2737 1792; x_wconf 94' lang='lat' dir='ltr'>l.</span> 
     </span>
     <span class='ocr_line' id='line_1_72' title="bbox 1654 1813 2741 1880; baseline -0.004 -15"><span class='ocrx_word' id='word_1_377' title='bbox 1654 1816 1693 1865; x_wconf 91' lang='lat' dir='ltr'>l.</span> <span class='ocrx_word' id='word_1_378' title='bbox 1740 1830 1868 1880; x_wconf 87' lang='lat' dir='ltr'>pag.</span> <span class='ocrx_word' id='word_1_379' title='bbox 1917 1816 2016 1865; x_wconf 85' lang='lat'>155</span> <span class='ocrx_word' id='word_1_380' title='bbox 2061 1830 2175 1880; x_wconf 88' lang='lat' dir='ltr'>seq.</span> <span class='ocrx_word' id='word_1_381' title='bbox 2247 1813 2375 1865; x_wconf 81' lang='lat' dir='ltr'>Alia</span> <span class='ocrx_word' id='word_1_382' title='bbox 2420 1814 2537 1864; x_wconf 88' lang='lat' dir='ltr'>eins</span> <span class='ocrx_word' id='word_1_383' title='bbox 2575 1827 2741 1877; x_wconf 90' lang='lat' dir='ltr'>opera</span> 
     </span>
     <span class='ocr_line' id='line_1_73' title="bbox 1651 1884 2737 1942; baseline -0.004 -7"><span class='ocrx_word' id='word_1_384' title='bbox 1651 1886 1712 1934; x_wconf 89' lang='lat' dir='ltr'>in</span> <span class='ocrx_word' id='word_1_385' title='bbox 1744 1887 2003 1935; x_wconf 86' lang='lat' dir='ltr'>Armenia</span> <span class='ocrx_word' id='word_1_386' title='bbox 2034 1888 2399 1935; x_wconf 82' lang='lat' dir='ltr'>memorantur</span> <span class='ocrx_word' id='word_1_387' title='bbox 2431 1884 2737 1942; x_wconf 65' lang='lat' dir='ltr'>exstitisseg</span> 
     </span>
     <span class='ocr_line' id='line_1_74' title="bbox 1653 1953 2740 2018; baseline -0.004 -13"><span class='ocrx_word' id='word_1_388' title='bbox 1653 1955 1763 2005; x_wconf 83' lang='lat' dir='ltr'>vid.</span> <span class='ocrx_word' id='word_1_389' title='bbox 1799 1954 1930 2004; x_wconf 90' lang='lat' dir='ltr'>ibid.</span> <span class='ocrx_word' id='word_1_390' title='bbox 1971 1970 2022 2018; x_wconf 90' lang='lat' dir='ltr'>p.</span> <span class='ocrx_word' id='word_1_391' title='bbox 2060 1954 2178 2005; x_wconf 87' lang='lat'>100.</span> <span class='ocrx_word' id='word_1_392' title='bbox 2215 1953 2572 2004; x_wconf 84' lang='lat' dir='ltr'>Notissimum</span> <span class='ocrx_word' id='word_1_393' title='bbox 2610 1967 2740 2016; x_wconf 88' lang='lat' dir='ltr'>quo·</span> 
     </span>
     <span class='ocr_line' id='line_1_75' title="bbox 1657 2021 2740 2089; baseline -0.005 -16"><span class='ocrx_word' id='word_1_394' title='bbox 1657 2039 1763 2089; x_wconf 87' lang='lat' dir='ltr'>que</span> <span class='ocrx_word' id='word_1_395' title='bbox 1796 2025 2016 2088; x_wconf 88' lang='lat' dir='ltr'>reginae</span> <span class='ocrx_word' id='word_1_396' title='bbox 2068 2036 2203 2087; x_wconf 88' lang='lat' dir='ltr'>opus</span> <span class='ocrx_word' id='word_1_397' title='bbox 2252 2023 2530 2084; x_wconf 78' lang='lat' dir='ltr'>hortorum</span> <span class='ocrx_word' id='word_1_398' title='bbox 2561 2021 2740 2086; x_wconf 88' lang='lat' dir='ltr'>pensi-</span> 
     </span>
     <span class='ocr_line' id='line_1_76' title="bbox 1656 2090 2739 2157; baseline -0.002 -15"><span class='ocrx_word' id='word_1_399' title='bbox 1656 2093 1816 2156; x_wconf 90' lang='lat' dir='ltr'>lium,</span> <span class='ocrx_word' id='word_1_400' title='bbox 1864 2093 1930 2144; x_wconf 92' lang='lat' dir='ltr'>de</span> <span class='ocrx_word' id='word_1_401' title='bbox 1966 2092 2160 2157; x_wconf 88' lang='lat' dir='ltr'>quibus</span> <span class='ocrx_word' id='word_1_402' title='bbox 2205 2091 2363 2142; x_wconf 87' lang='lat' dir='ltr'>Philo</span> <span class='ocrx_word' id='word_1_403' title='bbox 2400 2094 2633 2157; x_wconf 83' lang='lat' dir='ltr'>Byzant.</span> <span class='ocrx_word' id='word_1_404' title='bbox 2671 2090 2739 2140; x_wconf 89' lang='lat' dir='ltr'>de</span> 
     </span>
     <span class='ocr_line' id='line_1_77' title="bbox 1655 2159 2739 2227; baseline -0.005 -15"><span class='ocrx_word' id='word_1_405' title='bbox 1655 2168 1796 2227; x_wconf 89' lang='lat' dir='ltr'>sept.</span> <span class='ocrx_word' id='word_1_406' title='bbox 1836 2163 1951 2212; x_wconf 92' lang='lat' dir='ltr'>orb.</span> <span class='ocrx_word' id='word_1_407' title='bbox 1987 2163 2208 2213; x_wconf 86' lang='lat' dir='ltr'>miracc.</span> <span class='ocrx_word' id='word_1_408' title='bbox 2235 2177 2362 2226; x_wconf 88' lang='lat' dir='ltr'>pag.</span> <span class='ocrx_word' id='word_1_409' title='bbox 2401 2164 2435 2211; x_wconf 86' lang='lat'>4</span> <span class='ocrx_word' id='word_1_410' title='bbox 2464 2176 2616 2226; x_wconf 88' lang='lat' dir='ltr'>seqq.</span> <span class='ocrx_word' id='word_1_411' title='bbox 2641 2159 2739 2208; x_wconf 88' lang='lat' dir='ltr'>ibi·</span> 
     </span>
     <span class='ocr_line' id='line_1_78' title="bbox 1658 2228 2735 2296; baseline -0.004 -14"><span class='ocrx_word' id='word_1_412' title='bbox 1658 2247 1762 2296; x_wconf 88' lang='lat' dir='ltr'>que</span> <span class='ocrx_word' id='word_1_413' title='bbox 1817 2237 2068 2282; x_wconf 90' lang='lat' dir='ltr'>annotat.</span> <span class='ocrx_word' id='word_1_414' title='bbox 2129 2246 2257 2296; x_wconf 86' lang='lat' dir='ltr'>pag.</span> <span class='ocrx_word' id='word_1_415' title='bbox 2317 2233 2384 2281; x_wconf 81' lang='lat'>72</span> <span class='ocrx_word' id='word_1_416' title='bbox 2435 2246 2591 2295; x_wconf 85' lang='lat' dir='ltr'>seqq.</span> <span class='ocrx_word' id='word_1_417' title='bbox 2648 2228 2735 2278; x_wconf 86' lang='lat' dir='ltr'>ed.</span> 
     </span>
     <span class='ocr_line' id='line_1_79' title="bbox 1657 2297 2736 2352; baseline -0.005 0"><span class='ocrx_word' id='word_1_418' title='bbox 1657 2300 1823 2352; x_wconf 87' lang='lat' dir='ltr'>Orell.</span> <span class='ocrx_word' id='word_1_419' title='bbox 1896 2301 2012 2351; x_wconf 87' lang='lat' dir='ltr'>Nec</span> <span class='ocrx_word' id='word_1_420' title='bbox 2055 2306 2238 2351; x_wconf 86' lang='lat' dir='ltr'>tamen</span> <span class='ocrx_word' id='word_1_421' title='bbox 2285 2300 2421 2351; x_wconf 85' lang='lat' dir='ltr'>haec</span> <span class='ocrx_word' id='word_1_422' title='bbox 2465 2299 2571 2350; x_wconf 90' lang='lat' dir='ltr'>hoc</span> <span class='ocrx_word' id='word_1_423' title='bbox 2614 2297 2736 2349; x_wconf 89' lang='lat' dir='ltr'>loco</span> 
     </span>
     <span class='ocr_line' id='line_1_80' title="bbox 1653 2366 2738 2433; baseline -0.004 -12"><span class='ocrx_word' id='word_1_424' title='bbox 1653 2371 1872 2421; x_wconf 89' lang='lat' dir='ltr'>uberius</span> <span class='ocrx_word' id='word_1_425' title='bbox 1934 2376 2061 2420; x_wconf 86' lang='lat' dir='ltr'>sunt</span> <span class='ocrx_word' id='word_1_426' title='bbox 2121 2369 2443 2433; x_wconf 84' lang='lat' dir='ltr'>explicanda</span> <span class='ocrx_word' id='word_1_427' title='bbox 2500 2373 2555 2419; x_wconf 87' lang='lat' dir='ltr'>et</span> <span class='ocrx_word' id='word_1_428' title='bbox 2614 2366 2738 2417; x_wconf 88' lang='lat' dir='ltr'>illu-</span> 
     </span>
     <span class='ocr_line' id='line_1_81' title="bbox 1653 2437 2740 2503; baseline -0.004 -13"><span class='ocrx_word' id='word_1_429' title='bbox 1653 2440 1909 2502; x_wconf 87' lang='lat' dir='ltr'>stranda,</span> <span class='ocrx_word' id='word_1_430' title='bbox 1965 2455 2068 2489; x_wconf 91' lang='lat' dir='ltr'>nec</span> <span class='ocrx_word' id='word_1_431' title='bbox 2111 2441 2287 2503; x_wconf 87' lang='lat' dir='ltr'>magis</span> <span class='ocrx_word' id='word_1_432' title='bbox 2332 2437 2584 2489; x_wconf 86' lang='lat' dir='ltr'>fabulosa</span> <span class='ocrx_word' id='word_1_433' title='bbox 2628 2438 2740 2486; x_wconf 88' lang='lat' dir='ltr'>ista</span> 
     </span>
     <span class='ocr_line' id='line_1_82' title="bbox 1653 2506 2738 2574; baseline -0.006 -13"><span class='ocrx_word' id='word_1_434' title='bbox 1653 2509 1942 2570; x_wconf 88' lang='lat' dir='ltr'>sectanda,</span> <span class='ocrx_word' id='word_1_435' title='bbox 2004 2523 2143 2574; x_wconf 89' lang='lat' dir='ltr'>quae</span> <span class='ocrx_word' id='word_1_436' title='bbox 2200 2508 2422 2558; x_wconf 88' lang='lat' dir='ltr'>uberius</span> <span class='ocrx_word' id='word_1_437' title='bbox 2484 2506 2738 2572; x_wconf 84' lang='lat' dir='ltr'>persequi</span> 
     </span>
     <span class='ocr_line' id='line_1_83' title="bbox 1651 2574 2732 2645; baseline -0.006 -15"><span class='ocrx_word' id='word_1_438' title='bbox 1651 2579 1796 2645; x_wconf 81' lang='lat' dir='ltr'>haud</span> <span class='ocrx_word' id='word_1_439' title='bbox 1823 2582 2012 2638; x_wconf 77' lang='lat' dir='ltr'>vacat3</span> <span class='ocrx_word' id='word_1_440' title='bbox 2048 2578 2161 2628; x_wconf 80' lang='lat' dir='ltr'>vid.</span> <span class='ocrx_word' id='word_1_441' title='bbox 2189 2578 2348 2628; x_wconf 89' lang='lat' dir='ltr'>modo</span> <span class='ocrx_word' id='word_1_442' title='bbox 2372 2577 2595 2642; x_wconf 86' lang='lat' dir='ltr'>Georgii</span> <span class='ocrx_word' id='word_1_443' title='bbox 2628 2576 2665 2625; x_wconf 93' lang='lat' dir='ltr'>l.</span> <span class='ocrx_word' id='word_1_444' title='bbox 2697 2574 2732 2625; x_wconf 89' lang='lat' dir='ltr'>l.</span> 
     </span>
     <span class='ocr_line' id='line_1_84' title="bbox 1657 2645 2736 2712; baseline -0.005 -12.817"><span class='ocrx_word' id='word_1_445' title='bbox 1657 2652 1799 2712; x_wconf 83' lang='lat' dir='ltr'>„Est</span> <span class='ocrx_word' id='word_1_446' title='bbox 1834 2663 1963 2698; x_wconf 80' lang='lat' dir='ltr'>vero</span> <span class='ocrx_word' id='word_1_447' title='bbox 2007 2647 2248 2698; x_wconf 90' lang='lat' dir='ltr'>Pollucis</span> <span class='ocrx_word' id='word_1_448' title='bbox 2289 2647 2465 2709; x_wconf 88' lang='lat' dir='ltr'>locus,</span> <span class='ocrx_word' id='word_1_449' title='bbox 2505 2647 2599 2711; x_wconf 89' lang='lat' dir='ltr'>qui</span> <span class='ocrx_word' id='word_1_450' title='bbox 2632 2645 2736 2694; x_wconf 85' lang='lat' dir='ltr'>hue</span> 
     </span>
     <span class='ocr_line' id='line_1_85' title="bbox 1655 2683 2746 2782; baseline -0.004 -15"><span class='ocrx_word' id='word_1_451' title='bbox 1655 2724 1906 2782; x_wconf 89' lang='lat' dir='ltr'>spectare</span> <span class='ocrx_word' id='word_1_452' title='bbox 1937 2717 2209 2778; x_wconf 76' lang='lat' dir='ltr'>videatur,</span> <span class='ocrx_word' id='word_1_453' title='bbox 2245 2717 2303 2766; x_wconf 90' lang='lat' dir='ltr'>in</span> <span class='ocrx_word' id='word_1_454' title='bbox 2328 2683 2542 2768; x_wconf 58' lang='lat' dir='ltr'>Hist’or.</span> <span class='ocrx_word' id='word_1_455' title='bbox 2577 2715 2746 2779; x_wconf 85' lang='lat' dir='ltr'>phys..</span> 
     </span>
     <span class='ocr_line' id='line_1_86' title="bbox 1657 2754 2740 2852; baseline -0.005 -15"><span class='ocrx_word' id='word_1_456' title='bbox 1657 2804 1784 2852; x_wconf 88' lang='lat' dir='ltr'>pag.</span> <span class='ocrx_word' id='word_1_457' title='bbox 1821 2787 1888 2837; x_wconf 80' lang='lat'>82</span> <span class='ocrx_word' id='word_1_458' title='bbox 1934 2785 2020 2837; x_wconf 88' lang='lat' dir='ltr'>ed.</span> <span class='ocrx_word' id='word_1_459' title='bbox 2065 2754 2262 2837; x_wconf 86' lang='lat' dir='ltr'>Hardt.</span> <span class='ocrx_word' id='word_1_460' title='bbox 2308 2785 2583 2836; x_wconf 84' lang='lat' dir='ltr'>Abraham</span> <span class='ocrx_word' id='word_1_461' title='bbox 2628 2783 2740 2832; x_wconf 90' lang='lat' dir='ltr'>illic</span> 
     </span>
     <span class='ocr_line' id='line_1_87' title="bbox 1657 2853 2741 2920; baseline -0.006 -13"><span class='ocrx_word' id='word_1_462' title='bbox 1657 2856 1856 2907; x_wconf 88' lang='lat' dir='ltr'>dicitur</span> <span class='ocrx_word' id='word_1_463' title='bbox 1892 2853 2136 2920; x_wconf 87' lang='lat' dir='ltr'>aequalis</span> <span class='ocrx_word' id='word_1_464' title='bbox 2164 2855 2320 2918; x_wconf 84' lang='lat' dir='ltr'>Nini,</span> <span class='ocrx_word' id='word_1_465' title='bbox 2367 2857 2460 2920; x_wconf 88' lang='lat' dir='ltr'>qui</span> <span class='ocrx_word' id='word_1_466' title='bbox 2494 2853 2741 2905; x_wconf 86' lang='lat' dir='ltr'>condidit</span> 
     </span>
     <span class='ocr_line' id='line_1_88' title="bbox 1657 2923 2736 2982; baseline -0.005 -6"><span class='ocrx_word' id='word_1_467' title='bbox 1657 2927 1875 2979; x_wconf 83' lang='lat' dir='ltr'>Ninive.</span> <span class='ocrx_word' id='word_1_468' title='bbox 1931 2925 2076 2975; x_wconf 85' lang='lat' dir='ltr'>Huic</span> <span class='ocrx_word' id='word_1_469' title='bbox 2097 2924 2363 2975; x_wconf 88' lang='lat' dir='ltr'>successit</span> <span class='ocrx_word' id='word_1_470' title='bbox 2397 2923 2736 2982; x_wconf 86' lang='lat' dir='ltr'>Semiramis,</span> 
     </span>
     <span class='ocr_line' id='line_1_89' title="bbox 1658 2984 2748 3074; baseline -0.005 -29"><span class='ocrx_word' id='word_1_471' title='bbox 1658 2997 1791 3045; x_wconf 88' lang='lat' dir='ltr'>ubi</span> <span class='ocrx_word' id='word_1_472' title='bbox 1777 3010 1883 3044; x_wconf 77' lang='lat' dir='ltr'>iam</span> <span class='ocrx_word' id='word_1_473' title='bbox 1908 2999 2209 3074; x_wconf 89' lang='lat' dir='ltr'>sequuntur</span> <span class='ocrx_word' id='word_1_474' title='bbox 2232 2994 2368 3044; x_wconf 88' lang='lat' dir='ltr'>haec</span> <span class='ocrx_word' id='word_1_475' title='bbox 2390 2994 2583 3044; x_wconf 85' lang='lat' dir='ltr'>verba.</span> <span class='ocrx_word' id='word_1_476' title='bbox 2607 2984 2748 3070; x_wconf 79' lang='grc' dir='ltr'>μεθ’</span> 
     </span>
     <span class='ocr_line' id='line_1_90' title="bbox 1659 3051 2739 3142; baseline -0.006 -27"><span class='ocrx_word' id='word_1_477' title='bbox 1659 3053 1729 3115; x_wconf 66' lang='grc' dir='ltr'>ὃν</span> <span class='ocrx_word' id='word_1_478' title='bbox 1765 3056 2117 3142; x_wconf 78' lang='grc' dir='ltr'><strong><em>ἐβασίλευσεν</em></strong></span> <span class='ocrx_word' id='word_1_479' title='bbox 2164 3054 2468 3142; x_wconf 75' lang='grc' dir='ltr'><strong><em>Ἀσσυρίων</em></strong></span> <span class='ocrx_word' id='word_1_480' title='bbox 2521 3053 2557 3126; x_wconf 83' lang='grc' dir='ltr'><em>ἡ</em></span> <span class='ocrx_word' id='word_1_481' title='bbox 2608 3051 2739 3110; x_wconf 76' lang='grc' dir='ltr'><strong><em>τού-</em></strong></span> 
     </span>
     <span class='ocr_line' id='line_1_91' title="bbox 1659 3121 2739 3212; baseline -0.004 -30"><span class='ocrx_word' id='word_1_482' title='bbox 1659 3147 1760 3182; x_wconf 82' lang='grc' dir='ltr'>του</span> <span class='ocrx_word' id='word_1_483' title='bbox 1779 3125 1950 3211; x_wconf 74' lang='grc' dir='ltr'>γυνὴ</span> <span class='ocrx_word' id='word_1_484' title='bbox 1985 3130 2360 3212; x_wconf 77' lang='grc' dir='ltr'>Σεμείραμις,</span> <span class='ocrx_word' id='word_1_485' title='bbox 2407 3121 2560 3210; x_wconf 79' lang='grc' dir='ltr'>ἥτις</span> <span class='ocrx_word' id='word_1_486' title='bbox 2578 3144 2739 3179; x_wconf 78' lang='grc' dir='ltr'><strong><em>κατε-</em></strong></span> 
     </span>
     <span class='ocr_line' id='line_1_92' title="bbox 1661 3191 2738 3267; baseline -0.003 -16"><span class='ocrx_word' id='word_1_487' title='bbox 1661 3193 1892 3251; x_wconf 75' lang='grc' dir='ltr'><strong><em>σκεύασε</em></strong></span> <span class='ocrx_word' id='word_1_488' title='bbox 1939 3194 2008 3252; x_wconf 79' lang='grc' dir='ltr'>τὰ</span> <span class='ocrx_word' id='word_1_489' title='bbox 2052 3193 2280 3267; x_wconf 74' lang='grc' dir='ltr'><strong><em>χώματα</em></strong></span> <span class='ocrx_word' id='word_1_490' title='bbox 2324 3193 2423 3249; x_wconf 80' lang='grc' dir='ltr'>διὰ</span> <span class='ocrx_word' id='word_1_491' title='bbox 2465 3191 2602 3257; x_wconf 79' lang='grc' dir='ltr'><strong><em>τοὺς</em></strong></span> <span class='ocrx_word' id='word_1_492' title='bbox 2638 3213 2738 3248; x_wconf 77' lang='grc' dir='ltr'>κοι-</span> 
     </span>
     <span class='ocr_line' id='line_1_93' title="bbox 1655 3263 2741 3334; baseline -0.001 -14"><span class='ocrx_word' id='word_1_493' title='bbox 1655 3263 2029 3334; x_wconf 77' lang='grc' dir='ltr'>τακλυσμούς.</span> <span class='ocrx_word' id='word_1_494' title='bbox 2090 3270 2248 3320; x_wconf 87' lang='lat' dir='ltr'>Conf.</span> <span class='ocrx_word' id='word_1_495' title='bbox 2277 3270 2503 3321; x_wconf 87' lang='lat' dir='ltr'>Cedren.</span> <span class='ocrx_word' id='word_1_496' title='bbox 2527 3273 2582 3319; x_wconf 83' lang='lat' dir='ltr'>et</span> <span class='ocrx_word' id='word_1_497' title='bbox 2603 3269 2741 3333; x_wconf 80' lang='lat' dir='ltr'>Syn·</span> 
     </span>
     <span class='ocr_line' id='line_1_94' title="bbox 1656 3336 2736 3404; baseline -0.006 -14"><span class='ocrx_word' id='word_1_498' title='bbox 1656 3340 1776 3390; x_wconf 91' lang='lat' dir='ltr'>cell.</span> <span class='ocrx_word' id='word_1_499' title='bbox 1826 3339 1952 3389; x_wconf 88' lang='lat' dir='ltr'>add.</span> <span class='ocrx_word' id='word_1_500' title='bbox 2005 3340 2324 3404; x_wconf 86' lang='lat' dir='ltr'>Interprett.</span> <span class='ocrx_word' id='word_1_501' title='bbox 2373 3340 2443 3389; x_wconf 89' lang='lat' dir='ltr'>ad</span> <span class='ocrx_word' id='word_1_502' title='bbox 2496 3336 2736 3389; x_wconf 86' lang='lat' dir='ltr'>Oracull.</span> 
     </span>
     <span class='ocr_line' id='line_1_95' title="bbox 1656 3406 2736 3487; baseline -0.006 -25"><span class='ocrx_word' id='word_1_503' title='bbox 1656 3409 1845 3487; x_wconf 87' lang='lat' dir='ltr'>Sibyll.</span> <span class='ocrx_word' id='word_1_504' title='bbox 1891 3424 1946 3474; x_wconf 90' lang='lat' dir='ltr'>p.</span> <span class='ocrx_word' id='word_1_505' title='bbox 1995 3407 2273 3460; x_wconf 75' lang='lat'><strong>332-336</strong></span> <span class='ocrx_word' id='word_1_506' title='bbox 2317 3408 2401 3459; x_wconf 90' lang='lat' dir='ltr'>ed.</span> <span class='ocrx_word' id='word_1_507' title='bbox 2451 3407 2571 3459; x_wconf 85' lang='lat' dir='ltr'>Gal.</span> <span class='ocrx_word' id='word_1_508' title='bbox 2579 3407 2613 3434; x_wconf 87' lang='lat'>“</span> <span class='ocrx_word' id='word_1_509' title='bbox 2649 3406 2736 3456; x_wconf 80' lang='lat' dir='ltr'>Gr.</span> 
     </span>
    </p>

    <p class='ocr_par' dir='ltr' id='par_1_6' title="bbox 1652 3467 2745 4445">
     <span class='ocr_line' id='line_1_96' title="bbox 1724 3467 2740 3557; baseline -0.003 -30"><span class='ocrx_word' id='word_1_510' title='bbox 1724 3470 2007 3557; x_wconf 74' lang='grc' dir='ltr'><strong><em>πρότερον</em></strong></span> <span class='ocrx_word' id='word_1_511' title='bbox 2064 3472 2128 3527; x_wconf 77' lang='grc' dir='ltr'>δὲ</span> <span class='ocrx_word' id='word_1_512' title='bbox 2182 3469 2358 3527; x_wconf 74' lang='grc' dir='ltr'><strong><em>ἐώθεε</em></strong></span> <span class='ocrx_word' id='word_1_513' title='bbox 2408 3468 2438 3526; x_wconf 86' lang='grc' dir='ltr'><strong>ὁ</strong></span> <span class='ocrx_word' id='word_1_514' title='bbox 2482 3467 2740 3539; x_wconf 80' lang='grc' dir='ltr'><strong><em>ποταμὸς</em></strong></span> 
     </span>
     <span class='ocr_line' id='line_1_97' title="bbox 1653 3537 2738 3611; baseline -0.002 -15"><span class='ocrx_word' id='word_1_515' title='bbox 1653 3537 1765 3598; x_wconf 75' lang='grc' dir='ltr'>ἀνὰ</span> <span class='ocrx_word' id='word_1_516' title='bbox 1803 3538 1867 3597; x_wconf 83' lang='grc' dir='ltr'>τὸ</span> <span class='ocrx_word' id='word_1_517' title='bbox 1914 3543 2119 3596; x_wconf 79' lang='grc' dir='ltr'><strong><em>πεδίον</em></strong></span> <span class='ocrx_word' id='word_1_518' title='bbox 2163 3544 2281 3596; x_wconf 79' lang='grc' dir='ltr'>πᾶν</span> <span class='ocrx_word' id='word_1_519' title='bbox 2323 3543 2660 3611; x_wconf 76' lang='grc' dir='ltr'>πελαγίζειν]</span> <span class='ocrx_word' id='word_1_520' title='bbox 2696 3545 2738 3596; x_wconf 89' lang='lat' dir='ltr'>i.</span> 
     </span>
     <span class='ocr_line' id='line_1_98' title="bbox 1653 3615 2742 3680; baseline -0.003 -14"><span class='ocrx_word' id='word_1_521' title='bbox 1653 3632 1700 3670; x_wconf 90' lang='lat' dir='ltr'>e.</span> <span class='ocrx_word' id='word_1_522' title='bbox 1752 3621 1955 3680; x_wconf 86' lang='lat' dir='ltr'>„antea</span> <span class='ocrx_word' id='word_1_523' title='bbox 2012 3615 2226 3667; x_wconf 86' lang='lat' dir='ltr'>solebat</span> <span class='ocrx_word' id='word_1_524' title='bbox 2272 3616 2471 3667; x_wconf 88' lang='lat' dir='ltr'>flumen</span> <span class='ocrx_word' id='word_1_525' title='bbox 2520 3630 2616 3680; x_wconf 91' lang='lat' dir='ltr'>per</span> <span class='ocrx_word' id='word_1_526' title='bbox 2658 3619 2742 3664; x_wconf 85' lang='lat' dir='ltr'>to-</span> 
     </span>
     <span class='ocr_line' id='line_1_99' title="bbox 1656 3684 2742 3750; baseline -0.004 -14"><span class='ocrx_word' id='word_1_527' title='bbox 1656 3692 1768 3736; x_wconf 89' lang='lat' dir='ltr'>tam</span> <span class='ocrx_word' id='word_1_528' title='bbox 1801 3685 2082 3750; x_wconf 88' lang='lat' dir='ltr'>planitiem</span> <span class='ocrx_word' id='word_1_529' title='bbox 2121 3686 2299 3736; x_wconf 90' lang='lat' dir='ltr'>omnia</span> <span class='ocrx_word' id='word_1_530' title='bbox 2335 3684 2627 3746; x_wconf 86' lang='lat' dir='ltr'>inundare,</span> <span class='ocrx_word' id='word_1_531' title='bbox 2677 3689 2742 3733; x_wconf 91' lang='lat' dir='ltr'>ut</span> 
     </span>
     <span class='ocr_line' id='line_1_100' title="bbox 1655 3754 2742 3820; baseline -0.004 -14"><span class='ocrx_word' id='word_1_532' title='bbox 1655 3754 1818 3806; x_wconf 87' lang='lat' dir='ltr'>maris</span> <span class='ocrx_word' id='word_1_533' title='bbox 1858 3755 2027 3806; x_wconf 87' lang='lat' dir='ltr'>ferme</span> <span class='ocrx_word' id='word_1_534' title='bbox 2059 3756 2294 3820; x_wconf 88' lang='lat' dir='ltr'>speciem</span> <span class='ocrx_word' id='word_1_535' title='bbox 2329 3770 2553 3820; x_wconf 89' lang='lat' dir='ltr'>campus</span> <span class='ocrx_word' id='word_1_536' title='bbox 2589 3767 2742 3817; x_wconf 87' lang='lat' dir='ltr'>prae-</span> 
     </span>
     <span class='ocr_line' id='line_1_101' title="bbox 1654 3823 2745 3877; baseline -0.003 -2"><span class='ocrx_word' id='word_1_537' title='bbox 1654 3825 1867 3877; x_wconf 85' lang='lat' dir='ltr'>beret.“</span> <span class='ocrx_word' id='word_1_538' title='bbox 1940 3824 2078 3875; x_wconf 87' lang='lat' dir='ltr'>Sunt</span> <span class='ocrx_word' id='word_1_539' title='bbox 2114 3825 2255 3876; x_wconf 89' lang='lat' dir='ltr'>enim</span> <span class='ocrx_word' id='word_1_540' title='bbox 2296 3840 2404 3874; x_wconf 93' lang='lat' dir='ltr'>non</span> <span class='ocrx_word' id='word_1_541' title='bbox 2450 3823 2745 3875; x_wconf 87' lang='lat' dir='ltr'>admodum</span> 
     </span>
     <span class='ocr_line' id='line_1_102' title="bbox 1656 3890 2744 3958; baseline -0.003 -14"><span class='ocrx_word' id='word_1_542' title='bbox 1656 3892 1833 3944; x_wconf 89' lang='lat' dir='ltr'>elatae</span> <span class='ocrx_word' id='word_1_543' title='bbox 1866 3893 2160 3958; x_wconf 89' lang='lat' dir='ltr'>Euphratis</span> <span class='ocrx_word' id='word_1_544' title='bbox 2194 3894 2429 3946; x_wconf 88' lang='lat' dir='ltr'>fluminis</span> <span class='ocrx_word' id='word_1_545' title='bbox 2465 3892 2606 3942; x_wconf 88' lang='lat' dir='ltr'>hanc</span> <span class='ocrx_word' id='word_1_546' title='bbox 2629 3890 2744 3957; x_wconf 86' lang='lat' dir='ltr'>pla-</span> 
     </span>
     <span class='ocr_line' id='line_1_103' title="bbox 1653 3962 2744 4028; baseline -0.002 -15"><span class='ocrx_word' id='word_1_547' title='bbox 1653 3964 1845 4014; x_wconf 90' lang='lat' dir='ltr'>nitiem</span> <span class='ocrx_word' id='word_1_548' title='bbox 1881 3968 2092 4014; x_wconf 86' lang='lat' dir='ltr'>tantam</span> <span class='ocrx_word' id='word_1_549' title='bbox 2123 3963 2438 4028; x_wconf 77' lang='lat' dir='ltr'>perfluentia</span> <span class='ocrx_word' id='word_1_550' title='bbox 2461 3962 2629 4027; x_wconf 82' lang='lat' dir='ltr'>ripae,</span> <span class='ocrx_word' id='word_1_551' title='bbox 2661 3962 2744 4011; x_wconf 87' lang='lat' dir='ltr'>ita</span> 
     </span>
     <span class='ocr_line' id='line_1_104' title="bbox 1655 4031 2740 4097; baseline -0.002 -15"><span class='ocrx_word' id='word_1_552' title='bbox 1655 4037 1717 4082; x_wconf 88' lang='lat' dir='ltr'>ut</span> <span class='ocrx_word' id='word_1_553' title='bbox 1753 4032 1913 4083; x_wconf 86' lang='lat' dir='ltr'>facile</span> <span class='ocrx_word' id='word_1_554' title='bbox 1948 4033 2070 4084; x_wconf 90' lang='lat' dir='ltr'>loca</span> <span class='ocrx_word' id='word_1_555' title='bbox 2107 4034 2355 4097; x_wconf 82' lang='lat' dir='ltr'>proxima</span> <span class='ocrx_word' id='word_1_556' title='bbox 2387 4031 2740 4082; x_wconf 89' lang='lat' dir='ltr'>inundentur.</span> 
     </span>
     <span class='ocr_line' id='line_1_105' title="bbox 1657 4099 2744 4166; baseline -0.004 -14"><span class='ocrx_word' id='word_1_557' title='bbox 1657 4102 1811 4164; x_wconf 82' lang='lat' dir='ltr'>Quod</span> <span class='ocrx_word' id='word_1_558' title='bbox 1836 4103 2155 4166; x_wconf 84' lang='lat' dir='ltr'>praesertim</span> <span class='ocrx_word' id='word_1_559' title='bbox 2182 4103 2476 4166; x_wconf 89' lang='lat' dir='ltr'>quotannis</span> <span class='ocrx_word' id='word_1_560' title='bbox 2495 4099 2589 4150; x_wconf 92' lang='lat' dir='ltr'>illo</span> <span class='ocrx_word' id='word_1_561' title='bbox 2609 4104 2744 4150; x_wconf 88' lang='lat' dir='ltr'>tem-</span> 
     </span>
     <span class='ocr_line' id='line_1_106' title="bbox 1656 4169 2741 4237; baseline -0.004 -15"><span class='ocrx_word' id='word_1_562' title='bbox 1656 4187 1784 4235; x_wconf 88' lang='lat' dir='ltr'>pore</span> <span class='ocrx_word' id='word_1_563' title='bbox 1819 4171 2049 4235; x_wconf 88' lang='lat' dir='ltr'>accidit,</span> <span class='ocrx_word' id='word_1_564' title='bbox 2099 4186 2206 4237; x_wconf 93' lang='lat' dir='ltr'>quo</span> <span class='ocrx_word' id='word_1_565' title='bbox 2243 4171 2338 4220; x_wconf 88' lang='lat' dir='ltr'>nix</span> <span class='ocrx_word' id='word_1_566' title='bbox 2373 4172 2428 4220; x_wconf 91' lang='lat' dir='ltr'>in</span> <span class='ocrx_word' id='word_1_567' title='bbox 2464 4169 2741 4220; x_wconf 85' lang='lat' dir='ltr'>montibus</span> 
     </span>
     <span class='ocr_line' id='line_1_107' title="bbox 1653 4238 2742 4303; baseline -0.001 -13"><span class='ocrx_word' id='word_1_568' title='bbox 1653 4241 1947 4303; x_wconf 84' lang='lat' dir='ltr'>Armeniis,</span> <span class='ocrx_word' id='word_1_569' title='bbox 1977 4239 2121 4291; x_wconf 90' lang='lat' dir='ltr'>unde</span> <span class='ocrx_word' id='word_1_570' title='bbox 2148 4241 2388 4290; x_wconf 87' lang='lat' dir='ltr'>exoritur</span> <span class='ocrx_word' id='word_1_571' title='bbox 2415 4238 2742 4303; x_wconf 73' lang='lat' dir='ltr'>EuphrateS,</span> 
     </span>
     <span class='ocr_line' id='line_1_108' title="bbox 1655 4308 2743 4375; baseline -0.003 -16"><span class='ocrx_word' id='word_1_572' title='bbox 1655 4309 1991 4373; x_wconf 83' lang='lat' dir='ltr'>dissolvitur,</span> <span class='ocrx_word' id='word_1_573' title='bbox 2030 4324 2205 4375; x_wconf 87' lang='lat' dir='ltr'>aquae</span> <span class='ocrx_word' id='word_1_574' title='bbox 2235 4310 2395 4374; x_wconf 88' lang='lat' dir='ltr'>copia</span> <span class='ocrx_word' id='word_1_575' title='bbox 2414 4310 2661 4359; x_wconf 76' lang='lat' dir='ltr'>minirum</span> <span class='ocrx_word' id='word_1_576' title='bbox 2685 4308 2743 4357; x_wconf 89' lang='lat' dir='ltr'>iu</span> 
     </span>
     <span class='ocr_line' id='line_1_109' title="bbox 1652 4376 2745 4445; baseline 0 -17"><span class='ocrx_word' id='word_1_577' title='bbox 1652 4377 1869 4429; x_wconf 87' lang='lat' dir='ltr'>modum</span> <span class='ocrx_word' id='word_1_578' title='bbox 1903 4392 2139 4445; x_wconf 79' lang='lat' dir='ltr'>augens,</span> <span class='ocrx_word' id='word_1_579' title='bbox 2184 4382 2250 4430; x_wconf 88' lang='lat' dir='ltr'>ut</span> <span class='ocrx_word' id='word_1_580' title='bbox 2294 4377 2459 4429; x_wconf 79' lang='lat' dir='ltr'>fluvio</span> <span class='ocrx_word' id='word_1_581' title='bbox 2504 4376 2613 4428; x_wconf 87' lang='lat' dir='ltr'>isto</span> <span class='ocrx_word' id='word_1_582' title='bbox 2655 4389 2745 4428; x_wconf 89' lang='lat' dir='ltr'>su-</span> 
     </span>
    </p>
   </div>
  </div>
 </body>
</html>
