3109 5092
490 381 610 444 194
1353 376 1893 440 HERODOTI

492 558 666 639 ἐστι,
713 551 785 633 ὅς
813 579 914 633 τις
948 552 1241 640 πόλεμον
1279 549 1409 640 πρὸ
1456 553 1725 641 εἰρήνης
1769 553 2080 640 αἱρέεται.
2139 550 2214 617 ἐν
2243 547 2370 635 μὲν
2396 544 2526 634 γὰρ
2570 549 2653 634 τῇ
2697 548 2770 611 οἰ

493 663 727 736 παῖδες
777 653 931 735 τοὺς
982 660 1269 744 πατέρας
1325 652 1696 740 θάπτουσι,
1764 656 1840 723 ἐν
1891 653 1967 721 δὲ
2016 657 2109 745 τῷ
2158 655 2226 719 οἱ
2279 654 2557 738 πατέρες
2606 645 2762 727 τούς

493 765 757 839 παῖδας.
811 756 981 829 ἀλλὰ
1014 765 1222 829 ταῦτα
1255 765 1532 845 δαίμοσί
1569 785 1694 827 κου
1730 764 1934 846 φίλον
1969 747 2055 843 ἦν
2088 750 2264 825 οὕτω
2301 756 2644 840 γενέσθαι.

400 862 480 923 88
641 859 711 934 ‘0
756 863 880 951 μὲν
937 867 1145 931 ταῦτα
1202 869 1410 949 ἔλεγε.
1500 867 1730 948 Κῦρος
1776 859 1850 928 δὲ
1896 854 2105 928 αὐτὸν
2163 855 2369 937 λύσας
2415 855 2646 927 κάτισέ
2688 881 2762 923 τε

491 963 693 1053 ἐγγὺς
751 967 1043 1050 ἑωυτοῦ,
1110 967 1223 1034 καὶ
1273 965 1485 1053 κάρτα
1540 966 1621 1031 ἐν
1674 967 1887 1052 πολλῇ
1933 967 2313 1052 προμηθείῃ
2366 959 2533 1049 εἶχε,
2596 956 2759 1029 ἀπε-

489 1067 811 1156 θώυμαζέ
839 1095 912 1137 τε
956 1063 1171 1157 ὁρέων
1208 1070 1320 1137 καὶ
1363 1064 1564 1145 αὐτὸς
1592 1067 1705 1134 καὶ
1749 1070 1817 1135 οἱ
1846 1067 1997 1154 περὶ
2041 1068 2302 1136 ἐκεῖνον
2334 1064 2556 1143 ἐόντες
2591 1060 2760 1132 ποίν-

491 1198 619 1251 τες.
673 1167 710 1240 ὁ
751 1171 826 1239 δὲ
871 1178 1153 1260 συννοίῃ
1196 1171 1506 1260 ἐχόμενος
1545 1166 1789 1256 ἥσυχος
1840 1160 1940 1256 ἦν.
2019 1165 2184 1255 μετὰ
2225 1167 2299 1235 δὲ
2334 1170 2766 1256 ἐπιστραφείς

491 1301 566 1343 τε
610 1275 723 1342 καὶ
764 1273 1070 1362 ἰδόμενος
1118 1271 1272 1353 τοὺς
1309 1276 1575 1362 Πέρσας
1617 1270 1691 1341 τὸ
1738 1276 1875 1340 τοῖν
1908 1276 2161 1340 Λυδῶν
2210 1267 2379 1341 ἄστυ
2422 1276 2761 1357 κεραΐζον-

493 1403 644 1462 τας,
698 1375 876 1446 εἷπε·
946 1367 1026 1444 Ὦ
1085 1380 1401 1463 βασιλεῦ,
1449 1374 1728 1464 κότερον
1774 1377 1997 1462 λέγειν
2045 1370 2210 1462 πρὸς
2263 1373 2372 1452 σὲ,
2433 1371 2513 1442 τὰ
2554 1374 2767 1441 νοέων

494 1477 839 1566 τυγχάνω,
883 1474 924 1568 ἢ
977 1484 1178 1564 σιγᾶν
1215 1482 1296 1549 ’ἐν
1335 1483 1429 1572 τῷ
1478 1478 1796 1566 παρεόντι
1842 1476 2001 1566 χρής
2056 1481 2281 1564 Κῦρος
2319 1478 2399 1545 δέ
2436 1504 2553 1564 μιν
2587 1485 2763 1559 θαρ-

496 1584 733 1656 σέοντα
788 1584 1055 1651 ἐκέλευε
1107 1583 1364 1668 λέγειν,
1424 1577 1462 1649 ὅ
1505 1610 1568 1650 τι
1625 1579 1959 1669 βούλοιτο.
2033 1575 2070 1649 ὁ
2122 1579 2197 1648 δὲ
2245 1576 2454 1650 αὐτὸν
2504 1575 2767 1666 εἰρώτα,

496 1686 746 1771 λέγων·
825 1675 1040 1764 Οὗτος
1088 1680 1124 1752 ὁ
1171 1684 1413 1764 πολλὸς
1456 1679 1684 1773 ὅμιλος
1723 1690 1794 1752 τί
1826 1687 2035 1752 ταῦτα
2083 1684 2374 1773 σπουδῇ
2397 1686 2611 1772 πολλῇ
2656 1680 2765 1765 ἐρ-

495 1777 792 1873 γάζεταις
838 1783 911 1856 Ὁ
959 1788 1034 1856 δὲ
1073 1788 1254 1858 εἷπε·
1310 1787 1529 1856 Πόλιν
1573 1814 1645 1856 τε
1681 1785 1804 1874 τὴν
1848 1783 1976 1874 σὴν
2023 1784 2403 1874 διαρπάζει,
2451 1786 2565 1853 καὶ
2607 1782 2766 1870 χρή·

495 1917 668 1978 ματα
716 1888 798 1960 τὰ
852 1888 938 1959 σὰ
984 1893 1350 1979 διαφορέει.
1445 1898 1732 1977 Κροῖσος
1780 1888 1855 1956 δὲ
1915 1885 2259 1975 ἀμείβετο·
2342 1885 2521 1958 Οὔτε
2574 1884 2771 1956 πόλιν

495 1991 620 2080 τὴν
659 1991 857 2081 ἐμὴν,
918 1990 1074 2062 οὔτε
1121 1994 1421 2083 χρήματα
1470 1989 1550 2061 τὰ
1596 1989 1720 2081 ἐμοὶ
1769 1989 2144 2078 διαρπάζει·
2203 1986 2409 2061 οὐδὲν
2444 1988 2572 2079 γὰρ
2622 1986 2767 2075 ἐμοὶ

404 2099 485 2160 89
501 2101 598 2163 ἔτι
637 2097 896 2165 τούτων
931 2098 1122 2182 με’τα·
1179 2094 1349 2166 ἀλλὰ
1383 2097 1673 2183 φέρουσί
1709 2121 1779 2164 τε
1817 2095 1930 2162 καὶ
1974 2091 2210 2180 ἄγουσι
2259 2092 2340 2163 τὰ
2373 2096 2478 2164 σά.
2561 2090 2770 2183 Κύρῳ

572 2247 748 2310 οὕτω
795 2252 1041 2336 ἀνόητός
1090 2252 1224 2326 ἔστι,
1260 2250 1337 2319 ὅς
1383 2276 1488 2315 τις
1527 2279 1582 2312 κ.
1761 2250 2092 2325 ἰδόμενος
2128 2250 2262 2316 τοὺς
2288 2260 2511 2324 Πέρσας
2545 2275 2598 2308 κ.
2624 2273 2672 2306 τ.
2698 2253 2769 2320 λ.]

497 2345 546 2378 τ.
583 2328 660 2395 λ.]
692 2330 800 2380 Pro
835 2343 900 2386 ος
933 2345 1019 2388 τις
1042 2333 1398 2396 exspectabas
1427 2323 1587 2380 ὥστε.

502 2397 609 2448 Sed
649 2399 764 2450 vid.
799 2399 1000 2450 Matth.
1051 2402 1145 2451 Gr.
1207 2402 1300 2452 Gr.
1357 2400 1408 2462 ξ.
1462 2400 1585 2452 479.

499 2472 616 2518 not.
652 2468 700 2518 1.
739 2484 791 2533 p.
829 2469 952 2520 895.

570 2535 744 2600 φίλον
787 2523 862 2602 ἦν
906 2526 1057 2597 οὕτω
1111 2536 1399 2604 γενέσθαι]
1450 2538 1488 2588 i.
1536 2553 1585 2590 e.

495 2609 708 2670 placuit,
743 2611 894 2659 visum
927 2615 1022 2660 est.
1060 2609 1124 2659 In
1162 2609 1357 2675 quibus
1390 2609 1589 2657 Home-

500 2676 649 2726 ricae
696 2676 988 2727 locutionis
1048 2678 1405 2729 imitationem
1463 2677 1587 2727 aliis

503 2761 717 2810 quoque
784 2748 1142 2811 scriptoribus
1210 2749 1592 2811 frequentatae

503 2814 827 2866 invenimus.
911 2817 1099 2867 Monui
1170 2818 1240 2866 ad
1307 2815 1590 2866 Plutarch.

502 2883 693 2946 Pyrrh.
731 2899 858 2948 pag.
897 2884 1013 2936 190.
1051 2886 1186 2935 Inde
1211 2887 1419 2935 Seneca
1442 2884 1589 2934 Med.

504 2950 631 3000 553:
670 2960 902 3015 „yratmn
943 2953 1080 3003 est.“
1125 2955 1213 3005 Cf.
1261 2953 1509 3004 Herodot
1544 2954 1591 3014 1,

507 3018 628 3070 108.
665 3020 740 3080 11,
775 3021 861 3070 64.
899 3020 996 3084 IV,
1034 3023 1121 3073 97.
1159 3023 1226 3086 V,
1261 3022 1349 3074 20.

783 3188 917 3240 ΟΑΡ.
954 3190 1316 3245 LXXXVIII.

572 3283 764 3342 κάτισὲ
809 3306 866 3341 τε
928 3284 1090 3357 ἐγγὺς
1141 3283 1380 3361 ἑωυτοῦ]
1447 3297 1486 3346 i.
1541 3312 1592 3346 e.

501 3375 666 3425 prope
693 3378 748 3413 se
785 3378 891 3412 eum
924 3363 1165 3433 adsidere
1197 3366 1361 3416 iussit.
1425 3365 1595 3414 Medi-

505 3447 632 3481 eeus
670 3430 807 3482 liber
850 3434 1086 3482 κατεῖσε.
1141 3434 1250 3484 Sed
1295 3433 1421 3484 vide
1460 3436 1596 3484 Bre-

507 3500 633 3552 dov,
682 3517 735 3566 p.
791 3499 913 3562 317,
962 3517 1067 3567 quo
1120 3503 1309 3554 eodem
1357 3503 1493 3554 duce
1539 3520 1595 3567 p.

512 3569 610 3620 186
665 3586 790 3620 mox
848 3572 1044 3636 scripsi
1100 3571 1432 3637 προμηθείῃ
1483 3573 1593 3637 'pro

507 3639 656 3703 vulg.
679 3638 1012 3706 προμηθι’ῃ;
1036 3642 1149 3692 vid.
1177 3647 1316 3693 nott.
1340 3642 1409 3693 ad
1433 3643 1478 3705 Ι,
1505 3644 1592 3693 54.

572 3702 950 3771 ἆπεθώυμαζέ
1000 3724 1058 3758 τε
1114 3702 1318 3777 ὁρέων]
1371 3713 1594 3761 Homeri

509 3791 574 3824 ex
612 3792 714 3826 usu
750 3777 886 3826 haec
914 3778 1138 3830 fluxisse
1173 3786 1358 3831 monet
1382 3781 1597 3831 Wesse-

506 3843 640 3908 ling.
679 3860 1000 3908 comparans
1045 3848 1134 3899 Ili.
1180 3851 1380 3913 XXIV,
1417 3849 1538 3901 629.

579 3911 818 3976 συννοίῃ
865 3905 1151 3980 ἐχόμενος]
1199 3918 1236 3968 i.
1300 3935 1346 3969 e.
1405 3921 1596 3984 coyita-

508 3979 718 4040 ὺιιηᾱιιε,
752 3981 1046 4032 obstrictus
1072 3986 1230 4050 quasi
1262 3989 1597 4052 cogitatione

510 4063 848 4125 ac'pressns.
885 4050 1070 4115 Supra·
1109 4053 1162 4114 Ι,
1212 4054 1278 4105 35
1325 4055 1596 4123 συμφορῇ

508 4106 792 4180 ἔχομενος.
844 4118 897 4179 Ι,
955 4120 1047 4170 141
1106 4113 1248 4186 ὀργῇ
1304 4114 1589 4187 ἐχόμενος.

509 4185 624 4245 ΙΙΙ,
674 4185 742 4235 50
777 4182 949 4253 θυμῷ
984 4177 1268 4252 ἐχόμενος.
1316 4190 1461 4241 Alibi
1498 4195 1592 4243 ad-

510 4253 687 4302 iunxit
723 4252 909 4304 dativo
948 4258 1402 4321 praepositionem
1426 4255 1503 4322 ἐν,
1531 4266 1594 4312 ut

510 4322 617 4383 IV,
657 4322 749 4372 131
801 4313 862 4372 ἐν
908 4315 1184 4390 ἀπορίῃσι
1233 4325 1445 4393 εἴχετος
1494 4332 1593 4396 IX,

508 4389 598 4442 98.
634 4389 761 4440 Alia
794 4405 935 4442 nunc
970 4393 1180 4464 omitto.

1688 2331 1977 2394 Excerpsit
2013 2330 2149 2379 haec
2171 2330 2444 2380 Diodorus
2472 2326 2685 2381 Siculus
2717 2328 2771 2375 in

1687 2402 1970 2463 Excerptt.
2042 2403 2092 2462 §-
2156 2400 2244 2450 30.
2305 2402 2371 2451 Τ.
2434 2400 2521 2450 11.
2582 2412 2638 2461 Ρ.
2702 2396 2772 2446 26

1690 2469 1914 2533 Scriptt.
1968 2483 2091 2519 nott.
2132 2467 2255 2519 coll.
2315 2470 2401 2519 ed.
2460 2468 2591 2518 Mai.
2665 2465 2772 2515 Pro

1688 2530 1955 2603 ἰδόμενος
1992 2538 2129 2588 liber
2160 2537 2510 2589 Florentinus
2557 2527 2774 2599 εἰδόμε-

1688 2622 1805 2668 νος,
1845 2607 2115 2657 Diodorus
2150 2606 2187 2656 l.
2226 2608 2264 2659 1.
2301 2599 2462 2658 ἰδών.
2523 2605 2629 2657 Sed
2664 2607 2776 2655 He-

1691 2677 1944 2738 rodotus,
2000 2683 2063 2726 ut
2112 2682 2335 2740 poetae,
2395 2671 2625 2726 ἰδέσθαι
2675 2690 2773 2739 pro

1690 2741 1840 2795 ἰδεῖν
1872 2747 2183 2810 usurpavit:
2221 2748 2365 2813 quod
2401 2745 2647 2796 omnibus
2665 2745 2773 2793 Hc-

1690 2815 1929 2865 rodoteis
1966 2815 2100 2865 locis
2136 2815 2321 2865 allatis
2358 2818 2625 2865 monstrat
2647 2815 2774 2864 Bre-

1693 2884 1816 2934 dov.
1856 2900 1909 2948 p.
1948 2884 2067 2935 305.
2116 2886 2258 2936 Add.
2298 2885 2407 2946 111,
2439 2887 2492 2937 6.
2533 2884 2616 2934 12.

1754 2941 1820 3002 Ὦ
1843 2950 2089 3019 βασιλεῦ,
2111 2947 2366 3018 κότερον]
2386 2956 2634 3005 Recentt.
2649 2951 2773 3002 edd.

1694 3022 1763 3071 ob
1813 3022 1867 3086 Ι,
1925 3023 1988 3073 91
2051 3022 2297 3089 aliosque
2346 3024 2495 3073 locos
2542 3015 2773 3085 κότερα.

1695 3090 1803 3141 Sed
1848 3107 2033 3142 omnes
2077 3091 2203 3143 libri
2252 3093 2442 3159 scripti
2490 3084 2773 3155 κότερον,

1697 3160 1840 3225 quod
1878 3162 2114 3214 restitui.

1762 3221 1832 3279 τὰ
1879 3228 2060 3279 νοέων
2110 3223 2387 3296 τυγχάνω]
2442 3233 2478 3282 i.
2537 3250 2583 3284 e.
2648 3249 2779 3299 quae
2822 3253 2827 3258 ·

1694 3313 1823 3347 nunc
1851 3300 1992 3362 forte
2026 3302 2233 3350 animum
2265 3301 2399 3350 subit
2428 3305 2683 3366 capitatio,
2710 3334 2780 3341 —

1696 3368 1763 3417 In
1799 3383 1948 3433 seqq.
1985 3385 2106 3418 cum
2131 3369 2441 3420 Gaisfordio
2465 3373 2779 3437 scripsimus

1696 3427 1756 3485 ἐν
1791 3435 1871 3502 τῷ
1909 3430 2177 3503 παρεόντι
2222 3431 2361 3503 χρὴ,
2398 3440 2491 3490 ubi
2528 3441 2777 3506 Schwgh.

1696 3506 1992 3584 secpndnm
2046 3507 2212 3557 libros
2272 3509 2535 3573 quosdam
2598 3510 2783 3561 omisit

1696 3588 1907 3693 193⁰&AE
1951 3634 2131 3694 αὐτὸν
2174 3634 2400 3711 εἰρώτα]
2447 3638 2652 3711 εἰρώτα
2697 3651 2781 3697 est
2828 3645 2849 3668 ⁸

1696 3712 1885 3763 Ionica
1934 3713 2239 3778 imperfecti
2283 3713 2486 3777 forma,
2529 3714 2780 3779 neglecto

1697 3787 2007 3847 aug-mento,
2046 3783 2132 3834 Cf.
2173 3782 2406 3834 Bredov.
2444 3799 2496 3846 p.
2536 3785 2655 3838 147.
2714 3785 2780 3834 In
2878 3829 2883 3835 .

1696 3867 1847 3917 seqq.
1894 3852 1962 3901 ob
2019 3851 2277 3902 librorum
2323 3853 2781 3916 praestantiorum

1697 3935 2021 3971 consensum
2078 3921 2276 3972 retinui
2337 3917 2632 3984 διαφορέει
2682 3937 2780 3985 pro

1695 3987 2057 4052 διαφθορέει,
2088 3991 2233 4056 quod
2256 3988 2324 4039 ab
2350 3990 2628 4044 Herodoto
2651 3990 2782 4040 slie-

1695 4073 1821 4108 num
1868 4074 1990 4108 esse
2046 4059 2156 4110 iam
2214 4059 2401 4116 docuit
2447 4058 2779 4122 wesseling.

1694 4128 1844 4178 Diss.
1880 4128 2084 4179 Herod.
2133 4129 2230 4194 IX,
2272 4130 2324 4179 2.
2375 4145 2428 4194 p.
2478 4128 2563 4180 94.
2638 4127 2778 4179 Add.

1692 4196 1926 4247 Bredov,
1962 4212 2016 4261 p.
2054 4197 2141 4249 33.

1763 4256 1905 4313 ἀλλὰ
1940 4263 2189 4329 φέρουσί
2217 4281 2275 4316 τε
2324 4262 2419 4316 καὶ
2468 4256 2670 4331 ἄγουσι
2714 4257 2785 4314 τὰ

1699 4324 1790 4396 σᾶ]
1835 4322 1995 4396 ἄγειν
2033 4329 2132 4384 καὶ
2178 4333 2378 4399 φέρειν
2412 4333 2647 4385 formula
2680 4334 2785 4384 Xe·

1696 4397 1959 4464 nophonti
1993 4402 2224 4468 aliisque
2256 4404 2478 4455 Graecis
2513 4403 2786 4466 scriptori·
2826 4397 2835 4407 ’
