3109 5092
342 746 415 807 19
434 759 687 803 νεικαν.

432 353 512 413 42
1301 343 1835 406 HERODOTI

426 523 659 615 ὁμοῖον
708 519 1273 600 ἀνταποδιδόντες
1324 517 1720 608 ἐτιμώρεον·
1793 514 2070 604 καὶγὰρ
2127 512 2211 603 δὴ
2262 516 2592 604 πρότερον
2650 520 2719 585 ὀί

430 627 757 718 Μιλήσιοι
796 641 969 696 τοῖσι
1004 631 1225 695 Χίοισι
1262 622 1383 693 τὸν
1419 621 1585 713 πρὸς
1617 620 2061 711 Ἐρυθραίους
2093 619 2708 711 πόλεμον-συνδιή-

783 734 889 824 Τῷ
923 729 997 799 δὲ
1040 726 1448 821 δυωδεκάτῳ
1479 733 1619 796 ἔτει·
1651 732 1848 814 ληΐου
1884 726 2392 813 ἐμπιπραμένου
2423 718 2559 796 ὑπὸ
2599 731 2716 815 τῆς

431 840 781 927 στρατιῆς,
826 840 1245 921 συνηνείχθη
1282 858 1345 900 τι
1376 830 1642 901 τοιόνδε
1679 830 2001 917 γενέσθαι
2038 834 2341 916 πρῆγμα·
2394 824 2484 908 ὥς
2518 824 2713 919 ἅφθη

430 939 702 1028 τάχιστα
734 935 808 1007 τὸ
847 936 1037 1027 λη’ϊον
1056 989 1074 1021 ,
1111 934 1336 1028 ἆνέμῳ
1367 934 1706 1023 βιώμενον
1734 929 1949 1016 ἅψατο
1979 936 2152 1020 νηοῦ
2179 928 2541 1019 Ἀθηναίης
2568 937 2713 1003 ἐπί-

432 1053 672 1132 κλησιν
706 1039 1074 1130 Ἀσσησίης.
1141 1036 1392 1127 ἆφθεὶς
1429 1039 1504 1109 δὲ
1543 1034 1580 1108 ὁ
1626 1035 1783 1126 νηὸς
1824 1035 2233 1123 κατεκαύθη.
2295 1037 2407 1104 καὶ
2433 1033 2506 1104 τὸ
2544 1064 2714 1128 παρ-

432 1153 676 1217 αυτίκα
709 1144 837 1233 μὲν
872 1145 1069 1232 λόγος
1103 1140 1331 1221 οὐδεὶς
1361 1145 1663 1231 ἐγένετο·
1720 1139 1884 1230 μετὰ
1916 1140 1992 1209 δὲ
2012 1191 2031 1225 ,
2069 1143 2185 1228 τῆς
2219 1144 2530 1227 στρατιῆς
2559 1137 2715 1211 ἄπι-

433 1254 718 1340 κομένης
765 1251 830 1329 ἐς
871 1248 1164 1337 Σάρδις,
1220 1245 1499 1336 ἐνόσησε
1552 1240 1590 1315 ὁ
1637 1242 2014 1333 Ἀλυάττης.
2082 1246 2491 1333 μακροτέρης
2535 1248 2616 1315 δέ
2658 1251 2728 1314 οἱ

431 1354 799 1444 γενομένης
833 1356 951 1440 τῆς
993 1349 1278 1435 νούσου,
1327 1354 1571 1439 πέμπει
1615 1351 1680 1428 ἐς
1716 1346 2033 1435 Δελφοὺς
2072 1344 2535 1435 θεοπρόπους,
2586 1358 2720 1418 εἴτε

435 1456 520 1546 δὴ
561 1453 1196 1544 συμβουλεύσαντός
1230 1480 1383 1539 τευ,
1434 1464 1567 1524 εἴτε
1610 1453 1721 1521 καὶ
1777 1448 1961 1545 αὐτῷ
2001 1453 2185 1533 ἔδοξε
2217 1453 2568 1540 πέμψαντα
2603 1448 2722 1521 τὸν

432 1559 604 1631 θεὸν
642 1561 1034 1647 ἐπείρεσθαι
1080 1559 1234 1646 περὶ
1282 1562 1399 1644 τῆς
1439 1557 1709 1627 νούσου.
1775 1571 1945 1626 τοῖσι
1994 1554 2079 1625 δὲ
2119 1550 2161 1644 ἡ
2195 1561 2434 1643 Πυθίη
2481 1552 2718 1625 ἀπικο-

436 1667 697 1753 μένοισι
751 1665 817 1742 ἐς
856 1659 1174 1750 Δελφοὺς
1221 1657 1347 1730 οὐκ
1387 1667 1517 1750 ἔφη
1556 1658 1866 1749 χρήσειν,
1921 1661 2085 1749 πρὶν
2133 1651 2174 1749 ἢ
2223 1654 2343 1728 τὸν
2392 1654 2560 1746 νηὸν
2607 1666 2726 1749 τῆς

426 1767 792 1855 Ἀθηναίης
834 1763 1318 1855 ἀνορθώσωσι,
1371 1763 1491 1834 τὸν
1547 1766 1925 1852 ἐνέπρησαν
1972 1760 2191 1852 χώρης
2233 1768 2349 1851 τῆς
2383 1770 2726 1853 Μιλησίης

347 1885 427 1947 20
447 1876 522 1943 ἐν
555 1869 874 1962 Ἀσσησῷ.
941 1874 1239 1956 Δελφῶν
1272 1867 1424 1938 οἶδα
1467 1864 1599 1956 ἐγώ
1630 1863 1806 1936 οὕτω
1842 1864 2132 1945 ἀκούσας
2172 1868 2515 1952 γενέσθαι.
2580 1875 2722 1937 Μι-
2753 1888 2819 1940 10

439 1974 657 2063 λήσιοι
692 1974 768 2043 δὲ
800 1973 959 2042 τάδε
998 1982 1421 2063 προστιθεῖσι
1458 1974 1785 2042 τούτοισι·
1866 1976 2299 2061 Περίανδρον
2338 1966 2457 2040 τὸν
2489 1975 2723 2053 Κυψέ-

440 2088 597 2163 λου,
646 2076 842 2147 ἐόντα
873 2075 1336 2169 Θρασυβούλῳ
1383 2082 1476 2170 τῷ
1525 2075 1676 2146 τότε
1709 2074 2023 2164 Μιλήτου
2063 2072 2551 2161 τυραννεύοντι
2593 2078 2723 2157 ξεῖ-

441 2249 528 2298 Tn
564 2244 1045 2296 vid.Mattl1.Gr.
1086 2244 1181 2294 Gr.
1220 2242 1272 2304 §-
1316 2245 1437 2306 624,
1476 2244 1529 2307 3,

441 2317 493 2449 ξ.
530 2331 667 2449 plag.
689 2314 868 2436 21271.
909 2320 966 2364 ot
1012 2313 1267 2364 Knehner
1301 2314 1395 2366 Gr.
1425 2281 1553 2367 ’ἴθι

829 2554 963 2607 Car.
1003 2554 1157 2606 XIX.

514 2650 704 2725 ἀνέμῳ
762 2649 1047 2738 βιώμενον
1105 2644 1298 2723 αψατο
1356 2656 1530 2725 νηοῦ]

446 2729 657 2781 Pendet
716 2743 750 2777 a
802 2719 867 2775 τὸ
927 2720 1121 2792 λήϊονε
1179 2738 1378 2794 segetes
1429 2745 1536 2779 cum

444 2800 599 2850 semel
635 2801 873 2849 incensae
907 2806 1103 2855 essent,
1151 2803 1289 2849 venti
1331 2801 1390 2849 vi
1421 2815 1538 2849 coa-

445 2877 561 2918 ctae
586 2882 632 2917 a.
662 2868 890 2929 agitatae
914 2869 1269 2929 corripuerunt
1292 2872 1538 2931 templum.

447 2938 538 2987 Sic
565 2935 789 2985 verbum
813 2929 1055 2999 βιᾶσθαι
1077 2937 1302 2998 passiva
1319 2938 1542 2987 notione

448 3004 594 3070 apnd
626 3003 886 3052 Nostrum
919 3003 1048 3065 VII,
1084 3003 1173 3055 83.

516 3063 813 3135 ἐπίκλησιν
875 3040 1188 3136 Ἀσσησίης]
1270 3074 1336 3123 Ιιι
1401 3088 1537 3124 voco

438 3134 732 3206 Ἀσσησίης
781 3142 1111 3191 conveniunt
1165 3142 1357 3207 scripti
1409 3143 1537 3193 libri

447 3211 686 3291 plurimi.
724 3211 789 3259 In
822 3209 930 3261 fine
964 3211 1162 3275 eapitis
1197 3212 1401 3278 legitur
1424 3204 1539 3261 Ἀσ-

451 3272 650 3346 σησός,
719 3280 829 3329 vioi
900 3297 945 3331 s.
1020 3280 1264 3346 oppiduli
1323 3298 1540 3344 nomon,

449 3351 595 3403 undo
641 3350 747 3400 dea
791 3365 1091 3416 cognomen
1132 3350 1389 3401 Assosiae
1435 3358 1544 3402 tra-

448 3422 610 3473 xerit.
680 3419 849 3471 Plura
894 3435 1006 3470 non
1056 3424 1333 3474 constant.
1380 3421 1545 3472 Conf.

451 3490 713 3556 Stephan.
743 3490 977 3554 Byzant.
1017 3506 1063 3542 a.
1101 3507 1157 3542 V.
1191 3481 1455 3554 Ἀσσησὸς
1492 3494 1548 3541 et

449 3560 713 3626 Polyaen.
752 3560 993 3625 Stratog.
1031 3561 1131 3623 VI,
1162 3562 1252 3612 47.
1288 3560 1547 3612 Parthen.

450 3632 609 3681 Erot.
635 3631 718 3679 14.
745 3629 961 3680 Nioolai
979 3631 1240 3682 Damaso.
1259 3633 1545 3695 Excerptt.

451 3698 625 3764 12388
639 3698 734 3761 (T.
752 3699 866 3749 111.
875 3700 1151 3763 Fragmm.
1172 3701 1302 3752 hist.
1319 3702 1544 3753 Graeco.

454 3767 540 3817 od.
579 3766 851 3833 Mueller).

525 3835 593 3885 In
628 3849 942 3899 seqq.ou1n
973 3842 1201 3889 reoentt.
1242 3838 1461 3902 reposui
1486 3828 1551 3886 τὸ

453 3902 779 3965 παραυτίκα
825 3904 1141 3955 disiunotim
1194 3922 1293 3971 pro
1338 3921 1549 3969 τοπαρ-

450 3971 685 4033 αυτίκα,
737 3972 883 4036 quod
914 3973 973 4021 in
999 3973 1147 4024 haud
1162 3975 1353 4039 paucis
1384 3975 1547 4024 istius

454 4041 603 4092 modi
648 4038 1019 4092 locutionibus
1073 4058 1173 4093 noa
1220 4059 1431 4107 sempor
1467 4044 1548 4093 fe-

456 4113 616 4171 oisso,
644 4109 812 4160 semol
850 4111 937 4161 hic
974 4112 1251 4163 monuisse
1287 4111 1547 4163 sufficiat.

526 4177 637 4229 εἴτε
672 4174 768 4229 καὶ
814 4171 974 4245 αυτῷ
1020 4173 1183 4242 ἔδοξε
1219 4178 1547 4246 πέμψαντα]

456 4252 746 4302 Sti-notura
826 4250 1125 4315 participii,
1211 4266 1375 4316 quam
1457 4250 1551 4314 qni

459 4319 814 4386 ignorabant,
872 4318 1179 4370 maluerunt
1242 4313 1550 4383 πέμψαντι,

460 4404 633 4452 nuno,
690 4388 907 4454 opinor,
974 4390 1239 4441 nominem
1295 4388 1548 4441 offendet.

1617 2245 1814 2327 Supra
1869 2244 1916 2307 1,
1974 2245 2035 2296 3:
2100 2259 2250 2294 ουτω
2310 2232 2385 2305 δὴ
2428 2273 2499 2282 —-
2543 2244 2733 2292 τοῖσι

1617 2261 1916 2394 ’Έῖλησι
1927 2305 2128 2395 δόξαι,
2157 2309 2389 2395 πρῶτον
2425 2308 2732 2373 πέμψαν-

1635 2400 1756 2440 τας
1802 2373 2103 2446 ἆγγέλους,
2151 2375 2464 2432 ἀπαιτέειν.
2501 2380 2640 2431 Add.
2683 2382 2732 2444 Ι,

1637 2454 1724 2505 37.
1772 2453 1851 2514 11,
1900 2452 2019 2505 151.
2067 2453 2164 2514 IV,
2214 2452 2302 2503 81.
2354 2451 2420 2512 V,
2480 2450 2582 2501 109
2625 2455 2735 2503 otc.

1638 2519 2572 2583 0011.Matth.Gr.G1-.g.536
2613 2525 2730 2571 not.

1642 2611 1695 2659 p
1709 2659 1849 2726 πρὶν
1867 2650 1926 2742 ,ἦ
1958 2652 2064 2711 τὸν
2112 2650 2257 2723 νηὸν
2292 2654 2395 2721 τῆς
2423 2646 2735 2722 Ἀθηναίης

1638 2724 2045 2811 ἀνορθώσωσι]
2094 2728 2353 2781 Codicum
2398 2726 2738 2791 quorundam

1641 2804 1932 2855 lectionem
1966 2790 2209 2862 ἀνορθώ
2219 2811 2251 2847 σ
2264 2811 2293 2846 o
2307 2812 2343 2846 υ
2355 2809 2387 2845 σ
2399 2812 2420 2845 ι
2455 2797 2736 2862 amplexus

1646 2879 1732 2925 ost
1768 2873 1979 2937 Stoger.
2024 2868 2268 2919 Praefat.
2313 2882 2440 2931 pag.
2485 2868 2563 2928 X,
2615 2883 2738 2918 cnm

1647 2942 1850 3007 alioqui
1885 2938 2199 2991 Herodotus
2238 2936 2582 2987 coniunctivo
2618 2953 2740 3001 par-

1646 3012 1873 3062 ticulam
1928 3024 2003 3058 αν
2050 3006 2133 3072 (nt
2173 3005 2735 3071 1‚82.159.197.

1642 3081 1761 3132 198.
1800 3079 1911 3141 ΙΙΙ,
1960 3077 2079 3129 109.
2125 3079 2194 3139 V,
2244 3071 2374 3139 106)
2418 3075 2741 3131 addidisset.

1640 3152 1757 3202 Neo
1783 3155 1966 3200 tamon
1999 3148 2132 3198 mihi
2165 3144 2258 3196 illo
2278 3145 2572 3209 persuasit.
2610 3147 2738 3202 Vid.

1642 3219 1843 3270 Matth.
1881 3222 1932 3282 §-
1982 3219 2104 3278 522,
2155 3217 2207 3266 d.
2255 3218 2370 3266 not.
2422 3230 2549 3279 pag.
2604 3216 2741 3270 1012

1646 3289 1769 3340 coll.
1820 3303 1949 3353 pag.
1989 3286 2120 3336 1011
2173 3291 2228 3335 et
2273 3299 2418 3351 quae
2447 3285 2633 3335 monui
2667 3289 2737 3338 ad

1647 3357 1927 3411 Plutarch.
1966 3355 2302 3421 Philopoem.
2339 3371 2393 3419 p.
2432 3354 2519 3403 22.

2046 3526 2179 3579 Cu».
2216 3529 2336 3579 XX.

1723 3623 1858 3681 οἴδα
1877 3661 1948 3669 -
1970 3618 2242 3695 ἀκούσας]
2275 3630 2440 3682 Haud
2475 3648 2600 3684 raro
2627 3651 2745 3685 vor-

1654 3702 1783 3751 bum
1820 3692 1956 3749 οἶδα
2003 3698 2148 3763 apud
2192 3700 2534 3752 Herodotum
2580 3709 2748 3769 atque

1653 3770 1988 3821 Pausaniam
2046 3769 2127 3819 ita
2184 3770 2427 3821 iunctum
2481 3775 2749 3838 reperitur

1658 3841 1852 3890 aoristi
1883 3839 2218 3903 participiis,
2269 3839 2446 3904 iisque
2487 3841 2544 3891 in
2581 3846 2750 3894 nomi·

1658 3909 1847 3959 nativo
1891 3908 2113 3972 positis,
2161 3912 2224 3956 ut
2267 3908 2420 3959 reddi
2465 3911 2580 3962 fore
2626 3929 2749 3978 pos-

1658 3979 1755 4028 ait.
1790 3979 1995 4028 memmi.
2036 3976 2267 4027 Notavit
2290 3978 2491 4031 Siobol.
2514 3982 2586 4031 ad
2609 3984 2751 4034 Pan-

1653 4062 1772 4098 san.
1813 4048 1859 4109 Ι,
1896 4047 1982 4105 23,
2019 4045 2071 4096 8.

1724 4110 1892 4166 ἔοντα
1928 4082 2317 4192 Θρασυβούλῳ
2357 4113 2438 4181 τῷ
2471 4108 2598 4167 τότε
2633 4119 2752 4168 Μι-

1653 4177 1832 4248 λήτου
1872 4174 2284 4247 τυραννεύοντι
2330 4182 2544 4251 ξεινον]
2598 4189 2752 4251 Qnao

1654 4258 1712 4305 ot
1748 4255 1924 4319 qualis
1960 4252 2301 4305 Milesiorum
2337 4255 2504 4304 fuerit
2540 4271 2628 4305 res
2655 4272 2750 4320 pu-

1653 4324 1827 4387 bliea,
1865 4339 1974 4375 non
2020 4323 2159 4373 satis
2196 4328 2435 4375 constat.
2509 4324 2619 4374 Sed
2655 4326 2751 4377 flu-

1654 4398 1872 4444 etuasse
1907 4392 2056 4443 illam
2093 4392 2240 4444 hand
2276 4393 2437 4444 aliter
2469 4398 2637 4460 atquo
2671 4412 2753 4448 re-
