3109 5092
459 344 584 409 458

1331 352 1872 417 HERODOTI

461 537 740 618 εἴρηται.
798 524 967 614 φέρε
995 524 1072 595 δὲ
1096 531 1229 596 νῦν
1253 530 1368 597 καὶ
1392 525 1656 598 αὐτοῖσι
1686 534 2142 616 Αἰγυπτίοισι,
2170 523 2259 609 ὥς
2290 534 2448 617 ἔχει,
2481 528 2743 618 φράσω.

460 642 530 701 εἴ
566 652 689 719 σφι
746 627 1093 718 ἐθελήσει,
1159 626 1246 711 ὦς
1299 633 1412 701 καὶ
1463 631 1794 722 πρότερον
1838 632 2066 716 εἷπον,
2112 627 2153 721 ἡ
2194 631 2375 721 χώρη
2418 627 2459 721 ἡ
2498 638 2742 722 ἔνερθε

459 732 778 823 Μέμφιος
807 730 1007 821 (αὕτη
1036 733 1165 822 γάρ
1196 737 1333 805 ἐστι
1365 730 1405 826 ἡ
1434 733 1886 825 αὐξανομένη)
1918 733 2085 805 κατὰ
2114 734 2318 821 λόγον
2350 741 2474 806 τοῦ
2501 761 2739 825 παροι-

458 841 747 927 χομένου
777 836 1025 928 χρόνον
1052 840 1118 919 ἐς
1145 835 1317 920 ὕψος
1342 835 1778 924 αὐξάνεσθαι,
1807 838 1971 909 ἄλλο
1992 867 2053 907 τι
2082 834 2124 927 ἢ
2150 844 2220 908 oc
2239 839 2451 928 ταύτῃ
2480 844 2739 912 οἰκέον-

457 970 565 1023 τες
582 947 979 1029 Αἰγυπτίων
1007 941 1424 1031 πεινήσουσι,
1458 950 1522 1012 εἰ
1547 943 1710 1032 μήτε
1740 971 1816 1030 γε
1843 940 2081 1011 υσεταί
2099 963 2223 1030 σφι
2244 939 2285 1029 ἡ
2315 942 2518 1031 χώρη,
2545 943 2711 1033 μήτε
2732 962 2831 1014 110

458 1042 495 1116 ὁ
525 1043 817 1134 ποταμὸς
848 1039 1077 1124 οἷός’
1015 1073 1050 1113 τ
1115 1052 1298 1115 ἔσται
1328 1050 1393 1127 ἐς
1421 1074 1536 1126 τας
1568 1044 1863 1137 ἀρούρας
1895 1042 2359 1134 ὑπερβαίνεινς
2389 1038 2481 1114 Η
2500 1044 2628 1134 γὰρ
2658 1044 2742 1136 δὴ
2843 1136 2847 1139 .

457 1155 590 1221 νῦν
622 1175 700 1236 γε
737 1138 920 1218 οὗτοι
962 1144 1423 1238 ἀπονητότατα
1466 1147 1730 1239 καρπὸν
1765 1158 2143 1239 κομίζονται
2183 1152 2256 1217 ἐκ
2299 1154 2453 1237 γῆς,
2494 1156 2633 1219 τῶν
2668 1177 2741 1218 τε

458 1352 546 1403 28.
585 1352 672 1404 50.
715 1353 842 1411 151;
883 1349 949 1400 de
980 1352 1202 1416 passivo
1230 1341 1438 1403 ὕεσθαι
1465 1357 1544 1402 at-

461 1421 560 1472 tuli
597 1421 749 1471 locos
787 1420 857 1471 ad
891 1421 937 1482 Ι,
981 1420 1109 1483 193ς
1162 1421 1228 1472 de
1264 1423 1428 1473 medii
1465 1423 1545 1472 fu-

459 1497 612 1554 tur0,
661 1490 805 1555 quod
852 1491 1076 1555 passivo
1124 1507 1289 1542 sensu
1326 1491 1546 1542 adhibe·

419 1563 426 1574 ⁵
458 1566 573 1622 tur,
613 1565 667 1610 et
703 1559 758 1609 h.
794 1560 834 1610 lv
870 1565 924 1610 et
955 1576 1077 1624 cap.
1118 1561 1206 1622 14,
1246 1562 1402 1626 plura
1438 1562 1546 1611 dis-

460 1630 628 1681 seruit
664 1631 868 1680 lanson
906 1630 962 1678 in
997 1630 1228 1681 Jahn-bb.
1269 1633 1311 1684 f.
1347 1631 1546 1681 Philol.

459 1716 513 1751 u.
563 1699 806 1765 Paedag.
863 1698 1052 1763 Suppl.
1106 1700 1257 1752 XIX.
1314 1717 1369 1767 p.
1424 1701 1547 1752 519.

458 1769 648 1832 Plato,
686 1773 750 1819 ut
779 1768 1045 1819 Valcken.
1080 1774 1266 1832 notat,
1305 1777 1347 1822 t.
1376 1771 1454 1821 11.
1493 1788 1544 1834 p.

459 1839 646 1892 761Α.
684 1839 881 1891 84-1Α.
920 1839 1025 1889 ῙΙῙ.
1065 1856 1117 1904 p.
1145 1841 1327 1892 1110.
1368 1858 1547 1920 aquam

456 1911 689 1987 pluviam
720 1908 859 1958 dixit
909 1898 979 1957 τὰ
1022 1899 1081 1959 ἔτι
1119 1901 1259 1967 Διὸς
1308 1927 1353 1960 s.
1393 1902 1548 1974 παρὰ

459 1977 562 2030 τοῦ
591 1971 732 2034 Διὸς
767 1967 976 2034 υδατα,
1017 1970 1085 2028 τὰ
1123 1969 1181 2028 ἐκ
1205 1972 1346 2037 Διὸς
1383 1974 1547 2030 ἰόντα

460 2040 698 2112 νάματα.
737 2079 805 2088 —
838 2049 921 2098 De
958 2040 1046 2098 ὅτι
1082 2040 1159 2112 μὴ
1196 2050 1340 2100 conf.
1378 2050 1424 2112 Ι,
1466 2050 1545 2101 18.

849 2287 982 2338 (ἺΑΡ.
1020 2288 1168 2339 XIV.

530 2389 592 2442 εἴ
627 2404 728 2455 σφι
771 2379 1049 2456 ἐθελήσει]
1103 2392 1378 2443 Revocsvi
1424 2382 1550 2443 ἕθε-

460 2454 641 2528 λήσει,
691 2460 831 2526 quod
872 2460 1266 2527 Wesselingius
1309 2461 1551 2524 dederat,

460 2551 495 2585 a
533 2531 837 2596 Schweigh.
892 2536 948 2580 et
995 2532 1171 2583 Gaias.
1223 2534 1552 2582 auctoritate

460 2601 721 2663 Medicei‚
758 2600 1087 2665 Florentini,
1123 2601 1351 2652 aliorum
1390 2602 1547 2655 codd.

462 2676 728 2725 mutatum
759 2671 816 2720 in
851 2667 1044 2734 θέλοι,
1085 2672 1237 2722 cuins
1272 2671 1393 2720 loco
1417 2673 1550 2722 Din-

463 2743 590 2794 dorf
622 2746 677 2790 et
697 2739 925 2791 Dietsch
960 2741 1225 2791 dederunt
1254 2731 1446 2790 ἐθέλοι
1484 2757 1551 2791 es

463 2830 530 2864 ex
573 2812 718 2876 lege,
770 2826 837 2860 ex
880 2826 989 2875 qua
1034 2810 1372 2861 Herodotum
1417 2827 1552 2862 nun·

463 2897 624 2947 quam
662 2875 887 2941 θέλειν,
935 2880 1031 2929 sed
1085 2896 1294 2945 semper
1328 2870 1551 2930 ἐθέλειν

464 2950 750 3014 scripsisse
810 2948 1026 2998 volunt.
1088 2951 1160 2999 cf.
1209 2950 1444 3000 Bredov.
1492 2967 1547 3015 p.

469 3020 585 3078 117,
612 3018 704 3082 qui
729 3017 848 3081 ipse
872 3018 1068 3082 probat
1091 3010 1366 3083 ἐθελήσει,
1406 3019 1549 3084 quod

465 3088 597 3139 mihi
631 3086 767 3136 locis
803 3087 1033 3150 geminis
1059 3037 1547 3150 11‚11.99.1q32.

468 3156 568 3210 109
589 3155 713 3206 coll.
739 3156 870 3216 VII,
896 3155 964 3206 49
985 3158 1120 3206 satis
1142 3158 1550 3221 comprobatum

463 3226 706 3284 videtum
753 3228 810 3274 in
850 3225 1044 3290 quibus
1093 3241 1233 3291 quae
1279 3227 1353 3275 sit
1397 3228 1552 3277 verbi

465 3297 578 3359 vis,
616 3295 900 3358 attigimus
936 3294 1003 3344 sd
1039 3296 1094 3358 1,
1135 3295 1200 3346 32
1237 3301 1292 3346 et
1327 3296 1548 3358 11,11;

465 3368 532 3417 de
572 3366 754 3416 futuro
795 3365 868 3414 cf.
907 3365 1174 3416 Matthiae
1215 3366 1307 3416 Gr.
1349 3366 1440 3417 Gr.
1495 3383 1549 3432 p.

469 3436 602 3488 1017
639 3451 754 3499 seq.
808 3439 866 3484 et
900 3435 969 3484 sd
1012 3424 1145 3483 αλλο
1181 3451 1233 3484 τι
1276 3452 1312 3499 η
1344 3437 1551 3500 (nonne)

465 3521 630 3572 supra
665 3506 709 3567 Ι,
741 3504 858 3555 109.
894 3502 1317 3569 παροιχομένου
1352 3505 1554 3556 retinui

467 3592 587 3627 cum
611 3574 845 3625 Bredov.
874 3591 928 3640 p.
949 3574 1052 3626 312
1072 3590 1171 3640 pro
1198 3574 1337 3624 falso
1362 3590 1553 3643 παρῳ-

466 3642 736 3722 χημένου.

538 3708 592 3763 εἰ
632 3705 769 3777 μήτε
807 3727 867 3777 γε
913 3701 1112 3763 υσεταί
1154 3726 1256 3777 σφι
1293 3703 1328 3776 ἡ
1369 3702 1549 3778 χώρη]

466 3787 549 3836 De
582 3783 818 3833 lectione
846 3799 989 3834 nunc
1022 3784 1278 3833 restituta
1309 3781 1445 3832 nihil
1476 3783 1555 3832 di-

468 3868 589 3903 cere
608 3852 834 3912 attinet3
861 3851 968 3901 de
953 3867 1074 3915 ipss.
1093 3852 1367 3903 sententis
1394 3867 1553 3917 quse·

468 3921 592 3971 dam
630 3920 830 3970 addere
865 3921 1036 3970 iuvat.
1108 3921 1356 3985 Namque
1381 3922 1553 3971 Hero-

469 3990 630 4040 dotus
682 3990 738 4038 in
791 4005 858 4039 es.
910 3990 1022 4039 fere
1075 3991 1325 4053 opinione
1379 3991 1552 4041 fuisse

469 4059 716 4118 videtur,
761 4058 1066 4122 Aegyptum
1102 4059 1301 4122 pluviis
1346 4075 1451 4109 non
1485 4061 1556 4108 ir-

469 4127 657 4192 rigari.
730 4126 905 4186 Quam
954 4127 1177 4177 eandem
1228 4129 1553 4178 sententiam

469 4212 576 4246 non
601 4193 773 4244 solum
795 4199 1006 4244 veteres
1032 4196 1292 4259 quosdam
1315 4199 1556 4247 tenuisse

472 4264 642 4326 (conf.
681 4263 759 4313 Is.
797 4265 956 4314 Voss.
1007 4264 1075 4311 sd
1123 4265 1384 4329 Pompon.
1425 4267 1552 4316 Mel.

469 4336 516 4397 1,
552 4335 585 4385 9
625 4331 797 4395 init.),
844 4347 1030 4382 verum
1083 4333 1246 4382 etiam
1295 4337 1558 4386 recentio-

469 4405 545 4457 ris
590 4403 790 4454 aetatis
842 4403 1279 4470 peregrinatores
1329 4403 1554 4469 aliquot,

1647 1353 1915 1403 neminem
1973 1350 2144 1416 fugit,
2202 1365 2531 1416 quamquam
2595 1353 2740 1403 omni

1648 1421 1751 1472 hoc
1790 1422 1955 1471 dubio
1993 1426 2160 1484 caret,
2192 1421 2503 1486 Aegyptum
2540 1421 2741 1486 pluviis

1649 1507 1863 1557 quoque
1901 1489 2129 1541 coelitus
2179 1491 2360 1540 missis
2410 1491 2627 1558 irrigari
2662 1491 2741 1541 id-

1651 1577 1757 1626 que
1815 1560 1983 1611 certis
2038 1560 2355 1626 plerumque
2410 1561 2743 1625 temporibus

1651 1630 1767 1680 fieri
1819 1647 1919 1680 nec
1956 1646 2063 1681 uno
2120 1629 2417 1695 eodemque
2466 1632 2745 1682 modone

1653 1706 1893 1765 tempore
1931 1716 2025 1765 per
2050 1714 2234 1750 omnes
2264 1700 2502 1765 Aegypti
2537 1705 2742 1765 partes.

1649 1771 2071 1835 Frequentiores
2107 1769 2249 1820 enim
2281 1770 2480 1820 imbres
2516 1770 2572 1819 in
2607 1771 2746 1822 infe-

1650 1841 1782 1891 riori
1834 1840 2073 1905 Aegypti
2130 1844 2341 1902 tractu,
2396 1840 2631 1890 rariores
2686 1841 2744 1890 in

1651 1909 1917 1975 superiori
1937 1924 2111 1974 eoque
2134 1909 2402 1972 inprimis,
2430 1911 2523 1974 qui
2546 1926 2580 1960 a
2605 1910 2745 1960 The-

1650 1980 1735 2030 bis
1782 1978 1910 2030 inde
1954 1994 2126 2042 usque
2172 1977 2244 2029 ad
2280 1978 2512 2043 Syenem
2549 1980 2743 2031 tendit.

1653 2050 1819 2100 Plura.
1853 2046 2075 2112 collegit
2097 2048 2424 2100 Hartmann.
2462 2048 2498 2098 1.
2537 2049 2575 2100 l.
2614 2066 2739 2115 pag.

1651 2120 1718 2170 32
1755 2134 1935 2182 seqq.‚
1990 2118 2077 2167 cui
2116 2117 2241 2168 add.
2283 2118 2347 2167 L.
2389 2117 2456 2167 de
2491 2119 2744 2169 Laborde

1651 2189 1706 2237 in
1754 2189 1942 2237 Revue
1995 2186 2256 2250 franceis.
2314 2187 2542 2237 Janvier
2586 2189 2740 2240 1829.

1651 2274 1705 2323 p.
1733 2257 1819 2308 51.
1846 2260 1982 2318 not.,
2009 2256 2121 2306 Ios,
2151 2256 2216 2305 de
2240 2258 2516 2307 Hammer.
2556 2259 2610 2307 in
2639 2259 2744 2308 An-

1652 2325 1785 2377 nall.
1836 2325 2132 2376 Viennensi.
2171 2326 2293 2376 Vol.
2340 2327 2506 2377 XLV.
2551 2344 2606 2392 p.
2654 2329 2741 2390 67,

1654 2395 1829 2446 Ideler
1885 2395 1953 2444 ad
1998 2395 2282 2446 Meteorol.
2341 2401 2477 2446 vett.
2536 2397 2627 2448 Gr.
2689 2403 2745 2447 et

1654 2468 1809 2516 Rom
1848 2479 1902 2527 p.
1945 2463 2063 2515 106.

1725 2523 1760 2599 ἦ
1798 2530 1903 2599 γὰρ
1943 2525 2017 2615 ὃῂ
2042 2530 2151 2583 νῦν
2179 2547 2237 2596 γε
2274 2518 2435 2581 οὗτοι
2458 2524 2743 2597 ἀπονητό-

1654 2619 1793 2653 τατα
1818 2598 2044 2665 καρπὸν
2063 2600 2412 2668 κομίζονται]
2440 2603 2741 2670 Schweigh.

1654 2689 1773 2724 cum
1819 2673 1969 2723 hisce
2016 2676 2298 2736 comparat
2347 2672 2642 2723 Pindarica
2686 2673 2743 2722 in

1655 2743 1872 2808 Olymp.
1922 2742 2008 2802 ΙΙ,
2051 2742 2169 2792 111.
2219 2757 2264 2792 s.
2305 2740 2374 2792 63
2412 2757 2596 2806 seqq..
2648 2744 2742 2792 ubi

1651 2814 1936 2863 beatorum
1985 2812 2261 2861 hominum
2310 2811 2550 2862 conditio
2599 2812 2745 2862 simi-

1652 2883 1757 2933 lem
1796 2883 1851 2931 in
1892 2881 2108 2931 modum
2145 2880 2491 2931 describitur.
2565 2882 2744 2947 Atque

1652 2951 1980 3002 Herodoteis
2012 2949 2214 3000 similis
2249 2949 2485 3015 produnt
2513 2950 2742 3002 Diodor.

1655 3022 1700 3082 1,
1731 3020 1816 3071 36.
1857 3019 2137 3070 Columell.
2175 3019 2243 3069 de
2278 3034 2337 3068 re
2371 3024 2506 3069 rust.
2544 3020 2621 3081 11,
2649 3022 2739 3070 25.

1654 3090 1851 3140 Athen.
1875 3091 1942 3152 V,
1979 3091 2031 3139 8.
2061 3106 2116 3154 p.
2144 3088 2247 3140 203
2277 3088 2337 3138 C.
2411 3089 2519 3139 Sed
2556 3105 2745 3140 recen·

1654 3160 1811 3210 tioris
1847 3160 2051 3208 aetatis
2101 3160 2396 3223 scriptores
2436 3159 2483 3207 si
2529 3160 2741 3222 audias,

1653 3230 1745 3278 vix
1780 3227 1893 3278 ulla
1929 3229 2204 3278 invenitur
2241 3233 2412 3289 terra,
2460 3244 2599 3294 qnae
2634 3244 2742 3293 quo

1654 3298 1864 3348 fructus
1890 3297 2048 3360 ferat,
2078 3298 2254 3361 magis
2277 3297 2554 3347 hominum
2579 3314 2744 3364 opera

1654 3368 1898 3433 indigeat
1921 3383 2081 3433 quam
2111 3369 2411 3432 Aegyptus.
2452 3368 2598 3418 Hinc
2623 3383 2745 3418 ars.-

1653 3443 1739 3487 tro
1783 3453 1919 3501 opus
1976 3437 2208 3501 aliisque
2251 3437 2624 3487 instrumentis
2670 3438 2741 3488 ad

1654 3513 1855 3557 terram
1895 3506 2175 3557 colendam
2214 3510 2269 3556 et
2302 3505 2516 3571 quidem
2554 3508 2742 3557 statim

1653 3581 1780 3642 post
1799 3576 1981 3626 Nilum
2005 3591 2328 3641 regressum,
2355 3591 2423 3624 ne
2450 3575 2622 3626 solnm
2645 3576 2743 3626 flat

1656 3646 1842 3696 durius
1895 3646 2180 3710 minusque
2228 3644 2546 3705 tractabile;
2616 3646 2743 3696 hinc

1658 3715 1918 3765 machinis
1944 3720 2109 3779 atque
2132 3715 2413 3764 canalibus
2440 3729 2593 3779 opus,
2627 3716 2744 3779 qui-

1654 3786 1757 3835 bus
1796 3800 1937 3849 aqua
1973 3800 2071 3849 per
2107 3799 2326 3848 campos
2363 3783 2745 3834 disseminetur

1657 3869 1859 3917 eosque
1910 3853 2200 3903 fertiliores
2256 3852 2468 3902 reddat.
2542 3853 2747 3904 Videas

1654 3924 2051 3974 Hartmsnnum
2078 3922 2115 3972 l.
2141 3922 2179 3972 l.
2216 3937 2344 3987 pag.
2385 3921 2487 3972 199
2512 3926 2568 3972 et
2595 3923 2746 3974 conf.

1658 3992 1823 4042 etiam
1879 3992 2327 4056 Hengstenberg:
2383 3991 2488 4041 Die
2532 3991 2749 4042 Biicher

1658 4062 1828 4110 Mosis
1876 4077 1930 4123 p.
1967 4061 2070 4111 228
2106 4076 2223 4125 seq.
2299 4061 2489 4125 Neque
2534 4066 2748 4112 veteres

1658 4130 1959 4195 Aegyptios
1995 4130 2096 4180 tali
2130 4145 2296 4195 opera
2328 4130 2588 4190 carnisse,
2627 4131 2751 4195 ipsa

1657 4205 2009 4250 monuments
2033 4201 2169 4250 satis
2206 4198 2504 4260 declarant,
2543 4200 2601 4249 iu
2633 4200 2750 4264 qni-

1656 4268 1758 4318 bus
1787 4285 1942 4320 omne
1969 4285 2104 4334 opus
2139 4269 2404 4320 rusticum
2439 4283 2753 4333 repraesen-

1657 4341 1835 4401 tatur-3
1870 4339 2283 4403 conspiciuntur
2312 4342 2515 4400 aratra,
2545 4337 2655 4389 slis
2678 4338 2752 4389 ad

1656 4421 1909 4473 agrorum
1932 4408 2199 4459 culturam
2224 4408 2584 4476 pertinentis,
2610 4423 2751 4476 quse
