3109 5092
456 366 570 429 164

1222 356 1229 361 ·
1316 330 1856 424 ΗΕΒοΒοΤΙ

451 526 651 610 πέντε
670 561 685 576 ·
741 542 816 608 ἐν
841 552 1011 608 τοῖσι
1043 536 1359 617 πολλάκις
1387 536 1513 626 μὲν
1538 541 1610 606 οἱ
1629 541 1860 626 Μῆδοι
1904 529 2058 611 τούς
2084 528 2354 612 Λυδοὺς
2383 533 2725 619 ἐνίκησαν,

452 643 769 722 πολλάκις
810 642 885 711 δὲ
924 646 995 709 οῖ
1032 642 1247 709 Λυδοὶ
1286 639 1439 720 τούς
1485 639 1804 729 Μήδους·
1887 638 1962 704 ἐν
2008 635 2084 704 δὲ
2123 638 2233 705 καὶ
2273 641 2729 723 νυκτομαχίην

450 745 600 816 τινὰ
637 744 1053 835 ἐποιήσαντο.
1134 747 1535 833 διαφέρουσι
1589 745 1674 812 δέ
1708 763 1831 830 σφι
1889 740 1998 807 ἐπὶ
2044 749 2191 828 ἴσης
2242 736 2361 806 τὸν
2411 737 2726 825 πόλεμον,

449 855 541 942 τῷ
568 853 738 942 ἕκτῳ
766 855 907 917 ἔτει·
920 852 1270 936 συμβολῆς
1297 850 1662 935 γενομένης
1679 897 1698 931 ,
1740 842 2135 931 συνήνεικε,
2184 838 2352 910 ὥστε
2380 846 2495 930 τῆς
2520 839 2728 930 μάχης

450 1016 607 1080 cipue
643 1014 963 1066 consulendi
1014 1020 1189 1077 erunt,
1233 1014 1325 1079 qui
1372 1028 1543 1078 nuper

452 1085 743 1135 admodum
763 1084 1176 1135 accuratissime
1212 1085 1268 1132 in
1300 1083 1434 1133 haec
1462 1084 1541 1131 in-

450 1155 815 1219 quisiverunt:
900 1154 1061 1218 Airy,
1135 1151 1542 1217 Philosophical

449 1225 846 1274 Transactions
891 1223 1085 1287 (1853)
1133 1222 1253 1273 Vol.
1306 1222 1425 1273 143.
1474 1223 1539 1272 Ρ.

450 1296 503 1344 ⁶2.
541 1308 666 1358 pag.
712 1294 806 1344 181
848 1307 1001 1357 seqq.
1046 1292 1138 1341 191
1183 1307 1333 1356 seqq.
1372 1296 1426 1341 et
1457 1290 1539 1342 10.

448 1362 810 1427 aGumpach:
842 1362 1242 1427 Zeitrechnung
1273 1361 1326 1411 d.
1356 1361 1539 1425 Baby-

451 1430 563 1482 lon.
599 1448 652 1481 u.
691 1432 909 1495 Assyrr.
946 1447 1000 1495 p.
1039 1432 1103 1480 77
1126 1432 1289 1481 —94

522 1490 583 1549 ἐν
650 1493 713 1549 δὲ
785 1495 881 1549 καὶ
956 1497 1344 1564 νυκτομαχίην
1410 1488 1541 1546 τινὰ

451 1559 818 1633 ἐποιήσαντο]
859 1558 920 1617 ἐν
956 1561 1019 1617 δὲ
1057 1568 1176 1618 scil.
1215 1571 1336 1625 τοῖς
1371 1563 1535 1616 πέντε

449 1632 594 1685 ἔτεσι
638 1629 890 1699 τούτοις,
950 1643 1011 1687 ιιι
1056 1642 1240 1688 monet
1288 1638 1537 1703 Wytten-

450 1705 608 1756 bach.
680 1707 739 1756 in
801 1706 1014 1757 selectt.
1087 1707 1217 1756 hist.
1290 1723 1343 1771 p.
1412 1706 1532 1756 350.

451 1775 755 1841 Schweigh.
831 1776 1047 1841 supplet
1112 1769 1342 1832 ταύταις
1414 1776 1536 1830 ταῖς

447 1837 668 1909 μάχαις.
707 1845 815 1895 Sed
842 1845 972 1894 mihi
996 1861 1106 1895 non
1129 1844 1369 1906 dubium,
1404 1842 1535 1907 quin

449 1915 762 1964 Herodotus
801 1914 1158 1980 quinquennii
1187 1915 1345 1963 istius
1372 1917 1536 1962 antea

449 1985 734 2034 memorati
777 1985 1014 2049 spatium
1071 1984 1314 2033 indicare
1354 1980 1538 2032 volue-

449 2054 537 2115 rit,
575 2069 696 2103 cum
731 2053 1081 2119 νυκτομαχίη
1120 2068 1184 2103 ea
1222 2053 1294 2102 sit
1328 2066 1537 2117 pugna,

446 2137 589 2186 quae
623 2127 749 2186 post
772 2122 1043 2173 accidisse
1078 2127 1348 2183 narratur,
1383 2126 1537 2170 sexto

449 2190 579 2241 belli
618 2206 778 2253 ann0,
820 2192 913 2240 ubi
949 2192 1032 2242 sol
1070 2192 1287 2242 defecit.
1330 2192 1537 2240 De-usu

448 2259 743 2309 locutionis
791 2250 861 2309 ἐν
911 2254 982 2309 δὲ
1045 2262 1190 2311 conf.
1235 2262 1534 2311 Hermann.

450 2328 521 2379 ad
556 2329 739 2393 Viger.
779 2344 903 2394 pag.
953 2330 1074 2380 854.
1122 2360 1194 2369 -
1238 2331 1322 2380 Ad
1368 2329 1535 2378 verba

449 2389 541 2446 ἐπὶ
588 2395 717 2461 ι”σης
769 2402 938 2464 (quae
990 2399 1057 2449 de
1116 2416 1282 2463 aequa
1325 2398 1536 2461 fortuna

446 2467 805 2532 intelligenda
840 2474 985 2529 sunt,
1022 2469 1117 2518 ubi
1151 2484 1326 2534 aequo
1357 2469 1537 2518 Marte

449 2536 720 2602 utrimque
761 2536 1035 2595 certatur)
1073 2539 1220 2590 conf.
1255 2539 1534 2588 Lambert.

449 2607 577 2656 Bos.
624 2606 690 2656 de
727 2607 950 2673 Ellipss.
988 2609 1054 2658 L.
1098 2609 1193 2660 Gr.
1243 2624 1371 2673 pag.
1411 2606 1533 2657 409.

449 2676 630 2741 Vulgo
650 2677 924 2755 'supplenpt
958 2670 1134 2743 τύχης
1170 2693 1226 2755 ⁸⁶.
1253 2676 1474 2756 μοι’ρας.

520 2758 815 2810 σι’νηνεικε
869 2760 1010 2795 ωστε
1056 2778 1127 2787 —-
1168 2762 1274 2811 την
1321 2743 1538 2810 ημέρην

447 2805 722 2878 ἐξαπίνης
758 2807 937 2864 νύκτα
969 2813 1258 2879 γενέσθαι]
1299 2815 1537 2864 Attende

448 2883 661 2933 dicendi
696 2885 961 2934 rationem
997 2886 1394 2946 Herodoteam,
1446 2900 1536 2948 po-

448 2951 692 3016 pularem
729 2955 925 3017 magis,
963 2960 1023 3002 ut
1054 2954 1133 3003 ita
1176 2953 1385 3014 dicam,
1423 2951 1536 3002 vul-

449 3020 613 3086 gique
658 3021 1003 3085 opinionibus
1049 3023 1535 3085 accommodatam,

449 3105 570 3139 cum
617 3090 684 3138 de
727 3089 919 3152 totali,
979 3106 1116 3156 quae
1163 3092 1388 3153 dicitur,
1446 3092 1537 3141 de-

448 3159 685 3208 fectione
723 3158 812 3209 hic
859 3165 1086 3224 agatur3
1134 3162 1278 3212 conf.
1324 3162 1371 3222 1,
1416 3159 1532 3211 103.

448 3228 578 3290 VII,
605 3225 691 3278 37.
732 3229 831 3291 IX,
871 3230 953 3280 10.
990 3231 1264 3279 Letronne
1291 3231 1347 3279 in
1373 3231 1535 3281 Jour-

448 3296 541 3346 nal
592 3297 645 3349 d.
697 3297 826 3348 Sav,
882 3298 1029 3349 18:38.
1075 3314 1200 3365 pag.
1248 3298 1352 3350 340
1398 3315 1534 3365 seq„

446 3366 591 3417 unde
614 3382 714 3417 nec
738 3368 992 3419 inscitiae
1026 3385 1127 3419 nec
1164 3369 1361 3419 erroris
1380 3369 1532 3419 litem

446 3438 698 3502 scriptori
743 3438 1049 3502 intendam,
1088 3440 1233 3504 quod
1268 3439 1348 3489 ita
1380 3440 1534 3489 nimi-

446 3522 561 3556 rum
601 3507 674 3555 sit
710 3505 925 3558 locutus
962 3510 1197 3574 speciem
1242 3509 1416 3575 magis
1451 3525 1533 3559 se-

444 3581 620 3639 cutus,
662 3592 823 3642 quam
855 3579 930 3642 id,
969 3579 1113 3643 quod
1148 3595 1207 3629 re
1250 3594 1384 3630 vera
1419 3584 1530 3640 est3

444 3661 741 3711 cumquae
780 3663 908 3698 vera
957 3654 1102 3698 esset
1144 3664 1312 3699 causa
1356 3664 1533 3714 aeque

444 3715 724 3779 ignoraret
766 3722 931 3782 atque
965 3718 1212 3783 plerique
1250 3734 1434 3769 omnes
1470 3716 1532 3767 il-

445 3782 551 3833 lius
588 3786 810 3836 aetatis.
850 3786 958 3837 Sed
987 3787 1233 3838 Thaletis
1270 3788 1530 3839 desectio-

446 3868 567 3902 nem
601 3854 774 3916 ipsam
811 3855 1174 3918 praedicentis
1211 3873 1383 3922 eoque
1420 3874 1531 3908 ma·

442 3921 611 3970 iorem
669 3922 861 3973 harum
917 3941 1093 3974 rerum
1163 3928 1526 3991 cognitionem

443 3989 773 4039 declarantis
808 3994 1010 4043 mentio
1042 3993 1186 4044 haud
1222 4001 1340 4044 erat
1376 4012 1528 4061 prae-

444 4060 810 4122 termittenda,
848 4078 953 4127 quo
990 4065 1166 4128 magis
1201 4063 1294 4113 ille
1334 4065 1435 4115 hac
1471 4082 1528 4116 re

441 4144 606 4191 supra
640 4129 837 4193 vulgus
876 4132 1118 4183 eminuit.
1157 4134 1324 4194 Quem
1350 4135 1526 4198 ipsum

440 4199 638 4248 eximia
683 4201 1049 4250 astronomiae
1096 4202 1329 4252 scientia
1373 4203 1526 4253 valu-

437 4267 547 4317 isse
567 4269 712 4333 quod
738 4269 863 4320 inde
886 4270 1169 4335 colligunt,
1192 4272 1247 4320 id
1270 4274 1522 4337 quodam-

437 4337 594 4387 modo
632 4340 1066 4404 restringendum
1123 4340 1365 4404 videtur,
1402 4360 1523 4394 cum

434 4407 528 4457 vix
564 4408 821 4460 credibile
859 4410 950 4474 sit,
985 4411 1126 4462 hanc
1163 4411 1523 4464 desectionem

1644 1010 1776 1062 solis
1813 1011 1895 1060 ita
1929 1008 2484 1074 {uisse·praedictam,
2522 1011 2581 1055 ut
2609 1006 2725 1057 dies

1645 1087 1812 1146 atque
1845 1080 1981 1130 hora
2025 1088 2285 1129 accurate
2327 1078 2571 1127 indicata
2615 1076 2728 1125 fue-

1648 1153 1745 1212 rit,
1798 1149 1894 1199 sed
1951 1150 2009 1198 in
2061 1149 2181 1213 ipso
2240 1163 2383 1198 anno
2435 1145 2726 1195 indicando

1642 1228 2014 1271 astronomum
2062 1234 2121 1267 se
2167 1216 2503 1267 continuisse
2535 1215 2728 1280 proba·

1642 1289 1750 1339 bile
1786 1288 1884 1339 fiat
1926 1304 1992 1337 ex
2039 1288 2176 1352 ipsis
2212 1286 2403 1337 Nostri
2445 1286 2554 1335 scri
2591 1283 2728 1335 toris

1641 1359 1850 1409 verbis:
1902 1345 2083 1422 οὖρον
2132 1354 2496 1419 προθέμενος
2571 1368 2727 1403 νιαυ-

1639 1421 1743 1477 τὸν
1781 1424 2017 1490 τοῦτον,
2069 1417 2129 1474 ἐν
2163 1418 2207 1494 ᾤ
2255 1418 2328 1489 δὴ
2373 1419 2468 1473 καὶ
2509 1417 2726 1489 ἐγένετο

1639 1489 1673 1562 ἡ
1710 1488 2006 1561 μεταβολή.
2045 1495 2206 1548 Conf.
2242 1496 2400 1546 Saint
2420 1494 2642 1544 Mar-tin.
2683 1491 2728 1542 1.

1636 1566 1676 1616 l.
1725 1581 1851 1631 pag.
1899 1566 1968 1616 40
2012 1579 2125 1629 seq.
2195 1566 2333 1620 Inde
2380 1579 2595 1629 quoque
2640 1559 2728 1611 vel

1639 1636 1843 1686 seriore
1904 1639 2088 1684 aetate
2151 1634 2337 1685 sedulo
2407 1633 2727 1684 adnotatum

1638 1706 1809 1754 fuisse
1845 1702 2111 1766 videmus,
2147 1704 2365 1770 quando
2401 1718 2541 1768 quae
2575 1716 2729 1767 prae-

1640 1774 1788 1823 dicta
1829 1773 1933 1823 fuit
1974 1773 2237 1836 defectio,
2272 1775 2396 1839 ipsa
2436 1771 2724 1830 acciderit;

1640 1842 1696 1892 id
1732 1842 1876 1909 quod
1919 1842 2011 1891 vix
2054 1843 2262 1893 factum
2307 1842 2529 1905 suisset,
2576 1841 2624 1890 si
2660 1839 2726 1889 de

1640 1912 1724 1962 his
1786 1917 1897 1961 tam
1952 1917 2101 1962 certo
2157 1927 2472 1976 persuasum
2531 1910 2729 1960 fuisset

1639 1981 1935 2032 veteribus.
2004 1982 2088 2031 Tu
2144 1982 2254 2032 vid.
2291 1981 2549 2031 Bredovii
2590 1980 2727 2029 Ura—

1641 2050 1827 2115 nolog.
1873 2051 2137 2100 Herodot.
2184 2067 2241 2116 p.
2274 2051 2529 2101 XXXIX.
2572 2064 2724 2114 seqq.

1643 2126 1699 2171 et
1727 2121 1919 2171 Ukert.
1962 2120 2268 2186 Geograph.
2308 2122 2353 2182 1,
2393 2119 2439 2170 1.
2479 2135 2607 2184 pag.
2637 2120 2723 2168 52.

1642 2191 1882 2252 Quorum
1938 2188 2028 2238 ille
2072 2189 2294 2240 Thaleti
2348 2204 2532 2239 veram
2581 2187 2726 2238 dese-

1639 2260 1838 2310 ctionis
1917 2274 2142 2309 causam
2214 2259 2492 2325 cognitam
2556 2257 2726 2307 fuisse

1639 2334 1832 2393 negat3
1872 2344 1972 2378 nec
2018 2330 2304 2395 quisquam
2340 2344 2472 2378 sane
2510 2328 2725 2389 dixerit,

1637 2399 1782 2448 unde
1836 2398 2142 2448 istiusmodi
2201 2399 2455 2449 notitiam
2508 2397 2725 2448 omnino

1639 2467 1913 2532 acceperit
1969 2467 2188 2519 Thales.
2273 2470 2356 2519 Ex
2414 2468 2726 2534 cognitione

1640 2537 1813 2603 cycli,
1841 2537 1957 2587 sive
1999 2553 2064 2587 ex
2086 2537 2370 2602 Babylone
2396 2538 2512 2587 sive
2537 2553 2602 2587 ex
2621 2538 2723 2585 Ae-

1639 2612 1808 2673 gypto
1844 2614 2089 2671 accepta,
2117 2607 2376 2672 explicari
2400 2607 2536 2657 haec
2566 2620 2725 2671 posse

1642 2677 1920 2726 existimat
1952 2678 2212 2726 Petersen
2259 2679 2340 2726 in:
2387 2676 2532 2742 Allg.
2573 2674 2721 2724 Hall.

1640 2748 1748 2797 Lit.
1768 2746 1907 2796 Zeit.
1950 2746 2099 2797 1837.
2126 2762 2208 2796 nr.
2242 2748 2328 2797 00.
2359 2763 2409 2811 p.
2443 2746 2724 2809 l58.,quo-

1640 2832 1760 2865 cum
1782 2816 1947 2865 etiam
1969 2816 2330 2865 conferendus
2343 2816 2470 2865 Biot
2487 2816 2544 2863 in
2564 2815 2602 2865 J
2604 2828 2724 2863 our-

1641 2885 1732 2935 nal
1768 2886 1862 2935 des
1900 2888 2112 2936 Savans
2155 2884 2307 2936 1843.
2349 2901 2398 2948 p.
2435 2885 2557 2935 612.
2620 2883 2723 2932 Ne·

1639 2970 1744 3018 que
1798 2953 1956 3005 aliter
2005 2955 2201 3004 statuit
2252 2955 2457 3004 Martin
2502 2953 2537 3004 l.
2586 2951 2622 3002 1.
2665 2968 2719 3016 p.

1637 3024 1703 3073 47
1743 3039 1914 3090 seqq„
1975 3025 2066 3088 qui
2116 3023 2427 3086 Thaletem,
2480 3038 2513 3072 a
2567 3022 2722 3071 cuius

1635 3096 1819 3143 aetate
1853 3094 2166 3144 accuratius
2214 3094 2431 3143 omnino
2478 3097 2723 3142 astrono-

1635 3163 1779 3213 miae
1814 3164 2053 3213 studium
2086 3163 2230 3213 inter
2278 3163 2514 3215 Graecos
2560 3160 2722 3225 origi·

1634 3247 1756 3281 nem
1796 3234 2031 3296 ceperit,
2077 3234 2134 3283 in
2167 3234 2416 3299 Aegypto
2470 3231 2722 3281 edoctum

1634 3301 2032 3352 Chaldaeorum
2075 3318 2284 3368 quoque
2329 3302 2611 3368 periodum
2640 3299 2721 3349 ln-

1633 3386 1819 3422 narem
1877 3373 2203 3437 cognovisse
2265 3374 2588 3422 arbitratur:
2660 3375 2720 3419 ut

1631 3440 1757 3491 inde
1794 3441 2010 3492 facilius
2043 3441 2132 3490 ille
2169 3441 2490 3492 defectionis
2519 3454 2721 3490 annum

1634 3508 1857 3561 definire
1898 3511 2143 3576 adeoque
2186 3511 2501 3575 praedicere
2533 3515 2721 3575 potue—

1634 3580 1723 3630 rit.
1785 3580 1923 3631 Inde
1981 3581 2040 3629 in
2085 3581 2495 3645 Pseudoriginis
2539 3578 2719 3630 Philo·

1633 3649 1788 3713 soph.
1826 3666 1880 3714 p.
1912 3650 1943 3700 5
1971 3651 2059 3700 ed.
2077 3649 2272 3701 Miller.
2309 3650 2512 3701 Thales
2546 3655 2720 3700 astro·

1634 3718 1871 3769 nomiam
1899 3718 2015 3784 ipse
2035 3720 2310 3770 invenisse
2340 3719 2559 3771 dicitur.
2598 3720 2719 3768 Iam

1633 3789 1700 3838 de
1753 3803 1819 3838 ea
1862 3790 2251 3853 superstitione
2293 3796 2563 3851 veterum,
2609 3804 2716 3853 qua

1631 3857 1764 3908 mali
1821 3859 1950 3923 quid
2009 3859 2407 3910 defectionibus
2467 3856 2718 3925 portendi

1631 3928 2010 3992 opinabantur,
2047 3944 2263 3979 monere
2310 3945 2418 3979 non
2457 3944 2610 3994 opus.

1701 3989 1994 4062 συνήνεικε
2040 3989 2210 4048 ὥστε
2245 4028 2315 4038 —-
2349 3992 2455 4062 τὴν
2496 3988 2715 4063 ἡμέρην

1629 4097 1701 4105 -
1745 4064 2036 4132 γενέσθαι]
2094 4068 2159 4118 In
2218 4069 2301 4117 his
2365 4067 2716 4145 notantmviri

1630 4136 1778 4185 docti
1816 4137 2206 4188 abundantiam
2228 4137 2530 4202 particulae
2555 4150 2713 4199 ωστε,

1629 4221 1751 4256 cum
1787 4207 2015 4272 simplex
2064 4208 2366 4257 infinitivus
2403 4207 2713 4271 plerumque

1627 4275 1730 4325 hac
1774 4276 1830 4325 in
1885 4276 2160 4327 locutione
2216 4277 2543 4327 inveniatur.
2606 4273 2712 4325 Sed

1627 4344 1847 4395 additae
1905 4345 2207 4412 particulae
2263 4345 2509 4410 exempla
2561 4344 2715 4395 dabit

1627 4414 1905 4467 Schaefer.
1953 4416 2021 4467 ad
2068 4416 2260 4467 Lamb.
2317 4417 2447 4466 Bos.
2511 4415 2578 4464 de
2623 4412 2712 4464 El·
