3109 5092
422 337 544 398 2M

1296 327 1845 430 HnRODOTI

425 507 748 598 στάμενος
788 509 940 596 περὶ
979 504 1216 595 Κύρου
1257 507 1369 574 καὶ
1416 509 1774 594 τριφασίας
1811 501 2018 585 ἄλλοις
2065 500 2286 589 λόγων
2324 495 2524 580 ὁδοὺς
2571 505 2705 587 φῆ-

426 712 609 761 PersS.
649 710 700 770 ξ.
739 707 770 755 2
807 721 960 769 seqq.
1033 705 1192 754 Hanc
1221 721 1352 756 vero
1391 705 1513 756 Cte-

425 780 541 829 siae
575 775 969 836 narrationem,
1018 773 1319 825 breviorem
1363 775 1512 825 illam

424 848 658 915 quidem,
703 845 852 895 haud
890 844 1003 893 scio
1045 859 1116 893 an
1153 845 1512 909 copiosiorem

425 933 568 968 nuuc
611 915 767 965 nobis
815 919 1096 979 praestent
1141 914 1356 965 Nicolai
1403 916 1512 964 Da-

425 986 666 1038 masceni
723 986 997 1049 Excerpta
1061 999 1234 1048 nuper
1291 985 1516 1034 inventa

425 1059 648 1121 (Fragm
651 1071 723 1105 m.
767 1054 897 1103 hist.
956 1053 1048 1105 Gr.
1106 1054 1191 1104 ed.
1244 1054 1304 1103 C.
1347 1054 1516 1104 Muel-

423 1128 505 1178 ler
551 1127 618 1175 Τ.
665 1124 773 1174 111.
825 1140 877 1188 p.
938 1123 1037 1173 397
1093 1138 1245 1188 seqq.
1302 1123 1417 1173 sive
1461 1141 1516 1189 p.

429 1197 527 1247 107
568 1210 718 1259 seqq.
758 1195 845 1243 ed.
868 1191 1085 1254 Feder),
1124 1209 1350 1258 quorum
1377 1210 1518 1244 sum·

425 1281 568 1316 mam
617 1263 780 1313 retuli
824 1263 879 1311 in
924 1261 1154 1314 Jahrbb.
1205 1263 1294 1312 fiir
1337 1262 1518 1313 Philo-

423 1335 538 1401 log.
579 1349 634 1384 ιι.
671 1331 913 1395 Paedag.
951 1331 1097 1392 LIX,
1136 1332 1184 1382 3.
1237 1348 1366 1396 pag.
1415 1331 1518 1383 ‘260

426 1419 580 1469 seqq.
630 1403 695 1451 In
730 1400 814 1450 his
851 1415 1063 1465 quoque
1113 1399 1373 1466 legimus,
1417 1402 1519 1465 Cy-

425 1489 545 1524 rum
581 1470 732 1521 nulla
758 1471 1087 1535 cognatione
1118 1486 1237 1519 cum
1255 1472 1517 1537 Astyage,

427 1545 716 1595 Persarum
755 1555 911 1604 rege,
947 1539 1116 1589 fuisse
1153 1542 1516 1602 coniunctum,

429 1613 526 1664 sed
571 1611 794 1660 natione
841 1609 1090 1658 Mardum
1144 1625 1211 1659 ac
1273 1610 1520 1675 pauperi—

429 1683 533 1733 bus
570 1680 889 1746 parentibus
942 1684 1130 1730 natum
1184 1679 1256 1728 ad
1313 1681 1519 1746 regiam

431 1750 611 1803 aulam
647 1749 931 1799 devenisse
968 1764 1209 1812 puerum,
1260 1751 1352 1813 qui
1395 1765 1520 1799 mox

434 1826 625 1887 gratus
664 1819 828 1869 fuerit
864 1818 1203 1880 Artembari‚
1241 1819 1520 1882 pincerna-

430 1907 548 1942 rum
593 1889 899 1953 praefect0,
947 1888 1293 1952 eiusdemque
1339 1904 1520 1939 amore

430 1965 486 2010 et
535 1959 717 2026 gratia
761 1958 842 2007 ita
888 1958 1148 2020 creverit,
1198 1963 1260 2007 ut
1309 1959 1376 2008 ab
1426 1960 1521 2008 Ar-

431 2030 675 2080 tembare
725 2031 938 2077 mortuo
996 2027 1139 2076 filius
1193 2032 1521 2079 testamento

434 2099 742 2150 declaratus
790 2098 847 2144 in
905 2096 1063 2145 huius
1124 2097 1295 2160 ipsius
1341 2099 1524 2148 locum

434 2168 858 2219 substitueretur
923 2170 977 2214 et
1046 2170 1229 2229 pater,
1305 2168 1523 2217 nomine

435 2237 730 2288 Atradates
777 2249 820 2283 s.
875 2234 1299 2296 Tosatradates,
1353 2241 1524 2285 satra-

434 2323 535 2373 pae
593 2320 787 2355 munus
848 2304 1141 2367 acciperet.
1215 2306 1344 2354 Mox
1393 2322 1523 2355 vero

436 2378 539 2441 (ita
585 2373 811 2424 tradunt
858 2374 1132 2437 Excerpta
1186 2372 1303 2438 illa)
1351 2375 1526 2440 Cyrus

437 2446 507 2497 ad
544 2450 755 2495 tantam
792 2442 1114 2506 dignitatem
1149 2449 1369 2493 evectus
1407 2460 1528 2495 cum

386 2577 392 2582 ⁴
432 2521 606 2581 patre,
638 2514 851 2565 Oebare
879 2513 1049 2563 Persa
1084 2519 1329 2563 assumto
1357 2513 1526 2577 socio,

436 2585 794 2636 defectionem
824 2586 982 2647 parat
1012 2581 1319 2648 bellumque
1358 2585 1529 2633 exori·

435 2661 523 2706 tur
561 2654 942 2721 gravissimum
979 2653 1122 2702 inter
1146 2654 1444 2718 Astyagem
1475 2658 1529 2702 et

436 2726 652 2790 Cyrum,
694 2724 787 2790 qui
823 2723 891 2773 ab
938 2723 1199 2788 Astyagis
1243 2723 1414 2788 copiis
1451 2723 1530 2771 vi-

436 2801 556 2845 ctus
594 2794 664 2844 ad
687 2793 1129 2856 Pasargadarum
1162 2799 1372 2843 montes
1413 2792 1529 2842 fau-

439 2879 637 2929 cesque
672 2862 978 2928 regreditur
1012 2863 1422 2928 Astyagemque
1442 2878 1531 2911 ac-

437 2934 716 2983 cedentem
778 2930 1010 2994 repellit.
1089 2932 1345 2995 Reliqua,
1386 2932 1530 2996 quod

439 3003 670 3053 maxime
704 3000 1012 3062 dolendum,
1053 3000 1268 3051 desunt.
1320 3001 1426 3051 Sed
1467 3016 1532 3050 ea

441 3073 580 3137 ipsa,
606 3085 747 3135 quae
783 3075 1011 3131 restant,
1056 3070 1305 3134 quamvis
1332 3075 1387 3120 et
1415 3071 1532 3134 ipse

437 3141 529 3191 hic
561 3139 678 3190 illic
700 3140 966 3189 Graecum
1006 3140 1273 3202 quendam
1310 3139 1535 3189 induxe-

437 3211 550 3260 rint
580 3209 833 3270 colorem,
872 3208 1047 3272 magis
1093 3209 1166 3258 ad
1212 3224 1396 3259 verum
1443 3224 1532 3259 ac-

438 3279 630 3332 cedere
705 3282 871 3343 atque
945 3270 1273 3328 Herodoteis
1343 3278 1532 3343 utique

438 3355 721 3416 praestare
775 3348 1049 3398 videntur.
1130 3348 1288 3409 Quod
1355 3349 1530 3413 ipsum

438 3422 628 3471 horum
654 3421 1048 3482 Excerptorum
1086 3417 1263 3467 editor
1293 3418 1402 3468 iam
1441 3433 1533 3467 an-

441 3497 533 3541 tea
568 3491 668 3556 (ad
704 3488 925 3539 Ctesiae
963 3489 1234 3552 Fragmm.
1286 3503 1413 3554 pag.
1453 3487 1530 3553 5.)

441 3567 558 3611 erat
591 3560 893 3625 professus.
930 3557 1200 3607 Herodoti
1234 3559 1375 3608 enim
1412 3573 1534 3607 nar—

440 3631 582 3680 ratio
637 3631 704 3679 de
759 3629 886 3694 Cyri
951 3628 1282 3693 originibus,
1340 3629 1535 3678 educa-

439 3701 608 3762 tione,
632 3699 855 3764 reliquis
890 3699 983 3746 vix
1019 3698 1175 3747 nobis
1211 3697 1534 3747 satisfacere

441 3770 661 3834 poterit,
710 3770 911 3833 quippe
955 3782 1095 3832 quae
1145 3768 1428 3818 Graeciam
1475 3767 1532 3816 in

441 3838 587 3888 haud
627 3838 818 3901 paucis
865 3835 1110 3886 redolere
1164 3841 1219 3886 et
1263 3838 1332 3886 ad
1369 3836 1534 3887 Grae-

442 3922 627 3957 corum
644 3905 856 3956 fabulas
875 3905 1059 3955 efficta
1074 3907 1343 3956 videatur.
1375 3906 1528 3956 Conf.

439 3974 1093 4025 Dahlmaun..Herodot.
1149 3991 1202 4039 p.
1266 3976 1363 4024 142
1417 3991 1531 4041 seq.

440 4044 690 4095 Pertinet
725 4043 848 4105 huc,
886 4042 996 4092 alia
1035 4048 1097 4093 ut
1131 4049 1372 4105 taceam,
1412 4062 1534 4096 nar·

443 4114 585 4166 ratio
610 4113 676 4161 de
702 4112 830 4176 Cyri
851 4111 1150 4175 natalibus,
1172 4129 1311 4178 quae
1342 4120 1536 4177 sponte

444 4186 502 4233 in
535 4181 852 4233 memoriam
885 4186 1125 4243 revocat,
1156 4198 1296 4247 quae
1336 4182 1404 4232 de
1434 4183 1536 4234 Oe-

447 4253 574 4317 dipo
641 4253 971 4303 Graecorum
1028 4251 1227 4302 fabulis
1288 4253 1536 4303 carmini-

442 4323 655 4387 busque
697 4320 1012 4370 ferebantur
1055 4326 1219 4386 atque
1277 4321 1535 4386 quodam-

445 4392 605 4445 modo
645 4389 732 4451 vel
766 4391 836 4444 ad
871 4390 1097 4443 Darium
1145 4391 1441 4459 Hystaspis
1478 4391 1535 4443 fi-

1614 705 1747 756 lium
1810 711 1938 757 sunt
1994 704 2278 766 traducta,
2327 718 2483 768 quem
2530 700 2711 751 Ptole·

1616 791 1805 826 maeus
1835 775 2137 840 Hephaest.
2177 789 2296 838 cap.
2337 771 2389 824 3.
2427 789 2482 837 p.
2519 772 2580 822 21
2622 769 2708 820 ed.

1616 844 1821 896 Roulez
1869 846 2055 907 tradit,
2093 861 2126 894 a
2161 848 2335 894 matre
2380 842 2704 906 expositum,

1619 915 1815 965 deinde
1882 930 2053 981 equae
2126 913 2372 963 mammis
2445 911 2710 962 nutritum

1620 1000 1751 1035 cura
1786 986 2150 1050 Spargapisae
2192 982 2480 1048 agasonis,
2518 985 2712 1045 postea

1622 1055 1746 1120 equi
1781 1054 2000 1104 hinnitu
2027 1054 2097 1103 ad
2132 1068 2358 1119 regnum
2377 1051 2708 1117 pervenisse.

1623 1124 1891 1175 Medicam
1930 1125 2132 1174 famam
2169 1124 2310 1174 inter
2343 1120 2610 1186 triplicem
2648 1119 2713 1170 il-

1621 1194 1731 1244 lam
1766 1195 1987 1255 famam,
2027 1208 2166 1259 quae
2202 1193 2269 1243 de
2286 1192 2428 1257 Cyro
2454 1190 2708 1251 obtinuit,

1623 1265 1692 1314 ab
1739 1263 2022 1315 Herodoto
2070 1267 2368 1313 assumtam
2418 1261 2588 1312 fuisse
2636 1260 2714 1311 iu-

1623 1334 1772 1384 dicat
1826 1332 2138 1399 Lengerke’
2177 1333 2247 1383 ad
2304 1330 2524 1381 Daniel.
2582 1346 2713 1395 pag.

1623 1403 1725 1454 213
1774 1409 1940 1468 atque
1979 1404 2132 1452 Mure
2169 1400 2381 1452 critical
2409 1400 2621 1464 history
2659 1399 2720 1450 of

1624 1473 1715 1522 the
1746 1472 1895 1537 lang.
1924 1471 2252 1522 andliterat.
2285 1471 2346 1521 of
2374 1486 2492 1520 anc.
2512 1469 2715 1520 Greece

1623 1543 1717 1593 IV.
1768 1558 1823 1606 p.
1867 1544 1965 1591 247
2015 1557 2151 1607 seq.,
2190 1541 2471 1592 Duneker.
2517 1538 2713 1590 Gesch.

1623 1613 1676 1662 d.
1716 1611 1946 1662 Alterth.
1989 1611 2064 1661 11.
2105 1629 2159 1676 p.
2201 1612 2303 1660 475
2338 1606 2518 1674 seqq„
2557 1609 2649 1673 qui
2688 1625 2718 1658 e

1621 1682 1788 1731 variis
1828 1681 2108 1732 elementis
2147 1681 2439 1731 conflatam
2474 1677 2715 1728 vultHe-

1622 1751 1801 1801 rodoti
1837 1752 2224 1812 narrationem,
2263 1765 2401 1815 quae
2440 1747 2606 1798 licet
2590 1763 2713 1812 ipsa

1624 1837 1755 1871 vera
1792 1836 1912 1870 esse
1947 1837 2058 1870 non
2094 1821 2298 1885 possit,
2338 1824 2521 1868 tamen
2555 1819 2720 1868 Nico-

1624 1891 1698 1940 lai
1737 1890 2039 1940 narrationi
2074 1891 2148 1940 sit
2196 1874 2573 1954 praeferenda.
2634 1888 2716 1937 De

1625 1977 1732 2025 quo
1771 1960 2020 2025 equidem
2067 1959 2227 2010 aliter
2262 1960 2458 2009 sentio.
2530 1959 2720 2022 Neque

1626 2031 1847 2094 probari
1881 2029 2041 2080 video
2079 2030 2301 2079 Winero
2351 2027 2518 2089 (Bibl.
2565 2027 2721 2077 Real-

1626 2101 1879 2150 wb‘rterb.
1932 2100 1979 2150 Ι.
2038 2116 2089 2164 p.
2141 2096 2292 2160 280.)
2352 2097 2719 2147 Herodoteam

1628 2169 1695 2219 de
1732 2170 1858 2235 Cyri
1893 2170 2292 2229 narrationem,
2331 2183 2364 2217 a
2399 2183 2558 2218 sacra
2594 2166 2724 2217 scri-

1626 2245 1789 2303 ptura
1823 2238 1983 2289 nimis
2018 2239 2376 2297 recedentem,
2405 2238 2462 2287 in
2490 2253 2598 2301 qua
2620 2236 2712 2302 qui

1628 2309 1935 2373 appellatur
1992 2308 2223 2359 Koresos:
2285 2306 2378 2371 (cf.
2448 2312 2599 2357 nott.
2654 2307 2722 2355 ad

1632 2377 1891 2440 1‚114.)
1942 2394 2062 2428 eum
2117 2377 2321 2427 nullum
2381 2375 2547 2425 alium
2605 2390 2724 2425 esse

1632 2448 1741 2498 nisi
1795 2449 1977 2513 Offlnm
2052 2446 2420 2498 Herodoteum
2497 2439 2725 2496 demon-

1633 2524 1808 2567 strare
1827 2523 2056 2568 conatus
2075 2522 2159 2567 est
2182 2517 2275 2566 Fr.
2297 2514 2439 2567 Guil.
2470 2515 2720 2565 Schultz:
2792 2512 2801 2518 ”

1633 2588 1859 2637 Studien
1892 2603 1947 2637 u.
1984 2587 2236 2636 Kritiken
2282 2603 2335 2636 ν.
2373 2584 2629 2634 Ullmann
2665 2600 2719 2634 u.

1631 2657 1883 2707 Umbreit
1931 2655 2083 2707 1853.
2121 2672 2175 2719 p.
2213 2656 2316 2705 624
2360 2669 2515 2718 seqq.
2566 2659 2622 2704 et
2668 2653 2725 2703 in

1634 2727 1784 2776 Diss.
1825 2726 1892 2776 de
1941 2726 2080 2789 Cyro
2132 2726 2352 2790 Magne,
2398 2723 2723 2774 Iudaeorum

1632 2796 1944 2846 liberatore.
1982 2794 2221 2845 Berolin.
2270 2791 2418 2844 1853.
2452 2795 2556 2844 His
2585 2793 2726 2842 viro-

1634 2881 1751 2915 rum
1823 2866 2102 2915 doctorum
2164 2863 2450 2914 sententiis
2520 2862 2722 2924 allatis,

1636 2935 1764 3000 quid
1814 2935 1928 2999 ipse
1977 2934 2236 2995 seutiam,
2286 2932 2477 2997 paucis
2526 2931 2725 2983 addere

1636 3004 1835 3073 placet.
1876 3005 2094 3054 Etenim
2132 3003 2277 3068 apud
2305 3001 2594 3052 orientales
2633 3017 2727 3052 na·

1638 3074 1815 3124 tiones
1856 3088 2004 3135 eum,
2043 3075 2135 3138 qui
2178 3088 2404 3137 reg-num
2455 3071 2727 3136 quoddam

1635 3145 1914 3208 regiamve
1952 3143 2277 3209 dignitatem
2314 3141 2421 3191 sibi
2457 3142 2726 3207 acquirat,

1634 3213 1779 3264 haud
1838 3228 1961 3263 raro
2021 3212 2268 3262 videmus
2322 3227 2520 3260 nomen
2570 3212 2728 3276 quasi

1636 3298 1700 3333 ac
1754 3282 1975 3332 titulum
2022 3282 2137 3331 eius
2183 3281 2328 3346 regis
2371 3282 2557 3331 eiusve
2607 3281 2728 3330 stir-

1634 3352 1737 3416 pis,
1774 3367 1913 3417 quae
1947 3351 2018 3401 ab
2054 3352 2175 3415 ipso
2211 3350 2366 3415 regia
2402 3350 2474 3399 sit
2511 3351 2729 3414 privata

1636 3422 1923 3486 dignitate,
1961 3436 2261 3482 assumere,
2313 3413 2596 3484 ipsa'mque
2650 3421 2728 3469 af-

1634 3491 1903 3541 finitatem
1941 3506 2061 3540 cum
2097 3489 2195 3540 illa
2242 3488 2580 3550 contrahere,
2616 3505 2728 3539 ma-

1634 3562 1889 3610 trimonio
1925 3560 2082 3610 inite.
2119 3561 2242 3610 Hoc
2274 3561 2415 3609 enim
2443 3559 2599 3609 modo
2633 3560 2728 3608 im-

1636 3631 1845 3695 perium
1894 3630 2001 3694 ipsi
2051 3628 2111 3678 fit
2147 3630 2323 3693 magis
2363 3628 2631 3678 firmatum
2673 3634 2729 3678 et

1639 3700 1707 3750 ab
1747 3699 1891 3749 omni
1931 3699 2271 3748 subditarum
2308 3698 2550 3763 gentium
2590 3699 2727 3748 sedi-

1637 3770 1787 3819 tione
1838 3774 2044 3830 tutum,
2092 3783 2233 3832 quae
2279 3768 2495 3832 quando
2544 3783 2726 3831 regem

1641 3840 1881 3888 eiusdem
1917 3839 2030 3888 fere
2068 3838 2252 3901 stirpis
2291 3836 2536 3900 adeoque
2571 3836 2724 3896 fami-

1636 3909 1743 3959 liae
1803 3909 1874 3959 ad
1930 3907 2125 3957 solium
2185 3911 2431 3956 evectum
2483 3904 2726 3967 audiant,

1638 3979 1936 4029 seditiones
1980 3976 2125 4027 haud
2172 3980 2391 4026 movent
2434 3974 2729 4039 iugumque

1637 4049 1951 4113 impositum
1984 4046 2132 4096 haud
2170 4062 2331 4110 aegre
2368 4045 2569 4095 ferunt.
2618 4046 2729 4095 Ita-

1640 4134 1746 4183 que
1794 4117 1969 4168 Mcdis
2016 4118 2072 4165 in
2126 4117 2417 4166 Persarum
2470 4115 2729 4164 ditionem

1640 4187 1876 4237 redactis
1921 4185 2119 4236 solatio
2156 4201 2276 4236 esse
2314 4189 2548 4251 poterat,
2585 4184 2728 4250 quod

1639 4258 1858 4322 Cyrum,
1893 4272 2092 4305 novum
2130 4272 2338 4320 regem,
2387 4253 2556 4319 priori
2606 4269 2728 4304 cum

1640 4327 1809 4390 stirpe
1848 4327 1999 4391 regia
2036 4324 2227 4374 mirum
2260 4325 2314 4372 in
2351 4323 2568 4373 modum
2604 4338 2729 4373 con-

1638 4397 1883 4450 iunctum
1936 4395 2219 4461 ipsiusque
2260 4393 2524 4459 Astyagis
2558 4407 2730 4460 ‘nepo-
