3109 5092
543 311 666 377 880
807 317 1347 382 EXOURSUS
1391 319 1527 379 XII
1569 320 1703 380 AD
1750 319 2261 383 HERODOT.
2307 323 2392 398 H,
2435 331 2553 385 124.

544 490 679 542 haec
707 498 764 543 et
793 491 899 543 alia
934 492 1310 546 huiuscemodi
1345 511 1377 545 a
1405 493 1639 546 Graecis
1673 494 1984 562 excogitata
2011 493 2229 547 mittere
2283 495 2477 565 utique
2506 494 2720 564 placet:
2778 497 2839 549 id

547 592 711 628 unum
744 594 1129 644 commemoro,
1175 578 1325 649 quod
1354 578 1540 632 eadem
1572 596 1707 631 voce
1750 579 1842 631 libi
1876 596 2100 648 quoque
2140 596 2320 647 genus
2356 580 2411 632 in
2447 581 2618 632 sacris
2651 582 2832 633 oblati

547 661 896 729 significatur
924 663 1071 733 apud
1098 664 1346 716 Graecos
1375 662 1648 734 (πυραμὶς
1679 665 1824 733 apud
1846 664 2042 716 Athen.
2074 663 2222 715 XlV.
2256 685 2311 735 p.
2342 669 2449 724 642
2476 665 2546 717 E.
2577 669 2676 724 647
2700 666 2826 732 C.),

544 746 691 799 unde
723 747 792 799 ob
814 749 1023 800 formae
1053 747 1460 801 similitudinem
1490 750 1764 819 quandam
1797 749 1936 802 idem
1968 767 2161 801 nomen
2188 749 2470 802 aGraecis
2492 749 2549 800 in
2570 751 2824 818 Aegypto

542 831 920 885 habitantibus
950 833 1018 885 ad
1054 849 1243 901 regum
1273 840 1622 886 monumenta
1653 833 1985 903 sepulcralia
2015 834 2176 901 haec,
2224 851 2368 903 quae
2399 832 2626 886 similem
2660 836 2830 888 habe-

542 923 670 969 rent
698 917 936 986 speciem
966 935 1030 970 ac
1061 920 1315 985 sormam,
1350 919 1680 971 declaranda
1712 919 2014 971 adhibitum
2045 919 2225 971 fuisse
2262 918 2648 988 pronuntiavit
2678 921 2829 972 Bru-

543 1009 640 1053 net
670 1002 737 1054 de
750 1002 942 1055 Presle
971 1003 1057 1055 in:
1094 1003 1505 1073 Eucyclopedie
1535 1004 1635 1056 des
1667 1023 1808 1073 gens
1839 1005 1915 1057 du
1950 1004 2131 1056 mend.
2162 1002 2279 1056 XX.
2314 1022 2368 1073 p.
2387 1008 2512 1062 272.
2573 1004 2827 1058 Examen

543 1087 725 1157 critiq.
760 1087 859 1139 des
892 1088 1114 1155 dynast.
1148 1088 1413 1159 d'Egypt.
1448 1108 1503 1159 p.
1538 1096 1626 1147 51.
2284 1139 2298 1154 ,

716 1173 778 1224 In
826 1172 932 1223 alia
972 1189 1206 1241 prorsus
1252 1175 1539 1241 abierunt,
1591 1174 1689 1242 qui
1732 1191 1915 1225 vocem
1959 1173 2304 1241 peregrinam
2345 1171 2661 1224 habuerunt
2703 1180 2763 1224 et
2797 1192 2832 1226 a

544 1257 734 1325 lingua
766 1257 983 1309 Graeca
1011 1257 1270 1325 alienam,
1318 1277 1384 1311 ex
1417 1259 1723 1324 Hebraica‚
1769 1257 1890 1310 sive
1921 1257 2179 1327 Coptica,
2233 1257 2353 1310 sive
2396 1256 2674 1325 Aegyptia
2720 1257 2828 1311 lin-

544 1358 655 1411 gua
700 1342 1081 1411 repetendam:
1126 1359 1236 1410 qua
1276 1344 1343 1396 de
1386 1361 1445 1394 re
1486 1343 1647 1412 plura
1688 1342 1841 1395 dabit
1884 1342 2053 1394 Beck.
2088 1342 2122 1393 1.
2155 1359 2327 1411 snpra
2355 1340 2391 1393 l.
2438 1359 2493 1410 p.
2523 1345 2628 1402 706
2655 1360 2819 1412 seqq.

541 1426 727 1494 zoega
765 1424 802 1477 l.
835 1424 871 1476 l.
903 1443 959 1495 p.
993 1432 1114 1492 131,
1168 1428 1264 1496 qui
1311 1426 1643 1496 sepulcralia
1683 1434 2029 1480 monumenta
2069 1444 2188 1479 cum
2229 1426 2442 1479 fuerint
2483 1428 2823 1495 pyramides,

542 1510 670 1563 inde
715 1527 935 1580 quoque
975 1528 1168 1563 nomen
1213 1512 1434 1564 ductum
1475 1511 1653 1564 videri
1696 1513 1912 1565 statuit.
1978 1512 2091 1573 Qui
2134 1511 2201 1563 ad
2236 1511 2569 1579 Aegyptium
2611 1529 2822 1564 sermo—

542 1613 664 1648 nem
696 1595 1010 1662 regreditur
1036 1595 1325 1649 Jablonski
1357 1596 1552 1668 (Voce.
1589 1597 1850 1666 Aegyptt.
1885 1597 1938 1647 in
1965 1595 2213 1666 ‚Opnscm
2247 1597 2292 1646 Ι.
2326 1613 2381 1664 p.
2403 1596 2509 1652 219
2540 1596 2733 1664 ibique
2764 1606 2822 1649 te

540 1680 763 1747 Water,
821 1697 962 1750 quae
1007 1682 1244 1750 repetita
1287 1681 1551 1750 leguntur
1590 1681 1647 1733 in
1681 1682 1957 1734 Thesaur.
2009 1682 2074 1733 L.
2122 1683 2323 1733 Graec.
2373 1678 2636 1749 Stephan.
2681 1682 2819 1734 edit.

539 1765 886 1819 Londinensi
926 1765 1045 1817 vol.
1075 1767 1120 1818 Ι.
1162 1785 1215 1836 p.
1250 1766 1450 1818 chv
1475 1767 1693 1836 seqq.)‚
1739 1784 1932 1819 nomen
1963 1766 2249 1835 antiquum
2277 1764 2386 1816 sibi
2417 1766 2696 1834 reperisse
2730 1765 2816 1816 vi-

542 1867 641 1904 sus
671 1858 759 1903 est
791 1852 1139 1905 R-re-moue:
1180 1868 1289 1921 quo
1319 1853 1531 1905 radium
1559 1853 1683 1904 solis
1713 1850 2020 1919 significari
2046 1849 2185 1904 vult.
2257 1850 2514 1916 Ignatins
2550 1850 2615 1902 de
2644 1847 2816 1901 Rossi

540 1935 880 2005 (Etymolog.
911 1935 1146 2005 Egyptt.
1194 1955 1249 2005 p.
1284 1936 1414 2001 159)
1456 1938 1623 1989 affert
1666 1954 1859 1989 nomen
1896 1938 2140 2002 Pe·ram‚
2187 1952 2298 2005 quo
2342 1922 2516 1988 altum·
2549 1934 2816 1986 declarari

540 2020 855 2085 contendit3
905 2020 1050 2072 hunc
1095 2021 1353 2090 sequitur
1379 2021 1609 2073 Bunsen
1644 2019 1681 2072 l.
1713 2021 1748 2072 Ι.
1782 2021 1835 2071 11
1865 2039 1919 2090 p.
1955 2024 2095 2086 360;
2139 2037 2320 2090 neque
2361 2019 2644 2072 admodum
2687 2020 2817 2072 inde

540 2105 748 2158 recedit
792 2103 1115 2157 Uhlemanni
1157 2104 1435 2158 sent-entia
1472 2105 1527 2156 in
1575 2105 1844 2173 philolog.
1893 2107 2131 2173 Aegypt.
2179 2123 2233 2174 p.
2279 2111 2368 2163 25.
2454 2103 2623 2157 Plane
2663 2104 2815 2156 aliud

540 2189 673 2259 quid
703 2190 760 2241 in
788 2195 1016 2242 mentem
1050 2190 1202 2243 venit
1227 2189 1547 2256 Seyffertho
1590 2191 1883 2261 (Beitrfige
1919 2207 1967 2241 z.
1999 2190 2313 2242 Kenntniss
2344 2188 2399 2240 d.
2437 2188 2531 2240 alt.
2571 2188 2812 2258 Aegypt.

540 2280 646 2325 etc.
681 2274 755 2326 11.
786 2292 841 2342 p.
859 2273 1010 2341 186),
1044 2291 1153 2343 quo
1180 2274 1488 2342 interprete
1516 2276 1822 2344 πυραμίδες
1848 2282 1981 2326 sunt
2007 2276 2154 2344 regis
2182 2275 2398 2329 deliciae
2420 2293 2467 2326 s.
2502 2286 2812 2327 monumen-

539 2368 672 2413 tum.
748 2359 945 2412 Locum
982 2377 1197 2414 ‚sacrum
1239 2358 1359 2410 sive
1400 2370 1764 2414 consecratum
1808 2359 1899 2412 alii
1941 2358 2332 2425 reddiderunt,
2376 2359 2531 2412 vocis
2563 2360 2809 2410 Graecae

539 2442 715 2512 stirpe
751 2461 819 2496 ex
856 2442 1089 2496 Arabico
1122 2430 1375 2496 sermene
1410 2444 1677 2512 deducta3
1712 2447 1782 2497 cs.
1816 2443 2060 2512 Sylvest.
2095 2444 2162 2496 de
2191 2442 2365 2511 Sacy:
2405 2442 2809 2496 Observations

538 2544 638 2580 sur
671 2526 925 2596 l'origine
956 2529 1027 2581 du
1069 2547 1192 2582 nom
1221 2529 1406 2582 donne
1439 2547 1540 2598 par
1571 2530 1651 2582 les
1685 2531 1865 2582 Grecs
1907 2537 1964 2581 et
1993 2528 2072 2580 les
2104 2528 2317 2581 Arabes
2349 2544 2456 2580 aux
2487 2526 2809 2595 Pyramides

536 2611 816 2684 d'Egypte
861 2620 966 2666 etc.
1007 2614 1065 2665 in
1098 2614 1310 2667 Millin:
1362 2613 1581 2683 Magaz.
1624 2614 2000 2683 Encycloped.
2042 2613 2232 2681 (Paris
2277 2613 2441 2679 1801)
2486 2612 2583 2663 vl.
2628 2631 2681 2682 p.
2713 2616 2804 2670 44.

534 2696 687 2764 Alia,
730 2715 871 2769 quae
916 2716 949 2751 a
991 2698 1125 2751 viris
1167 2698 1345 2752 doctis
1383 2705 1597 2752 tentata
1642 2699 1787 2768 apud
1831 2700 1998 2752 Beck.
2032 2696 2136 2750 1.1.
2178 2707 2235 2750 et
2263 2696 2644 2751 Jablonskium
2685 2695 2721 2748 l.
2770 2696 2808 2749 1.

534 2780 825 2851 leguntur,
879 2801 1026 2837 nunc
1055 2785 1322 2836 omittam:
1383 2802 1564 2854 neque
1594 2784 1739 2837 enim
1770 2784 2008 2837 certiora
2039 2784 2327 2851 videntur,
2369 2782 2424 2835 in
2457 2781 2661 2851 quibus
2695 2799 2804 2834 me-

537 2868 645 2921 rito
677 2869 1031 2938 acquiescere
1059 2869 1262 2938 possis.
