3109 5092
487 337 608 399 624

1352 339 1770 400 HERODO
1791 342 1893 401 TI

486 540 625 583 παν
677 518 927 596 εἰπεῖν,
976 507 1137 599 μηδ’
1187 508 1415 581 ἄλλων
1461 510 1737 601 μηδαμὰ
1803 515 2135 600 μηδαμῶν
2188 507 2584 601 ἀνθρώπων
2648 540 2765 582 vo·

485 623 760 706 μαίοισι.
818 620 889 684 οἱ
917 615 1044 703 μέν
1085 641 1217 683 νυν
1258 611 1449 685 ἄλλοι
1487 615 1848 702 Αίγύπτιοι
1878 610 2056 683 οὕτω
2083 618 2281 683 τοῦτο
2316 615 2764 703 φυλάσσουσι.
2862 711 2868 718 ι

487 727 625 789 ἔστι
662 719 738 788 δὲ
756 721 1010 806 Χέμμις
1043 716 1234 797 πόλις
1259 717 1515 806 μεγάλη
1546 725 1762 808 νομοῦ
1790 723 1912 788 τοῦ
1933 722 2282 805 Θηβαϊκοῦ
2319 717 2521 806 ἐγγὺς
2548 722 2731 807 Νέης
2755 736 2869 791 144²

486 822 735 904 πόλιος.

486 979 1043 1052 δαμά-μηδαμώς)
1082 988 1228 1038 conf.
1269 987 1466 1038 Iacobs
1504 986 1574 1036 ad

485 1058 699 1108 Aelian.
737 1058 805 1108 N.
841 1057 907 1108 A.
945 1057 1046 1119 XI,
1089 1057 1135 1107 1.

465 1168 513 1205 0·
557 1121 671 1176 ἔστι
709 1120 772 1175 δὲ
810 1122 1027 1190 Χέμμις
1073 1118 1236 1182 πόλις
1269 1116 1479 1189 μὲγάλη
1518 1139 1572 1175 κ.

485 1212 534 1246 τ.
572 1194 645 1261 λζ]
694 1196 927 1248 circumis
970 1196 1098 1245 urbs
1147 1195 1217 1244 ad
1255 1194 1575 1244 orientalem

485 1264 596 1318 Nili
632 1266 805 1330 ripam
850 1265 960 1314 sita
1001 1266 1144 1314 inter
1177 1263 1575 1329 Aphroditopo-

483 1335 560 1384 lin
599 1340 654 1384 et
688 1334 996 1384 Ptolemain
1048 1326 1103 1383 i1’1
1139 1333 1440 1395 Thebaide,
1489 1349 1575 1382 sa-

484 1409 556 1453 tis
594 1403 776 1469 ampla
822 1408 879 1452 et
922 1405 1101 1467 prisco
1148 1418 1286 1452 aevo
1332 1402 1574 1453 condita.

486 1474 681 1524 Graeci
702 1473 978 1523 vocabant
999 1474 1296 1534 Panopolae'n,
1318 1471 1574 1535 quoniam

484 1544 653 1593 Panis
690 1542 840 1592 cultu
876 1542 1168 1607 praecipue
1193 1542 1423 1606 insignis
1446 1541 1572 1603 fuit,

484 1613 767 1677 ipsumque
803 1613 919 1662 eius
956 1626 1178 1674 nomen,
1213 1610 1357 1674 quod
1383 1610 1572 1674 Coptis

484 1688 570 1731 est
595 1682 798 1732 Schmin
834 1682 952 1730 sive
987 1681 1193 1740 chum,
1230 1681 1432 1730 Panem
1469 1681 1572 1728 Ae-

484 1753 673 1821 gyptio
728 1767 974 1801 sermone
1026 1749 1327 1801 indicabat.
1411 1749 1571 1799 Nunc

484 1838 698 1886 quoque
748 1826 905 1871 vetus
955 1820 1249 1886 appellatio
1314 1818 1573 1884 quodam-

483 1892 643 1941 modo
683 1891 976 1949 remansit3
1030 1894 1263 1940 vocatur
1314 1889 1455 1939 enim
1499 1887 1569 1937 ab

482 1960 754 2011 Arabibus
783 1959 1002 2010 Althmim
1027 1976 1122 2009 seu
1146 1958 1365 2011 Iklemim.
1404 1957 1571 2008 Plura

483 2030 903 2082 Schlichthorst.
959 2028 995 2079 l.
1043 2030 1081 2082 1.
1120 2044 1244 2094 pag.
1290 2028 1389 2079 100
1432 2043 1567 2092 seq„

485 2098 786 2164 Champoll.
817 2098 1060 2164 l'Egypt.
1086 2114 1216 2148 sous
1257 2097 1290 2148 l.
1318 2097 1482 2148 Phar.
1516 2097 1566 2146 Ι.

482 2184 537 2234 p.
560 2170 660 2218 257
681 2185 833 2232 seqq.
872 2168 1128 2218 Veterum
1159 2166 1309 2217 locos
1349 2167 1568 2217 exhibet

484 2252 698 2303 quoquc
735 2237 1026 2301 Forbiger:
1088 2236 1212 2287 Alte
1257 2235 1566 2300 Geograph.

483 2306 557 2357 11.
586 2323 640 2371 p.
669 2305 790 2356 789.
858 2306 1012 2367 Quae
1053 2310 1245 2355 contra
1282 2310 1570 2369 arg-utatur

481 2376 800 2425 Mannertna
850 2373 1177 2439 (Geograpb.
1227 2374 1322 2423 der
1368 2375 1462 2424 Gr.
1511 2389 1567 2425 u.

482 2445 671 2496 Roem.
707 2446 786 2508 X,
826 2445 876 2494 l.
925 2459 1050 2509 pag.
1089 2443 1190 2495 374
1240 2444 1409 2508 seq.),
1461 2458 1568 2508 quo

482 2515 718 2565 Chemmin
745 2515 1112 2565 Herodoteam
1146 2529 1181 2562 a
1213 2514 1461 2576 Panopoli
1492 2513 1571 2562 di-

481 2598 694 2635 versam
740 2600 860 2635 esse
905 2583 1225 2644 contendat,
1279 2582 1414 2633 nihil
1459 2598 1570 2632 mo-

481 2671 681 2706 ramur.
730 2653 863 2704 Vult
885 2654 1025 2704 enim
1049 2653 1235 2703 urbem
1267 2668 1404 2716 esse,
1429 2667 1567 2716 quae

482 2741 516 2775 a
551 2724 775 2776 Graecis
813 2723 1096 2788 postmodo
1138 2724 1321 2785 Coptos
1365 2724 1436 2772 sit
1475 2736 1568 2785 ap·

483 2794 705 2860 pellata.
794 2795 909 2843 Nec
962 2807 1091 2841 sane
1144 2793 1235 2841 ille
1291 2792 1569 2857 perspexit

483 2864 746 2913 orationis
774 2878 988 2923 nexum,
1015 2861 1108 2925 qui
1135 2861 1469 2911 Herodotum
1497 2860 1568 2910 ad

481 2933 617 2982 haec
653 2932 928 2981 narranda
964 2929 1259 2994 impulerit,
1299 2930 1367 2980 de
1398 2931 1566 2980 Panis

481 3000 663 3061 cultu,
714 3015 819 3064 quo
851 3000 980 3049 urbs
1025 3000 1255 3048 maxime
1301 2999 1407 3049 fuit
1441 2999 1569 3047 insi·

482 3069 624 3134 guis,
659 3067 924 3131 silentem,
966 3069 1219 3131 quoniam
1254 3068 1472 3117 omnino
1499 3066 1568 3116 de

449 3133 642 3187 'rebus
699 3138 872 3186 sacris
924 3137 1196 3187 silentium
1246 3136 1349 3186 sibi
1399 3138 1569 3200 impo-

483 3208 619 3269 suit,
677 3207 784 3255 nisi
817 3206 909 3256 ubi
958 3212 1179 3256 coactus
1223 3205 1350 3270 quid
1395 3205 1568 3255 divul-

481 3291 613 3342 gare
646 3291 870 3326 necesse
908 3276 1071 3325 fuerit
1098 3275 1191 3338 (cf.
1221 3274 1296 3336 11,
1317 3277 1386 3326 65
1407 3275 1567 3340 etc.);

481 3362 621 3411 quae
674 3347 889 3412 quidem
937 3345 1238 3396 necessitas
1285 3344 1373 3395 hic
1418 3344 1571 3395 nulla

480 3431 773 3482 sanequam
812 3420 1058 3481 apparet.

548 3476 713 3550 ἐγγὺς
749 3481 907 3549 Νέης
946 3476 1164 3548 πόλιος]
1231 3482 1418 3533 Facile
1453 3498 1570 3533 cre-

480 3554 756 3618 deremus,
815 3555 958 3605 hanc
1011 3553 1198 3617 urbem
1250 3568 1371 3603 esse
1427 3567 1565 3615 eam,

479 3640 619 3689 quae
671 3617 859 3689 Καινὴ
919 3616 1084 3679 πόλις
1135 3623 1335 3673 dicitur
1387 3621 1569 3673 Ptole-

479 3709 652 3757 maeo,
679 3695 786 3744 nisi
811 3698 1053 3743 moneret
1074 3691 1403 3751 Danvillius,
1427 3693 1569 3741 Nea-

479 3761 627 3827 polin
667 3764 872 3814 hancce
909 3762 1263 3827 septuaginta
1299 3760 1567 3811 milliariis

478 3833 737 3881 Romania
778 3832 982 3883 distare
1018 3847 1051 3881 a
1082 3830 1339 3881 Chemmi.
1399 3830 1569 3894 Equi-

480 3900 600 3949 dem
627 3906 808 3951 tamen
845 3901 900 3949 in
936 3901 1097 3961 urbe,
1137 3901 1291 3951 cuius
1314 3904 1426 3950 tam
1456 3897 1567 3948 late

478 3973 667 4033 pateat
703 3969 1049 4034 significatio,
1088 3968 1224 4017 nihil
1260 3969 1564 4029 decernam,

477 4052 580 4087 nec
646 4039 701 4085 in
761 4037 1092 4102 geographia
1127 4041 1333 4088 -terrae
1388 4038 1567 4100 Aegy·

478 4108 643 4171 ptiae,
683 4119 824 4170 quae
857 4110 942 4155 tot
976 4105 1153 4155 adhuc
1180 4106 1394 4157 laborat
1417 4110 1565 4154 tene-

477 4175 617 4236 bris,
668 4174 961 4238 quidquam
1008 4174 1144 4224 certi
1179 4175 1563 4238 pronuntiave-

475 4243 597 4294 rim.
656 4242 942 4293 Caeterum
977 4242 1196 4295 videtu
1234 4244 1300 4295 de
1329 4242 1562 4308 Neapoli

477 4310 893 4362 Schlichthorst.
939 4311 976 4361 1:
1015 4310 1051 4361 l.
1098 4327 1152 4375 p.
1208 4313 1301 4363 101
1341 4328 1456 4378 seq.
1503 4318 1561 4361 et

845 824 920 890 ἐν
963 818 1173 909 ταύτῃ
1223 826 1304 911 τῇ
1363 822 1520 890 πόλι
1574 823 1711 890 ἐστὶ
1762 824 2059 911 Περσέος
2114 827 2237 891 τοῦ
2266 822 2554 911 Δανάης
2614 821 2767 911 ἱρὸν

1674 987 1795 1039 loco
1816 1003 1960 1038 nunc
1981 987 2222 1052 conspici
2247 988 2382 1038 dicit
2401 990 2579 1038 vicum
2599 987 2763 1051 liene,

1676 1062 1891 1108 retenta
1960 1057 2212 1108 nimirum
2279 1064 2466 1108 vetere
2525 1055 2767 1123 appella·

1678 1128 1852 1191 tione,
1891 1129 2136 1192 quamvis
2172 1134 2445 1193 corrupta.

1749 1188 1809 1245 ἐν
1852 1189 2027 1262 ταύτῃ
2065 1194 2134 1260 τῆ
2177 1189 2308 1246 πόλι
2351 1187 2465 1246 ἐστὶ
2514 1193 2765 1260 Περσέος

1676 1263 1779 1314 τοῦ
1813 1257 2048 1327 Δανάης
2079 1247 2211 1329 spone
2241 1257 2618 1330 τετράγωνον]
2658 1265 2764 1314 Ne·

1676 1340 1772 1400 gat
1809 1334 2136 1386 Wilkinson.
2180 1334 2459 1399 (Manners
2505 1340 2613 1385 etc.
2650 1349 2760 1384 sec.

1676 1419 1784 1453 ser.
1808 1404 1886 1454 11.
1912 1420 1966 1468 p.
1991 1404 2077 1455 88.
2099 1405 2224 1469 293)
2248 1404 2316 1454 de
2339 1405 2443 1455 hoc
2467 1405 2585 1454 sive
2602 1404 2764 1453 heroe

1676 1474 1793 1523 sive
1849 1473 1951 1523 deo
2002 1488 2061 1524 se
2115 1473 2243 1539 quid
2296 1473 2643 1524 statuendum
2691 1473 2764 1522 sit

1674 1542 1901 1605 habere,
1940 1544 2259 1607 praesertim
2293 1558 2415 1593 cum
2448 1544 2651 1593 veteris
2675 1557 2763 1593 ur-

1674 1612 1760 1661 bis
1807 1628 1872 1662 ac
1920 1612 2106 1677 templi
2152 1628 2291 1678 quae
2335 1617 2628 1678 supersunt
2675 1627 2762 1661 ru·

1675 1681 1807 1731 dera
1863 1682 2210 1746 imperfecta,
2274 1681 2481 1731 nullum
2534 1682 2623 1731 dei
2671 1682 2759 1731 hic

1674 1751 1808 1800 culti
1831 1752 2081 1801 notitiam
2104 1757 2415 1801 accuratam
2437 1751 2757 1815 praebeant.

1673 1820 1869 1870 Mirum
1904 1822 2153 1885 profecto
2194 1822 2369 1871 videri
2412 1826 2597 1885 potest
2632 1822 2759 1871 Per—

1672 1889 1779 1951 sei,
1826 1905 1986 1955 quem
2025 1890 2293 1941 Graecum
2333 1889 2500 1955 vulgo
2544 1890 2759 1940 heroem

1670 1959 1982 2023 perhibent,
2032 1960 2292 2025 templum
2339 1965 2395 2009 et
2432 1959 2611 2009 cultus
2649 1974 2759 2008 me-

1670 2028 1764 2078 dia
1798 2028 1855 2077 in
1889 2029 2169 2094 Aegypto,
2212 2029 2321 2079 nisi
2355 2030 2585 2078 interius
2628 2027 2758 2094 quid

1669 2097 1840 2148 latere
1877 2099 2174 2157 existimes.
2244 2100 2347 2149 Est
2381 2098 2524 2148 enim
2560 2097 2648 2147 hic
2688 2099 2756 2148 de

1668 2167 1771 2217 deo
1808 2168 2187 2232 cogitandum,
2234 2184 2341 2218 non
2389 2166 2552 2217 aliter
2590 2172 2758 2232 atque

1670 2237 1737 2286 de
1756 2236 1992 2287 Hercule
2020 2238 2318 2302 Aegyptio;
2357 2242 2413 2286 et
2449 2237 2666 2300 quidem
2692 2237 2759 2286 de

1671 2306 1837 2355 solari
1877 2306 1978 2356 deo
2031 2307 2147 2359 sive
2196 2307 2315 2371 ipso
2370 2305 2487 2356 sole
2534 2307 2758 2371 eiusque

1670 2376 1726 2424 vi
1779 2376 2173 2439 procreati-icc,
2227 2390 2385 2440 quam
2443 2377 2499 2424 in
2552 2390 2759 2425 omnem

1669 2451 1919 2495 naturam
1944 2446 2237 2510 quotannis
2260 2450 2504 2505 exercet;
2539 2459 2646 2509 quo
2673 2443 2759 2493 vel

1670 2529 1864 2565 nomen
1889 2514 2086 2564 ducere
2120 2513 2339 2577 volunt,
2376 2516 2433 2563 in
2463 2529 2568 2579 quo
2591 2517 2759 2576 splen-

1671 2584 1779 2634 dida·
1812 2600 1877 2632 ac
1914 2585 2070 2633 lucidi
2108 2584 2381 2634 notionem
2428 2584 2533 2632 sibi
2573 2583 2759 2648 depre-

1666 2651 1920 2703 hendisse
1944 2653 2047 2702 visi
2073 2658 2200 2702 sunt
2220 2654 2324 2702 viri
2349 2652 2518 2703 docti.
2550 2652 2759 2715 Quodsi

1634 2760 1644 2770 .
1669 2722 1837 2786 igitur
1856 2722 2036 2772 Solem
2063 2723 2264 2773 Perseo
2293 2721 2525 2771 indicari
2552 2726 2758 2771 certum

1669 2796 1772 2853 est,
1791 2793 1901 2841 iam
1923 2806 2061 2856 quae
2084 2791 2150 2840 de
2173 2807 2236 2841 eo
2258 2792 2660 2856 praedicentur,
2684 2792 2759 2840 fa-

1669 2861 1846 2923 cilius,
1879 2876 2055 2926 spero,
2085 2859 2321 2926 intelligi
2348 2865 2620 2926 poterunt,
2660 2874 2757 2909 nec

1668 2929 1845 2994 magis
1890 2945 1991 2980 nos
2037 2930 2329 2980 advertant
2364 2929 2476 2979 ludi
2520 2930 2760 2994 gymnici

1667 2999 1855 3050 Persei
1890 2999 2041 3049 iussu
2078 3015 2112 3048 a
2146 2999 2460 3049 Chemmitis
2498 3000 2755 3060 instituti,

1668 3083 1829 3133 quam
1850 3068 2121 3133 Olympici
2149 3069 2262 3119 ludi
2286 3068 2355 3118 ab
2374 3067 2609 3119 Hercule
2634 3083 2759 3118 con-

1669 3137 1790 3187 diti.
1844 3137 1958 3187 Nec
1983 3137 2217 3202 denique
2236 3153 2348 3189 non
2373 3136 2756 3202 intelligemus,

1667 3222 1763 3256 cur
1822 3208 2055 3257 Perseus
2107 3207 2422 3257 Chemmitis
2488 3221 2758 3271 apparens

1667 3279 1879 3326 tantam
1913 3275 2106 3326 afferat
2140 3278 2270 3326 anni
2308 3277 2665 3331 fertilitatem,
2684 3278 2759 3325 fe·

1666 3344 1935 3410 licemque
1970 3346 2184 3410 frugum
2222 3350 2559 3410 proventum.
2616 3340 2756 3396 Nolo

1668 3413 1910 3480 pluribus
1948 3430 2013 3465 ea
2051 3414 2119 3465 de
2153 3430 2210 3464 re
2248 3414 2581 3480 disceptare,
2619 3429 2759 3479 quae

1666 3484 1739 3534 ad
1759 3500 1845 3548 my
1854 3484 2103 3548 thologos
2120 3485 2304 3548 potius
2325 3486 2579 3550 pertinet,
2596 3498 2759 3548 quam

1671 3553 1741 3603 ad
1761 3553 2028 3603 Herodoti
2062 3554 2441 3618 interpretem,
2482 3553 2573 3619 qui
2599 3553 2758 3603 unice

1669 3623 1771 3673 hoc
1810 3622 1915 3671 sibi
1940 3622 2108 3673 habet
2130 3624 2498 3688 propositum,
2540 3629 2601 3673 ut
2629 3623 2759 3672 scri·

1668 3696 1877 3757 ptorem
1904 3690 2192 3755 -illnstret‚
2243 3693 2426 3756 quoad
2478 3691 2594 3741 eius
2641 3691 2759 3741 fieri

1667 3765 1878 3825 potest,
1939 3762 2164 3826 eiusque
2209 3760 2375 3811 effata
2423 3761 2756 3826 comprobet.

1668 3829 1732 3879 Id
1768 3845 1897 3879 vero
1948 3829 2053 3880 hoc
2086 3830 2207 3880 loco
2253 3828 2534 3893 difficilius
2570 3830 2758 3894 utique

1668 3902 1883 3949 statuas
1904 3937 1917 3961 ‚
1973 3914 2080 3963 quo
2117 3900 2233 3949 iure
2263 3900 2465 3951 Noster
2500 3900 2757 3949 Perseum

1669 3968 1997 4018 Graecorum
2034 3968 2150 4018 sive
2187 3968 2346 4018 deum
2382 3970 2500 4018 sive
2541 3968 2757 4018 heroem

1664 4036 1722 4086 in
1746 4038 2054 4102 Aegyptum
2085 4037 2243 4101 quasi
2266 4037 2632 4088 introduxerit
2668 4036 2757 4087 vel

1663 4106 1849 4169 potius
1873 4107 2259 4171 Aegyptiorum
2296 4106 2455 4157 deum
2493 4107 2564 4156 ad
2593 4094 2758 4157 Grae-

1663 4188 1783 4224 cum
1838 4176 1995 4225 deum
2049 4173 2393 4226 transtulerit
2447 4181 2612 4240 atque
2669 4190 2759 4225 ac·

1663 4244 2106 4294 commodaverit.
2203 4245 2411 4295 Panem
2477 4259 2632 4306 eum,
2691 4243 2759 4294 de

1662 4327 1766 4378 quo
1802 4311 1871 4362 ad
1908 4313 1983 4376 11,
2023 4314 2094 4365 46
2124 4311 2384 4376 diximus,
2434 4313 2609 4364 fuisse
2646 4318 2759 4364 sta·

475 4381 747 4432 Mannert.
787 4380 823 4433 1.
854 4381 891 4433 1.
915 4396 1043 4448 pag.
1072 4378 1204 4443 371,
1244 4380 1335 4447 qui
1369 4379 1558 4433 eodem
1658 4385 1784 4433 tuas
1830 4381 1961 4434 licet
2004 4397 2128 4434 cum
2167 4382 2435 4435 Creuzero
2489 4380 2757 4448 (symbol.
