3109 5092
1050 347 1548 408 EUTERPE.
1592 350 1676 409 Π.
1718 357 1807 414 84.
1852 361 1939 414 85.

2514 349 2640 412 609

355 520 606 605 ἰητρων
642 522 781 590 ἐστὶ
809 521 998 590 πλέα.
1051 524 1122 588 οἱ
1141 522 1267 610 μὲν
1296 521 1424 611 γὰρ
1458 518 1843 611 ὀφθαλμων
1871 523 2084 611 ἰητροὶ
2120 525 2528 611 κετεστέασι,
2575 528 2645 592 οἱ

355 617 429 685 δὲ
459 629 793 713 κεφαλῆς,
829 627 900 692 οἱ
930 622 1004 691 δὲ
1041 619 1378 727 ὀδόντων,2
1413 629 1485 695 οἱ
1509 625 1583 694 δὲ
1618 631 1756 694 τῶν
1786 624 1954 695 κατὰ
1992 625 2249 715 νηδὺν,
2283 631 2356 695 οἱ
2386 626 2461 696 δὲ
2493 632 2634 696 τῶν

351 717 675 807 ἀφανέων
715 725 1005 796 νούσων.

507 836 762 918 Θρῆνοι
811 830 885 899 δὲ
916 830 1028 898 καὶ
1062 836 1278 917 ταφαί
1316 849 1550 917 σφεων
1585 829 1714 898 εἰσὶ
1745 835 1916 900 αἵδε.

351 962 547 1023 νηται
588 936 662 1002 ἐκ
701 938 839 1002 τῶν
885 938 1167 1020 οἰκηΐων
1220 929 1622 1021 ἅνθρωπος,
1684 938 1809 1000 τοῦ
1862 960 1963 1013 τις
2021 936 2133 1003 καὶ
2181 935 2376 1023 λόγος
2428 928 2507 1026 ᾖ,
2552 937 2630 1006 τὸ

350 1132 515 1182 netiis
556 1130 683 1182 1591
724 1136 781 1182 et
798 1131 1030 1183 Parisiis
1071 1131 1222 1183 1646.
1247 1135 1299 1182 4.
1329 1131 1439 1182 edi-

352 1203 453 1264 tis,
519 1201 613 1266 qui
658 1201 800 1251 idem
838 1202 964 1251 aliis
1003 1207 1238 1266 quatuor
1284 1201 1437 1251 libris

350 1271 434 1320 his
442 1271 613 1320 toriae
628 1270 893 1321 naturalis
907 1271 1145 1337 Aegypti
1159 1269 1433 1336 (Lugdun.

352 1333 868 1403 Bata÷.1735.4)
915 1345 969 1391 et
1027 1356 1135 1390 uno
1185 1339 1322 1390 libro
1369 1340 1436 1390 de

351 1410 554 1474 plantis
593 1410 947 1475 Aegyptiacis
991 1408 1260 1475 (venetiis
1301 1410 1435 1460 1592

352 1484 409 1528 et
446 1478 597 1529 1633.
634 1480 716 1543 4.)
754 1480 902 1529 edito
937 1479 1080 1529 hane
1112 1484 1286 1529 totam
1323 1494 1435 1529 rem

353 1547 674 1608 illustravit3
721 1554 913 1598 nostra
960 1552 1144 1599 aetate
1188 1549 1435 1613 inprimis

351 1616 670 1668 consulendi
681 1623 808 1667 sunt
819 1617 1098 1683 Sprengel:
1114 1618 1439 1668 Geschichte

351 1687 405 1738 d.
435 1686 820 1737 Arzueikunde
850 1687 896 1738 1.
927 1703 1053 1753 pag.
1083 1687 1146 1738 61
1175 1703 1326 1753 seqq.
1349 1687 1435 1738 ed.

353 1762 502 1819 tert„
537 1757 784 1807 Hecker:
823 1757 1021 1808 Gescb.
1043 1756 1096 1806 d.
1127 1757 1437 1807 Heilkunde

353 1827 402 1877 Ι.
436 1842 489 1890 p.
528 1826 597 1876 29
632 1842 782 1891 seqq.
853 1827 936 1875 De
970 1825 1176 1876 Bosch:
1211 1827 1297 1876 De
1332 1842 1439 1877 me-

351 1896 535 1945 dicina
572 1900 707 1945 vett.
740 1896 997 1960 Aegyptt.
1047 1894 1436 1946 Amstelodam.

354 1966 505 2016 1737.
543 1967 598 2016 4.
633 1965 879 2030 pluribus
913 1980 1129 2030 quoque
1155 1965 1299 2016 hanc
1324 1981 1436 2015 rem

349 2035 629 2084 tractavit.

420 2096 481 2151 οἰ
494 2096 599 2166 μὲν
617 2097 722 2167 γὰρ
751 2092 1075 2166 ὀφθαλμῶν
1102 2095 1317 2178 ἰητροὶ
1307 2116 1437 2150 κατ-

347 2163 602 2236 εστέασι]
662 2172 747 2221 Ad
807 2171 1039 2222 formam
1090 2163 1433 2231 κατεστὲασι,

349 2256 512 2306 quam
531 2242 796 2291 intactam
827 2240 1048 2306 reliqui,
1086 2242 1232 2291 conf.
1268 2240 1343 2301 11,
1368 2238 1435 2290 70

349 2311 532 2376 ibique
559 2309 746 2361 allata.
825 2311 1111 2360 Caeterum
1135 2310 1282 2360 haud
1316 2310 1434 2358 sine

347 2395 516 2430 causa
550 2380 756 2431 sactum
794 2379 1035 2442 videtur,
1080 2379 1222 2444 quod
1260 2380 1433 2444 primo

349 2449 470 2499 loco
508 2449 784 2500 oculorum
821 2450 1018 2499 medici
1053 2453 1349 2514 ponuntur,
1387 2449 1433 2497 si

346 2520 562 2584 quidem
593 2518 868 2569 oculorum
897 2518 1096 2568 morbis
1115 2523 1170 2568 et
1195 2518 1432 2582 antiquis

348 2596 401 2638 et
445 2588 840 2639 recentioribus
889 2588 1221 2652 temporibus
1255 2588 1432 2652 Aegy·

346 2660 426 2722 pti
465 2658 674 2709 incolas
713 2657 944 2707 maxime
991 2656 1272 2707 laborasse
1307 2672 1432 2706 con·

346 2732 487 2777 stat:
526 2729 594 2777 de
619 2742 729 2792 qus
751 2742 808 2776 re
826 2732 1019 2776 nostra
1045 2731 1228 2776 aetate
1248 2725 1429 2790 plures

346 2801 712 2861 exposuerunt
734 2797 838 2845 viri
863 2796 1029 2856 docti,
1055 2810 1277 2860 quorum
1304 2795 1435 2844 scri-

347 2871 447 2930 pta
491 2867 601 2916 vid.
651 2866 794 2930 apud
840 2865 1076 2915 Haeser:
1130 2864 1327 2914 Geseh.
1378 2864 1431 2914 d.

347 2935 604 2986 Medicin.
650 2939 700 2998 §-
752 2934 1047 2985 720-723,
1121 2933 1272 2983 Mala
1309 2933 1436 2983 den-

346 3005 483 3054 tium
519 3020 732 3069 quoque
777 3004 956 3054 adhuc
998 3004 1311 3068 frequenter
1358 3002 1435 3052 in-

345 3075 522 3123 veniri
557 3075 812 3123 observat
850 3074 1030 3123 Lane:
1083 3075 1333 3123 Account
1377 3071 1439 3121 of

346 3143 437 3192 the
475 3159 726 3193 manners
776 3142 883 3191 and
939 3147 1181 3192 eustoms
1235 3142 1297 3191 of
1343 3140 1434 3191 the

347 3212 568 3263 modern
603 3213 805 3276 Egypt.
841 3212 888 3263 1.
919 3226 974 3276 p.
1013 3210 1100 3262 32.

665 3381 797 3431 Cn.
837 3382 1104 3431 LXXXV.

417 3481 638 3548 Θρῆνοι
675 3477 738 3532 δὲ
776 3478 872 3533 καὶ
907 3481 1094 3548 ταφαί
1111 3498 1302 3547 σφεων
1324 3478 1434 3533 εἰσὶ

346 3551 498 3619 αἵδε]
546 3553 803 3619 Sequitur
848 3552 1002 3604 locus
1052 3555 1283 3604 maxime
1327 3569 1433 3602 me-

345 3622 628 3673 morabilis
669 3623 736 3673 de
760 3622 1043 3686 sepultura
1071 3629 1317 3674 veterum
1335 3624 1436 3673 Ae-

346 3692 683 3757 gyptiorum,
739 3707 894 3757 quem
948 3709 1069 3743 cum
1115 3692 1437 3743 tractaverit

347 3761 646 3813 Creuzerus
707 3762 762 3810 in
812 3762 1140 3813 Commentt.
1191 3760 1433 3812 Herodd.

346 3846 468 3896 cap.
517 3831 563 3894 Ι,
609 3832 825 3896 potiora
870 3831 997 3882 hinc
1054 3831 1123 3881 sd
1169 3829 1436 3882 Herodoti

344 3900 514 3950 verbs
550 3899 766 3965 singula
793 3899 1117 3951 illustranda
1155 3906 1437 3964 totumque

346 3984 550 4019 morem
596 3970 698 4020 rite
734 3970 1170 4034 perspiciendum
1204 3969 1438 4020 transfe-

348 4053 550 4089 tamne.
622 4040 759 4089 Post
801 4039 1126 4089 Creuzerum
1170 4036 1438 4088 nonnulla

347 4122 560 4173 quoque
595 4106 782 4159 attulit
831 4108 1087 4159 Minutoli
1127 4109 1212 4158 in:
1259 4106 1438 4158 Nach-

346 4180 503 4242 tritge
540 4183 645 4228 etc.
676 4193 730 4242 p.
769 4176 868 4227 194
915 4193 1089 4242 seqq„
1138 4177 1269 4227 item
1305 4175 1440 4226 Wil-

345 4246 561 4298 kinson.
599 4247 857 4296 Manners
895 4252 998 4296 etc.
1052 4261 1160 4298 sec.
1212 4261 1320 4297 ser.
1356 4246 1436 4296 11.

347 4330 401 4379 p.
440 4318 538 4367 451
582 4331 757 4381 seqq„
803 4315 1072 4366 Rosellini
1099 4315 1438 4367 Monumenti

347 4384 499 4433 civili
535 4384 643 4436 111.
687 4399 814 4449 pag.
856 4384 956 4435 334
1000 4386 1153 4451 seqq.
1228 4383 1438 4447 Quibus

435 4486 773 4528 RERODOT.
823 4487 866 4526 1.

1541 1130 1683 1181 adde
1719 1132 1894 1183 virum
1932 1134 2203 1184 doctum
2187 1150 2245 1184 ιιι
2281 1135 2399 1187 The
2418 1136 2638 1197 :Classi-

1540 1200 1628 1250 cal
1663 1201 1848 1253 Iourn.
1886 1217 1969 1252 nr.
2008 1204 2150 1257 LIV.
2244 1206 2410 1258 ‚316
2461 1222 2633 1273 seqq„

1537 1269 2007 1322 Bohlen:1ndien
2038 1273 2115 1324 ΙΙ.
2151 1220 2278 1338 pfg.
2322 1276 2422 1326 182
2459 1291 2633 1341 seqq„

1538 1339 1606 1389 A.
1640 1340 1704 1390 Β.
1736 1340 2042 1392 Granville:
2075 1343 2160 1391 An
2179 1343 2359 1408 Essay
2389 1359 2459 1394 on
2486 1346 2636 1410 Egy-

1537 1409 1692 1474 ptian
1703 1411 1985 1461 mummies
1999 1410 2423 1478 (Philosophicai
2436 1415 2638 1465 Trans-

1538 1479 1772 1529 actions.
1805 1480 1958 1531 1825.
1996 1481 2058 1530 Ρ.
2094 1481 2175 1532 ΙΙ.
2215 1497 2271 1546 p.
2307 1483 2412 1533 269
2435 1484 2633 1550 seqq.‚)

1542 1548 1736 1600 Thom.
1785 1548 1899 1601 Ios.
1946 1550 2272 1615 Pettigrew·
2321 1551 2367 1601 A
2423 1551 2635 1618 history

1541 1618 1605 1666 of
1634 1618 1917 1682 Egyptian
1954 1620 2233 1671 mummies
2281 1621 2388 1671 and
2427 1637 2499 1672 an
2534 1623 2638 1673 Ac·

1543 1691 1711 1736 count
1746 1687 1808 1737 of
1845 1687 1940 1737 the
1988 1688 2223 1754 worship
2271 1692 2381 1741 and
2429 1691 2634 1742 embal-

1541 1756 1693 1820 ming
1730 1756 1793 1805 of
1823 1757 1914 1806 the
1946 1756 2138 1807 sacred
2165 1758 2398 1809 animals
2435 1760 2509 1824 by
2540 1760 2633 1811 the

1540 1825 1868 1889 Egyptians,
1896 1827 2029 1876 with
2052 1827 2297 1878 remarks
2318 1855 2375 1864 —
2409 1829 2518 1879 and
2540 1830 2633 1879 ob·

1542 1895 1846 1945 servations
1884 1910 1956 1947 on
1991 1895 2081 1946 the
2126 1897 2407 1947 mummies
2446 1899 2507 1948 of
2539 1898 2631 1948 the

1539 1963 1758 2027 Canary
1796 1963 2041 2027 Islands,
2080 1965 2141 2015 of
2172 1966 2263 2016 the
2285 1967 2508 2017 ancient
2530 1968 2632 2017 Pe-

1539 2033 1790 2095 ruvians,
1827 2034 2094 2084 But-mans
2114 2039 2219 2085 etc.
2256 2036 2432 2087 Lond.
2473 2036 2628 2099 1834,

1539 2117 1605 2152 ac
1627 2102 1917 2167 praecipue
1940 2103 2042 2154 Iul.
2056 2104 2327 2170 Magnus:
2364 2106 2481 2155 Das
2498 2107 2631 2157 Ein-

1537 2170 1872 2223 balsamiren
1909 2173 2003 2223 der
2041 2173 2282 2224 Leichen
2316 2174 2373 2224 in
2402 2174 2542 2224 alter
2571 2192 2630 2227 ιι.

1539 2256 1706 2290 neuer
1727 2243 1866 2294 Zeit.
1903 2243 2345 2307 Braunschweig.
2384 2242 2536 2295 1839.
2573 2262 2626 2310 p.

1539 2312 1605 2361 22
1644 2327 1815 2376 seqq„
1855 2313 1949 2376 qui
1985 2312 2126 2362 idem
2148 2329 2201 2377 p.
2232 2315 2301 2363 45
2333 2312 2471 2363 alios
2499 2329 2634 2380 quo-

1537 2394 1643 2443 que
1665 2379 1914 2431 laudavit
1926 2381 2073 2430 viros
2091 2383 2304 2443 doctos,
2320 2383 2412 2446 qui
2430 2384 2497 2433 de
2517 2399 2631 2435 mu—

1535 2449 1661 2498 miis
1701 2455 2086 2514 exposuerunt,
2122 2451 2265 2505 inter
2299 2466 2432 2515 quos
2464 2467 2629 2503 unum

1534 2519 1880 2581 potissimum
1927 2517 2184 2569 attulisse
2235 2519 2476 2570 sufficiat
2537 2522 2631 2571 do-

1533 2592 1682 2638 ctum
1723 2588 1963 2649 Gallum,
2010 2590 2256 2653 Rouger=
2303 2589 2499 2640 Notice
2535 2606 2630 2640 sur

1533 2655 1612 2704 les
1639 2657 2071 2709 embaumemens
2104 2657 2200 2706 des
2227 2658 2451 2708 enciens
2481 2659 2629 2724 Egy-

1531 2726 1712 2790 ptieus
1744 2726 1829 2775 in:
1868 2725 2143 2790 Descript.
2173 2725 2241 2776 (le
2277 2724 2525 2791 l'Egypt.
2556 2729 2624 2777 T.

1534 2795 1633 2843 VI.
1675 2811 1727 2859 p.
1765 2795 1863 2845 461
1906 2810 2059 2859 seqq.
2126 2795 2337 2857 Quibus
2375 2797 2627 2846 omnibus

1536 2878 1636 2913 suo
1669 2863 1793 2913 loco
1840 2869 2074 2914 utemur.
2147 2864 2255 2914 Hic
2301 2865 2357 2913 in
2411 2865 2628 2915 uuiver-

1535 2947 1656 2983 sum
1691 2948 1969 2982 monemus
2007 2938 2062 2983 et
2098 2949 2163 2983 ex
2198 2933 2455 2984 Minutoli
2486 2934 2626 2985 libro

1537 3000 1575 3052 l.
1613 3017 1739 3067 pag.
1776 3002 1869 3053 191
1911 3018 2026 3067 seq.
2064 3003 2386 3067 repetimus,
2427 3020 2629 3055 morem

1537 3072 1703 3121 istum
1730 3072 2021 3122 condiendi
2048 3072 2339 3134 cadavera,
2366 3088 2626 3138 perquam

1536 3145 1841 3205 vetustum,
1880 3157 1989 3195 nou
2026 3140 2198 3192 solum
2236 3142 2447 3206 priscas
2480 3143 2629 3208 apud

1536 3215 1746 3275 gentes,
1771 3226 1906 3274 quas
1926 3211 2175 3260 novimus
2193 3212 2517 3274 obtinuisse,
2539 3228 2630 3262 ve-

1535 3295 1654 3331 rum
1691 3281 1855 3329 etiam
1892 3281 1947 3328 iu
1972 3280 2287 3346 regionibus
2328 3296 2516 3331 recens
2540 3279 2629 3329 de—

1535 3350 1699 3398 tectis
1737 3349 1883 3413 apud
1927 3349 2207 3399 Perusnos
2253 3354 2420 3414 etque
2457 3350 2628 3399 Mezi-

1535 3432 1701 3471 canos
1736 3424 1953 3482 reperta
1996 3433 2117 3467 esse
2162 3418 2435 3467 cadavera
2480 3417 2628 3467 simi·

1534 3485 1641 3535 lem
1663 3485 1718 3534 in
1741 3487 1980 3546 modum,
2021 3491 2126 3550 qno
2154 3485 2298 3550 apud
2324 3485 2628 3550 Aegyptios

1536 3554 2038 3615 fiebat‚conditaat
2077 3569 2144 3603 ue
2157 3554 2417 3618 reposita.
2460 3552 2630 3603 Plura
2686 3590 2699 3603 .

1538 3623 1651 3674 vid.
1692 3623 1749 3672 in
1784 3623 1922 3675 libro
1956 3571 2209 3673 lanzata.
2249 3622 2545 3687 Pettigrew
2579 3623 2628 3672 A

1535 3693 1748 3756 history
1786 3698 1890 3743 etc.
1928 3697 1983 3741 et
2010 3691 2157 3756 apud
2181 3692 2416 3757 Magnus
2450 3707 2502 3756 p.
2541 3690 2629 3754 64,

1536 3762 1724 3812 Fritze
1758 3759 1797 3812 l.
1834 3775 1960 3810 mox
1995 3760 2032 3810 l.
2060 3776 2188 3826 pag.
2220 3760 2288 3812 38
2325 3774 2440 3825 seq.
2493 3759 2632 3811 Cau-

1539 3847 1636 3881 sae
1671 3844 1834 3891 vero,
1884 3843 2023 3894 quae
2059 3829 2360 3894 Aegyptios
2400 3844 2631 3880 commo-

1537 3900 1745 3961 verint,
1795 3902 1856 3948 ut
1905 3903 2018 3948 tam
2068 3913 2297 3962 operose
2345 3898 2629 3949 condirent

1540 3969 1919 4020 defunctorum
1967 3967 2267 4027 cadavera,
2316 3965 2496 4031 plures
2541 3983 2631 4017 ex-

1540 4041 1717 4099 stant,
1756 4039 1824 4088 de
1853 4037 2052 4103 quibus
2078 4036 2191 4087 vid.
2225 4037 2529 4087 Excursum
2556 4036 2630 4087 ad

1536 4108 1595 4161 h
1580 4105 1833 4225 golan*
1795 4188 1867 4222 αν
1902 4163 2252 4238 ἀπογένηται
2290 4163 2351 4221 ἐκ
2385 4170 2501 4221 τῶν
2538 4167 2631 4221 οἰ-

1539 4262 1573 4294 κ
1587 4260 1621 4308 η
1634 4240 1710 4292 ἴω
1724 4258 1757 4291 ν
1767 4233 2109 4308 ανθρωπος]
2120 4241 2310 4293 Edidit
2323 4240 2629 4307 Schweigh.

1543 4314 1728 4378 (quem
1765 4311 1945 4363 Gaisf.
1995 4316 2052 4361 et
2095 4315 2327 4362 reeentt.
2378 4310 2503 4361 edd.
2550 4325 2632 4360 se-

1543 4382 1658 4433 cuti
1696 4380 1847 4446 sunt)
1885 4387 1940 4431 et
1977 4379 2231 4430 hocloco
2281 4384 2336 4430 et
2381 4378 2633 4444 sequenti

2134 4461 2214 4521 39

2035 846 2207 901 τοῖσι
2250 862 2337 902 αν
2379 829 2625 922 ἇπογέ·
2648 840 2728 901 85
