<?xml version="1.0" encoding="UTF-8"?>
<!DOCTYPE html PUBLIC "-//W3C//DTD XHTML 1.0 Transitional//EN"
    "http://www.w3.org/TR/xhtml1/DTD/xhtml1-transitional.dtd">
<html xmlns="http://www.w3.org/1999/xhtml" xml:lang="en" lang="en">
 <head>
  <title>
</title>
<meta http-equiv="Content-Type" content="text/html;charset=utf-8" />
  <meta name='ocr-system' content='tesseract 3.04.00' />
  <meta name='ocr-capabilities' content='ocr_page ocr_carea ocr_par ocr_line ocrx_word'/>
</head>
<body>
  <div class='ocr_page' id='page_1' title='image "./herodotihalicar02unkngoog_0894.png"; bbox 0 0 3109 5092; ppageno 0'>
   <div class='ocr_carea' id='block_1_1' title="bbox 523 277 2003 344">
    <p class='ocr_par' dir='ltr' id='par_1_1' title="bbox 523 277 2003 344">
     <span class='ocr_line' id='line_1_1' title="bbox 523 277 2003 344; baseline 0.001 -4"><span class='ocrx_word' id='word_1_1' title='bbox 523 277 646 341; x_wconf 80' lang='lat'><strong>864</strong></span> <span class='ocrx_word' id='word_1_2' title='bbox 1310 281 1854 344; x_wconf 82' lang='lat' dir='ltr'>EXCURSUS</span> <span class='ocrx_word' id='word_1_3' title='bbox 1902 282 2003 342; x_wconf 84' lang='lat' dir='ltr'><strong>IX</strong></span> 
     </span>
    </p>
   </div>
   <div class='ocr_carea' id='block_1_2' title="bbox 960 535 2365 752">
    <p class='ocr_par' dir='ltr' id='par_1_2' title="bbox 960 535 2365 752">
     <span class='ocr_line' id='line_1_2' title="bbox 1245 535 2066 612; baseline 0.001 -3"><span class='ocrx_word' id='word_1_4' title='bbox 1245 535 1888 612; x_wconf 82' lang='lat' dir='ltr'><strong>EXCURSUS</strong></span> <span class='ocrx_word' id='word_1_5' title='bbox 1946 535 2066 610; x_wconf 90' lang='lat' dir='ltr'><strong>IX</strong></span> 
     </span>
     <span class='ocr_line' id='line_1_3' title="bbox 960 666 2365 752; baseline 0.001 -21"><span class='ocrx_word' id='word_1_6' title='bbox 960 666 1135 731; x_wconf 94' lang='lat' dir='ltr'><strong>AD</strong></span> <span class='ocrx_word' id='word_1_7' title='bbox 1223 668 1935 736; x_wconf 84' lang='lat' dir='ltr'><strong>HERODOT.</strong></span> <span class='ocrx_word' id='word_1_8' title='bbox 2025 668 2365 752; x_wconf 83' lang='lat'><strong>11‚102.</strong></span> 
     </span>
    </p>
   </div>
   <div class='ocr_carea' id='block_1_3' title="bbox 1514 820 1773 831">
    <p class='ocr_par' dir='ltr' id='par_1_3' title="bbox 1514 820 1773 831">
     <span class='ocr_line' id='line_1_4' title="bbox 1514 820 1773 831; baseline 0 0"><span class='ocrx_word' id='word_1_9' title='bbox 1514 820 1773 831; x_wconf 95' lang='lat' dir='ltr'><strong> </strong></span> 
     </span>
    </p>
   </div>
   <div class='ocr_carea' id='block_1_4' title="bbox 1354 898 1944 956">
    <p class='ocr_par' dir='ltr' id='par_1_4' title="bbox 1354 898 1944 956">
     <span class='ocr_line' id='line_1_5' title="bbox 1354 898 1944 956; baseline -0.002 -1"><span class='ocrx_word' id='word_1_10' title='bbox 1354 898 1454 955; x_wconf 82' lang='lat' dir='ltr'><strong>De</strong></span> <span class='ocrx_word' id='word_1_11' title='bbox 1511 898 1944 956; x_wconf 63' lang='lat' dir='ltr'><strong>Sero-stride.</strong></span> 
     </span>
    </p>
   </div>
   <div class='ocr_carea' id='block_1_5' title="bbox 516 1008 2829 3283">
    <p class='ocr_par' dir='ltr' id='par_1_5' title="bbox 516 1008 2829 3283">
     <span class='ocr_line' id='line_1_6' title="bbox 689 1008 2829 1087; baseline -0 -20"><span class='ocrx_word' id='word_1_12' title='bbox 689 1014 774 1067; x_wconf 88' lang='lat' dir='ltr'><strong>De</strong></span> <span class='ocrx_word' id='word_1_13' title='bbox 808 1018 1100 1072; x_wconf 65' lang='lat' dir='ltr'><strong>&amp;nostr-ide</strong></span> <span class='ocrx_word' id='word_1_14' title='bbox 1142 1033 1285 1086; x_wconf 88' lang='lat' dir='ltr'><strong>quae</strong></span> <span class='ocrx_word' id='word_1_15' title='bbox 1320 1026 1571 1070; x_wconf 79' lang='lat' dir='ltr'><strong>veterum</strong></span> <span class='ocrx_word' id='word_1_16' title='bbox 1612 1017 1942 1087; x_wconf 90' lang='lat' dir='ltr'><strong>scriptorum</strong></span> <span class='ocrx_word' id='word_1_17' title='bbox 1977 1035 2007 1069; x_wconf 88' lang='lat' dir='ltr'><strong>e</strong></span> <span class='ocrx_word' id='word_1_18' title='bbox 2040 1017 2177 1070; x_wconf 89' lang='lat' dir='ltr'><strong>locis</strong></span> <span class='ocrx_word' id='word_1_19' title='bbox 2208 1024 2375 1086; x_wconf 88' lang='lat' dir='ltr'><strong>atque</strong></span> <span class='ocrx_word' id='word_1_20' title='bbox 2416 1016 2679 1068; x_wconf 77' lang='lat' dir='ltr'><strong>virorum</strong></span> <span class='ocrx_word' id='word_1_21' title='bbox 2706 1008 2829 1067; x_wconf 36' lang='lat' dir='ltr'><strong>*do-</strong></span> 
     </span>
     <span class='ocr_line' id='line_1_7' title="bbox 519 1099 2824 1171; baseline -0 -20"><span class='ocrx_word' id='word_1_22' title='bbox 519 1106 728 1152; x_wconf 89' lang='lat' dir='ltr'><strong>ctorum</strong></span> <span class='ocrx_word' id='word_1_23' title='bbox 776 1100 1252 1170; x_wconf 73' lang='lat' dir='ltr'><strong>disputationibus</strong></span> <span class='ocrx_word' id='word_1_24' title='bbox 1292 1108 1580 1171; x_wconf 78' lang='lat' dir='ltr'><strong>constant,</strong></span> <span class='ocrx_word' id='word_1_25' title='bbox 1650 1102 1843 1154; x_wconf 88' lang='lat' dir='ltr'><strong>retulit</strong></span> <span class='ocrx_word' id='word_1_26' title='bbox 1883 1102 2062 1155; x_wconf 80' lang='lat' dir='ltr'><strong>Beck:</strong></span> <span class='ocrx_word' id='word_1_27' title='bbox 2109 1101 2337 1169; x_wconf 84' lang='lat' dir='ltr'><strong>Allgem.</strong></span> <span class='ocrx_word' id='word_1_28' title='bbox 2370 1099 2733 1167; x_wconf 79' lang='lat' dir='ltr'><strong>Weltgesch.</strong></span> <span class='ocrx_word' id='word_1_29' title='bbox 2772 1099 2824 1150; x_wconf 86' lang='lat'><strong>1.</strong></span> 
     </span>
     <span class='ocr_line' id='line_1_8' title="bbox 518 1183 2824 1256; baseline -0.001 -20"><span class='ocrx_word' id='word_1_30' title='bbox 518 1203 573 1255; x_wconf 89' lang='lat' dir='ltr'><strong>p.</strong></span> <span class='ocrx_word' id='word_1_31' title='bbox 610 1189 714 1243; x_wconf 88' lang='lat'><strong>699</strong></span> <span class='ocrx_word' id='word_1_32' title='bbox 744 1184 867 1237; x_wconf 91' lang='lat' dir='ltr'><strong>coll.</strong></span> <span class='ocrx_word' id='word_1_33' title='bbox 897 1186 1151 1239; x_wconf 86' lang='lat' dir='ltr'><strong>Heeren:</strong></span> <span class='ocrx_word' id='word_1_34' title='bbox 1187 1187 1353 1238; x_wconf 86' lang='lat' dir='ltr'><strong>Ideen</strong></span> <span class='ocrx_word' id='word_1_35' title='bbox 1387 1187 1527 1255; x_wconf 81' lang='lat'><strong>11,2.</strong></span> <span class='ocrx_word' id='word_1_36' title='bbox 1560 1192 1736 1256; x_wconf 81' lang='lat' dir='ltr'><strong>p.316</strong></span> <span class='ocrx_word' id='word_1_37' title='bbox 1768 1192 1824 1239; x_wconf 89' lang='lat' dir='ltr'><strong>et</strong></span> <span class='ocrx_word' id='word_1_38' title='bbox 1849 1187 2036 1255; x_wconf 85' lang='lat' dir='ltr'><strong>Zoega</strong></span> <span class='ocrx_word' id='word_1_39' title='bbox 2067 1186 2136 1238; x_wconf 90' lang='lat' dir='ltr'><strong>de</strong></span> <span class='ocrx_word' id='word_1_40' title='bbox 2167 1186 2421 1239; x_wconf 87' lang='lat' dir='ltr'><strong>obeliscc.</strong></span> <span class='ocrx_word' id='word_1_41' title='bbox 2459 1203 2516 1255; x_wconf 86' lang='lat' dir='ltr'><strong>p.</strong></span> <span class='ocrx_word' id='word_1_42' title='bbox 2543 1189 2677 1249; x_wconf 75' lang='lat'><strong>577,</strong></span> <span class='ocrx_word' id='word_1_43' title='bbox 2719 1183 2824 1254; x_wconf 90' lang='lat' dir='ltr'><strong>qui</strong></span> 
     </span>
     <span class='ocr_line' id='line_1_9' title="bbox 516 1268 2820 1341; baseline -0 -21"><span class='ocrx_word' id='word_1_44' title='bbox 516 1269 659 1320; x_wconf 88' lang='lat' dir='ltr'><strong>idem</strong></span> <span class='ocrx_word' id='word_1_45' title='bbox 691 1276 934 1321; x_wconf 83' lang='lat' dir='ltr'><strong>veterum</strong></span> <span class='ocrx_word' id='word_1_46' title='bbox 969 1270 1117 1323; x_wconf 89' lang='lat' dir='ltr'><strong>locos</strong></span> <span class='ocrx_word' id='word_1_47' title='bbox 1150 1271 1217 1322; x_wconf 91' lang='lat' dir='ltr'><strong>de</strong></span> <span class='ocrx_word' id='word_1_48' title='bbox 1249 1271 1350 1322; x_wconf 87' lang='lat' dir='ltr'><strong>hoc</strong></span> <span class='ocrx_word' id='word_1_49' title='bbox 1379 1289 1509 1339; x_wconf 85' lang='lat' dir='ltr'><strong>rege</strong></span> <span class='ocrx_word' id='word_1_50' title='bbox 1538 1270 1797 1323; x_wconf 89' lang='lat' dir='ltr'><strong>collectos</strong></span> <span class='ocrx_word' id='word_1_51' title='bbox 1826 1271 2061 1324; x_wconf 85' lang='lat' dir='ltr'><strong>exhibet.</strong></span> <span class='ocrx_word' id='word_1_52' title='bbox 2130 1273 2287 1325; x_wconf 81' lang='lat' dir='ltr'><strong>Inter</strong></span> <span class='ocrx_word' id='word_1_53' title='bbox 2324 1287 2466 1341; x_wconf 88' lang='lat' dir='ltr'><strong>quos</strong></span> <span class='ocrx_word' id='word_1_54' title='bbox 2497 1268 2820 1339; x_wconf 85' lang='lat' dir='ltr'><strong>primarius</strong></span> 
     </span>
     <span class='ocr_line' id='line_1_10' title="bbox 517 1351 2819 1426; baseline -0 -21"><span class='ocrx_word' id='word_1_55' title='bbox 517 1360 606 1405; x_wconf 82' lang='lat' dir='ltr'><strong>est</strong></span> <span class='ocrx_word' id='word_1_56' title='bbox 635 1352 865 1405; x_wconf 90' lang='lat' dir='ltr'><strong>Diodori</strong></span> <span class='ocrx_word' id='word_1_57' title='bbox 892 1351 1049 1406; x_wconf 90' lang='lat' dir='ltr'><strong>locus</strong></span> <span class='ocrx_word' id='word_1_58' title='bbox 1081 1354 1125 1421; x_wconf 90' lang='lat'><strong>1,</strong></span> <span class='ocrx_word' id='word_1_59' title='bbox 1160 1359 1226 1412; x_wconf 83' lang='lat'><strong>53</strong></span> <span class='ocrx_word' id='word_1_60' title='bbox 1250 1372 1428 1424; x_wconf 89' lang='lat' dir='ltr'><strong>seqq.,</strong></span> <span class='ocrx_word' id='word_1_61' title='bbox 1461 1355 1558 1425; x_wconf 89' lang='lat' dir='ltr'><strong>qui</strong></span> <span class='ocrx_word' id='word_1_62' title='bbox 1591 1356 1661 1408; x_wconf 92' lang='lat' dir='ltr'><strong>de</strong></span> <span class='ocrx_word' id='word_1_63' title='bbox 1696 1355 1800 1408; x_wconf 86' lang='lat' dir='ltr'><strong>hoc</strong></span> <span class='ocrx_word' id='word_1_64' title='bbox 1837 1374 1987 1425; x_wconf 88' lang='lat' dir='ltr'><strong>rege,</strong></span> <span class='ocrx_word' id='word_1_65' title='bbox 2036 1373 2222 1408; x_wconf 90' lang='lat' dir='ltr'><strong>omnes</strong></span> <span class='ocrx_word' id='word_1_66' title='bbox 2255 1355 2472 1426; x_wconf 79' lang='lat' dir='ltr'><strong>priores</strong></span> <span class='ocrx_word' id='word_1_67' title='bbox 2505 1371 2683 1421; x_wconf 79' lang='lat' dir='ltr'><strong>reges</strong></span> <span class='ocrx_word' id='word_1_68' title='bbox 2724 1372 2819 1405; x_wconf 87' lang='lat' dir='ltr'><strong>re-</strong></span> 
     </span>
     <span class='ocr_line' id='line_1_11' title="bbox 518 1437 2818 1508; baseline 0 -21"><span class='ocrx_word' id='word_1_69' title='bbox 518 1438 625 1488; x_wconf 89' lang='lat' dir='ltr'><strong>bus</strong></span> <span class='ocrx_word' id='word_1_70' title='bbox 678 1437 854 1505; x_wconf 86' lang='lat' dir='ltr'><strong>gestis</strong></span> <span class='ocrx_word' id='word_1_71' title='bbox 915 1438 1078 1507; x_wconf 84' lang='lat' dir='ltr'><strong>longe</strong></span> <span class='ocrx_word' id='word_1_72' title='bbox 1126 1446 1456 1508; x_wconf 75' lang='lat' dir='ltr'><strong>superante,</strong></span> <span class='ocrx_word' id='word_1_73' title='bbox 1510 1456 1631 1491; x_wconf 91' lang='lat' dir='ltr'><strong>cum</strong></span> <span class='ocrx_word' id='word_1_74' title='bbox 1680 1440 1904 1493; x_wconf 82' lang='lat' dir='ltr'><strong>diversa</strong></span> <span class='ocrx_word' id='word_1_75' title='bbox 1946 1446 2174 1493; x_wconf 90' lang='lat' dir='ltr'><strong>narrent</strong></span> <span class='ocrx_word' id='word_1_76' title='bbox 2226 1446 2283 1493; x_wconf 93' lang='lat' dir='ltr'><strong>et</strong></span> <span class='ocrx_word' id='word_1_77' title='bbox 2325 1439 2528 1491; x_wconf 88' lang='lat' dir='ltr'><strong>Graeci</strong></span> <span class='ocrx_word' id='word_1_78' title='bbox 2578 1446 2639 1490; x_wconf 90' lang='lat' dir='ltr'><strong>et</strong></span> <span class='ocrx_word' id='word_1_79' title='bbox 2700 1438 2818 1507; x_wconf 88' lang='lat' dir='ltr'><strong>ipsi</strong></span> 
     </span>
     <span class='ocr_line' id='line_1_12' title="bbox 518 1519 2815 1595; baseline 0 -22"><span class='ocrx_word' id='word_1_80' title='bbox 518 1519 811 1591; x_wconf 79' lang='lat' dir='ltr'>Aegyptii,</span> <span class='ocrx_word' id='word_1_81' title='bbox 862 1541 923 1574; x_wconf 89' lang='lat' dir='ltr'><strong>se</strong></span> <span class='ocrx_word' id='word_1_82' title='bbox 955 1522 1346 1575; x_wconf 74' lang='lat' dir='ltr'><strong>verisimillima</strong></span> <span class='ocrx_word' id='word_1_83' title='bbox 1385 1529 1440 1575; x_wconf 87' lang='lat' dir='ltr'><strong>et</strong></span> <span class='ocrx_word' id='word_1_84' title='bbox 1467 1541 1587 1576; x_wconf 90' lang='lat' dir='ltr'><strong>cum</strong></span> <span class='ocrx_word' id='word_1_85' title='bbox 1619 1525 1720 1591; x_wconf 90' lang='lat' dir='ltr'><strong>iis,</strong></span> <span class='ocrx_word' id='word_1_86' title='bbox 1771 1542 1913 1595; x_wconf 88' lang='lat' dir='ltr'><strong>quae</strong></span> <span class='ocrx_word' id='word_1_87' title='bbox 1946 1525 2001 1578; x_wconf 94' lang='lat' dir='ltr'><strong>in</strong></span> <span class='ocrx_word' id='word_1_88' title='bbox 2037 1525 2290 1594; x_wconf 80' lang='lat' dir='ltr'><strong>Aegypto</strong></span> <span class='ocrx_word' id='word_1_89' title='bbox 2320 1523 2645 1593; x_wconf 83' lang='lat' dir='ltr'><strong>supersint,</strong></span> <span class='ocrx_word' id='word_1_90' title='bbox 2694 1541 2815 1575; x_wconf 86' lang='lat' dir='ltr'><strong>mo-</strong></span> 
     </span>
     <span class='ocr_line' id='line_1_13' title="bbox 520 1607 2815 1679; baseline 0 -21"><span class='ocrx_word' id='word_1_91' title='bbox 520 1607 796 1659; x_wconf 88' lang='lat' dir='ltr'><strong>numentis</strong></span> <span class='ocrx_word' id='word_1_92' title='bbox 839 1609 1064 1660; x_wconf 81' lang='lat' dir='ltr'><strong>maxime</strong></span> <span class='ocrx_word' id='word_1_93' title='bbox 1100 1609 1463 1677; x_wconf 78' lang='lat' dir='ltr'><strong>congruentia</strong></span> <span class='ocrx_word' id='word_1_94' title='bbox 1505 1616 1888 1662; x_wconf 87' lang='lat' dir='ltr'><strong>enarraturum</strong></span> <span class='ocrx_word' id='word_1_95' title='bbox 1932 1628 2058 1662; x_wconf 87' lang='lat' dir='ltr'><strong>esse</strong></span> <span class='ocrx_word' id='word_1_96' title='bbox 2102 1610 2399 1679; x_wconf 85' lang='lat' dir='ltr'><strong>profitetur</strong></span> <span class='ocrx_word' id='word_1_97' title='bbox 2435 1625 2499 1659; x_wconf 93' lang='lat' dir='ltr'><strong>ac</strong></span> <span class='ocrx_word' id='word_1_98' title='bbox 2527 1607 2815 1675; x_wconf 82' lang='lat' dir='ltr'><strong>deinceps</strong></span> 
     </span>
     <span class='ocr_line' id='line_1_14' title="bbox 520 1690 2813 1763; baseline 0 -22"><span class='ocrx_word' id='word_1_99' title='bbox 520 1690 773 1759; x_wconf 86' lang='lat' dir='ltr'><strong>singulas</strong></span> <span class='ocrx_word' id='word_1_100' title='bbox 804 1711 896 1745; x_wconf 88' lang='lat' dir='ltr'><strong>res</strong></span> <span class='ocrx_word' id='word_1_101' title='bbox 932 1694 1000 1745; x_wconf 91' lang='lat' dir='ltr'><strong>ab</strong></span> <span class='ocrx_word' id='word_1_102' title='bbox 1032 1694 1133 1745; x_wconf 90' lang='lat' dir='ltr'><strong>hoc</strong></span> <span class='ocrx_word' id='word_1_103' title='bbox 1164 1711 1293 1762; x_wconf 84' lang='lat' dir='ltr'><strong>rege</strong></span> <span class='ocrx_word' id='word_1_104' title='bbox 1324 1700 1546 1761; x_wconf 81' lang='lat' dir='ltr'><strong>gestas,</strong></span> <span class='ocrx_word' id='word_1_105' title='bbox 1598 1694 1978 1763; x_wconf 81' lang='lat' dir='ltr'><strong>expeditiones</strong></span> <span class='ocrx_word' id='word_1_106' title='bbox 2010 1693 2264 1761; x_wconf 85' lang='lat' dir='ltr'><strong>bellicas,</strong></span> <span class='ocrx_word' id='word_1_107' title='bbox 2313 1693 2517 1763; x_wconf 87' lang='lat' dir='ltr'><strong>quibus</strong></span> <span class='ocrx_word' id='word_1_108' title='bbox 2546 1691 2644 1743; x_wconf 89' lang='lat' dir='ltr'><strong>ille</strong></span> <span class='ocrx_word' id='word_1_109' title='bbox 2680 1699 2813 1743; x_wconf 86' lang='lat' dir='ltr'><strong>tan-</strong></span> 
     </span>
     <span class='ocr_line' id='line_1_15' title="bbox 518 1776 2812 1848; baseline -0 -22"><span class='ocrx_word' id='word_1_110' title='bbox 518 1784 711 1844; x_wconf 89' lang='lat' dir='ltr'><strong>topere</strong></span> <span class='ocrx_word' id='word_1_111' title='bbox 744 1776 1017 1846; x_wconf 88' lang='lat' dir='ltr'><strong>inclaruit,</strong></span> <span class='ocrx_word' id='word_1_112' title='bbox 1055 1778 1179 1844; x_wconf 87' lang='lat' dir='ltr'><strong>alia,</strong></span> <span class='ocrx_word' id='word_1_113' title='bbox 1211 1787 1464 1830; x_wconf 86' lang='lat' dir='ltr'><strong>accurate</strong></span> <span class='ocrx_word' id='word_1_114' title='bbox 1495 1779 1871 1848; x_wconf 73' lang='lat' dir='ltr'><strong>persequitur.</strong></span> <span class='ocrx_word' id='word_1_115' title='bbox 1933 1777 2480 1845; x_wconf 79' lang='lat' dir='ltr'><strong>AttigitSesostridis</strong></span> <span class='ocrx_word' id='word_1_116' title='bbox 2512 1794 2621 1841; x_wconf 88' lang='lat' dir='ltr'><strong>res,</strong></span> <span class='ocrx_word' id='word_1_117' title='bbox 2659 1777 2812 1827; x_wconf 86' lang='lat' dir='ltr'><strong>alios</strong></span> 
     </span>
     <span class='ocr_line' id='line_1_16' title="bbox 521 1861 2811 1932; baseline 0 -21"><span class='ocrx_word' id='word_1_118' title='bbox 521 1867 585 1912; x_wconf 86' lang='lat' dir='ltr'><strong>ut</strong></span> <span class='ocrx_word' id='word_1_119' title='bbox 629 1868 833 1913; x_wconf 88' lang='lat' dir='ltr'><strong>taceam</strong></span> <span class='ocrx_word' id='word_1_120' title='bbox 875 1880 908 1913; x_wconf 98' lang='lat' dir='ltr'><strong>a</strong></span> <span class='ocrx_word' id='word_1_121' title='bbox 950 1862 1323 1931; x_wconf 85' lang='lat' dir='ltr'><strong>Wesselingio</strong></span> <span class='ocrx_word' id='word_1_122' title='bbox 1374 1863 1440 1914; x_wconf 93' lang='lat' dir='ltr'><strong>ad</strong></span> <span class='ocrx_word' id='word_1_123' title='bbox 1486 1863 1714 1915; x_wconf 91' lang='lat' dir='ltr'><strong>Diodori</strong></span> <span class='ocrx_word' id='word_1_124' title='bbox 1765 1862 1801 1914; x_wconf 91' lang='lat' dir='ltr'><strong>l.</strong></span> <span class='ocrx_word' id='word_1_125' title='bbox 1851 1863 2135 1930; x_wconf 86' lang='lat' dir='ltr'><strong>laudatos,</strong></span> <span class='ocrx_word' id='word_1_126' title='bbox 2190 1861 2516 1932; x_wconf 85' lang='lat' dir='ltr'><strong>Apollonius</strong></span> <span class='ocrx_word' id='word_1_127' title='bbox 2573 1877 2811 1931; x_wconf 85' lang='lat' dir='ltr'><strong>quoque</strong></span> 
     </span>
     <span class='ocr_line' id='line_1_17' title="bbox 519 1944 2811 2017; baseline 0 -22"><span class='ocrx_word' id='word_1_128' title='bbox 519 1944 698 1997; x_wconf 89' lang='lat' dir='ltr'><strong>Rhod.</strong></span> <span class='ocrx_word' id='word_1_129' title='bbox 733 1946 944 2015; x_wconf 83' lang='lat' dir='ltr'><strong>Argon.</strong></span> <span class='ocrx_word' id='word_1_130' title='bbox 979 1947 1074 2013; x_wconf 87' lang='lat' dir='ltr'><strong>IV,</strong></span> <span class='ocrx_word' id='word_1_131' title='bbox 1103 1951 1235 2015; x_wconf 80' lang='lat'><strong>272,</strong></span> <span class='ocrx_word' id='word_1_132' title='bbox 1288 1948 1381 2000; x_wconf 91' lang='lat' dir='ltr'><strong>ubi</strong></span> <span class='ocrx_word' id='word_1_133' title='bbox 1427 1946 1538 1999; x_wconf 84' lang='lat' dir='ltr'><strong>vid.</strong></span> <span class='ocrx_word' id='word_1_134' title='bbox 1574 1947 1827 2014; x_wconf 77' lang='lat' dir='ltr'><strong>Scholia,</strong></span> <span class='ocrx_word' id='word_1_135' title='bbox 1884 1947 1939 1998; x_wconf 91' lang='lat' dir='ltr'><strong>in</strong></span> <span class='ocrx_word' id='word_1_136' title='bbox 1972 1948 2177 2017; x_wconf 88' lang='lat' dir='ltr'><strong>quibus</strong></span> <span class='ocrx_word' id='word_1_137' title='bbox 2218 1954 2276 1999; x_wconf 91' lang='lat' dir='ltr'><strong>et</strong></span> <span class='ocrx_word' id='word_1_138' title='bbox 2303 1946 2705 2014; x_wconf 83' lang='lat' dir='ltr'><strong>Theopompus</strong></span> <span class='ocrx_word' id='word_1_139' title='bbox 2752 1951 2811 1996; x_wconf 88' lang='lat' dir='ltr'><strong>et</strong></span> 
     </span>
     <span class='ocr_line' id='line_1_18' title="bbox 522 2029 2811 2101; baseline -0 -21"><span class='ocrx_word' id='word_1_140' title='bbox 522 2029 892 2083; x_wconf 78' lang='lat' dir='ltr'><strong>Dicaearchus</strong></span> <span class='ocrx_word' id='word_1_141' title='bbox 923 2031 1247 2100; x_wconf 76' lang='lat' dir='ltr'><strong>laudantur,</strong></span> <span class='ocrx_word' id='word_1_142' title='bbox 1292 2032 1386 2101; x_wconf 92' lang='lat' dir='ltr'><strong>qui</strong></span> <span class='ocrx_word' id='word_1_143' title='bbox 1419 2032 1488 2083; x_wconf 90' lang='lat' dir='ltr'><strong>de</strong></span> <span class='ocrx_word' id='word_1_144' title='bbox 1518 2031 1835 2083; x_wconf 85' lang='lat' dir='ltr'><strong>Sesostride</strong></span> <span class='ocrx_word' id='word_1_145' title='bbox 1867 2038 1923 2084; x_wconf 89' lang='lat' dir='ltr'><strong>et</strong></span> <span class='ocrx_word' id='word_1_146' title='bbox 1963 2032 2072 2100; x_wconf 91' lang='lat' dir='ltr'><strong>ipsi</strong></span> <span class='ocrx_word' id='word_1_147' title='bbox 2106 2038 2499 2100; x_wconf 76' lang='lat' dir='ltr'><strong>exposuerant.</strong></span> <span class='ocrx_word' id='word_1_148' title='bbox 2566 2030 2811 2082; x_wconf 81' lang='lat' dir='ltr'><strong>Accedit</strong></span> 
     </span>
     <span class='ocr_line' id='line_1_19' title="bbox 521 2112 2806 2185; baseline 0 -21"><span class='ocrx_word' id='word_1_149' title='bbox 521 2112 753 2166; x_wconf 88' lang='lat' dir='ltr'><strong>Tacitus</strong></span> <span class='ocrx_word' id='word_1_150' title='bbox 798 2116 942 2168; x_wconf 82' lang='lat' dir='ltr'><strong>Ann.</strong></span> <span class='ocrx_word' id='word_1_151' title='bbox 991 2116 1077 2183; x_wconf 89' lang='lat'><strong>11,</strong></span> <span class='ocrx_word' id='word_1_152' title='bbox 1120 2121 1190 2174; x_wconf 84' lang='lat'><strong>60</strong></span> <span class='ocrx_word' id='word_1_153' title='bbox 1247 2134 1310 2169; x_wconf 87' lang='lat' dir='ltr'><strong>ea</strong></span> <span class='ocrx_word' id='word_1_154' title='bbox 1353 2117 1638 2184; x_wconf 80' lang='lat' dir='ltr'><strong>referens,</strong></span> <span class='ocrx_word' id='word_1_155' title='bbox 1701 2133 1842 2185; x_wconf 90' lang='lat' dir='ltr'><strong>quae</strong></span> <span class='ocrx_word' id='word_1_156' title='bbox 1890 2116 2217 2169; x_wconf 88' lang='lat' dir='ltr'><strong>Germanico</strong></span> <span class='ocrx_word' id='word_1_157' title='bbox 2263 2115 2488 2168; x_wconf 84' lang='lat' dir='ltr'><strong>Thebas</strong></span> <span class='ocrx_word' id='word_1_158' title='bbox 2530 2112 2806 2166; x_wconf 84' lang='lat' dir='ltr'><strong>invisenti</strong></span> 
     </span>
     <span class='ocr_line' id='line_1_20' title="bbox 521 2198 2804 2270; baseline 0 -22"><span class='ocrx_word' id='word_1_159' title='bbox 521 2206 855 2250; x_wconf 82' lang='lat' dir='ltr'><strong>enarrarunt</strong></span> <span class='ocrx_word' id='word_1_160' title='bbox 884 2199 1201 2251; x_wconf 80' lang='lat' dir='ltr'><strong>sacerdotes</strong></span> <span class='ocrx_word' id='word_1_161' title='bbox 1232 2200 1493 2270; x_wconf 80' lang='lat' dir='ltr'><strong>Aegyptii</strong></span> <span class='ocrx_word' id='word_1_162' title='bbox 1533 2200 1963 2269; x_wconf 86' lang='lat' dir='ltr'><strong>interpretantes</strong></span> <span class='ocrx_word' id='word_1_163' title='bbox 1996 2218 2089 2268; x_wconf 90' lang='lat' dir='ltr'><strong>ea,</strong></span> <span class='ocrx_word' id='word_1_164' title='bbox 2136 2217 2278 2270; x_wconf 89' lang='lat' dir='ltr'><strong>quae</strong></span> <span class='ocrx_word' id='word_1_165' title='bbox 2323 2200 2471 2252; x_wconf 87' lang='lat' dir='ltr'><strong>notis</strong></span> <span class='ocrx_word' id='word_1_166' title='bbox 2513 2198 2804 2267; x_wconf 79' lang='lat' dir='ltr'><strong>hierogly-</strong></span> 
     </span>
     <span class='ocr_line' id='line_1_21' title="bbox 524 2280 2801 2353; baseline 0 -22"><span class='ocrx_word' id='word_1_167' title='bbox 524 2281 699 2349; x_wconf 87' lang='lat' dir='ltr'><strong>phicis</strong></span> <span class='ocrx_word' id='word_1_168' title='bbox 750 2282 806 2333; x_wconf 89' lang='lat' dir='ltr'><strong>in</strong></span> <span class='ocrx_word' id='word_1_169' title='bbox 855 2290 1321 2337; x_wconf 88' lang='lat' dir='ltr'><strong>monumentorum</strong></span> <span class='ocrx_word' id='word_1_170' title='bbox 1364 2284 1671 2353; x_wconf 88' lang='lat' dir='ltr'><strong>parietibus</strong></span> <span class='ocrx_word' id='word_1_171' title='bbox 1718 2285 1785 2336; x_wconf 90' lang='lat' dir='ltr'><strong>de</strong></span> <span class='ocrx_word' id='word_1_172' title='bbox 1830 2285 1931 2336; x_wconf 92' lang='lat' dir='ltr'><strong>hoc</strong></span> <span class='ocrx_word' id='word_1_173' title='bbox 1961 2303 2092 2352; x_wconf 87' lang='lat' dir='ltr'><strong>rege</strong></span> <span class='ocrx_word' id='word_1_174' title='bbox 2125 2286 2327 2338; x_wconf 87' lang='lat' dir='ltr'><strong>tradita</strong></span> <span class='ocrx_word' id='word_1_175' title='bbox 2367 2292 2526 2336; x_wconf 88' lang='lat' dir='ltr'><strong>erant</strong></span> <span class='ocrx_word' id='word_1_176' title='bbox 2548 2281 2627 2350; x_wconf 82' lang='lat'><strong>¹⁸¹).</strong></span> <span class='ocrx_word' id='word_1_177' title='bbox 2714 2280 2801 2333; x_wconf 80' lang='lat' dir='ltr'><strong>Ad</strong></span> 
     </span>
     <span class='ocr_line' id='line_1_22' title="bbox 523 2365 2799 2439; baseline 0 -22"><span class='ocrx_word' id='word_1_178' title='bbox 523 2365 911 2419; x_wconf 86' lang='lat' dir='ltr'><strong>Manethonem</strong></span> <span class='ocrx_word' id='word_1_179' title='bbox 955 2367 1002 2419; x_wconf 87' lang='lat' dir='ltr'><strong>si</strong></span> <span class='ocrx_word' id='word_1_180' title='bbox 1043 2368 1380 2435; x_wconf 87' lang='lat' dir='ltr'><strong>accedimus,</strong></span> <span class='ocrx_word' id='word_1_181' title='bbox 1431 2376 1878 2421; x_wconf 86' lang='lat' dir='ltr'><strong>commemoratur</strong></span> <span class='ocrx_word' id='word_1_182' title='bbox 1919 2369 2113 2439; x_wconf 88' lang='lat' dir='ltr'><strong>utique</strong></span> <span class='ocrx_word' id='word_1_183' title='bbox 2152 2368 2207 2421; x_wconf 90' lang='lat' dir='ltr'><strong>in</strong></span> <span class='ocrx_word' id='word_1_184' title='bbox 2256 2369 2552 2438; x_wconf 81' lang='lat' dir='ltr'><strong>Excerptis</strong></span> <span class='ocrx_word' id='word_1_185' title='bbox 2597 2366 2799 2419; x_wconf 85' lang='lat' dir='ltr'><strong>Mane-</strong></span> 
     </span>
     <span class='ocr_line' id='line_1_23' title="bbox 524 2451 2799 2523; baseline 0 -21"><span class='ocrx_word' id='word_1_186' title='bbox 524 2451 806 2503; x_wconf 89' lang='lat' dir='ltr'><strong>thonianis</strong></span> <span class='ocrx_word' id='word_1_187' title='bbox 862 2453 1007 2522; x_wconf 90' lang='lat' dir='ltr'><strong>apud</strong></span> <span class='ocrx_word' id='word_1_188' title='bbox 1055 2452 1367 2520; x_wconf 80' lang='lat' dir='ltr'><strong>Syncellum</strong></span> <span class='ocrx_word' id='word_1_189' title='bbox 1425 2471 1480 2523; x_wconf 88' lang='lat' dir='ltr'><strong>p.</strong></span> <span class='ocrx_word' id='word_1_190' title='bbox 1528 2458 1600 2512; x_wconf 88' lang='grc'><strong>60</strong></span> <span class='ocrx_word' id='word_1_191' title='bbox 1648 2453 1767 2505; x_wconf 83' lang='lat' dir='ltr'><strong>sive</strong></span> <span class='ocrx_word' id='word_1_192' title='bbox 1810 2472 1863 2523; x_wconf 90' lang='lat' dir='ltr'><strong>p.</strong></span> <span class='ocrx_word' id='word_1_193' title='bbox 1913 2460 2014 2512; x_wconf 79' lang='lat'><strong>112</strong></span> <span class='ocrx_word' id='word_1_194' title='bbox 2072 2454 2157 2506; x_wconf 91' lang='lat' dir='ltr'><strong>ed.</strong></span> <span class='ocrx_word' id='word_1_195' title='bbox 2210 2454 2391 2505; x_wconf 89' lang='lat' dir='ltr'><strong>Bonn.</strong></span> <span class='ocrx_word' id='word_1_196' title='bbox 2440 2451 2799 2505; x_wconf 80' lang='lat' dir='ltr'><strong>duodecimae</strong></span> 
     </span>
     <span class='ocr_line' id='line_1_24' title="bbox 523 2536 2799 2608; baseline 0 -19"><span class='ocrx_word' id='word_1_197' title='bbox 523 2537 919 2604; x_wconf 82' lang='lat' dir='ltr'><strong>Aegyptiorum</strong></span> <span class='ocrx_word' id='word_1_198' title='bbox 963 2537 1255 2606; x_wconf 80' lang='lat' dir='ltr'><strong>dynastiae</strong></span> <span class='ocrx_word' id='word_1_199' title='bbox 1298 2556 1425 2606; x_wconf 83' lang='lat' dir='ltr'><strong>rex,</strong></span> <span class='ocrx_word' id='word_1_200' title='bbox 1478 2539 1694 2590; x_wconf 88' lang='lat' dir='ltr'><strong>nomine</strong></span> <span class='ocrx_word' id='word_1_201' title='bbox 1726 2539 2001 2605; x_wconf 76' lang='lat' dir='ltr'><strong>Sesostris,</strong></span> <span class='ocrx_word' id='word_1_202' title='bbox 2045 2538 2141 2608; x_wconf 91' lang='lat' dir='ltr'><strong>qui</strong></span> <span class='ocrx_word' id='word_1_203' title='bbox 2178 2555 2387 2589; x_wconf 87' lang='lat' dir='ltr'><strong>omnem</strong></span> <span class='ocrx_word' id='word_1_204' title='bbox 2415 2536 2597 2588; x_wconf 82' lang='lat' dir='ltr'><strong>Asiam</strong></span> <span class='ocrx_word' id='word_1_205' title='bbox 2639 2536 2799 2589; x_wconf 88' lang='lat' dir='ltr'><strong>item·</strong></span> 
     </span>
     <span class='ocr_line' id='line_1_25' title="bbox 526 2621 2797 2693; baseline 0 -21"><span class='ocrx_word' id='word_1_206' title='bbox 526 2637 634 2690; x_wconf 90' lang='lat' dir='ltr'><strong>que</strong></span> <span class='ocrx_word' id='word_1_207' title='bbox 668 2621 928 2692; x_wconf 86' lang='lat' dir='ltr'><strong>Europae</strong></span> <span class='ocrx_word' id='word_1_208' title='bbox 967 2630 1155 2691; x_wconf 85' lang='lat' dir='ltr'><strong>partes</strong></span> <span class='ocrx_word' id='word_1_209' title='bbox 1200 2623 1489 2691; x_wconf 81' lang='lat' dir='ltr'><strong>subegisse</strong></span> <span class='ocrx_word' id='word_1_210' title='bbox 1520 2624 1687 2693; x_wconf 90' lang='lat' dir='ltr'><strong>inque</strong></span> <span class='ocrx_word' id='word_1_211' title='bbox 1718 2622 1886 2675; x_wconf 86' lang='lat' dir='ltr'><strong>terris</strong></span> <span class='ocrx_word' id='word_1_212' title='bbox 1923 2623 2169 2675; x_wconf 86' lang='lat' dir='ltr'><strong>subactis</strong></span> <span class='ocrx_word' id='word_1_213' title='bbox 2213 2622 2306 2674; x_wconf 90' lang='lat' dir='ltr'><strong>sui</strong></span> <span class='ocrx_word' id='word_1_214' title='bbox 2346 2621 2557 2691; x_wconf 87' lang='lat' dir='ltr'><strong>imperii</strong></span> <span class='ocrx_word' id='word_1_215' title='bbox 2601 2639 2797 2673; x_wconf 90' lang='lat' dir='ltr'><strong>monu-</strong></span> 
     </span>
     <span class='ocr_line' id='line_1_26' title="bbox 522 2704 2795 2777; baseline -0.001 -20"><span class='ocrx_word' id='word_1_216' title='bbox 522 2713 702 2758; x_wconf 90' lang='lat' dir='ltr'><strong>menta</strong></span> <span class='ocrx_word' id='word_1_217' title='bbox 747 2708 1107 2760; x_wconf 88' lang='lat' dir='ltr'><strong>constituisse</strong></span> <span class='ocrx_word' id='word_1_218' title='bbox 1149 2708 1352 2760; x_wconf 82' lang='lat' dir='ltr'><strong>dicitur</strong></span> <span class='ocrx_word' id='word_1_219' title='bbox 1392 2726 1485 2775; x_wconf 89' lang='lat' dir='ltr'><strong>ea,</strong></span> <span class='ocrx_word' id='word_1_220' title='bbox 1540 2707 1725 2777; x_wconf 87' lang='lat' dir='ltr'><strong>qualia</strong></span> <span class='ocrx_word' id='word_1_221' title='bbox 1770 2708 1837 2759; x_wconf 86' lang='lat' dir='ltr'><strong>ab</strong></span> <span class='ocrx_word' id='word_1_222' title='bbox 1882 2707 2166 2759; x_wconf 88' lang='lat' dir='ltr'><strong>Herodoto</strong></span> <span class='ocrx_word' id='word_1_223' title='bbox 2219 2724 2441 2777; x_wconf 88' lang='lat' dir='ltr'><strong>quoque</strong></span> <span class='ocrx_word' id='word_1_224' title='bbox 2484 2704 2795 2759; x_wconf 83' lang='lat' dir='ltr'><strong>Sesostridi</strong></span> 
     </span>
     <span class='ocr_line' id='line_1_27' title="bbox 525 2788 2795 2863; baseline -0.002 -19"><span class='ocrx_word' id='word_1_225' title='bbox 525 2791 698 2844; x_wconf 87' lang='lat' dir='ltr'><strong>tribui</strong></span> <span class='ocrx_word' id='word_1_226' title='bbox 751 2792 998 2859; x_wconf 83' lang='lat' dir='ltr'><strong>legimus.</strong></span> <span class='ocrx_word' id='word_1_227' title='bbox 1080 2794 1278 2863; x_wconf 91' lang='lat' dir='ltr'><strong>Neque</strong></span> <span class='ocrx_word' id='word_1_228' title='bbox 1318 2810 1450 2844; x_wconf 83' lang='lat' dir='ltr'><strong>vero</strong></span> <span class='ocrx_word' id='word_1_229' title='bbox 1504 2793 1649 2844; x_wconf 88' lang='lat' dir='ltr'><strong>hunc</strong></span> <span class='ocrx_word' id='word_1_230' title='bbox 1692 2791 2042 2844; x_wconf 86' lang='lat' dir='ltr'><strong>duodecimae</strong></span> <span class='ocrx_word' id='word_1_231' title='bbox 2100 2791 2389 2860; x_wconf 81' lang='lat' dir='ltr'><strong>dynastiae</strong></span> <span class='ocrx_word' id='word_1_232' title='bbox 2431 2808 2641 2859; x_wconf 85' lang='lat' dir='ltr'><strong>regem,</strong></span> <span class='ocrx_word' id='word_1_233' title='bbox 2696 2788 2795 2860; x_wconf 89' lang='lat' dir='ltr'><strong>qui</strong></span> 
     </span>
     <span class='ocr_line' id='line_1_28' title="bbox 523 2875 2795 2946; baseline -0 -20"><span class='ocrx_word' id='word_1_234' title='bbox 523 2875 670 2942; x_wconf 89' lang='lat' dir='ltr'><strong>apud</strong></span> <span class='ocrx_word' id='word_1_235' title='bbox 713 2875 1097 2929; x_wconf 87' lang='lat' dir='ltr'><strong>Manethonem</strong></span> <span class='ocrx_word' id='word_1_236' title='bbox 1148 2878 1339 2946; x_wconf 88' lang='lat' dir='ltr'><strong>utique</strong></span> <span class='ocrx_word' id='word_1_237' title='bbox 1381 2877 1686 2944; x_wconf 86' lang='lat' dir='ltr'><strong>Sesostris,</strong></span> <span class='ocrx_word' id='word_1_238' title='bbox 1749 2876 1849 2928; x_wconf 88' lang='lat' dir='ltr'><strong>sed</strong></span> <span class='ocrx_word' id='word_1_239' title='bbox 1886 2876 2093 2929; x_wconf 84' lang='lat' dir='ltr'><strong>rectius</strong></span> <span class='ocrx_word' id='word_1_240' title='bbox 2140 2894 2203 2928; x_wconf 91' lang='lat' dir='ltr'><strong>ac</strong></span> <span class='ocrx_word' id='word_1_241' title='bbox 2247 2893 2381 2929; x_wconf 81' lang='lat' dir='ltr'><strong>vero</strong></span> <span class='ocrx_word' id='word_1_242' title='bbox 2430 2893 2532 2927; x_wconf 89' lang='lat' dir='ltr'><strong>suo</strong></span> <span class='ocrx_word' id='word_1_243' title='bbox 2576 2876 2795 2927; x_wconf 88' lang='lat' dir='ltr'><strong>nomine</strong></span> 
     </span>
     <span class='ocr_line' id='line_1_29' title="bbox 524 2959 2794 3030; baseline 0 -20"><span class='ocrx_word' id='word_1_244' title='bbox 524 2961 831 3012; x_wconf 63' lang='lat' dir='ltr'><strong>Serui-lesen</strong></span> <span class='ocrx_word' id='word_1_245' title='bbox 864 2978 909 3011; x_wconf 92' lang='lat' dir='ltr'><strong>s.</strong></span> <span class='ocrx_word' id='word_1_246' title='bbox 942 2962 1227 3014; x_wconf 59' lang='lat' dir='ltr'><strong>Senon-tusis</strong></span> <span class='ocrx_word' id='word_1_247' title='bbox 1257 2963 1317 3014; x_wconf 89' lang='lat'><strong>11</strong></span> <span class='ocrx_word' id='word_1_248' title='bbox 1348 2959 1685 3029; x_wconf 86' lang='lat' dir='ltr'><strong>appellatur,</strong></span> <span class='ocrx_word' id='word_1_249' title='bbox 1734 2961 1839 3012; x_wconf 89' lang='lat' dir='ltr'><strong>huc</strong></span> <span class='ocrx_word' id='word_1_250' title='bbox 1870 2961 2069 3013; x_wconf 82' lang='lat' dir='ltr'><strong>referri</strong></span> <span class='ocrx_word' id='word_1_251' title='bbox 2107 2979 2274 3030; x_wconf 88' lang='lat' dir='ltr'><strong>posse</strong></span> <span class='ocrx_word' id='word_1_252' title='bbox 2318 2977 2465 3012; x_wconf 90' lang='lat' dir='ltr'><strong>nunc</strong></span> <span class='ocrx_word' id='word_1_253' title='bbox 2505 2961 2621 3012; x_wconf 82' lang='lat' dir='ltr'><strong>fere</strong></span> <span class='ocrx_word' id='word_1_254' title='bbox 2661 2978 2794 3011; x_wconf 88' lang='lat' dir='ltr'><strong>con-</strong></span> 
     </span>
     <span class='ocr_line' id='line_1_30' title="bbox 525 3041 2790 3114; baseline 0.002 -23"><span class='ocrx_word' id='word_1_255' title='bbox 525 3041 680 3092; x_wconf 81' lang='lat' dir='ltr'><strong>venit</strong></span> <span class='ocrx_word' id='word_1_256' title='bbox 709 3041 855 3094; x_wconf 88' lang='lat' dir='ltr'><strong>inter</strong></span> <span class='ocrx_word' id='word_1_257' title='bbox 886 3043 1039 3096; x_wconf 82' lang='lat' dir='ltr'><strong>viros</strong></span> <span class='ocrx_word' id='word_1_258' title='bbox 1069 3045 1262 3095; x_wconf 88' lang='lat' dir='ltr'><strong>doctos</strong></span> <span class='ocrx_word' id='word_1_259' title='bbox 1281 3041 1402 3110; x_wconf 77' lang='lat'><strong>**),</strong></span> <span class='ocrx_word' id='word_1_260' title='bbox 1450 3044 1545 3114; x_wconf 88' lang='lat' dir='ltr'><strong>qni</strong></span> <span class='ocrx_word' id='word_1_261' title='bbox 1576 3045 1721 3096; x_wconf 88' lang='lat' dir='ltr'><strong>hunc</strong></span> <span class='ocrx_word' id='word_1_262' title='bbox 1750 3044 2117 3097; x_wconf 83' lang='lat' dir='ltr'><strong>Sesostridem</strong></span> <span class='ocrx_word' id='word_1_263' title='bbox 2150 3044 2636 3097; x_wconf 86' lang='lat' dir='ltr'><strong>Manethonianum</strong></span> <span class='ocrx_word' id='word_1_264' title='bbox 2668 3045 2790 3097; x_wconf 72' lang='lat' dir='ltr'><strong>sive</strong></span> 
     </span>
     <span class='ocr_line' id='line_1_31' title="bbox 525 3124 2793 3209; baseline 0.001 -33"><span class='ocrx_word' id='word_1_265' title='bbox 525 3124 958 3194; x_wconf 83' lang='lat' dir='ltr'><strong>Syncellianum‚</strong></span> <span class='ocrx_word' id='word_1_266' title='bbox 999 3128 1056 3182; x_wconf 89' lang='lat' dir='ltr'><strong>in</strong></span> <span class='ocrx_word' id='word_1_267' title='bbox 1089 3145 1249 3197; x_wconf 91' lang='lat' dir='ltr'><strong>quem</strong></span> <span class='ocrx_word' id='word_1_268' title='bbox 1275 3127 1595 3179; x_wconf 83' lang='lat' dir='ltr'><strong>Herodotea</strong></span> <span class='ocrx_word' id='word_1_269' title='bbox 1622 3128 1758 3209; x_wconf 55' lang='lat' dir='ltr'><strong>male</strong></span> <span class='ocrx_word' id='word_1_270' title='bbox 1788 3128 2055 3181; x_wconf 83' lang='lat' dir='ltr'><strong>translata</strong></span> <span class='ocrx_word' id='word_1_271' title='bbox 2086 3135 2220 3182; x_wconf 85' lang='lat' dir='ltr'><strong>sunt</strong></span> <span class='ocrx_word' id='word_1_272' title='bbox 2261 3145 2293 3181; x_wconf 93' lang='lat' dir='ltr'><strong>a</strong></span> <span class='ocrx_word' id='word_1_273' title='bbox 2324 3127 2547 3181; x_wconf 90' lang='lat' dir='ltr'><strong>librario</strong></span> <span class='ocrx_word' id='word_1_274' title='bbox 2594 3129 2793 3198; x_wconf 88' lang='lat' dir='ltr'><strong>opinor</strong></span> 
     </span>
     <span class='ocr_line' id='line_1_32' title="bbox 526 3210 2790 3283; baseline 0 -20"><span class='ocrx_word' id='word_1_275' title='bbox 526 3210 648 3264; x_wconf 76' lang='lat' dir='ltr'><strong>sive</strong></span> <span class='ocrx_word' id='word_1_276' title='bbox 691 3228 724 3263; x_wconf 87' lang='lat' dir='ltr'><strong>a</strong></span> <span class='ocrx_word' id='word_1_277' title='bbox 765 3211 1113 3283; x_wconf 86' lang='lat' dir='ltr'><strong>compilatore</strong></span> <span class='ocrx_word' id='word_1_278' title='bbox 1158 3219 1214 3265; x_wconf 90' lang='lat' dir='ltr'><strong>et</strong></span> <span class='ocrx_word' id='word_1_279' title='bbox 1254 3211 1648 3265; x_wconf 76' lang='lat' dir='ltr'><strong>concinnat-ore</strong></span> <span class='ocrx_word' id='word_1_280' title='bbox 1688 3212 1877 3267; x_wconf 89' lang='lat' dir='ltr'><strong>harum</strong></span> <span class='ocrx_word' id='word_1_281' title='bbox 1924 3213 2329 3282; x_wconf 78' lang='lat' dir='ltr'><strong>dynastiarum,</strong></span> <span class='ocrx_word' id='word_1_282' title='bbox 2374 3215 2441 3265; x_wconf 90' lang='lat' dir='ltr'><strong>ab</strong></span> <span class='ocrx_word' id='word_1_283' title='bbox 2471 3214 2790 3266; x_wconf 84' lang='lat' dir='ltr'><strong>Herodoteo</strong></span> 
     </span>
    </p>
   </div>
   <div class='ocr_carea' id='block_1_6' title="bbox 519 3394 2793 4437">
    <p class='ocr_par' dir='ltr' id='par_1_6' title="bbox 523 3394 2793 3952">
     <span class='ocr_line' id='line_1_33' title="bbox 664 3394 2793 3462; baseline -0 -15"><span class='ocrx_word' id='word_1_284' title='bbox 664 3394 718 3461; x_wconf 83' lang='lat'><strong>*)</strong></span> <span class='ocrx_word' id='word_1_285' title='bbox 765 3398 945 3449; x_wconf 89' lang='lat' dir='ltr'><strong>Verba</strong></span> <span class='ocrx_word' id='word_1_286' title='bbox 990 3396 1178 3448; x_wconf 83' lang='lat' dir='ltr'><strong>Taciti</strong></span> <span class='ocrx_word' id='word_1_287' title='bbox 1213 3396 1294 3446; x_wconf 84' lang='lat' dir='ltr'><strong>ita</strong></span> <span class='ocrx_word' id='word_1_288' title='bbox 1344 3412 1401 3447; x_wconf 89' lang='lat' dir='ltr'><strong>se</strong></span> <span class='ocrx_word' id='word_1_289' title='bbox 1437 3394 1670 3448; x_wconf 84' lang='lat' dir='ltr'><strong>habent:</strong></span> <span class='ocrx_word' id='word_1_290' title='bbox 1725 3411 1895 3461; x_wconf 87' lang='lat' dir='ltr'><strong>„mox</strong></span> <span class='ocrx_word' id='word_1_291' title='bbox 1934 3395 2338 3462; x_wconf 82' lang='lat' dir='ltr'><strong>(Germanicus)</strong></span> <span class='ocrx_word' id='word_1_292' title='bbox 2377 3397 2511 3448; x_wconf 77' lang='lat' dir='ltr'><strong>visit</strong></span> <span class='ocrx_word' id='word_1_293' title='bbox 2546 3402 2793 3449; x_wconf 78' lang='lat' dir='ltr'><strong>veterum</strong></span> 
     </span>
     <span class='ocr_line' id='line_1_34' title="bbox 526 3462 2789 3533; baseline 0.001 -18"><span class='ocrx_word' id='word_1_294' title='bbox 526 3462 838 3517; x_wconf 86' lang='lat' dir='ltr'><strong>Thebarum</strong></span> <span class='ocrx_word' id='word_1_295' title='bbox 877 3483 1075 3533; x_wconf 84' lang='lat' dir='ltr'><strong>magna</strong></span> <span class='ocrx_word' id='word_1_296' title='bbox 1111 3466 1377 3532; x_wconf 85' lang='lat' dir='ltr'><strong>vestigia:</strong></span> <span class='ocrx_word' id='word_1_297' title='bbox 1416 3471 1470 3517; x_wconf 90' lang='lat' dir='ltr'><strong>et</strong></span> <span class='ocrx_word' id='word_1_298' title='bbox 1506 3466 1804 3518; x_wconf 85' lang='lat' dir='ltr'><strong>manebant</strong></span> <span class='ocrx_word' id='word_1_299' title='bbox 1841 3468 2067 3518; x_wconf 85' lang='lat' dir='ltr'><strong>structis</strong></span> <span class='ocrx_word' id='word_1_300' title='bbox 2105 3466 2338 3517; x_wconf 85' lang='lat' dir='ltr'><strong>molibus</strong></span> <span class='ocrx_word' id='word_1_301' title='bbox 2374 3466 2594 3517; x_wconf 79' lang='lat' dir='ltr'><strong>litterae</strong></span> <span class='ocrx_word' id='word_1_302' title='bbox 2614 3468 2789 3532; x_wconf 72' lang='lat' dir='ltr'><strong>Aeg-y-</strong></span> 
     </span>
     <span class='ocr_line' id='line_1_35' title="bbox 525 3535 2786 3602; baseline -0 -17"><span class='ocrx_word' id='word_1_303' title='bbox 525 3538 677 3601; x_wconf 89' lang='lat' dir='ltr'><strong>ptiae</strong></span> <span class='ocrx_word' id='word_1_304' title='bbox 714 3538 948 3601; x_wconf 82' lang='lat' dir='ltr'><strong>priorem</strong></span> <span class='ocrx_word' id='word_1_305' title='bbox 985 3535 1323 3602; x_wconf 85' lang='lat' dir='ltr'><strong>opulentiam</strong></span> <span class='ocrx_word' id='word_1_306' title='bbox 1370 3536 1715 3601; x_wconf 80' lang='lat' dir='ltr'><strong>complexae3</strong></span> <span class='ocrx_word' id='word_1_307' title='bbox 1769 3539 2062 3601; x_wconf 83' lang='lat' dir='ltr'><strong>iussusque</strong></span> <span class='ocrx_word' id='word_1_308' title='bbox 2117 3555 2145 3588; x_wconf 92' lang='lat' dir='ltr'><strong>e</strong></span> <span class='ocrx_word' id='word_1_309' title='bbox 2185 3535 2489 3587; x_wconf 87' lang='lat' dir='ltr'><strong>senioribus</strong></span> <span class='ocrx_word' id='word_1_310' title='bbox 2535 3537 2786 3587; x_wconf 79' lang='lat' dir='ltr'><strong>sacerdo-</strong></span> 
     </span>
     <span class='ocr_line' id='line_1_36' title="bbox 523 3606 2784 3672; baseline 0 -18"><span class='ocrx_word' id='word_1_311' title='bbox 523 3611 643 3656; x_wconf 90' lang='lat' dir='ltr'><strong>tum</strong></span> <span class='ocrx_word' id='word_1_312' title='bbox 667 3609 908 3672; x_wconf 86' lang='lat' dir='ltr'><strong>patrium</strong></span> <span class='ocrx_word' id='word_1_313' title='bbox 932 3623 1230 3660; x_wconf 84' lang='lat' dir='ltr'><strong>sermonem</strong></span> <span class='ocrx_word' id='word_1_314' title='bbox 1266 3607 1618 3672; x_wconf 83' lang='lat' dir='ltr'><strong>interpretari</strong></span> <span class='ocrx_word' id='word_1_315' title='bbox 1656 3607 1961 3657; x_wconf 83' lang='lat' dir='ltr'><strong>referebat:</strong></span> <span class='ocrx_word' id='word_1_316' title='bbox 2003 3606 2392 3670; x_wconf 79' lang='lat' dir='ltr'><strong>,‚,‚habitasse&#39;</strong></span> <span class='ocrx_word' id='word_1_317' title='bbox 2410 3607 2680 3671; x_wconf 88' lang='lat' dir='ltr'><strong>quondam</strong></span> <span class='ocrx_word' id='word_1_318' title='bbox 2704 3621 2784 3655; x_wconf 87' lang='lat' dir='ltr'><strong>se-</strong></span> 
     </span>
     <span class='ocr_line' id='line_1_37' title="bbox 525 3675 2787 3741; baseline -0 -17"><span class='ocrx_word' id='word_1_319' title='bbox 525 3676 815 3741; x_wconf 77' lang='lat' dir='ltr'><strong>ptingenta</strong></span> <span class='ocrx_word' id='word_1_320' title='bbox 851 3678 1024 3729; x_wconf 87' lang='lat' dir='ltr'><strong>millia</strong></span> <span class='ocrx_word' id='word_1_321' title='bbox 1061 3682 1247 3727; x_wconf 82' lang='lat' dir='ltr'><strong>aetate</strong></span> <span class='ocrx_word' id='word_1_322' title='bbox 1282 3677 1541 3737; x_wconf 87' lang='lat' dir='ltr'><strong>militari,</strong></span> <span class='ocrx_word' id='word_1_323' title='bbox 1580 3680 1745 3739; x_wconf 83' lang='lat' dir='ltr'><strong>atque</strong></span> <span class='ocrx_word' id='word_1_324' title='bbox 1782 3692 1847 3726; x_wconf 88' lang='lat' dir='ltr'><strong>eo</strong></span> <span class='ocrx_word' id='word_1_325' title='bbox 1874 3691 1995 3725; x_wconf 89' lang='lat' dir='ltr'><strong>cum</strong></span> <span class='ocrx_word' id='word_1_326' title='bbox 2031 3678 2278 3727; x_wconf 80' lang='lat' dir='ltr'><strong>exercitu</strong></span> <span class='ocrx_word' id='word_1_327' title='bbox 2304 3691 2485 3741; x_wconf 79' lang='lat' dir='ltr'><strong>regem</strong></span> <span class='ocrx_word' id='word_1_328' title='bbox 2512 3675 2787 3726; x_wconf 85' lang='lat' dir='ltr'><strong>Rhamsen</strong></span> 
     </span>
     <span class='ocr_line' id='line_1_38' title="bbox 523 3745 2783 3813; baseline 0.001 -21"><span class='ocrx_word' id='word_1_329' title='bbox 523 3745 730 3810; x_wconf 77' lang='lat' dir='ltr'><strong>Libya,</strong></span> <span class='ocrx_word' id='word_1_330' title='bbox 769 3747 1088 3813; x_wconf 86' lang='lat' dir='ltr'><strong>Aethiopia,</strong></span> <span class='ocrx_word' id='word_1_331' title='bbox 1123 3748 1408 3811; x_wconf 85' lang='lat' dir='ltr'><strong>Medisque</strong></span> <span class='ocrx_word' id='word_1_332' title='bbox 1445 3750 1500 3797; x_wconf 89' lang='lat' dir='ltr'><strong>et</strong></span> <span class='ocrx_word' id='word_1_333' title='bbox 1533 3747 1719 3796; x_wconf 87' lang='lat' dir='ltr'><strong>Persis</strong></span> <span class='ocrx_word' id='word_1_334' title='bbox 1751 3751 1807 3795; x_wconf 88' lang='lat' dir='ltr'><strong>et</strong></span> <span class='ocrx_word' id='word_1_335' title='bbox 1840 3745 2139 3797; x_wconf 87' lang='lat' dir='ltr'><strong>Bactriano</strong></span> <span class='ocrx_word' id='word_1_336' title='bbox 2175 3762 2241 3797; x_wconf 90' lang='lat' dir='ltr'><strong>ac</strong></span> <span class='ocrx_word' id='word_1_337' title='bbox 2277 3745 2482 3811; x_wconf 85' lang='lat' dir='ltr'><strong>Scytha</strong></span> <span class='ocrx_word' id='word_1_338' title='bbox 2517 3747 2783 3809; x_wconf 87' lang='lat' dir='ltr'><strong>potitum;</strong></span> 
     </span>
     <span class='ocr_line' id='line_1_39' title="bbox 526 3814 2786 3881; baseline 0 -19"><span class='ocrx_word' id='word_1_339' title='bbox 526 3828 771 3879; x_wconf 82' lang='lat' dir='ltr'><strong>quasque</strong></span> <span class='ocrx_word' id='word_1_340' title='bbox 820 3822 998 3868; x_wconf 86' lang='lat' dir='ltr'><strong>terras</strong></span> <span class='ocrx_word' id='word_1_341' title='bbox 1049 3818 1176 3881; x_wconf 74' lang='lat' dir='ltr'><strong>Syri</strong></span> <span class='ocrx_word' id='word_1_342' title='bbox 1211 3817 1560 3881; x_wconf 88' lang='lat' dir='ltr'><strong>Armeniique</strong></span> <span class='ocrx_word' id='word_1_343' title='bbox 1607 3820 1663 3865; x_wconf 89' lang='lat' dir='ltr'><strong>et</strong></span> <span class='ocrx_word' id='word_1_344' title='bbox 1713 3814 1957 3879; x_wconf 78' lang='lat' dir='ltr'><strong>contigui</strong></span> <span class='ocrx_word' id='word_1_345' title='bbox 1994 3815 2353 3881; x_wconf 86' lang='lat' dir='ltr'><strong>Cappadoces</strong></span> <span class='ocrx_word' id='word_1_346' title='bbox 2401 3815 2616 3877; x_wconf 87' lang='lat' dir='ltr'><strong>colunt,</strong></span> <span class='ocrx_word' id='word_1_347' title='bbox 2660 3814 2786 3863; x_wconf 88' lang='lat' dir='ltr'><strong>inde</strong></span> 
     </span>
     <span class='ocr_line' id='line_1_40' title="bbox 523 3881 2225 3952; baseline 0.004 -23"><span class='ocrx_word' id='word_1_348' title='bbox 523 3881 851 3948; x_wconf 82' lang='lat' dir='ltr'><strong>Bithynum,</strong></span> <span class='ocrx_word' id='word_1_349' title='bbox 891 3884 1281 3952; x_wconf 76' lang='lat' dir='ltr'><strong>hinc&#39;Lycium</strong></span> <span class='ocrx_word' id='word_1_350' title='bbox 1318 3887 1388 3935; x_wconf 88' lang='lat' dir='ltr'><strong>ad</strong></span> <span class='ocrx_word' id='word_1_351' title='bbox 1424 3901 1572 3935; x_wconf 87' lang='lat' dir='ltr'><strong>mare</strong></span> <span class='ocrx_word' id='word_1_352' title='bbox 1609 3884 1838 3950; x_wconf 84' lang='lat' dir='ltr'><strong>imperio</strong></span> <span class='ocrx_word' id='word_1_353' title='bbox 1876 3885 2225 3935; x_wconf 85' lang='lat' dir='ltr'><strong>tenuisse.““</strong></span> 
     </span>
    </p>

    <p class='ocr_par' dir='ltr' id='par_1_7' title="bbox 519 3951 2786 4284">
     <span class='ocr_line' id='line_1_41' title="bbox 667 3951 2786 4020; baseline -0.001 -16"><span class='ocrx_word' id='word_1_354' title='bbox 667 3955 1068 4019; x_wconf 81' lang='lat' dir='ltr'><strong>„Legebantur</strong></span> <span class='ocrx_word' id='word_1_355' title='bbox 1105 3961 1160 4007; x_wconf 86' lang='lat' dir='ltr'><strong>et</strong></span> <span class='ocrx_word' id='word_1_356' title='bbox 1198 3955 1407 4006; x_wconf 84' lang='lat' dir='ltr'><strong>indicta</strong></span> <span class='ocrx_word' id='word_1_357' title='bbox 1448 3955 1704 4019; x_wconf 83' lang='lat' dir='ltr'><strong>gentibus</strong></span> <span class='ocrx_word' id='word_1_358' title='bbox 1740 3953 1980 4015; x_wconf 87' lang='lat' dir='ltr'><strong>tributa,</strong></span> <span class='ocrx_word' id='word_1_359' title='bbox 2030 3955 2242 4020; x_wconf 90' lang='lat' dir='ltr'><strong>pondus</strong></span> <span class='ocrx_word' id='word_1_360' title='bbox 2288 3954 2501 4018; x_wconf 81' lang='lat' dir='ltr'><strong>arg-enti</strong></span> <span class='ocrx_word' id='word_1_361' title='bbox 2550 3957 2606 4004; x_wconf 88' lang='lat' dir='ltr'><strong>et</strong></span> <span class='ocrx_word' id='word_1_362' title='bbox 2647 3951 2786 4013; x_wconf 86' lang='lat' dir='ltr'><strong>anri,</strong></span> 
     </span>
     <span class='ocr_line' id='line_1_42' title="bbox 525 4023 2784 4091; baseline 0 -20"><span class='ocrx_word' id='word_1_363' title='bbox 525 4036 780 4074; x_wconf 86' lang='lat' dir='ltr'><strong>numerus</strong></span> <span class='ocrx_word' id='word_1_364' title='bbox 833 4039 1105 4075; x_wconf 86' lang='lat' dir='ltr'><strong>armorum</strong></span> <span class='ocrx_word' id='word_1_365' title='bbox 1155 4040 1553 4091; x_wconf 87' lang='lat' dir='ltr'><strong>equorumque,</strong></span> <span class='ocrx_word' id='word_1_366' title='bbox 1604 4028 1658 4073; x_wconf 89' lang='lat' dir='ltr'><strong>et</strong></span> <span class='ocrx_word' id='word_1_367' title='bbox 1694 4024 1838 4073; x_wconf 87' lang='lat' dir='ltr'><strong>dona</strong></span> <span class='ocrx_word' id='word_1_368' title='bbox 1875 4024 2129 4088; x_wconf 87' lang='lat' dir='ltr'><strong>templis,</strong></span> <span class='ocrx_word' id='word_1_369' title='bbox 2178 4025 2312 4075; x_wconf 87' lang='lat' dir='ltr'><strong>ebur</strong></span> <span class='ocrx_word' id='word_1_370' title='bbox 2359 4028 2522 4087; x_wconf 87' lang='lat' dir='ltr'><strong>atque</strong></span> <span class='ocrx_word' id='word_1_371' title='bbox 2571 4023 2784 4081; x_wconf 87' lang='lat' dir='ltr'><strong>odores,</strong></span> 
     </span>
     <span class='ocr_line' id='line_1_43' title="bbox 524 4091 2785 4160; baseline -0.001 -17"><span class='ocrx_word' id='word_1_372' title='bbox 524 4107 769 4158; x_wconf 85' lang='lat' dir='ltr'><strong>quasque</strong></span> <span class='ocrx_word' id='word_1_373' title='bbox 804 4095 997 4159; x_wconf 87' lang='lat' dir='ltr'><strong>copias</strong></span> <span class='ocrx_word' id='word_1_374' title='bbox 1031 4095 1294 4145; x_wconf 85' lang='lat' dir='ltr'><strong>frumenti</strong></span> <span class='ocrx_word' id='word_1_375' title='bbox 1327 4098 1382 4145; x_wconf 89' lang='lat' dir='ltr'><strong>et</strong></span> <span class='ocrx_word' id='word_1_376' title='bbox 1421 4095 1660 4144; x_wconf 89' lang='lat' dir='ltr'><strong>omnium</strong></span> <span class='ocrx_word' id='word_1_377' title='bbox 1696 4093 2009 4145; x_wconf 88' lang='lat' dir='ltr'><strong>utensilium</strong></span> <span class='ocrx_word' id='word_1_378' title='bbox 2044 4109 2290 4160; x_wconf 89' lang='lat' dir='ltr'><strong>quaeque</strong></span> <span class='ocrx_word' id='word_1_379' title='bbox 2317 4094 2469 4143; x_wconf 87' lang='lat' dir='ltr'><strong>natio</strong></span> <span class='ocrx_word' id='word_1_380' title='bbox 2506 4091 2785 4156; x_wconf 85' lang='lat' dir='ltr'><strong>penderet,</strong></span> 
     </span>
     <span class='ocr_line' id='line_1_44' title="bbox 521 4160 2781 4229; baseline -0.001 -17"><span class='ocrx_word' id='word_1_381' title='bbox 521 4160 671 4213; x_wconf 86' lang='lat' dir='ltr'><strong>haud</strong></span> <span class='ocrx_word' id='word_1_382' title='bbox 707 4163 884 4214; x_wconf 83' lang='lat' dir='ltr'><strong>minus</strong></span> <span class='ocrx_word' id='word_1_383' title='bbox 920 4164 1238 4229; x_wconf 84' lang='lat' dir='ltr'><strong>magnifica,</strong></span> <span class='ocrx_word' id='word_1_384' title='bbox 1278 4179 1439 4227; x_wconf 89' lang='lat' dir='ltr'><strong>quam</strong></span> <span class='ocrx_word' id='word_1_385' title='bbox 1474 4179 1617 4214; x_wconf 89' lang='lat' dir='ltr'><strong>nunc</strong></span> <span class='ocrx_word' id='word_1_386' title='bbox 1654 4165 1713 4214; x_wconf 82' lang='lat' dir='ltr'><strong>vi</strong></span> <span class='ocrx_word' id='word_1_387' title='bbox 1748 4163 2076 4214; x_wconf 85' lang='lat' dir='ltr'><strong>Parthorum</strong></span> <span class='ocrx_word' id='word_1_388' title='bbox 2114 4169 2212 4214; x_wconf 88' lang='lat' dir='ltr'><strong>aut</strong></span> <span class='ocrx_word' id='word_1_389' title='bbox 2248 4162 2497 4229; x_wconf 85' lang='lat' dir='ltr'><strong>potentia</strong></span> <span class='ocrx_word' id='word_1_390' title='bbox 2534 4161 2781 4211; x_wconf 84' lang='lat' dir='ltr'><strong>Romana</strong></span> 
     </span>
     <span class='ocr_line' id='line_1_45' title="bbox 519 4233 831 4284; baseline 0.01 -4"><span class='ocrx_word' id='word_1_391' title='bbox 519 4233 831 4284; x_wconf 84' lang='lat' dir='ltr'><strong>iubentur.“</strong></span> 
     </span>
    </p>

    <p class='ocr_par' dir='ltr' id='par_1_8' title="bbox 519 4300 2778 4437">
     <span class='ocr_line' id='line_1_46' title="bbox 660 4300 2778 4369; baseline -0 -17"><span class='ocrx_word' id='word_1_392' title='bbox 660 4301 748 4366; x_wconf 80' lang='lat'><strong>**)</strong></span> <span class='ocrx_word' id='word_1_393' title='bbox 789 4301 945 4352; x_wconf 64' lang='lat' dir='ltr'><strong>Uonf.</strong></span> <span class='ocrx_word' id='word_1_394' title='bbox 986 4316 1199 4368; x_wconf 86' lang='lat' dir='ltr'><strong>quoque</strong></span> <span class='ocrx_word' id='word_1_395' title='bbox 1221 4300 1408 4351; x_wconf 83' lang='lat' dir='ltr'><strong>Birch:</strong></span> <span class='ocrx_word' id='word_1_396' title='bbox 1448 4303 1767 4353; x_wconf 81' lang='lat' dir='ltr'><strong>Transactt.</strong></span> <span class='ocrx_word' id='word_1_397' title='bbox 1811 4301 1870 4352; x_wconf 84' lang='lat' dir='ltr'><strong>of</strong></span> <span class='ocrx_word' id='word_1_398' title='bbox 1902 4301 1994 4354; x_wconf 81' lang='lat' dir='ltr'><strong>the</strong></span> <span class='ocrx_word' id='word_1_399' title='bbox 2029 4303 2185 4369; x_wconf 81' lang='lat' dir='ltr'><strong>royal</strong></span> <span class='ocrx_word' id='word_1_400' title='bbox 2218 4303 2430 4367; x_wconf 78' lang='lat' dir='ltr'><strong>society</strong></span> <span class='ocrx_word' id='word_1_401' title='bbox 2466 4300 2526 4350; x_wconf 85' lang='lat' dir='ltr'><strong>of</strong></span> <span class='ocrx_word' id='word_1_402' title='bbox 2542 4301 2778 4352; x_wconf 83' lang='lat' dir='ltr'><strong>Literat.</strong></span> 
     </span>
     <span class='ocr_line' id='line_1_47' title="bbox 519 4370 1110 4437; baseline -0.002 -15"><span class='ocrx_word' id='word_1_403' title='bbox 519 4386 627 4422; x_wconf 87' lang='lat' dir='ltr'><strong>sec.</strong></span> <span class='ocrx_word' id='word_1_404' title='bbox 666 4388 769 4424; x_wconf 88' lang='lat' dir='ltr'><strong>ser.</strong></span> <span class='ocrx_word' id='word_1_405' title='bbox 806 4373 864 4423; x_wconf 92' lang='lat'><strong>11</strong></span> <span class='ocrx_word' id='word_1_406' title='bbox 898 4388 952 4437; x_wconf 90' lang='lat' dir='ltr'><strong>p.</strong></span> <span class='ocrx_word' id='word_1_407' title='bbox 990 4370 1110 4423; x_wconf 81' lang='lat'><strong>370.</strong></span> 
     </span>
    </p>
   </div>
   <div class='ocr_carea' id='block_1_7' title="bbox 3037 33 3040 908">
    <p class='ocr_par' dir='ltr' id='par_1_9' title="bbox 3037 33 3040 908">
     <span class='ocr_line' id='line_1_48' title="bbox 3037 33 3040 908; baseline 0 0"><span class='ocrx_word' id='word_1_408' title='bbox 3037 33 3040 908; x_wconf 95' lang='lat' dir='ltr'><strong> </strong></span> 
     </span>
    </p>
   </div>
   <div class='ocr_carea' id='block_1_8' title="bbox 3037 2034 3040 2865">
    <p class='ocr_par' dir='ltr' id='par_1_10' title="bbox 3037 2034 3040 2865">
     <span class='ocr_line' id='line_1_49' title="bbox 3037 2034 3040 2865; baseline 0 0"><span class='ocrx_word' id='word_1_409' title='bbox 3037 2034 3040 2865; x_wconf 95' lang='lat' dir='ltr'><strong> </strong></span> 
     </span>
    </p>
   </div>
  </div>
 </body>
</html>
