3109 5092
423 329 548 393 ἏῺ

1289 327 1827 391 HERODOTI

423 500 650 574 αὐτῶν
677 499 906 592 πρώτη
946 503 1167 571 κέεται
1209 501 1399 581 πόλις
1439 499 1604 590 πρὸς
1640 506 2095 590 μεσαμβρίην,
2136 497 2304 588 μετὰ
2346 499 2421 569 δὲ
2452 497 2697 580 Μυούς

420 634 494 676 τε
537 609 649 675 καὶ
690 604 991 695 Πριήνη·
1058 595 1256 674 αὗται
1312 605 1438 693 μὲν
1477 607 1553 673 ἐν
1595 610 1677 693 τῇ
1714 610 1936 692 Καρίῃ
1992 611 2418 692 κατοίκηνται
2441 655 2460 688 ,
2530 600 2697 671 κατὰ

420 707 630 779 ταύτὰ
657 708 1135 798 διαλεγόμεναί
1156 730 1300 798 σφι.
1356 713 1506 777 αἵδε
1533 707 1620 778 δὲ,
1640 711 1716 776 ἐν
1742 712 1822 796 τῇ
1849 712 2070 795 Λυδίῃ
2089 728 2102 741 ·
2124 704 2443 795 Ἔφεσος,
2475 714 2696 777 Κολο-

423 925 483 959 se
519 910 843 960 effundentis
879 915 1183 976 stagnaque
1220 909 1509 961 efficientis

422 985 730 1045 terramque
781 982 1096 1045 aggerentis
1143 995 1388 1042 cursum,
1445 994 1508 1029 eo

424 1049 702 1100 difficilius
738 1065 883 1110 nunc
926 1048 1107 1101 locum
1151 1050 1329 1114 ipsum
1365 1054 1511 1099 vete-

422 1119 497 1168 ris
533 1120 682 1168 urbis
733 1119 1068 1169 constituas:
1123 1134 1283 1183 quam
1326 1118 1396 1168 ad
1432 1119 1511 1167 vi-

422 1203 544 1237 cum
572 1188 890 1238 hodiernum
916 1189 1219 1238 Patatscha
1251 1187 1392 1238 falso
1430 1204 1510 1237 re-

422 1258 615 1308 tulisse
673 1263 727 1307 et
776 1258 1121 1308 Mannertum
1182 1257 1403 1322 (Geogr.
1453 1257 1506 1308 d.

423 1327 516 1377 Gr.
565 1343 621 1378 u.
667 1329 825 1379 Rom.
861 1327 970 1390 VI,
1019 1327 1070 1379 3.
1122 1343 1174 1391 p.
1226 1326 1329 1378 263
1365 1326 1503 1391 seq.)

422 1401 587 1461 atque
621 1396 977 1461 Forbigerum
1024 1396 1063 1450 l.
1112 1396 1150 1446 l.
1185 1397 1293 1447 iarn
1341 1411 1508 1461 supra

423 1465 726 1515 monuimus
776 1465 845 1514 ad
878 1466 933 1528 1,
976 1467 1065 1528 17,
1110 1466 1205 1516 ubi
1244 1465 1316 1515 ad
1363 1466 1506 1515 hunc

420 1534 599 1598 ipsum
657 1535 837 1584 vicum
898 1534 1181 1585 retulimus
1238 1535 1506 1586 Miletum.

424 1604 538 1655 Nec
573 1605 747 1668 magis
788 1603 994 1668 placet,
1045 1604 1192 1670 quod
1237 1604 1508 1655 Chandler

424 1671 570 1737 (cap.
605 1673 693 1737 42)
731 1679 970 1725 veterem
1005 1675 1286 1740 Myuntem
1322 1674 1393 1724 ad
1422 1690 1509 1724 ur-

423 1743 545 1793 bem
575 1742 899 1793 Heracleam
932 1745 990 1793 in
1037 1760 1134 1794 ora
1166 1744 1403 1794 Latmici
1438 1744 1509 1793 si-

420 1827 524 1861 nus
563 1811 821 1862 collocari
865 1812 1008 1862 vult:
1061 1814 1263 1863 rectius
1317 1814 1508 1878 opinor

425 1882 616 1931 Comes
653 1881 721 1931 de
757 1881 1012 1933 Choiseul
1047 1883 1115 1932 de
1165 1900 1227 1933 eo
1263 1882 1384 1933 loco
1421 1899 1509 1933 co-

422 1951 650 2015 gitavit,
701 1952 793 2016 qui
838 1952 909 2001 ad
955 1953 1376 2018 septentrionem
1413 1954 1509 2002 hu-

421 2021 507 2069 ius
532 2021 684 2069 sinus
706 2036 871 2085 prope
892 2023 1248 2072 Maeandrum
1281 2022 1509 2087 triginta

422 2089 592 2139 ferme
623 2090 816 2138 stadiis
843 2107 876 2140 a
898 2106 1046 2141 mare
1081 2096 1319 2141 remotus
1345 2107 1509 2156 prope

423 2159 599 2221 ipsam
642 2158 818 2207 Mileti
871 2160 1056 2210 urbem
1116 2161 1388 2210 indicatur
1450 2162 1509 2210 in

422 2241 648 2290 mappa,
697 2243 835 2292 quae
872 2228 1098 2278 Soldani
1145 2230 1506 2279 Commentat.

420 2296 576 2345 Rerr.
632 2296 841 2347 MilesS.
909 2303 993 2347 est
1058 2298 1276 2348 addita:
1348 2314 1508 2362 quem

423 2364 599 2428 ipsum
644 2365 772 2415 vide
827 2367 1137 2416 accuratius
1186 2368 1251 2416 de
1298 2368 1401 2416 hac
1449 2383 1507 2417 re

423 2432 793 2498 disputantem
816 2451 871 2500 p.
904 2435 971 2486 38
1005 2451 1157 2501 seqq.
1199 2438 1281 2485 De
1317 2438 1509 2487 Priene

425 2502 496 2552 cf.
535 2503 739 2554 Herod.
778 2504 825 2567 1,
869 2505 951 2555 15.
994 2505 1114 2557 161.
1150 2506 1248 2565 VI,
1286 2507 1348 2566 83
1387 2506 1507 2555 reli-

423 2588 560 2638 quos
587 2578 831 2623 veterum
866 2573 1015 2625 locos
1046 2574 1201 2625 dabit
1222 2575 1506 2641 Forbiger.

420 2642 459 2692 l.
499 2640 534 2693 1.
572 2660 627 2708 p.
664 2645 765 2694 212
792 2660 908 2708 seq.
948 2643 1071 2694 coll.
1101 2644 1304 2695 Soldan
1341 2661 1394 2709 p.
1424 2645 1506 2696 19.

421 2712 658 2763 Lehnert
693 2713 730 2763 1.
770 2713 806 2765 l.
848 2714 1283 2778 Septentrionem
1316 2729 1507 2764 versus

421 2796 455 2830 a
493 2782 683 2832 Mileto
731 2783 830 2834 sub
878 2784 997 2848 ipso
1034 2783 1276 2848 Mycales
1323 2790 1508 2833 monte

423 2850 531 2899 sita
568 2851 745 2901 adhuc
781 2854 967 2902 ruinas
991 2853 1255 2916 quasdam
1283 2853 1509 2916 praebet

422 2916 519 2968 illa
562 2920 691 2968 urbs
739 2936 908 2986 prope
954 2921 1163 2983 locum,
1227 2923 1312 2971 cui
1362 2937 1506 2971 nunc

421 3003 617 3037 nomen
639 2987 848 3039 Samson
866 2990 1068 3040 Kalasi.
1107 2990 1247 3040 Add.
1264 2990 1505 3040 Boeckh.

425 3056 587 3121 Corp.
638 3057 918 3123 Inscriptt.
977 3060 1069 3110 Gr.
1131 3060 1178 3109 1.
1237 3075 1320 3111 nr.
1368 3061 1505 3110 2004

424 3127 845 3272 εθῖᾎιῗεθῗὸἔίέῗ
873 3125 1504 3262 ὶῇιᾎξιοῖιᾷρῼἳΈφεσος,

423 3260 712 3326 Κολοφων
755 3278 806 3314 κ.
860 3279 908 3313 τ.
956 3262 1029 3330 L]
1078 3267 1161 3316 De
1196 3267 1507 3317 Ionicarum

424 3332 708 3382 civitatum
742 3333 958 3384 foedere
991 3336 1064 3385 cf.
1106 3352 1246 3402 quae
1289 3338 1508 3403 scripsit

423 3403 488 3452 L.
520 3402 785 3452 Lehnert:
817 3405 903 3454 De
926 3404 1143 3456 foedere
1168 3407 1359 3457 lonico
1380 3407 1505 3456 Dis-

422 3472 764 3536 quisitiones.
805 3474 1044 3524 Berolini
1081 3475 1234 3538 1830,
1272 3482 1327 3526 et
1364 3492 1505 3540 quae

424 3541 535 3591 alia
567 3541 724 3593 affert
749 3542 809 3592 C.
838 3545 902 3594 F.
938 3544 1246 3595 Hermann:
1288 3545 1502 3596 Griech.

423 3610 832 3663 Staatsalterth.
873 3616 925 3676 ὃ.
964 3616 1050 3664 77.
1088 3620 1202 3665 not.
1244 3616 1301 3666 11
1348 3630 1501 3680 seqq.

424 3679 508 3729 ed.
558 3685 737 3745 quart.
816 3681 1074 3745 Ephesus.
1134 3700 1276 3750 quae
1330 3686 1502 3749 primo

420 3747 541 3799 loco
579 3750 669 3801 hic
704 3752 1015 3802 nominatur
1046 3757 1102 3803 et
1136 3769 1278 3818 quae
1311 3769 1505 3819 reapse

419 3816 644 3882 longum
680 3835 774 3884 per
809 3825 1021 3886 tempus
1068 3825 1304 3874 omnium
1342 3823 1507 3874 Grae·

422 3901 608 3935 earum
641 3904 736 3953 per
771 3890 959 3940 Asiam
993 3891 1204 3941 urbium
1247 3892 1354 3942 fuit
1387 3892 1507 3942 illu-

422 3956 717 4018 strissima,
763 3958 989 4008 multum
1027 3965 1154 4010 ante
1187 3961 1378 4012 Ionum
1414 3961 1506 4012 ad-

420 4029 643 4073 ventum
666 4026 773 4074 iam
806 4028 1081 4077 exstitisse
1107 4029 1301 4091 fertum
1343 4047 1505 4096 quam

422 4093 481 4142 in
525 4107 639 4142 rem
687 4094 862 4145 multa
911 4096 1156 4161 disputat
1190 4099 1363 4149 Raoul
1402 4103 1506 4152 Ro-

423 4162 604 4212 chette
637 4161 674 4212 l.
715 4161 752 4213 1.
787 4164 897 4214 111.
932 4180 989 4228 p.
1027 4164 1093 4215 87
1130 4175 1280 4232 seqq.
1354 4169 1507 4230 Quae

423 4232 471 4280 si
514 4247 644 4282 vera
693 4237 855 4294 sunt,
911 4233 1133 4284 evidens
1185 4241 1268 4285 est
1300 4237 1507 4289 Andro-

422 4299 593 4364 clum,
627 4300 791 4351 Codri
824 4301 1021 4364 filium,
1060 4304 1153 4368 qui
1191 4305 1385 4355 Ionum
1416 4323 1505 4357 co—

418 4369 622 4422 loniam
670 4371 942 4437 Ephesum
1000 4373 1221 4425 duxisse
1281 4374 1501 4441 dicitur,

1611 907 1667 957 id
1703 908 1884 971 potins
1920 908 2146 970 fecisse,
2188 912 2251 957 ut
2287 907 2558 973 indigenis
2595 908 2700 957 eie-

1612 977 1715 1026 ctis
1763 993 1948 1028 eorum
1995 978 2151 1028 sedes
2200 976 2406 1028 colonis
2453 977 2567 1027 suis
2614 992 2700 1026 as-

1610 1047 1873 1112 signaret.
1947 1047 2197 1110 Ephesum
2232 1048 2434 1098 Noster
2470 1062 2700 1096 comme-

1611 1121 1789 1166 morat
1829 1119 1885 1180 Ι,
1921 1117 2006 1168 26.
2051 1117 2169 1167 147.
2216 1117 2306 1179 11,
2348 1116 2431 1167 10.
2472 1116 2590 1166 158.
2630 1117 2696 1178 V,

1612 1188 1707 1245 54;
1753 1186 2011 1252 templum
2035 1187 2254 1236 Dianae
2282 1186 2581 1250 Ephesium
2620 1185 2696 1248 11,

1614 1255 1732 1318 148,
1771 1257 1866 1306 ubi
1903 1256 2018 1307 vid.
2054 1261 2196 1306 nott.
2267 1255 2418 1306 Alios
2455 1260 2698 1306 veterum

1608 1324 1760 1375 locos
1818 1326 2085 1376 indicavit
2135 1326 2401 1391 Forbiger
2455 1325 2495 1376 l.
2553 1325 2590 1377 1.
2640 1340 2696 1389 p.

1613 1394 1745 1457 188,
1785 1396 2169 1461 inscriptiones
2198 1411 2425 1461 graecas
2454 1394 2694 1446 Boeckh.

1611 1463 1770 1527 Corp.
1817 1465 1991 1515 Inscr.
2044 1466 2135 1516 Gr.
2185 1480 2269 1517 nr.
2305 1463 2694 1516 2968—2992.

1611 1532 1777 1583 Plura
1810 1536 1905 1599 qui
1941 1535 2157 1598 cupiat,
2202 1535 2316 1587 vid.
2354 1533 2504 1585 walt
2540 1533 2693 1599 Copl.

1609 1603 1809 1667 Perry,
1861 1604 1955 1668 qui
2003 1603 2070 1654 de
2102 1604 2264 1654 rebus
2312 1604 2516 1668 Ephes.
2567 1603 2697 1653 scri-

1610 1673 1722 1736 psit
1752 1673 1998 1739 Gotting.
2055 1673 2206 1724 1837.
2246 1690 2300 1739 p.
2339 1674 2404 1724 10
2440 1689 2591 1738 seqq.
2641 1678 2698 1723 et

1610 1742 1952 1806 potissimum
2007 1744 2226 1793 Ernest.
2285 1743 2454 1793 Guhl:
2519 1743 2697 1808 Ephe-

1611 1811 1778 1862 siacc.
1828 1811 2088 1876 (Berolin.
2133 1811 2290 1878 1843)
2344 1816 2396 1875 §-
2433 1816 2485 1863 4.
2536 1828 2589 1876 p.
2633 1812 2698 1863 10

1610 1896 1764 1946 seqq.
1842 1881 2079 1931 Lehnert
2127 1881 2164 1933 l.
2213 1880 2250 1930 l.
2304 1885 2358 1944 §.
2404 1881 2456 1932 6.
2538 1882 2697 1932 Nunc

1610 1965 1815 2014 paucas
1861 1955 2078 2001 tantum
2111 1951 2262 2001 urbis
2299 1950 2427 2008 olim
2461 1950 2698 2016 splendi-

1611 2019 1868 2070 dissimae
1904 2035 2191 2086 superesse
2215 2020 2402 2071 ruinas
2427 2035 2592 2084 prope
2615 2019 2696 2069 lo-

1610 2104 1761 2152 cum,
1811 2091 1905 2155 qui
1938 2106 2083 2142 nunc
2118 2095 2348 2141 vocatur
2372 2089 2694 2152 Aja-Saluk,

1610 2163 1885 2209 testantur
1919 2162 2280 2224 recentiores,
2328 2175 2363 2209 a
2395 2159 2694 2224 Forbigero

1609 2228 1646 2278 l.
1686 2228 1725 2277 l.
1765 2228 2004 2292 laudati,
2053 2230 2248 2294 quibus
2292 2228 2418 2281 add.
2456 2230 2696 2292 Burgess

1613 2298 1815 2348 Greece
1859 2297 1967 2347 and
2002 2300 2216 2349 Levant
2254 2299 2330 2349 11.
2379 2313 2435 2362 p.
2472 2300 2538 2348 47
2578 2313 2692 2362 seq.

1612 2366 1734 2416 coll.
1762 2366 2020 2417 Michaud
2052 2368 2413 2433 Correspond.
2445 2366 2696 2417 d'Orient

1611 2435 1656 2484 1.
1707 2452 1759 2500 p.
1802 2436 1919 2486 287.
2001 2438 2301 2488 Ruinamm
2345 2441 2694 2501 conspectum

1611 2504 1829 2555 exhibet
1874 2506 2087 2558 Finden
2136 2506 2444 2571 Landscap.
2484 2506 2693 2557 Illustr.

1613 2573 1676 2623 of
1718 2574 1810 2623 the
1856 2574 1999 2625 Bibl.
2043 2577 2195 2626 Part.
2242 2577 2313 2627 X.
2382 2576 2497 2628 Nec
2536 2574 2697 2626 aliter

1612 2644 1725 2693 sere
1762 2648 1927 2708 atque
1962 2644 2028 2694 de
2062 2644 2278 2709 Epheso
2316 2644 2383 2695 de
2418 2646 2696 2708 Colophone

1610 2713 1807 2762 statuit
1844 2712 1902 2776 (1.
1943 2712 1979 2764 1.
2003 2730 2058 2778 p.
2083 2713 2172 2779 90)
2213 2714 2388 2765 Raoul
2407 2715 2694 2777 Rochette‚

1610 2796 1996 2902 ἓέἲῑὲῗίιῶἓὲε
2027 2783 2220 2903 1ῑῖῗὲἒὲ
2252 2783 2697 2918 ,ἓέἒίἓέιὲξῗξῑ

1608 2920 1851 2971 bitantes
1888 2922 2165 2973 eiecerint.
2230 2922 2304 2972 Et
2341 2921 2421 2972 illi
2467 2923 2574 2988 ipsi
2611 2924 2698 2973 Io-

1608 3005 1705 3039 nes
1728 2989 1918 3041 Mileto
1950 2993 2157 3057 egressi
2181 2991 2432 3042 videntur
2462 2991 2696 3057 indeque

1611 3058 1892 3124 Colophon
1956 3077 2054 3125 pro
2099 3060 2280 3111 Mileti
2337 3061 2551 3111 colonia
2602 3061 2698 3110 ha-

1609 3127 1808 3179 benda.
1871 3130 1957 3179 De
1985 3130 2301 3195 Colophone
2325 3132 2527 3182 Noster
2559 3130 2697 3180 dixit

1611 3198 1657 3260 1,
1682 3199 1766 3249 14.
1799 3199 1916 3249 147.
1951 3199 2068 3250 150.
2099 3199 2223 3250 coll.
2257 3200 2498 3251 Boeckh.
2531 3199 2692 3265 Corp-

1607 3267 1778 3318 Inscr.
1830 3268 1924 3319 Gr.
1964 3283 2048 3321 nr.
2097 3269 2255 3321 3031.
2328 3270 2560 3335 Reliqua
2604 3271 2696 3321 da-

1606 3336 1744 3386 bunt
1780 3338 2044 3401 Forbiger
2093 3338 2129 3388 1.
2168 3338 2205 3389 1.
2255 3354 2308 3402 p.
2351 3339 2450 3390 187
2488 3355 2603 3404 seq.
2640 3342 2695 3388 et

1607 3408 1898 3470 praecipue
1934 3408 2117 3459 Pertz.
2157 3406 2495 3472 Colophona.
2543 3406 2695 3472 (Got-

1607 3476 1746 3541 ting.
1774 3475 1929 3538 1848)
1956 3493 2075 3541 cap.
2101 3477 2160 3527 II
2188 3492 2338 3543 seqq.
2368 3493 2422 3542 p.
2449 3480 2515 3529 25
2541 3493 2691 3542 seqq.

1608 3547 1674 3594 42
1700 3561 1853 3610 seqq.
1905 3546 2207 3597 Admodum
2235 3561 2412 3612 pauca
2436 3547 2586 3597 urbis
2609 3563 2695 3597 ru-

1608 3613 1739 3664 dera
1786 3630 2071 3678 superesse
2131 3632 2299 3682 prope
2340 3617 2547 3679 vicum,
2607 3616 2694 3667 cui

1607 3700 1802 3733 nomen
1828 3685 1955 3734 Zille
1981 3701 2029 3736 s.
2049 3686 2221 3750 Omne,
2256 3686 2496 3737 ostendit
2518 3687 2693 3736 Arun-

1608 3752 1743 3803 dell:
1797 3753 1942 3804 Visit
1984 3758 2041 3805 to
2083 3755 2177 3806 the
2214 3772 2380 3806 seven
2432 3755 2691 3805 churches

1607 3824 1716 3874 etc.
1762 3838 1817 3886 p.
1854 3820 1977 3874 304.
2052 3825 2305 3875 Lebedum
2351 3825 2477 3875 olim
2524 3825 2690 3876 Cares

1605 3891 1850 3942 tenuisse
1882 3891 2163 3958 videntur,
2213 3910 2347 3960 quos
2394 3893 2534 3944 alius
2576 3894 2693 3959 qui-

1607 3961 1733 4011 dam
1770 3961 1933 4012 Codri
1970 3962 2116 4014 filius
2152 3964 2278 4014 hinc
2313 3964 2472 4014 eiecit
2506 3963 2692 4014 Iones-

1607 4046 1709 4096 que
1758 4047 1885 4081 suos
1938 4033 2163 4084 colonos
2224 4049 2411 4085 eorum
2466 4034 2524 4083 in
2571 4032 2691 4083 loco

1610 4099 1918 4151 collocavit.
2006 4103 2218 4169 Viginti
2281 4104 2465 4154 stadia
2522 4102 2694 4154 distat

1607 4173 1724 4220 tum
1759 4187 1793 4221 a
1827 4172 2082 4221 Teiorum
2115 4173 2277 4236 urbe,
2318 4178 2436 4223 tum
2469 4189 2503 4224 a
2538 4171 2692 4222 Colo-

1605 4240 1804 4305 phone.
1869 4241 1994 4291 vid.
2037 4242 2306 4308 Forbiger
2350 4242 2385 4294 l.
2426 4242 2463 4292 l.
2541 4241 2689 4303 Teos,

1605 4326 1747 4374 quae
1771 4312 1919 4375 prius
1950 4311 2019 4360 ab
2045 4311 2304 4362 Aeolibus
2328 4310 2552 4362 condita
2576 4326 2696 4377 per-

1603 4379 1847 4444 hibetur,
1893 4385 2020 4446 post
2068 4381 2281 4431 demum
2319 4381 2517 4432 Ionum
2551 4394 2694 4431 rece-
